4080 6414
243 375 305 439 81
1333 398 1750 463 PREFATIO
1806 398 2270 461 GENERALIS.
2303 433 2378 445 -
2416 398 2620 459 PARS
2666 394 2742 459 11.
3675 398 3754 462 82

244 517 600 585 frueretur.
686 527 808 589 Ita
908 532 1085 611 quod
1164 534 1498 596 schismate
1573 537 2009 597 laborantibus
2110 536 2448 595 Corinthiis
2508 535 2600 595 vir
2656 535 3039 613 apostolicus
3115 534 3400 594 Clemens
3483 535 3752 613 epistola

246 617 432 694 Priori
493 625 871 689 suadebat
934 631 1043 711 (a),
1102 636 1166 693 ut
1200 635 1327 695 «Si
1385 635 1525 713 quis
1583 644 1743 696 esset
1800 654 2163 713 generosus,
2199 634 2249 693 si
2307 635 2446 712 quis
2506 633 2882 706 misericors,
2921 634 2971 692 si
3042 633 3179 711 quis
3240 633 3566 692 charitatis
3616 635 3747 711 ple-

249 733 383 792 nus,
418 719 744 785 diceret:
790 728 871 788 Si
930 736 1187 809 propter
1242 751 1342 792 me
1402 734 1621 794 seditio
1661 741 1722 794 et
1782 734 2097 794 discordia
2156 738 2217 793 et
2272 732 2639 803 schismata,
2700 732 3057 791 discedo....
3120 731 3321 792 solum
3356 730 3518 791 ovile
3569 731 3748 792 Chri—
3804 790 3807 793 ,

257 819 326 879 sti
353 819 421 880 in
456 840 640 901 pace
708 828 947 907 degat,
984 854 1014 885 »
1077 836 1245 901 etc.;
1307 834 1387 893 ad
1446 836 1614 913 quod
1660 840 1954 913 paratum
2014 854 2077 894 se
2110 853 2242 894 esse
2297 840 2443 912 post
2500 833 2860 911 exemplum
2919 832 3225 910 Tbeologi
3264 832 3747 910 Chrysostomus

268 918 713 996 proﬁtebatur
782 925 925 1006 (b):
1011 929 1071 988 id
1132 932 1468 1009 Gregorius
1527 936 1951 993 Nazianzenus
2007 933 2211 1010 reipsa
2271 932 2583 1009 praestitit,
2648 931 2757 1010 qui
2815 936 2883 990 ut
2938 930 3233 991 seditioni
3290 930 3541 990 obviam
3598 930 3738 1004 iret,

280 1024 623 1096 postquam
692 1025 782 1083 ad
876 1028 1639 1108 Constantinopolitanam
1726 1031 1938 1091 sedem
2025 1033 2320 1090 admotus
2405 1036 2586 1102 esset,
2649 1029 2937 1107 protinus
3011 1028 3305 1089 Ecclesia
3385 1028 3744 1106 repudiavit

284 1117 773 1195 praefecturam,
840 1142 959 1183 nec
988 1124 1175 1184 aliam
1241 1126 1395 1186 «vir
1455 1147 1880 1206 generosus,»
1918 1133 1988 1187 ut
2042 1128 2247 1187 verbis
2304 1128 2369 1187 S.
2431 1127 2765 1186 Clementis
2822 1133 2989 1198 utar,
3059 1148 3086 1182 (t
3119 1126 3215 1185 vir
3272 1126 3625 1185 misericors
3678 1131 3741 1186 et

289 1212 515 1293 plenus
571 1219 947 1296 charitatis,
1001 1247 1031 1277 ››
1094 1224 1221 1285 vita
1278 1225 1488 1285 divina
1544 1227 1829 1304 insignis,
1894 1226 2267 1286 Christiame
2325 1225 2385 1283 in
2419 1225 2700 1285 Ecclesia
2731 1225 2901 1303 pacis
2960 1230 3201 1301 martyr
3257 1230 3319 1283 et
3377 1223 3587 1283 hostia
3629 1224 3731 1302 (ε),

298 1319 628 1380 discedens
708 1318 797 1378 ab
861 1320 1240 1398 imperatore
1313 1325 1605 1402 poposcit
1658 1326 1948 1401 gratiam,
2037 1325 2155 1383 nisi
2212 1330 2281 1382 ut
2365 1324 2443 1382 ad
2504 1324 2907 1382 concordiam
2979 1322 3320 1381 adduceret
3376 1321 3727 1398 episcopos,

302 1414 698 1469 contestatus
762 1426 831 1467 se
888 1410 1108 1469 mundi
1180 1413 1406 1489 gratia,
1467 1432 1608 1491 quae
1666 1416 2023 1492 patiebatur
2106 1413 2238 1492 pati
2295 1413 2498 1479 facile,
2560 1417 2621 1471 et
2678 1412 2753 1471 ad
2811 1411 3270 1470 conciliandam
3332 1409 3570 1467 mundo
3628 1428 3735 1486 pa-

311 1524 433 1565 cem
485 1505 649 1565 urbe
710 1504 1069 1584 thronoque
1127 1510 1426 1569 excedere
1483 1510 1771 1585 libenter,
1829 1512 1972 1588 paci
2028 1510 2299 1587 denique
2358 1509 2570 1568 omnia
2600 1508 2827 1567 litare:
2873 1507 3092 1579 «Quin
3152 1506 3341 1565 etiam
3399 1506 3540 1573 scis,
3576 1526 3603 1563 υ
3642 1505 3730 1564 in-

308 1606 434 1684 quit
489 1604 604 1684 (d),
673 1604 913 1683 alloqui
972 1624 1235 1685 pergens
1264 1609 1708 1688 imperatorem
1768 1610 2213 1681 Theodosium,
2254 1632 2281 1663 «
2316 1627 2506 1688 quam
2566 1608 2981 1667 reluctantem
3015 1606 3074 1665 in
3134 1605 3363 1665 throno
3396 1623 3495 1664 me
3538 1604 3730 1665 collo-

297 1704 471 1765 casti.
512 1728 543 1759 ι
3731 1690 3754 1711 .

379 1805 727 1880 Nunquam
813 1802 1251 1885 sasimensem,
1333 1826 1652 1885 nunquam
1741 1807 2198 1869 Nazianzenum
2285 1806 2650 1885 episcopum
2737 1822 2802 1864 se
2860 1803 3020 1863 dixit
3101 1802 3300 1863 dicive
3354 1820 3574 1881 passus
3632 1807 3724 1863 est

298 1900 668 1978 Gregorius,
730 1900 835 1960 sed
891 1914 1135 1980 semper
1188 1903 1250 1962 in
1308 1905 1693 1966 carminibus
1750 1912 1812 1966 et
1859 1905 2139 1983 epistolis
2197 1904 2600 1965 vehementer
2656 1902 3008 1962 reclamat:
3070 1899 3716 1979 Constantinopolita-

292 2018 441 2059 nam
501 2016 657 2058 vero
714 1999 919 2058 sedem
978 2018 1041 2059 se
1098 2003 1408 2080 accepisse
1441 2005 1692 2074 fatetur,
1755 2004 1817 2063 in
1883 2024 1956 2063 ea
2014 2025 2079 2062 se
2136 2003 2515 2063 collocatum
2573 2001 2762 2061 fuisse
2812 2005 3096 2070 testatur,
3130 2016 3326 2075 seque
3356 1999 3487 2076 ipse
3520 2000 3717 2059 nomi-

288 2104 400 2157 nat
456 2097 634 2156 illius
695 2097 862 2156 urbis
914 2098 1299 2177 episcopum.
1361 2105 1539 2162 Certe
1598 2121 1709 2162 nec
1766 2103 1970 2178 major
2028 2121 2141 2162 nec
2172 2101 2450 2179 apertior
2483 2101 2610 2159 ulla
2668 2106 2873 2177 potest
2927 2116 3060 2157 esse
3118 2098 3460 2157 auctoritas
3518 2118 3710 2176 quam

286 2195 459 2255 istud
519 2194 865 2254 authentici
924 2199 1282 2257 testamenti
1355 2199 1733 2278 principium
1796 2208 1856 2260 et
1908 2199 2069 2259 ﬁnis.
2162 2204 2249 2259 Ac
2310 2198 2685 2277 principium
2747 2195 3041 2273 quidem:
3111 2196 3527 2272 «Gregorius,
3615 2199 3713 2257 in—

288 2293 454 2371 quit,
516 2292 848 2370 episcopus
903 2294 1229 2355 catholica
1312 2299 1889 2376 Constantinopolis
1963 2298 2275 2367 Ecclesiae,
2341 2298 2554 2355 vivens
2626 2312 2698 2354 ac
2756 2294 3104 2373 prudens...
3166 2317 3196 2349 »
3262 2295 3328 2352 In
3388 2294 3512 2353 ﬁne
3567 2314 3715 2355 vero

290 2391 675 2468 subscriptio
733 2390 867 2450 hac
924 2398 1073 2451 est:
1135 2396 1470 2472 Gregorius
1526 2397 1856 2475 episcopus
1913 2396 2245 2457 catholicae
2304 2394 2883 2469 Constantinopolis
2964 2393 3258 2453 Ecclesiae
3344 2394 3536 2470 relegi
3621 2400 3715 2454 te-

299 2492 708 2560 stamentum,
769 2495 832 2548 et
912 2490 1125 2550 omnia
1207 2492 1567 2571 approbans
1650 2493 1992 2572 subscripsi
2076 2511 2265 2552 manu
2352 2509 2513 2564 mea,
2575 2496 2638 2550 et
2705 2491 2828 2549 vim
2890 2489 3174 2549 obtinere
3257 2490 3401 2550 volo
3477 2496 3539 2552 et
3612 2491 3717 2570 ju-

304 2587 451 2646 beo.
483 2608 512 2639 υ

384 2691 665 2769 Denique
734 2690 897 2749 inter
970 2686 1297 2767 episcopos
1370 2689 2100 2769 Constantinopolitanos
2158 2689 2221 2747 in
2280 2687 2720 2768 episcoporum
2800 2685 2987 2765 hujus
3043 2685 3216 2745 urbis
3269 2686 3426 2746 serie
3480 2685 3567 2746 sic
3625 2705 3718 2747 re-

288 2795 641 2851 censetur:
710 2812 737 2843 α
796 2785 1127 2865 Gregorius
1183 2788 1562 2866 Theologus,
1625 2790 2011 2850 Sasimorum
2072 2788 2342 2867 primum
2402 2787 2734 2865 episcopus
2792 2784 3219 2864 (designatus),
3284 2785 3718 2848 Constantino-

286 2888 615 2968 politanus
687 2885 803 2946 sub
859 2884 1211 2945 Theodosio
1265 2887 1496 2965 Magno
1554 2888 1949 2947 renuntiatus
2005 2894 2120 2957 est,
2185 2887 2365 2965 eique
2424 2886 2560 2945 haec
2618 2884 2813 2957 sedes,
2861 2882 3053 2943 veluti
3111 2884 3219 2962 qui
3280 2882 3478 2944 multa
3533 2884 3714 2945 labo—

288 2994 512 3059 rasset,
581 3004 653 3045 ac
712 2984 1053 3045 Ecclesiam
1104 2987 1182 3043 ab
1238 2985 1468 3062 injuria
1529 2987 1903 3046 vindicasset
1957 2986 2022 3045 in
2081 2986 2461 3057 libertatem,
2497 2983 2925 3061 estasynodo
2958 2982 3432 3043 conﬁrmatazn
3500 2989 3714 3044 Ἐπικυ-

286 3082 553 3158 ρωθὲντος
582 3080 726 3151 αὐτῷ
749 3085 844 3134 τοῦ
877 3080 1069 3155 Θρόνου
1096 3081 1239 3155 παρὰ
1264 3088 1365 3149 τῆς
1398 3080 1640 3138 συνόδου.

364 3175 628 3235 Nullum
680 3175 813 3251 jam
864 3174 1028 3232 circa
1081 3174 1480 3251 episcopatus
1530 3173 1811 3251 Gregorii
1868 3174 2126 3234 dubium
2186 3173 2433 3232 videtur
2515 3190 2862 3249 superesse,
2924 3189 3040 3231 nec
3098 3170 3463 3231 evellendus
3520 3176 3716 3233 restat

280 3272 651 3350 scrupulus.
686 3270 1007 3349 Siquidem
1056 3290 1130 3330 ex
1189 3271 1371 3332 dictis
1455 3279 1743 3333 constare
1798 3273 1985 3332 debet
2042 3291 2209 3342 eum,
2272 3289 2383 3331 nec
2442 3271 2855 3341 Sasimorum,
2893 3287 3007 3329 nec
3066 3270 3375 3343 Nazianzi,
3438 3270 3548 3330 sed
3609 3288 3710 3330 so-

276 3368 405 3427 lius
464 3365 1041 3443 Constantinopolis
1098 3366 1387 3426 Ecclesiae
1441 3368 1803 3445 episcopum
1872 3367 2342 3427 renuntiatiune
2426 3365 2680 3443 publica
2753 3372 2814 3423 et
2889 3365 3216 3436 canonica,
3269 3365 3713 3425 communibus

276 3466 478 3524 totius
536 3464 687 3523 cleri
742 3482 815 3523 ac
872 3463 1090 3541 populi
1146 3463 1306 3523 votis
1336 3470 1397 3524 et
1452 3465 1787 3542 suffragiis,
1850 3483 2091 3525 necnon
2156 3464 2418 3543 plenarii
2486 3463 2729 3522 concilii
2791 3463 3046 3522 Patrum
3105 3463 3385 3521 omnium
3444 3480 3709 3523 consen-

272 3582 371 3633 su,
438 3561 639 3620 fuisse
724 3561 1179 3621 renuntiatum.
1240 3563 1372 3620 Non
1460 3562 1629 3620 aliud
1688 3561 1881 3638 igitur
1960 3562 2107 3621 huic
2197 3567 2425 3620 nostrae
2511 3560 2788 3637 Gregorii
2876 3577 3136 3637 operum
3227 3560 3486 3620 editioni
3560 3561 3709 3621 titu-

271 3661 407 3721 lum
473 3659 803 3739 praeﬁgere
862 3658 1111 3731 licebat,
1150 3678 1338 3737 quam
1415 3659 1523 3738 qui
1584 3660 1878 3739 praeﬁxos
1953 3666 2110 3721 est:
2181 3682 2209 3717 α
2286 3659 2500 3719 Sancti
2582 3659 2787 3717 Patris
2863 3658 3061 3717 nostri
3140 3658 3421 3735 Gregorii
3498 3658 3706 3719 Theo-

271 3759 463 3837 logi,
552 3757 1011 3837 archiepiscopi
1094 3759 1773 3837 Constantinopolitani
1828 3806 1841 3831 ,
1928 3778 2172 3838 opera.
2266 3783 2292 3813 n
2380 3758 2558 3816 Hunc
2645 3755 2763 3815 sibi
2866 3756 2929 3814 in
3019 3756 3462 3833 manuscriptis
3547 3776 3707 3835 pene

276 3856 579 3918 omnibus
663 3856 994 3919 Orationes
1075 3875 1340 3933 omnes,
1428 3857 1596 3917 hunc
1681 3858 1797 3917 sibi
1881 3858 2176 3918 Carmina
2219 3904 2232 3929 ,
2322 3855 2489 3915 hunc
2574 3853 2692 3914 sibi
2795 3852 3093 3933 Epistolas
3197 3854 3448 3914 titulum
3537 3873 3703 3932 prae-

272 3956 582 4016 scribunt.

276 4246 313 4319 §
360 4245 428 4304 V.
496 4262 573 4305 ns
632 4260 1062 4315 AMPHILOCHIO,
1130 4261 1252 4305 cum
1313 4261 1533 4312 ruas,
1581 4260 1705 4304 TUM
1748 4258 1929 4315 FILIO,
1994 4259 2276 4304 EPISCOPO
2339 4256 2672 4311 ICONIENSI,
2720 4256 2997 4309 TOTAQUE
3060 4254 3345 4301 GREGORII
3404 4257 3704 4302 HATERNA

909 4340 1315 4401 COGNATIONE,
1360 4340 1441 4385 AD
1484 4341 1654 4395 QUAM
1700 4341 2032 4385 PERTINERE
2076 4340 2521 4384 AMPBILOCHIUS
2567 4337 3072 4383 DFMONSTRATUR.

270 4555 743 4636 Ampilecbinm
803 4556 1031 4628 illum,
1094 4556 1274 4636 cujus
1326 4576 1485 4617 uxor
1539 4558 1713 4616 Livia
1782 4556 1948 4629 fuit,
2009 4556 2089 4614 ab
2158 4554 2465 4616 Iconiensi
2538 4555 2724 4632 hujus
2808 4553 3079 4613 nominis
3155 4554 3424 4632 pressule
3498 4552 3700 4613 diver-

268 4673 412 4714 sum
475 4653 705 4714 statuit
763 4654 1018 4732 quidem
1077 4655 1173 4714 vir
1226 4655 1610 4715 clarissimus
1667 4654 2040 4714 Muratorius
2087 4653 2150 4713 in
2208 4653 2374 4713 notis
2429 4653 2507 4712 ad
2565 4651 2962 4730 epitaphium
3017 4668 3190 4725 XXXI,
3255 4669 3398 4729 pag.
3460 4653 3558 4709 31.
3620 4652 3701 4709 At

274 4752 441 4812 nihil
472 4751 579 4812 ille
637 4758 962 4831 praterea,
1027 4770 1141 4813 nec
1197 4754 1253 4813 ei
1309 4754 1387 4814 de
1442 4753 1768 4831 utriusque
1821 4751 2249 4831 Amphilochii
2305 4770 2444 4809 cum
2510 4750 2810 4827 Gregorio
2868 4757 3083 4809 nostro
3149 4748 3699 4826 consanguinitate

268 4855 387 4908 aut
442 4849 724 4908 suboluit
780 4850 1153 4929 quidquam,
1213 4857 1324 4910 aut
1382 4856 1549 4911 certe
1607 4850 1758 4928 quid
1816 4850 2071 4910 sentiret
2111 4850 2205 4907 vir
2265 4848 2487 4908 doctus
2562 4865 2685 4906 non
2748 4847 3014 4925 aperuit.
3071 4847 3301 4904 Verum
3362 4845 3694 4924 Amphilo-

266 4946 489 5005 chium
550 4946 769 5019 ﬁlium,
804 4948 881 5008 de
940 4968 1063 5027 quo
1121 4949 1184 5007 in
1242 4948 1829 5028 epigrammatibus,
1881 4947 2265 5008 lconiensem
2326 4964 2461 5005 esse
2538 4946 2903 5024 episcopum
2980 4942 3457 5003 celeberrimum
3516 4944 3695 5006 illum

265 5061 345 5103 ac
376 5043 573 5121 vulgo
607 5062 678 5103 eo
728 5045 975 5105 nemine
1034 5046 1379 5123 cognitum,
1440 5046 1690 5106 tametsi
1746 5064 1869 5106 non
1927 5045 2017 5104 ita
2087 5046 2352 5104 fortasse
2410 5048 2653 5103 constet
2702 5062 2717 5116 ;
2781 5048 3028 5102 constat
3086 5046 3291 5100 tamen
3354 5041 3697 5104 certissime

269 5141 777 5220 Amphilochios,
868 5142 947 5201 de
1029 5144 1256 5221 quibus
1338 5144 1442 5203 hic
1537 5144 1766 5221 agitur,
1862 5143 2160 5220 Gregorio
2249 5142 2558 5219 sanguine
2642 5138 3194 5217 conjunctissimos
3280 5140 3537 5212 fuisse;
3626 5160 3700 5202 ac

264 5246 521 5316 patrem
580 5240 830 5317 quidem
896 5242 1274 5302 avunculum
1334 5242 1664 5319 Gregorii,
1726 5241 1927 5301 ﬁlium
1986 5260 2134 5300 vero
2192 5239 2704 5317 Amphilochium
2764 5257 2839 5297 ex
2916 5236 3230 5297 avunculo
3275 5237 3531 5299 fratrem
3592 5244 3702 5300 aut

264 5336 631 5396 amitinum.
665 5338 841 5410 Quod
874 5345 1260 5418 postremum
1297 5339 1403 5400 ubi
1434 5339 1931 5417 probaverimus,
1965 5345 2236 5418 partem,
2270 5338 2530 5397 alteram
2565 5337 2971 5415 attingemus.

352 5434 533 5495 Mitto
606 5436 1172 5517 Amphilochium,
1233 5436 1665 5517 Amphilochii
1713 5438 2171 5518 Euphemiique
2232 5440 2555 5516 parentem
2597 5482 2611 5508 ,
2673 5440 2735 5495 et
2793 5434 2979 5495 Liviae
3037 5431 3414 5513 conjugem,
3477 5441 3696 5496 natum

340 5678 419 5822 Ea;
454 5678 555 5749 Ep.
592 5680 696 5735 18.
730 5681 945 5746 Clem.,
980 5697 1032 5752 p.
1069 5682 1189 5751 176,
1224 5684 1314 5740 ed.
1346 5682 1526 5741 Cotel.

368 5750 397 5804 b
447 5750 613 5811 Hom.
637 5769 716 5821 ιι,
748 5756 819 5811 ad
853 5751 1007 5822 Eph.

1224 5684 1314 5740 ed.
1346 5682 1526 5741 Cotel.
2109 5683 2160 5754 (ο
2211 5682 2375 5737 Vers.
2412 5680 2541 5735 1891
2577 5684 2636 5737 et
2668 5680 2823 5737 1898.

2116 5684 2193 5822 ((2)
2232 5754 2396 5810 Vers.
2433 5754 2589 5809 1899.

368 5750 418 5822 b)
447 5750 613 5811 Hom.
637 5769 716 5821 ιι,
748 5756 819 5811 ad
853 5750 1007 5825 Eph}
1177 5750 1181 5751 ⁷
2116 5750 2193 5827 (d)
2232 5754 2396 5810 Vers.
2433 5754 2589 5809 1899.
