4080 6422
442 396 520 457 83
1444 383 1868 448 PRIEFATIO
1916 380 2382 443 GENERALIS.
2419 412 2495 423 —
2527 377 2730 438 PARS
2775 376 2852 437 II.
3751 381 3817 442 ει

440 528 876 599 Diocasarea,
935 525 1001 585 id
1057 529 1149 585 est
1204 522 1515 584 Nazianzi.
1579 525 1634 583 ls
1684 516 2169 598 Amphilochius
2224 515 2452 576 dicitur
2515 537 2544 571 (ι
2604 513 2683 593 (a)
2748 530 2981 591 magna
3053 511 3338 573 Philtatii
3395 517 3457 573 et
3530 516 3820 593 Gorgonia

439 627 653 706 proles
704 643 718 684 ε
778 650 809 682 ››
850 620 965 676 υἱέα
996 619 1292 675 Φιλτατίου
1325 617 1617 693 Γοργονίας
1650 638 1707 671 τε
1741 616 1927 690 μέγαν,
1968 618 2050 676 Po

2222 613 2509 673 Philtatii
2564 612 2696 672 ﬁlia
2725 612 3086 690 appellatur
3117 614 3342 671 Nonna
3396 611 3499 690 (ὁ),
3549 631 3677 690 qua
3719 615 3823 676 alia

442 741 578 785 esse
653 742 780 783 non
856 727 1113 800 potest,
1174 738 1364 797 quam
1443 724 1642 777 mater
1718 713 2090 791 Theologi:
2153 712 2389 789 quippe
2480 729 2620 789 qua
2695 710 2919 769 Nonna
3006 708 3069 768 in
3158 714 3534 769 testamento
3620 711 3825 789 Grego-

440 822 517 881 rii
559 826 840 893 vocatur,
876 819 1168 897 Alypium
1214 824 1275 877 et
1320 816 1699 893 Gorgoniam
1726 814 2042 891 juniorem
2106 816 2395 888 parentes
2440 808 2683 881 habuit,
2720 826 3127 886 sororemque
3158 808 3555 885 Alypianam.

527 921 660 979 Hoc
712 918 809 977 vel
853 936 981 977 uno
1030 921 1346 976 momento
1404 919 1647 974 constat
1719 914 1980 981 Nonna,
2029 908 2336 985 Theologi
2386 906 2625 977 matris,
2685 905 3200 983 Amphilochium
3260 906 3451 965 fuisse
3504 924 3578 965 ex
3621 906 3829 968 Philta—

444 1019 531 1081 tio
585 1024 647 1079 et
703 1017 1019 1096 Gorgonia
1081 1014 1447 1094 parentibus
1501 1029 1874 1091 germanum
1918 1011 2205 1069 fratrem.
2269 1008 2423 1067 Hinc
2481 1009 2561 1066 ad
2637 1008 2876 1066 Nonna
2936 1006 3130 1066 ﬁliam
3195 1007 3475 1067 manavit
3531 1009 3830 1085 Gorgonia

440 1135 696 1189 nomen,
730 1112 1263 1194 quemadmodum
1315 1112 1393 1173 ab
1427 1112 1566 1171 avia
1622 1109 1835 1171 Basilii
1884 1107 2099 1185 magni
2154 1124 2331 1166 soror
2401 1104 2568 1163 dicta
2615 1109 2707 1163 est
2768 1103 3063 1177 Macrina,
3100 1102 3228 1163 imo
3282 1102 3477 1181 ipsius
3535 1106 3831 1181 Gorgonia

438 1214 715 1293 junioris
746 1213 874 1273 ﬁlia
924 1213 1005 1274 ab
1054 1211 1195 1272 avia
1245 1227 1520 1289 quoque,
1557 1214 1756 1268 matre
1803 1204 2135 1283 Theologi,
2189 1206 2413 1263 Nonna
2464 1208 2725 1261 vocata:
2764 1207 2825 1260 et
2872 1201 2951 1260 ab
2999 1219 3140 1273 avo,
3176 1206 3286 1260 aut
3333 1219 3568 1279 proavo
3626 1201 3833 1261 Philta-

445 1313 557 1387 tio,
593 1311 955 1385 Philtatins,
1017 1309 1092 1391 (ο)
1139 1310 1218 1369 de
1276 1327 1404 1387 qua
1447 1308 1508 1368 in
1572 1306 1851 1386 quodam
1908 1302 2254 1384 epitaphio,
2290 1319 2474 1380 quem
2535 1319 2610 1360 ex
2674 1299 2956 1378 Gregorii
3006 1298 3246 1359 familia
3304 1298 3492 1359 fuisse
3546 1317 3718 1360 nemo
3743 1299 3837 1359 du-

446 1410 761 1471 bitaverit.

525 1509 667 1570 Jam
704 1525 847 1568 vero
879 1512 1189 1585 quantum
1224 1503 1382 1564 lucis
1450 1503 1587 1564 hac
1618 1502 1949 1563 aﬂ‘undant
1997 1499 2261 1578 singulis
2310 1496 2893 1577 epigrammatibus,
2950 1496 3192 1575 totique
3247 1494 3524 1556 historia
3581 1500 3640 1556 et
3690 1494 3837 1573 genti

448 1604 733 1685 Gregorii
763 1604 1050 1665 attendat
1081 1603 1299 1663 lector.
1336 1601 1492 1661 Hinc
1536 1600 1742 1680 primo
1791 1605 2056 1678 apparet
2112 1616 2224 1658 cur
2282 1596 2375 1656 vir
2429 1614 2494 1655 se
2555 1595 2694 1673 ipso
2752 1595 2909 1655 adeo
2970 1593 3494 1655 commendabilis
3546 1592 3839 1672 Amphilo-

442 1704 649 1777 chius,
678 1704 807 1763 suis
838 1701 1206 1762 nobilitetur
1263 1699 1648 1778 parentibus.
1714 1699 2020 1758 Nimirum
2077 1695 2202 1767 isti,
2265 1693 2565 1771 Gregorio
2624 1712 2877 1772 quoque
2938 1692 3039 1754 avi
3082 1698 3284 1766 erant,
3342 1692 3641 1771 illaquec
3681 1689 3839 1751 radix

446 1808 687 1875 sancta,
721 1821 749 1857 ι)
789 1800 957 1860 unde
1012 1806 1150 1859 orta
1208 1801 1432 1858 Nonna
1492 1797 1914 1868 «sanctior,»
1979 1792 2260 1872 Gregorii
2318 1798 2537 1865 mater,
2591 1790 2773 1851 toties
2825 1790 2890 1850 in
2948 1790 3331 1851 carminibus
3390 1796 3581 1868 atque
3635 1787 3842 1849 oratio-

450 1899 639 1960 nibus
669 1898 790 1958 hoc
821 1896 1075 1957 nomine
1106 1914 1145 1956 a
1173 1896 1303 1955 ﬁlio
1334 1895 1800 1956 commendata.

535 1996 773 2058 Deinde
802 1995 1062 2074 planum
1109 2000 1220 2066 est,
1258 1993 1410 2071 quid
1442 1992 1577 2053 hac
1622 1992 1822 2052 verba
1885 1989 2144 2071 epitaph

2234 2006 2383 2050 XXIX
2453 1989 2537 2069 (ά)
2584 1987 2938 2066 signiﬁcent
2972 2004 2986 2047 :
3019 1990 3187 2055 πηοῖς
3216 1985 3385 2040 πάντα
3414 1984 3674 2044 πέπασσο,
3716 1982 3843 2062 Agi-

455 2100 561 2156 tur
591 2094 759 2155 enim
810 2092 887 2153 de
942 2092 1229 2153 doctrina
1277 2097 1339 2152 et
1394 2091 1671 2151 scientia
1729 2089 1932 2159 bonis,
1969 2107 2110 2166 qua
2170 2087 2653 2165 consanguineis
2706 2091 2769 2146 et
2830 2086 3147 2161 afﬁnibus,
3179 2103 3287 2147 eos
3343 2086 3648 2157 docendo,
3682 2099 3844 2161 pars-

456 2198 629 2254 verat
688 2189 1189 2269 Amphilochius.
1250 2189 1430 2251 Unde
1486 2189 1717 2249 iterum
1774 2188 1836 2247 in
1884 2186 2210 2265 epitaphio
2270 2202 2393 2246 xxx
2454 2185 2555 2265 (θ),
2613 2184 2900 2244 doctrina
2957 2184 3122 2245 idem
3181 2185 3314 2263 ipse
3368 2184 3600 2244 dicitur
3634 2180 3848 2241 «auxi-

459 2291 615 2352 lium
649 2296 711 2350 et
741 2289 935 2350 robur
988 2288 1180 2348 fuisse
1237 2287 1547 2366 cognatis,
1578 2287 1720 2365 piis,
1781 2285 2117 2357 nobilibus,
2164 2283 2477 2356 litteratis,
2513 2282 2812 2361 verbique
2870 2283 3073 2355 dator,
3110 2305 3141 2337 »
3204 2282 3266 2342 id
3326 2288 3419 2343 est
3474 2277 3847 2360 eloquentia,

459 2406 571 2452 seu
603 2394 673 2448 ut
700 2387 763 2449 in
795 2386 920 2447 alio
946 2385 1023 2465 (f)
1056 2410 1084 2441 ‹‹
1112 2385 1463 2445 Rhetorica
1499 2408 1529 2439 »
1570 2384 1868 2462 magister
1903 2407 1932 2438 «
1963 2382 2268 2443 eximius:
2306 2405 2335 2437 »
2369 2381 2539 2460 quod
2571 2380 2825 2459 quidem
2856 2382 3070 2441 Graca
3100 2386 3348 2441 sonant.

539 2486 785 2565 Quippe
834 2502 908 2544 ex
967 2482 1289 2562 disciqulis
1338 2480 1768 2561 Amphilochii
1824 2479 2021 2559 patris
2076 2486 2137 2540 et
2194 2479 2619 2551 neccessariis,
2652 2479 2989 2557 Gregorius
3045 2498 3171 2539 non
3232 2497 3393 2539 unus
3450 2479 3655 2540 solum
3710 2478 3845 2545 erat,

456 2581 682 2655 ἑταίρων
716 2585 820 2635 σῶν
855 2578 992 2641 ἑνός·
1040 2599 1258 2641 verum
1319 2598 1396 2641 ex
1454 2579 1826 2658 propinpuis
1881 2579 2067 2638 etiam

2236 2597 2244 2637 ι
2300 2576 2605 2655 sanguine
2681 2576 3235 2655 coujunctissimus
3269 2624 3283 2637 .
3337 2576 3496 2638 Hinc
3550 2576 3705 2637 adeo
3777 2571 3847 2632 sic

454 2681 846 2761 epitaphium
876 2697 995 2741 xxx
1058 2678 1392 2740 clauditm
1430 2676 1765 2755 Gregorius
1824 2675 1959 2736 hac
2014 2676 2256 2755 scripsi,
2295 2675 2644 2736 orationem
2702 2676 3013 2748 oratione,
3072 2694 3262 2753 quam
3321 2693 3359 2735 a
3416 2682 3501 2751 te,
3550 2670 3844 2753 Amphilo—

453 2779 596 2855 che,
655 2778 904 2851 edidici,
958 2783 1242 2837 mutuam
1302 2776 1674 2854 rependens.
1712 2798 1742 2829 »
1803 2774 2117 2835 Didicerat
2173 2792 2362 2853 porro
2421 2773 2774 2851 Gregorius,
2837 2774 3054 2851 utique
3108 2773 3171 2833 in
3233 2772 3463 2852 patria,
3526 2772 3645 2833 sub
3700 2774 3849 2850 patre

451 2878 727 2958 primum
786 2880 849 2936 et
902 2873 1238 2947 avunculo,
1274 2873 1641 2951 priusquam
1699 2871 1781 2931 ad
1838 2878 2105 2944 exteros,
2167 2872 2340 2932 velut
2401 2870 2482 2931 ad
2544 2876 2963 2931 mercaturam
3012 2871 3325 2931 bonarum
3384 2871 3623 2931 artium
3684 2864 3851 2948 proﬁ-

451 2976 810 3037 cisceretur.

528 3078 887 3151 Antequam
918 3088 1066 3130 vero
1098 3069 1344 3148 longius
1376 3069 1877 3149 progrediamur,
1914 3087 2124 3148 opera
2162 3069 2435 3148 pretium
2482 3068 2669 3129 fuerit
2726 3068 3087 3145 observare,
3120 3068 3289 3146 quod
3351 3066 3740 3128 Muratorius
3793 3059 3866 3140 (9)

447 3176 513 3237 in
579 3171 884 3254 epitaphii
941 3171 1194 3231 titulum
1253 3188 1401 3231 xxxr
1450 3170 1851 3249 conjictebat,
1878 3169 2013 3248 jam
2075 3176 2142 3230 ut
2212 3168 2632 3230 certissimum
2694 3187 2827 3229 esse
2893 3168 3282 3236 habendum,
3334 3168 3861 3242 scribendumque,

450 3270 529 3333 sic
560 3262 932 3343 Ἀμφιλόχιον
967 3262 1128 3337 ἄλλο,
1169 3290 1197 3326 (ι
1256 3269 1318 3328 in
1376 3267 1891 3347 Amphilochium
1952 3267 2061 3328 alit

2300 3267 2537 3327 scilicet
2591 3267 3027 3346 epitaphium:
3064 3286 3189 3327 non
3241 3273 3480 3340 autem,
3524 3290 3556 3323 «
3612 3266 3677 3324 in
3740 3264 3864 3322 Am-

449 3368 844 3451 philochium
904 3366 1125 3427 alium.
1199 3390 1229 3421 »
1289 3366 1461 3427 Idem
1520 3366 1685 3426 enim
1739 3371 1833 3425 est
1886 3365 2389 3444 Amphilochius,
2461 3364 2739 3443 Gregorii
2799 3364 3170 3434 avunculus,
3234 3364 3311 3425 de
3368 3384 3498 3443 quo
3555 3364 3621 3424 in
3678 3360 3858 3439 epita-

448 3468 618 3548 phiis
673 3468 773 3537 29,
806 3466 907 3536 30,
939 3468 1037 3537 31,
1074 3465 1171 3535 32,
1222 3467 1323 3538 33,
1377 3467 1479 3535 34,
1513 3465 1612 3536 35,
1685 3472 1828 3536 etc.,
1864 3465 1927 3523 in
1986 3464 2215 3543 quibus
2276 3488 2306 3519 «
2366 3463 2449 3544 (Ii)
2495 3465 2620 3523 vim
2695 3464 2947 3541 igneam
3004 3464 3254 3524 dicendi
3312 3463 3640 3535 habuisse,
3677 3456 3855 3534 ῥήτραν

449 3563 773 3638 πυρόεσσαν,
804 3579 1148 3639 omnesque
1202 3561 1607 3640 Cappadocas
1680 3580 2007 3639 superasse
2078 3561 2440 3640 eloquentia
2496 3586 2526 3617 »
2590 3561 2839 3621 dicitur.
2899 3563 2980 3634 ls,
3040 3561 3525 3639 inquam,nuus
3583 3559 3861 3633 idemque

454 3656 974 3735 Amphilochius:
1034 3677 1149 3718 nec
1197 3658 1458 3718 dubium
1518 3658 1813 3736 cuiquam
1872 3677 2004 3719 esse
2060 3664 2287 3737 potest,
2350 3660 2503 3739 quin
2558 3660 2666 3720 ille
2721 3660 3224 3739 Amphilochius,
3285 3660 3392 3738 qui
3448 3660 3519 3720 in
3580 3654 3861 3738 posterio-

452 3753 627 3814 ribus
684 3757 799 3816 sub
855 3776 1019 3817 novo
1104 3757 1288 3817 titulo
1369 3756 1707 3836 epitaphiis
1778 3757 1857 3816 ab
1933 3755 2295 3834 eloquentia
2369 3764 2695 3837 tantopere
2762 3758 3293 3829 commendatur,
3352 3757 3459 3817 ille
3540 3759 3675 3837 ipse
3746 3754 3855 3821 sit,

450 3852 559 3930 qui
613 3853 752 3915 fons
808 3855 1191 3934 eloquentia
1246 3854 1629 3927 omnibus,»
1689 3854 2098 3933 Gregoriique
2153 3855 2452 3933 magister
2507 3855 2822 3935 prioribus
2900 3856 2965 3915 in
3053 3854 3393 3935 epitaphiis
3464 3855 3693 3916 audire
3748 3866 3862 3911 me-

448 3948 596 4011 ruit.

527 4046 725 4108 Plana
782 4050 1035 4110 demum
1098 4055 1190 4109 est
1244 4056 1309 4109 et
1364 4056 1585 4128 aperta
1641 4050 1834 4111 totius
1889 4050 2289 4127 Gregoriana
2354 4052 2559 4129 gentis
2616 4070 2693 4112 ex
2750 4033 2951 4112 matre
3007 4051 3217 4125 series,
3271 4051 3607 4130 hucusque
3667 4062 3864 4130 prope-

450 4143 708 4205 modum
739 4148 978 4225 ignota.
1016 4149 1213 4219 Quam
1276 4149 1441 4208 enim
1506 4148 1759 4209 exhibet
1816 4149 2120 4208 Baronius
2177 4149 2238 4209 in
2300 4150 2442 4209 Vita
2502 4150 2810 4227 Gregorii,
2844 4168 2917 4210 ea
2980 4149 3305 4223 mendosa,
3342 4156 3405 4210 et
3454 4155 3768 4228 praterea
3797 4141 3866 4203 ab

445 4243 585 4304 aliis
615 4246 985 4324 perturbata
1016 4254 1077 4308 et
1108 4246 1467 4308 adulterata
1498 4246 1634 4308 fuit.
1672 4247 1774 4309 Sic
1804 4246 2015 4326 igitur,
2050 4247 2266 4321 lector,
2318 4247 2571 4308 habeto.

529 4344 618 4402 Ex
677 4344 981 4406 Philtatio
1038 4352 1101 4405 et.
1161 4345 1476 4422 Gorgonia
1531 4345 1666 4425 ejus
1724 4363 1919 4406 uxore
1967 4352 2107 4406 orta
2159 4352 2252 4405 est
2300 4347 2544 4416 Nonna,
2602 4347 2886 4425 Gregorii
2936 4353 3157 4416 mater,
3202 4346 3623 4426 ejusdemque
3680 4361 3865 4406 avun-

446 4439 626 4499 culus
681 4442 1185 4520 Amphilochius,
1249 4444 1487 4504 Nonna
1543 4460 1882 4522 germanus
1935 4442 2148 4502 frater.
2212 4444 2373 4503 Natu
2425 4443 2729 4521 majorem
2805 4444 2993 4505 fuisse
3050 4447 3335 4505 Nonnam
3390 4444 3454 4504 id
3514 4462 3684 4524 pene
3740 4457 3871 4520 per-

449 4538 692 4612 suadet,
752 4540 922 4618 quod
983 4541 1321 4619 Gregorius
1377 4540 1447 4621 (2')
1522 4540 1949 4620 Amphilochii
2032 4540 2195 4602 ﬁlios
2231 4586 2246 4614 ,
2307 4541 2557 4601 nonnisi
2616 4560 2744 4620 qua
2802 4548 2986 4602 atate
3022 4541 3292 4602 minores
3340 4549 3573 4614 erant,
3636 4563 3665 4598 «
3723 4538 3872 4599 ﬁlio-

450 4654 590 4696 rum
624 4659 654 4691 »
719 4637 975 4698 nomine
1033 4638 1416 4718 compellare
1472 4640 1691 4712 soleat,
1750 4657 1941 4719 seque
1994 4638 2126 4717 ipse
2166 4662 2196 4694 ‹‹
2253 4657 2463 4698 senem
2524 4662 2554 4693 ››
2618 4640 2962 4718 appellare.
3028 4643 3112 4700 De
3177 4639 3615 4719 Amphilochii
3671 4634 3875 4699 sobole

450 4734 724 4812 primum
757 4735 1061 4797 dicamus.

527 4832 1033 4911 Amphilochius,
1096 4835 1377 4913 Gregorii
1434 4835 1815 4907 avunculus,
1877 4853 2138 4896 uxorem

2261 4834 2421 4896 lbuit
2476 4835 2713 4896 Liviam
2751 4881 2765 4909 ,
2803 4843 3039 4919 μάκαιρα
3070 4841 3247 4920 δάμαρ
3268 4841 3634 4921 Ἀμφιλόχου
3696 4835 3872 4905 Λιϐίη·

450 4950 479 4983 α
539 4927 635 5023 (λ)
670 4930 861 5023 Beata
922 4931 1351 5009 Amphilochii
1406 4951 1565 4993 uxor
1618 4933 1811 4994 Livia.
1858 4957 1889 4988 »
1948 4936 2099 4994 Tres
2150 4951 2227 4993 ex
2300 4952 2377 4993 ea
2434 4934 2665 4994 liberos
2722 4935 3202 5014 Amphilochius
3258 4936 3539 5013 suscepit.
3593 4952 3608 4994 :
3662 4935 3769 4985 σῶν
3822 4946 3875 4980 τε

442 5024 595 5095 τριὰς
624 5022 840 5094 τεκὲων,
879 5052 908 5083 ‹‹
938 5028 1017 5109 (Ic)
1050 5035 1301 5090 tuorum
1363 5031 1638 5091 ﬁliorum
1694 5032 1867 5092 trias.
1896 5052 1925 5088 ι)
1966 5032 2039 5090 Hi

2272 5032 2443 5091 fuere
2506 5056 2537 5087 «
2599 5031 2665 5112 (ί)
2740 5033 3127 5112 Euphemius
3186 5042 3247 5095 et
3276 5033 3868 5113 Amphilochiuszn

447 5129 583 5191 υἱέες
614 5130 983 5208 Ἀμφιλόχου,
1020 5134 1305 5213 Εὐφήμιος
1339 5133 1701 5214 ’Δμφίλοχόξ
1733 5156 1829 5192 τε.
1887 5132 1973 5191 De
2006 5135 2058 5189 te

1424 5133 1701 5214 ιφίλοχός’
1733 5156 1829 5192 τε.
1887 5132 1973 5191 De
2006 5129 2172 5189 tertii
2201 5129 2455 5191 nomine
2489 5136 2705 5207 postea
2735 5131 3035 5192 dicemus.

582 5355 799 5433 )éPFd
833 5356 1124 5433 Μυτεερρι
1150 5359 1331 5433 33-1),
1361 5360 1450 5414 33-
2284 5361 2359 5433 (ρ)
2394 5364 2493 5431 Ep.
2529 5361 2617 5433 30,
2655 5379 2710 5433 ρ·
2746 5363 2834 5418 3i-

539 5373 575 5410 a

542 5429 596 5510 ὁ)
624 5427 798 5510 [δίρν
830 5427 1085 5510 erigit-5,
1110 5447 1168 5500 p.
1204 5427 1326 5485 106.
2528 5427 2623 5510 32,
2640 5427 2714 5510 _p.
2868 5436 2972 5510 Ep.
3006 5435 3095 5507 35,
3130 5454 3185 5509 p.
3218 5437 3307 5493 34.

542 5452 596 5495 η)
634 5452 798 5495 unm,
830 5452 920 5499 6p.
951 5452 1076 5493 110,
1111 5452 1168 5500 p.
1204 5452 1326 5485 IUD.

542 5500 591 5625 (2
622 5498 805 5569 Epist.
839 5498 943 5554 136
971 5498 1072 5554 lib.
1106 5517 1167 5556 ιι.

596 5574 607 5625 l
644 5569 810 5625 Anud
838 5574 1010 5625 Mur..
1042 5588 1133 5625 en.
1166 5574 1256 5625 29.
1289 5590 1345 5625 n.
1370 5573 1459 5625 29.

2284 5452 2363 5500 (η)
2399 5452 2501 5503 mp.
2533 5452 2622 5498 az,
2659 5452 2714 5504 p.
2748 5452 2834 5489 az.
2870 5452 2910 5489 ω
2959 5478 2972 5491 .
3006 5452 3094 5507 δῦ,

2284 5506 2346 5625 52:)
2380 5504 2562 5625 Epist.
2596 5506 2689 5573 23,
2720 5505 2793 5560 al.
2830 5452 2952 5562 1οξ

2309 5577 2349 5625 1i
2442 5581 2614 5625 urat._
2640 5594 2732 5625 en.
2768 5578 2853 5625 17-
2888 5596 2944 5625 n-
2979 5579 3065 5625 17-

595 5569 810 5651 )_Apud
838 5574 1133 5651 Murlep.
1166 5574 1256 5651 2g,
1289 5573 1459 5645 p.29.
2284 5569 2349 5651 (1')
2382 5569 2617 5651 Muret”
2640 5569 2732 5649 ep.
2768 5578 2855 5647 17,
2888 5596 2945 5651 p.
2979 5579 3067 5635 17.

550 5643 597 5721 ς)
631 5643 929 5721 1μδίάρρρ.
1096 5660 1150 5714 ρ.
1178 5643 1305 5698 29;
2281 5643 2490 5721 (asp.
2522 5643 2697 5721 19.9?
2730 5651 2819 5721 20.

634 5654 803 5707 lbld.,
833 5658 929 5713 ep.
970 5654 1062 5711 δυ,
1096 5660 1150 5714 p.
1178 5654 1266 5698 29.
2305 5654 2357 5715 Ιί)
2389 5654 2490 5719 Ep.
2528 5654 2613 5716 t9,
2642 5667 2697 5721 p.
2730 5654 2819 5704 20.

634 5714 738 5787 Ep.
764 5713 860 5781 31,
888 5730 944 5786 p.
978 5714 1068 5769 30.
2281 5654 2347 5791 ξι)
2378 5718 2479 5790 Ep.
2513 5720 2603 5788 20,
2641 5738 2698 5792 p.
2732 5720 2821 5776 20.
