4080 6464
282 422 337 493 λδ
1380 462 1802 522 PREFATIU
1854 458 2319 520 GENERALIS.
2358 492 2435 504 η-
2465 458 2666 520 PARS
2712 460 2791 520 lI.
3726 456 3805 524 86

358 576 517 646 Liviae
549 598 813 659 matri
898 600 1056 661 hos
1121 604 1235 658 tres
1287 597 1516 657 liberos
1578 596 1942 674 superstites
1999 594 2190 654 fuisse
2248 595 2475 673 probat
2533 595 2927 674 epitaphium
2985 614 3089 657 xxx
3149 597 3253 676 (α),
3295 596 3359 657 in
3418 616 3541 676 quo
3577 622 3604 653 ‹‹
3642 597 3798 658 libe-

322 692 475 742 rorum
513 689 707 752 trias
781 698 1233 773 maritusque
1288 694 1533 755 tumulo
1592 693 1830 754 Liviam
1888 693 2295 751 illustrasse»
2363 692 2679 753 dicuntur.
2715 694 2962 754 Primus
3021 696 3303 755 omnium
3366 703 3651 756 mortuus
3700 701 3797 756 est

329 778 719 862 Euphemius,
798 812 1035 871 quem
1125 790 1402 872 pluribus
1486 790 1826 869 epitaphiis
1909 789 2253 850 celebravit
2329 791 2667 866 Gregorius
2723 790 2832 869 (ὁ),
2895 792 3125 869 quibus
3227 792 3564 871 epitaphiis
3635 794 3797 854 belle

339 890 605 943 consonat
672 889 1005 967 epistola
1066 890 1339 968 Gregorii
1402 907 1620 959 ccxxx,
1684 888 1839 947 alias
1899 905 2061 959 CXIV,
2128 886 2203 945 ad
2266 887 2689 947 Theodosium
2751 889 2879 948 sive
2935 890 3361 963 Theodorum,
3426 890 3610 968 cujus
3668 891 3796 951 ﬁlia

347 980 672 1058 Euphemio
726 986 886 1064 jam
959 987 1361 1066 desponsata,
1417 986 1653 1064 nuptiis
1712 986 2025 1064 proxima,
2088 983 2175 1043 ibi
2229 983 2305 1063 (ε)
2366 1003 2491 1044 non
2544 985 2923 1045 describitur
2995 987 3178 1047 aliter
3234 1006 3307 1047 ac
3348 988 3413 1047 in
3469 987 3795 1067 epitaphio

355 1097 449 1153 XXI,
475 1082 729 1161 conjux
767 1085 924 1163 ejus
959 1084 1369 1164 Euphemius.

418 1181 475 1241 Si
518 1180 652 1241 alia
714 1201 861 1241 non
923 1188 1335 1262 suppeterent
1394 1187 1734 1253 momenta,
1793 1200 1867 1241 ea
1914 1180 2065 1240 satis
2120 1186 2325 1240 essent
2383 1180 2459 1239 ad
2513 1180 3069 1241 demonstrandam
3129 1181 3483 1260 Euphemii,
3532 1182 3793 1261 ejusque

362 1280 537 1359 patris
594 1280 1053 1359 Amphilochii
1112 1287 1173 1341 et
1233 1280 1613 1359 Ampilocbii
1700 1280 1907 1339 fratris
1983 1298 2125 1338 cum
2206 1280 2504 1356 Gregorio
2588 1281 3052 1357 cognationem.
3117 1280 3346 1341 Scribit
3420 1281 3587 1339 enim
3661 1282 3791 1360 epi-

362 1378 508 1438 stola
564 1397 712 1438 mox
775 1380 1047 1439 laudata
1131 1379 1463 1457 Gregorius
1545 1377 1899 1439 Theodosio
1925 1376 2191 1455 jamjam
2224 1377 2435 1437 futuro
2466 1377 2801 1455 Euphemii
2879 1378 3097 1437 vitrico
3152 1395 3165 1436 :
3234 1400 3262 1433 «
3316 1381 3492 1437 Nunc
3552 1396 3788 1456 genera

362 1477 762 1557 copulantur,
798 1499 831 1534 n
897 1484 959 1538 et
1013 1477 1293 1550 inferius,
1355 1476 1747 1556 cognationis
1794 1477 2058 1553 gradum
2093 1481 2161 1535 ut
2218 1475 2589 1553 intelligas:
2658 1499 2687 1529 «
2744 1478 2820 1535 Et
2878 1482 2943 1535 tu
3004 1495 3115 1536 nos
3172 1494 3282 1554 per
3342 1476 3781 1537 suavissimum

367 1576 559 1637 ﬁlium
619 1580 913 1636 nostrum
974 1574 1397 1654 Euphemium
1459 1575 1644 1647 habe,
1676 1581 1736 1634 et
1792 1592 1906 1633 nos
1960 1573 2109 1633 item
2174 1591 2283 1651 per
2338 1573 2777 1633 suavissimam
2844 1573 3037 1633 ﬁliam
3097 1579 3366 1634 vestram
3415 1592 3525 1634 vos
3580 1574 3779 1635 habe-

352 1693 581 1735 mus.»
649 1675 799 1735 Mox
856 1674 1203 1734 Theodossi
1258 1674 1476 1747 ﬁliam,
1539 1691 1719 1733 suam
1778 1690 2030 1750 quoque
2080 1672 2161 1731 ob
2221 1671 2693 1731 matrimonium
2752 1672 3025 1732 ducens:
3066 1672 3329 1732 «Patris
3385 1671 3487 1751 (de
3543 1691 3610 1733 se
3637 1673 3775 1751 ipso

335 1773 660 1851 loquitur)
690 1772 1127 1832 benevolentia
1159 1790 1272 1851 par
1300 1790 1450 1849 erga
1472 1771 1721 1831 liberos.
1758 1794 1788 1825 »

429 1874 673 1933 Utrum
733 1876 942 1930 autem
1002 1869 1383 1948 Euphemius
1440 1868 1579 1940 iste,
1615 1869 1693 1928 de
1750 1888 1872 1945 quo
1930 1868 1993 1926 in
2053 1867 2337 1944 Epistola
2392 1869 2723 1941 ccxxx,al.
2786 1886 2944 1938 CXIV,
2979 1869 3085 1927 ille
3137 1868 3270 1947 ipse
3328 1868 3427 1937 sit,
3470 1868 3649 1947 cujus
3706 1870 3778 1930 ﬁt

325 1970 598 2029 mentio
629 1968 693 2027 in
744 1967 1023 2046 Epistola
1076 1984 1326 2040 LXXXIII,
1362 1967 1422 2026 al
1482 1984 1679 2039 cxux,
1716 1984 1795 2025 an
1857 1966 1961 2025 ille
2022 1983 2274 2044 quoque
2333 1967 2410 2025 de
2471 1985 2597 2044 quo
2655 1967 2820 2026 circa
2877 1967 3066 2025 ﬁnem
3127 1966 3484 2026 testamenti
3542 1967 3771 2043 agitur,

316 2087 465 2127 non
538 2067 629 2126 ita
688 2065 1086 2144 perspicuum
1142 2071 1255 2126 est.
1320 2065 1386 2126 Si
1469 2083 1662 2124 unum
1750 2070 1995 2124 tantum
2058 2063 2354 2124 admittas
2437 2064 2878 2141 Euphemium,
2942 2072 3285 2123 occurrunt
3342 2064 3770 2133 difﬁcultates,

314 2184 487 2244 quas
554 2164 715 2224 solvi
773 2183 896 2224 non
949 2170 1228 2242 possunt.
1265 2163 1474 2224 Satius
1530 2181 1681 2241 ergo
1749 2162 2156 2235 arbitramur,
2211 2162 2338 2220 imo
2411 2162 2852 2234 necessarium,
2918 2162 3075 2221 duos
3132 2162 3473 2241 Ephemios
3548 2162 3771 2222 distin-

307 2281 545 2341 guere
600 2281 615 2334 ;
679 2280 896 2333 unum,
958 2261 1034 2320 de
1088 2280 1213 2339 quo
1270 2259 1596 2340 epitaphia
1654 2265 1715 2319 et
1771 2260 2037 2338 epistola
2094 2277 2316 2331 ccxxx,
2377 2259 2532 2318 alias
2596 2277 2735 2319 cxrv
2796 2261 2871 2318 ad
2932 2259 3410 2332 Theodosium;
3472 2260 3763 2334 alterum,

306 2360 407 2421 de
445 2378 588 2437 quo
625 2364 1064 2418 testamentum
1105 2358 1384 2435 Gregorii
1415 2357 1717 2436 loquitur,
1758 2366 2097 2435 utrumque
2127 2363 2337 2416 tamen
2373 2357 2677 2417 afﬁnitate
2713 2358 3010 2435 Gregorio
3043 2358 3477 2435 conjunctum.

421 2461 591 2519 Tres
646 2456 1090 2537 Amphilochio
1148 2474 1221 2515 ex
1282 2456 1455 2516 Livia
1510 2456 1700 2515 fuisse
1744 2456 1975 2515 liberos
2040 2454 2332 2527 diximus,
2394 2455 2812 2532 Euphemium
2893 2462 2953 2515 et
3027 2455 3492 2534 Ampilochium
3546 2474 3558 2514 :
3624 2457 3766 2534 quis

327 2556 428 2615 sit
460 2556 705 2625 tertius,
769 2554 1202 2633 quaerendum.
1262 2553 1671 2632 Epitaphium
1725 2552 1826 2631 (d),
1882 2553 1945 2613 in
2006 2571 2133 2632 quo
2170 2574 2197 2610 (ς
2260 2553 2409 2612 trias
2468 2553 2876 2612 liberorum»
2937 2552 3381 2630 Amphilochio
3440 2554 3758 2623 tribuitur,

333 2653 529 2713 tertii
584 2671 804 2713 nomen
863 2652 1024 2712 silet.
1084 2653 1154 2712 In
1213 2651 1548 2730 Epitaphio
1609 2669 1685 2711 xx
1740 2652 1817 2729 (ε)
1872 2651 2140 2711 duorum
2199 2651 2510 2710 duntaxat
2571 2650 2841 2711 ﬁliorum
2910 2650 3441 2727 Amphilochiiﬁt
3480 2654 3755 2713 mentio:

327 2750 689 2829 Euphemii
731 2752 864 2829 jam
923 2750 1225 2822 defuncti,
1262 2752 1338 2810 Et
1394 2750 1817 2827 Amphilochii
1877 2750 2249 2826 superstitis.
2297 2750 2508 2809 Primo
2566 2749 2818 2826 quidem
2872 2748 3243 2807 Philtatium
3302 2750 3554 2808 tertium
3615 2769 3759 2811 eum

322 2867 481 2910 esse
521 2849 720 2908 ﬁlium
780 2847 1300 2925 suspicabamur;
1360 2865 1576 2906 verum
1632 2847 1967 2923 Gregorius
2018 2847 2251 2906 nodum
2305 2846 2471 2905 hunc
2524 2846 2657 2923 ipse
2714 2845 2901 2905 solvit
2955 2847 3017 2904 in
3078 2846 3354 2905 carmine
3410 2847 3490 2907 ad
3548 2848 3766 2926 Olym-

323 2948 631 3026 piadem,
666 2946 765 3006 bis
798 2946 1001 3006 verbis
1032 2945 1329 3025 (Ι)Σ“Ἐστι
1390 2972 1495 3017 σοι,
1538 2952 1582 3004 ὦ
1639 2951 1920 3026 χαρίεσσα,
1973 2948 2215 3013 θεοδόσις
2276 2953 2430 3023 [θεοῦ
2491 2948 2679 3020 δόσις]·
2716 2951 2749 3017 ἢ
2802 2947 2858 3003 δὲ
2917 2950 3221 3021 προκνέσθω
3277 2950 3476 3011 παντός
3535 2972 3618 3005 σοι
3671 2952 3769 3024 μύ-

320 3048 450 3099 θοιο
486 3044 583 3098 καὶ
628 3039 897 3118 ἔργματος
932 3040 1173 3115 ἔμπνοος
1219 3041 1445 3099 εἷκὼν...
1492 3042 1925 3114 αὐτοκασιγνήτη
1976 3042 2095 3115 μέγ’
2140 3042 2421 3112 ἀμύμονος
2465 3041 2762 3116 ἀρχιερῆος
2812 3040 3189 3118 Ἀμφιλόχου.
3254 3066 3284 3101 α
3339 3046 3448 3104 Est
3518 3045 3673 3119 tibi,
3735 3065 3772 3106 ο

325 3144 821 3223 elegantissima
895 3141 1143 3216 mulier,
1204 3142 1582 3215 Theodosia,
1670 3160 1811 3220 quae
1876 3142 1987 3202 tibi
2055 3142 2260 3203 omnis
2343 3148 2405 3202 et
2486 3141 2695 3219 operis
2806 3141 3016 3201 vivum
3134 3143 3460 3221 exemplar
3536 3163 3771 3224 propo-

319 3245 454 3305 sita
522 3245 738 3302 sit.....
795 3259 971 3301 soror
1024 3240 1518 3301 innocentissimi
1575 3240 1869 3300 antistitis
1929 3240 2329 3319 Ampilochii.
2393 3264 2421 3295 ››
2486 3243 2577 3299 En
2654 3240 2836 3300 tertia
2914 3240 3342 3319 Amphilochii
3416 3242 3768 3320 progenies.

317 3338 838 3420 Amphilochius
894 3356 1065 3410 vero,
1125 3338 1303 3417 cujus
1361 3356 1540 3399 soror
1592 3338 1949 3398 Theodosia
2006 3338 2254 3409 dicitur,
2319 3357 2443 3398 non
2506 3338 2665 3399 alius
2733 3343 2827 3398 est
2882 3357 3073 3416 quam
3134 3339 3468 3399 Iconiensis
3526 3341 3770 3418 episco—

324 3459 501 3521 pus;
570 3436 1075 3516 Amphilochius,
1136 3437 1416 3515 inquam,
1482 3436 1815 3515 Euphemii
1874 3455 1949 3496 ex
1997 3436 2443 3514 Amphilochio
2500 3444 2560 3497 et
2618 3437 2787 3498 Livia
2864 3438 3058 3497 frater
3116 3456 3474 3516 germanus.
3542 3438 3771 3501 Omnia

324 3536 783 3608 conveniunt;
819 3535 1045 3614 patria,
1082 3553 1299 3612 genus,
1335 3535 1476 3594 vitae
1509 3541 1567 3595 et
1600 3552 1843 3594 morum
1878 3535 2199 3594 sanctitas.

407 3634 707 3695 Patriam
787 3631 1212 3711 Amphilochii
1290 3631 1627 3692 Iconiensis
1710 3632 1898 3691 fuisse
1984 3631 2451 3710 Cappadociam
2556 3638 2821 3692 testatur
2903 3634 3167 3693 Basilius
3250 3634 3516 3712 epistola
3610 3637 3766 3697 alias

320 3748 621 3803 cccxcrv,
680 3736 742 3790 et
799 3730 1071 3789 maxime
1126 3729 1562 3808 Hieronymus,
1626 3728 1733 3806 qui
1788 3729 2053 3807 epistola
2100 3731 2178 3788 ad
2238 3733 2534 3805 Magnum
2609 3747 2865 3802 LXXXIII,
2927 3730 3081 3791 alias
3154 3749 3400 3801 LXXXIV,
3454 3734 3617 3792 inter
3673 3735 3763 3793 vi-

314 3850 432 3891 ros
498 3830 729 3889 doctos
786 3827 1204 3905 Cappadociae
1261 3826 1599 3898 Basilium,
1659 3827 2023 3903 Gregorium
2082 3833 2143 3887 et
2212 3828 2727 3905 Amphilochium
2786 3836 3089 3888 recenset.
3151 3830 3598 3907 Amphilochio
3650 3850 3761 3911 pa-

311 3929 519 3998 renti,
558 3927 823 4005 ejusque
857 3925 1024 3997 ﬁliis,
1059 3925 1470 3996 Diocaesarea,
1504 3924 1568 3984 id
1598 3933 1710 3997 est,
1750 3926 2153 3997 Nazianzum,
2192 3926 2398 4003 patria
2428 3926 2784 4001 assignatur
2822 3925 2883 3984 in
2918 3925 3241 4003 epitaphio
3274 3944 3423 3987 xxxr
3449 3926 3556 4005 (g).

406 4027 507 4085 De
568 4041 800 4102 genere
856 4040 1111 4100 quoque
1169 4022 1284 4081 sibi
1342 4022 1745 4081 consentiunt
1795 4023 2054 4095 omnia,
2118 4023 2488 4101 epitaphia,
2552 4024 2866 4101 epistolae,
2926 4031 3242 4102 poemata.
3304 4027 3371 4085 In
3426 4026 3767 4105 epitaphiis

330 4120 837 4199 Amphilochius
892 4120 1020 4191 ille,
1083 4119 1191 4198 qui
1240 4120 1521 4197 Gregorii
1581 4138 1657 4179 ex
1717 4120 2029 4179 avunculo
2090 4121 2287 4180 frater
2343 4121 2617 4195 dicitur,
2682 4130 3006 4200 parentem
3084 4122 3221 4200 ejus
3288 4124 3558 4183 nominis
3614 4129 3764 4184 Am-

335 4219 747 4300 philochium
808 4218 1091 4279 habuit:
1155 4217 1372 4277 habuit
1430 4224 1488 4278 et
1544 4218 1883 4278 Iconiensis
1942 4219 2474 4297 Amphilochius,
2535 4225 2603 4279 ut
2661 4239 2733 4279 ex
2814 4220 3160 4299 epigraphe
3234 4222 3515 4300 epistolas
3591 4240 3712 4284 LXII
3749 4272 3763 4299 ,

317 4318 499 4381 alias
557 4334 695 4379 CLXI
725 4316 961 4395 optime
988 4316 1425 4377 Tillemontius
1485 4316 1648 4377 eruit
1706 4322 1767 4377 et
1824 4317 2049 4377 astruit
2099 4322 2247 4378 nota
2307 4317 2500 4397 priori
2557 4318 2620 4377 in
2680 4318 2884 4379 Vitam
2944 4318 3371 4398 Amphilochii
3430 4326 3489 4381 et
3537 4322 3767 4383 eruditi

305 4416 722 4479 concedunt.

406 4519 691 4577 Gentem
740 4530 886 4573 vero
936 4530 1010 4572 ac
1066 4512 1368 4573 fomiliam
1427 4512 1858 4590 Amphilochii
1913 4513 2201 4574 eamdem
2262 4521 2453 4593 atque
2511 4515 2793 4593 Gregorii
2846 4515 3100 4594 sapiunt
3157 4516 3503 4595 epitaphia,
3558 4526 3625 4578 ut
3669 4520 3763 4580 vi-

305 4614 575 4685 dimus,
636 4610 1094 4689 propemodum
1152 4611 1405 4684 omnia;
1466 4611 1719 4688 sapiunt
1774 4616 1835 4669 et
1893 4612 2197 4689 epistolae.
2260 4612 2544 4690 Epistola
2599 4631 2873 4690 namque
2933 4631 3065 4685 XIII,
3103 4614 3257 4673 alias
3315 4631 3425 4673 CLX
3484 4615 3563 4675 ad
3620 4618 3765 4677 Am-

302 4709 741 4790 philochium
778 4753 793 4780 ,
854 4727 1041 4786 quem
1098 4708 1528 4768 Inconiensem
1585 4714 1805 4785 postea
1860 4709 2224 4788 episcopum
2274 4711 2461 4769 fuisse
2540 4729 2725 4769 nemo
2806 4712 3177 4788 negaverit,
3240 4712 3571 4789 Gregorius
3602 4714 3691 4774 ait
3740 4733 3754 4774 :

310 4834 349 4864 α
392 4810 551 4869 Non
584 4805 852 4866 multum
914 4824 1039 4865 una
1084 4804 1337 4877 fuimus,
1400 4824 1759 4883 quanquam
1821 4805 1976 4865 illud
2035 4807 2293 4868 omnino
2351 4808 2649 4886 oportuit,
2707 4827 2845 4867 cum
2902 4815 3159 4887 propter
3216 4828 3329 4869 nos
3380 4812 3573 4889 ipsos,
3622 4818 3756 4871 tum

298 4912 607 4984 propter
640 4903 990 4963 traductam
1026 4902 1103 4962 ad
1165 4922 1277 4963 nos
1333 4922 1369 4962 a
1428 4903 1794 4983 parentibus
1849 4904 2216 4965 amicitiam.
2279 4927 2306 4961 »
2371 4910 2456 4963 Ac
2508 4905 2696 4983 paulo
2756 4912 2897 4982 post
2953 4905 3317 4974 Nicobulus,
3351 4925 3426 4965 ex
3477 4910 3762 4986 Gregorii

300 5020 562 5062 sorore
623 5000 936 5077 Gorgonis
1018 5000 1203 5071 ﬁlius,
1263 5019 1388 5059 non
1475 5001 1757 5078 Gregorii
1840 5001 2069 5076 solum,
2131 5001 2234 5061 sed
2317 5002 2741 5079 Amphilochii
2828 5004 3083 5081 pariter,
3148 5005 3395 5063 tametsi
3480 5005 3762 5067 inferiori

301 5098 572 5175 gradu,
623 5097 790 5156 filius
845 5096 1109 5157 dicitur:
1178 5120 1207 5152 «
1262 5096 1457 5157 Filius
1507 5105 1740 5171 noster,
1806 5121 1835 5152 »
1873 5100 2032 5170 ἡμῶν
2068 5100 2422 5159 aml‘orum.
2461 5123 2488 5154 α
2551 5100 2913 5160 Nicobulus.
2968 5123 2997 5155 ››
3061 5100 3342 5178 Epistola
3396 5120 3541 5176 LXII,
3601 5104 3763 5165 alias

300 5213 499 5268 CLXI,
570 5194 913 5255 certissime
972 5195 1049 5254 ad
1110 5194 1623 5274 Amphilochium
1683 5196 2024 5256 Iconiensis
2097 5197 2379 5277 episcopi
2462 5205 2703 5275 patrem
2791 5199 3047 5277 scripta,
3108 5199 3546 5277 cognationem
3608 5208 3757 5262 Am-

295 5293 645 5373 philochii
696 5312 837 5355 cum
896 5293 1198 5372 Gregorio
1256 5312 1291 5354 a
1349 5293 1554 5372 capite
1611 5294 1690 5354 ad
1750 5295 1984 5354 calcem
2049 5301 2158 5355 aut
2216 5296 2445 5356 diserte
2517 5297 2833 5376 exprimit,
2897 5305 3007 5357 aut
3064 5316 3189 5358 non
3250 5299 3515 5360 obscure
3573 5300 3762 5380 signi-

388 5579 474 5653 (o)
509 5577 750 5653 garrit”
784 5594 875 5652 ep.
907 5580 995 5635 19.
2168 5581 2239 5653 (ε)
2272 5581 2507 5647 Murat.,
2535 5584 2626 5636 20.

391 5652 475 5751 ἐξὲξ
502 5651 716 5751 ΞΕ;Ξ⁰
747 5656 953 5751 328‘s-
2173 5651 2486 5751 εἱλίξξξξτξιν
2522 5654 2852 5751 uosme-
2887 5656 3041 5751 3.97
3070 5660 3129 5711 οι
3161 5672 3295 5727 sqq-

393 5724 467 5847 (t2
500 5726 731 5795 Murat.,
756 5741 850 5796 ep.
881 5726 975 5779 21.
2176 5726 2254 5795 (g)
2288 5725 2520 5795 Murat.,
2552 5743 2643 5797 ep.
2677 5724 2765 5791 31,
2800 5724 2856 5799 p.
2889 5728 2979 5782 30.

394 5794 415 5865 (
457 5794 730 5872 )Murat.,
768 5797 856 5853 19.
