4080 6426
429 383 508 445 8'1
1435 383 1855 444 PREFATIO
1902 381 2368 442 GENERALIS.
2402 415 2478 427 —
2509 383 2710 444 PARS
2756 383 2835 443 II.
3745 385 3816 445 88

433 518 580 579 ficat
629 535 641 589 ;
709 516 980 578 maxime
1035 534 1184 575 vero
1242 515 1351 577 illa
1408 518 1882 595 comparatione
1938 517 2100 575 inter
2157 517 2343 575 funus
2403 517 2682 592 Gregorii
2743 516 2957 593 patris,
3022 535 3206 594 quem
3283 516 3634 594 Theologus
3685 517 3811 576 sibi-

433 623 638 675 morte
694 615 1012 675 sublatum
1070 615 1271 685 dolet,
1337 621 1398 674 et
1455 615 1854 674 amissionem
1916 614 2346 692 Amphilochii
2394 615 2545 689 filii,
2607 633 2793 692 quem
2854 615 3339 692 Amphilochius
3395 620 3572 692 pater
3625 614 3818 674 adem-

433 717 614 791 ptum
673 713 791 771 sibi
839 712 1124 789 queritur
1178 712 1460 789 ;illaque
1517 713 1704 772 etiam
1736 758 1749 782 ,
1803 712 1944 788 jure
2005 712 2219 790 utique
2275 711 2763 789 propinquitatis
2797 758 2810 783 ,
2859 712 3070 772 debita
3126 711 3598 783 consolatione,
3650 730 3818 789 quam

433 808 914 886 Amphilochius
973 815 1174 887 pater,
1209 814 1270 868 et
1329 810 1663 886 Gregorius
1721 810 1884 868 ﬁlius
1932 828 1968 868 a
2025 828 2089 867 se
2143 815 2360 867 mutuo
2419 817 2780 886 exspectare
2838 829 2910 870 ac
2970 827 3296 887 reposcere
3353 815 3658 887 poterant.
3707 810 3822 868 Cla-

433 906 564 966 rius
595 905 803 966 adhuc
862 906 957 965 his
1013 908 1090 965 ad
1150 907 1665 984 Amphilochium
1712 907 1918 965 verbis
1974 906 2129 965 illud
2188 907 2466 966 declarat
2524 908 2898 984 Gregorius:
2939 931 2968 961 «
3005 911 3128 967 Nos
3182 925 3461 977 accusas,
3512 907 3817 983 inquit.....

434 1003 692 1063 minime
749 1004 1192 1064 detrimentum
1254 1023 1614 1081 agnoscere,
1653 1005 1820 1082 quod
1883 1004 2066 1063 amici
2124 1023 2342 1064 omnes
2416 1011 2477 1064 et
2535 1006 2836 1082 cognati,
2900 1008 3197 1076 συγγενεῖς,
3258 1011 3626 1081 acceperunt
3679 1023 3692 1074 ;
3751 1011 3826 1063 at-

437 1120 560 1182 que
616 1121 731 1179 ego
790 1102 852 1160 in
911 1102 1151 1180 primis,
1218 1126 1246 1155 ››
1310 1107 1478 1163 etc.:
1542 1101 1951 1162 disertissime
2010 1121 2196 1180 porro
2245 1103 2564 1181 exprimit,
2626 1103 2734 1162 ubi
2792 1103 3177 1162 lconiensem
3249 1103 3611 1179 episcopum
3668 1118 3824 1178 aque

435 1205 620 1261 vocat
678 1198 1080 1278 Ampilochii,
1141 1200 1219 1260 ad
1278 1219 1466 1279 quem
1531 1201 1771 1274 scribit,
1835 1225 1862 1256 α
1925 1201 2121 1261 ﬁlium
2181 1222 2253 1262 ac
2315 1220 2494 1261 suum
2575 1202 2768 1279 ipsius
2826 1202 3080 1260 fratrem
3133 1217 3145 1258 :
3211 1199 3409 1259 tilium
3467 1205 3664 1266 tuum,
3723 1200 3828 1257 fra-

437 1303 595 1359 trem
651 1304 860 1357 autem
919 1304 1204 1358 nostrum
1242 1344 1256 1370 ,
1321 1322 1349 1355 »
1413 1305 1559 1358 etc.
1619 1297 1717 1351 Τὸν
1754 1297 1842 1350 σὸν
1880 1297 2017 1368 υἱὸν,

2215 1317 2317 1372 ιρον
2352 1294 2408 1350 δὲ
2440 1295 2692 1373 ἀδελφόν.
2757 1301 2881 1358 Has
2939 1298 3019 1358 ob
3079 1315 3301 1357 causas
3357 1295 3826 1356 consolationem

436 1415 473 1456 a
530 1395 853 1473 Theologo
910 1402 1274 1474 exspectare
1330 1396 1636 1457 debuerat
1679 1396 2164 1476 Amphilochius
2223 1403 2402 1475 pater
2459 1397 2534 1456 de
2593 1397 2720 1457 tilio
2777 1395 2894 1456 sibi
2951 1396 3272 1474 adempto,
3309 1413 3534 1472 nempe
3590 1393 3828 1472 Amphi-

434 1494 645 1555 lochio
676 1495 1007 1568 Iconiensi,
1042 1495 1223 1573 cujus
1255 1513 1330 1554 ex
1363 1497 1676 1556 avunculo
1707 1498 1900 1556 frater
1930 1503 2065 1557 erat
2095 1497 2450 1574 Gregorius.

515 1612 673 1669 Tam
705 1611 876 1670 clara
913 1617 1060 1670 sunt
1115 1611 1333 1671 isthac
1388 1617 1450 1671 et
1507 1613 1711 1683 ﬁrma,
1747 1618 1814 1671 ut
1865 1612 1998 1689 jam
2059 1612 2270 1689 pigeat
2327 1611 2657 1689 epistolam
2718 1611 2795 1670 ad
2853 1611 3266 1671 Themistium
3328 1626 3497 1680 XXIv,
3534 1608 3685 1669 alias
3740 1626 3833 1670 CXL

438 1704 733 1783 adjicere,
798 1706 906 1765 ubi
963 1705 1099 1765 hac
1164 1705 1495 1782 leguntur:
1536 1704 1819 1781 Σοίφίλος
1851 1701 2049 1779 πατρόθ

2222 1703 2750 1780 ιμὸςἊμφιλόχιος.
2814 1709 2959 1765 Hac
3019 1707 3209 1765 verba
3280 1705 3408 1764 sive
3459 1724 3600 1764 cum
3659 1705 3833 1763 inter-

439 1806 614 1880 prete
643 1803 730 1861 sic
786 1802 1167 1862 reddideris:
1207 1827 1233 1856 α
1297 1805 1346 1862 Α
1405 1813 1666 1882 paterno
1729 1805 1921 1864 latere
1983 1804 2094 1863 tibi
2151 1805 2391 1864 amicus
2449 1811 2539 1863 est
2591 1823 2764 1863 meus
2814 1803 3291 1882 Amphilochius
3327 1821 3340 1874 ;
3375 1825 3404 1856 »
3471 1803 3599 1860 sive
3653 1801 3834 1877 magis

443 1899 522 1958 ad
572 1899 867 1975 litteram,
911 1924 939 1955 «
992 1901 1107 1960 tibi
1165 1902 1403 1960 amicus
1457 1908 1571 1971 est,
1609 1921 1781 1962 meus
1840 1922 1875 1962 a
1934 1903 2297 1981 parentibus
2354 1902 2883 1980 Amphilochius;
2938 1926 2964 1956 γ)
3025 1903 3150 1960 vim
3211 1906 3378 1960 certe
3465 1905 3576 1958 aut
3633 1899 3834 1957 verbo-

447 2016 587 2057 rum
648 1998 992 2071 horumce,
1053 2004 1162 2058 aut
1228 2000 1550 2059 sententia
1609 2001 1834 2079 prioris
1889 2001 2060 2060 haud
2139 2001 2480 2077 effugeris.
2542 2001 2758 2060 Dicere
2831 2000 2995 2060 enim
3071 1999 3270 2059 voluit
3326 2017 3434 2058 seu
3492 1997 3830 2074 interpres,

445 2112 552 2153 seu
611 2095 989 2173 Gregorius,
1055 2096 1309 2157 minime
1367 2097 1736 2174 degenerem
1797 2098 1876 2158 ab
1942 2098 2299 2175 eloquentia
2355 2098 2549 2176 patris
2601 2096 3112 2176 Amphilochium
3170 2114 3349 2168 esse;
3414 2115 3541 2174 qua
3600 2093 3832 2154 Themi-

439 2191 624 2253 stio»
686 2193 1061 2271 eloquentia
1121 2194 1252 2272 regi
1317 2218 1345 2248 »
1409 2195 1638 2254 charus
1689 2202 1866 2273 pater
1896 2214 2036 2254 cum
2097 2202 2276 2267 esset,
2309 2195 2539 2255 charus
2597 2195 2796 2254 eidem
2847 2201 2909 2254 et
2968 2194 3131 2254 filius
3189 2213 3319 2253 esse
3377 2193 3670 2253 debebat.
3703 2193 3833 2263 Qua

438 2291 694 2370 quidem
755 2291 1068 2350 avunculo
1119 2293 1420 2369 Gregorii,
1475 2293 1736 2370 ejusque
1783 2293 1930 2366 tilio,
1994 2293 2103 2370 qui
2151 2294 2214 2351 in
2275 2293 2609 2370 epitaphiis
2668 2299 3017 2371 tamtopere
3077 2292 3158 2352 ob
3215 2290 3642 2368 eloquentiam
3697 2287 3835 2348 cele-

431 2390 744 2460 brantur,
807 2390 1056 2466 egregie
1113 2392 1545 2451 conveniunt.
1609 2393 1788 2453 Unde
1846 2392 1908 2450 in
1967 2392 2190 2450 eadam
2268 2391 2536 2469 epistola
2595 2410 2740 2451 mox
2815 2391 3070 2465 subiicit
3144 2389 3481 2466 Gregorius
3535 2405 3550 2447 :
3613 2387 3834 2446 Addam

429 2487 644 2558 etiam,
707 2487 876 2564 quod
935 2487 1246 2564 ejusmodi
1303 2495 1417 2557 est,
1451 2512 1480 2543 »
1539 2508 1764 2567 nempe
1820 2488 2323 2566 Amphilochius,
2389 2513 2418 2543 «
2467 2489 2576 2566 qui
2633 2507 2746 2548 nec
2807 2487 3117 2564 majorum
3177 2487 3411 2564 generi,
3447 2504 3564 2544 nec
3625 2489 3834 2544 nostra

426 2583 720 2645 amicitia
777 2584 1071 2643 dedecori
1129 2585 1254 2645 sit.
1323 2609 1349 2641 η
1413 2586 1514 2646 Sic
1576 2588 1741 2645 enim
1802 2586 2128 2646 reddenda
2184 2587 2465 2662 Gregorii
2549 2586 2761 2655 verba,
2820 2584 3069 2656 πατὲρων
3103 2583 3262 2656 γένει·
3327 2602 3453 2642 non
3516 2589 3588 2642 ut
3662 2582 3834 2641 inter-

426 2699 589 2760 pres,
660 2704 688 2735 «
747 2687 1013 2758 paterno
1073 2683 1327 2759 generi;
1363 2707 1392 2737 υ
1458 2683 1695 2760 alioqui
1725 2681 1927 2755 πατρός
1988 2684 2246 2743 dixisset
2300 2684 2654 2760 Gregorius,
2717 2702 2841 2742 non
2901 2682 3170 2754 πατέρων-
3217 2683 3312 2741 Ita
3372 2687 3586 2740 autem
3650 2677 3828 2756 loqui-

428 2783 577 2849 tur,
640 2783 707 2837 ut
765 2797 962 2855 genus
1022 2778 1498 2856 Amphilochii,
1583 2800 1764 2840 suum
1825 2799 2079 2859 quoque
2151 2781 2388 2851 fuisse,
2450 2780 2847 2858 majoresque
2933 2780 3184 2838 eosdem
3263 2778 3599 2854 significet.
3656 2774 3835 2836 Simili

433 2892 692 2954 prorsus
723 2881 794 2954 et.
818 2875 1127 2935 sententia
1159 2882 1219 2935 et
1251 2877 1491 2937 ratione
1534 2878 1597 2936 in
1650 2879 1927 2938 carmine
1971 2880 2070 2949 57,
2131 2897 2292 2937 vers.
2348 2879 2480 2947 103,
2521 2901 2547 2932 α
2586 2878 2774 2938 decus
2831 2896 3012 2936 suum
3076 2899 3104 2930 »
3164 2876 3552 2935 Iconiensem
3613 2874 3834 2952 episco-

430 2990 582 3051 pum
643 2971 1157 3050 Amphilochium
1209 2976 1545 3053 Gregorius
1603 2983 1787 3036 vocat
1844 2976 1926 3056 (a)
1963 3021 1976 3035 .
2038 2979 2238 3036 Decus
2306 2983 2514 3035 autem
2599 2994 2731 3035 esse
2816 2981 3064 3052 poterat
3152 2973 3432 3050 Gregorii
3517 2970 3835 3049 Amphilo-

429 3070 658 3142 chius,
721 3070 820 3130 vel
876 3076 945 3131 ut
1000 3073 1158 3131 tanti
1216 3073 1503 3151 magistri
1559 3074 1952 3153 discipulus,
2007 3075 2106 3134 vel
2164 3080 2234 3134 ut
2266 3074 2618 3134 communis
2674 3073 2886 3151 stirpis
2935 3078 2998 3132 et
3063 3071 3301 3149 orginis
3358 3075 3835 3139 ornamentum,

429 3169 698 3228 Prastat
756 3167 891 3228 hac
945 3187 1093 3228 vero
1151 3171 1461 3230 sententia
1514 3172 1756 3250 priori,
1819 3191 1961 3232 cum
2020 3171 2465 3251 Amphilochio
2517 3171 2782 3250 epistola
2841 3187 3004 3244 XIII,
3067 3170 3222 3229 alias
3281 3186 3414 3240 CLX,
3475 3168 3837 3227 scribentem

432 3264 802 3343 Gregorium
861 3267 1239 3327 viderimus:
1312 3293 1343 3324 «
1399 3272 1534 3330 Non
1589 3270 1858 3329 multum
1918 3289 2044 3331 una
2099 3270 2353 3343 fuimus,
2410 3294 2439 3324 »
2504 3277 2648 3343 etc.,
2685 3288 2826 3347 qua
2883 3288 2920 3328 a
2977 3267 3307 3346 disciplina
3364 3285 3553 3344 quam
3619 3263 3837 3341 longis-

431 3363 585 3422 sime
644 3369 888 3423 remota
958 3371 1151 3425 sunt.
1217 3368 1311 3426 Ita
1364 3386 1618 3445 quoque
1676 3367 1999 3446 epitaphio
2057 3367 2228 3446 apud
2306 3368 2719 3428 Muratorium
2780 3383 3014 3439 XXXVI,
3095 3364 3496 3425 Nicomedem
3551 3388 3583 3419 ‹‹
3665 3363 3841 3421 decus

425 3477 636 3520 meum
670 3481 698 3517 ι)
739 3461 865 3535 ait;
903 3462 1053 3538 quia
1085 3463 1411 3539 sanguinis
1444 3465 1757 3543 particeps
1787 3466 2092 3543 ejusdem,
2124 3472 2376 3543 gentem
2409 3471 2471 3524 et
2499 3466 2631 3544 ipse
2664 3465 3116 3541 Gregorianam
3145 3462 3526 3522 illustrabat.

502 3577 626 3634 Nec
701 3575 910 3636 minus
966 3577 1046 3637 ad
1105 3597 1236 3637 rem
1308 3587 1587 3640 nostram
1662 3581 1900 3640 faciunt
1955 3586 2401 3641 testamentum
2478 3580 2807 3658 Gregorii,
2865 3585 2926 3638 et
3002 3579 3213 3658 plures
3284 3575 3569 3655 epistola
3626 3594 3639 3648 ;
3701 3590 3838 3643 XXII,

425 3672 581 3733 alias
639 3690 754 3746 cx;
817 3693 992 3746 XXIII,
1055 3676 1188 3736 alas
1247 3694 1344 3739 CVI
1399 3697 1412 3751 ;
1473 3679 1537 3738 in
1596 3679 1826 3756 quibus
1876 3677 2389 3757 Amphilochium
2441 3678 2567 3737 sive
2628 3679 2887 3749 honore,
2924 3677 3050 3735 sive
3109 3693 3324 3734 amore
3379 3672 3838 3750 dignissimum,

423 3771 520 3831 vel
580 3774 1222 3848 reverendissimum,,
1283 3795 1433 3836 sane
1493 3777 1573 3836 ob
1633 3777 2032 3854 episcopatus
2090 3776 2483 3853 dignitatem,
2546 3777 2742 3835 filium
2804 3793 2986 3833 suum
3061 3773 3342 3857 appellat
3393 3788 3407 3828 :
3459 3769 3559 3821 Τὸν
3594 3766 3844 3839 τιμιώτα-

421 3887 513 3921 τον
572 3867 1198 3943 υἱὸν,αἷδεσιμώτατον,
1261 3880 1380 3933 etc.
1442 3873 1865 3951 Euphemium
1936 3893 2032 3952 qut

2295 3873 2770 3950 Amphilochii,
2828 3879 3048 3951 postea
3120 3869 3456 3930 Iconiensis
3535 3864 3832 3946 episcopi,

423 3987 793 4045 germanum
883 3971 1194 4041 fratrem,
1281 3971 1479 4028 ﬁlium
1567 3990 1749 4032 suum
1825 3972 2106 4049 appellat
2163 3972 2522 4050 Gregorius,
2587 3971 2915 4031 Rationem
3002 3987 3292 4047 quares,
3357 3984 3469 4025 cur
3556 3964 3839 4025 amitinos

425 4065 762 4141 Gregorius
823 4073 1038 4126 noster
1093 4085 1167 4125 eo
1226 4068 1478 4126 nomine
1557 4068 1937 4141 donaverit,
1999 4070 2268 4146 epistola
2322 4087 2523 4141 XXIII,
2588 4069 2742 4129 alias
2801 4083 2903 4128 CVI
2941 4113 2955 4140 ,
3019 4085 3158 4145 qua
3228 4083 3341 4143 pro
3401 4060 3841 4140 Amphilochio

421 4161 558 4238 ipso
617 4162 853 4238 scripta
928 4171 1067 4233 est,
1136 4164 1440 4224 docebit:
1508 4189 1536 4217 «
1603 4167 1740 4241 Ipse
1800 4166 1959 4238 tibi,
2017 4167 2222 4244 inquit
2289 4167 2623 4245 Gregorius
2670 4213 2684 4239 ,
2747 4165 3188 4225 charissimum
3276 4161 3476 4220 filium
3567 4165 3844 4220 nostrum

418 4258 933 4336 Amphilochium
995 4261 1243 4331 offero,
1311 4260 1510 4320 virum
1574 4261 1904 4337 probitatis
1962 4263 2215 4322 nomine
2266 4283 2464 4343 usque
2524 4265 2680 4324 adeo
2731 4264 3007 4323 nobilem
3048 4309 3060 4334 ,
3095 4263 3284 4322 etiam
3367 4264 3601 4337 prater
3661 4273 3844 4335 quam

422 4362 575 4416 atas
631 4357 830 4429 ferat;
879 4363 950 4416 ut
1003 4357 1160 4434 ipse,
1223 4358 1330 4434 qui
1391 4365 1451 4417 et
1510 4375 1701 4417 senex
1756 4365 1816 4418 et
1863 4362 2281 4422 sacerdos.....
2346 4363 2647 4441 praclare
2710 4379 2954 4421 mecum
3017 4361 3120 4438 agi
3177 4357 3652 4419 existimaturus
3712 4355 3846 4422 sim,

421 4454 472 4512 si
529 4471 668 4512 eam
759 4453 1088 4512 hominum
1177 4454 1708 4515 existimationem
1767 4455 2167 4519 obtinerem.
2231 4484 2259 4515 »
2323 4461 2546 4520 [Etatis
2603 4460 2794 4537 igitur
2871 4456 3319 4535 dignitatisque
3406 4449 3844 4531 prarogativa,

419 4548 542 4610 hoc
602 4567 751 4609 usus
825 4568 958 4609 esse
1015 4550 1327 4609 vocabulo
1389 4550 1726 4629 Gregorius
1787 4552 2078 4626 videtur,
2144 4561 2205 4616 et
2264 4556 2559 4616 amitinos
2637 4554 3034 4634 appellavit,
3092 4553 3278 4612 modo
3329 4551 3602 4620 fratres,
3669 4545 3848 4606 modo

419 4647 608 4708 ﬁlios.

501 4765 589 4823 De
647 4765 887 4823 Nonna
925 4808 939 4835 ,
997 4763 1284 4840 Gregorii
1342 4765 1605 4834 matris,
1665 4767 1997 4844 nepotibus
2057 4789 2222 4830 nunc
2281 4771 2615 4831 dicamus.
2678 4772 2901 4829 Nonna
2966 4774 3091 4827 tres
3168 4765 3397 4825 liberos
3473 4758 3844 4840 pocreavit,

421 4861 840 4938 Gregorium,
899 4861 1238 4920 Casarium
1276 4907 1290 4934 ,
1352 4869 1413 4922 et
1471 4862 1669 4922 ﬁliam
1721 4865 1971 4925 nomine
2047 4869 2423 4947 Gorgoniam
2463 4913 2477 4927 .
2539 4867 2776 4926 Calebs
2851 4865 3006 4926 obiit
3080 4862 3386 4925 Caesarius
3438 4879 3453 4933 ;
3515 4857 3850 4936 Gregorius

417 4957 846 5034 virginitatem
910 4964 1214 5036 perpetuo
1278 4960 1516 5032 coluit,
1577 4960 1895 5039 vitamque
1955 4967 2366 5025 monasticam
2452 4966 2780 5024 exercuit.
2817 4964 2965 5024 Sola
3039 4969 3323 5041 posteros
3381 4956 3639 5035 reliquit
3699 4957 3848 5015 Gor-

417 5054 650 5130 gonia,
712 5073 854 5132 qua
910 5057 1126 5133 nupsit
1176 5056 1449 5134 Alypio.
1503 5057 1755 5116 Nullum
1803 5060 1936 5135 jam
2007 5062 2383 5141 conjecturis
2462 5064 2669 5121 locum
2750 5062 2824 5120 de
2885 5060 3110 5119 marito
3188 5055 3523 5134 Gorgonia
3575 5099 3589 5125 ,
3656 5066 3844 5129 quem

413 5150 723 5210 Baronius
781 5151 845 5211 in
906 5153 1049 5212 Vita
1108 5154 1388 5230 Gregorii
1451 5153 1832 5214 Vitalianum
1895 5159 2084 5217 fuisse
2134 5159 2558 5239 conjiciebat,
2619 5157 3057 5216 Tillemontius
3130 5154 3411 5215 modeste
3467 5147 3851 5229 suggerebat

413 5264 546 5307 esse
582 5248 917 5402 1lltieletium
955 5298 968 5322 ,
1037 5251 1335 5330 relinquit
1390 5251 1786 5332 epitaphium
1837 5273 1957 5316 LXX
2011 5256 2094 5336 (ὁ)
2127 5300 2142 5320 .
2201 5260 2272 5318 ln
2330 5275 2405 5317 eo
2464 5255 2774 5333 siquidem
2847 5254 3108 5332 Alypius
3188 5249 3522 5328 Gorgonia
3579 5245 3846 5308 maritus

413 5360 579 5402 anne
633 5349 817 5402 atur:
2025 5343 2036 5355 “

413 5344 777 5423 appellatur
800 5360 817 5403 :
2025 5343 2036 5355 “

485 5673 562 5745 (τι)
593 5673 784 5732 Carmo
817 5677 890 5734 ad
923 5676 1251 5750 Olympiad-
2257 5691 2333 5763 (b)
2365 5690 2599 5760 Murat.,
2629 5705 2720 5760 ep.
2750 5688 2846 5758 7o,
2877 5704 2934 5759 p.
2965 5688 3055 5745 65.
