4080 6422
275 378 329 438 39
1349 383 1765 445 PREFA'I‘IO
1811 379 2272 443 GENERALIS.
2307 412 2385 426 —-
2414 378 2621 440 PARS
2664 377 2745 439 ΙΙ.
3672 378 3754 438 90

1028 524 1213 585 Κτῆσιν
1245 515 1357 585 ἰὴν,
1392 516 1589 586 σάρκας
1619 535 1678 568 τε
1704 513 1793 586 δεᾳὶ
1822 512 1997 586 ὀστέα,
2030 512 2181 586 πάντξ
2211 511 2460 565 ἀναθεῖσα

1092 583 1370 664 Γοργόνῴ
1404 583 1643 664 Xennii,
1677 584 1874 664 psuvov
1909 583 2291 664 dpﬁxsjtfpi‘v,

1025 661 1096 718 Οὐ
1130 652 1232 732 μξήἶιρ
1268 657 1402 734 οὗδέΔ
1419 652 1785 734 ᾳέόσμιῶδτξρρν
1819 652 2202 734 χρόγόέχάλγ
2232 652 2333 730 ἄρα
2361 653 2450 708 καὶ
2480 653 2571 707 τὸν

1090 726 1357 807 Ἥρᾶτασεν
1388 731 1640 802 ἐξαπίνης
1671 726 1899 803 ὦίύδιμόν
1932 726 2218 809 ’ᾼλύπιοψ

1026 851 1269 905 Censum
1302 866 1496 914 suum,
1531 864 1737 903 carnes
1766 850 1823 901 et
1853 863 2007 913 ossa,
2041 845 2240 901 omnia
2270 860 2403 899 cum
2437 847 2728 899 sacrasset

1087 922 1442 992 Gorgonium
1474 922 1723 989 Christo,
1758 917 1950 974 solum
1985 918 2297 992 reliquerat
2328 933 2634 992 sponsum,

1053 987 1467 1073 verumtamen
1495 1010 1607 1073 non
1642 987 1738 1046 diu
1770 1008 2076 1073 sponsum.
2108 987 2217 1043 Sed
2252 990 2506 1073 profecto
2536 992 2594 1043 et
2625 987 2820 1058 ipsum

1087 1064 1377 1120 lllustrem
1410 1065 1677 1137 Alypium
1710 1081 1777 1118 ex
1808 1060 2124 1132 improviso
2156 1060 2370 1132 rapuit.

332 1193 412 1254 Ad
494 1196 875 1276 Alypium
930 1197 1057 1258 sine
1116 1198 1538 1259 controversia
1587 1197 1836 1276 scriptae
1904 1202 2053 1257 sunt
2098 1195 2402 1274 epistola,
2454 1209 2704 1265 LXXXII,
2764 1192 2919 1252 alias
2977 1208 3200 1254 CXLVIII
3253 1210 3267 1263 ;
3329 1208 3610 1266 LXXXIII,
3670 1194 3751 1255 al.

282 1308 471 1366 CXLIX;
538 1311 848 1369 LXXXVI,
925 1296 986 1356 al
1043 1313 1128 1368 CL,
1189 1315 1331 1356 cum
1391 1296 1452 1356 in
1519 1301 1836 1376 postremo
1890 1295 2147 1356 laudata
2206 1294 2439 1354 sororis
2495 1311 2624 1352 suae
2685 1291 3066 1351 mentionem
3128 1290 3214 1349 sic
3275 1291 3464 1352 facait
3521 1294 3754 1372 Grego-

292 1391 420 1463 rius,
480 1398 567 1453 ut
631 1414 945 1455 uxorem
1008 1395 1213 1474 Alypii
1271 1395 1454 1457 facile
1510 1413 1833 1474 agnoscas.
1872 1394 1965 1454 Ad
2022 1393 2313 1455 eumdem
2372 1392 2535 1452 datae
2586 1396 2733 1450 sunt
2789 1389 3094 1470 epistolae,
3127 1406 3353 1450 LXXXIV
3412 1395 3474 1451 et
3530 1408 3754 1468 LXXXV,

310 1492 374 1551 al.
403 1509 492 1553 CLI
558 1498 633 1553 et
702 1511 881 1554 CLII:
920 1512 1120 1572 neque
1174 1498 1387 1554 tamen
1448 1494 1745 1573 Alypium
1806 1493 1985 1553 illum
2034 1490 2452 1571 Cappadociae
2508 1488 2839 1569 praesidem
2896 1488 3273 1551 constituere
3330 1506 3581 1549 necesse
3638 1496 3753 1552 est.

316 1591 450 1649 Num
514 1592 606 1651 ad
672 1592 992 1672 Alypium
1050 1593 1338 1653 eumdem
1400 1592 1667 1671 epistola
1725 1610 1843 1663 LXI,
1904 1591 2060 1653 alias
2115 1608 2295 1659 LXXX,
2340 1588 2677 1650 verisimile
2739 1606 2867 1647 non
2930 1591 3045 1647 est.
3110 1590 3441 1665 Repuguat
3498 1588 3757 1652 omnino

317 1686 634 1759 laudibus,
672 1689 868 1767 queis
924 1689 988 1748 in
1046 1690 1329 1751 oratione
1385 1689 1634 1750 funebri
1688 1690 2019 1767 Gorgonius
2070 1689 2333 1768 Alypius
2380 1686 2615 1765 conjux
2670 1691 2952 1758 ornatur,
3011 1691 3073 1745 et
3128 1685 3452 1763 epitaphio
3505 1703 3619 1747 LXX
3675 1687 3759 1768 (α)

328 1787 391 1848 de
436 1807 514 1849 eo
576 1789 821 1869 Alypio
881 1790 1143 1868 scriptas
1202 1808 1335 1850 esse
1388 1789 1686 1867 epistolas
1744 1808 1894 1851 CCVII
1948 1797 2010 1850 et
2068 1806 2267 1860 CCVIII,
2331 1788 2414 1847 al.
2474 1804 2652 1849 CXLVI
2712 1792 2773 1847 et
2827 1802 3050 1847 CXLVII.
3110 1786 3374 1863 Alypius
3430 1786 3620 1857 enim,
3681 1788 3760 1846 de

335 1905 448 1964 quo
503 1885 609 1946 his
668 1887 737 1945 in
796 1887 1043 1957 litteris,
1102 1887 1490 1966 Simpliciam
1552 1906 1812 1948 uxorem
1874 1888 2207 1958 habuerat,
2260 1892 2322 1946 et
2380 1885 2632 1945 viduam
2698 1885 2973 1944 moriens
3028 1884 3391 1961 reliquerat.
3426 1884 3758 1961 Gorgonius

340 2003 474 2044 vero
532 1984 777 2063 coniux
837 1986 1118 2064 Alypius,
1179 1992 1240 2045 et
1296 1986 1477 2045 uxori
1534 1993 1847 2064 superstes
1906 1986 2044 2057 fuit,
2104 1991 2167 2045 et
2229 1985 2320 2045 ita
2375 1985 2433 2044 ei
2488 1983 2797 2062 superfuit
2852 1982 3230 2061 baptizatus,
3280 1988 3351 2042 ut
3398 1982 3475 2041 ad
3533 2000 3759 2042 secun-

340 2081 446 2143 das
472 2083 735 2160 nuptias
764 2083 1138 2146 convolaudi
1168 2102 1280 2144 nec
1310 2083 1588 2143 animum
1621 2103 1735 2145 nec
1763 2090 2011 2163 tempus
2040 2083 2353 2143 habuerit.

415 2180 732 2239 Baronius
812 2181 1161 2259 Gorgonius,
1225 2186 1385 2259 praet
1414 2199 1481 2241 er
1559 2182 1933 2262 Alypianam
1992 2182 2213 2254 ﬁliam,
2272 2181 2435 2241 ﬁlios
2492 2198 2747 2259 quoque
2805 2179 2963 2239 duos
2997 2225 3010 2251 ,
3044 2179 3298 2239 Petrum
3360 2181 3421 2237 et
3474 2176 3753 2239 Phocam

335 2278 562 2337 tribuit
596 2278 816 2338 eodem
870 2297 1103 2349 errore,
1162 2298 1287 2357 quo
1342 2279 1748 2352 Vitalianum,
1786 2281 1965 2359 cujus
2021 2280 2133 2341 ﬁlii
2185 2282 2407 2341 Petrus
2461 2285 2523 2340 et
2580 2279 2824 2339 Phocas
2882 2278 3077 2349 fuere,
3124 2277 3181 2337 ei
3237 2295 3539 2357 sponsum
3598 2278 3757 2337 assi-

334 2376 578 2453 gnavit.
629 2375 817 2436 Filios
874 2376 1088 2437 itidem
1146 2377 1304 2438 duos
1363 2378 1677 2455 Gorgonis
1736 2385 1917 2441 natos
1964 2379 2029 2439 in
2058 2378 2407 2439 orationem
2469 2382 2783 2449 octavam,
2844 2375 3001 2436 alias
3054 2393 3138 2449 XI,
3191 2394 3365 2435 num.
3429 2377 3526 2452 14,
3589 2375 3759 2437 Elias

342 2474 655 2534 Cretensis
713 2475 1026 2548 afﬁrmat;
1084 2476 1342 2535 nomina
1366 2481 1579 2537 autem
1636 2478 1877 2551 reticet,
1912 2482 1974 2538 et
2027 2478 2249 2537 ambos
2304 2482 2553 2537 tantum
2589 2476 2731 2536 «ad
2787 2476 3185 2554 episcopatus
3233 2474 3553 2552 fastigium
3612 2492 3758 2536 eve-

344 2577 488 2631 ctos
538 2596 565 2624 »
623 2573 842 2632 asserit
895 2590 909 2631 :
969 2571 1137 2647 quod
1197 2573 1299 2632 vix
1347 2573 1600 2636 credere
1648 2574 1795 2635 sinit
1856 2575 2237 2653 scriptorum
2296 2573 2579 2634 omnium
2640 2574 2717 2634 de
2776 2572 2874 2632 his
2940 2572 3257 2632 silentium
3295 2617 3309 2633 .
3368 2572 3513 2635 Veri
3570 2571 3760 2650 longe

333 2668 605 2728 similius
657 2676 749 2729 est
807 2670 1209 2747 Gorgoniam,
1270 2676 1501 2749 praeter
1550 2672 1949 2752 Alypianam,
2005 2672 2083 2755 de
2139 2691 2267 2750 qua
2324 2676 2572 2732 constat
2630 2672 2727 2730 vel
2776 2688 2850 2729 ex
2910 2669 3255 2748 epigraphe
3314 2670 3597 2748 epistolae
3645 2689 3755 2743 XII,

324 2767 497 2827 alias
552 2784 701 2840 CLV,
750 2775 812 2828 et
870 2769 1141 2829 maxime
1195 2787 1271 2829 ex
1329 2770 1606 2829 carmine
1664 2772 1743 2829 50
1800 2770 1880 2849 (ὁ)
1916 2819 1930 2845 ,
1985 2756 2094 2831 ubi
2146 2770 2471 2849 Alypiaua;
2519 2769 2687 2828 ﬁlius
2746 2769 3088 2829 Nicobulus
3145 2769 3514 2846 Gregorium
3574 2777 3760 2829 vocat

329 2889 364 2921 α
429 2865 653 2926 matris
686 2866 1090 2940 avunculum,
1152 2889 1180 2924 υ
1245 2862 1430 2940 δέρκεο
1467 2865 1669 2941 μητρὸς
1730 2866 1868 2938 ἐμῆς
1932 2890 1940 2938 ι

2146 2888 2156 2919 ρ
2216 2867 2382 2941 μέγαν
2415 2884 2428 2898 ·
2479 2867 2881 2927 verisimilius
2915 2914 2928 2936 ,
2962 2867 3224 2945 inquam
3252 2913 3266 2939 ,
3320 2873 3553 2945 praeter
3606 2866 3757 2945 Aly-

323 2964 597 3043 pianam
631 2964 911 3041 geminas
940 2963 1096 3025 alias
1126 2965 1505 3043 Gorgoniam
1539 2968 1785 3026 enixam
1820 2968 1999 3035 ﬁlias,
2037 2967 2382 3045 Eugeniam
2417 2971 2480 3026 et
2508 2968 2820 3025 Nonnam.

410 3062 666 3121 Etenim
727 3062 1061 3140 Gregorius
1117 3063 1443 3141 Alypiaua
1497 3087 1525 3118 «
1582 3065 1727 3125 ﬁliae
1784 3084 1914 3126 suae
1965 3065 2345 3126 dulcissimae
2382 3112 2397 3137 ,
2460 3070 2530 3125 ut
2602 3068 2837 3135 vocat,
2898 3063 3245 3142 Eugeniam
3323 3067 3386 3123 et
3469 3066 3760 3123 Nonnam

310 3159 415 3219 ita
470 3159 538 3218 in
591 3164 961 3219 testamento
1011 3158 1320 3239 adjungit,
1364 3168 1435 3221 ut
1479 3162 1699 3223 eodem
1748 3164 1890 3224 illas
1939 3169 2128 3243 atque
2192 3163 2565 3243 Alypianam
2644 3162 2843 3241 gradu
2919 3161 3108 3222 fuisse
3153 3161 3443 3222 dubitare
3490 3180 3615 3222 non
3675 3160 3759 3221 si-

310 3263 442 3316 nat
498 3255 600 3316 hic
657 3256 954 3335 loquendi
1004 3258 1265 3319 modus:
1334 3282 1364 3314 «
1420 3259 1798 3339 Alypianam
1858 3261 2054 3322 ﬁliam
2117 3280 2322 3322 meam
2381 3261 2809 3321 dulcissimam
2873 3259 3268 3341 (caeterarum
3324 3260 3488 3319 enim
3547 3261 3757 3338 Euge-

310 3354 453 3415 niae
536 3360 597 3415 et
678 3357 913 3415 Nonus:
996 3356 1219 3435 exigua
1300 3358 1461 3418 ratio
1547 3358 1843 3420 habenda
1925 3360 2089 3439 est),
2153 3366 2462 3421 etc.......
2522 3360 2658 3421 haec
2742 3359 2821 3420 ad
2877 3359 3072 3439 ipsius
3143 3358 3473 3438 Alypianae
3528 3357 3762 3419 liberos

308 3453 652 3534 pertinere
685 3453 864 3527 volo;
902 3477 931 3509 »
969 3461 1030 3515 et
1065 3478 1093 3511 κ
1152 3455 1328 3516 nulla
1380 3456 1443 3515 in
1502 3476 1567 3519 re
1625 3458 1979 3537 ipsam,vel
2035 3477 2281 3520 sorores
2342 3461 2567 3537 ejus,»
2630 3478 2858 3538 nempe
2916 3457 3262 3536 Eugeniam
3322 3463 3383 3518 et
3442 3460 3759 3530 Nonnam,

310 3576 353 3608 α
394 3551 709 3613 molestas
762 3570 978 3613 esse.»
1044 3553 1203 3624 Quid
1262 3553 1494 3615 clarius
1551 3563 1621 3616 ut
1676 3557 2141 3620 demonstretur
2197 3558 2574 3637 Alypianam
2624 3557 2824 3628 illam,
2889 3576 3027 3641 non.
3064 3556 3371 3634 virginem
3429 3574 3566 3615 eam
3628 3574 3764 3617 esse

300 3650 394 3711 de
463 3668 596 3727 qua
665 3650 930 3728 epistola
986 3668 1183 3723 CLVIII,
1242 3652 1303 3712 al
1364 3670 1625 3726 CCXXXII,
1685 3656 1794 3715 sed
1848 3675 1989 3733 quas
2043 3656 2351 3717 Nicobulo
2411 3662 2758 3734 nupserat,
2818 3661 2879 3716 et
2930 3673 3178 3714 sorores
3227 3653 3364 3731 ejus
3420 3671 3761 3731 germanas

300 3749 525 3808 fuisse
581 3748 926 3825 Eugeniam
986 3755 1047 3808 et
1103 3751 1391 3810 Nonnam
1441 3754 1469 3810 ?
1530 3753 1696 3823 Quas
1754 3754 2008 3829 quidem
2064 3754 2340 3831 virgines
2417 3752 2839 3830 permansisse
2896 3751 3055 3810 nihil
3114 3768 3365 3809 necesse
3450 3755 3545 3809 est
3621 3768 3759 3810 cre-

303 3845 501 3905 dere.
536 3844 709 3915 Quod
744 3844 910 3904 euim
968 3845 1046 3903 de
1104 3847 1421 3923 Gorgonis
1477 3847 1710 3909 dictum
1771 3857 1865 3910 est
1918 3850 1980 3909 in
2041 3851 2325 3912 oratione
2381 3867 2509 3921 VIII,
2547 3850 2703 3909 alias
2744 3867 2831 3921 XI,
2877 3871 2905 3905 ι(
2964 3846 3245 3925 corporis
3302 3848 3601 3919 fructum,
3636 3846 3759 3909 hoc

302 3949 412 4003 est
472 3941 702 4002 liberos
758 3948 821 4001 et
875 3948 1137 4020 nepotes
1192 3943 1450 4022 spiritus
1505 3945 1777 4006 fructum
1836 3948 2127 4021 effecit,»
2190 3948 2267 4007 de
2325 3948 2642 4026 baptismo
2702 3952 2765 4006 et
2819 3944 3290 4007 consecratione
3346 3962 3489 4022 quae
3547 3962 3623 4004 ex
3680 3963 3755 4006 eo

308 4040 505 4110 ﬂuit,
558 4045 769 4119 potest
825 4046 886 4101 et
938 4040 1125 4101 debet
1180 4042 1381 4121 accipi
1435 4060 1447 4102 :
1497 4044 1733 4124 alioqui
1790 4046 2151 4124 virginitate
2208 4064 2607 4106 consecrasse
2664 4045 2827 4105 ﬁlias
2914 4062 3059 4104 suas
3135 4061 3355 4103 omnes
3438 4043 3759 4121 Gorgonis

318 4136 601 4197 dicenda
659 4143 865 4209 esset,
926 4140 1090 4217 quod
1152 4140 1407 4217 quidem
1468 4142 1808 4202 absurdum
1869 4152 1930 4203 et
2015 4144 2179 4205 facto
2264 4144 2650 4204 contrarium
2698 4162 2712 4217 ;
2774 4142 3092 4221 siquidem
3173 4140 3486 4220 Alypiaua
3541 4139 3758 4219 nupsit

296 4234 657 4300 Nicobulo.
717 4236 998 4313 Eugenia
1051 4256 1324 4315 quoque,
1359 4239 1457 4296 vel
1516 4242 1759 4302 Nouua.
1798 4241 2066 4303 Meletio.
2093 4243 2153 4302 Is
2206 4247 2299 4302 est
2351 4242 2658 4316 Meletius,
2719 4242 2826 4321 qui
2883 4241 2950 4299 in
3022 4244 3401 4300 testamento
3472 4237 3756 4317 Gregorii

288 4326 572 4405 γαμϐρός
605 4333 850 4408 dicitur,
886 4334 1057 4413 quod
1087 4334 1222 4413 ejus
1248 4336 1477 4397 sosoris
1510 4336 1703 4399 ﬁliam
1739 4358 1996 4400 uxorem
2029 4340 2332 4401 duxisset.

383 4434 495 4493 Ex
557 4431 885 4505 Nicobulo,
919 4431 1002 4492 ad
1061 4450 1247 4511 quem
1306 4434 1519 4513 plures
1579 4438 1862 4514 Gregorii
1916 4436 2224 4515 epistolae,
2271 4444 2334 4498 et
2404 4437 2721 4517 Alypiaua
2776 4436 3120 4498 Nicobulus
3175 4435 3336 4496 alter
3394 4439 3578 4495 natus
3633 4439 3750 4509 est,

286 4538 365 4591 et
430 4529 757 4608 Alypiaua
815 4529 1014 4607 Virgo,
1046 4529 1126 4590 de
1182 4550 1309 4609 qua
1365 4533 1635 4610 epistola
1691 4552 1926 4609 CLXXXI,
1992 4536 2073 4608 al,
2139 4552 2361 4597 CXXXII.
2425 4539 2512 4597 De
2572 4535 2878 4597 Nicobule
2948 4539 3119 4595 certa
3179 4552 3279 4593 res
3334 4538 3468 4604 est,
3528 4532 3626 4591 vel
3675 4551 3753 4593 ex

287 4629 606 4690 carmine
655 4626 825 4705 quod
884 4627 1171 4688 Nicobuli
1229 4648 1457 4691 nomen
1517 4632 1636 4692 sibi
1688 4632 2094 4713 praescripsit,
2148 4640 2210 4695 et
2256 4654 2333 4695 ex
2391 4635 2588 4714 patris
2645 4632 2935 4695 Nicobuli
2992 4630 3423 4711 responsione,
3470 4630 3749 4709 itemque

289 4746 387 4788 ex
419 4725 700 4805 epistola
746 4742 919 4797 CXCV,
975 4726 1132 4786 alias
1188 4743 1365 4802 XLIV;
1429 4730 1595 4791 unde
1644 4731 1942 4792 discimus
1997 4732 2154 4793 alios
2212 4733 2521 4794 Nicobulo
2569 4732 2809 4811 juniori
2869 4748 3207 4809 germanos
3264 4728 3489 4788 fratres
3530 4727 3746 4802 fuisse,

290 4842 596 4904 quorum
630 4823 727 4883 vel
757 4823 1012 4884 nomina
1044 4824 1293 4902 penitus
1317 4826 1711 4904 ignorantur.

392 4925 569 4985 Sunt
627 4921 734 4982 alii
785 4922 943 4982 bene
1001 4922 1185 4982 multi
1242 4924 1542 5003 Gregorio
1600 4933 1815 5015 nostro
1869 4928 2090 4990 afﬁnes
2148 4935 2208 4990 et
2274 4928 2729 5007 consanguinei
2779 4947 2794 5001 ;
2854 4927 2919 4987 in
2978 4944 3248 5006 quorum
3334 4942 3598 4985 numero
3655 4930 3753 4986 est

289 5020 736 5100 Euphemius,
799 5020 957 5080 alter
1013 5019 1093 5079 ab
1142 5020 1565 5099 Amphilochii
1612 5026 1766 5085 ﬁlio.
1830 5029 1917 5087 De
1974 5045 2048 5088 eo
2105 5028 2167 5086 in
2228 5032 2645 5097 testamento,
2710 5026 2819 5087 ubi
2876 5044 2976 5087 res
3022 5026 3187 5085 inter
3244 5023 3465 5083 afﬁnes
3511 5026 3745 5099 agitur.

386 5117 758 5179 Helladium
808 5118 1249 5196 Eulaliumque
1306 5122 1528 5183 fratres
1586 5124 1854 5203 epistola
1909 5142 2012 5199 XV,
2074 5126 2231 5187 alias
2288 5144 2463 5199 CXCV,
2526 5126 2859 5203 Gregorius
2916 5129 3101 5185 vocat
3156 5143 3184 5179 (ι
3242 5119 3650 5181 consobrinos
3708 5142 3740 5178 ιι

288 5233 482 5286 suos,
544 5220 658 5275 aut
714 5215 1047 5294 patrueles,
1125 5212 1394 5288 ἀνεψίους.
1430 5220 1549 5282 nisi
1608 5222 1805 5283 mavis
1863 5241 1941 5284 ex
1997 5242 2213 5285 sorore
2270 5230 2381 5285 aut
2436 5225 2942 5304 pr0pinquorum
3011 5221 3226 5300 aliquo
3294 5224 3577 5299 nepotes,
3626 5237 3745 5297 pro

288 5314 491 5375 varia
526 5313 694 5374 vocis
751 5314 1229 5394 signiﬁcatione.

383 5411 731 5491 Gregorius
767 5418 829 5475 et
884 5414 1179 5479 Basilissa
1232 5436 1412 5481 soror
1466 5418 1603 5498 ejus
1658 5437 1963 5499 germana
2014 5421 2340 5501 epitaphio
2425 5439 2459 5483 ι
2512 5420 2617 5503 (c),
2678 5439 2924 5483 necnon
2982 5417 3310 5493 Eusebius,
3343 5415 3453 5495 qui
3511 5414 3742 5475 utrius-

399 5652 459 5737 ᾳξ
492 5654 727 5737 ἕαται..
757 5653 1064 5737 ep._]_0,_p.
1096 5658 1186 5737 65_.
2151 5661 2222 5735 (ο)
2253 5661 2490 5731 Murat.,
2518 5678 2610 5733 ep.
2640 5660 2733 5717 50.

376 5652 456 5794 ξω
494 5654 727 5724 Μωδαῒ..
757 5669 789 5710 e
835 5697 849 5711 .
881 5653 977 5737 7_0,
1008 5671 1064 5727 p.
1096 5658 1186 5712 65.

401 5698 460 5796 b5
490 5723 707 5800 Garm.,
736 5670 829 5785 ecf
845 5725 1051 5784 NIcob.
1083 5732 1234 5801 patr.
2042 5786 2045 5789 λ
