4080 6428
436 386 505 445 91
1440 388 1856 448 PR/EFATIO
1904 388 2469 450 GENEItALIS.-—
2499 390 2696 451 PARS
2742 389 2849 450 IlI.
3758 394 3830 452 92

439 537 563 597 que
594 520 788 580 frater
817 522 1073 581 omnino
1104 520 1352 581 videtur
1395 520 1502 601 (a),
1539 541 1664 581 una
1712 541 1854 581 cum
1917 524 2138 583 Nonna
2199 530 2398 584 matre
2455 523 2762 601 Theologi
2852 543 2929 584 ex
3016 524 3208 585 variis
3261 524 3594 602 epitaphiis
3638 543 3710 585 eo
3738 531 3829 586 tu-

440 618 614 677 mulo
645 619 881 678 conditi
911 618 1013 698 (b),
1049 620 1158 697 qui
1217 620 1499 697 Gregorii
1556 627 1617 680 et
1650 624 1887 679 Nonnaa
1944 621 2237 697 sanguini
2298 628 2553 700 paratus
2609 628 2766 696 erat,
2830 622 2929 692 αἴμ

1835 638 1887 679 a3
1944 621 2237 697 sanguini
2298 628 2553 700 paratus
2609 628 2766 696 erat,
2830 622 2967 692 αἷμα
3021 620 3084 674 τὸ
3140 619 3467 695 Γρηγορίου,
3526 618 3725 690 Νόννης
3776 642 3829 675 τε

444 711 768 787 μεγακ).ἐος,
803 720 882 779 ab
914 718 1130 778 eodem
1170 718 1353 777 alieni
1381 736 1608 795 genere
1638 736 1770 778 esse
1801 736 1925 777 non
1961 726 2245 796 possunt.

524 815 911 889 Nicomedes,
973 817 1036 875 in
1095 833 1280 894 quem
1339 815 1459 874 tria
1516 822 1661 875 sunt
1717 815 2039 893 epitapbia
2099 816 2195 897 (ε),
2261 817 2441 895 cujus
2498 818 2688 878 etiam
2750 818 2970 878 laudes
3028 817 3273 896 plenius
3331 817 3723 877 celebrantur
3773 816 3828 877 in

446 914 724 975 carmine
755 915 815 974 al
842 932 1029 975 XLVIII
1066 914 1170 993 (at),
1207 932 1280 971 ex
1312 912 1531 973 eodem
1565 917 1771 973 cretus
1802 914 2106 991 sanguine
2138 916 2405 975 vi-letur.

523 1013 663 1072 Jam
695 1014 772 1073 de
800 1012 1083 1073 Philtatii
1141 1011 1556 1072 adolescentis
1613 1030 1753 1071 cum
1817 1013 2112 1090 Gregorio
2169 1013 2475 1073 affinitate
2534 1013 2823 1073 dubitare
2880 1013 2983 1072 vix
3040 1031 3267 1073 nomen
3329 1012 3495 1086 sinit,
3540 1012 3706 1092 quod
3759 1013 3830 1073 ab

443 1126 560 1169 avo
597 1111 876 1189 Gregorii
939 1128 1224 1170 manasse
1266 1108 1574 1169 videatur.
1634 1109 1865 1170 Suadei
1921 1110 2109 1169 etiam
2163 1110 2554 1192 epitaphium
2614 1112 3007 1185 XLv,Murat.
3041 1130 3102 1191 p.
3143 1114 3237 1186 42,
3274 1130 3346 1171 ac
3401 1110 3647 1189 penitus
3700 1130 3828 1190 per-

441 1208 780 1269 suaderent
833 1209 932 1269 haa
993 1227 1171 1269 voces
1231 1232 1260 1264 «
1318 1225 1496 1267 sacra
1554 1207 1763 1280 tellus,
1822 1232 1852 1263 »
1908 1206 1958 1267 si
2016 1209 2327 1269 tumulum
2386 1218 2559 1270 certo
2640 1209 3063 1288 sgniﬁcarent.
3127 1234 3156 1265 «
3217 1208 3686 1279 Verisimilium,
3742 1209 3828 1269 in-

434 1305 572 1384 quit
629 1308 1004 1368 Muratorius
1040 1352 1055 1379 ,
1115 1305 1501 1366 necessarios
1555 1305 1928 1366 Nazianzeni
1984 1306 2171 1366 fuisse
2246 1307 2628 1368 Philtatios.
2690 1333 2720 1364 »
2786 1308 2943 1369 Huic
3022 1307 3406 1369 adolescenti
3480 1306 3827 1369 adolescen-

438 1402 608 1462 tulus
664 1404 823 1464 alter
877 1403 1344 1483 adjungendus,
1380 1403 1715 1480 Gregorius
1772 1403 2047 1476 nomine,
2085 1404 2369 1482 Gregorii
2415 1423 2492 1466 ex
2548 1424 2763 1466 sorore
2820 1423 3016 1484 nepos
3071 1412 3180 1466 aut
3232 1405 3535 1484 abnepos,
3583 1405 3661 1465 de
3712 1424 3826 1483 quo

422 1501 815 1579 epitaphium
875 1520 1101 1563 cxxxm
1158 1502 1328 1580 apud
1386 1502 1638 1562 Murat.
1701 1505 1827 1562 Hos
1883 1520 2102 1562 omnes
2157 1510 2387 1581 praeter
2466 1504 2815 1565 stemmatis
2886 1504 3109 1563 seriem
3184 1522 3584 1563 recensemus
3618 1548 3632 1575 ,
3691 1502 3827 1581 quia

428 1616 555 1676 quo
612 1600 833 1659 ordine
879 1600 970 1659 illi
1028 1618 1099 1660 ac
1148 1600 1287 1661 loco
1344 1599 1660 1660 statuendi
1717 1599 1842 1660 sint
1896 1599 2282 1678 ignoramus.
2316 1601 2411 1662 Sit
2466 1601 2663 1679 igitur
2719 1620 2758 1661 a
2815 1607 3038 1676 matre,
3073 1601 3440 1679 Gregoriani
3494 1601 3826 1661 stemmatis

417 1694 539 1755 ista
571 1696 929 1757 delineatio.

1633 1949 2064 2006 PHILTATIUS
2104 1951 2191 2006 ET
2231 1950 2621 2006 GORGONlA.

684 2037 3281 2180 AMPHILoMORIUS
3313 2107 3550 2177 conjux.

424 2202 1657 2335 ἽΜΟΟΗΙΗΞ
1730 2279 2127 2335 THEODOSIS
2217 2205 2929 2334 Μ

1832 2279 2127 2335 EODOSIS
2217 2205 3821 2334 ﬁlii-ml

426 2353 697 2422 mortuus
721 2348 1069 2422 sineliberis
1125 2351 1657 2421 postealconiensis
1752 2351 2114 2422 Olympiadis
2944 2348 3323 2422 conjugfjux
3433 2347 3563 2402 sine
3593 2347 3797 2403 liberis.

425 2419 603 2493 paulo
640 2425 773 2477 ante
804 2420 1064 2493 nUptias.
1126 2419 1142 2421 ⁷
1230 2422 1559 2494 episcopus.
1769 2419 2090 2479 educatrix.
2971 2419 3296 2475 ALYPIUS.

2407 2679 2838 2791 ἓὲἰὲὅθῗῗιῗΰξ

1839 2830 3387 2881 ΝΓκ

1817 2900 2221 2959 NICOBULUS
2408 2904 2765 2961 ALYPIANA
2913 2904 3141 2959 Fratres
3171 2901 3363 2971 multi,

1906 2973 2127 3044 junior.
2497 2977 2683 3049 virgo.
2900 2974 3139 3032 nomine
3160 2974 3380 3048 ignoto.

1580 3170 1862 3226 PR/ETER
1904 3170 2173 3227 ORDINIS
2210 3171 2458 3228 SERIEM
2493 3171 2667 3229 SUNT

1120 3267 1481 3341 Euphemius
1514 3270 1660 3327 alter
1690 3271 1760 3326 ab
1791 3270 2191 3342 Amphilocbii
2218 3270 2358 3340 ﬁlio,
2392 3272 2463 3328 de
2495 3289 2611 3342 quo
2642 3272 2701 3328 in
2735 3273 3133 3329 Testamento.

1262 3341 1528 3415 Meletius
1560 3341 2133 3415 maritusAEugeniie,
2166 3349 2267 3399 aut
2297 3349 2449 3398 certe
2480 3341 2696 3399 Nonnee
2722 3344 2997 3415 junioris.

1328 3413 1624 3488 Helladius
1659 3420 1713 3470 et
1729 3413 2000 3488 Eulalius
2034 3416 2302 3471 Nazianzi
2335 3416 2668 3488 episcopus,
2701 3413 2929 3471 fratres.

1373 3486 1682 3557 Eusebius,
1716 3486 2021 3559 Georgius,
2056 3488 2337 3542 Basilissa
2370 3486 2631 3559 germani
2668 3492 2724 3542 et
2753 3488 2887 3559 ipsi.

1715 3558 2063 3613 Nicomedes
2123 3575 2190 3614 ac
2252 3558 2548 3615 filiiduo.

1761 3629 2074 3684 Philtatius
2134 3629 2494 3687 adolescens.

1834 3702 2147 3774 Gregorius
2172 3703 2429 3772 juvenis.
2532 3772 2535 3775 Α

490 3849 567 3922 (a)
599 3850 701 3922 Ep.
735 3851 824 3915 46,
858 3867 914 3915 p.
951 3851 1038 3906 43.
2257 3851 2327 3978 (9
2360 3852 2462 3921 Ep.
2495 3852 2585 3919 36,
2618 3852 2708 3921 37,
2741 3852 2829 3905 38.

492 3923 565 3978 (bl
601 3922 833 3978 Murat..
868 3939 960 3978 en.
992 3924 1079 3978 49.
1113 3940 1169 3978 n.
1203 3925 1310 3978 115:
1344 3941 1438 3978 en.
1477 3924 1568 3978 50.
1612 3941 1668 3978 n.
1702 3925 1804 3978 46:
1851 3940 1941 3978 en.
1983 3925 2072 3978 66.
2254 3944 2267 3978 t
2324 3925 2336 3978 l
2370 3923 2562 3978 Carm.
2588 3923 2658 3978 ad
2689 3922 2829 3978 Helli

492 3923 575 4048 (gll
601 3922 833 3989 Murat.,
868 3939 960 3993 ep.
992 3924 1079 3988 49,
1113 3940 1169 3995 p.
1203 3925 1310 3991 115;
1344 3941 1438 3995 ep.
1477 3924 1568 3990 50,
1612 3941 1668 3995 p.
1702 3925 1804 3993 46;
1851 3940 1941 3995 ep.
1983 3925 2072 3991 66,
2254 3922 2336 3994 rd)
2370 3923 2562 3979 Carm.
2588 3923 2658 3978 ad
2689 3922 2910 3978 Hellen.
2939 3938 3089 3978 vers.
3127 3922 3228 3976 143
3258 3926 3315 3977 et
3344 3937 3463 3992 seq.

424 4008 482 4066 p.
592 4035 604 4048 .

1729 4269 2135 4352 TERTIA
2206 4270 2329 4354 PA
2349 4268 2521 4355 BS.

1145 4438 1247 4497 DE
1293 4436 1555 4498 VARUS
1602 4438 2138 4501 GHEGORIAN/E
2180 4440 2600 4502 DOGTRINE
2644 4440 3076 4502 CAPITIBUS.

505 4734 807 4806 Quamvis
883 4731 1219 4812 Gregorius
1274 4731 1381 4794 diu
1430 4733 1823 4813 multumque
1880 4735 2155 4813 patuerit
2205 4735 2482 4803 invidiae.
2542 4736 2830 4815 quamvis
2914 4735 3223 4815 plurimos
3296 4734 3439 4795 vitae.
3497 4739 3631 4795 toto
3690 4736 3826 4791 tem-

423 4851 576 4914 pore
608 4833 994 4912 acerbosque
1041 4839 1338 4911 expertus
1394 4831 1473 4892 sit
1528 4832 1940 4906 adversarios,
1976 4852 2305 4913 nunquam
2362 4854 2439 4895 ex
2487 4834 2562 4895 iis
2618 4835 2953 4913 quisquam
3014 4852 3205 4896 ausus
3262 4838 3355 4893 est
3408 4850 3553 4893 eum
3612 4827 3825 4891 erroris

424 4931 792 4994 insimulare
847 4938 909 4991 et
962 4930 1157 5009 ipsius
1213 4930 1562 4990 doctrinam
1617 4948 1898 5009 carpere.
1961 4956 1988 4986 α
2056 4932 2274 5011 Hujus,
2335 4932 2543 5011 inquit
2603 4933 2887 5006 Ruﬁnus,
2947 4950 3152 5010 neque
3208 4930 3337 4991 vita
3406 4929 3643 5008 aliquid
3701 4942 3826 5007 pro-

422 5028 695 5091 babilius
752 5035 815 5089 et
870 5028 1147 5089 sanctius
1183 5073 1197 5101 ,
1258 5047 1460 5106 neque
1517 5029 1878 5108 eloquentia
1930 5030 2161 5090 clarius
2209 5036 2271 5090 et
2326 5030 2632 5091 illustrius
2667 5077 2681 5105 ,
2742 5050 2946 5111 neque
3004 5030 3125 5090 ﬁde
3185 5029 3402 5108 purius
3468 5034 3532 5088 et
3588 5025 3825 5093 rectius,

420 5145 628 5207 neque
682 5126 941 5187 scientia
991 5125 1238 5207 plenius
1295 5133 1355 5186 et
1411 5127 1748 5205 perfectius
1804 5129 2068 5188 inveniri
2121 5133 2373 5207 potest;
2409 5134 2628 5209 utpote
2684 5130 2795 5209 qui
2853 5130 3022 5190 solus
3069 5127 3170 5200 sit,
3231 5127 3309 5186 de
3359 5125 3537 5204 cujus
3585 5123 3704 5183 ﬁde
3758 5135 3827 5178 ne

421 5225 793 5287 dissidentes
852 5224 1105 5303 quidem
1167 5224 1330 5285 inter
1374 5243 1457 5296 se,
1520 5232 1589 5285 ut
1638 5225 1771 5285 ﬁeri
1838 5226 2018 5301 solet,
2082 5232 2291 5304 partes
2377 5233 2439 5287 et
2494 5227 2705 5288 studia
2780 5228 3102 5307 disputare
3164 5225 3482 5304 potuerint
3539 5242 3553 5296 ;
3614 5220 3717 5282 sed
3769 5215 3823 5277 id

428 5322 773 5386 obtinuerit
801 5323 968 5402 apud
1000 5327 1197 5383 Deum
1250 5328 1311 5383 et
1366 5323 1675 5384 Ecclesiae
1732 5325 1840 5385 Dei
1902 5324 2129 5397 meriti,
2191 5332 2262 5386 ut
2322 5325 2682 5404 quicunque
2739 5344 2930 5386 ausus
2989 5324 3175 5385 fuerit
3228 5322 3529 5383 doctrinas
3586 5320 3719 5399 ejus
3769 5315 3823 5374 in

429 5421 643 5498 aliquo
696 5420 1022 5499 refragari,
1058 5440 1135 5481 ex
1192 5421 1310 5481 hoc
1370 5422 1506 5500 ipso
1564 5422 1716 5500 quia
1769 5422 1904 5501 ipse
1958 5423 2158 5501 magis
2210 5423 2290 5484 sit
2331 5424 2663 5485 haereticus
2722 5428 3047 5502 arguatur.
3108 5420 3507 5483 Manifestum
3570 5428 3826 5493 namque

430 5518 730 5579 indicium
781 5525 876 5579 est
930 5537 1052 5578 non
1115 5538 1245 5578 esse
1305 5525 1487 5579 rectae
1544 5519 1690 5581 ﬁdei
1740 5520 2082 5593 hominem,
2116 5521 2225 5601 qui
2284 5522 2346 5581 in
2407 5522 2592 5581 ﬁdem
2654 5540 2795 5583 cum
2855 5520 3152 5600 Gregorio
3223 5538 3347 5580 non
3404 5514 3817 5578 concordat.»

425 5615 597 5679 Adeo
654 5636 815 5697 pura
865 5617 1030 5678 enim
1090 5622 1154 5677 et
1210 5616 1472 5691 sincera,
1526 5623 1590 5678 et
1644 5618 1815 5679 omni
1871 5638 2128 5699 prorsus
2175 5620 2329 5682 vitio
2382 5638 2600 5682 carens
2657 5620 2793 5700 ejus
2848 5619 3158 5693 doctrina,
3204 5622 3274 5677 ut
3329 5616 3474 5678 inde
3529 5607 3820 5685 Theologi

422 5732 656 5778 nomen
685 5734 847 5779 unus
875 5721 1019 5798 post
1045 5714 1403 5797 apostolum
1426 5716 1735 5779 Joannem
1768 5717 1848 5780 sit
1876 5717 2166 5799 adeptus.
