  <div class='ocr_page' id='page_1' title='image "/cluster/home/n/w/nwhite01/storage/ocr_20150623/35:no.1/coo.31924054869320/052.png"; bbox 0 0 4080 6430; ppageno 0'>
   <div class='ocr_carea' id='block_1_1' title="bbox 220 387 3710 456">
    <p class='ocr_par' dir='ltr' id='par_1_1' title="bbox 220 387 3710 456">
     <span class='ocr_line' id='line_1_1' title="bbox 220 387 3710 456; baseline -0.002 -1"><span class='ocrx_word' id='word_1_1' title='bbox 220 387 277 446; x_wconf 68' lang='grc'>⁸3</span> <span class='ocrx_word' id='word_1_2' title='bbox 1289 395 1704 456; x_wconf 74' lang='lat' dir='ltr'>PB/EFATIO</span> <span class='ocrx_word' id='word_1_3' title='bbox 1751 395 2319 456; x_wconf 79' lang='lat' dir='ltr'>GENERALIS.——</span> <span class='ocrx_word' id='word_1_4' title='bbox 2352 397 2552 456; x_wconf 83' lang='lat' dir='ltr'>PARS</span> <span class='ocrx_word' id='word_1_5' title='bbox 2599 395 2706 454; x_wconf 92' lang='lat' dir='ltr'><strong>III.</strong></span> <span class='ocrx_word' id='word_1_6' title='bbox 3630 394 3710 449; x_wconf 66' lang='lat'>94</span> 
     </span>
    </p>
   </div>
   <div class='ocr_carea' id='block_1_2' title="bbox 287 524 3709 606">
    <p class='ocr_par' dir='ltr' id='par_1_2' title="bbox 287 524 3709 606">
     <span class='ocr_line' id='line_1_2' title="bbox 287 524 3709 606; baseline 0.002 -25"><span class='ocrx_word' id='word_1_7' title='bbox 287 524 486 585; x_wconf 87' lang='lat' dir='ltr'>Plura</span> <span class='ocrx_word' id='word_1_8' title='bbox 523 533 780 590; x_wconf 86' lang='lat' dir='ltr'>tamen</span> <span class='ocrx_word' id='word_1_9' title='bbox 824 532 976 592; x_wconf 84' lang='lat' dir='ltr'>sive</span> <span class='ocrx_word' id='word_1_10' title='bbox 1007 531 1271 592; x_wconf 82' lang='lat' dir='ltr'>Clericus</span> <span class='ocrx_word' id='word_1_11' title='bbox 1302 532 1381 591; x_wconf 88' lang='lat' dir='ltr'>ad</span> <span class='ocrx_word' id='word_1_12' title='bbox 1431 530 1769 592; x_wconf 88' lang='lat' dir='ltr'>Sociniana</span> <span class='ocrx_word' id='word_1_13' title='bbox 1826 536 2205 602; x_wconf 89' lang='lat' dir='ltr'>commenta,</span> <span class='ocrx_word' id='word_1_14' title='bbox 2250 531 2327 590; x_wconf 87' lang='lat' dir='ltr'>de</span> <span class='ocrx_word' id='word_1_15' title='bbox 2387 531 2585 590; x_wconf 86' lang='lat' dir='ltr'>tribus</span> <span class='ocrx_word' id='word_1_16' title='bbox 2644 530 2886 590; x_wconf 87' lang='lat' dir='ltr'>naturis</span> <span class='ocrx_word' id='word_1_17' title='bbox 2942 529 3006 589; x_wconf 90' lang='lat' dir='ltr'>in</span> <span class='ocrx_word' id='word_1_18' title='bbox 3065 532 3190 590; x_wconf 86' lang='lat' dir='ltr'>Dco</span> <span class='ocrx_word' id='word_1_19' title='bbox 3254 546 3362 606; x_wconf 83' lang='lat' dir='ltr'>per</span> <span class='ocrx_word' id='word_1_20' title='bbox 3415 525 3709 602; x_wconf 79' lang='lat' dir='ltr'>antiquos</span> 
     </span>
    </p>
   </div>
   <div class='ocr_carea' id='block_1_3' title="bbox 231 620 3707 708">
    <p class='ocr_par' dir='ltr' id='par_1_3' title="bbox 231 620 3707 708">
     <span class='ocr_line' id='line_1_3' title="bbox 231 620 3707 708; baseline 0.001 -29"><span class='ocrx_word' id='word_1_21' title='bbox 231 620 633 685; x_wconf 85' lang='lat' dir='ltr'>orthodoxos</span> <span class='ocrx_word' id='word_1_22' title='bbox 702 629 1130 708; x_wconf 84' lang='lat' dir='ltr'>excogitatis,</span> <span class='ocrx_word' id='word_1_23' title='bbox 1189 629 1476 699; x_wconf 85' lang='lat' dir='ltr'>fovenda,</span> <span class='ocrx_word' id='word_1_24' title='bbox 1540 647 1734 707; x_wconf 87' lang='lat' dir='ltr'>prave</span> <span class='ocrx_word' id='word_1_25' title='bbox 1792 627 2092 701; x_wconf 84' lang='lat' dir='ltr'>detorsit;</span> <span class='ocrx_word' id='word_1_26' title='bbox 2157 629 2286 688; x_wconf 85' lang='lat' dir='ltr'>sive</span> <span class='ocrx_word' id='word_1_27' title='bbox 2343 629 2754 689; x_wconf 88' lang='lat' dir='ltr'>Barbeiracus</span> <span class='ocrx_word' id='word_1_28' title='bbox 2813 628 3103 707; x_wconf 75' lang='lat' dir='ltr'>quaedam</span> <span class='ocrx_word' id='word_1_29' title='bbox 3165 626 3419 686; x_wconf 84' lang='lat' dir='ltr'>moralis</span> <span class='ocrx_word' id='word_1_30' title='bbox 3472 625 3707 685; x_wconf 90' lang='lat' dir='ltr'>doctri-</span> 
     </span>
    </p>
   </div>
   <div class='ocr_carea' id='block_1_4' title="bbox 239 722 3708 804">
    <p class='ocr_par' dir='ltr' id='par_1_4' title="bbox 239 722 3708 804">
     <span class='ocr_line' id='line_1_4' title="bbox 239 722 3708 804; baseline 0.001 -24"><span class='ocrx_word' id='word_1_31' title='bbox 239 739 317 781; x_wconf 67' lang='lat' dir='ltr'>[NB</span> <span class='ocrx_word' id='word_1_32' title='bbox 371 723 607 802; x_wconf 84' lang='lat' dir='ltr'>capita</span> <span class='ocrx_word' id='word_1_33' title='bbox 674 729 940 788; x_wconf 83' lang='lat' dir='ltr'>acriter</span> <span class='ocrx_word' id='word_1_34' title='bbox 987 735 1046 787; x_wconf 84' lang='lat' dir='ltr'>et</span> <span class='ocrx_word' id='word_1_35' title='bbox 1099 728 1328 787; x_wconf 86' lang='lat' dir='ltr'>insulse</span> <span class='ocrx_word' id='word_1_36' title='bbox 1387 727 1811 804; x_wconf 81' lang='lat' dir='ltr'>reprehendit.</span> <span class='ocrx_word' id='word_1_37' title='bbox 1874 726 2036 797; x_wconf 83' lang='lat' dir='ltr'>Uuid</span> <span class='ocrx_word' id='word_1_38' title='bbox 2088 727 2314 786; x_wconf 90' lang='lat' dir='ltr'>mirum</span> <span class='ocrx_word' id='word_1_39' title='bbox 2365 727 2428 785; x_wconf 93' lang='lat' dir='ltr'>in</span> <span class='ocrx_word' id='word_1_40' title='bbox 2507 726 2869 787; x_wconf 91' lang='lat' dir='ltr'>hominibus</span> <span class='ocrx_word' id='word_1_41' title='bbox 2925 727 3057 804; x_wconf 91' lang='lat' dir='ltr'>qui,</span> <span class='ocrx_word' id='word_1_42' title='bbox 3117 724 3510 784; x_wconf 81' lang='lat' dir='ltr'>auctoritatis</span> <span class='ocrx_word' id='word_1_43' title='bbox 3550 722 3708 799; x_wconf 87' lang='lat' dir='ltr'>jugo</span> 
     </span>
    </p>
   </div>
   <div class='ocr_carea' id='block_1_5' title="bbox 250 821 3713 903">
    <p class='ocr_par' dir='ltr' id='par_1_5' title="bbox 250 821 3713 903">
     <span class='ocr_line' id='line_1_5' title="bbox 250 821 3713 903; baseline -0.001 -21"><span class='ocrx_word' id='word_1_44' title='bbox 250 821 406 882; x_wconf 81' lang='lat' dir='ltr'>omni</span> <span class='ocrx_word' id='word_1_45' title='bbox 468 840 792 897; x_wconf 85' lang='lat' dir='ltr'>excusso,</span> <span class='ocrx_word' id='word_1_46' title='bbox 867 825 1030 885; x_wconf 83' lang='lat' dir='ltr'>nihil</span> <span class='ocrx_word' id='word_1_47' title='bbox 1087 845 1207 884; x_wconf 90' lang='lat' dir='ltr'>non</span> <span class='ocrx_word' id='word_1_48' title='bbox 1267 825 1506 903; x_wconf 84' lang='lat' dir='ltr'>experti</span> <span class='ocrx_word' id='word_1_49' title='bbox 1564 831 1732 895; x_wconf 91' lang='lat' dir='ltr'>sunt,</span> <span class='ocrx_word' id='word_1_50' title='bbox 1793 824 1950 883; x_wconf 89' lang='lat' dir='ltr'>nihil</span> <span class='ocrx_word' id='word_1_51' title='bbox 2008 826 2348 884; x_wconf 92' lang='lat' dir='ltr'>sacrumin</span> <span class='ocrx_word' id='word_1_52' title='bbox 2409 825 2530 884; x_wconf 89' lang='lat' dir='ltr'>ﬁde</span> <span class='ocrx_word' id='word_1_53' title='bbox 2565 824 3002 902; x_wconf 86' lang='lat' dir='ltr'>reliquerunt?</span> <span class='ocrx_word' id='word_1_54' title='bbox 3054 826 3131 882; x_wconf 89' lang='lat' dir='ltr'>At</span> <span class='ocrx_word' id='word_1_55' title='bbox 3187 823 3353 880; x_wconf 91' lang='lat' dir='ltr'>inter</span> <span class='ocrx_word' id='word_1_56' title='bbox 3410 822 3713 896; x_wconf 86' lang='lat' dir='ltr'>ipsosmet</span> 
     </span>
    </p>
   </div>
   <div class='ocr_carea' id='block_1_6' title="bbox 267 919 3713 1000">
    <p class='ocr_par' dir='ltr' id='par_1_6' title="bbox 267 919 3713 1000">
     <span class='ocr_line' id='line_1_6' title="bbox 267 919 3713 1000; baseline -0.001 -20"><span class='ocrx_word' id='word_1_57' title='bbox 267 919 614 980; x_wconf 69' lang='lat' dir='ltr'>Catholicos</span> <span class='ocrx_word' id='word_1_58' title='bbox 700 923 1035 992; x_wconf 88' lang='lat' dir='ltr'>Petavius,</span> <span class='ocrx_word' id='word_1_59' title='bbox 1097 925 1189 980; x_wconf 88' lang='lat' dir='ltr'>vir</span> <span class='ocrx_word' id='word_1_60' title='bbox 1269 923 1622 982; x_wconf 87' lang='lat' dir='ltr'>eruditione</span> <span class='ocrx_word' id='word_1_61' title='bbox 1675 929 2006 1000; x_wconf 83' lang='lat' dir='ltr'>praestans,</span> <span class='ocrx_word' id='word_1_62' title='bbox 2069 923 2437 999; x_wconf 82' lang='lat' dir='ltr'>Gregorium</span> <span class='ocrx_word' id='word_1_63' title='bbox 2527 928 2594 981; x_wconf 91' lang='lat' dir='ltr'>ut</span> <span class='ocrx_word' id='word_1_64' title='bbox 2683 923 2845 981; x_wconf 92' lang='lat' dir='ltr'>male</span> <span class='ocrx_word' id='word_1_65' title='bbox 2932 921 3008 980; x_wconf 92' lang='lat' dir='ltr'>de</span> <span class='ocrx_word' id='word_1_66' title='bbox 3101 919 3475 979; x_wconf 90' lang='lat' dir='ltr'>adversariis</span> <span class='ocrx_word' id='word_1_67' title='bbox 3555 936 3713 995; x_wconf 91' lang='lat' dir='ltr'>quos</span> 
     </span>
    </p>
   </div>
   <div class='ocr_carea' id='block_1_7' title="bbox 285 1014 3705 1099">
    <p class='ocr_par' dir='ltr' id='par_1_7' title="bbox 285 1014 3705 1099">
     <span class='ocr_line' id='line_1_7' title="bbox 285 1014 3705 1099; baseline -0.002 -21"><span class='ocrx_word' id='word_1_68' title='bbox 285 1021 549 1079; x_wconf 74' lang='lat' dir='ltr'>conlutat</span> <span class='ocrx_word' id='word_1_69' title='bbox 611 1019 1026 1098; x_wconf 85' lang='lat' dir='ltr'>triumphum</span> <span class='ocrx_word' id='word_1_70' title='bbox 1086 1029 1377 1098; x_wconf 85' lang='lat' dir='ltr'>agentem</span> <span class='ocrx_word' id='word_1_71' title='bbox 1435 1021 1769 1079; x_wconf 84' lang='lat' dir='ltr'>traducit:</span> <span class='ocrx_word' id='word_1_72' title='bbox 1833 1021 1938 1079; x_wconf 92' lang='lat' dir='ltr'>sed</span> <span class='ocrx_word' id='word_1_73' title='bbox 1997 1020 2130 1099; x_wconf 92' lang='lat' dir='ltr'>ipse</span> <span class='ocrx_word' id='word_1_74' title='bbox 2186 1020 2249 1078; x_wconf 91' lang='lat' dir='ltr'>in</span> <span class='ocrx_word' id='word_1_75' title='bbox 2336 1019 2728 1078; x_wconf 85' lang='lat' dir='ltr'>venerandos</span> <span class='ocrx_word' id='word_1_76' title='bbox 2809 1022 3028 1077; x_wconf 85' lang='lat' dir='ltr'>Patres</span> <span class='ocrx_word' id='word_1_77' title='bbox 3107 1017 3372 1076; x_wconf 89' lang='lat' dir='ltr'>nimium</span> <span class='ocrx_word' id='word_1_78' title='bbox 3432 1014 3705 1092; x_wconf 91' lang='lat' dir='ltr'>iniquus,</span> 
     </span>
    </p>
   </div>
   <div class='ocr_carea' id='block_1_8' title="bbox 288 1114 3705 1196">
    <p class='ocr_par' dir='ltr' id='par_1_8' title="bbox 288 1114 3705 1196">
     <span class='ocr_line' id='line_1_8' title="bbox 288 1114 3705 1196; baseline -0.002 -18"><span class='ocrx_word' id='word_1_79' title='bbox 288 1117 609 1178; x_wconf 78' lang='lat' dir='ltr'>etaBuilo</span> <span class='ocrx_word' id='word_1_80' title='bbox 667 1119 1023 1195; x_wconf 84' lang='lat' dir='ltr'>Anglicano</span> <span class='ocrx_word' id='word_1_81' title='bbox 1083 1119 1386 1196; x_wconf 89' lang='lat' dir='ltr'>scriptore</span> <span class='ocrx_word' id='word_1_82' title='bbox 1445 1119 1598 1177; x_wconf 89' lang='lat' dir='ltr'>bene</span> <span class='ocrx_word' id='word_1_83' title='bbox 1649 1119 2012 1196; x_wconf 83' lang='lat' dir='ltr'>castigatus,</span> <span class='ocrx_word' id='word_1_84' title='bbox 2076 1136 2354 1178; x_wconf 84' lang='lat' dir='ltr'>censurae</span> <span class='ocrx_word' id='word_1_85' title='bbox 2415 1118 2757 1177; x_wconf 87' lang='lat' dir='ltr'>acerbitate</span> <span class='ocrx_word' id='word_1_86' title='bbox 2815 1116 3004 1176; x_wconf 89' lang='lat' dir='ltr'>tantis</span> <span class='ocrx_word' id='word_1_87' title='bbox 3065 1116 3217 1175; x_wconf 91' lang='lat' dir='ltr'>viris</span> <span class='ocrx_word' id='word_1_88' title='bbox 3275 1133 3398 1174; x_wconf 90' lang='lat' dir='ltr'>non</span> <span class='ocrx_word' id='word_1_89' title='bbox 3451 1114 3705 1186; x_wconf 90' lang='lat' dir='ltr'>nocuit;</span> 
     </span>
    </p>
   </div>
   <div class='ocr_carea' id='block_1_9' title="bbox 286 1210 3711 1295">
    <p class='ocr_par' dir='ltr' id='par_1_9' title="bbox 286 1210 3711 1295">
     <span class='ocr_line' id='line_1_9' title="bbox 286 1210 3711 1295; baseline -0.001 -21"><span class='ocrx_word' id='word_1_90' title='bbox 286 1217 402 1275; x_wconf 89' lang='lat' dir='ltr'>imo</span> <span class='ocrx_word' id='word_1_91' title='bbox 463 1217 675 1293; x_wconf 88' lang='lat' dir='ltr'>potius</span> <span class='ocrx_word' id='word_1_92' title='bbox 735 1217 1013 1295; x_wconf 68' lang='lat' dir='ltr'>propriae</span> <span class='ocrx_word' id='word_1_93' title='bbox 1074 1217 1335 1294; x_wconf 80' lang='lat' dir='ltr'>gloriae,</span> <span class='ocrx_word' id='word_1_94' title='bbox 1392 1215 1523 1292; x_wconf 90' lang='lat' dir='ltr'>jam</span> <span class='ocrx_word' id='word_1_95' title='bbox 1579 1216 1725 1276; x_wconf 91' lang='lat' dir='ltr'>inde</span> <span class='ocrx_word' id='word_1_96' title='bbox 1785 1216 2291 1276; x_wconf 88' lang='lat' dir='ltr'>simulationibus</span> <span class='ocrx_word' id='word_1_97' title='bbox 2376 1215 2604 1293; x_wconf 86' lang='lat' dir='ltr'>quibus</span> <span class='ocrx_word' id='word_1_98' title='bbox 2689 1235 2839 1274; x_wconf 88' lang='lat' dir='ltr'>usus</span> <span class='ocrx_word' id='word_1_99' title='bbox 2896 1221 2987 1274; x_wconf 92' lang='lat' dir='ltr'>est</span> <span class='ocrx_word' id='word_1_100' title='bbox 3048 1215 3109 1274; x_wconf 92' lang='lat' dir='ltr'>in</span> <span class='ocrx_word' id='word_1_101' title='bbox 3173 1232 3362 1274; x_wconf 88' lang='lat' dir='ltr'>causa</span> <span class='ocrx_word' id='word_1_102' title='bbox 3417 1210 3711 1292; x_wconf 87' lang='lat' dir='ltr'>pergravi</span> 
     </span>
    </p>
   </div>
   <div class='ocr_carea' id='block_1_10' title="bbox 285 1312 3708 1392">
    <p class='ocr_par' dir='ltr' id='par_1_10' title="bbox 285 1312 3708 1392">
     <span class='ocr_line' id='line_1_10' title="bbox 285 1312 3708 1392; baseline -0.001 -21"><span class='ocrx_word' id='word_1_103' title='bbox 285 1313 668 1373; x_wconf 80' lang='lat' dir='ltr'>obnubilatae</span> <span class='ocrx_word' id='word_1_104' title='bbox 707 1360 721 1385; x_wconf 91' lang='lat'>,</span> <span class='ocrx_word' id='word_1_105' title='bbox 784 1314 992 1373; x_wconf 90' lang='lat' dir='ltr'>labem</span> <span class='ocrx_word' id='word_1_106' title='bbox 1055 1319 1352 1373; x_wconf 76' lang='lat' dir='ltr'>aeternam</span> <span class='ocrx_word' id='word_1_107' title='bbox 1412 1314 1683 1374; x_wconf 89' lang='lat' dir='ltr'>inussit.</span> <span class='ocrx_word' id='word_1_108' title='bbox 1747 1316 1892 1374; x_wconf 72' lang='lat' dir='ltr'>Haec</span> <span class='ocrx_word' id='word_1_109' title='bbox 1948 1314 2164 1373; x_wconf 87' lang='lat' dir='ltr'>omnia</span> <span class='ocrx_word' id='word_1_110' title='bbox 2245 1332 2558 1392; x_wconf 84' lang='lat' dir='ltr'>exponere</span> <span class='ocrx_word' id='word_1_111' title='bbox 2617 1319 2679 1373; x_wconf 92' lang='lat' dir='ltr'>et</span> <span class='ocrx_word' id='word_1_112' title='bbox 2745 1315 3065 1392; x_wconf 82' lang='lat' dir='ltr'>exagitare</span> <span class='ocrx_word' id='word_1_113' title='bbox 3125 1312 3174 1372; x_wconf 90' lang='lat' dir='ltr'>si</span> <span class='ocrx_word' id='word_1_114' title='bbox 3232 1313 3478 1372; x_wconf 90' lang='lat' dir='ltr'>animus</span> <span class='ocrx_word' id='word_1_115' title='bbox 3523 1315 3708 1383; x_wconf 88' lang='lat' dir='ltr'>esset,</span> 
     </span>
    </p>
   </div>
   <div class='ocr_carea' id='block_1_11' title="bbox 288 1409 3713 1490">
    <p class='ocr_par' dir='ltr' id='par_1_11' title="bbox 288 1409 3713 1490">
     <span class='ocr_line' id='line_1_11' title="bbox 288 1409 3713 1490; baseline 0 -22"><span class='ocrx_word' id='word_1_116' title='bbox 288 1409 454 1469; x_wconf 89' lang='lat' dir='ltr'>ultra</span> <span class='ocrx_word' id='word_1_117' title='bbox 511 1409 706 1488; x_wconf 89' lang='lat' dir='ltr'>hujus</span> <span class='ocrx_word' id='word_1_118' title='bbox 763 1411 1103 1471; x_wconf 82' lang='lat' dir='ltr'>voluminis</span> <span class='ocrx_word' id='word_1_119' title='bbox 1160 1411 1314 1470; x_wconf 91' lang='lat' dir='ltr'>ﬁnes</span> <span class='ocrx_word' id='word_1_120' title='bbox 1371 1412 1854 1490; x_wconf 87' lang='lat' dir='ltr'>protenderetur</span> <span class='ocrx_word' id='word_1_121' title='bbox 1910 1412 2111 1471; x_wconf 89' lang='lat' dir='ltr'>oratio</span> <span class='ocrx_word' id='word_1_122' title='bbox 2164 1429 2175 1469; x_wconf 92' lang='lat'>:</span> <span class='ocrx_word' id='word_1_123' title='bbox 2233 1411 2298 1470; x_wconf 93' lang='lat' dir='ltr'>in</span> <span class='ocrx_word' id='word_1_124' title='bbox 2356 1429 2622 1490; x_wconf 89' lang='lat' dir='ltr'>sequens</span> <span class='ocrx_word' id='word_1_125' title='bbox 2703 1410 2894 1489; x_wconf 90' lang='lat' dir='ltr'>igitur</span> <span class='ocrx_word' id='word_1_126' title='bbox 2988 1410 3257 1488; x_wconf 86' lang='lat' dir='ltr'>diligens</span> <span class='ocrx_word' id='word_1_127' title='bbox 3345 1415 3406 1468; x_wconf 90' lang='lat' dir='ltr'>et</span> <span class='ocrx_word' id='word_1_128' title='bbox 3490 1413 3713 1468; x_wconf 87' lang='lat' dir='ltr'>exacta</span> 
     </span>
    </p>
   </div>
   <div class='ocr_carea' id='block_1_12' title="bbox 291 1509 3709 1588">
    <p class='ocr_par' dir='ltr' id='par_1_12' title="bbox 291 1509 3709 1588">
     <span class='ocr_line' id='line_1_12' title="bbox 291 1509 3709 1588; baseline 0 -22"><span class='ocrx_word' id='word_1_129' title='bbox 291 1509 684 1586; x_wconf 87' lang='lat' dir='ltr'>querelarum</span> <span class='ocrx_word' id='word_1_130' title='bbox 743 1509 1026 1568; x_wconf 92' lang='lat' dir='ltr'>omnium</span> <span class='ocrx_word' id='word_1_131' title='bbox 1084 1509 1526 1582; x_wconf 90' lang='lat' dir='ltr'>consideratio,</span> <span class='ocrx_word' id='word_1_132' title='bbox 1595 1528 1735 1588; x_wconf 58' lang='lat' dir='ltr'>quae</span> <span class='ocrx_word' id='word_1_133' title='bbox 1794 1511 1855 1568; x_wconf 94' lang='lat' dir='ltr'>in</span> <span class='ocrx_word' id='word_1_134' title='bbox 1913 1510 2267 1570; x_wconf 86' lang='lat' dir='ltr'>doctrinam</span> <span class='ocrx_word' id='word_1_135' title='bbox 2343 1509 2722 1570; x_wconf 88' lang='lat' dir='ltr'>sanctissimi</span> <span class='ocrx_word' id='word_1_136' title='bbox 2795 1509 3068 1570; x_wconf 91' lang='lat' dir='ltr'>doctoris</span> <span class='ocrx_word' id='word_1_137' title='bbox 3151 1513 3462 1585; x_wconf 84' lang='lat' dir='ltr'>congestae</span> <span class='ocrx_word' id='word_1_138' title='bbox 3537 1512 3709 1580; x_wconf 91' lang='lat' dir='ltr'>sunt,</span> 
     </span>
    </p>
   </div>
   <div class='ocr_carea' id='block_1_13' title="bbox 288 1606 3711 1685">
    <p class='ocr_par' dir='ltr' id='par_1_13' title="bbox 288 1606 3711 1685">
     <span class='ocr_line' id='line_1_13' title="bbox 288 1606 3711 1685; baseline -0 -20"><span class='ocrx_word' id='word_1_139' title='bbox 288 1606 731 1666; x_wconf 87' lang='lat' dir='ltr'>extrahenda.</span> <span class='ocrx_word' id='word_1_140' title='bbox 805 1607 1119 1685; x_wconf 84' lang='lat' dir='ltr'>Quidquid</span> <span class='ocrx_word' id='word_1_141' title='bbox 1178 1614 1329 1667; x_wconf 92' lang='lat' dir='ltr'>tunc</span> <span class='ocrx_word' id='word_1_142' title='bbox 1384 1608 1727 1668; x_wconf 90' lang='lat' dir='ltr'>occurrerit</span> <span class='ocrx_word' id='word_1_143' title='bbox 1784 1609 1949 1685; x_wconf 92' lang='lat' dir='ltr'>quod</span> <span class='ocrx_word' id='word_1_144' title='bbox 2011 1608 2331 1668; x_wconf 70' lang='lat' dir='ltr'>offendere</span> <span class='ocrx_word' id='word_1_145' title='bbox 2416 1608 2750 1678; x_wconf 90' lang='lat' dir='ltr'>inﬁrmos,</span> <span class='ocrx_word' id='word_1_146' title='bbox 2816 1607 2911 1667; x_wconf 89' lang='lat' dir='ltr'>vel</span> <span class='ocrx_word' id='word_1_147' title='bbox 2991 1608 3055 1666; x_wconf 92' lang='lat' dir='ltr'>in</span> <span class='ocrx_word' id='word_1_148' title='bbox 3142 1607 3413 1666; x_wconf 90' lang='lat' dir='ltr'>deterius</span> <span class='ocrx_word' id='word_1_149' title='bbox 3498 1610 3711 1683; x_wconf 86' lang='lat' dir='ltr'>posset</span> 
     </span>
    </p>
   </div>
   <div class='ocr_carea' id='block_1_14' title="bbox 284 1703 3707 1785">
    <p class='ocr_par' dir='ltr' id='par_1_14' title="bbox 284 1703 3707 1785">
     <span class='ocr_line' id='line_1_14' title="bbox 284 1703 3707 1785; baseline -0.001 -20"><span class='ocrx_word' id='word_1_150' title='bbox 284 1706 516 1785; x_wconf 87' lang='lat' dir='ltr'>accipi,</span> <span class='ocrx_word' id='word_1_151' title='bbox 583 1705 1064 1777; x_wconf 89' lang='lat' dir='ltr'>elucidabimus,</span> <span class='ocrx_word' id='word_1_152' title='bbox 1097 1712 1159 1765; x_wconf 90' lang='lat' dir='ltr'>et</span> <span class='ocrx_word' id='word_1_153' title='bbox 1207 1706 1539 1784; x_wconf 88' lang='lat' dir='ltr'>scrupulos</span> <span class='ocrx_word' id='word_1_154' title='bbox 1595 1713 1657 1765; x_wconf 91' lang='lat' dir='ltr'>et</span> <span class='ocrx_word' id='word_1_155' title='bbox 1713 1707 1819 1783; x_wconf 93' lang='lat' dir='ltr'>qui</span> <span class='ocrx_word' id='word_1_156' title='bbox 1870 1706 1993 1765; x_wconf 92' lang='lat' dir='ltr'>sint</span> <span class='ocrx_word' id='word_1_157' title='bbox 2048 1706 2325 1765; x_wconf 88' lang='lat' dir='ltr'>studiose</span> <span class='ocrx_word' id='word_1_158' title='bbox 2383 1706 2745 1766; x_wconf 90' lang='lat' dir='ltr'>evellemus.</span> <span class='ocrx_word' id='word_1_159' title='bbox 2811 1705 2975 1765; x_wconf 86' lang='lat' dir='ltr'>Satis</span> <span class='ocrx_word' id='word_1_160' title='bbox 3032 1723 3197 1764; x_wconf 92' lang='lat' dir='ltr'>nunc</span> <span class='ocrx_word' id='word_1_161' title='bbox 3251 1704 3369 1763; x_wconf 89' lang='lat' dir='ltr'>erit</span> <span class='ocrx_word' id='word_1_162' title='bbox 3435 1703 3486 1761; x_wconf 89' lang='lat' dir='ltr'>si</span> <span class='ocrx_word' id='word_1_163' title='bbox 3542 1721 3707 1780; x_wconf 76' lang='lat' dir='ltr'>prae-</span> 
     </span>
    </p>
   </div>
   <div class='ocr_carea' id='block_1_15' title="bbox 279 1804 3713 1885">
    <p class='ocr_par' dir='ltr' id='par_1_15' title="bbox 279 1804 3713 1885">
     <span class='ocr_line' id='line_1_15' title="bbox 279 1804 3713 1885; baseline -0.001 -19"><span class='ocrx_word' id='word_1_164' title='bbox 279 1807 474 1885; x_wconf 89' lang='lat' dir='ltr'>cipua</span> <span class='ocrx_word' id='word_1_165' title='bbox 532 1807 835 1866; x_wconf 80' lang='lat' dir='ltr'>doctrinae</span> <span class='ocrx_word' id='word_1_166' title='bbox 912 1808 1192 1885; x_wconf 88' lang='lat' dir='ltr'>Gregorii</span> <span class='ocrx_word' id='word_1_167' title='bbox 1256 1808 1463 1885; x_wconf 90' lang='lat' dir='ltr'>capita</span> <span class='ocrx_word' id='word_1_168' title='bbox 1520 1808 1585 1866; x_wconf 91' lang='lat' dir='ltr'>in</span> <span class='ocrx_word' id='word_1_169' title='bbox 1645 1826 1838 1866; x_wconf 90' lang='lat' dir='ltr'>unum</span> <span class='ocrx_word' id='word_1_170' title='bbox 1899 1807 2168 1867; x_wconf 91' lang='lat' dir='ltr'>collecta</span> <span class='ocrx_word' id='word_1_171' title='bbox 2252 1807 2471 1866; x_wconf 92' lang='lat' dir='ltr'>lectori</span> <span class='ocrx_word' id='word_1_172' title='bbox 2530 1805 2942 1865; x_wconf 90' lang='lat' dir='ltr'>exhibeamus</span> <span class='ocrx_word' id='word_1_173' title='bbox 3000 1823 3012 1876; x_wconf 92' lang='lat'><strong>;</strong></span> <span class='ocrx_word' id='word_1_174' title='bbox 3071 1810 3140 1865; x_wconf 92' lang='lat' dir='ltr'>ut</span> <span class='ocrx_word' id='word_1_175' title='bbox 3196 1806 3293 1863; x_wconf 88' lang='lat' dir='ltr'>vel</span> <span class='ocrx_word' id='word_1_176' title='bbox 3349 1804 3437 1863; x_wconf 91' lang='lat' dir='ltr'>sic</span> <span class='ocrx_word' id='word_1_177' title='bbox 3496 1808 3713 1881; x_wconf 87' lang='lat' dir='ltr'>pateat</span> 
     </span>
    </p>
   </div>
   <div class='ocr_carea' id='block_1_16' title="bbox 278 1901 3707 1983">
    <p class='ocr_par' dir='ltr' id='par_1_16' title="bbox 278 1901 3707 1983">
     <span class='ocr_line' id='line_1_16' title="bbox 278 1901 3707 1983; baseline -0.002 -19"><span class='ocrx_word' id='word_1_178' title='bbox 278 1923 480 1983; x_wconf 87' lang='lat' dir='ltr'>quam</span> <span class='ocrx_word' id='word_1_179' title='bbox 543 1911 836 1964; x_wconf 85' lang='lat' dir='ltr'>accurate</span> <span class='ocrx_word' id='word_1_180' title='bbox 911 1911 972 1964; x_wconf 87' lang='lat' dir='ltr'>et</span> <span class='ocrx_word' id='word_1_181' title='bbox 1028 1905 1149 1965; x_wconf 90' lang='lat' dir='ltr'>alte</span> <span class='ocrx_word' id='word_1_182' title='bbox 1225 1905 1301 1963; x_wconf 92' lang='lat' dir='ltr'>de</span> <span class='ocrx_word' id='word_1_183' title='bbox 1385 1905 1612 1964; x_wconf 89' lang='lat' dir='ltr'>divinis</span> <span class='ocrx_word' id='word_1_184' title='bbox 1696 1905 2008 1978; x_wconf 90' lang='lat' dir='ltr'>disserat,</span> <span class='ocrx_word' id='word_1_185' title='bbox 2071 1923 2145 1964; x_wconf 92' lang='lat' dir='ltr'>ac</span> <span class='ocrx_word' id='word_1_186' title='bbox 2230 1910 2397 1964; x_wconf 93' lang='lat' dir='ltr'>recte</span> <span class='ocrx_word' id='word_1_187' title='bbox 2483 1903 2846 1980; x_wconf 88' lang='lat' dir='ltr'>Theologus</span> <span class='ocrx_word' id='word_1_188' title='bbox 2928 1901 3282 1980; x_wconf 89' lang='lat' dir='ltr'>nuncupari</span> <span class='ocrx_word' id='word_1_189' title='bbox 3341 1901 3707 1960; x_wconf 88' lang='lat' dir='ltr'>meruerit:</span> 
     </span>
    </p>
   </div>
   <div class='ocr_carea' id='block_1_17' title="bbox 277 1998 3714 2081">
    <p class='ocr_par' dir='ltr' id='par_1_17' title="bbox 277 1998 3714 2081">
     <span class='ocr_line' id='line_1_17' title="bbox 277 1998 3714 2081; baseline -0.001 -20"><span class='ocrx_word' id='word_1_190' title='bbox 277 2002 434 2062; x_wconf 89' lang='lat' dir='ltr'>hinc</span> <span class='ocrx_word' id='word_1_191' title='bbox 527 2002 859 2080; x_wconf 87' lang='lat' dir='ltr'>apparebit</span> <span class='ocrx_word' id='word_1_192' title='bbox 961 2007 1196 2080; x_wconf 77' lang='lat' dir='ltr'>quanta</span> <span class='ocrx_word' id='word_1_193' title='bbox 1270 2003 1467 2080; x_wconf 90' lang='lat' dir='ltr'>ipsius</span> <span class='ocrx_word' id='word_1_194' title='bbox 1549 2002 1830 2080; x_wconf 87' lang='lat' dir='ltr'>injuria,</span> <span class='ocrx_word' id='word_1_195' title='bbox 1892 2008 2257 2081; x_wconf 89' lang='lat' dir='ltr'>quantaque</span> <span class='ocrx_word' id='word_1_196' title='bbox 2356 2002 2638 2062; x_wconf 85' lang='lat' dir='ltr'>veritatis</span> <span class='ocrx_word' id='word_1_197' title='bbox 2750 2001 3036 2073; x_wconf 79' lang='lat' dir='ltr'>oﬁ‘ensa,</span> <span class='ocrx_word' id='word_1_198' title='bbox 3124 2000 3353 2061; x_wconf 88' lang='lat' dir='ltr'>erroris</span> <span class='ocrx_word' id='word_1_199' title='bbox 3436 1998 3714 2077; x_wconf 90' lang='lat' dir='ltr'>potuerit</span> 
     </span>
    </p>
   </div>
   <div class='ocr_carea' id='block_1_18' title="bbox 274 2100 664 2160">
    <p class='ocr_par' dir='ltr' id='par_1_18' title="bbox 274 2100 664 2160">
     <span class='ocr_line' id='line_1_18' title="bbox 274 2100 664 2160; baseline 0.003 -1"><span class='ocrx_word' id='word_1_200' title='bbox 274 2100 664 2160; x_wconf 90' lang='lat' dir='ltr'>insimulari.</span> 
     </span>
    </p>
   </div>
   <div class='ocr_carea' id='block_1_19' title="bbox 1849 2199 2138 2260">
    <p class='ocr_par' dir='ltr' id='par_1_19' title="bbox 1849 2199 2138 2260">
     <span class='ocr_line' id='line_1_19' title="bbox 1849 2199 2138 2260; baseline 0.003 -2"><span class='ocrx_word' id='word_1_201' title='bbox 1849 2199 1936 2258; x_wconf 78' lang='lat' dir='ltr'>De</span> <span class='ocrx_word' id='word_1_202' title='bbox 1992 2199 2138 2260; x_wconf 86' lang='lat' dir='ltr'>Deo.</span> 
     </span>
    </p>
   </div>
   <div class='ocr_carea' id='block_1_20' title="bbox 356 2294 3707 2378">
    <p class='ocr_par' dir='ltr' id='par_1_20' title="bbox 356 2294 3707 2378">
     <span class='ocr_line' id='line_1_20' title="bbox 356 2294 3707 2378; baseline -0.001 -22"><span class='ocrx_word' id='word_1_203' title='bbox 356 2298 500 2368; x_wconf 85' lang='lat' dir='ltr'>Quo</span> <span class='ocrx_word' id='word_1_204' title='bbox 536 2303 820 2377; x_wconf 90' lang='lat' dir='ltr'>tempore</span> <span class='ocrx_word' id='word_1_205' title='bbox 881 2297 1146 2357; x_wconf 87' lang='lat' dir='ltr'>docendi</span> <span class='ocrx_word' id='word_1_206' title='bbox 1205 2317 1434 2358; x_wconf 90' lang='lat' dir='ltr'>munus</span> <span class='ocrx_word' id='word_1_207' title='bbox 1494 2297 1793 2377; x_wconf 83' lang='lat' dir='ltr'>Gregorio</span> <span class='ocrx_word' id='word_1_208' title='bbox 1851 2298 2214 2378; x_wconf 91' lang='lat' dir='ltr'>impositum</span> <span class='ocrx_word' id='word_1_209' title='bbox 2276 2303 2368 2358; x_wconf 90' lang='lat' dir='ltr'>est</span> <span class='ocrx_word' id='word_1_210' title='bbox 2424 2297 2532 2378; x_wconf 83' lang='grc' dir='ltr'>(α),</span> <span class='ocrx_word' id='word_1_211' title='bbox 2599 2302 2774 2357; x_wconf 91' lang='lat' dir='ltr'>tanta</span> <span class='ocrx_word' id='word_1_212' title='bbox 2833 2297 2908 2357; x_wconf 91' lang='lat' dir='ltr'>de</span> <span class='ocrx_word' id='word_1_213' title='bbox 2967 2296 3193 2355; x_wconf 89' lang='lat' dir='ltr'>divinis</span> <span class='ocrx_word' id='word_1_214' title='bbox 3253 2295 3434 2355; x_wconf 88' lang='lat' dir='ltr'>rebus</span> <span class='ocrx_word' id='word_1_215' title='bbox 3492 2294 3707 2372; x_wconf 92' lang='lat' dir='ltr'>dispu-</span> 
     </span>
    </p>
   </div>
   <div class='ocr_carea' id='block_1_21' title="bbox 269 2392 3716 2475">
    <p class='ocr_par' dir='ltr' id='par_1_21' title="bbox 269 2392 3716 2475">
     <span class='ocr_line' id='line_1_21' title="bbox 269 2392 3716 2475; baseline -0.001 -20"><span class='ocrx_word' id='word_1_216' title='bbox 269 2396 457 2456; x_wconf 82' lang='lat' dir='ltr'>tandi</span> <span class='ocrx_word' id='word_1_217' title='bbox 518 2397 775 2473; x_wconf 88' lang='lat' dir='ltr'>prurigo</span> <span class='ocrx_word' id='word_1_218' title='bbox 835 2396 1083 2456; x_wconf 91' lang='lat' dir='ltr'>animos</span> <span class='ocrx_word' id='word_1_219' title='bbox 1131 2397 1492 2468; x_wconf 86' lang='lat' dir='ltr'>incesserat,</span> <span class='ocrx_word' id='word_1_220' title='bbox 1552 2403 1619 2457; x_wconf 93' lang='lat' dir='ltr'>ut</span> <span class='ocrx_word' id='word_1_221' title='bbox 1677 2397 1889 2457; x_wconf 89' lang='lat' dir='ltr'>omnia</span> <span class='ocrx_word' id='word_1_222' title='bbox 1946 2398 2108 2470; x_wconf 92' lang='lat' dir='ltr'>loca,</span> <span class='ocrx_word' id='word_1_223' title='bbox 2171 2416 2247 2456; x_wconf 92' lang='lat' dir='ltr'>ne</span> <span class='ocrx_word' id='word_1_224' title='bbox 2302 2396 2616 2475; x_wconf 85' lang='lat' dir='ltr'>gynaeceis</span> <span class='ocrx_word' id='word_1_225' title='bbox 2673 2396 2925 2474; x_wconf 91' lang='lat' dir='ltr'>quidem</span> <span class='ocrx_word' id='word_1_226' title='bbox 2986 2396 3288 2474; x_wconf 85' lang='lat' dir='ltr'>exceptis,</span> <span class='ocrx_word' id='word_1_227' title='bbox 3349 2392 3716 2472; x_wconf 89' lang='lat' dir='ltr'>hujusmodi</span> 
     </span>
    </p>
   </div>
   <div class='ocr_carea' id='block_1_22' title="bbox 282 2493 3715 2572">
    <p class='ocr_par' dir='ltr' id='par_1_22' title="bbox 282 2493 3715 2572">
     <span class='ocr_line' id='line_1_22' title="bbox 282 2493 3715 2572; baseline -0.001 -20"><span class='ocrx_word' id='word_1_228' title='bbox 282 2495 792 2553; x_wconf 87' lang='lat' dir='ltr'>contentionibus</span> <span class='ocrx_word' id='word_1_229' title='bbox 854 2512 926 2553; x_wconf 87' lang='lat' dir='ltr'>ac</span> <span class='ocrx_word' id='word_1_230' title='bbox 987 2494 1260 2554; x_wconf 89' lang='lat' dir='ltr'>tumultu</span> <span class='ocrx_word' id='word_1_231' title='bbox 1321 2501 1775 2572; x_wconf 90' lang='lat' dir='ltr'>personarent.</span> <span class='ocrx_word' id='word_1_232' title='bbox 1837 2497 1950 2557; x_wconf 90' lang='lat' dir='ltr'>Cui</span> <span class='ocrx_word' id='word_1_233' title='bbox 2011 2495 2176 2556; x_wconf 92' lang='lat' dir='ltr'>malo</span> <span class='ocrx_word' id='word_1_234' title='bbox 2262 2495 2572 2556; x_wconf 89' lang='lat' dir='ltr'>medicam</span> <span class='ocrx_word' id='word_1_235' title='bbox 2634 2500 2702 2553; x_wconf 93' lang='lat' dir='ltr'>ut</span> <span class='ocrx_word' id='word_1_236' title='bbox 2760 2512 3013 2553; x_wconf 89' lang='lat' dir='ltr'>manum</span> <span class='ocrx_word' id='word_1_237' title='bbox 3075 2493 3459 2564; x_wconf 89' lang='lat' dir='ltr'>adhiberet,</span> <span class='ocrx_word' id='word_1_238' title='bbox 3511 2515 3540 2546; x_wconf 79' lang='lat'>«</span> <span class='ocrx_word' id='word_1_239' title='bbox 3579 2494 3715 2552; x_wconf 88' lang='lat' dir='ltr'>Non</span> 
     </span>
    </p>
   </div>
   <div class='ocr_carea' id='block_1_23' title="bbox 288 2588 3709 2672">
    <p class='ocr_par' dir='ltr' id='par_1_23' title="bbox 288 2588 3709 2672">
     <span class='ocr_line' id='line_1_23' title="bbox 288 2588 3709 2672; baseline -0.001 -22"><span class='ocrx_word' id='word_1_240' title='bbox 288 2591 557 2667; x_wconf 81' lang='lat' dir='ltr'>cujusvis</span> <span class='ocrx_word' id='word_1_241' title='bbox 606 2598 717 2663; x_wconf 91' lang='lat' dir='ltr'>est,</span> <span class='ocrx_word' id='word_1_242' title='bbox 780 2591 986 2669; x_wconf 91' lang='lat' dir='ltr'>inquit</span> <span class='ocrx_word' id='word_1_243' title='bbox 1037 2591 1140 2672; x_wconf 76' lang='grc' dir='ltr'>(ὁ),</span> <span class='ocrx_word' id='word_1_244' title='bbox 1204 2612 1240 2652; x_wconf 95' lang='lat' dir='ltr'>o</span> <span class='ocrx_word' id='word_1_245' title='bbox 1299 2593 1434 2667; x_wconf 89' lang='lat' dir='ltr'>viri,</span> <span class='ocrx_word' id='word_1_246' title='bbox 1473 2593 1549 2652; x_wconf 92' lang='lat' dir='ltr'>de</span> <span class='ocrx_word' id='word_1_247' title='bbox 1606 2597 1731 2653; x_wconf 92' lang='lat' dir='ltr'>Deo</span> <span class='ocrx_word' id='word_1_248' title='bbox 1790 2593 2117 2664; x_wconf 88' lang='lat' dir='ltr'>disserere,</span> <span class='ocrx_word' id='word_1_249' title='bbox 2156 2612 2305 2664; x_wconf 91' lang='lat' dir='ltr'>non,</span> <span class='ocrx_word' id='word_1_250' title='bbox 2365 2592 2646 2670; x_wconf 89' lang='lat' dir='ltr'>inquam,</span> <span class='ocrx_word' id='word_1_251' title='bbox 2710 2590 3021 2668; x_wconf 83' lang='lat' dir='ltr'>cujusvis;</span> <span class='ocrx_word' id='word_1_252' title='bbox 3059 2610 3187 2650; x_wconf 92' lang='lat' dir='ltr'>non</span> <span class='ocrx_word' id='word_1_253' title='bbox 3218 2590 3376 2650; x_wconf 89' lang='lat' dir='ltr'>adeo</span> <span class='ocrx_word' id='word_1_254' title='bbox 3436 2588 3574 2648; x_wconf 89' lang='lat' dir='ltr'>vilis</span> <span class='ocrx_word' id='word_1_255' title='bbox 3635 2607 3709 2648; x_wconf 90' lang='lat' dir='ltr'>ac</span> 
     </span>
    </p>
   </div>
   <div class='ocr_carea' id='block_1_24' title="bbox 281 2686 3704 2768">
    <p class='ocr_par' dir='ltr' id='par_1_24' title="bbox 281 2686 3704 2768">
     <span class='ocr_line' id='line_1_24' title="bbox 281 2686 3704 2768; baseline -0.001 -21"><span class='ocrx_word' id='word_1_256' title='bbox 281 2690 546 2767; x_wconf 84' lang='lat' dir='ltr'>protrita</span> <span class='ocrx_word' id='word_1_257' title='bbox 580 2689 712 2750; x_wconf 54' lang='lat' dir='ltr'>hac</span> <span class='ocrx_word' id='word_1_258' title='bbox 773 2709 869 2750; x_wconf 89' lang='lat' dir='ltr'>res</span> <span class='ocrx_word' id='word_1_259' title='bbox 903 2696 1041 2765; x_wconf 88' lang='lat' dir='ltr'>est,</span> <span class='ocrx_word' id='word_1_260' title='bbox 1100 2697 1162 2749; x_wconf 90' lang='lat' dir='ltr'>et</span> <span class='ocrx_word' id='word_1_261' title='bbox 1237 2709 1453 2750; x_wconf 92' lang='lat' dir='ltr'>eorum</span> <span class='ocrx_word' id='word_1_262' title='bbox 1504 2692 1612 2768; x_wconf 93' lang='lat' dir='ltr'>qui</span> <span class='ocrx_word' id='word_1_263' title='bbox 1685 2691 1893 2751; x_wconf 91' lang='lat' dir='ltr'>adhuc</span> <span class='ocrx_word' id='word_1_264' title='bbox 1978 2690 2157 2750; x_wconf 91' lang='lat' dir='ltr'>humi</span> <span class='ocrx_word' id='word_1_265' title='bbox 2239 2696 2567 2767; x_wconf 92' lang='lat' dir='ltr'>reptant...</span> <span class='ocrx_word' id='word_1_266' title='bbox 2632 2691 2740 2748; x_wconf 85' lang='lat' dir='ltr'>His</span> <span class='ocrx_word' id='word_1_267' title='bbox 2822 2690 3133 2748; x_wconf 87' lang='lat' dir='ltr'>duntaxat</span> <span class='ocrx_word' id='word_1_268' title='bbox 3217 2690 3335 2747; x_wconf 90' lang='lat' dir='ltr'>hoc</span> <span class='ocrx_word' id='word_1_269' title='bbox 3425 2686 3704 2746; x_wconf 84' lang='lat' dir='ltr'>muneris</span> 
     </span>
    </p>
   </div>
   <div class='ocr_carea' id='block_1_25' title="bbox 273 2787 3706 2868">
    <p class='ocr_par' dir='ltr' id='par_1_25' title="bbox 273 2787 3706 2868">
     <span class='ocr_line' id='line_1_25' title="bbox 273 2787 3706 2868; baseline -0.001 -23"><span class='ocrx_word' id='word_1_270' title='bbox 273 2787 606 2856; x_wconf 82' lang='lat' dir='ltr'>incumbit,</span> <span class='ocrx_word' id='word_1_271' title='bbox 670 2789 778 2864; x_wconf 90' lang='lat' dir='ltr'>qui</span> <span class='ocrx_word' id='word_1_272' title='bbox 841 2789 1232 2848; x_wconf 86' lang='lat' dir='ltr'>exactissime</span> <span class='ocrx_word' id='word_1_273' title='bbox 1289 2790 1600 2868; x_wconf 90' lang='lat' dir='ltr'>explorati</span> <span class='ocrx_word' id='word_1_274' title='bbox 1658 2797 1851 2862; x_wconf 90' lang='lat' dir='ltr'>sunt,</span> <span class='ocrx_word' id='word_1_275' title='bbox 1915 2808 1987 2848; x_wconf 89' lang='lat' dir='ltr'>ac</span> <span class='ocrx_word' id='word_1_276' title='bbox 2042 2789 2532 2867; x_wconf 92' lang='lat' dir='ltr'>contemplando</span> <span class='ocrx_word' id='word_1_277' title='bbox 2593 2789 2780 2866; x_wconf 84' lang='lat' dir='ltr'>longe</span> <span class='ocrx_word' id='word_1_278' title='bbox 2838 2791 3378 2867; x_wconf 88' lang='lat' dir='ltr'>processerunt....</span> <span class='ocrx_word' id='word_1_279' title='bbox 3439 2792 3571 2856; x_wconf 90' lang='lat' dir='ltr'>aut,</span> <span class='ocrx_word' id='word_1_280' title='bbox 3634 2791 3706 2843; x_wconf 92' lang='lat' dir='ltr'>ut</span> 
     </span>
    </p>
   </div>
   <div class='ocr_carea' id='block_1_26' title="bbox 273 2884 3707 2965">
    <p class='ocr_par' dir='ltr' id='par_1_26' title="bbox 273 2884 3707 2965">
     <span class='ocr_line' id='line_1_26' title="bbox 273 2884 3707 2965; baseline -0.001 -21"><span class='ocrx_word' id='word_1_281' title='bbox 273 2886 642 2964; x_wconf 84' lang='lat' dir='ltr'>parcissime</span> <span class='ocrx_word' id='word_1_282' title='bbox 705 2887 957 2964; x_wconf 92' lang='lat' dir='ltr'>loquar,</span> <span class='ocrx_word' id='word_1_283' title='bbox 1017 2887 1147 2965; x_wconf 90' lang='lat' dir='ltr'>jam</span> <span class='ocrx_word' id='word_1_284' title='bbox 1216 2887 1335 2947; x_wconf 90' lang='lat' dir='ltr'>hoc</span> <span class='ocrx_word' id='word_1_285' title='bbox 1410 2895 1639 2965; x_wconf 88' lang='lat' dir='ltr'>agunt,</span> <span class='ocrx_word' id='word_1_286' title='bbox 1677 2894 1745 2948; x_wconf 93' lang='lat' dir='ltr'>ut</span> <span class='ocrx_word' id='word_1_287' title='bbox 1803 2887 2259 2948; x_wconf 89' lang='lat' dir='ltr'>seavitiorum</span> <span class='ocrx_word' id='word_1_288' title='bbox 2296 2887 2435 2946; x_wconf 88' lang='lat' dir='ltr'>labe</span> <span class='ocrx_word' id='word_1_289' title='bbox 2494 2893 2812 2965; x_wconf 85' lang='lat' dir='ltr'>purgent.</span> <span class='ocrx_word' id='word_1_290' title='bbox 2876 2887 3000 2946; x_wconf 86' lang='lat' dir='ltr'>Sed</span> <span class='ocrx_word' id='word_1_291' title='bbox 3060 2905 3173 2946; x_wconf 90' lang='lat' dir='ltr'>nec</span> <span class='ocrx_word' id='word_1_292' title='bbox 3224 2884 3498 2962; x_wconf 86' lang='lat' dir='ltr'>cujusvis</span> <span class='ocrx_word' id='word_1_293' title='bbox 3546 2889 3707 2943; x_wconf 90' lang='lat' dir='ltr'>tem-</span> 
     </span>
    </p>
   </div>
   <div class='ocr_carea' id='block_1_27' title="bbox 279 2985 3718 3065">
    <p class='ocr_par' dir='ltr' id='par_1_27' title="bbox 279 2985 3718 3065">
     <span class='ocr_line' id='line_1_27' title="bbox 279 2985 3718 3065; baseline 0 -22"><span class='ocrx_word' id='word_1_294' title='bbox 279 2985 516 3062; x_wconf 76' lang='lat' dir='ltr'>poris»</span> <span class='ocrx_word' id='word_1_295' title='bbox 581 2985 734 3043; x_wconf 93' lang='lat' dir='ltr'>illud</span> <span class='ocrx_word' id='word_1_296' title='bbox 796 2991 927 3058; x_wconf 88' lang='lat' dir='ltr'>est;</span> <span class='ocrx_word' id='word_1_297' title='bbox 971 3004 1144 3045; x_wconf 88' lang='lat' dir='ltr'>«nec</span> <span class='ocrx_word' id='word_1_298' title='bbox 1203 2987 1368 3065; x_wconf 91' lang='lat' dir='ltr'>apud</span> <span class='ocrx_word' id='word_1_299' title='bbox 1430 2987 1707 3064; x_wconf 90' lang='lat' dir='ltr'>quosvis,</span> <span class='ocrx_word' id='word_1_300' title='bbox 1749 3005 1862 3047; x_wconf 92' lang='lat' dir='ltr'>nec</span> <span class='ocrx_word' id='word_1_301' title='bbox 1921 2987 1998 3045; x_wconf 91' lang='lat' dir='ltr'>de</span> <span class='ocrx_word' id='word_1_302' title='bbox 2060 2986 2406 3064; x_wconf 90' lang='lat' dir='ltr'>quibusvis,</span> <span class='ocrx_word' id='word_1_303' title='bbox 2441 2987 2548 3046; x_wconf 89' lang='lat' dir='ltr'>sed</span> <span class='ocrx_word' id='word_1_304' title='bbox 2595 2991 2765 3046; x_wconf 91' lang='lat' dir='ltr'>certo</span> <span class='ocrx_word' id='word_1_305' title='bbox 2827 2991 3131 3064; x_wconf 90' lang='lat' dir='ltr'>tempore,</span> <span class='ocrx_word' id='word_1_306' title='bbox 3168 2990 3230 3044; x_wconf 89' lang='lat' dir='ltr'>et</span> <span class='ocrx_word' id='word_1_307' title='bbox 3286 2985 3454 3064; x_wconf 91' lang='lat' dir='ltr'>apud</span> <span class='ocrx_word' id='word_1_308' title='bbox 3513 2988 3718 3043; x_wconf 90' lang='lat' dir='ltr'>certos</span> 
     </span>
    </p>
   </div>
   <div class='ocr_carea' id='block_1_28' title="bbox 281 3082 3700 3164">
    <p class='ocr_par' dir='ltr' id='par_1_28' title="bbox 281 3082 3700 3164">
     <span class='ocr_line' id='line_1_28' title="bbox 281 3082 3700 3164; baseline 0 -23"><span class='ocrx_word' id='word_1_309' title='bbox 281 3082 594 3152; x_wconf 88' lang='lat' dir='ltr'>homines,</span> <span class='ocrx_word' id='word_1_310' title='bbox 631 3090 690 3143; x_wconf 90' lang='lat' dir='ltr'>et</span> <span class='ocrx_word' id='word_1_311' title='bbox 716 3084 1130 3164; x_wconf 90' lang='lat' dir='ltr'>aliquousque</span> <span class='ocrx_word' id='word_1_312' title='bbox 1156 3085 1276 3144; x_wconf 88' lang='lat' dir='ltr'>hoc</span> <span class='ocrx_word' id='word_1_313' title='bbox 1303 3085 1682 3145; x_wconf 89' lang='lat' dir='ltr'>faciendum.</span> <span class='ocrx_word' id='word_1_314' title='bbox 1717 3109 1746 3139; x_wconf 72' lang='grc' dir='ltr'><strong><em>υ</em></strong></span> <span class='ocrx_word' id='word_1_315' title='bbox 1784 3088 1869 3144; x_wconf 87' lang='lat' dir='ltr'>De</span> <span class='ocrx_word' id='word_1_316' title='bbox 1900 3085 1998 3144; x_wconf 91' lang='lat' dir='ltr'>his</span> <span class='ocrx_word' id='word_1_317' title='bbox 2028 3084 2340 3157; x_wconf 91' lang='lat' dir='ltr'>omnibus,</span> <span class='ocrx_word' id='word_1_318' title='bbox 2405 3090 2538 3144; x_wconf 91' lang='lat' dir='ltr'>tum</span> <span class='ocrx_word' id='word_1_319' title='bbox 2594 3084 2877 3146; x_wconf 89' lang='lat' dir='ltr'>oratione</span> <span class='ocrx_word' id='word_1_320' title='bbox 2917 3084 3212 3144; x_wconf 90' lang='lat' dir='ltr'>vicesima</span> <span class='ocrx_word' id='word_1_321' title='bbox 3243 3082 3511 3162; x_wconf 90' lang='lat' dir='ltr'>septima</span> <span class='ocrx_word' id='word_1_322' title='bbox 3559 3099 3700 3162; x_wconf 76' lang='lat' dir='ltr'>quae</span> 
     </span>
    </p>
   </div>
   <div class='ocr_carea' id='block_1_29' title="bbox 275 3180 3174 3261">
    <p class='ocr_par' dir='ltr' id='par_1_29' title="bbox 275 3180 3174 3261">
     <span class='ocr_line' id='line_1_29' title="bbox 275 3180 3174 3261; baseline 0.001 -22"><span class='ocrx_word' id='word_1_323' title='bbox 275 3180 786 3258; x_wconf 84' lang='lat' dir='ltr'>theologicarum</span> <span class='ocrx_word' id='word_1_324' title='bbox 817 3182 989 3242; x_wconf 89' lang='lat' dir='ltr'>velut</span> <span class='ocrx_word' id='word_1_325' title='bbox 1018 3182 1342 3242; x_wconf 87' lang='lat' dir='ltr'>exordium</span> <span class='ocrx_word' id='word_1_326' title='bbox 1376 3189 1489 3252; x_wconf 90' lang='lat' dir='ltr'>est,</span> <span class='ocrx_word' id='word_1_327' title='bbox 1525 3188 1656 3242; x_wconf 93' lang='lat' dir='ltr'>tum</span> <span class='ocrx_word' id='word_1_328' title='bbox 1709 3182 1846 3243; x_wconf 90' lang='lat' dir='ltr'>aliis</span> <span class='ocrx_word' id='word_1_329' title='bbox 1875 3182 1938 3242; x_wconf 91' lang='lat' dir='ltr'>in</span> <span class='ocrx_word' id='word_1_330' title='bbox 1970 3182 2144 3256; x_wconf 90' lang='lat' dir='ltr'>locis,</span> <span class='ocrx_word' id='word_1_331' title='bbox 2180 3182 2595 3243; x_wconf 87' lang='lat' dir='ltr'>saluberrima</span> <span class='ocrx_word' id='word_1_332' title='bbox 2628 3188 2944 3261; x_wconf 85' lang='lat' dir='ltr'>praecepta</span> <span class='ocrx_word' id='word_1_333' title='bbox 2983 3181 3174 3242; x_wconf 90' lang='lat' dir='ltr'>dedit.</span> 
     </span>
    </p>
   </div>
   <div class='ocr_carea' id='block_1_30' title="bbox 357 3279 3700 3361">
    <p class='ocr_par' dir='ltr' id='par_1_30' title="bbox 357 3279 3700 3361">
     <span class='ocr_line' id='line_1_30' title="bbox 357 3279 3700 3361; baseline 0 -23"><span class='ocrx_word' id='word_1_334' title='bbox 357 3282 446 3339; x_wconf 89' lang='lat' dir='ltr'>De</span> <span class='ocrx_word' id='word_1_335' title='bbox 504 3283 631 3340; x_wconf 92' lang='lat' dir='ltr'>Deo</span> <span class='ocrx_word' id='word_1_336' title='bbox 694 3280 994 3358; x_wconf 74' lang='lat' dir='ltr'>praeclare</span> <span class='ocrx_word' id='word_1_337' title='bbox 1045 3286 1105 3340; x_wconf 91' lang='lat' dir='ltr'>et</span> <span class='ocrx_word' id='word_1_338' title='bbox 1159 3281 1470 3341; x_wconf 87' lang='lat' dir='ltr'>subtiliter</span> <span class='ocrx_word' id='word_1_339' title='bbox 1546 3281 1876 3360; x_wconf 89' lang='lat' dir='ltr'>disputat,</span> <span class='ocrx_word' id='word_1_340' title='bbox 1942 3281 2223 3361; x_wconf 85' lang='lat' dir='ltr'>nihilque</span> <span class='ocrx_word' id='word_1_341' title='bbox 2301 3281 2828 3360; x_wconf 89' lang='lat' dir='ltr'>magniﬁcientius</span> <span class='ocrx_word' id='word_1_342' title='bbox 2904 3287 2964 3341; x_wconf 91' lang='lat' dir='ltr'>et</span> <span class='ocrx_word' id='word_1_343' title='bbox 3036 3281 3115 3342; x_wconf 91' lang='lat' dir='ltr'>ad</span> <span class='ocrx_word' id='word_1_344' title='bbox 3191 3279 3700 3358; x_wconf 87' lang='lat' dir='ltr'>persuadendum</span> 
     </span>
    </p>
   </div>
   <div class='ocr_carea' id='block_1_31' title="bbox 274 3377 3702 3458">
    <p class='ocr_par' dir='ltr' id='par_1_31' title="bbox 274 3377 3702 3458">
     <span class='ocr_line' id='line_1_31' title="bbox 274 3377 3702 3458; baseline 0 -21"><span class='ocrx_word' id='word_1_345' title='bbox 274 3380 822 3438; x_wconf 86' lang='lat' dir='ltr'>accommodatius</span> <span class='ocrx_word' id='word_1_346' title='bbox 880 3398 1067 3458; x_wconf 89' lang='lat' dir='ltr'>quam</span> <span class='ocrx_word' id='word_1_347' title='bbox 1127 3386 1502 3458; x_wconf 90' lang='lat' dir='ltr'>argumenta</span> <span class='ocrx_word' id='word_1_348' title='bbox 1577 3399 1722 3457; x_wconf 77' lang='lat' dir='ltr'>quoe</span> <span class='ocrx_word' id='word_1_349' title='bbox 1773 3398 1849 3439; x_wconf 89' lang='lat' dir='ltr'>ex</span> <span class='ocrx_word' id='word_1_350' title='bbox 1913 3387 2158 3440; x_wconf 86' lang='lat' dir='ltr'>naturae</span> <span class='ocrx_word' id='word_1_351' title='bbox 2245 3381 2532 3439; x_wconf 91' lang='lat' dir='ltr'>miranda</span> <span class='ocrx_word' id='word_1_352' title='bbox 2619 3385 2937 3439; x_wconf 89' lang='lat' dir='ltr'>structura</span> <span class='ocrx_word' id='word_1_353' title='bbox 3013 3397 3085 3439; x_wconf 91' lang='lat' dir='ltr'>ac</span> <span class='ocrx_word' id='word_1_354' title='bbox 3167 3377 3440 3456; x_wconf 89' lang='lat' dir='ltr'>eleganti</span> <span class='ocrx_word' id='word_1_355' title='bbox 3496 3377 3702 3437; x_wconf 90' lang='lat' dir='ltr'>forma</span> 
     </span>
    </p>
   </div>
   <div class='ocr_carea' id='block_1_32' title="bbox 272 3475 3703 3558">
    <p class='ocr_par' dir='ltr' id='par_1_32' title="bbox 272 3475 3703 3558">
     <span class='ocr_line' id='line_1_32' title="bbox 272 3475 3703 3558; baseline -0 -23"><span class='ocrx_word' id='word_1_356' title='bbox 272 3475 670 3555; x_wconf 90' lang='lat' dir='ltr'>deprompsit</span> <span class='ocrx_word' id='word_1_357' title='bbox 726 3495 740 3536; x_wconf 91' lang='lat'><strong>:</strong></span> <span class='ocrx_word' id='word_1_358' title='bbox 807 3501 835 3532; x_wconf 85' lang='lat'><strong>«</strong></span> <span class='ocrx_word' id='word_1_359' title='bbox 896 3479 1167 3550; x_wconf 90' lang='lat' dir='ltr'>Etenim,</span> <span class='ocrx_word' id='word_1_360' title='bbox 1229 3479 1435 3558; x_wconf 91' lang='lat' dir='ltr'>inquit</span> <span class='ocrx_word' id='word_1_361' title='bbox 1489 3477 1591 3556; x_wconf 88' lang='lat' dir='ltr'>(c),</span> <span class='ocrx_word' id='word_1_362' title='bbox 1655 3480 1823 3556; x_wconf 91' lang='lat' dir='ltr'>quod</span> <span class='ocrx_word' id='word_1_363' title='bbox 1880 3481 2045 3540; x_wconf 89' lang='lat' dir='ltr'>Deus</span> <span class='ocrx_word' id='word_1_364' title='bbox 2101 3480 2202 3551; x_wconf 87' lang='lat' dir='ltr'>sit,</span> <span class='ocrx_word' id='word_1_365' title='bbox 2262 3497 2334 3538; x_wconf 91' lang='lat' dir='ltr'>ac</span> <span class='ocrx_word' id='word_1_366' title='bbox 2393 3479 2684 3557; x_wconf 87' lang='lat' dir='ltr'>princeps</span> <span class='ocrx_word' id='word_1_367' title='bbox 2741 3478 3031 3556; x_wconf 74' lang='lat' dir='ltr'>quaedam</span> <span class='ocrx_word' id='word_1_368' title='bbox 3091 3495 3326 3552; x_wconf 87' lang='lat' dir='ltr'>causa,</span> <span class='ocrx_word' id='word_1_369' title='bbox 3391 3493 3532 3554; x_wconf 71' lang='lat' dir='ltr'>quae</span> <span class='ocrx_word' id='word_1_370' title='bbox 3603 3494 3703 3535; x_wconf 90' lang='lat' dir='ltr'>res</span> 
     </span>
    </p>
   </div>
   <div class='ocr_carea' id='block_1_33' title="bbox 271 3575 3699 3656">
    <p class='ocr_par' dir='ltr' id='par_1_33' title="bbox 271 3575 3699 3656">
     <span class='ocr_line' id='line_1_33' title="bbox 271 3575 3699 3656; baseline 0 -23"><span class='ocrx_word' id='word_1_371' title='bbox 271 3592 498 3633; x_wconf 89' lang='lat' dir='ltr'>omnes</span> <span class='ocrx_word' id='word_1_372' title='bbox 555 3576 905 3652; x_wconf 91' lang='lat' dir='ltr'>procrearit</span> <span class='ocrx_word' id='word_1_373' title='bbox 963 3582 1152 3654; x_wconf 91' lang='lat' dir='ltr'>atque</span> <span class='ocrx_word' id='word_1_374' title='bbox 1210 3583 1584 3649; x_wconf 87' lang='lat' dir='ltr'>conservet,</span> <span class='ocrx_word' id='word_1_375' title='bbox 1649 3583 1780 3636; x_wconf 93' lang='lat' dir='ltr'>tum</span> <span class='ocrx_word' id='word_1_376' title='bbox 1840 3577 2005 3637; x_wconf 91' lang='lat' dir='ltr'>oculi</span> <span class='ocrx_word' id='word_1_377' title='bbox 2061 3577 2227 3656; x_wconf 90' lang='lat' dir='ltr'>ipsi,</span> <span class='ocrx_word' id='word_1_378' title='bbox 2295 3584 2425 3636; x_wconf 90' lang='lat' dir='ltr'>tum</span> <span class='ocrx_word' id='word_1_379' title='bbox 2486 3578 2586 3637; x_wconf 87' lang='lat' dir='ltr'>lex</span> <span class='ocrx_word' id='word_1_380' title='bbox 2646 3577 2953 3636; x_wconf 90' lang='lat' dir='ltr'>naturalis</span> <span class='ocrx_word' id='word_1_381' title='bbox 3011 3576 3239 3636; x_wconf 91' lang='lat' dir='ltr'>docent</span> <span class='ocrx_word' id='word_1_382' title='bbox 3293 3593 3306 3646; x_wconf 89' lang='lat'>;</span> <span class='ocrx_word' id='word_1_383' title='bbox 3371 3575 3484 3647; x_wconf 93' lang='lat' dir='ltr'>illi,</span> <span class='ocrx_word' id='word_1_384' title='bbox 3548 3575 3699 3634; x_wconf 89' lang='lat' dir='ltr'>dum</span> 
     </span>
    </p>
   </div>
   <div class='ocr_carea' id='block_1_34' title="bbox 270 3673 3705 3753">
    <p class='ocr_par' dir='ltr' id='par_1_34' title="bbox 270 3673 3705 3753">
     <span class='ocr_line' id='line_1_34' title="bbox 270 3673 3705 3753; baseline 0 -22"><span class='ocrx_word' id='word_1_385' title='bbox 270 3673 464 3732; x_wconf 87' lang='lat' dir='ltr'>rebus</span> <span class='ocrx_word' id='word_1_386' title='bbox 521 3673 582 3731; x_wconf 93' lang='lat' dir='ltr'>in</span> <span class='ocrx_word' id='word_1_387' title='bbox 638 3679 960 3751; x_wconf 90' lang='lat' dir='ltr'>aspectum</span> <span class='ocrx_word' id='word_1_388' title='bbox 1023 3674 1392 3734; x_wconf 88' lang='lat' dir='ltr'>cadentibus</span> <span class='ocrx_word' id='word_1_389' title='bbox 1452 3675 1649 3735; x_wconf 90' lang='lat' dir='ltr'>aciem</span> <span class='ocrx_word' id='word_1_390' title='bbox 1709 3675 1997 3753; x_wconf 82' lang='lat' dir='ltr'>afﬁgunt,</span> <span class='ocrx_word' id='word_1_391' title='bbox 2051 3693 2282 3753; x_wconf 89' lang='lat' dir='ltr'>easque</span> <span class='ocrx_word' id='word_1_392' title='bbox 2340 3681 2401 3734; x_wconf 89' lang='lat' dir='ltr'>et</span> <span class='ocrx_word' id='word_1_393' title='bbox 2463 3675 2726 3753; x_wconf 88' lang='lat' dir='ltr'>pulchre</span> <span class='ocrx_word' id='word_1_394' title='bbox 2782 3676 2940 3734; x_wconf 89' lang='lat' dir='ltr'>ﬁxas</span> <span class='ocrx_word' id='word_1_395' title='bbox 2999 3680 3060 3733; x_wconf 89' lang='lat' dir='ltr'>et</span> <span class='ocrx_word' id='word_1_396' title='bbox 3111 3674 3366 3733; x_wconf 89' lang='lat' dir='ltr'>stabiles</span> <span class='ocrx_word' id='word_1_397' title='bbox 3425 3691 3581 3744; x_wconf 90' lang='lat' dir='ltr'>esse,</span> <span class='ocrx_word' id='word_1_398' title='bbox 3641 3681 3705 3732; x_wconf 90' lang='lat' dir='ltr'>et</span> 
     </span>
    </p>
   </div>
   <div class='ocr_carea' id='block_1_35' title="bbox 268 3771 3703 3852">
    <p class='ocr_par' dir='ltr' id='par_1_35' title="bbox 268 3771 3703 3852">
     <span class='ocr_line' id='line_1_35' title="bbox 268 3771 3703 3852; baseline 0 -23"><span class='ocrx_word' id='word_1_399' title='bbox 268 3771 597 3850; x_wconf 88' lang='lat' dir='ltr'>progredi,</span> <span class='ocrx_word' id='word_1_400' title='bbox 658 3778 847 3849; x_wconf 90' lang='lat' dir='ltr'>atque</span> <span class='ocrx_word' id='word_1_401' title='bbox 905 3773 1185 3843; x_wconf 87' lang='lat' dir='ltr'>immote,</span> <span class='ocrx_word' id='word_1_402' title='bbox 1235 3779 1305 3832; x_wconf 93' lang='lat' dir='ltr'>ut</span> <span class='ocrx_word' id='word_1_403' title='bbox 1361 3774 1448 3833; x_wconf 91' lang='lat' dir='ltr'>ita</span> <span class='ocrx_word' id='word_1_404' title='bbox 1507 3774 1735 3843; x_wconf 91' lang='lat' dir='ltr'>dicam,</span> <span class='ocrx_word' id='word_1_405' title='bbox 1798 3773 2034 3834; x_wconf 90' lang='lat' dir='ltr'>moveri</span> <span class='ocrx_word' id='word_1_406' title='bbox 2090 3774 2384 3852; x_wconf 91' lang='lat' dir='ltr'>volvique</span> <span class='ocrx_word' id='word_1_407' title='bbox 2440 3774 2864 3851; x_wconf 89' lang='lat' dir='ltr'>perspiciunt:</span> <span class='ocrx_word' id='word_1_408' title='bbox 2903 3772 3036 3832; x_wconf 88' lang='lat' dir='ltr'>haec</span> <span class='ocrx_word' id='word_1_409' title='bbox 3086 3778 3321 3844; x_wconf 91' lang='lat' dir='ltr'>autem,</span> <span class='ocrx_word' id='word_1_410' title='bbox 3382 3772 3529 3831; x_wconf 92' lang='lat' dir='ltr'>dum</span> <span class='ocrx_word' id='word_1_411' title='bbox 3590 3789 3703 3848; x_wconf 92' lang='lat' dir='ltr'>per</span> 
     </span>
    </p>
   </div>
   <div class='ocr_carea' id='block_1_36' title="bbox 273 3868 3700 3948">
    <p class='ocr_par' dir='ltr' id='par_1_36' title="bbox 273 3868 3700 3948">
     <span class='ocr_line' id='line_1_36' title="bbox 273 3868 3700 3948; baseline -0 -20"><span class='ocrx_word' id='word_1_412' title='bbox 273 3887 374 3928; x_wconf 85' lang='lat' dir='ltr'>res</span> <span class='ocrx_word' id='word_1_413' title='bbox 405 3869 606 3928; x_wconf 90' lang='lat' dir='ltr'>oculis</span> <span class='ocrx_word' id='word_1_414' title='bbox 637 3870 974 3948; x_wconf 89' lang='lat' dir='ltr'>subjectas,</span> <span class='ocrx_word' id='word_1_415' title='bbox 1011 3889 1081 3930; x_wconf 87' lang='lat' dir='ltr'>ac</span> <span class='ocrx_word' id='word_1_416' title='bbox 1113 3876 1283 3930; x_wconf 86' lang='lat' dir='ltr'>recto</span> <span class='ocrx_word' id='word_1_417' title='bbox 1344 3871 1562 3931; x_wconf 90' lang='lat' dir='ltr'>ordine</span> <span class='ocrx_word' id='word_1_418' title='bbox 1619 3871 1981 3944; x_wconf 89' lang='lat' dir='ltr'>collocatas,</span> <span class='ocrx_word' id='word_1_419' title='bbox 2030 3878 2353 3931; x_wconf 90' lang='lat' dir='ltr'>auctorem</span> <span class='ocrx_word' id='word_1_420' title='bbox 2415 3889 2632 3931; x_wconf 89' lang='lat' dir='ltr'>earum</span> <span class='ocrx_word' id='word_1_421' title='bbox 2691 3877 2862 3930; x_wconf 89' lang='lat' dir='ltr'>certa</span> <span class='ocrx_word' id='word_1_422' title='bbox 2913 3871 3156 3930; x_wconf 87' lang='lat' dir='ltr'>ratione</span> <span class='ocrx_word' id='word_1_423' title='bbox 3215 3868 3454 3947; x_wconf 89' lang='lat' dir='ltr'>colligit</span> <span class='ocrx_word' id='word_1_424' title='bbox 3510 3875 3700 3947; x_wconf 91' lang='lat' dir='ltr'>atque</span> 
     </span>
    </p>
   </div>
   <div class='ocr_carea' id='block_1_37' title="bbox 280 3968 3697 4048">
    <p class='ocr_par' dir='ltr' id='par_1_37' title="bbox 280 3968 3697 4048">
     <span class='ocr_line' id='line_1_37' title="bbox 280 3968 3697 4048; baseline 0 -22"><span class='ocrx_word' id='word_1_425' title='bbox 280 3969 663 4044; x_wconf 83' lang='lat' dir='ltr'>assequitur.</span> <span class='ocrx_word' id='word_1_426' title='bbox 735 3970 1018 4039; x_wconf 83' lang='lat' dir='ltr'>Quonam</span> <span class='ocrx_word' id='word_1_427' title='bbox 1081 3968 1244 4028; x_wconf 90' lang='lat' dir='ltr'>enim</span> <span class='ocrx_word' id='word_1_428' title='bbox 1307 3971 1495 4029; x_wconf 92' lang='lat' dir='ltr'>modo</span> <span class='ocrx_word' id='word_1_429' title='bbox 1551 3970 1840 4030; x_wconf 89' lang='lat' dir='ltr'>universa</span> <span class='ocrx_word' id='word_1_430' title='bbox 1889 3969 2025 4029; x_wconf 85' lang='lat' dir='ltr'>haec</span> <span class='ocrx_word' id='word_1_431' title='bbox 2074 3989 2282 4029; x_wconf 90' lang='lat' dir='ltr'>rerum</span> <span class='ocrx_word' id='word_1_432' title='bbox 2344 3971 2540 4030; x_wconf 91' lang='lat' dir='ltr'>moles</span> <span class='ocrx_word' id='word_1_433' title='bbox 2596 3970 2693 4030; x_wconf 88' lang='lat' dir='ltr'>vel</span> <span class='ocrx_word' id='word_1_434' title='bbox 2751 3969 3058 4048; x_wconf 91' lang='lat' dir='ltr'>producta</span> <span class='ocrx_word' id='word_1_435' title='bbox 3123 3987 3401 4046; x_wconf 91' lang='lat' dir='ltr'>unquam</span> <span class='ocrx_word' id='word_1_436' title='bbox 3459 3968 3697 4042; x_wconf 88' lang='lat' dir='ltr'>fuisset,</span> 
     </span>
    </p>
   </div>
   <div class='ocr_carea' id='block_1_38' title="bbox 282 4065 3700 4148">
    <p class='ocr_par' dir='ltr' id='par_1_38' title="bbox 282 4065 3700 4148">
     <span class='ocr_line' id='line_1_38' title="bbox 282 4065 3700 4148; baseline 0.002 -27"><span class='ocrx_word' id='word_1_437' title='bbox 282 4065 386 4122; x_wconf 83' lang='lat' dir='ltr'>vel</span> <span class='ocrx_word' id='word_1_438' title='bbox 444 4065 823 4138; x_wconf 89' lang='lat' dir='ltr'>consisteret,</span> <span class='ocrx_word' id='word_1_439' title='bbox 887 4067 1005 4125; x_wconf 88' lang='lat' dir='ltr'>nisi</span> <span class='ocrx_word' id='word_1_440' title='bbox 1079 4069 1244 4126; x_wconf 92' lang='lat' dir='ltr'>Deus</span> <span class='ocrx_word' id='word_1_441' title='bbox 1304 4068 1515 4128; x_wconf 91' lang='lat' dir='ltr'>omnia</span> <span class='ocrx_word' id='word_1_442' title='bbox 1586 4068 1648 4127; x_wconf 90' lang='lat' dir='ltr'>in</span> <span class='ocrx_word' id='word_1_443' title='bbox 1706 4087 1914 4129; x_wconf 89' lang='lat' dir='ltr'>rerum</span> <span class='ocrx_word' id='word_1_444' title='bbox 1975 4074 2204 4129; x_wconf 89' lang='lat' dir='ltr'>natura</span> <span class='ocrx_word' id='word_1_445' title='bbox 2262 4068 2644 4148; x_wconf 88' lang='lat' dir='ltr'>protulisset,</span> <span class='ocrx_word' id='word_1_446' title='bbox 2707 4075 2896 4147; x_wconf 88' lang='lat' dir='ltr'>atque</span> <span class='ocrx_word' id='word_1_447' title='bbox 2954 4068 3417 4128; x_wconf 86' lang='lat' dir='ltr'>conservaret?</span> <span class='ocrx_word' id='word_1_448' title='bbox 3476 4091 3505 4122; x_wconf 85' lang='grc'>››</span> <span class='ocrx_word' id='word_1_449' title='bbox 3569 4069 3700 4127; x_wconf 90' lang='lat' dir='ltr'>Hoc</span> 
     </span>
    </p>
   </div>
   <div class='ocr_carea' id='block_1_39' title="bbox 288 4164 3700 4248">
    <p class='ocr_par' dir='ltr' id='par_1_39' title="bbox 288 4164 3700 4248">
     <span class='ocr_line' id='line_1_39' title="bbox 288 4164 3700 4248; baseline 0.001 -27"><span class='ocrx_word' id='word_1_450' title='bbox 288 4179 500 4221; x_wconf 88' lang='lat' dir='ltr'>omnes</span> <span class='ocrx_word' id='word_1_451' title='bbox 555 4169 616 4222; x_wconf 94' lang='lat' dir='ltr'>et</span> <span class='ocrx_word' id='word_1_452' title='bbox 674 4164 936 4242; x_wconf 65' lang='lat' dir='ltr'>singula:</span> <span class='ocrx_word' id='word_1_453' title='bbox 997 4169 1282 4225; x_wconf 71' lang='lat' dir='ltr'>crzeturee</span> <span class='ocrx_word' id='word_1_454' title='bbox 1339 4167 1741 4226; x_wconf 90' lang='lat' dir='ltr'>conclamant</span> <span class='ocrx_word' id='word_1_455' title='bbox 1801 4166 1908 4248; x_wconf 72' lang='lat' dir='ltr'>(cl),</span> <span class='ocrx_word' id='word_1_456' title='bbox 1951 4192 1980 4223; x_wconf 91' lang='lat'><strong>«</strong></span> <span class='ocrx_word' id='word_1_457' title='bbox 2039 4168 2348 4246; x_wconf 91' lang='lat' dir='ltr'>nobisque</span> <span class='ocrx_word' id='word_1_458' title='bbox 2395 4167 2593 4247; x_wconf 87' lang='lat' dir='ltr'>ipsius</span> <span class='ocrx_word' id='word_1_459' title='bbox 2646 4186 2876 4228; x_wconf 90' lang='lat' dir='ltr'>nunem</span> <span class='ocrx_word' id='word_1_460' title='bbox 2933 4168 3276 4240; x_wconf 89' lang='lat' dir='ltr'>declarant,</span> <span class='ocrx_word' id='word_1_461' title='bbox 3341 4186 3465 4226; x_wconf 91' lang='lat' dir='ltr'>non</span> <span class='ocrx_word' id='word_1_462' title='bbox 3523 4185 3700 4226; x_wconf 90' lang='lat' dir='ltr'>secus</span> 
     </span>
    </p>
   </div>
   <div class='ocr_carea' id='block_1_40' title="bbox 274 4264 3694 4348">
    <p class='ocr_par' dir='ltr' id='par_1_40' title="bbox 274 4264 3694 4348">
     <span class='ocr_line' id='line_1_40' title="bbox 274 4264 3694 4348; baseline 0.001 -24"><span class='ocrx_word' id='word_1_463' title='bbox 274 4264 567 4324; x_wconf 85' lang='lat' dir='ltr'>videlicet</span> <span class='ocrx_word' id='word_1_464' title='bbox 625 4284 697 4325; x_wconf 91' lang='lat' dir='ltr'>ac</span> <span class='ocrx_word' id='word_1_465' title='bbox 753 4265 901 4326; x_wconf 86' lang='lat' dir='ltr'>solis</span> <span class='ocrx_word' id='word_1_466' title='bbox 958 4265 1020 4326; x_wconf 93' lang='lat' dir='ltr'>in</span> <span class='ocrx_word' id='word_1_467' title='bbox 1080 4267 1260 4345; x_wconf 89' lang='lat' dir='ltr'>aquis</span> <span class='ocrx_word' id='word_1_468' title='bbox 1319 4267 1558 4328; x_wconf 78' lang='lat' dir='ltr'>umbrae</span> <span class='ocrx_word' id='word_1_469' title='bbox 1619 4274 1809 4346; x_wconf 88' lang='lat' dir='ltr'>atque</span> <span class='ocrx_word' id='word_1_470' title='bbox 1882 4269 2220 4329; x_wconf 88' lang='lat' dir='ltr'>simulacra</span> <span class='ocrx_word' id='word_1_471' title='bbox 2275 4269 2540 4329; x_wconf 91' lang='lat' dir='ltr'>inﬁrmis</span> <span class='ocrx_word' id='word_1_472' title='bbox 2591 4269 2790 4330; x_wconf 92' lang='lat' dir='ltr'>ocnlis</span> <span class='ocrx_word' id='word_1_473' title='bbox 2874 4269 3068 4328; x_wconf 91' lang='lat' dir='ltr'>solem</span> <span class='ocrx_word' id='word_1_474' title='bbox 3127 4274 3602 4348; x_wconf 56' lang='lat' dir='ltr'>repraesentant.</span> <span class='ocrx_word' id='word_1_475' title='bbox 3665 4291 3694 4323; x_wconf 88' lang='lat'>»</span> 
     </span>
    </p>
   </div>
   <div class='ocr_carea' id='block_1_41' title="bbox 268 4364 3699 4446">
    <p class='ocr_par' dir='ltr' id='par_1_41' title="bbox 268 4364 3699 4446">
     <span class='ocr_line' id='line_1_41' title="bbox 268 4364 3699 4446; baseline 0 -23"><span class='ocrx_word' id='word_1_476' title='bbox 268 4364 425 4435; x_wconf 85' lang='lat' dir='ltr'>Quis</span> <span class='ocrx_word' id='word_1_477' title='bbox 483 4364 671 4424; x_wconf 89' lang='lat' dir='ltr'>etiam</span> <span class='ocrx_word' id='word_1_478' title='bbox 728 4365 1126 4425; x_wconf 90' lang='lat' dir='ltr'>instrumenti</span> <span class='ocrx_word' id='word_1_479' title='bbox 1190 4366 1410 4426; x_wconf 89' lang='lat' dir='ltr'>musici</span> <span class='ocrx_word' id='word_1_480' title='bbox 1470 4367 1913 4427; x_wconf 89' lang='lat' dir='ltr'>concinitatem</span> <span class='ocrx_word' id='word_1_481' title='bbox 1971 4367 2281 4446; x_wconf 90' lang='lat' dir='ltr'>aspiciens</span> <span class='ocrx_word' id='word_1_482' title='bbox 2328 4413 2341 4440; x_wconf 95' lang='lat'>,</span> <span class='ocrx_word' id='word_1_483' title='bbox 2405 4373 2515 4427; x_wconf 90' lang='lat' dir='ltr'>aut</span> <span class='ocrx_word' id='word_1_484' title='bbox 2589 4373 2844 4428; x_wconf 91' lang='lat' dir='ltr'>cantum</span> <span class='ocrx_word' id='word_1_485' title='bbox 2921 4367 3182 4428; x_wconf 91' lang='lat' dir='ltr'>audiens</span> <span class='ocrx_word' id='word_1_486' title='bbox 3218 4414 3231 4441; x_wconf 94' lang='lat'>,</span> <span class='ocrx_word' id='word_1_487' title='bbox 3309 4366 3699 4427; x_wconf 90' lang='lat' dir='ltr'>conditorem</span> 
     </span>
    </p>
   </div>
   <div class='ocr_carea' id='block_1_42' title="bbox 265 4463 3702 4545">
    <p class='ocr_par' dir='ltr' id='par_1_42' title="bbox 265 4463 3702 4545">
     <span class='ocr_line' id='line_1_42' title="bbox 265 4463 3702 4545; baseline 0.001 -23"><span class='ocrx_word' id='word_1_488' title='bbox 265 4463 491 4540; x_wconf 88' lang='lat' dir='ltr'>ipsius,</span> <span class='ocrx_word' id='word_1_489' title='bbox 555 4469 664 4522; x_wconf 87' lang='lat' dir='ltr'>aut</span> <span class='ocrx_word' id='word_1_490' title='bbox 707 4463 1125 4535; x_wconf 91' lang='lat' dir='ltr'>citharistam,</span> <span class='ocrx_word' id='word_1_491' title='bbox 1184 4463 1344 4525; x_wconf 84' lang='lat' dir='ltr'>facie</span> <span class='ocrx_word' id='word_1_492' title='bbox 1401 4465 1548 4525; x_wconf 92' lang='lat' dir='ltr'>licet</span> <span class='ocrx_word' id='word_1_493' title='bbox 1603 4465 1917 4543; x_wconf 87' lang='lat' dir='ltr'>ignotum,</span> <span class='ocrx_word' id='word_1_494' title='bbox 1981 4471 2192 4525; x_wconf 89' lang='lat' dir='ltr'>mente</span> <span class='ocrx_word' id='word_1_495' title='bbox 2247 4485 2371 4526; x_wconf 93' lang='lat' dir='ltr'>non</span> <span class='ocrx_word' id='word_1_496' title='bbox 2423 4468 2721 4545; x_wconf 84' lang='lat' dir='ltr'>reputet?</span> <span class='ocrx_word' id='word_1_497' title='bbox 2779 4467 3059 4527; x_wconf 91' lang='lat' dir='ltr'>Plurima</span> <span class='ocrx_word' id='word_1_498' title='bbox 3115 4465 3395 4544; x_wconf 91' lang='lat' dir='ltr'>ejusdem</span> <span class='ocrx_word' id='word_1_499' title='bbox 3455 4465 3702 4543; x_wconf 88' lang='lat' dir='ltr'>generis</span> 
     </span>
    </p>
   </div>
   <div class='ocr_carea' id='block_1_43' title="bbox 270 4562 3699 4643">
    <p class='ocr_par' dir='ltr' id='par_1_43' title="bbox 270 4562 3699 4643">
     <span class='ocr_line' id='line_1_43' title="bbox 270 4562 3699 4643; baseline 0.001 -24"><span class='ocrx_word' id='word_1_500' title='bbox 270 4567 658 4638; x_wconf 86' lang='lat' dir='ltr'>argumenta</span> <span class='ocrx_word' id='word_1_501' title='bbox 689 4567 939 4634; x_wconf 86' lang='lat' dir='ltr'>tractat,</span> <span class='ocrx_word' id='word_1_502' title='bbox 975 4562 1205 4640; x_wconf 88' lang='lat' dir='ltr'>quibus</span> <span class='ocrx_word' id='word_1_503' title='bbox 1261 4564 1479 4623; x_wconf 91' lang='lat' dir='ltr'>mundi</span> <span class='ocrx_word' id='word_1_504' title='bbox 1533 4582 1783 4623; x_wconf 89' lang='lat' dir='ltr'>cursum</span> <span class='ocrx_word' id='word_1_505' title='bbox 1841 4570 1902 4624; x_wconf 92' lang='lat' dir='ltr'>et</span> <span class='ocrx_word' id='word_1_506' title='bbox 1957 4583 2166 4624; x_wconf 89' lang='lat' dir='ltr'>rerum</span> <span class='ocrx_word' id='word_1_507' title='bbox 2226 4565 2700 4643; x_wconf 88' lang='lat' dir='ltr'>aspectabilium</span> <span class='ocrx_word' id='word_1_508' title='bbox 2761 4565 3045 4625; x_wconf 90' lang='lat' dir='ltr'>ordinem</span> <span class='ocrx_word' id='word_1_509' title='bbox 3114 4565 3285 4624; x_wconf 90' lang='lat' dir='ltr'>casui</span> <span class='ocrx_word' id='word_1_510' title='bbox 3341 4565 3438 4623; x_wconf 91' lang='lat' dir='ltr'>vel</span> <span class='ocrx_word' id='word_1_511' title='bbox 3497 4564 3699 4623; x_wconf 89' lang='lat' dir='ltr'>fortu-</span> 
     </span>
    </p>
   </div>
   <div class='ocr_carea' id='block_1_44' title="bbox 274 4657 3702 4733">
    <p class='ocr_par' dir='ltr' id='par_1_44' title="bbox 274 4657 3702 4733">
     <span class='ocr_line' id='line_1_44' title="bbox 274 4657 3702 4733; baseline 0.001 -16"><span class='ocrx_word' id='word_1_512' title='bbox 274 4678 378 4719; x_wconf 68' lang='lat' dir='ltr'>nae</span> <span class='ocrx_word' id='word_1_513' title='bbox 435 4657 769 4733; x_wconf 89' lang='lat' dir='ltr'>ascribere,</span> <span class='ocrx_word' id='word_1_514' title='bbox 820 4660 1070 4720; x_wconf 87' lang='lat' dir='ltr'>nonnisi</span> <span class='ocrx_word' id='word_1_515' title='bbox 1109 4679 1371 4721; x_wconf 85' lang='lat' dir='ltr'>summae</span> <span class='ocrx_word' id='word_1_516' title='bbox 1428 4661 1759 4722; x_wconf 87' lang='lat' dir='ltr'>dementiae</span> <span class='ocrx_word' id='word_1_517' title='bbox 1789 4661 2066 4722; x_wconf 90' lang='lat' dir='ltr'>dandum</span> <span class='ocrx_word' id='word_1_518' title='bbox 2131 4663 2461 4722; x_wconf 88' lang='lat' dir='ltr'>manifesto</span> <span class='ocrx_word' id='word_1_519' title='bbox 2521 4664 2773 4723; x_wconf 89' lang='lat' dir='ltr'>evincit.</span> <span class='ocrx_word' id='word_1_520' title='bbox 2811 4663 2932 4723; x_wconf 92' lang='lat' dir='ltr'>Sed</span> <span class='ocrx_word' id='word_1_521' title='bbox 2990 4664 3040 4722; x_wconf 92' lang='lat' dir='ltr'>si</span> <span class='ocrx_word' id='word_1_522' title='bbox 3070 4681 3146 4722; x_wconf 88' lang='lat' dir='ltr'>ex</span> <span class='ocrx_word' id='word_1_523' title='bbox 3204 4681 3411 4721; x_wconf 89' lang='lat' dir='ltr'>rerum</span> <span class='ocrx_word' id='word_1_524' title='bbox 3472 4668 3702 4720; x_wconf 91' lang='lat' dir='ltr'>natura</span> 
     </span>
    </p>
   </div>
   <div class='ocr_carea' id='block_1_45' title="bbox 271 4757 3703 4839">
    <p class='ocr_par' dir='ltr' id='par_1_45' title="bbox 271 4757 3703 4839">
     <span class='ocr_line' id='line_1_45' title="bbox 271 4757 3703 4839; baseline 0.001 -25"><span class='ocrx_word' id='word_1_525' title='bbox 271 4757 576 4816; x_wconf 88' lang='lat' dir='ltr'>divinitas</span> <span class='ocrx_word' id='word_1_526' title='bbox 605 4757 826 4816; x_wconf 91' lang='lat' dir='ltr'>animis</span> <span class='ocrx_word' id='word_1_527' title='bbox 858 4763 986 4818; x_wconf 90' lang='lat' dir='ltr'>tam</span> <span class='ocrx_word' id='word_1_528' title='bbox 1039 4759 1365 4838; x_wconf 89' lang='lat' dir='ltr'>perspicue</span> <span class='ocrx_word' id='word_1_529' title='bbox 1426 4759 1648 4832; x_wconf 90' lang='lat' dir='ltr'>elucet,</span> <span class='ocrx_word' id='word_1_530' title='bbox 1711 4779 1863 4819; x_wconf 92' lang='lat' dir='ltr'>num</span> <span class='ocrx_word' id='word_1_531' title='bbox 1922 4760 2056 4839; x_wconf 88' lang='lat' dir='ltr'>ipsa</span> <span class='ocrx_word' id='word_1_532' title='bbox 2116 4780 2293 4821; x_wconf 90' lang='lat' dir='ltr'>mens</span> <span class='ocrx_word' id='word_1_533' title='bbox 2350 4766 2411 4820; x_wconf 90' lang='lat' dir='ltr'>et</span> <span class='ocrx_word' id='word_1_534' title='bbox 2461 4761 2696 4821; x_wconf 92' lang='lat' dir='ltr'>mundo</span> <span class='ocrx_word' id='word_1_535' title='bbox 2757 4762 2962 4833; x_wconf 91' lang='lat' dir='ltr'>latior,</span> <span class='ocrx_word' id='word_1_536' title='bbox 3023 4766 3084 4820; x_wconf 93' lang='lat' dir='ltr'>et</span> <span class='ocrx_word' id='word_1_537' title='bbox 3141 4760 3442 4819; x_wconf 91' lang='lat' dir='ltr'>creaturis</span> <span class='ocrx_word' id='word_1_538' title='bbox 3498 4759 3703 4819; x_wconf 93' lang='lat' dir='ltr'>omni-</span> 
     </span>
    </p>
   </div>
   <div class='ocr_carea' id='block_1_46' title="bbox 269 4855 3700 4938">
    <p class='ocr_par' dir='ltr' id='par_1_46' title="bbox 269 4855 3700 4938">
     <span class='ocr_line' id='line_1_46' title="bbox 269 4855 3700 4938; baseline 0.001 -25"><span class='ocrx_word' id='word_1_539' title='bbox 269 4855 397 4914; x_wconf 89' lang='lat' dir='ltr'>bus</span> <span class='ocrx_word' id='word_1_540' title='bbox 475 4856 1057 4933; x_wconf 87' lang='lat' dir='ltr'>superemiuentior,</span> <span class='ocrx_word' id='word_1_541' title='bbox 1120 4859 1316 4916; x_wconf 93' lang='lat' dir='ltr'>Deum</span> <span class='ocrx_word' id='word_1_542' title='bbox 1378 4863 1698 4918; x_wconf 90' lang='lat' dir='ltr'>auctorem</span> <span class='ocrx_word' id='word_1_543' title='bbox 1731 4877 1912 4918; x_wconf 88' lang='lat' dir='ltr'>suum</span> <span class='ocrx_word' id='word_1_544' title='bbox 1971 4859 2088 4920; x_wconf 90' lang='lat' dir='ltr'>sibi</span> <span class='ocrx_word' id='word_1_545' title='bbox 2149 4860 2266 4938; x_wconf 92' lang='lat' dir='ltr'>ipsi</span> <span class='ocrx_word' id='word_1_546' title='bbox 2337 4878 2460 4919; x_wconf 92' lang='lat' dir='ltr'>non</span> <span class='ocrx_word' id='word_1_547' title='bbox 2524 4859 2746 4919; x_wconf 91' lang='lat' dir='ltr'>melius</span> <span class='ocrx_word' id='word_1_548' title='bbox 2816 4859 3121 4919; x_wconf 90' lang='lat' dir='ltr'>indicabit</span> <span class='ocrx_word' id='word_1_549' title='bbox 3195 4864 3256 4918; x_wconf 91' lang='lat' dir='ltr'>et</span> <span class='ocrx_word' id='word_1_550' title='bbox 3331 4857 3700 4918; x_wconf 87' lang='lat' dir='ltr'>exhibebit?</span> 
     </span>
    </p>
   </div>
   <div class='ocr_carea' id='block_1_47' title="bbox 274 4953 3700 5035">
    <p class='ocr_par' dir='ltr' id='par_1_47' title="bbox 274 4953 3700 5035">
     <span class='ocr_line' id='line_1_47' title="bbox 274 4953 3700 5035; baseline 0 -20"><span class='ocrx_word' id='word_1_551' title='bbox 274 4979 306 5007; x_wconf 77' lang='grc' dir='ltr'><em>α</em></span> <span class='ocrx_word' id='word_1_552' title='bbox 366 4953 441 5032; x_wconf 53' lang='grc' dir='ltr'>(ε)</span> <span class='ocrx_word' id='word_1_553' title='bbox 502 4954 603 5013; x_wconf 92' lang='lat' dir='ltr'>Sic</span> <span class='ocrx_word' id='word_1_554' title='bbox 659 4953 846 5026; x_wconf 73' lang='lat' dir='ltr'>igitur</span> <span class='ocrx_word' id='word_1_555' title='bbox 894 4955 1052 5015; x_wconf 88' lang='lat' dir='ltr'>ratio</span> <span class='ocrx_word' id='word_1_556' title='bbox 1101 4974 1242 5033; x_wconf 68' lang='lat' dir='ltr'>quae</span> <span class='ocrx_word' id='word_1_557' title='bbox 1301 4974 1377 5015; x_wconf 89' lang='lat' dir='ltr'>ex</span> <span class='ocrx_word' id='word_1_558' title='bbox 1427 4959 1555 5016; x_wconf 92' lang='lat' dir='ltr'>Deo</span> <span class='ocrx_word' id='word_1_559' title='bbox 1612 4963 1703 5016; x_wconf 90' lang='lat' dir='ltr'>est</span> <span class='ocrx_word' id='word_1_560' title='bbox 1738 5004 1751 5028; x_wconf 95' lang='lat'>,</span> <span class='ocrx_word' id='word_1_561' title='bbox 1814 4963 1876 5016; x_wconf 92' lang='lat' dir='ltr'>et</span> <span class='ocrx_word' id='word_1_562' title='bbox 1936 4959 2176 5017; x_wconf 89' lang='lat' dir='ltr'>cunctis</span> <span class='ocrx_word' id='word_1_563' title='bbox 2233 4958 2468 5029; x_wconf 90' lang='lat' dir='ltr'>insita,</span> <span class='ocrx_word' id='word_1_564' title='bbox 2533 4965 2595 5018; x_wconf 92' lang='lat' dir='ltr'>et</span> <span class='ocrx_word' id='word_1_565' title='bbox 2674 4958 2877 5035; x_wconf 90' lang='lat' dir='ltr'>prima</span> <span class='ocrx_word' id='word_1_566' title='bbox 2934 4958 2996 5017; x_wconf 91' lang='lat' dir='ltr'>in</span> <span class='ocrx_word' id='word_1_567' title='bbox 3055 4956 3415 5034; x_wconf 90' lang='lat' dir='ltr'>pectoribus</span> <span class='ocrx_word' id='word_1_568' title='bbox 3472 4957 3700 5016; x_wconf 88' lang='lat' dir='ltr'>nostris</span> 
     </span>
    </p>
   </div>
   <div class='ocr_carea' id='block_1_48' title="bbox 270 5051 3696 5135">
    <p class='ocr_par' dir='ltr' id='par_1_48' title="bbox 270 5051 3696 5135">
     <span class='ocr_line' id='line_1_48' title="bbox 270 5051 3696 5135; baseline 0.001 -23"><span class='ocrx_word' id='word_1_569' title='bbox 270 5051 534 5112; x_wconf 88' lang='lat' dir='ltr'>condita</span> <span class='ocrx_word' id='word_1_570' title='bbox 566 5052 683 5125; x_wconf 86' lang='lat' dir='ltr'>lex,</span> <span class='ocrx_word' id='word_1_571' title='bbox 720 5053 1087 5132; x_wconf 87' lang='lat' dir='ltr'>cunctisque</span> <span class='ocrx_word' id='word_1_572' title='bbox 1121 5054 1490 5114; x_wconf 89' lang='lat' dir='ltr'>mortalibus</span> <span class='ocrx_word' id='word_1_573' title='bbox 1524 5054 1774 5124; x_wconf 84' lang='lat' dir='ltr'>innexa,</span> <span class='ocrx_word' id='word_1_574' title='bbox 1811 5073 1923 5116; x_wconf 90' lang='lat' dir='ltr'>nos</span> <span class='ocrx_word' id='word_1_575' title='bbox 1976 5055 2055 5116; x_wconf 90' lang='lat' dir='ltr'>ab</span> <span class='ocrx_word' id='word_1_576' title='bbox 2117 5057 2193 5116; x_wconf 89' lang='lat' dir='ltr'>iis</span> <span class='ocrx_word' id='word_1_577' title='bbox 2253 5056 2460 5128; x_wconf 89' lang='lat' dir='ltr'>rebus,</span> <span class='ocrx_word' id='word_1_578' title='bbox 2511 5076 2648 5135; x_wconf 74' lang='lat' dir='ltr'>quae</span> <span class='ocrx_word' id='word_1_579' title='bbox 2707 5055 2906 5115; x_wconf 91' lang='lat' dir='ltr'>oculis</span> <span class='ocrx_word' id='word_1_580' title='bbox 2963 5061 3307 5116; x_wconf 91' lang='lat' dir='ltr'>cernuntur</span> <span class='ocrx_word' id='word_1_581' title='bbox 3363 5055 3441 5114; x_wconf 90' lang='lat' dir='ltr'>ad</span> <span class='ocrx_word' id='word_1_582' title='bbox 3498 5057 3696 5115; x_wconf 90' lang='lat' dir='ltr'>Deum</span> 
     </span>
    </p>
   </div>
   <div class='ocr_carea' id='block_1_49' title="bbox 270 5149 650 5210">
    <p class='ocr_par' dir='ltr' id='par_1_49' title="bbox 270 5149 650 5210">
     <span class='ocr_line' id='line_1_49' title="bbox 270 5149 650 5210; baseline -0.013 -1"><span class='ocrx_word' id='word_1_583' title='bbox 270 5149 591 5210; x_wconf 87' lang='lat' dir='ltr'>subvexit.</span> <span class='ocrx_word' id='word_1_584' title='bbox 625 5175 650 5204; x_wconf 85' lang='grc'><strong>››</strong></span> 
     </span>
    </p>
   </div>
   <div class='ocr_carea' id='block_1_50' title="bbox 359 5249 3697 5330">
    <p class='ocr_par' dir='ltr' id='par_1_50' title="bbox 359 5249 3697 5330">
     <span class='ocr_line' id='line_1_50' title="bbox 359 5249 3697 5330; baseline 0.001 -22"><span class='ocrx_word' id='word_1_585' title='bbox 359 5249 605 5308; x_wconf 84' lang='lat' dir='ltr'>Interea</span> <span class='ocrx_word' id='word_1_586' title='bbox 661 5250 809 5326; x_wconf 91' lang='lat' dir='ltr'>quid</span> <span class='ocrx_word' id='word_1_587' title='bbox 870 5250 948 5308; x_wconf 92' lang='lat' dir='ltr'>sit</span> <span class='ocrx_word' id='word_1_588' title='bbox 1002 5251 1167 5310; x_wconf 88' lang='lat' dir='ltr'>Deus</span> <span class='ocrx_word' id='word_1_589' title='bbox 1227 5250 1278 5309; x_wconf 90' lang='lat' dir='ltr'>si</span> <span class='ocrx_word' id='word_1_590' title='bbox 1336 5255 1536 5329; x_wconf 89' lang='lat' dir='ltr'>petas,</span> <span class='ocrx_word' id='word_1_591' title='bbox 1598 5269 1747 5311; x_wconf 89' lang='lat' dir='ltr'>cave</span> <span class='ocrx_word' id='word_1_592' title='bbox 1793 5270 1871 5310; x_wconf 90' lang='lat' dir='ltr'>ne</span> <span class='ocrx_word' id='word_1_593' title='bbox 1921 5251 2033 5312; x_wconf 90' lang='lat' dir='ltr'>tibi</span> <span class='ocrx_word' id='word_1_594' title='bbox 2091 5271 2165 5311; x_wconf 90' lang='lat' dir='ltr'>ex</span> <span class='ocrx_word' id='word_1_595' title='bbox 2226 5253 2468 5312; x_wconf 71' lang='lat' dir='ltr'>caeteris</span> <span class='ocrx_word' id='word_1_596' title='bbox 2525 5253 2791 5313; x_wconf 89' lang='lat' dir='ltr'>craturis</span> <span class='ocrx_word' id='word_1_597' title='bbox 2847 5251 3238 5320; x_wconf 88' lang='lat' dir='ltr'>visibilibus,</span> <span class='ocrx_word' id='word_1_598' title='bbox 3299 5270 3440 5330; x_wconf 84' lang='lat' dir='ltr'>quae</span> <span class='ocrx_word' id='word_1_599' title='bbox 3499 5255 3697 5312; x_wconf 89' lang='lat' dir='ltr'>Deum</span> 
     </span>
    </p>
   </div>
   <div class='ocr_carea' id='block_1_51' title="bbox 275 5348 3700 5431">
    <p class='ocr_par' dir='ltr' id='par_1_51' title="bbox 275 5348 3700 5431">
     <span class='ocr_line' id='line_1_51' title="bbox 275 5348 3700 5431; baseline 0.001 -25"><span class='ocrx_word' id='word_1_600' title='bbox 275 5349 562 5426; x_wconf 83' lang='lat' dir='ltr'>undique</span> <span class='ocrx_word' id='word_1_601' title='bbox 613 5348 953 5421; x_wconf 85' lang='lat' dir='ltr'>celebrant,</span> <span class='ocrx_word' id='word_1_602' title='bbox 1018 5349 1255 5428; x_wconf 88' lang='lat' dir='ltr'>aliquid</span> <span class='ocrx_word' id='word_1_603' title='bbox 1316 5350 1651 5411; x_wconf 91' lang='lat' dir='ltr'>verisimile</span> <span class='ocrx_word' id='word_1_604' title='bbox 1696 5351 1917 5427; x_wconf 87' lang='lat' dir='ltr'>ﬁngas.</span> <span class='ocrx_word' id='word_1_605' title='bbox 1982 5375 2010 5406; x_wconf 73' lang='grc' dir='ltr'>α</span> <span class='ocrx_word' id='word_1_606' title='bbox 2075 5353 2152 5430; x_wconf 78' lang='lat' dir='ltr'>(f)</span> <span class='ocrx_word' id='word_1_607' title='bbox 2209 5355 2300 5412; x_wconf 91' lang='lat' dir='ltr'>An</span> <span class='ocrx_word' id='word_1_608' title='bbox 2363 5371 2592 5431; x_wconf 91' lang='lat' dir='ltr'>corpus</span> <span class='ocrx_word' id='word_1_609' title='bbox 2676 5371 2818 5412; x_wconf 88' lang='lat' dir='ltr'>eum</span> <span class='ocrx_word' id='word_1_610' title='bbox 2907 5371 3039 5412; x_wconf 89' lang='lat' dir='ltr'>esse</span> <span class='ocrx_word' id='word_1_611' title='bbox 3113 5351 3354 5412; x_wconf 86' lang='lat' dir='ltr'>dices?</span> <span class='ocrx_word' id='word_1_612' title='bbox 3414 5352 3700 5421; x_wconf 87' lang='lat' dir='ltr'>Quonam</span> 
     </span>
    </p>
   </div>
   <div class='ocr_carea' id='block_1_52' title="bbox 273 5447 3696 5529">
    <p class='ocr_par' dir='ltr' id='par_1_52' title="bbox 273 5447 3696 5529">
     <span class='ocr_line' id='line_1_52' title="bbox 273 5447 3696 5529; baseline 0.001 -22"><span class='ocrx_word' id='word_1_613' title='bbox 273 5465 428 5525; x_wconf 84' lang='lat' dir='ltr'>ergo</span> <span class='ocrx_word' id='word_1_614' title='bbox 491 5447 678 5507; x_wconf 92' lang='lat' dir='ltr'>modo</span> <span class='ocrx_word' id='word_1_615' title='bbox 734 5448 1096 5521; x_wconf 88' lang='lat' dir='ltr'>immensus,</span> <span class='ocrx_word' id='word_1_616' title='bbox 1158 5448 1462 5521; x_wconf 87' lang='lat' dir='ltr'>inﬁnitus,</span> <span class='ocrx_word' id='word_1_617' title='bbox 1524 5449 1742 5527; x_wconf 60' lang='lat' dir='ltr'>ﬁgura</span> <span class='ocrx_word' id='word_1_618' title='bbox 1799 5468 2022 5528; x_wconf 89' lang='lat' dir='ltr'>expers</span> <span class='ocrx_word' id='word_1_619' title='bbox 2080 5457 2192 5522; x_wconf 88' lang='lat' dir='ltr'>est,</span> <span class='ocrx_word' id='word_1_620' title='bbox 2255 5469 2328 5510; x_wconf 91' lang='lat' dir='ltr'>ac</span> <span class='ocrx_word' id='word_1_621' title='bbox 2384 5450 2657 5529; x_wconf 82' lang='lat' dir='ltr'>denique</span> <span class='ocrx_word' id='word_1_622' title='bbox 2717 5451 3051 5529; x_wconf 79' lang='lat' dir='ltr'>ejusmodi,</span> <span class='ocrx_word' id='word_1_623' title='bbox 3089 5456 3157 5510; x_wconf 93' lang='lat' dir='ltr'>ut</span> <span class='ocrx_word' id='word_1_624' title='bbox 3215 5468 3327 5510; x_wconf 91' lang='lat' dir='ltr'>nec</span> <span class='ocrx_word' id='word_1_625' title='bbox 3376 5450 3550 5528; x_wconf 87' lang='lat' dir='ltr'>tangi</span> <span class='ocrx_word' id='word_1_626' title='bbox 3583 5467 3696 5511; x_wconf 87' lang='lat' dir='ltr'>nec</span> 
     </span>
    </p>
   </div>
   <div class='ocr_carea' id='block_1_53' title="bbox 351 5606 2689 5679">
    <p class='ocr_par' dir='ltr' id='par_1_53' title="bbox 351 5606 2689 5679">
     <span class='ocr_line' id='line_1_53' title="bbox 351 5606 2689 5679; baseline 0.003 -17"><span class='ocrx_word' id='word_1_627' title='bbox 351 5609 428 5676; x_wconf 85' lang='grc' dir='ltr'>(α)</span> <span class='ocrx_word' id='word_1_628' title='bbox 462 5606 616 5663; x_wconf 87' lang='lat' dir='ltr'>Orat.</span> <span class='ocrx_word' id='word_1_629' title='bbox 651 5608 741 5679; x_wconf 85' lang='lat'>27,</span> <span class='ocrx_word' id='word_1_630' title='bbox 778 5625 833 5664; x_wconf 91' lang='lat' dir='ltr'>n.</span> <span class='ocrx_word' id='word_1_631' title='bbox 871 5609 925 5663; x_wconf 87' lang='lat'>3.</span> <span class='ocrx_word' id='word_1_632' title='bbox 2122 5612 2197 5679; x_wconf 79' lang='grc' dir='ltr'>(ά)</span> <span class='ocrx_word' id='word_1_633' title='bbox 2231 5611 2387 5667; x_wconf 90' lang='lat' dir='ltr'>Orat.</span> <span class='ocrx_word' id='word_1_634' title='bbox 2420 5613 2510 5678; x_wconf 83' lang='lat'>23,</span> <span class='ocrx_word' id='word_1_635' title='bbox 2546 5630 2602 5666; x_wconf 91' lang='lat' dir='ltr'>n.</span> <span class='ocrx_word' id='word_1_636' title='bbox 2637 5613 2689 5668; x_wconf 91' lang='lat'>3.</span> 
     </span>
    </p>
   </div>
   <div class='ocr_carea' id='block_1_54' title="bbox 348 5613 1959 5827">
    <p class='ocr_par' dir='ltr' id='par_1_54' title="bbox 348 5613 928 5823">
     <span class='ocr_line' id='line_1_54' title="bbox 351 5613 925 5679; baseline 0.002 -17"><span class='ocrx_word' id='word_1_637' title='bbox 351 5613 428 5676; x_wconf 85' lang='grc' dir='ltr'>(α)</span> <span class='ocrx_word' id='word_1_638' title='bbox 462 5613 616 5663; x_wconf 87' lang='lat' dir='ltr'>Orat.</span> <span class='ocrx_word' id='word_1_639' title='bbox 651 5613 741 5679; x_wconf 85' lang='lat'>27,</span> <span class='ocrx_word' id='word_1_640' title='bbox 778 5625 833 5664; x_wconf 91' lang='lat' dir='ltr'>n.</span> <span class='ocrx_word' id='word_1_641' title='bbox 871 5613 925 5663; x_wconf 86' lang='lat'>3.</span> 
     </span>
     <span class='ocr_line' id='line_1_55' title="bbox 373 5680 611 5736; baseline -0.008 0"><span class='ocrx_word' id='word_1_642' title='bbox 373 5682 403 5736; x_wconf 74' lang='grc' dir='ltr'><strong>ὁ</strong></span> <span class='ocrx_word' id='word_1_643' title='bbox 464 5680 611 5734; x_wconf 86' lang='lat' dir='ltr'>Ibid.</span> 
     </span>
     <span class='ocr_line' id='line_1_56' title="bbox 348 5679 928 5823; baseline -0.002 -17"><span class='ocrx_word' id='word_1_644' title='bbox 348 5679 426 5823; x_wconf 53' lang='grc' dir='ltr'>ξεέ</span> <span class='ocrx_word' id='word_1_645' title='bbox 451 5752 611 5811; x_wconf 78' lang='lat' dir='ltr'>Orat.</span> <span class='ocrx_word' id='word_1_646' title='bbox 648 5751 739 5823; x_wconf 88' lang='lat'>28,</span> <span class='ocrx_word' id='word_1_647' title='bbox 775 5769 834 5807; x_wconf 89' lang='lat' dir='ltr'>u.</span> <span class='ocrx_word' id='word_1_648' title='bbox 872 5751 928 5822; x_wconf 90' lang='lat'>6,</span> 
     </span>
    </p>
   </div>
   <div class='ocr_carea' id='block_1_55' title="bbox 998 5613 2609 5827">
    <p class='ocr_par' dir='ltr' id='par_1_55' title="bbox 2122 5613 2609 5827">
     <span class='ocr_line' id='line_1_57' title="bbox 2143 5613 2602 5678; baseline 0 -12"><span class='ocrx_word' id='word_1_649' title='bbox 2143 5613 2175 5666; x_wconf 79' lang='grc' dir='ltr'>ά</span> <span class='ocrx_word' id='word_1_650' title='bbox 2231 5613 2387 5667; x_wconf 90' lang='lat' dir='ltr'>Orat.</span> <span class='ocrx_word' id='word_1_651' title='bbox 2420 5613 2510 5678; x_wconf 84' lang='lat'>23,</span> <span class='ocrx_word' id='word_1_652' title='bbox 2546 5630 2602 5666; x_wconf 91' lang='lat' dir='ltr'>n.</span> 
     </span>
     <span class='ocr_line' id='line_1_58' title="bbox 2143 5684 2609 5752; baseline -0.004 -13"><span class='ocrx_word' id='word_1_653' title='bbox 2143 5700 2171 5739; x_wconf 73' lang='grc' dir='ltr'><strong><em>ε</em></strong></span> <span class='ocrx_word' id='word_1_654' title='bbox 2226 5684 2395 5752; x_wconf 86' lang='lat' dir='ltr'>lbid.,</span> <span class='ocrx_word' id='word_1_655' title='bbox 2430 5700 2484 5738; x_wconf 92' lang='lat' dir='ltr'>n.</span> <span class='ocrx_word' id='word_1_656' title='bbox 2525 5684 2609 5738; x_wconf 85' lang='grc'>16.</span> 
     </span>
     <span class='ocr_line' id='line_1_59' title="bbox 2122 5613 2562 5827; baseline 0.002 -17"><span class='ocrx_word' id='word_1_657' title='bbox 2122 5613 2197 5827; x_wconf 49' lang='grc' dir='ltr'>ξιξ</span> <span class='ocrx_word' id='word_1_658' title='bbox 2219 5756 2388 5826; x_wconf 88' lang='lat' dir='ltr'>Ibid.,</span> <span class='ocrx_word' id='word_1_659' title='bbox 2421 5773 2480 5811; x_wconf 90' lang='lat' dir='ltr'>n.</span> <span class='ocrx_word' id='word_1_660' title='bbox 2511 5758 2562 5811; x_wconf 89' lang='grc'><strong>7.</strong></span> 
     </span>
    </p>
   </div>
   <div class='ocr_carea' id='block_1_56' title="bbox 372 5751 2562 5827">
    <p class='ocr_par' dir='ltr' id='par_1_56' title="bbox 372 5751 2562 5827">
     <span class='ocr_line' id='line_1_60' title="bbox 372 5751 2562 5827; baseline 0.002 -21"><span class='ocrx_word' id='word_1_661' title='bbox 372 5751 418 5823; x_wconf 85' lang='lat' dir='ltr'>c)</span> <span class='ocrx_word' id='word_1_662' title='bbox 451 5752 611 5811; x_wconf 78' lang='lat' dir='ltr'>Orat.</span> <span class='ocrx_word' id='word_1_663' title='bbox 648 5751 739 5823; x_wconf 88' lang='lat'>28,</span> <span class='ocrx_word' id='word_1_664' title='bbox 775 5769 834 5807; x_wconf 89' lang='lat' dir='ltr'>u.</span> <span class='ocrx_word' id='word_1_665' title='bbox 872 5751 928 5822; x_wconf 90' lang='lat'>6,</span> <span class='ocrx_word' id='word_1_666' title='bbox 2122 5751 2188 5827; x_wconf 66' lang='grc' dir='ltr'>(ι)</span> <span class='ocrx_word' id='word_1_667' title='bbox 2219 5751 2388 5826; x_wconf 81' lang='lat' dir='ltr'>Ibid.,</span> <span class='ocrx_word' id='word_1_668' title='bbox 2421 5773 2480 5811; x_wconf 90' lang='lat' dir='ltr'>n.</span> <span class='ocrx_word' id='word_1_669' title='bbox 2511 5758 2562 5811; x_wconf 88' lang='lat'>7.</span> 
     </span>
    </p>
   </div>
  </div>
