4080 6436
434 386 510 450 95
1446 391 1863 454 PREFATIO
1910 392 2690 474 GENERALIS.—.PARS
2735 393 2842 454 ῙῙῙ.
3746 391 3818 454 96

435 520 634 581 oculis
667 521 836 582 cerni
868 523 1102 600 queat?
1134 524 1227 583 An
1260 523 1395 585 haec
1457 545 1705 603 quoque
1754 526 1814 583 in
1875 544 2139 603 corpora
2196 527 2477 587 cadunt?
2509 531 2557 588 O
2615 527 2972 586 licentiam!
3029 544 3150 584 non
3210 524 3376 584 enim
3431 523 3565 584 haec
3621 544 3820 602 corpo-

436 638 576 679 rum
637 625 865 679 natura
921 628 1055 681 est.
1116 627 1210 682 An
1272 641 1414 682 vero
1471 643 1698 700 corpus
1768 623 2020 700 quidem
2075 642 2206 684 esse
2264 632 2546 698 statues,
2615 625 2994 684 immensum
3055 643 3200 683 vero
3260 630 3448 700 atque
3497 624 3817 699 infinitum,

431 723 788 797 casteraque
831 719 1022 797 hujus
1053 721 1298 798 generis
1355 740 1486 781 esse
1559 723 1864 798 negabis?
1897 727 1944 780 O
2003 723 2385 782 crassitieml
2435 730 2503 783 ut
2563 724 2734 782 nulla
2793 741 2858 782 re
2917 721 3096 782 nobis
3154 725 3317 781 Deus
3375 726 3642 798 praestet.
3675 723 3821 794 Quid

432 815 597 874 enim
661 815 871 876 afferri
929 824 1132 889 potest
1189 837 1299 878 cur
1353 821 1597 879 colatur
1643 825 1832 896 atque
1889 821 2204 893 adoretur,
2244 822 2295 880 si
2345 821 2855 899 circumscriptus
2913 821 3192 880 est?aut
3249 819 3396 895 quid
3455 837 3657 880 causm
3705 839 3822 881 esse

434 912 736 979 dicemus,
794 915 942 988 quin
993 937 1069 973 ex
1127 918 1449 976 elementis
1499 918 1809 977 conflatus
1866 917 1965 986 sit,
2004 924 2191 996 atque
2223 919 2282 976 in
2318 920 2534 979 eadem
2564 919 2771 979 denuo
2829 917 3173 994 redigatur,
3201 923 3310 975 aut
3367 917 3552 975 etiam
3587 936 3824 994 prorsus

433 1008 1165 1087 intereat?t‘.ompnsitio
1221 1015 1453 1092 quippe
1510 1034 1738 1092 pugnae
1784 1015 2032 1074 initium
2092 1021 2202 1086 est,
2269 1035 2482 1094 pugna
2540 1021 2750 1075 autem
2809 1013 3070 1084 dissidii,
3103 1013 3426 1072 dissidium
3472 1014 3820 1073 solutionis:

435 1107 665 1167 solutio
689 1127 877 1185 porro
911 1109 1084 1168 nullo
1118 1112 1303 1172 modo
1335 1111 1396 1170 in
1431 1115 1628 1172 Deum
1662 1131 1733 1172 ac
1765 1113 2033 1191 primam
2067 1113 2239 1173 illam
2275 1122 2568 1174 naturam
2602 1114 2786 1173 cadit.
2824 1135 2852 1166 »

515 1207 978 1266 Transcendere
1037 1209 1247 1286 itaque
1306 1229 1555 1270 necesse
1611 1217 1703 1270 est
1774 1230 2023 1271 omnem
2111 1219 2401 1271 naturam
2491 1211 2846 1271 sensibilem
2932 1215 2994 1269 et
3074 1210 3353 1287 cogitare
3417 1233 3445 1263 ‹‹
3503 1208 3585 1287 (a)
3645 1212 3820 1269 Deum

435 1304 717 1364 omnium
749 1323 888 1383 quae
921 1311 1066 1365 sunt
1120 1307 1617 1385 pulcherrimum
1678 1315 1738 1368 et
1797 1309 2315 1368 sublimissimum
2379 1328 2532 1379 esse,
2597 1309 2714 1368 nisi
2777 1308 2916 1386 quis
2977 1313 3187 1366 tamen
3247 1325 3389 1366 eum
3447 1307 3623 1365 malit
3652 1325 3825 1385 supra

434 1420 684 1462 omnem
742 1404 1074 1464 essentiam
1135 1425 1390 1484 ponere,
1452 1413 1561 1467 aut
1642 1408 1704 1466 in
1765 1407 1901 1485 ipso
1939 1454 1952 1479 ,
2008 1408 2271 1486 quiquid
2331 1413 2442 1480 est,
2508 1407 2874 1468 collocare:
2939 1410 3156 1484 utpote
3215 1424 3251 1464 a
3322 1422 3448 1483 quo
3507 1403 3629 1463 alia
3683 1423 3820 1482 quo-

434 1519 578 1579 que,
615 1506 681 1560 ut
739 1502 883 1572 sint,
919 1504 1358 1580 acceperint.»
1426 1507 1496 1564 Et
1544 1511 1850 1583 quantum
1914 1506 1989 1565 de
2046 1506 2347 1566 ineffabili
2405 1506 2578 1585 loqui
2637 1506 2728 1564 fas
2787 1510 2900 1577 est,
2945 1504 3157 1583 paucis
3217 1508 3416 1563 totum
3479 1501 3822 1580 complecti-

435 1604 541 1659 tur
595 1599 743 1658 dum
803 1607 986 1660 vocat
1043 1604 1239 1661 Deum
1276 1603 1415 1682 (1(1))
1469 1603 1734 1679 Pelagus
1792 1604 2113 1681 quoddam
2176 1605 2466 1664 essentia
2528 1605 2904 1664 immensum
2964 1609 3026 1662 et
3080 1601 3584 1661 interminatum.
3617 1623 3644 1654 ι)
3684 1600 3824 1672 Quid

437 1696 604 1756 aliud
675 1699 960 1758 enuntiat
1037 1718 1266 1759 nomen
1327 1702 1492 1778 quod
1558 1705 1686 1762 Deo
1749 1703 2244 1780 perexcellenter
2301 1704 2645 1764 tribuitur?
2698 1705 2824 1762 Ens
2880 1701 3186 1779 siquidem
3246 1700 3495 1770 dicitur,
3559 1698 3723 1776 quod
3774 1704 3826 1758 et

435 1811 476 1852 a
523 1812 587 1853 se
644 1795 723 1852 sit
779 1801 840 1854 et
893 1796 954 1854 in
1013 1816 1075 1856 se
1131 1798 1267 1874 ipsa
1325 1800 1484 1859 entis
1569 1800 1801 1860 habeat
1885 1801 2122 1861 fontem
2208 1801 2679 1861 inexhaustum.
2743 1825 2769 1854 ει
2836 1800 2912 1879 (c)
2971 1802 3289 1871 Quantum
3362 1797 3541 1856 nobis
3599 1797 3826 1873 assequi

437 1909 798 1951 concessum
861 1899 972 1963 est,
1039 1896 1158 1953 Ens
1207 1903 1266 1954 et
1325 1899 1487 1957 Deus
1548 1899 1746 1974 magis
1803 1899 2272 1975 quodammodo
2333 1899 2614 1958 essentiae
2666 1897 2922 1957 nomina
2993 1903 3137 1955 sunt
3188 1913 3201 1954 :
3265 1913 3341 1955 ex
3395 1894 3596 1970 iisque
3652 1893 3821 1953 etiam

436 2009 558 2050 vox
593 1994 734 2062 Ens,
764 1993 842 2050 ad
907 2012 1043 2052 eam
1102 1994 1500 2055 indicandam
1565 1998 1774 2075 aptior
1830 2004 1956 2068 est;
1992 2017 2114 2056 non
2176 1999 2296 2057 hoc
2354 1998 2554 2056 solum
2617 1997 2868 2056 nomine
2927 1996 3097 2072 quod
3155 1994 3310 2072 ipse,
3348 2011 3490 2052 cum
3554 1993 3740 2070 Moysi
3769 1992 3819 2050 in

438 2094 651 2148 monte
709 2091 1032 2151 oraculum
1093 2093 1403 2153 ederet....
1456 2096 1546 2154 ita
1603 2097 1877 2172 seipsum
1962 2097 2308 2174 appellavit
2361 2096 2512 2167 ;sed
2585 2096 2772 2154 etiam
2862 2095 3011 2172 quia
3094 2109 3323 2151 nomen
3409 2091 3567 2151 illud
3650 2090 3827 2167 magis

436 2187 762 2265 proprium
824 2207 956 2249 esse
1015 2191 1619 2270 comperimus.......
1685 2197 1988 2254 Naturam
2047 2195 2358 2273 ejusmodi
2431 2194 2838 2271 exquirimus,
2904 2211 3045 2270 qure
3131 2191 3334 2268 ipsum
3416 2207 3552 2248 esse
3626 2207 3730 2266 per
3773 2205 3828 2245 se

435 2283 685 2358 habeat,
723 2305 795 2346 ac
836 2306 961 2346 non
1020 2308 1159 2348 cum
1220 2289 1344 2350 alio
1408 2291 1709 2369 quopiam
1759 2293 2110 2370 copuletur.
2163 2296 2290 2353 Ens
2349 2311 2519 2367 vero,
2583 2292 2906 2371 proprium
2970 2308 3120 2349 sane
3180 2293 3272 2347 est
3329 2288 3460 2358 Dei,
3499 2305 3570 2347 ac
3626 2290 3827 2354 totum,

430 2401 546 2443 nec
606 2384 813 2462 priore
869 2385 1083 2465 aliqua
1142 2406 1206 2446 re
1242 2435 1255 2461 ,
1317 2408 1430 2449 nec
1493 2390 1836 2467 posteriore
1885 2390 2024 2469 (nec
2108 2391 2274 2450 enim
2364 2396 2544 2462 erat,
2601 2395 2709 2449 aut
2783 2388 2921 2468 erit)
3011 2386 3338 2446 deﬁnitum
3420 2403 3495 2444 ac
3578 2384 3827 2444 circum-

431 2481 651 2542 cisum.
688 2507 719 2538 »

509 2584 588 2641 At
619 2585 1085 2659 quantumlibet
1115 2591 1177 2645 et
1234 2605 1441 2646 rerum
1504 2587 1878 2648 universitas
1948 2593 2009 2647 et
2069 2607 2244 2648 mens
2300 2587 2588 2665 opiﬁcem
2649 2603 2830 2645 suum
2890 2583 3331 2662 profiteantur,
3392 2579 3830 2642 inconsiderate

429 2685 490 2740 et
549 2681 894 2757 periculose
953 2685 1112 2760 quis,
1150 2685 1269 2744 hoc
1327 2705 1454 2745 uno
1515 2686 1710 2745 fultus
1759 2686 2078 2764 praesidio,
2140 2687 2219 2747 ad
2278 2705 2420 2745 eum
2481 2703 2613 2743 sese
2668 2689 2838 2743 certo
2896 2681 3134 2758 erigere
3194 2679 3551 2758 putaverit,
3590 2695 3698 2738 nec
3732 2676 3823 2734 mi-

428 2797 570 2837 rum
603 2779 650 2838 si
684 2785 776 2839 tot
830 2782 998 2840 docti
1057 2790 1118 2841 et
1172 2783 1508 2859 sapientes,
1573 2784 1707 2843 solo
1767 2785 2002 2845 lumine
2051 2785 2324 2845 naturali
2372 2785 2578 2862 ipsum
2647 2780 2987 2858 quaerendo
3062 2779 3544 2856 cogittationum
3601 2791 3822 2836 suarum

431 2877 580 2936 fuco
611 2877 876 2954 decepti,
914 2898 950 2937 a
983 2881 1109 2938 Deo
1161 2882 1362 2958 magis
1419 2900 1490 2940 ac
1548 2883 1746 2959 magis
1790 2883 2218 2942 aberraverint
2254 2901 2264 2940 :
2303 2889 2370 2942 ut
2428 2881 2593 2941 enim
2653 2883 2817 2939 Deus
2869 2884 3036 2938 recte
3095 2896 3132 2937 a
3204 2876 3384 2936 nobis
3442 2875 3824 2953 percipiatur,

430 2992 637 3053 neque
707 2976 876 3035 orbis
935 2984 1245 3054 aspectus,
1283 2998 1485 3057 neque
1540 2981 1810 3058 ipsamet
1865 2982 2024 3039 ratio
2083 2981 2232 3040 satis
2288 3000 2402 3040 nos
2459 2979 2774 3048 erudiunt,
2841 3001 2872 3032 «
2931 2975 3016 3055 (ά)
3071 2975 3179 3033 sed
3240 2993 3428 3044 nunc,
3493 2981 3555 3033 et
3610 2987 3829 3046 semper

432 3089 592 3150 opus
649 3073 837 3132 fuerit
894 3074 1150 3152 Spiritu,
1216 3096 1330 3154 per
1385 3097 1571 3156 quem
1634 3079 1834 3137 solum
1895 3082 2060 3138 Deus
2109 3085 2172 3139 et
2227 3077 2625 3154 intelligitur,
2689 3081 2751 3134 et
2810 3073 3147 3151 exponitur
3200 3077 3263 3131 et
3319 3071 3599 3130 auditur.
3647 3093 3673 3124 »
3728 3069 3829 3125 Ve-

428 3176 764 3230 runtamen
826 3173 1129 3250 quidquid
1209 3175 1284 3235 de
1353 3179 1481 3236 Deo
1553 3176 1945 3249 sentiamus,
2003 3177 2154 3237 licet
2228 3177 2425 3235 altum
2499 3173 2648 3251 quid
2732 3180 2791 3232 et
2867 3171 3134 3230 sublime
3218 3167 3830 3246 excogitaverimus,

432 3271 836 3348 quantumvis
907 3279 1144 3331 crescat
1200 3273 1264 3332 in
1322 3273 1440 3333 hac
1498 3276 1625 3334 vita
1681 3275 1978 3353 cognitio,
2027 3275 2359 3335 essentiam
2421 3272 2530 3332 Dei
2589 3289 2914 3347 nunquam
2985 3285 3416 3345 assequemur.
3476 3290 3508 3321 «
3565 3265 3634 3345 (e)
3694 3259 3833 3334 Quid

433 3368 689 3427 tandem
750 3370 912 3427 Deus
970 3375 1195 3431 natura
1250 3391 1363 3431 sua
1419 3378 1480 3432 et
1538 3374 1805 3433 essentia
1866 3374 1994 3444 sit,
2058 3392 2171 3433 nec
2231 3371 2562 3431 hominum
2634 3368 2968 3446 quisquam
3032 3383 3314 3443 unquam
3381 3363 3671 3435 invenit,
3729 3375 3826 3418 nec

433 3465 715 3525 invenire
772 3473 1002 3546 potest.
1077 3492 1106 3523 »
1170 3469 1326 3529 Hinc
1378 3472 1714 3550 Gregorius
1769 3472 2166 3531 Eunomiano
2217 3471 2387 3530 fatue
2446 3487 2510 3528 se
2561 3466 2826 3547 jactanti
2885 3463 3099 3525 omnia
3154 3463 3332 3536 scire,
3368 3466 3426 3520 et
3494 3463 3836 3538 arroganter

433 3563 514 3623 ab
545 3565 935 3636 orthodoxis,
976 3589 1002 3620 cx
1041 3586 1331 3644 quaenam
1366 3577 1526 3629 esset
1561 3571 1669 3630 Dei
1705 3570 2034 3630 essentia»
2099 3569 2442 3647 quaerenti:
2481 3591 2510 3622 «
2571 3570 2742 3637 Tuae,
2803 3565 3010 3643 inquit
3067 3560 3168 3642 (ί),
3201 3559 3538 3621 dementia:
3596 3563 3685 3619 est
3737 3555 3836 3613 hoc

433 3662 664 3734 dicere,
699 3664 806 3741 qui
856 3667 1324 3741 generationem
1383 3686 1637 3745 quoque
1695 3667 1893 3745 ipsam
1953 3667 2138 3726 anxie
2190 3665 2602 3744 perscrutaris
2653 3682 2665 3722 :
2732 3663 2909 3723 nobis
2970 3666 3181 3721 autem
3242 3658 3495 3719 abunde
3560 3669 3831 3732 magnum

433 3766 626 3837 atque
679 3762 961 3839 amplum
1026 3764 1259 3838 fuerit,
1322 3766 1371 3824 si
1428 3766 1488 3824 in
1555 3774 1872 3842 posterum
1934 3783 2188 3842 quoque
2272 3764 2554 3823 dicamus
2590 3808 2604 3834 ,
2666 3761 2874 3820 soluta
2939 3758 3230 3818 videlicet
3318 3757 3434 3816 hac
3497 3755 3734 3831 caligae
3782 3751 3834 3807 et

433 3859 761 3931 crassitie,
827 3868 895 3919 ut
953 3861 1268 3938 pollicitus
1340 3869 1433 3921 est
1487 3865 1540 3922 is
1596 3863 1704 3940 qui
1764 3882 1884 3921 non
1949 3862 2266 3920 mentitur.
2330 3883 2356 3917 n
2419 3862 2596 3918 Nunc
2640 3876 2788 3917 vero
2845 3855 3206 3931 Theologus
3264 3854 3367 3913 ille
3437 3853 3661 3913 merito
3708 3863 3832 3908 cen-

437 3961 669 4021 seatur,
714 3957 858 4035 «(9)
915 3976 1042 4015 non
1103 3959 1210 4035 qui
1266 3958 1327 4016 in
1383 3965 1607 4032 totum,
1670 3959 1822 4037 quid
1880 3962 2044 4018 Deus
2102 3958 2200 4031 sit,
2263 3955 2675 4017 invenerit....
2711 3953 2817 4012 sed
2876 3952 2986 4029 qui
3042 3950 3413 4028 ampliorem
3474 3949 3670 4027 ipsius
3713 3959 3828 4021 spe-

441 4053 600 4114 ciem
663 4061 869 4114 mente
940 4055 1343 4133 conceperit,
1398 4057 1794 4135 ampliusque
1843 4057 2126 4117 veritatis
2183 4056 2588 4115 simulacrum
2627 4102 2640 4126 ,
2701 4051 2801 4112 vel
2862 4048 3409 4111 adumbrationem
3445 4092 3458 4117 ,
3524 4045 3621 4105 vel
3699 4057 3831 4135 quof

444 4171 696 4230 cunque
731 4153 982 4212 tandem
1017 4152 1140 4213 alio
1169 4154 1478 4214 vocabulo
1507 4133 1598 4215 uti
1651 4133 1788 4233 quis
1820 4156 2018 4227 malit,
2052 4155 2117 4213 in
2175 4155 2380 4233 seipso
2439 4150 2786 4229 collegerit.
2851 4172 2879 4202 »
2939 4151 3013 4207 Et
3069 4165 3146 4206 ne
3203 4147 3281 4206 ab
3338 4145 3456 4204 hac
3520 4142 3729 4221 regula
3753 4133 3838 4195 vel

437 4249 616 4327 ipsos
685 4253 898 4310 Patres
984 4253 1282 4330 antiquos
1359 4253 1657 4331 excipias,
1731 4253 2072 4332 prophetas
2157 4253 2265 4330 qui
2354 4255 2549 4311 Deum
2641 4247 2984 4326 aliquando
3068 4244 3294 4305 vidisse
3376 4243 3439 4302 in
3528 4234 3839 4317 Scripturis

439 4354 800 4408 narrantur.
869 4373 899 4404 «
952 4348 1042 4429 (lc)
1123 4350 1186 4410 Si
1237 4351 1376 4428 quis
1436 4351 1601 4410 enim
1673 4354 1868 4412 Deum
1930 4351 2246 4430 cognovit,
2311 4356 2467 4423 aut,
2531 4347 2859 4426 Scriptura
2918 4349 3121 4414 teste,
3184 4341 3553 4420 cognovisse
3603 4335 3833 4403 dicitur,

438 4453 699 4507 eatenus
759 4447 1124 4526 cognovisse
1183 4449 1530 4508 censendus
1589 4455 1700 4521 est,
1783 4454 2095 4528 quatenus
2153 4447 2462 4510 uberioris
2519 4443 2868 4524 splendoris
2923 4442 3235 4523 particeps
3307 4439 3488 4499 sit....
3523 4439 3617 4498 Ita
3670 4449 3834 4494 exsu-

431 4545 720 4623 perantia
755 4545 910 4616 haec,
947 4546 1230 4623 perfecta
1262 4547 1537 4625 cognitio
1595 4548 1950 4608 existimata
2010 4554 2127 4620 est,
2170 4567 2299 4606 non
2350 4546 2429 4605 ad
2488 4545 2685 4623 ipsius
2744 4543 2833 4602 rei
2894 4541 3241 4611 veritatem,
3279 4539 3386 4598 sed
3443 4537 3524 4596 ad
3583 4533 3827 4593 aliorum

439 4641 770 4702 modulum
803 4649 863 4702 et
893 4643 1258 4702 facultatem
1293 4662 1622 4722 perpensa.
1662 4669 1690 4698 »

516 4744 639 4800 Nec
672 4742 896 4800 mirum
929 4741 978 4800 si
1030 4742 1317 4811 mortale,
1352 4748 1481 4801 tam
1542 4745 1823 4821 angustis
1881 4743 2422 4821 circumscriptum
2466 4740 2771 4811 terminis,
2834 4737 3118 4798 divinum
3177 4740 3239 4795 et
3295 4733 3668 4792 immensum
3723 4739 3832 4832 nell

437 4839 647 4916 capiat
702 4844 1027 4917 :"quonam
1086 4841 1253 4898 enim
1313 4847 1502 4916 pacto
1563 4847 1760 4901 totam
1821 4841 1989 4900 illius
2053 4847 2344 4900 naturam
2434 4840 2594 4899 ratio
2681 4837 2960 4896 humana
3043 4831 3519 4912 apprehendere
3603 4826 3830 4905 poterit.

434 4955 576 4997 cum
616 4936 743 5015 «(2')
779 4943 980 5015 fomne
1041 4943 1344 5009 creatum,
1404 4939 1531 4997 sive
1590 4941 1882 5011 cceleste,
1944 4940 2072 4998 sive
2127 4938 2592 5017 supercoeleste,
2630 4937 2776 4996 licet
2804 4931 3156 4994 sublimiori
3213 4947 3403 5008 quam
3463 4945 3575 4987 nos
3630 4927 3835 4982 natura

433 5035 798 5114 praeditum,
831 5038 1086 5113 Deoque
1145 5036 1428 5107 vicinius,
1495 5037 1763 5114 longiori
1820 5044 2030 5097 tamen
2089 5037 2422 5096 intervallo
2455 5054 2491 5095 a
2544 5039 2691 5099 Deo.
2746 5052 2819 5092 ac
2879 5032 3068 5110 plena
3122 5027 3234 5088 illa
3292 5031 3354 5085 et.
3411 5024 3696 5085 absoluta
3745 5032 3833 5075 co-

434 5133 712 5213 gnitione
757 5134 970 5209 distat,
1031 5153 1220 5212 quam
1279 5154 1402 5212 quo
1461 5135 1875 5213 compositam
1931 5135 2090 5195 hanc
2148 5141 2456 5204 nostram,
2513 5139 2574 5192 et
2632 5130 2943 5208 abjectam
3004 5134 3193 5206 atque
3252 5122 3427 5184 humi
3485 5123 3830 5197 vergentem

442 5250 714 5292 massam
747 5234 1050 5312 superat?
1083 5255 1110 5292 ι)
1149 5231 1318 5292 Nihil
1376 5233 1618 5293 interea
1688 5233 2242 5311 expostulandum,
2300 5231 2351 5290 si
2406 5233 2594 5301 Deus,
2653 5247 2691 5288 a
2721 5227 2902 5288 nobis
2933 5243 3058 5285 non
3113 5222 3197 5302 (7')
3238 5245 3265 5280 α
3312 5219 3496 5299 plene
3553 5214 3832 5296 perfecte-

537 5454 593 5525 a)
633 5453 792 5510 Orat.
828 5455 880 5516 6,
915 5471 973 5508 n.
1007 5456 1097 5509 12.

2270 5453 2340 5525 (Γ)
2372 5451 2467 5525 ΟΡ·
2509 5453 2600 5525 29ν
2635 5468 2692 5505 τι.
2730 5451 2816 5525 11·

511 5454 593 5666 {ag
633 5454 792 5510 Orat.
828 5455 880 5516 6,
915 5471 973 5508 n.
1007 5456 1097 5509 12.

537 5526 570 5580 b
625 5525 783 5581 Orat.
816 5526 902 5592 45,
938 5544 994 5580 n.
1030 5527 1083 5582 3.

539 5597 586 5666 ε)
616 5596 712 5651 Or.
741 5598 830 5663 30,
866 5614 922 5650 n.
959 5599 1046 5652 18.

2292 5454 2340 5525 f)
2372 5454 2467 5507 Or.
2509 5454 2600 5519 29,
2635 5468 2692 5505 n.
2730 5454 2812 5504 11.

2291 5528 2348 5594 g)
2378 5524 2474 5579 Or.
2508 5524 2598 5588 30,
2631 5540 2690 5577 n.
2726 5522 2812 5576 17.

2268 5455 2348 5666 ἑή)
2380 5596 2476 5651 Or.
2510 5596 2600 5665 28,
2635 5612 2693 5649 n.
2730 5593 2812 5648 17.

539 5593 586 5666 ε)
616 5596 712 5651 Or.
741 5598 830 5663 30,
866 5614 922 5650 n.
959 5599 1046 5652 18.

2268 5593 2348 5666 (h)
2380 5596 2476 5651 op.
2510 5596 2600 5665 28,
2635 5612 2693 5649 τι.
2730 5593 2815 5648 17.

539 5668 594 5740 d)
626 5669 784 5740 Orat.
816 5671 872 5735 2,
906 5685 964 5723 [ι.
995 5669 1086 5725 39.
2267 5666 2330 5740 (ί)
2364 5666 2625 5740 Ibid.,_7n.
2659 5667 2712 5740 3.

539 5669 594 5740 ἀ)
626 5669 784 5724 Orat.
816 5671 872 5735 2,
906 5685 964 5723 [ι.
995 5669 1086 5725 39.

516 5672 591 5813 Ea)
621 5739 717 5798 Or.
749 5743 841 5811 28,
874 5758 933 5797 n.
964 5742 1051 5798 17.

2267 5669 2311 5739 (ί
2364 5669 2534 5732 Ibid.,
2569 5683 2625 5720 τι.
2659 5669 2712 5722 3.

2269 5669 2331 5811 (jg
2363 5743 2458 5795 Or.
2490 5737 2581 5808 45,
2610 5755 2671 5793 n.
2702 5737 2754 5792 3.
