2040 3234
112 207 135 241 97
636 212 843 247 primum
867 213 1144 246 osNaa_tLrs.—
1157 214 1258 245 PARS
1282 210 1335 244 In.
1809 215 1849 245 es

114 283 438 322 quecomprehendi
468 287 573 324 queat,
604 295 619 312 ro
648 285 726 314 dum
752 286 817 314 tam
848 283 948 314 multa
974 283 1074 314 oculis
1102 283 1197 314 etiam
1226 281 1379 322 subjecta,
1411 281 1556 312 manibus
1585 291 1668 323 saepe
1699 283 1847 320 contrita,

112 329 210 361 rationis
243 337 413 372 captum
451 343 601 373 superare
629 334 814 373 quotidiana
845 333 1040 373 experientia
1081 333 1250 367 discamus,
1276 335 1308 362 et
1336 332 1423 362 varia
1459 335 1582 363 naturae
1625 342 1742 364 arcana
1777 338 1849 374 post

113 380 184 409 tantas
210 381 491 421 inquisitiones
520 383 703 413 abscondita
742 386 773 412 et
816 383 988 413 tectissima
1029 385 1258 422 permaneant.
1290 383 1399 411 Nonne
1441 390 1539 421 prope
1581 382 1704 413 inﬁnita
1745 392 1850 414 rerum

114 433 273 459 creatarum
309 432 507 471 mysteria,
524 441 591 471 quae
619 431 768 462 mortales
796 432 936 471 undique
964 432 1180 467 circumstant,
1212 433 1351 466 monent,
1370 440 1409 460 ne
1433 430 1542 461 altiora
1570 441 1600 461 se
1614 438 1750 472 qum-ant
1778 433 1849 470 ¹³-¹⁵,

118 481 157 507 aut
166 482 205 509 tot
222 480 464 511 mirabitium
486 485 647 511 auctorem
673 481 806 511 scrutari
822 483 1027 520 praesumant,
1045 490 1083 510 ne
1097 490 1116 510 α
1130 481 1336 520 magnitudine
1350 480 1453 519 gloria
1468 481 1558 520 ipsius
1579 482 1788 521 opprimantur
1805 482 1850 513 “‘2

121 527 174 557 Hac
196 533 348 560 sanctus
386 531 512 560 doctor
540 530 652 560 eximie
681 533 712 560 et
736 530 815 560 xt‘use
856 533 1041 569 prosecutus
1076 533 1123 560 est
1151 529 1218 570 (a),
1247 533 1332 559 totus
1371 530 1404 559 in
1445 538 1502 559 sua
1544 531 1687 561 oratione
1727 532 1850 562 incum-

123 577 182 607 bens
209 589 223 605 ιι
258 581 299 608 ut
326 580 509 616 ostendat,
535 589 573 609 ne
601 579 703 618 ipsum
733 579 859 618 quidem
884 580 1093 609 secundarum
1124 588 1228 608 rerum
1263 583 1408 608 naturam
1445 577 1582 608 hominis
1624 584 1729 610 mente
1757 584 1854 620 atque

124 626 233 666 ingenio
264 628 522 667 comprehendi
552 637 643 667 posse
661 651 668 664 ,
700 629 816 658 nedum
847 628 982 667 primam
1012 628 1099 658 illam
1143 637 1179 657 ac
1207 627 1320 662 solam,
1350 636 1460 657 vereor
1501 627 1582 657 cnim
1626 628 1752 666 dicere,
1784 639 1854 660 om-

128 676 206 706 nibus
234 677 340 707 rebus
374 677 601 707 excelsiorem.
631 689 646 704 »
679 677 730 708 Sic
759 680 790 707 et
819 677 916 707 animi
941 677 1041 713 dotes,
1072 677 1186 707 mentis
1214 680 1244 707 et
1275 675 1416 716 corporis
1443 676 1473 705 in
1505 676 1631 707 homine
1658 678 1853 717 societatem,

136 726 344 756 membrorum
380 727 471 757 inter
498 735 531 757 se
560 726 804 756 concinnitatem
823 749 831 764 ,
862 726 1091 756 elementorum
1122 726 1278 761 ordinem,
1309 725 1518 755 animantium
1549 728 1579 756 et
1607 727 1854 765 germinantium

144 776 245 815 species
273 775 486 815 perlustrat,
518 785 571 806 cos
600 776 653 815 qui
680 775 880 815 philosiphias
910 775 1124 815 principatum
1154 775 1214 805 sibi
1257 775 1394 805 vindicat
1431 775 1557 814 egregie
1585 777 1802 815 compellans,
1822 780 1856 808 ut

146 825 185 855 vel
209 824 415 863 singularum
445 824 674 864 proprietatum
694 847 701 860 ,
730 834 809 863 quas
838 824 1071 864 elegantissime
1100 824 1249 854 describit
1266 848 1273 861 ,
1305 823 1468 854 recondita
1496 824 1652 864 principia
1680 825 1855 865 detegant,

148 877 196 904 aut
208 873 336 904 tandem
352 873 472 903 divinis
487 873 592 911 rebus,
609 872 650 903 ob
666 873 884 912 intelligentia;
899 873 1131 910 difﬁcultatem,
1150 873 1337 903 detrahendi
1354 872 1447 903 ﬁnem
1464 873 1594 903 faciant.

889 944 933 975 De
956 945 1113 976 Trim'tate.

185 1005 297 1041 Quoad
326 1004 407 1034 vixit
436 1004 626 1044 Gregorius,
654 1003 858 1035 accuratioris
899 1004 1051 1034 doctrinae
1093 1003 1177 1034 circa
1219 1003 1404 1034 Trinitatem
1442 1003 1631 1043 praedicator
1685 1004 1859 1038 indefessus

147 1055 204 1084 fuit
233 1058 264 1085 et
292 1054 440 1084 defensor
468 1054 639 1084 acerrimus
681 1056 791 1084 contra
819 1053 951 1083 Arianos
981 1056 1012 1083 et
1037 1053 1283 1083 Macedonianos
1311 1062 1318 1089 ;
1347 1053 1391 1083 ita
1421 1056 1454 1082 ut
1495 1053 1602 1083 omnia
1634 1053 1701 1092 ejus
1729 1055 1857 1095 scripta,

143 1103 209 1132 sive
242 1102 415 1138 orationes,
432 1102 497 1132 sive
522 1102 674 1141 epistolae,
705 1102 770 1131 sive
802 1101 955 1136 carmina,
986 1101 1176 1131 Trinitatem
1206 1103 1352 1131 resonent
1379 1102 1410 1131 et
1438 1103 1584 1139 suscepta
1613 1110 1670 1140 pro
1698 1103 1861 1134 Trinitatis

142 1151 332 1181 defensione
361 1154 471 1180 contra
499 1150 656 1189 quoslibet
685 1150 881 1180 adversarios
920 1150 1127 1179 certamina:
1154 1150 1237 1179 unde
1280 1149 1349 1186 eius
1391 1149 1497 1179 aemuli
1538 1149 1599 1179 hoc
1639 1150 1741 1189 ipsum
1785 1152 1861 1184 vitio

141 1200 315 1230 vertebant
328 1203 358 1229 et
386 1199 589 1239 objiciebant,
620 1202 713 1239 prout
748 1199 919 1229 etiamnum
950 1198 1088 1238 objicere
1117 1199 1267 1237 Gregorio
1297 1198 1450 1229 Clericum
1481 1202 1512 1228 et
1540 1199 1676 1228 Tollium
1706 1210 1768 1230 non
1797 1211 1860 1240 pu-

147 1249 232 1284 duit,
251 1248 332 1288 quod
365 1260 380 1278 tl
411 1249 536 1278 assidue
565 1257 652 1278 suam
683 1248 867 1278 Trinitatem
898 1248 1085 1288 praedicaret
1113 1251 1144 1277 et
1166 1247 1313 1277 omnibus
1342 1250 1464 1277 tantum
1496 1256 1558 1276 non
1589 1247 1674 1277 horis
1704 1258 1861 1280 memora-

149 1300 203 1327 ret
222 1309 238 1324 ‹‹
255 1298 334 1327 obita
373 1307 429 1337 pro
458 1297 609 1327 Trinitate
638 1297 821 1334 certamina,
853 1300 884 1327 et
908 1297 1086 1327 exantlatos
1114 1296 1249 1326 labores.
1281 1296 1313 1326 Si
1342 1305 1540 1335 quaecunque
1569 1296 1610 1325 ad
1639 1299 1861 1336 exponendam

147 1349 182 1376 et
199 1346 426 1377 defendendam
443 1346 589 1376 Ecclesiae
620 1346 784 1377 catholicae
817 1346 908 1376 fidem
939 1347 1022 1376 circa
1051 1345 1212 1376 Trinitatis
1243 1345 1426 1384 mysterium
1465 1345 1588 1384 scripsit
1617 1346 1795 1384 Gregorius,
1811 1347 1863 1378 hic

141 1396 279 1426 animus
307 1399 387 1426 esset
415 1396 554 1431 referre,
585 1395 724 1425 maxima
753 1395 820 1433 ejus
857 1395 1046 1434 scriptorum
1090 1404 1163 1434 pars
1200 1394 1407 1425 exscribenda
1447 1398 1553 1429 esset,
1584 1395 1753 1433 nequidem
1798 1397 1863 1427 nilo

145 1445 387 1485 praetermisso:
413 1453 520 1474 verum
547 1444 697 1483 pauciora
725 1453 892 1483 excerpere
922 1447 953 1474 et
980 1443 1153 1483 insigniora
1182 1446 1230 1473 sat
1259 1443 1329 1474 erit.
1355 1444 1464 1482 Itaque
1492 1443 1654 1473 Trinitatis
1680 1445 1864 1484 mysterium

148 1494 203 1523 his
235 1494 339 1523 verbis
368 1494 496 1533 exponit
523 1493 617 1533 ((1)2!
648 1494 735 1524 Unus
764 1495 845 1524 Deus
873 1493 1054 1523 retinendus
1083 1495 1141 1530 est,
1158 1496 1188 1522 et
1216 1496 1277 1522 tres
1308 1492 1502 1532 hypostases,
1524 1492 1588 1522 sive
1617 1496 1678 1522 tres
1708 1503 1863 1533 personas,

151 1542 359 1578 conﬁtendae,
391 1545 422 1572 et
449 1542 575 1582 quidem
606 1551 802 1581 unaquaeque
829 1551 901 1572 cum
923 1552 981 1572 sua
1007 1542 1213 1581 proprietate.
1242 1554 1257 1569 ››
1289 1543 1327 1572 Et
1356 1542 1387 1571 in
1416 1541 1479 1571 alia
1506 1542 1648 1572 oratione
1674 1542 1713 1583 (ε)
1743 1554 1750 1573 :
1782 1556 1797 1571 ‹‹
1825 1546 1868 1575 At

151 1601 257 1622 unum
284 1593 383 1622 Deum
411 1600 581 1631 agnoscere
610 1592 778 1630 oportebat
806 1592 953 1630 principii
996 1595 1155 1630 expertem
1201 1594 1232 1621 et
1273 1591 1460 1630 ingenitum,
1478 1594 1509 1621 et
1555 1600 1650 1621 unum
1682 1592 1793 1622 Filium
1830 1603 1870 1624 ex

144 1642 253 1671 Patre
281 1644 434 1679 genitum,
450 1644 481 1670 et
509 1650 627 1670 unnum
658 1641 809 1680 Spiritum
838 1650 877 1670 ex
906 1644 969 1671 er
998 1641 1207 1671 substantiam
1238 1640 1417 1676 habentem,
1450 1640 1675 1670 concedentem
1705 1642 1791 1672 Patri
1818 1643 1869 1673 in-

144 1690 257 1729 geniti
289 1690 521 1729 proprietatem,
555 1689 631 1719 Filio
661 1699 734 1719 vero
763 1690 998 1728 generationem
1023 1699 1029 1726 ;
1060 1690 1099 1719 de
1126 1694 1239 1720 caetero
1269 1692 1374 1719 autem
1405 1690 1546 1728 ejusdem
1574 1690 1704 1720 omnino
1733 1694 1868 1728 naturae,

143 1739 334 1778 dignitatis,
372 1739 509 1774 honoris,
539 1739 659 1778 gloriae.
689 1740 773 1775 Haec,
811 1739 953 1777 inquam,
985 1748 1156 1778 agnoscere
1185 1738 1363 1778 oportebat,
1395 1738 1462 1768 haec
1491 1738 1644 1768 conﬁteri.
1679 1750 1693 1766 n
1723 1739 1870 1771 ’l‘rinitati

139 1787 378 1817 accommodat
405 1786 471 1816 hac
500 1786 630 1817 Joannis
646 1787 743 1816 verba
758 1787 796 1816 de
826 1786 905 1816 Filio
928 1795 934 1815 :
969 1797 983 1815 «
1013 1786 1096 1817 Erat
1126 1786 1178 1816 lux
1206 1796 1287 1822 vera,
1312 1796 1376 1826 qua:
1406 1786 1559 1815 illuminat
1586 1796 1698 1816 omnem
1725 1787 1870 1819 hominem

141 1836 319 1866 venientem
348 1837 378 1865 in
406 1836 483 1865 hunc
509 1836 650 1865 mundum
682 1836 714 1861 ¹“¹.
745 1836 820 1865 Erat
847 1835 901 1865 lux
930 1845 1005 1865 vera
1090 1837 1206 1866 Pater.
1238 1837 1312 1866 Erat
1342 1836 1395 1865 lux
1426 1844 1498 1865 vera
1518 1835 1690 1865 Filius.
1713 1836 1788 1866 Erat
1816 1838 1871 1868 lux

142 1894 271 1915 vera...
288 1884 367 1914 alius
394 1884 586 1914 Paracletus.
616 1885 702 1921 Erat,
721 1887 752 1914 et
775 1887 853 1921 erat,
870 1887 901 1914 et
929 1888 1016 1915 erat:
1044 1884 1097 1914 sed
1128 1894 1225 1915 unum
1254 1887 1331 1914 erat.
1349 1885 1426 1920 Lux,
1457 1886 1488 1913 ct
1516 1883 1582 1919 lux,
1599 1887 1629 1914 et
1655 1884 1728 1914 lux:
1746 1885 1800 1915 scd
1816 1886 1871 1917 lux

147 1943 232 1970 una,
251 1933 333 1963 Deus
349 1943 438 1963 unus.
455 1944 470 1961 »
498 1933 651 1968 Quaelibet
676 1942 811 1972 persona
839 1936 885 1963 est
913 1933 953 1963 ab
983 1936 1101 1963 aeterno
1124 1933 1196 1973 (d):
1229 1945 1244 1961 «
1275 1934 1400 1963 Patrem
1431 1942 1502 1963 vere
1531 1932 1673 1970 dicimus,
1705 1942 1741 1963 ac
1771 1934 1871 1965 multo

150 1983 288 2023 quidem
319 1983 432 2016 verius.
464 1991 559 2021 quam
592 1982 646 2022 qui
687 1982 771 2022 apud
801 1992 858 2013 nos
886 1982 918 2012 id
947 1991 1061 2012 nomen
1092 1982 1236 2013 obtinent
1264 1992 1270 2019 ;
1304 1985 1368 2012 tum
1399 1982 1473 2021 quia
1511 1982 1640 2021 proprio
1663 1986 1694 2014 et
1720 1983 1874 2023 singulari

155 2032 260 2061 modo
274 2032 366 2061 Pater
379 2035 435 2067 est,
451 2040 513 2061 non
529 2033 634 2061 autem
659 2031 739 2061 sicut
763 2040 914 2070 corpora;
947 2034 1014 2061 tum
1044 2031 1118 2070 quia
1147 2031 1243 2068 solus,
1267 2041 1330 2061 non
1360 2032 1441 2061 enim
1472 2040 1509 2061 ex
1543 2031 1786 2070 conjunctione;
1806 2035 1872 2063 tum

158 2081 243 2119 quia
257 2073 359 2116 solius,
391 2089 503 2120 nempe
532 2081 703 2120 unigeniti;
736 2083 801 2110 tum
831 2081 906 2119 quia
935 2081 1050 2117 solum,
1082 2090 1138 2111 nec
1163 2081 1248 2110 enim
1279 2081 1347 2120 ipse
1379 2082 1561 2120 priusquam
1592 2081 1685 2111 Pater
1712 2085 1805 2120 esset,
1821 2083 1874 2113 Fi-

148 2129 222 2159 lius
253 2130 329 2166 fuit;
347 2133 413 2159 tum
442 2130 516 2169 quia
544 2129 575 2159 in
605 2133 705 2159 totum
740 2133 771 2159 et
799 2129 896 2159 totius
925 2130 1028 2165 Pater,
1053 2130 1137 2169 quod
1168 2129 1207 2159 de
1236 2129 1326 2159 nobis
1357 2132 1441 2159 certo
1471 2129 1626 2159 ufiirmari
1653 2131 1873 2170 nequit;tum

146 2180 236 2219 quia
249 2179 289 2208 ab
304 2178 403 2216 initio,
422 2189 478 2208 nec
500 2179 580 2208 enim
607 2179 761 2217 posterius
791 2180 883 2208 Pater
913 2189 978 2208 esse
1009 2179 1117 2218 coepit.
1147 2180 1272 2214 Filium,
1307 2190 1378 2208 ιρι-υ
1408 2179 1519 2208 Filium
1550 2180 1632 2218 quod
1664 2184 1693 2210 et
1722 2181 1806 2210 solus
1822 2182 1873 2218 sit,

145 2232 189 2259 et.
219 2228 331 2264 solius,
360 2237 396 2258 ac
425 2228 576 2267 singulari
604 2229 707 2263 modo,
740 2232 770 2258 et
797 2228 897 2257 solum
928 2237 933 2263 ;
965 2238 1025 2257 non
1051 2229 1132 2257 enim
1164 2230 1255 2258 Pater
1285 2238 1410 2267 quoque
1440 2229 1530 2257 simul
1563 2232 1607 2257 est
1627 2253 1632 2263 ,
1652 2233 1681 2258 et
1710 2230 1740 2259 in
1770 2234 1871 2260 totum

148 2277 259 2308 Filius
284 2300 291 2313 ,
322 2280 352 2307 et
380 2278 497 2314 totius,
528 2280 559 2306 et
586 2287 604 2306 a
634 2277 812 2316 principio,
845 2277 925 2306 hanc
956 2278 1073 2306 scilicet
1118 2278 1269 2307 rationein
1315 2278 1457 2313 habens,
1492 2282 1524 2307 ut
1568 2288 1728 2317 nunquam
1774 2280 1871 2309 Filius

149 2336 228 2357 esse
255 2328 386 2365 coeperit
413 2336 420 2361 ;
450 2336 511 2356 non
537 2327 620 2356 enim
643 2336 680 2355 ex
711 2327 893 2365 poenitentia
923 2330 969 2355 cst
997 2327 1121 2362 deitus,
1157 2337 1255 2365 neque
1299 2337 1337 2355 cx
1372 2328 1512 2365 proiectu
1557 2328 1724 2364 ileiﬁcatio,
1758 2332 1791 2358 ut
1820 2329 1873 2359 ille

150 2376 338 2416 aliquando
366 2377 467 2409 Pater,
488 2376 537 2405 hic
564 2376 734 2414 aliquando
765 2376 860 2405 Filius
889 2379 969 2405 esset
992 2376 1125 2405 desinat.
1158 2376 1308 2414 Spiritum
1340 2379 1480 2405 sanctum
1511 2385 1584 2405 vere
1616 2380 1784 2406 sanctum:
1817 2387 1872 2408 ne-

151 2435 227 2464 que
257 2425 339 2454 enim
365 2424 442 2453 alius
472 2424 541 2453 talis
569 2427 639 2457 est,
672 2433 727 2453 nec
757 2424 865 2453 eodem
894 2423 997 2459 modo,
1031 2434 1131 2462 neque
1157 2434 1193 2453 ex
1224 2424 1400 2453 accessione
1440 2425 1639 2453 sanctitatem
1670 2425 1787 2461 habet,
1820 2426 1874 2455 sed

153 2478 214 2504 est
242 2474 376 2513 ipsemet
404 2474 564 2508 sanctitas,
582 2483 639 2503 nec
669 2473 767 2512 magis
797 2476 827 2501 ot
856 2472 968 2506 minus,
994 2482 1061 2507 nec,
1095 2473 1198 2511 quoad
1230 2478 1363 2511 tempus,
1396 2474 1547 2511 originem
1580 2483 1717 2511 unquam
1752 2475 1873 2511 habuit,

155 2532 225 2553 nec
242 2524 335 2552 linem
353 2522 515 2552 habiturus
531 2525 586 2551 est.
605 2523 670 2551 Hoc
699 2522 781 2551 enim
811 2522 894 2550 l’ulri
924 2526 954 2550 et
980 2522 1055 2551 Filio
1087 2526 1116 2551 ct
1148 2523 1278 2561 Spiritui
1308 2526 1416 2551 sancto
1443 2531 1609 2551 commune.
1639 2527 1696 2558 est,
1714 2524 1798 2561 quod
1816 2524 1875 2553 mi-

157 2573 253 2602 nime
282 2572 378 2601 creati
407 2575 491 2607 sunt,
520 2575 614 2610 atque
642 2572 710 2609 ipsa
734 2571 891 2599 divinitas.
925 2571 989 2600 Hoc
1019 2574 1122 2600 autem
1155 2571 1232 2600 Filio
1262 2575 1291 2600 et
1322 2571 1449 2609 Spiritui
1480 2575 1601 2606 sancto,
1633 2572 1715 2609 quod
1744 2576 1875 2611 uterque

156 2630 278 2651 eorum
294 2630 332 2650 ex
355 2620 447 2650 Patre
469 2624 527 2650 est.
544 2622 582 2650 At
612 2629 685 2649 vero
716 2620 815 2649 Patris
846 2620 1021 2659 proprietas
1050 2621 1115 2649 hace
1144 2624 1200 2657 est,
1232 2621 1314 2659 quod
1343 2621 1500 2659 ingenitus
1530 2621 1588 2650 sit:
1608 2621 1676 2650 Filii
1707 2621 1791 2659 quod
1822 2631 1876 2660 ge-

158 2671 273 2701 nitus:
305 2670 427 2710 Spritus
454 2669 554 2699 sancti
569 2669 653 2708 quod
684 2669 875 2708 procedat.»
911 2670 982 2699 Haec
1012 2669 1172 2708 generatio
1203 2672 1233 2699 et
1262 2670 1431 2709 processio,
1462 2679 1532 2709 quae
1571 2670 1664 2699 nullis
1694 2670 1795 2699 verbis
1818 2679 1876 2709 po-

159 2723 228 2751 test
251 2719 413 2759 explicari,
430 2718 599 2749 scrutanda
614 2728 677 2748 non
694 2721 760 2748 est:
781 2730 796 2746 «
826 2719 891 2748 Hoc
921 2721 1043 2748 tantum
1076 2719 1210 2748 sciamus
1239 2719 1423 2749 Trinitatem
1454 2719 1484 2748 in
1514 2720 1644 2756 unitate,
1664 2722 1694 2749 et
1722 2719 1876 2750 unitatem

198 2796 231 2822 ³³.
250 2796 272 2814 ιε
292 2794 378 2823 Eecli.
419 2803 462 2830 ιιι,
478 2794 524 2820 22.
564 2794 585 2812 ¹⁶
602 2794 683 2822 Prov.
699 2803 767 2822 xxv.
784 2794 830 2822 27.
872 2794 892 2811 ¹⁷
908 2793 992 2822 Joan.
1011 2802 1029 2828 1,
1047 2794 1072 2821 9.

205 2861 242 2895 (α)
257 2859 304 2887 Or.
320 2858 366 2892 28,
381 2866 411 2885 n.
427 2857 474 2885 31.
491 2856 522 2885 in
537 2857 601 2901 ﬁne.

205 2896 243 2920 tbi
259 2895 305 2920 0r.
322 2894 367 2920 32.
385 2903 415 2920 n.
431 2894 460 2920 5.

596 2879 601 2886 .
1086 2857 1120 2920 (ἢ
1137 2856 1183 2884 0r.
1202 2857 1245 2892 31,
1262 2865 1290 2885 n.
1307 2857 1333 2884 3.
1385 2893 1401 2900 _

1087 2895 1097 2920 (
1119 2893 1188 2920 )Or.
1205 2893 1250 2920 25.
1267 2902 1295 2920 n.
1314 2893 1397 2920 16.14

205 2893 243 2936 (ὁ)
259 2895 306 2925 0r.
322 2894 367 2932 32,
384 2903 415 2924 ιι.
431 2894 460 2923 5.
569 2900 572 2901 ⁷

1087 2893 1125 2931 (d)
1141 2893 1188 2922 0r.
1205 2893 1251 2930 25,
1267 2902 1295 2921 η.
1314 2893 1409 2932 16,17.

104 3215 114 3218 ,ν
123 3217 151 3224 πη
164 3207 219 3230 ’ωλι-Δ
228 3218 232 3222 ,
