4080 6410
458 419 535 479 99
1471 408 1890 471 PREFATIO
1937 409 1980 470 G
1994 408 2069 471 El‘

2225 410 2397 470 iLlS.
2416 444 2493 455 —
2523 410 2724 473 PARS
2768 404 2875 473 ΙΙΙ.
3736 410 3836 477 100

451 554 515 613 in
573 550 878 614 Trinitate
926 546 1340 609 adorandam.
1403 545 1699 606 Colamus
1758 548 1954 605 Deum
2014 546 2288 619 Patrem,
2348 549 2541 606 Deum
2596 546 2820 608 Filium
2856 594 2869 620 ,
2931 548 3128 609 Deum
3190 548 3490 628 Spiritum
3554 554 3836 622 sanctum,

453 658 582 712 tres
624 649 1065 730 proprietates,
1131 665 1318 707 unam
1377 644 1793 718 divinitatem,
1854 661 1969 704 nec
2026 644 2251 723 gloria,
2310 662 2425 705 nec
2486 644 2751 719 honore,
2814 664 2929 707 nec
2986 647 3280 723 essentia,
3334 666 3446 707 nec
3485 665 3669 724 regno
3698 648 3837 708 divi-

456 769 590 814 sam
624 748 728 829 (a).
758 770 785 806 ››

534 851 685 909 Tres
747 863 889 906 vero
945 861 1255 923 personae,
1313 842 1459 903 licet
1515 842 1720 920 reipsa
1771 840 2106 910 distinctae,
2138 840 2227 901 ita
2284 847 2432 901 sunt
2488 841 2604 901 sibi
2663 842 2929 903 invicem
3000 843 3389 904 cohmrentes
3461 852 3525 903 nt
3583 843 3840 921 quisquis

456 947 555 1006 vel
612 963 802 1006 unam
864 943 1226 1003 exscindere
1287 941 1643 1010 tentaverit,
1676 946 1801 999 tres
1861 940 2047 999 simul
2107 958 2180 1000 ac
2240 944 2437 999 totam
2501 958 2758 1018 prorsus
2816 941 3114 1002 deitatem
3171 942 3837 1020 sustulerit;siquidem

452 1062 577 1105 una
605 1042 738 1103 sine
769 1042 965 1101 altera
997 1058 1130 1100 esse
1161 1057 1483 1117 nunquam
1537 1044 1741 1116 potest
1796 1037 1902 1117 (ὁ).
1970 1060 1997 1094 (ι
2058 1038 2121 1097 Si
2180 1038 2295 1097 fuit
2355 1044 2623 1116 tempus,
2686 1057 2828 1099 cum
2890 1059 3016 1100 non
3076 1045 3237 1100 esset
3292 1041 3498 1111 Pater,
3534 1039 3644 1098 fuit
3689 1057 3830 1117 quo-

452 1159 594 1219 que,
632 1157 773 1200 cum
808 1155 932 1197 non
963 1142 1124 1196 esset
1154 1136 1364 1195 Filius.
1402 1136 1466 1194 Si
1498 1136 1616 1195 fuit
1674 1142 1943 1213 tempus,
2001 1152 2142 1194 cum
2202 1154 2326 1195 non
2382 1142 2542 1195 esset
2591 1135 2805 1208 Filius,
2869 1138 2985 1196 fuit
3056 1155 3333 1215 quoque,
3394 1154 3535 1196 cum
3597 1153 3668 1195 ne
3714 1135 3838 1214 Spi-

449 1243 608 1298 ritus
639 1235 892 1313 quidem
952 1239 1135 1293 esset.
1171 1234 1235 1293 Si
1294 1251 1487 1292 unum
1546 1231 1703 1291 illud
1762 1251 1799 1291 a
1858 1232 2165 1311 principio
2197 1240 2351 1304 erat,
2417 1233 2633 1311 utique
2689 1239 2751 1293 et
2809 1234 2947 1295 tria.
3009 1234 3073 1295 Si
3136 1252 3331 1293 unum
3386 1232 3621 1311 dejicis,
3657 1231 3843 1292 audax

450 1336 571 1396 hoc
603 1335 831 1404 dicam,
866 1351 943 1392 ne
974 1332 1099 1391 duo
1152 1330 1402 1409 quidem
1464 1330 1784 1408 superiore
1842 1330 1980 1390 loco
2040 1330 2332 1391 colloces.
2366 1330 2515 1401 Quae
2574 1330 2740 1391 enim
2798 1331 3184 1409 imperfectae
3247 1331 3496 1391 deitatis
3554 1329 3845 1390 ultilitas?

450 1437 583 1495 Imo
646 1450 785 1511 quae
844 1430 1044 1489 deitas
1079 1474 1095 1504 ,
1155 1429 1207 1489 si
1258 1429 1628 1506 imperfecta
1674 1428 1703 1487 ?
1761 1428 2044 1488 Perfecta
2098 1435 2308 1488 autem
2368 1428 2688 1507 quomodo
2746 1428 2913 1501 erit,
2972 1430 3037 1488 in
3092 1447 3220 1508 qua
3277 1428 3359 1489 ad
3422 1428 3842 1508 perfectionem

447 1530 688 1609 aliquid
744 1528 1135 1588 desideretur
1183 1527 1213 1587 ?
1269 1526 1676 1586 Desideratur
1727 1526 1916 1598 enim,
1979 1527 2029 1585 si
2085 1527 2417 1586 sanctitate
2477 1532 2709 1586 careat.
2770 1527 2943 1586 Hanc
3002 1546 3193 1606 porro
3265 1527 3583 1605 quomodo
3638 1518 3843 1585 habere

447 1635 662 1708 queat,
698 1628 759 1686 ni
820 1626 1120 1704 Spiritum
1176 1624 1453 1685 habeat?
1510 1626 1574 1685 Si
1623 1624 1788 1685 enim
1847 1625 1973 1683 alia
2031 1625 2320 1703 quaedam
2379 1631 2605 1703 praeter
2656 1625 2834 1684 illum
2888 1628 3186 1687 sanctitas
3243 1633 3357 1700 est,
3406 1644 3547 1704 quas
3616 1625 3841 1684 tandem

448 1728 560 1788 illa
617 1723 1029 1802 intelligenda
1071 1724 1172 1794 sit,
1234 1722 1402 1783 dicat
1459 1723 1812 1802 quispiam:
1875 1729 2007 1794 aut,
2071 1721 2122 1782 si
2178 1724 2431 1801 quidem
2492 1722 2711 1783 eadem
2786 1724 2920 1783 haec
2977 1731 3092 1795 est,
3156 1724 3308 1803 quid
3375 1723 3584 1785 afferri
3641 1728 3840 1801 potest,

449 1824 865 1905 quamobrem
901 1841 1023 1882 non
1048 1821 1181 1899 jam
1214 1820 1361 1881 inde
1392 1842 1429 1881 a
1461 1821 1770 1900 principio
1804 1822 2037 1882 fuerit?
2069 1822 2257 1892 Quasi
2290 1839 2435 1882 vero
2467 1821 2831 1900 praastiterit
2878 1826 3031 1897 Deo,
3064 1822 3409 1901 aliquando
3439 1821 3841 1901 imperfectum

450 1922 778 1993 exstitisse,
816 1939 888 1980 ac
920 1921 1190 1998 Spiritus
1211 1927 1555 1999 expertem.
1591 1944 1620 1974 »

526 2022 672 2090 Quis
730 2028 942 2079 autem
1001 2020 1352 2097 pergrande
1404 2018 1766 2097 mysterium
1832 2019 2038 2079 valeat
2094 2020 2189 2079 vel
2249 2020 2472 2080 saltem
2504 2018 2793 2079 subolere
2845 2016 2876 2074 ?
2932 2018 3124 2079 Nobis
3180 2037 3429 2097 semper
3488 2018 3840 2078 inaccessum

444 2119 716 2192 fuisset,
772 2118 890 2175 nisi
948 2117 1287 2195 Scriptura}
1349 2116 1692 2175 divinitatis
1752 2116 2080 2177 thesauros
2136 2118 2510 2177 mortalibus
2568 2116 3035 2195 expandissent.
3099 2119 3179 2176 At
3234 2116 3530 2177 Ecclesia:
3586 2116 3842 2175 doctores

442 2222 685 2275 tantam
748 2214 1163 2291 majestatem,
1225 2215 1437 2291 captui
1498 2214 1779 2273 humano
1839 2215 2021 2274 nimis
2090 2216 2555 2293 praecellentem
2618 2223 2677 2275 et
2728 2214 2906 2292 cuius
2961 2214 3209 2292 fulgore
3261 2232 3439 2274 mens
3502 2211 3841 2293 perstringi-

448 2323 552 2373 tur
587 2360 600 2386 ,
664 2314 853 2372 variis
910 2312 1491 2389 comparationibus
1550 2312 1866 2371 deliuPare
1927 2319 1989 2372 et
2048 2315 2433 2373 adumbrare
2493 2313 2772 2390 aggressi
2828 2318 3023 2386 sunt,
3082 2320 3149 2372 ut
3206 2313 3305 2372 vel
3363 2313 3451 2372 sic
3533 2310 3842 2390 quamdam

444 2412 769 2472 Trinitatis
854 2410 1175 2469 notionem
1262 2409 1442 2469 nobis
1526 2410 2027 2489 suppeditarent.
2090 2414 2219 2472 Hoc
2312 2411 2651 2490 Gregorius
2734 2411 3097 2488 exsequitur
3178 2410 3329 2469 dum
3416 2410 3725 2471 nominem
3776 2405 3841 2466 ad

441 2527 508 2569 se
564 2509 772 2587 ipsum
832 2508 1123 2575 advocat,
1182 2512 1243 2567 et
1299 2507 1363 2566 in
1418 2507 1640 2567 intimo
1701 2508 1927 2568 animae
1984 2509 2357 2589 impressam
2434 2509 2715 2589 mysterii
2786 2508 3128 2586 imaginem
3190 2511 3269 2569 ad
3333 2506 3838 2587 contemplandum

442 2606 660 2667 allicit.
696 2608 869 2669 Mens
900 2605 1234 2684 siquidem,
1270 2624 1475 2665 sermo
1506 2611 1568 2665 et
1624 2606 1879 2685 spiritus
1934 2607 1996 2666 in
2059 2627 2229 2669 unna
2286 2608 2569 2686 ejusdem
2632 2606 2904 2667 hominis
2960 2614 3208 2681 natura,
3258 2608 3404 2667 licet
3462 2608 3544 2667 ab
3600 2606 3834 2666 invicem

440 2713 895 2779 secernantur,
953 2724 1075 2765 non
1140 2713 1352 2765 tamen
1410 2710 1535 2763 tres
1591 2706 1893 2765 essentias
1927 2751 1942 2779 ,
1997 2707 2104 2765 sed
2165 2726 2355 2767 unam
2412 2727 2675 2769 numero
2733 2708 3149 2767 substantiam
3209 2707 3625 2791 constituunt.
3666 2726 3694 2762 α
3738 2705 3831 2762 Nos

442 2809 680 2876 autem,
716 2808 784 2862 ut
814 2802 1096 2881 loquitur
1151 2807 1401 2862 sanctus
1459 2802 1680 2862 doctor
1736 2802 1831 2882 (ο),
1868 2827 1896 2858 ι
1958 2822 2150 2863 unam
2211 2810 2272 2864 et
2329 2805 2617 2865 eamdem
2675 2806 2927 2865 deitatis
2986 2810 3277 2864 naturam
3336 2809 3683 2873 teneamus,
3720 2816 3832 2879 quae

444 2918 525 2961 ex
584 2900 875 2979 principii
925 2906 1204 2978 experte,
1267 2905 1329 2960 et
1385 2900 1811 2977 generatione,
1863 2908 1925 2961 et
1981 2902 2376 2980 processione
2451 2904 2813 2983 agnoscitur
2864 2923 2879 2977 ;
2942 2901 3479 2981 quemadmodum
3559 2899 3621 2959 id
3698 2894 3839 2976 quod

442 2998 631 3059 nobis
660 2998 843 3069 inest,
879 3004 1106 3071 mente,
1143 3015 1456 3068 sermone,
1492 3016 1565 3058 ac
1596 2998 1815 3077 spiritu
1846 2999 2224 3078 intelligitur
2252 2999 2365 3080 (ά).
2400 3024 2429 3055 ››

521 3098 736 3157 Multae
793 3103 940 3156 sunt
996 3096 1136 3157 alias
1192 3097 1746 3175 comparationes,
1809 3116 2079 3177 quarum
2138 3118 2258 3178 ope
2323 3101 2644 3159 inﬁrmum
2730 3100 3011 3159 animum
3113 3096 3444 3157 sublevare
3531 3095 3842 3174 scriptores

442 3195 647 3254 nostri
679 3195 888 3273 conati
919 3200 1102 3253 sunt:
1158 3195 1263 3253 sed
1323 3212 1513 3272 quam
1577 3213 1799 3272 parum
1860 3196 1940 3255 ad
1998 3196 2088 3255 rei
2143 3197 2470 3256 veritatem
2530 3197 2859 3268 accedunt,
2923 3202 2993 3255 ut
3050 3193 3384 3273 Gregorius
3443 3200 3708 3254 testatur
3734 3189 3837 3270 (e)l

444 3316 476 3348 «
539 3293 693 3351 Cum
749 3292 981 3351 mentis
1040 3293 1400 3352 curiositate
1449 3293 1718 3352 multum
1792 3293 2028 3371 diuque
2112 3312 2358 3354 mecum
2448 3295 2943 3355 considerassem
2981 3340 2995 3364 ,
3080 3294 3168 3353 rei
3248 3297 3443 3352 tantae
3530 3291 3843 3368 imaginem

439 3390 789 3470 quamdam
827 3390 1213 3468 exquirens,
1274 3390 1375 3451 cui
1437 3391 1688 3451 tandem
1750 3410 1959 3451 rerum
2035 3392 2380 3452 inferarum
2470 3392 2681 3452 divina
2738 3393 2848 3452 illa
2934 3396 3159 3451 natura
3243 3390 3674 3468 comparanda
3731 3385 3840 3455 sit,

442 3488 719 3567 reperire
778 3506 902 3547 non
964 3489 1160 3566 potui.
1222 3489 1518 3559 Quamvis
1575 3490 1740 3549 enim
1800 3490 2095 3567 exiguam
2149 3489 2430 3567 aliquam
2486 3490 2963 3549 similitudinem
3024 3489 3371 3549 invenerim
3406 3534 3420 3561 ,
3487 3486 3689 3565 major
3765 3491 3843 3542 ta-

446 3604 593 3646 men
653 3603 750 3645 me
806 3604 953 3665 pars
997 3586 1182 3663 fugit,
1216 3586 1518 3666 humique
1589 3588 1936 3666 relinquit.
2004 3612 2031 3643 »
2092 3587 2455 3649 Cavendum
2516 3589 2732 3665 itaque
2814 3607 2890 3647 ne
2940 3587 3204 3648 terrenis
3261 3586 3547 3646 ctelestia
3603 3584 3838 3644 metien-

437 3685 517 3745 do
553 3730 568 3758 ,
627 3684 1000 3762 dignitatem
1036 3685 1315 3764 mysterii
1372 3686 1807 3765 deprimamus
1865 3703 1878 3758 ;
1931 3685 2199 3765 ideoque
2257 3704 2332 3745 ex
2390 3686 2653 3763 singulis
2727 3685 3240 3746 similitudinibus
3288 3701 3493 3762 apage
3555 3676 3836 3762 quidquid

435 3784 534 3843 vel
593 3784 778 3842 nimis
835 3783 1171 3861 abjectum,
1205 3786 1301 3844 vel
1358 3786 1573 3864 dispar
1631 3803 1887 3863 prorsus
1944 3785 2132 3844 fuerit
2160 3784 2278 3864 (f):
2323 3808 2352 3841 «
2382 3786 2449 3844 In
2508 3803 2756 3844 summa
2814 3784 2971 3843 nihil
3017 3790 3112 3844 est
3175 3783 3238 3842 in
3302 3801 3429 3861 quo
3492 3801 3666 3842 mens
3721 3793 3838 3837 mea

436 3882 709 3959 gradum
767 3882 962 3958 ﬁgere
1037 3890 1275 3959 queat,
1333 3884 1481 3941 dum
1568 3883 1927 3959 imaginor,
1988 3884 2052 3942 in
2138 3886 2444 3962 exemplis
2528 3883 2922 3943 considero:
2988 3883 3050 3941 ni
3136 3883 3295 3941 forte
3381 3880 3695 3959 quispiam
3778 3891 3836 3934 ea

435 3979 635 4038 animi
666 3978 966 4055 aequitate
996 3980 1099 4051 sit,
1132 3986 1221 4050 ut,
1260 3998 1455 4039 unum
1488 3980 1727 4057 aliquid
1761 3998 1837 4040 ex
1868 3980 2196 4059 proposita
2226 3980 2501 4058 imagine
2532 3982 2866 4059 acceperit,
2903 3980 3146 4056 reliqua
3170 3978 3482 4057 projiciat.
3531 4001 3559 4033 ι»

522 4074 822 4135 Tritheias
881 4078 1115 4136 crimen
1174 4079 1343 4155 quod
1402 4079 1461 4135 in
1523 4080 1890 4155 Gregorium
1966 4079 2382 4158 increpabant
2431 4078 2647 4138 Ariani
2701 4078 2789 4138 ita
2845 4076 3077 4150 diluit,
3128 4083 3198 4136 ut
3258 4076 3487 4135 mirum
3551 4074 3630 4134 sit
3678 4071 3839 4131 fuisse

435 4171 736 4252 deinceps
794 4174 901 4250 qui
959 4192 1147 4233 unam
1206 4175 1621 4234 substantiam
1681 4176 1886 4253 specie
1946 4182 2129 4236 tenus
2184 4177 2504 4236 admisisse
2570 4177 2775 4254 ipsum
2838 4176 3199 4234 incusarent
3256 4173 3391 4253 (g).
3462 4193 3491 4229 ι(
3552 4173 3618 4232 Si
3676 4171 3837 4236 Deus,

435 4274 499 4328 et
534 4271 720 4341 Deus,
756 4276 818 4328 et
874 4273 1058 4343 Deus,
1117 4294 1146 4326 »
1208 4272 1689 4332 sciscitabantur
1744 4272 1982 4346 Ariani,
2050 4298 2079 4328 «
2136 4274 2285 4352 quid
2340 4293 2545 4335 causa:
2605 4292 2739 4334 esse
2798 4278 3022 4352 potest,
3086 4274 3239 4351 quin
3296 4280 3420 4330 tres
3472 4271 3598 4329 sint
3652 4265 3839 4328 Dii?»

438 4366 532 4427 Ad
596 4366 729 4427 haec
788 4368 1126 4445 Gregorius
1183 4368 1267 4449 (Ιι)
1317 4387 1330 4428 :
1400 4394 1429 4425 «
1486 4370 1676 4430 Nobis
1732 4370 1961 4449 inquit,
2018 4374 2182 4432 Deus
2238 4392 2397 4432 unus
2455 4378 2595 4443 est,
2654 4372 2955 4450 quoniam
3018 4389 3144 4431 una
3203 4369 3402 4429 deitas
3463 4386 3478 4442 ;
3529 4373 3718 4446 atque
3775 4359 3845 4421 ad

434 4482 635 4523 unum
672 4513 685 4538 ,
736 4483 810 4525 ea
860 4484 1000 4545 quae
1058 4485 1134 4526 ex
1194 4485 1267 4527 eo
1322 4473 1517 4541 sunt,
1577 4469 1953 4542 referuntur,
2008 4471 2253 4530 etiamsi
2314 4477 2439 4530 tres
2495 4489 2797 4548 personas
2855 4468 3190 4529 credimus.
3245 4470 3460 4546 Neque
3517 4467 3684 4527 enim
3740 4460 3845 4520 hoc

439 4562 667 4640 magis,
727 4563 882 4623 illud
945 4564 1148 4624 minus
1207 4571 1301 4624 est
1356 4567 1558 4639 Deus;
1619 4585 1732 4627 nec
1790 4568 1911 4627 hoc
1969 4569 2190 4646 prius,
2250 4568 2407 4627 illud
2468 4569 2798 4648 posterius.
2862 4570 2985 4626 Nec
3067 4566 3394 4626 voluntate
3451 4563 3841 4628 scinduntur,

438 4666 549 4721 aut
605 4662 890 4739 potentia
946 4662 1361 4737 dividuntur,
1423 4672 1533 4724 aut
1582 4664 1851 4743 denique
1909 4665 2259 4743 quidquam
2318 4684 2585 4738 eorum,
2645 4684 2786 4743 quas
2862 4664 3133 4723 dividuis
3189 4663 3375 4723 rebus
3437 4660 3841 4735 contingunt.

431 4756 537 4817 hic
598 4776 851 4838 quoque
912 4760 1241 4839 reperitur.
1314 4785 1343 4817 »
1409 4765 1484 4821 Et
1542 4782 1667 4840 quo
1726 4781 1938 4823 veram
1996 4769 2061 4823 et
2114 4764 2426 4841 integram
2485 4764 2549 4823 in
2608 4765 2838 4823 deitate
2899 4763 3201 4822 unitatem
3254 4765 3532 4831 asserat,
3596 4775 3719 4817 non
3772 4751 3844 4811 si-

436 4854 753 4915 mulatam
788 4864 898 4917 aut
950 4858 1408 4936 imperfectam,
1444 4860 1523 4919 ab
1584 4860 1704 4920 hac
1764 4861 2001 4920 unitate
2059 4880 2353 4922 amovere
2409 4862 2641 4938 satagit
2698 4859 3006 4938 quidquid
3065 4860 3163 4919 vel
3222 4858 3284 4917 in
3342 4855 3719 4925 coelestibus,
3760 4846 3846 4908 vel

427 4951 495 5012 in
526 4950 853 5028 humanis,
918 4955 1081 5017 male
1137 4956 1257 5035 ipsi
1312 4976 1650 5036 exaequare
1706 4959 2158 5019 contenderent
2215 4959 2305 5038 (ι’).
2374 4982 2402 5016 α
2461 4959 2621 5030 Quid
2679 4964 2914 5030 autem,
2976 4957 3251 5017 dixerint
3317 4956 3605 5027 fortasse,
3657 4962 3847 5010 nonne

433 5051 617 5128 apud
651 5050 935 5112 ethnicos
994 5071 1249 5131 quoque
1304 5054 1503 5114 deitas
1566 5074 1689 5115 una
1747 5063 1862 5128 est,
1898 5062 1965 5116 ut
2019 5057 2245 5117 docent
2303 5057 2412 5136 qui
2469 5057 2719 5135 plenius
2779 5056 2948 5135 apud
3005 5055 3147 5115 illos
3205 5052 3668 5134 perfectiusque
3721 5041 3847 5125 phi-

423 5146 886 5225 losophantur,
940 5159 1131 5229 atque
1185 5153 1355 5230 apud
1412 5171 1527 5212 nos
1585 5171 1785 5230 genus
1840 5155 2225 5229 universum,
2288 5156 2649 5215 humanitas
2715 5172 2841 5214 una
2888 5154 2917 5211 ?
2967 5155 3042 5214 Et
3125 5158 3337 5212 tamen
3425 5149 3638 5229 plures
3717 5142 3847 5202 sunt

431 5242 556 5317 dii,
591 5249 653 5304 et
708 5263 836 5306 non
891 5265 1075 5320 unus,
1138 5248 1299 5309 sicut
1357 5249 1550 5310 etiam
1614 5251 1796 5311 multi
1882 5250 2215 5314 homines.
2277 5256 2359 5314 At
2412 5252 2543 5313 illic
2595 5250 3015 5313 communitas
3067 5248 3379 5311 unitatem
3447 5245 3662 5315 habet,
3721 5251 3847 5318 quae

508 5455 585 5539 (gr)
612 5455 838 5539 31,
867 5476 932 5539 n._
959 5462 1050 5517 28.

2269 5463 2338 5539 (Ι)
2372 5464 2542 5539 Ibid.,
2556 5537 2563 5539 _
2578 5482 2638 5524 ιι.

527 5528 577 5595 b)
612 5528 780 5596 Ibid.,
817 5528 876 5595 ιι,
908 5533 959 5587 4.
2378 5537 2473 5593 0r.
2507 5528 2597 5607 31,
2632 5554 2691 5593 ιι.
2724 5537 2812 5595 43.

524 5600 573 5680 c_)_
732 5603 822 5680 ἓξ,
852 5620 910 5680 n.
942 5605 998 5680 _1.
1034 5676 1045 5680 _
1110 5678 1130 5680 η
1289 5674 1299 5680 _
1339 5673 1353 5680 _
1393 5674 1403 5680 _
1596 5675 1607 5680 _
1757 5673 1767 5680 _
2271 5612 2288 5680 (
2379 5608 2447 5665 N.
2474 5611 2561 5665 14.

524 5612 573 5671 0)
606 5612 701 5656 ur.
732 5612 822 5669 23,
852 5620 910 5658 ιι.
948 5612 998 5660 1.

611 5669 698 5760 Ξὶς
727 5676 804 5760 ξιξ)
832 5678 911 5744 τῷ
938 5673 1181 5760 try-hui»),
1214 5674 1305 5732 καὶ
1339 5673 1495 5754 λόγῳ
1524 5675 1613 5733 καὶ
1643 5673 1928 5753 πνεύματι.

949 5612 1181 5760 iii-hui»),
1214 5674 1305 5732 καὶ
1339 5673 1495 5754 λόγῳ
1524 5675 1613 5733 καὶ
1643 5673 1928 5753 πνεύματι.

524 5744 573 5818 e)
610 5746 703 5799 Or.
736 5746 825 5814 31,
858 5764 917 5805 ιι.
952 5748 1042 5807 31.
