4080 6464
293 389 364 458 101
1365 410 1785 474 PREFATIO
1831 409 2388 484 GENERALIS.-—
2423 410 2622 472 PARS
2665 408 2774 471 III.
3680 412 3800 473 102

301 534 651 611 cogitatione
716 548 916 610 sola
991 545 1374 608 considerari
1419 545 1634 624 possit.
1698 568 1728 600 ››
1793 545 2026 606 Contra
2084 563 2230 604 vero
2297 545 2641 624 perfectam
2692 542 3000 603 unitatem
3058 541 3259 603 tribus
3337 559 3516 622 asque
3573 560 3794 622 perso-

310 629 373 691 nis
408 635 672 719 absque
751 647 945 708 ullo
1014 643 1368 706 discrimine
1419 660 1767 722 congruere
1823 643 2043 703 statuit
2095 647 2348 702 sanctus
2405 641 2645 714 doctor,
2709 639 2914 701 aureis
2971 639 3142 700 hisce
3189 639 3398 700 verbis
3463 657 3594 719 prae
3651 659 3795 701 sen-

317 747 384 791 sus
413 735 806 804 altitudine
887 763 1047 805 non
1109 743 1250 803 satis
1299 742 1768 821 perscrutandis
1829 740 1910 821 (a)
1963 758 1976 800 :
2031 765 2060 796 «
2123 744 2200 802 At
2233 745 2460 801 nostrae
2521 738 2822 800 doctrinae
2880 757 3004 798 non
3082 738 3304 798 eadem
3383 743 3477 798 est
3561 739 3725 800 ratio
3779 765 3795 822 ;

322 830 392 891 sed
426 832 688 900 borum
772 844 1087 923 (nempe
1139 841 1486 901 divinorum
1546 838 2044 920 suppositarum)
2101 839 2430 918 quodlibet
2514 837 2819 897 unitatem
2879 835 3122 912 habet,
3183 855 3308 897 non
3368 836 3575 897 minus
3634 837 3790 916 ejus,

331 947 425 991 cum
461 953 610 1014 quo
721 939 1215 1019 conjungitur,
1277 957 1469 1016 quam
1545 937 1638 997 sui
1723 937 1919 1015 ipsius
2003 943 2339 1016 respectu,
2406 943 2664 1015 propter
2721 935 3004 995 essentiae
3093 939 3155 994 et
3240 934 3540 1014 potentias
3617 934 3798 994 iden-

336 1029 522 1094 titaletu
621 1056 642 1096 :
719 1060 758 1094 ››
873 1041 974 1107 τῷ
1032 1039 1211 1105 ταυτῴ
1265 1041 1361 1102 τῆς
1423 1031 1633 1102 οὐσίας,
1691 1032 1778 1087 καὶ
1836 1040 1935 1102 τῆς

2186 1053 2274 1094 εως
2340 1033 2470 1094 Sed
2528 1033 2732 1093 verbis
2803 1033 2956 1112 quid
3010 1051 3170 1112 opus
3254 1038 3415 1109 est,
3489 1040 3558 1094 ut
3643 1037 3797 1095 Gre-

340 1130 540 1207 gorium
607 1152 1024 1213 purgemus
1067 1134 1095 1192 ?
1153 1151 1293 1192 cum
1351 1131 1779 1205 Eunomium,
1839 1131 1949 1210 qui
2005 1132 2374 1192 divisionem
2443 1132 2508 1190 in
2586 1137 2914 1209 paternam
3000 1130 3418 1190 substantiam
3497 1130 3798 1192 inducere

342 1227 725 1291 orthodoxos
786 1238 869 1292 ut.
937 1231 1291 1311 probaret,
1351 1236 1530 1290 tanto
1588 1229 1794 1289 studio
1851 1229 2208 1302 laborabat,
2269 1229 2561 1291 omnibus
2620 1229 2825 1287 nervis
2873 1227 3248 1306 propulsare
3304 1228 3610 1289 intendat.
3647 1229 3800 1300 Quae

346 1345 468 1388 sane
517 1329 767 1388 animis
822 1329 1006 1389 bene
1064 1327 1302 1388 affectis
1360 1327 1500 1406 plus
1554 1345 1737 1405 aequo
1797 1328 2163 1400 sufficiant,
2222 1344 2298 1386 ne
2352 1326 2505 1405 quid
2573 1326 2667 1386 vel
2746 1325 3131 1384 levissimum
3216 1326 3293 1386 de
3379 1326 3502 1385 ﬁde
3585 1327 3801 1387 eximii

356 1427 607 1488 doctoris
638 1427 1102 1507 suspicentur.

1922 1524 2006 1585 De
2038 1523 2247 1585 Patre.

443 1627 630 1686 Deum
679 1629 943 1702 patrem
1002 1621 1346 1682 divinitatis
1402 1620 1540 1680 Filii
1622 1625 1686 1680 et
1743 1621 2012 1700 Spiritus
2071 1623 2273 1682 sancti
2329 1640 2582 1682 causam
2637 1667 2650 1692 ,
2715 1618 2884 1697 quod
2941 1617 3107 1678 idem
3173 1618 3338 1679 valet
3419 1637 3493 1679 ac
3565 1621 3802 1699 princi-

363 1724 532 1802 pium
565 1721 741 1800 apud
771 1722 1055 1790 Latinos,
1106 1719 1441 1798 Gregorius
1497 1719 1717 1778 edocet
1767 1736 1780 1778 :
1847 1742 1875 1774 «
1940 1722 2296 1780 Parvorum
2352 1725 2542 1792 certe,
2601 1718 2806 1796 inquit
2875 1715 3009 1797 (b),
3071 1716 3337 1795 ipsoque
3392 1717 3797 1796 indignorum

353 1820 745 1901 principium
805 1819 996 1879 fuerit
1054 1819 1256 1894 Pater,
1319 1817 1440 1877 nisi
1498 1816 1749 1877 deitatis
1806 1817 1942 1895 ejus
1977 1863 1992 1890 ,
2055 1837 2196 1897 quae
2254 1819 2318 1879 in
2392 1818 2548 1878 Filio
2607 1815 2960 1894 etSpiritu
3046 1821 3265 1875 sancto
3329 1816 3794 1894 consideratur,

343 1937 551 1979 causa
579 1918 686 1978 sit.
721 1939 752 1975 ι)
790 1921 874 1978 Ut
926 1935 964 1977 a
1017 1917 1202 1976 Patre
1259 1914 1453 1976 Filius
1510 1921 1573 1974 et
1631 1915 1900 1994 Spiritus
1948 1924 2199 1976 sanctus
2255 1920 2557 1976 emanant
2617 1920 2680 1974 et
2737 1913 2998 1992 perinde
3056 1913 3134 1972 ad
3202 1931 3344 1972 eum
3405 1914 3790 1990 referuntur,

339 2017 434 2076 sic
499 2015 773 2075 unitatis
827 2015 891 2074 in
946 2013 1250 2074 Trinitate
1305 2011 1484 2090 origo
1541 2017 1603 2071 et
1659 2012 1799 2071 fons
1861 2016 2042 2074 Pater
2099 2022 2193 2075 est
2248 2014 2326 2095 (ο)
2377 2033 2391 2073 :
2451 2037 2480 2069 ‹‹
2531 2015 2670 2074 Una
2730 2011 2827 2071 his
2889 2010 3087 2071 tribus
3145 2017 3374 2072 natura
3433 2015 3597 2072 Deus
3657 2018 3790 2073 est:

339 2115 506 2174 unio
546 2131 702 2174 vero
733 2117 828 2171 est
858 2112 1062 2182 Pater,
1096 2129 1172 2170 ex
1201 2129 1349 2188 quo,
1380 2115 1443 2169 et
1473 2109 1551 2169 ad
1586 2129 1770 2188 quem
1807 2129 1899 2179 ea,
1937 2130 2078 2190 quas
2111 2111 2406 2191 deinceps
2437 2115 2808 2189 sequuntur,
2857 2109 3233 2182 referuntur,
3269 2127 3396 2169 non
3431 2115 3498 2169 ut
3521 2111 3792 2170 confun-

324 2212 600 2271 dantur
659 2227 732 2269 ac
791 2209 1280 2287 permisceantur
1315 2252 1329 2280 ,
1390 2207 1500 2266 sed
1561 2214 1626 2266 ut
1681 2207 2102 2269 cohaereant.
2161 2234 2188 2264 ι)
2252 2209 2317 2270 Si
2375 2209 2763 2287 quandoque
2819 2207 3006 2266 Pater
3061 2207 3230 2266 solus
3279 2209 3442 2267 Deus
3506 2209 3797 2269 nomina-

325 2317 481 2381 tur,
525 2315 594 2368 et
651 2306 936 2365 Christus
991 2305 1198 2383 ipsum
1255 2303 1342 2364 sic
1399 2304 1746 2382 alloquitur
1805 2305 1887 2384 (tl)
1937 2322 1951 2365 :
2019 2328 2049 2365 α
2105 2309 2187 2368 Ut
2247 2312 2635 2385 cognoscant
2692 2313 2753 2365 te
2810 2309 3014 2365 solum
3090 2323 3308 2364 verum
3375 2307 3572 2365 Deum
3634 2306 3725 2379 ‘3;
3761 2330 3792 2363 »

323 2405 716 2484 Gregorius
747 2404 865 2464 hoc
903 2425 930 2460 (ι
963 2403 1043 2463 ad
1103 2421 1344 2476 eorum,
1404 2403 1535 2481 qui,
1587 2421 1953 2482 quanquam
2011 2404 2192 2478 falso,
2227 2405 2313 2464 dii
2373 2410 2584 2463 tamen
2644 2404 3070 2482 appellantur,
3124 2403 3544 2464 sublationem
3604 2405 3727 2464 dici
3759 2430 3790 2462 »

335 2503 717 2562 existimat.
751 2501 950 2579 Major
998 2501 1214 2578 utique
1243 2501 1429 2560 Pater
1485 2500 1656 2560 solus
1713 2501 1870 2561 Filio
1927 2501 2051 2562 dici
2110 2508 2314 2581 potest
2372 2501 2442 2573 '9,
2480 2520 2603 2561 non
2661 2502 2742 2560 ob
2802 2502 3081 2578 aliquam
3141 2500 3204 2560 in
3267 2508 3495 2565 natura
3526 2503 3796 2582 dispari-

334 2600 668 2672 litatem,
723 2598 833 2659 sed
889 2603 1198 2676 quatenus
1254 2599 1440 2658 Pater
1498 2597 1641 2657 Filii
1697 2617 1886 2660 causa
1940 2606 2002 2659 et
2057 2598 2435 2678 principium
2513 2615 2645 2658 esse
2703 2599 3143 2675 dignoscitur.
3208 2599 3509 2676 Majorem
3598 2601 3792 2661 etiam

324 2713 650 2757 asserere
679 2714 1033 2775 possumus,
1066 2695 1116 2754 si
1173 2694 1311 2755 Filii
1370 2694 1826 2756 humanitatem
1886 2696 2289 2757 attendamus
2341 2713 2354 2754 :
2418 2695 2526 2756 sed
2591 2694 2724 2754 haec
2782 2695 3220 2774 interpretatio
3269 2704 3484 2757 sancto
3545 2697 3791 2758 doctori

313 2815 480 2857 non
543 2796 815 2855 multum
867 2794 1123 2864 arridet,
1173 2800 1242 2854 ut
1298 2793 1506 2854 minus
1563 2794 1916 2856 honoriﬁca
1967 2813 1981 2854 :
2044 2820 2074 2851 «
2131 2800 2351 2856 Nonne
2417 2794 2822 2873 perspicuum
2908 2799 3048 2866 est,
3107 2794 3316 2873 inquit
3370 2795 3466 2876 (θ),
3533 2797 3798 2875 majoris

326 2913 595 2956 vocem
656 2894 735 2954 ad
786 2911 1038 2954 causam
1101 2893 1492 2953 referendam
1545 2911 1678 2953 esse
1725 2893 1831 2954 ?...
1894 2893 2075 2964 Quod
2140 2895 2381 2954 ratione
2438 2892 2850 2953 humanitatis
2900 2893 3087 2954 Pater
3141 2892 3300 2954 Filio
3358 2895 3563 2974 major
3609 2895 3797 2957 intel-

319 2993 664 3071 ligendus
694 2991 796 3064 sit,
829 3010 970 3052 vere
999 2991 1257 3070 quidem
1289 2991 1411 3052 dici
1442 2996 1667 3071 potest,
1703 2991 1814 3052 sed
1845 3011 1969 3053 non
2004 2992 2262 3071 perinde
2284 2991 2652 3053 honoriﬁce.
2676 3012 2706 3050 ι)

1932 3117 2020 3177 De
2061 3115 2244 3178 Filio.

435 3216 682 3276 Nullus
765 3232 1043 3293 unquam
1131 3214 1271 3274 Filii
1351 3213 1741 3275 divinitatem
1822 3215 2024 3293 magis
2099 3223 2351 3276 strenue
2447 3217 2876 3294 propugnavit
2920 3261 2934 3288 ,
2997 3224 3373 3295 argumenta
3429 3218 3743 3280 ﬁrmando
3781 3265 3797 3294 ,

319 3314 491 3374 sive
580 3311 833 3390 objecta
888 3312 1386 3371 adversariorum
1447 3311 1860 3372 convellendo
1898 3358 1912 3385 ,
1973 3313 2101 3373 sive
2159 3313 2516 3373 difﬁciliora
2572 3313 2972 3392 explanando
3010 3361 3023 3374 .
3087 3315 3364 3392 Singulis
3442 3319 3799 3396 quibusque

321 3411 770 3490 proferendis
821 3427 942 3468 non
993 3408 1518 3484 immorabimur,
1579 3428 1782 3488 pauca
1839 3429 1916 3470 ex
1965 3417 2095 3472 tam
2159 3412 2371 3471 multis
2427 3411 2705 3472 delibare
2761 3413 3062 3473 contenti.
3121 3414 3402 3475 Primum
3462 3415 3628 3475 unde
3691 3435 3798 3476 ac-

320 3510 605 3589 ceperit
696 3507 835 3567 Filii
905 3507 1294 3567 divinitatem
1365 3508 1684 3581 ostendit,
1746 3511 2022 3588 plurima
2107 3509 2571 3588 Scripturarum
2659 3511 2794 3571 loca
2881 3512 3281 3590 congerendo
3366 3531 3509 3592 quas
3583 3514 3788 3593 ipsam

317 3614 592 3686 aperte
648 3605 995 3665 declarant.
1066 3626 1094 3662 α
1155 3608 1299 3676 Nos,
1357 3606 1564 3684 inquit
1622 3605 1698 3686 (ί)
1735 3652 1748 3677 ,
1809 3625 1884 3666 ex
1940 3608 2184 3685 magnis
2241 3616 2300 3667 et
2360 3607 2622 3667 excelsis
2681 3607 2937 3668 vocibus
2994 3609 3135 3668 Filii
3193 3609 3588 3671 divinitatem
3651 3630 3796 3690 per-

321 3705 676 3783 cepimus,
741 3720 811 3761 ac
870 3701 1311 3780 praedicamus.
1363 3703 1599 3774 Quibus
1648 3703 1952 3763 tandem?
2007 3704 2115 3764 His
2173 3705 2492 3773 nimirum,
2559 3708 2718 3764 Deus
2785 3705 3079 3779 Verbum,
3142 3708 3311 3785 quod
3360 3707 3423 3766 in
3483 3708 3794 3787 principio

313 3810 514 3875 erat,
591 3807 652 3860 et
711 3819 850 3859 cum
910 3799 1220 3878 principio
1255 3845 1271 3874 ,
1331 3809 1393 3860 et
1451 3801 1871 3880 principium;
1934 3809 2000 3862 ut
2043 3803 2108 3862 in
2161 3801 2259 3862 his
2310 3802 2470 3862 locis
2516 3820 2529 3860 :
2584 3801 2655 3862 In
2671 3803 2973 3882 principio
3022 3813 3156 3864 erat
3231 3805 3464 3864 Verbum
3521 3816 3575 3864 et
3652 3807 3791 3868 Ver-

324 3900 495 3959 bum
559 3908 695 3958 erat
747 3899 912 3976 apud
960 3898 1172 3966 Deum,
1231 3906 1288 3958 et
1346 3897 1504 3958 Deus
1560 3908 1692 3959 erat
1760 3897 2010 3959 Verbum
2039 3900 2102 3952 ²⁰ο
2138 3902 2233 3971 Et,
2301 3899 2512 3960 Tecum
2563 3899 2931 3980 principium
2963 3899 3083 3962 ".z
3148 3909 3232 3974 et,
3271 3903 3386 3977 Qui
3439 3914 3607 3964 vocat
3665 3924 3795 3965 eam

324 4017 378 4056 α
459 3994 952 4074 generationibus
1031 3992 1404 4075 principium
1459 3994 1505 4026 ²²
1543 4041 1558 4057 .
1615 3995 1709 4056 Ad
1789 4000 1928 4056 haec
2008 3996 2200 4057 Filius
2286 3996 2646 4073 unigenitus
2727 3997 3022 4057 dicitur:
3113 3997 3466 4077 Unigenitus
3563 3999 3793 4075 Filius,

330 4095 610 4170 inquit,
663 4095 771 4173 qui
821 4104 908 4153 est
961 4093 1022 4152 in
1076 4093 1213 4152 sinu
1268 4092 1474 4154 Patris
1531 4094 1652 4174 ipse
1709 4096 2020 4155 enarravit
2070 4102 2115 4135 2³
2176 4115 2192 4168 ;
2251 4095 2384 4166 Via,
2455 4095 2690 4154 Veritas
2727 4141 2740 4166 ,
2801 4096 2962 4164 Vita,
3026 4099 3160 4155 Lux
3214 4114 3225 4154 :
3285 4097 3422 4176 Ego
3482 4118 3610 4158 sum
3669 4101 3796 4178 via,

345 4195 604 4252 veritas
649 4201 700 4250 et
759 4191 879 4252 vita
936 4199 982 4234 ²⁴
1036 4208 1051 4260 ;
1111 4197 1191 4266 et,
1230 4191 1364 4271 Ego
1391 4212 1518 4252 sum
1577 4192 1682 4252 tua:
1738 4191 1946 4252 mundi
1996 4192 2062 4252 ³⁵.
2098 4193 2443 4272 Sapientia,
2505 4195 2794 4253 Potentia
2849 4211 2862 4252 :
2926 4193 3190 4254 Christus
3274 4196 3390 4256 Dei
3431 4199 3699 4276 potentia
3743 4210 3804 4260 et

319 4288 485 4351 Dei
525 4289 818 4369 sapientia
873 4288 921 4323 ”
955 4334 972 4350 .
1032 4290 1343 4370 Splendor
1375 4337 1389 4363 ,
1455 4290 1797 4353 Character
1831 4336 1846 4363 ,
1904 4291 2119 4370 Imago
2156 4339 2170 4368 ,
2231 4292 2520 4370 Sigillum
2560 4339 2573 4364 ,
2637 4301 2706 4351 ut
2757 4295 2812 4351 in
2877 4293 2972 4352 his
3027 4294 3230 4354 verbis
3283 4313 3295 4353 :
3361 4294 3481 4369 Qui
3530 4315 3661 4356 cum
3717 4299 3801 4359 sit

315 4388 654 4470 splendor
707 4387 910 4467 gloria:
972 4409 985 4448 :
1051 4397 1159 4460 et,
1224 4387 1546 4450 Character
1618 4389 1955 4450 substantiae
2007 4391 2189 4469 ipsius
2248 4400 2340 4449 27:
2403 4398 2485 4461 et,
2539 4390 2746 4468 [maga
2806 4391 3083 4451 bonitatis
3127 4399 3246 4452 εδ...
3308 4395 3406 4464 Et,
3467 4395 3588 4464 Qui
3639 4407 3792 4474 erat,

324 4490 471 4567 qui
526 4495 618 4546 est
667 4495 723 4545 et
776 4488 884 4566 qui
935 4497 1213 4546 venturus
1269 4498 1354 4547 est
1408 4488 1770 4567 omnipotens
1856 4488 1956 4548 ille
2015 4497 2137 4550 99...
2201 4491 2348 4560 Quae
2438 4489 2767 4567 perspicue
2853 4490 2930 4548 de
2989 4490 3147 4550 Filio
3230 4491 3527 4552 dicuntur
3561 4541 3574 4566 ,
3634 4493 3798 4557 sicut

335 4593 413 4644 et
483 4585 621 4644 alia
681 4583 880 4661 plura,
943 4602 1084 4661 quae
1142 4585 1427 4643 eamdem
1486 4584 1610 4644 vim
1670 4584 1958 4655 habent,
2022 4604 2292 4663 quorum
2343 4586 2500 4644 nihil
2557 4585 2894 4645 ascititium
2955 4593 3069 4659 est,
3123 4605 3235 4646 nec
3290 4589 3472 4662 Filio,
3505 4596 3615 4650 aut
3659 4592 3798 4669 Spi-

331 4682 522 4742 ritui
604 4689 820 4741 sancto
845 4681 1156 4760 posterius
1236 4685 1543 4755 accessit,
1605 4683 2144 4761 quemadmodum
2238 4702 2352 4742 nec
2439 4684 2656 4743 Patri.
2724 4688 2938 4762 Neque
3025 4685 3192 4744 enim
3279 4705 3356 4746 ex
3442 4689 3798 4750 accessione

327 4780 678 4860 perfectio
737 4779 884 4857 ipsis
930 4786 1300 4858 comparata
1356 4786 1495 4852 est,
1549 4783 1684 4841 Non
1743 4781 1911 4840 enim
1973 4784 2156 4842 Pater
2213 4782 2401 4842 Verbi
2454 4800 2732 4860 unquam
2821 4800 3046 4860 expers
3094 4783 3212 4842 fuit
3265 4802 3278 4856 ;
3342 4802 3457 4844 nec
3518 4804 3797 4865 unquam

326 4878 490 4938 fuit
550 4877 702 4954 quia
754 4877 938 4937 Pater
994 4884 1156 4938 esset
1207 4896 1220 4950 ;
1284 4896 1400 4938 nec
1457 4878 1728 4966 denique
1789 4897 2069 4956 unquam
2129 4880 2416 4953 veritate,
2481 4879 2816 4959 sapientia,
2877 4880 3155 4954 viribus,
3222 4882 3369 4954 vita,
3431 4883 3791 4962 splendore,

331 4983 482 5037 aut
512 4975 798 5036 bonitate
820 4975 1040 5035 caruit.
1081 4997 1110 5033 »

451 5073 584 5136 Sed
642 5073 843 5153 quid?
873 5078 1092 5135 Nonne
1148 5074 1256 5153 qui
1314 5075 1707 5137 divinitatem
1762 5075 1921 5136 Filio
1979 5076 2313 5155 abrogant,
2377 5083 2440 5138 et
2494 5077 2616 5157 ipsi
2672 5076 2946 5157 plurima
3004 5079 3345 5158 Scriptura;
3400 5081 3539 5141 loca
3589 5081 3652 5140 in
3702 5083 3800 5142 sui

339 5172 606 5233 erroris
660 5171 1083 5252 patrocinium
1142 5173 1412 5238 aﬁ‘erunt
1456 5173 1484 5232 ‘I
1538 5174 1643 5233 His
1702 5179 1955 5234 sanctus
2011 5177 2230 5236 doctor
2283 5177 2536 5236 obviam
2593 5175 2690 5246 it,
2749 5176 3037 5254 regulam
3094 5178 3559 5253 constituendo,
3614 5181 3796 5258 cujus

436 5315 487 5392 ‘f
513 5315 684 5372 Joan.
716 5332 857 5392 xvn,
886 5316 942 5371 3.
965 5315 1071 5392 “if
1095 5314 1262 5372 Joan.
1317 5333 1394 5392 I_v_,
1425 5316 1564 5392 28.“
1592 5317 1637 5392 ’_°
1662 5316 1832 5392 Joan.
1866 5317 1992 5392 Ini.

2177 5319 2302 5392 ’sal».
2349 5318 2560 5392 01:23.
2634 5318 2680 5392 3?
2712 5316 2889 5392 Eccli.
2937 5335 3089 5392 xxxv,
3118 5320 3229 5392 714.
3272 5319 3353 5392 ί²⁸
3381 5321 3551 5378 Joan.
3601 5338 3643 5392 ι,
3701 5322 3788 5380 18.

344 5385 407 5513 1"
441 5387 616 5516 Jgan.
647 5404 764 5462 xxv,
797 5388 853 5444 6.
964 5386 1010 5422 ³⁸
1039 5386 1210 5444 Joan.
1240 5404 1298 5455 v,
1329 5388 1418 5445 40.
1523 5387 1566 5422 ³⁸
1597 5389 1620 5444 Ι
1651 5391 1778 5445 Cor.
1811 5405 1850 5460 ι,
1894 5385 1955 5442 ⁷2ι

375 5475 439 5527 ν,
512 5502 525 5516 .

2195 5389 2371 5446 Hebr.
2405 5407 2441 5459 ι,
2475 5389 2528 5445 3.
2630 5389 2674 5424 ³⁸
2725 5391 2863 5463 Sap.
2912 5405 3011 5462 vn,
3067 5385 3160 5448 26.
3263 5391 3309 5428 ³⁸
3366 5399 3543 5466 Apoc.
3600 5385 3643 5464 ιζ
3698 5393 3788 5468 14,

427 5605 512 5678 (a)
538 5605 631 5667 Or.
661 5606 757 5678 31,
789 5622 854 5665 n.
891 5605 988 5662 16.

2213 5605 2288 5678 (d)
2323 5605 2418 5662 Or.
2451 5606 2542 5675 30,
2575 5624 2634 5662 η.
2671 5608 2757 5662 13.

449 5605 490 5674 ζα
538 5605 631 5667 Or.
661 5606 757 5678 31,
789 5622 854 5665 n.
891 5605 988 5662 16.

449 5677 480 5738 b
525 5683 620 5741 Or.
649 5681 746 5753 20,
782 5696 848 5737 n.
882 5678 946 5734 6.

449 5605 512 5837 ej
515 5753 614 5819 Or.
647 5755 744 5833 42,
774 5769 840 5814 n.
887 5747 983 5810 l6.

2213 5605 2288 5748 (άζ
2323 5605 2418 5687 Or.
2451 5606 2542 5675 30,
2575 5624 2634 5662 n.

2210 5681 2264 5746 (ε
2317 5678 2487 5747 Ibld.,
2521 5695 2580 5734 n.
2612 5679 2665 5734 7.

2211 5752 2283 5823 (f1
2313 5750 2408 5809 0r.
2441 5752 2532 5822 29,
2557 5767 2615 5808 n.
2647 5751 2665 5809 4

432 5771 466 5816 ο

515 5753 614 5819 Or.
647 5747 744 5833 42,
774 5769 840 5814 η.
887 5747 983 5810 l6.

2211 5752 2283 5823 (f1
2313 5750 2408 5809 0r.
2441 5752 2532 5822 29,
2557 5767 2615 5808 n.
2647 5751 2742 5825 47,

149 6303 160 6310 ’
351 6293 358 6298 ς
395 6315 446 6326 ρρ-ν
483 6297 574 6322 “¹¹⁹ι;’
745 6283 794 6318 ἕλ’

371 6335 376 6338 _
445 6327 456 6332 -
485 6321 544 6334 τιν’
621 6321 626 6324 “
667 6321 672 6336 .‘
725 6325 732 6328 '
765 6327 774 6330 -
789 6321 834 6338 ...⁵
929 6327 948 6338 ’.

77 6371 82 6374 Ι
161 6369 166 6378 1
221 6343 250 6372 4.
273 6347 322 6368 ’ᾧ
338 6321 394 6377 ,⁸
467 6335 900 6387 σνς,“μι;ς“·ιθ.
925 6353 932 6366 ί
973 6363 976 6368 _

75 6379 84 6382 η-
206 6390 225 6397 ν)
262 6386 291 6395 γ»
334 6390 345 6395 Η
390 6378 407 6395 ν(
516 6380 519 6383 ‹
578 6378 635 6387 »πυέι
672 6380 683 6387 α
718 6383 752 6393 ‘_
794 6373 846 6392 ’ί
869 6389 880 6398 .
925 6375 934 6384 ν
967 6383 1002 6398 ,ι

304 6398 313 6403 ’
620 6392 737 6421 ῗῖ¹⁷οδς
787 6395 854 6417 ”
885 6395 1016 6421 ···ῖ.9.

744 6424 749 6427 ”
802 6430 803 6433 η
970 6421 1016 6436 μ
