4080 6406
406 394 525 457 103
1416 390 1838 453 ΡΗᾸΞΡΛΤΙΟ
1888 389 2017 452 GEI‘

2217 388 2348 450 LIS.
2367 420 2444 435 --
2475 388 2671 453 PARS
2716 384 2821 454 III.
3712 396 3828 459 104

408 546 530 610 ope
579 524 875 589 intricata
930 526 1305 601 enodantur,
1369 526 1548 605 cujus
1598 527 1835 588 lumine
1917 525 2187 587 obscura
2271 524 2718 600 dilucidantur,
2772 531 2833 588 et
2918 528 3159 589 umbra
3215 528 3443 607 quibus
3498 528 3829 591 veritatem

403 646 580 688 error
636 627 933 705 obtegere
991 626 1331 698 nitebatur,
1393 633 1821 686 evanescunt.
1881 628 2095 703 Ipsum
2151 622 2367 683 audire
2416 622 2621 701 juvat.
2690 647 2718 683 α
2779 624 2858 705 (a)
2918 626 3118 687 Multa
3177 628 3364 688 etiam
3423 630 3549 689 alia
3603 647 3831 708 conge-

400 744 539 787 rere
592 745 864 805 queas...
925 726 1299 803 Quanquam
1358 734 1568 785 autem
1627 724 2131 801 unumquodque
2215 722 2442 781 horum
2527 722 2826 800 sigillatin
2915 726 3254 804 persequi,
3318 727 3549 806 pioque
3637 746 3826 788 sensu

398 824 715 902 explicare
770 823 1022 884 minime
1072 822 1324 883 difﬁcile
1382 829 1522 895 est,
1586 829 1777 899 atque
1846 820 2294 881 offendiculum
2356 820 2559 895 illud,
2614 822 2786 899 quod
2843 822 2906 882 in
2964 824 3214 885 Litteris
3267 825 3560 902 exsistit,
3594 844 3822 904 repur-

398 940 548 999 gare
578 927 640 982 et
668 921 965 993 eximere,
998 921 1047 979 si
1108 920 1296 979 modo
1354 937 1496 978 vere
1552 919 1837 990 offendis,
1893 937 1965 978 ac
2022 937 2146 977 non
2211 919 2417 996 potius
2474 918 2549 977 de
2606 919 2917 981 industria
2974 938 3234 1000 peccas;
3286 928 3354 982 ut
3412 928 3621 982 tamen
3684 941 3818 983 rem

401 1020 767 1079 summatim
799 1018 1194 1089 contraham,
1253 1018 1374 1077 hoc
1427 1018 1540 1076 tibi
1599 1017 1953 1075 faciendum
2012 1020 2127 1088 est,
2188 1022 2257 1074 ut
2311 1014 2706 1075 sublimiores
2762 1035 2946 1077 voces
3002 1017 3337 1091 divinitati,
3372 1036 3445 1078 ac
3503 1026 3819 1097 prastan—

402 1118 548 1177 tiori
604 1117 696 1175 illi
754 1122 816 1177 et
869 1117 1256 1194 incorporea
1314 1122 1604 1190 natura,
1670 1114 2194 1192 passionibusque
2278 1113 2587 1191 superiori
2674 1115 2982 1175 attribuas
3034 1134 3046 1175 :
3141 1116 3509 1178 humiliores
3580 1123 3818 1191 autem,

402 1215 775 1293 composito,
835 1221 897 1274 et
952 1221 1061 1273 tua
1118 1232 1307 1273 causa
1377 1214 1643 1286 inanito,
1702 1220 1894 1291 atque
1950 1213 2355 1272 incarnato...
2421 1217 2490 1272 ut
2550 1217 2613 1272 tu
2674 1213 2965 1275 videlicet
3018 1214 3335 1293 intelligas
3392 1233 3533 1295 qua
3593 1216 3825 1295 prioris

394 1313 565 1373 illius
594 1318 835 1371 natura
866 1312 947 1370 sit
976 1311 1158 1382 ratio,
1194 1319 1255 1371 et
1287 1329 1427 1389 qua
1458 1317 1801 1388 assumpta
1837 1310 2270 1370 humanitatis.
2310 1333 2339 1364 »

474 1413 554 1470 At
610 1427 687 1470 ne
744 1428 1019 1470 errorem
1080 1410 1286 1469 minus
1358 1408 1825 1469 intolerandum
1908 1414 2017 1468 aut
2072 1413 2400 1486 peccatum
2464 1425 2587 1469 non
2678 1413 2807 1468 tam
2863 1409 3145 1470 immane
3229 1430 3487 1471 censeas
3521 1458 3535 1483 ,
3585 1430 3819 1490 negare

396 1509 555 1569 Filio
615 1509 1032 1579 divinitatem,
1086 1526 1161 1567 ex
1222 1508 1504 1585 Gregorii
1572 1526 1757 1566 sensu
1816 1506 2071 1567 offensa
2130 1506 2427 1565 atrocitas
2511 1512 2604 1565 est
2658 1508 2998 1568 statuenda
3034 1553 3047 1567 .
3112 1533 3141 1565 «
3202 1509 3285 1589 (ὁ)
3320 1510 3552 1570 Deitati
3612 1511 3800 1570 ﬁdem

398 1606 668 1685 abrogas
714 1606 744 1665 ?
801 1606 923 1665 hoc
979 1623 1056 1665 ne
1106 1606 1425 1666 damones
1480 1606 1737 1684 quidem
1795 1605 1913 1682 ipsi
1972 1604 2300 1664 fecerunt.
2362 1606 2410 1665 Ο
2486 1604 2880 1665 damonibus
2955 1607 3388 1681 incredulior,
3450 1613 3514 1669 et
3584 1608 3820 1668 Judais

392 1704 789 1784 insipientior
841 1705 853 1762 l
918 1704 1025 1764 Isti
1080 1704 1246 1763 enim
1306 1703 1443 1763 Filii
1501 1722 1729 1763 nomen
1789 1702 2168 1782 aqualitatis
2250 1720 2467 1762 vocem
2538 1721 2670 1762 esse
2754 1704 3153 1765 censebant:
3218 1705 3285 1765 hi
3372 1712 3582 1767 autem
3644 1724 3814 1780 eum,

398 1822 437 1865 a
466 1822 595 1882 quo
625 1802 1036 1880 fugabantur,
1071 1805 1269 1864 Deum
1296 1806 1545 1862 norant.

1800 1926 1889 1987 De
1920 1924 2159 2007 Spiritu
2188 1934 2407 1986 sancto.

476 2046 602 2105 Nec
663 2044 886 2104 minori
950 2043 1173 2105 ardore
1232 2061 1305 2104 ac
1359 2043 1492 2103 zelo
1577 2042 1847 2122 Spiritus
1930 2042 2130 2103 sancti
2208 2042 2598 2103 divinitatem
2680 2044 2907 2105 astruit
2991 2050 3211 2107 contra
3297 2045 3817 2118 Macedonianos,

392 2142 695 2221 Spiritum
754 2147 1039 2203 sanctum
1091 2145 1285 2202 Deum
1339 2148 1554 2220 aperte
1612 2141 1967 2213 confitetur,
2032 2159 2157 2219 quo
2217 2146 2501 2219 tempore
2555 2141 2745 2201 etiam
2804 2143 2967 2201 inter
3023 2142 3381 2203 Catholicos
3438 2162 3563 2205 non
3624 2142 3821 2221 pauci

392 2247 579 2301 erant
615 2286 630 2313 ,
693 2240 802 2319 qui
859 2240 1146 2319 quamvis
1203 2240 1469 2317 Spiritus
1526 2240 1725 2300 sancti
1784 2239 2178 2299 divinitatem
2237 2245 2670 2317 agnoscerent,
2706 2259 2849 2300 eum
2908 2246 3122 2301 tamen
3178 2242 3377 2302 Deum
3438 2247 3655 2321 aperte
3685 2258 3817 2301 non

391 2340 732 2413 dicebant,
794 2357 906 2399 nec
964 2338 1087 2398 dici
1143 2339 1483 2398 volebant.
1544 2340 1698 2398 Tam
1754 2344 1973 2416 aperta
2030 2337 2474 2415 pradicatione
2561 2356 2685 2397 non
2754 2344 3003 2399 tantum
3057 2340 3435 2400 Arianorum
3486 2346 3549 2399 et
3606 2338 3784 2400 Mace

392 2437 812 2497 donianorum
862 2432 1045 2508 ,‘sed
1127 2436 1317 2494 etiam
1405 2435 1802 2493 uonullorum
1881 2433 2351 2493 Catholicorum
2446 2434 2750 2494 oflensam
2836 2436 3148 2509 incurrit,
3242 2437 3399 2497 adeo
3461 2444 3529 2496 ut
3611 2436 3816 2516 ipsius

391 2533 781 2595 adversarios
837 2533 915 2592 ad
973 2551 1115 2592 eum
1174 2551 1207 2593 e
1265 2532 1408 2592 sede
1465 2532 2161 2610 Gonstantinopolitana
2220 2532 2733 2605 deturbandum,
2801 2533 2919 2594 hoc
3002 2536 3191 2595 etiam
3278 2535 3565 2595 nonnihil
3675 2554 3814 2596 mo-

393 2632 553 2691 verit
626 2639 685 2690 et
740 2630 1051 2709 adjuverit
1111 2630 1210 2709 (c).
1276 2654 1306 2685 «
1366 2632 1653 2689 Fortasse
1711 2629 1981 2708 Spiritus

2196 2629 2365 2689 :titur
2426 2648 2440 2689 ε
2530 2653 2557 2685 ››
2610 2630 2770 2691 ’Ἴσως
2802 2630 2863 2684 τὸ
2898 2634 3119 2703 Πνεῦμα
3158 2629 3417 2706 βάλλε-παῖ
3457 2633 3578 2693 hoc
3666 2640 3760 2693 est
3793 2681 3807 2703 ,

394 2729 600 2808 inquit
654 2728 917 2800 Billius,
981 2729 1242 2787 fortasse
1301 2728 1419 2787 hac
1478 2727 1553 2787 de
1640 2745 1831 2787 causa
1903 2745 2243 2806 oppugnor
2299 2735 2361 2788 et
2417 2730 2704 2807 exagitor
2741 2777 2755 2803 ,
2816 2730 2966 2809 quia
3048 2731 3320 2809 Spiritus
3404 2731 3652 2805 sancti,
3710 2730 3806 2790 cui

396 2827 635 2886 bellum
685 2826 787 2885 isti
840 2825 1249 2897 indixerunt,
1315 2825 1709 2885 divinitatem
1760 2843 1972 2885 assero
2025 2830 2087 2885 et
2143 2826 2419 2903 pradico
2452 2873 2466 2887 .
2529 2828 2737 2906 Pergit
2799 2830 3137 2907 Gregorius
3192 2848 3204 2889 :
3267 2827 3336 2881 Τὸ
3369 2831 3589 2900 Πνεῦμα
3621 2824 3809 2899 (ἀκού-

403 2923 537 2995 σαθ’)
572 2922 644 2983 ὡς
674 2923 826 2988 Θεὸς,
850 2920 1015 2975 πάλιν
1049 2920 1221 2995 λέγω·
1248 2918 1372 2993 ἐμοὶ
1430 2922 1558 2983 Θεὸς
1593 2919 1675 2975 σύ·
1710 2920 1798 2974 καὶ
1831 2920 2013 2994 τρίτον

2201 2922 2373 2989 ,Θεός
2423 2950 2451 2981 ‹‹
2514 2926 2783 3004 Spiritus
2842 2933 2909 2989 ut
2964 2928 3129 2988 Deus
3164 2975 3177 3001 ,
3267 2926 3519 3001 audite,
3580 2927 3812 2988 iterum

402 3023 641 3083 dicam:
704 3029 770 3083 tu
829 3022 984 3081 mihi
1040 3025 1221 3097 Deus,
1276 3029 1337 3082 et
1394 3023 1580 3082 tertio
1636 3021 1948 3095 clamabo,
1993 3022 2157 3082 Deus
2215 3029 2327 3096 est,
2361 3045 2390 3079 ι)
2456 3029 2575 3084 etc.
2635 3025 2814 3094 Quod
2870 3026 2933 3085 in
2992 3025 3386 3087 defendenda
3444 3026 3585 3085 Filii
3642 3026 3809 3085 divi-

408 3121 604 3180 nitate
661 3119 1042 3180 Athanasius
1088 3119 1428 3198 prastitit,
1490 3120 1555 3179 id
1613 3120 1948 3197 Gregorius
2004 3119 2068 3178 in
2125 3120 2520 3181 defendenda
2593 3122 2863 3200 Spiritus
2893 3124 3092 3183 sancti
3140 3123 3467 3183 divinitate
3504 3169 3517 3182 .
3602 3124 3669 3184 Si
3721 3128 3820 3183 tot

403 3225 466 3279 et
520 3224 731 3279 tantas
786 3238 912 3278 non
969 3223 1063 3279 est
1122 3225 1420 3298 expertus
1472 3218 1962 3297 persecutiones,
2025 3224 2181 3297 quot
2239 3225 2301 3279 et
2353 3225 2623 3297 quantas
2683 3240 3013 3299 perpessus
3072 3228 3166 3281 est
3218 3219 3623 3293 Athanasius,
3682 3240 3819 3281 non

399 3318 520 3378 nisi
578 3317 642 3376 id
695 3317 944 3386 accidit,
979 3316 1129 3395 quia
1183 3315 1428 3376 occasio
1488 3316 1711 3390 defuit,
1747 3335 1872 3375 non
1944 3322 2155 3376 autem
2214 3317 2462 3377 animus
2519 3325 2581 3378 et
2636 3319 2951 3379 voluntas.
3016 3325 3123 3380 Est
3179 3327 3391 3381 tamen
3449 3319 3689 3398 aliquid
3746 3320 3817 3379 in

400 3418 534 3494 ejus
589 3414 858 3494 scriptis,
920 3415 1090 3492 quod
1152 3414 1546 3475 mirationem
1604 3415 1777 3474 facit.
1837 3413 2016 3487 Sibi,
2078 3415 2335 3474 nomine
2395 3413 2835 3476 hareticorum
2872 3463 2886 3490 ,
2947 3417 3189 3495 objicit,
3258 3417 3341 3498 (ά)
3430 3442 3460 3474 ‹‹
3543 3417 3819 3495 Spiritus

398 3514 599 3574 sancti
630 3512 1025 3572 divinitatem
1084 3512 1260 3572 nullo
1318 3512 1659 3591 Scriptura
1720 3513 1857 3571 loco
1929 3510 2244 3588 proditam
2302 3511 2523 3571 haberi
2574 3531 2588 3585 ;
2650 3536 2679 3567 »
2745 3515 2913 3592 quod
2972 3515 3230 3592 quidem
3291 3515 3518 3575 refellit
3572 3514 3817 3593 duplici

401 3611 684 3683 ratione;
748 3609 953 3689 primo
1014 3610 1337 3669 afﬁrmans
1392 3608 1470 3690 (θ)
1532 3630 1555 3665 ι
1622 3610 1965 3687 Scriptura
2022 3608 2383 3668 testimonio
2443 3610 2787 3671 admodum
2847 3613 3288 3674 conﬁrmatam
3346 3631 3478 3673 esse
3538 3612 3816 3691 Spiritus

396 3710 812 3779 divinitatem,
879 3708 955 3767 iis
1003 3708 1253 3786 quidem
1310 3714 1497 3781 certe,
1554 3707 1663 3787 qui
1718 3726 1844 3767 non
1900 3706 2087 3765 nimis
2141 3706 2351 3767 stolidi
2403 3713 2464 3766 et
2544 3708 2751 3769 obtusi
2838 3710 3117 3783 fuerint,
3184 3716 3373 3789 atque
3448 3730 3485 3772 a
3570 3710 3808 3788 Spiritu

398 3808 621 3868 aversi.
680 3828 709 3863 υ
774 3805 1009 3866 Deinde
1066 3807 1200 3884 ipse
1256 3806 1589 3865 innumera
1635 3805 1975 3883 Scriptura
2032 3805 2273 3883 profert
2349 3805 2706 3866 testimonia
2742 3852 2757 3880 ,
2816 3807 3043 3886 quibus
3119 3809 3472 3869 ostenditur
3537 3808 3812 3888 Spiritus

399 3904 601 3965 sancti
656 3902 1045 3964 divinitatem
1105 3903 1169 3961 in
1250 3902 1589 3980 Scripturis
1664 3902 1980 3981 proditam
2060 3901 2278 3962 haberi
2362 3901 2497 3983 (Γ).
2561 3928 2590 3959 ‹‹
2650 3905 2922 3983 Spiritus
3005 3907 3117 3967 Dei
3199 3906 3478 3979 dicitur,
3541 3907 3809 3985 Spiritus

396 4002 648 4075 Christi,
711 4019 886 4060 mens
945 4000 1199 4073 Christi,
1262 4000 1537 4078 Spiritus
1597 3999 1892 4073 Domini,
1958 4019 2030 4061 ac
2087 4001 2392 4061 Dominus
2448 4002 2581 4079 ipse
2618 4049 2631 4074 ,
2690 4002 2957 4083 Spiritus
3014 4005 3448 4085 adeptiouis...
3508 4003 3801 4078 scientia,

397 4099 725 4179 pietatis...
763 4097 977 4159 omnia
1008 4098 1278 4158 essentia
1307 4115 1421 4157 sua
1450 4098 1740 4175 implens,
1775 4097 1989 4158 omnia
2019 4098 2367 4175 continens,
2401 4123 2431 4155 »
2468 4106 2588 4159 etc.

478 4200 810 4270 Praterea,
864 4196 985 4256 hoc
1042 4196 1231 4256 etiam
1291 4195 1517 4273 posito,
1581 4197 1751 4273 quod
1806 4195 2074 4274 Spiritus
2136 4198 2335 4258 sancti
2391 4198 2683 4260 divinitas
2741 4200 2916 4261 nullo
2977 4202 3318 4281 Scriptura
3366 4202 3505 4263 loco
3563 4201 3821 4281 prodita

394 4296 783 4367 haberetur,
836 4294 993 4353 illud
1050 4292 1504 4372 impedimento
1565 4311 1700 4353 esse
1760 4312 1885 4353 non
1944 4294 2206 4354 deberet
2263 4297 2599 4373 quominus
2659 4299 2963 4377 Spiritum
3022 4302 3216 4359 Deum
3276 4317 3409 4359 esse
3482 4300 3822 4360 confitere-

396 4412 563 4469 mur,
621 4392 931 4470 siquidem
989 4392 1113 4452 alia
1162 4391 1434 4470 plurima
1493 4391 1817 4452 credimus
1848 4410 1989 4470 qua
2046 4392 2109 4451 in
2165 4394 2503 4472 Scripturis
2560 4414 2686 4455 non
2746 4402 3073 4476 apparent.
3139 4422 3166 4452 «
3221 4398 3573 4473 Undenam,
3625 4422 3655 4453 »
3720 4399 3821 4457 in-

398 4491 537 4571 quit
588 4490 698 4570 (g),
757 4490 1085 4568 alloquens
1142 4489 1597 4564 adversarium,
1644 4513 1672 4544 (ι
1734 4496 1802 4549 tu
1860 4508 2035 4550 arces
2091 4490 2232 4550 illas
2289 4500 2452 4565 tuas,
2505 4494 2861 4571 Ingenitum
2914 4502 3022 4555 aut
3071 4494 3433 4556 Anarchum
3492 4496 3821 4575 accepisti,

397 4595 509 4651 aut
538 4608 654 4650 nos
701 4588 891 4649 etiam
950 4587 1327 4647 immortalis
1383 4605 1600 4647 vocem
1648 4588 1676 4645 ?
1728 4584 1858 4647 Hoc
1918 4588 2290 4648 nominatim
2354 4600 2416 4650 et
2473 4609 2765 4670 expresse
2819 4594 3102 4669 ostende,
3173 4594 3266 4653 vel
3315 4613 3389 4655 ea
3436 4594 3823 4673 rejiciemus,

395 4687 545 4767 quia
600 4688 665 4747 in
715 4686 1041 4766 Scriptura
1094 4705 1218 4745 non
1281 4689 1548 4758 exstant,
1609 4686 1707 4747 vel
1782 4704 2344 4764 expungemus....
2408 4690 2629 4750 Nonne
2713 4691 3114 4770 perspicuum
3174 4698 3313 4767 est,
3377 4692 3513 4753 hac
3596 4693 3675 4753 de
3749 4693 3831 4754 iis

397 4792 650 4863 sumpta
684 4802 837 4858 esse,
874 4802 950 4843 ex
982 4783 1211 4861 quibus
1234 4783 1641 4861 colliguntur,
1676 4784 1928 4843 tametsi
1964 4783 2218 4846 minime
2247 4785 2586 4847 dicantur?
2619 4811 2647 4843 ›>
3528 4839 3537 4845 .

482 4883 684 4960 Hujus
769 4882 1195 4961 responsionis
1277 4881 1696 4941 dilucidanda
1782 4899 2020 4953 causa,
2084 4885 2419 4961 Gregorius
2504 4888 3045 4965 comparationem
3132 4890 3449 4950 instituit.
3535 4915 3565 4946 «
3620 4892 3828 4970 Duae,

399 4979 607 5057 inquit
663 4978 745 5059 (ἡ)
781 5025 795 5052 ,
848 4998 921 5037 ex
980 4981 1146 5039 omni
1209 4997 1343 5039 avo
1401 4978 1675 5039 illustres
1722 4980 1991 5039 vitarum
2052 4982 2432 5042 mutationes
2490 4985 2916 5060 exstiterunt,
2977 5006 3117 5065 qua
3174 4988 3362 5047 etiam
3423 4988 3549 5049 duo
3604 4990 3830 5051 Testa-

406 5090 640 5150 menta,
676 5085 865 5156 atque
913 5077 994 5137 ob
1028 5077 1115 5137 rei
1163 5076 1592 5138 celebritatem
1629 5123 1642 5150 ,
1706 5082 1890 5137 terra
1954 5083 2160 5139 motus
2215 5080 2620 5158 appellantur
2672 5101 2686 5153 ;
2749 5085 2952 5145 altera
3012 5105 3048 5145 a
3104 5087 3587 5147 simulacrorum
3652 5087 3830 5147 cultu

401 5176 481 5236 ad
540 5175 765 5253 legem,
829 5175 1029 5235 altera
1085 5194 1124 5235 a
1170 5176 1309 5253 lege
1365 5174 1445 5234 ad
1504 5175 1937 5254 Evangelium.
2000 5180 2086 5237 Ac
2145 5179 2400 5238 tertium
2463 5179 2649 5239 etiam
2718 5189 2901 5242 terra
2929 5181 3201 5243 ‘motum
3258 5184 3583 5263 Scriptura
3646 5185 3832 5246 nobis

400 5274 782 5347 annuntiat,
842 5291 1067 5353 nempe
1133 5272 1577 5352 migrationem
1634 5274 1715 5334 ab
1774 5273 1892 5334 hac
1948 5274 2078 5335 vita
2135 5276 2215 5336 ad
2274 5276 2538 5338 alteram
2600 5278 2774 5342 illam
2836 5288 3041 5343 motus
3094 5283 3301 5344 omnis
3349 5287 3412 5344 et
3459 5282 3835 5362 jactationis

480 5513 558 5591 (ᾳ)
590 5513 687 5591 Qr.
719 5514 812 5591 ?_.Q,
848 5529 905 5568 n.
946 5513 1032 5591 l§.
2254 5517 2328 5591 (ε)
2368 5519 2545 5587 Ibid.,
2579 5539 2638 5578 n.
2669 5522 2759 5580 29.

512 5586 561 5660 b)
594 5586 691 5642 Or.
725 5586 815 5653 38,
836 5586 1035 5660 μηρῷ.
1161 5656 1221 5660 υ
2254 5586 2321 5660 (f)
2352 5592 2495 5647 Ibid.

512 5594 561 5659 ο)
594 5594 691 5642 Ur.
725 5594 815 5653 38,
854 5602 909 5640 n.
948 5594 1035 5640 15.

582 5661 782 5736 Carm:
802 5656 875 5712 al.
908 5656 1035 5736 ἰξῷ,
1068 5670 1122 5711 v.
1156 5656 1245 5715 33.

2274 5594 2321 5660 f)
2352 5594 2495 5647 Ibid.

1156 5656 1245 5715 33.
2253 5594 2331 5736 ig)
2364 5663 2533 5736 Ibid.,
2564 5682 2621 5721 n.
2655 5666 2743 5721 23.

485 5728 564 5807 (ά)
595 5734 689 5787 0r.
722 5728 811 5800 3l,
850 5746 908 5787 n.
942 5728 1031 5793 2t.
1526 5758 1539 5779 ι
2251 5728 2330 5809 (h)
2368 5728 2536 5809 Ibid.,
2572 5756 2630 5794 n.
2662 5739 2751 5799 25.
