4080 6480
3738 9 3855 16 ,,____

1830 34 1875 36 __
2182 27 2288 34 ψ
2576 21 2712 31 v,,____a
2998 17 3101 25 r——-

110 128 119 139 Α

312 316 394 387 ίθδ
1445 356 1861 418 ΡῆιΕιτΑτιο
1909 359 1923 415 ι

2246 356 2455 416 LIS.——
2488 356 2691 417 PARS
2738 354 2846 416 III.
3740 358 3857 418 106

323 470 644 571 expertem.
784 489 1033 549 Idem
1138 507 1316 568 porro
1382 488 1630 549 duobus
1686 488 2106 551 Testamentis
2191 488 2444 548 accidit.
2526 489 2684 560 Quid
2742 489 2956 547 illud?
3035 492 3170 549 Non
3231 496 3510 569 repente,
3602 509 3717 551 nec
3775 492 3858 551 ad

339 574 555 633 minam
629 588 1191 663 aggressionis
1243 587 1676 664 impulsionem
1739 592 2134 646 commutata
2198 593 2365 645 sunt.
2427 587 2917 657 Quamobremm
2966 588 2995 645 ?
3084 587 3148 645 id
3206 588 3372 648 enim
3432 588 3592 648 scire
3648 607 3859 667 opera

355 667 569 762 pretium
646 690 785 741 est.
870 705 889 745 :
1020 693 1098 745 ut
1182 703 1253 745 ne
1304 685 1361 743 vi
1424 684 1989 762 pertraheremur,
2076 684 2185 743 sed
2263 684 2666 762 persuasione
2738 684 3216 745 adduceremur.
3282 687 3460 757 Quod
3519 687 3685 747 enim
3748 706 3858 747 vo—

369 758 676 835 luntarium
760 800 939 841 non
1020 790 1168 855 est,
1253 801 1325 843 ne
1379 784 1747 843 diuturnum
1829 782 2084 860 quidem
2146 789 2420 842 est....
2516 786 2677 859 Ergo
2753 784 2956 861 prima
3013 783 3113 843 lex
3170 783 3432 844 sublatis
3510 784 3863 846 simulacris

387 868 641 933 sacrificia
743 882 1109 957 permisit
1220 881 1503 942 Secunda
1583 880 1891 940 submotis
1978 880 2336 952 sacrificiis,
2418 880 2955 941 circumcisionem
3039 882 3294 941 minime
3370 882 3717 960 prohibuit.
3775 888 3863 944 Ac

402 974 556 1046 postea
593 1018 613 1044 ,
707 983 802 1037 ut
872 980 1101 1040 semel
1160 978 1444 1040 subtrahi
1500 978 1616 1038 sibi
1676 978 1916 1056 aliquid
1987 996 2171 1055 aquo
2229 978 2441 1038 animo
2502 979 2780 1038 tulerunt
2836 979 3170 1049 homines,
3258 979 3444 1040 rebus
3500 981 3690 1041 etiam
3748 980 3867 1041 sibi

415 1073 735 1147 concessis,
836 1076 989 1138 hoc
1052 1084 1186 1147 est,
1267 1078 1358 1138 illi
1415 1077 1779 1150 sacrificiis,
1847 1077 1912 1136 hi
1970 1076 2442 1138 circumcisione
2504 1077 2943 1138 abstinuerunt
2994 1096 3007 1149 ;
3095 1083 3285 1156 atque
3343 1085 3411 1139 ut
3468 1098 3543 1138 ex
3602 1080 3867 1139 ethnicis

422 1170 627 1244 ludat,
711 1175 818 1235 ita
885 1194 974 1236 ex
1036 1176 1274 1238 Judais
1332 1176 1670 1236 Christiani
1727 1176 1875 1237 facti
1933 1182 2116 1250 sunt,
2194 1194 2306 1253 per
2370 1176 2749 1236 mutationes
2804 1176 2986 1253 quasi
3042 1176 3257 1236 furtim
3317 1178 3397 1236 ad
3455 1179 3867 1256 Evangelium

430 1270 613 1332 allecti
668 1274 757 1353 to)
800 1320 815 1333 .
854 1318 920 1336 ..
956 1322 969 1333 .
1055 1275 1213 1335 Huic
1296 1274 1584 1352 exemplo
1660 1274 2005 1334 divinitatis
2071 1274 2357 1334 doctrina
2420 1274 2776 1353 comparari
2839 1281 3083 1353 potest,
3148 1275 3266 1334 nisi
3322 1277 3492 1353 quod
3553 1275 3871 1336 contrario

439 1372 607 1431 modo
663 1390 769 1431 res
830 1373 1313 1451 procedit....
1375 1373 1475 1433 Sic
1535 1372 1699 1432 enim
1761 1391 1824 1432 se
1881 1391 1979 1431 res
2038 1372 2276 1432 habet:
2340 1375 2535 1432 Vetus
2592 1375 3065 1432 Testamentum
3127 1374 3377 1433 Patrem
3433 1381 3649 1452 aperte
3712 1393 3873 1452 pra-

447 1469 723 1544 dicabat,
809 1470 1051 1531 Filium
1129 1470 1477 1531 obscurius.
1538 1472 1783 1531 Novum
1866 1474 2074 1529 autem
2154 1469 2335 1529 nobis
2412 1470 2638 1528 Filium
2720 1470 3048 1548 perspicue
3114 1470 3428 1543 ostendit,
3484 1478 3546 1531 et
3605 1472 3878 1551 Spiritus

454 1568 836 1629 divinitatem
899 1570 1286 1630 subobscure
1366 1568 1839 1647 quodammodo
1912 1567 2253 1628 indicavit.
2342 1569 2519 1627 Nunc
2592 1585 2743 1628 vero
2820 1567 3094 1646 Spiritus
3157 1567 3292 1647 ipse
3349 1569 3673 1630 nobiscum
3734 1590 3876 1630 ver-

445 1674 654 1738 satur,
720 1685 986 1746 seseque
1043 1668 1226 1727 nobis
1281 1667 1561 1747 apertius
1618 1667 1917 1727 declarat.
1973 1669 2187 1744 Neque
2244 1666 2409 1726 enim
2470 1670 2674 1725 tutum
2734 1672 2906 1737 erat,
2960 1666 3163 1725 Patris
3217 1666 3546 1727 divinitate
3597 1669 3877 1728 nondum

437 1764 779 1836 confessa,
844 1765 1068 1825 Filium
1129 1771 1345 1843 aperte
1402 1765 1784 1843 praedicari;
1847 1783 2008 1838 nec,
2070 1763 2209 1823 Filii
2269 1762 2596 1823 divinitate
2660 1764 2940 1822 nondum
2999 1763 3319 1836 admissa,
3382 1764 3685 1843 Spiritum
3744 1784 3879 1825 san—

432 1868 670 1932 ctum,
734 1863 907 1922 velut
961 1861 1313 1939 graviorem
1374 1862 1714 1941 quamdam
1751 1908 1765 1931 ,
1828 1862 1878 1922 si
1934 1862 2022 1921 ita
2079 1861 2256 1940 loqui
2317 1861 2409 1921 fas
2468 1868 2598 1935 est,
2662 1861 2972 1921 sarcinam
3038 1861 3217 1921 nobis
3275 1862 3656 1941 ingeri
3719 1864 3878 1935 Quin

430 1961 663 2020 tacitis
740 1960 950 2037 potius
1006 1960 1469 2020 accessionibus
1504 2006 1517 2030 ,
1600 1968 1709 2031 et,
1788 1966 1857 2019 ut
1914 1959 2113 2019 David
2171 1960 2498 2038 loquitur,
2565 1959 3034 2019 ascensionibus
3070 2006 3083 2032 ,
3163 1966 3353 2038 atque
3427 1980 3498 2020 ex
3559 1962 3761 2038 gloria
3816 1962 3880 2021 in

434 2058 728 2136 gloriam
814 2059 1352 2137 progressionibus
1438 2064 1500 2119 et
1583 2059 2026 2130 incrementis,
2123 2058 2451 2118 Trinitatis
2525 2058 2738 2118 lumen
2827 2057 3357 2136 splendidioribus
3413 2059 3880 2122 illuceret....

431 2156 619 2226 Quin
682 2155 871 2215 etiam
929 2156 1006 2215 ab
1063 2157 1201 2234 ipso
1257 2156 1401 2217 Jesu
1459 2156 1764 2234 paulatim
1822 2155 2285 2216 declaratur....
2354 2178 2384 2213 α
2438 2155 2695 2234 Rogabo
2749 2156 2913 2215 enim
2974 2157 3245 2226 Patrem,
3308 2156 3513 2235 inquit
3571 2165 3632 2216 et
3687 2157 3881 2217 alium

423 2253 863 2313 Paracletum
898 2254 1098 2313 mittet
1130 2253 1334 2326 vobis,
1387 2254 1689 2332 Spiritum
1719 2253 2000 2314 veritatis
2029 2253 2092 2306 ³ο.
2128 2277 2159 2308 ››
2190 2299 2204 2312 .
2236 2302 2250 2313 .
2286 2301 2297 2313 ,
2362 2253 2648 2314 Habebat
2693 2254 2983 2331 quadam
3038 2254 3360 2327 Salvator,
3412 2274 3553 2333 qua
3604 2275 3641 2315 a
3698 2256 3883 2315 disci-

426 2353 663 2432 pulis,
727 2351 869 2411 licet
914 2351 1151 2429 alioqui
1212 2352 1542 2431 multiplici
1592 2352 1879 2412 doctrina
1936 2352 2383 2431 implerentur,
2443 2359 2590 2411 tunc
2644 2359 2853 2412 tamen
2915 2354 3151 2430 portari
3212 2372 3393 2431 posse
3443 2354 3745 2430 negabat,
3805 2353 3885 2412 ob

426 2470 556 2510 eas
630 2449 927 2517 forsitan,
992 2468 1150 2527 quas
1209 2451 1434 2517 attuli,
1502 2469 1762 2521 causas,
1827 2457 2016 2528 atque
2092 2450 2325 2510 idcirco
2398 2468 2473 2510 ea
2546 2450 2698 2526 ipsis
2775 2450 3155 2509 occultabat.
3228 2455 3312 2509 Ac
3372 2469 3584 2509 rursus
3643 2450 3892 2510 dicebat

438 2549 646 2615 fore,
718 2553 783 2606 ut
858 2547 937 2605 ab
1015 2548 1388 2607 adveniente
1472 2548 1705 2625 Spiritu
1769 2549 1983 2607 omnia
2041 2547 2476 2608 edocerentur.
2541 2550 2706 2625 Ergo
2764 2566 2957 2606 unum
3018 2566 3088 2607 ex
3154 2566 3369 2607 eorum
3434 2567 3697 2608 numero
3757 2568 3890 2608 esse

444 2664 733 2715 censeo,
788 2645 988 2722 ipsam
1045 2645 1311 2723 Spiritus
1373 2646 1572 2705 sancti
1648 2646 1986 2717 deitatem,
2075 2645 2137 2704 in
2208 2652 2530 2723 posterum
2606 2646 2885 2723 apertius
2969 2646 3456 2718 declarandam,
3522 2653 3650 2703 tum
3717 2647 3890 2705 vide-

437 2746 661 2813 licet,
747 2762 885 2802 cum
967 2743 1096 2819 jam
1192 2751 1331 2822 post
1414 2744 1758 2804 Salvatoris
1842 2745 1903 2803 in
1993 2745 2305 2822 integrum
2390 2743 2899 2814 restitutionem,
2995 2748 3239 2803 matura
3324 2749 3384 2802 et
3468 2744 3894 2822 perceptibilis

432 2848 629 2901 esset
701 2840 897 2918 ipsius
974 2840 1300 2918 cognitio,
1382 2847 1557 2920 utpte
1634 2841 1733 2900 cui
1812 2842 1892 2901 ob
1975 2848 2101 2900 tam
2181 2840 2425 2919 insigne
2502 2840 2875 2900 miraculum
2960 2840 3111 2900 fides
3173 2860 3295 2900 non
3354 2840 3484 2920 jam
3544 2840 3892 2919 abrogare-

442 2947 559 2998 tur
614 2938 726 3017 (ὁ).
783 2964 802 2995 ο

544 3039 641 3097 Ex
707 3036 1136 3113 superioribus
1187 3037 1468 3113 Gregorii
1528 3036 1731 3097 verbis
1786 3038 1863 3097 de
1908 3038 2049 3097 Filii
2108 3037 2437 3097 divinitate
2490 3036 2755 3096 obscure
2812 3036 2875 3095 in
2927 3038 3168 3109 Veteri,
3222 3037 3552 3115 perspicue
3608 3037 3671 3097 in
3724 3041 3896 3098 Novo

455 3139 877 3195 Testamento
936 3134 1236 3211 cognita;
1295 3134 1445 3193 item
1506 3134 1583 3193 de
1636 3135 1867 3212 Spiritu
1929 3136 2312 3195 subobscure
2366 3140 2614 3194 tantum
2677 3135 2739 3193 in
2801 3138 2974 3195 Novo
3033 3138 3433 3196 'l‘estamento
3493 3134 3894 3213 signiﬁcato:

449 3252 533 3293 ex
602 3233 736 3302 his,
799 3232 1089 3309 inquam,
1150 3233 1385 3305 verbis,
1447 3233 1511 3292 id
1559 3233 1844 3311 sequitur
1903 3239 2145 3293 tantum
2209 3241 2270 3293 et
2326 3233 2784 3311 colligendum,
2847 3240 3075 3312 praeter
3129 3234 3553 3312 Scripturam,
3609 3233 3899 3293 traditio-

452 3351 613 3392 nem
672 3349 795 3390 non
834 3331 1131 3409 scriptam
1177 3332 1365 3391 fuisse
1414 3332 1867 3404 necessariam,
1923 3332 2102 3413 cujus
2153 3352 2271 3411 cpe
2320 3332 2460 3392 Filii
2510 3351 2582 3391 ac
2633 3332 2897 3411 Spiritus
2942 3333 3143 3391 sancti
3185 3332 3477 3391 divinitas
3519 3332 3579 3390 in
3626 3331 3903 3410 Scriptu—

454 3448 689 3489 rarum
762 3428 1133 3487 testimoniis
1209 3429 1593 3489 subobscure
1668 3448 2005 3507 expressa,
2087 3430 2412 3508 perspicue
2492 3435 2552 3489 et
2628 3437 2839 3509 aperte
2896 3430 3347 3491 declararetur.
3410 3426 3587 3502 Quod
3647 3430 3900 3509 quidem

456 3528 625 3587 alibi
679 3526 750 3605 (ι’)
833 3526 1163 3604 Gregorius
1245 3527 1426 3587 docet
1503 3526 1859 3605 expressius
1913 3548 1929 3584 :
2012 3551 2039 3585 ς(
2086 3527 2467 3588 Praclarum
2529 3526 2926 3607 depositum,
3006 3528 3176 3606 quod
3236 3548 3273 3588 a
3334 3528 3619 3606 patribus
3679 3528 3905 3588 nostris

456 3625 881 3705 accepimus,
941 3624 1409 3698 custodientes;
1471 3627 1765 3696 Patrem,
1829 3631 1890 3685 et
1946 3626 2212 3699 Filium,
2293 3632 2353 3686 et
2410 3625 2711 3704 Spiritum
2781 3634 3068 3685 sanctum
3128 3628 3465 3688 adorantes
3521 3644 3533 3684 :
3626 3627 3687 3685 in
3748 3626 3905 3685 Filio

457 3726 762 3795 Patrem,
822 3723 885 3780 in
935 3722 1169 3800 Spiritu
1223 3722 1447 3782 Filium
1499 3730 1979 3800 cognoscentes,
2040 3725 2103 3783 in
2165 3744 2431 3803 quorum
2484 3723 2738 3783 nomine
2799 3724 3093 3801 baptismi
3149 3743 3316 3802 aqua
3365 3725 3543 3783 tincti
3591 3742 3829 3783 sumus.
3867 3746 3895 3780 »

464 3826 545 3883 Et
608 3840 705 3881 or.
770 3838 917 3880 xxxx
976 3821 1073 3899 (τι.
1132 3821 1244 3899 21)
1310 3840 1321 3880 :
1418 3844 1446 3878 (ι
1502 3821 1852 3881 Identidem
1931 3823 2287 3901 saepiusque
2346 3823 2624 3882 inculcas
2684 3821 2953 3899 Spiritus
3022 3822 3222 3880 sancti
3276 3820 3667 3880 divinitatem
3727 3821 3903 3881 nullo

462 3920 824 3998 Scriptura
875 3920 1010 3979 loco
1056 3919 1371 3996 proditam
1424 3919 1666 3979 haberi.
1712 3920 2046 3980 Enimvero
2087 3920 2255 3997 quod
2307 3938 2420 3979 nec
2470 3938 2670 3979 novus
2718 3937 2789 3977 ac
2842 3919 3235 3997 peregrinus,
3275 3937 3388 3979 nec
3437 3918 3910 3979 introductitius

466 4019 613 4096 ipse
674 4017 784 4088 sit,
850 4035 1064 4076 verum
1126 4023 1188 4075 et
1244 4036 1280 4076 a
1340 4017 1588 4095 priscis,
1645 4024 1705 4077 et
1762 4017 1953 4095 hujus
2009 4017 2211 4078 atatis
2259 4017 2622 4077 hominibus
2679 4017 2930 4095 agnitus
2978 4023 3040 4076 et
3096 4017 3478 4097 patefactus,
3543 4035 3908 4096 quanquam

480 4135 525 4172 a
585 4114 863 4191 pluribus
916 4113 1049 4191 jam
1099 4120 1416 4175 ostensum
1480 4121 1602 4186 est,
1666 4116 1773 4194 qui
1822 4116 1898 4175 de
1957 4116 2077 4176 hac
2134 4135 2200 4176 re
2259 4116 2718 4188 disseruerunt,
2773 4122 2963 4193 atque
3019 4115 3082 4175 in
3138 4116 3364 4175 divinis
3413 4116 3756 4195 Scripturis
3804 4134 3915 4174 nec

481 4212 741 4289 ignave,
805 4230 918 4271 nec
978 4212 1403 4290 perfunctorie
1449 4214 1677 4274 versati
1735 4221 1912 4287 sunt,
1974 4216 2081 4275 sed
2126 4214 2400 4274 litteram
2460 4218 2896 4292 penetrantes,
2949 4221 3137 4290 alque
3194 4214 3360 4273 intro
3421 4214 3914 4291 prospicientes,

472 4309 875 4370 reconditam
922 4310 1454 4389 pulchritudinem
1496 4311 1707 4371 divino
1753 4312 2060 4373 beneficio
2101 4306 2428 4383 viderunt,
2478 4312 2887 4388 scientiaque
2936 4311 3073 4370 luce
3114 4311 3466 4371 collustrati
3505 4317 3671 4382 sunt,
3712 4335 3739 4365 ι)
3792 4317 3914 4370 etc.

464 4411 636 4481 Qua
672 4413 834 4467 certe
863 4409 1241 4469 conﬁrmant
1272 4410 1684 4469 necessariam
1718 4429 1851 4471 esse
1895 4411 2296 4471 traditionem
2340 4416 2411 4469 ut
2442 4411 2781 4488 Scriptura
2815 4409 3271 4487 intelligantur,
3313 4409 3582 4486 fideique
3613 4409 3915 4487 dogmata

465 4506 871 4567 deﬁniantur
915 4508 993 4566 ab
1046 4506 1341 4581 Ecclesia,
1389 4526 1577 4586 penes
1619 4527 1812 4587 quam
1857 4516 1949 4569 est
1993 4510 2348 4589 depositum
2391 4509 2583 4581 istud,
2618 4507 2788 4587 quod
2820 4514 3148 4586 acceptum
3182 4508 3261 4567 ab
3290 4507 3594 4586 apostolis
3623 4513 3831 4568 servat
3860 4513 3922 4569 et

476 4622 738 4683 semper
768 4605 1061 4664 servabit.
1628 4640 1633 4641 ί

568 4703 636 4765 Si
691 4702 982 4781 quadam
1031 4709 1198 4775 sunt,
1250 4723 1391 4782 qua
1446 4704 1605 4765 mira
1652 4706 1849 4766 videri
1894 4706 2155 4785 possint,
2190 4706 2360 4765 dicta
2401 4725 2439 4765 a
2480 4704 2779 4782 Gregorio
2812 4704 2893 4764 ad
2927 4703 3385 4764 defendendam
3420 4703 3689 4783 Spiritus
3720 4703 3923 4764 sancti

475 4801 883 4860 divinitatem
920 4820 933 4873 ;
994 4801 1219 4861 mirum
1265 4802 1472 4862 adhuc
1516 4804 1713 4882 magis
1745 4805 1914 4883 quod
1952 4805 2058 4875 ait,
2094 4811 2243 4864 tunc
2274 4804 2576 4882 temporis
2608 4803 2944 4863 nonnullos
2983 4802 3188 4875 fuisse,
3226 4803 3415 4862 etiam
3448 4820 3524 4864 ex
3556 4801 3917 4875 Catholicis,

478 4900 603 4978 qui
654 4899 942 4977 quamvis
992 4900 1293 4978 Spiritum
1345 4906 1633 4961 sanctum
1690 4903 2000 4981 aqualem
2051 4903 2221 4962 Patri
2271 4910 2334 4963 et
2380 4902 2559 4970 Filio,
2598 4900 3299 4978 consubtantialemque
3332 4900 3680 4973 crederent,
3716 4899 3922 4979 ipsum

478 5004 711 5058 tamen
741 4997 935 5056 Deum
979 4997 1298 5077 appellare
1337 4999 1575 5059 nollent
1612 5020 1624 5061 :
1677 5001 1847 5078 quod
1879 5019 2069 5079 quam
2102 5000 2445 5061 absurdum
2477 5000 2576 5075 sit,
2626 5018 2812 5060 nemo
2862 5018 2989 5059 non
3036 4998 3374 5078 intelligit;
3429 5017 3542 5059 nec
3593 5003 3803 5059 tamen
3858 4999 3925 5059 in

475 5096 758 5156 dubium
792 5096 1068 5156 revocari
1099 5101 1323 5176 potest,
1357 5115 1500 5158 cum
1533 5103 1661 5159 tam
1694 5098 1921 5159 diserte
1951 5104 2190 5159 asserat
2220 5117 2293 5160 ac
2324 5098 2513 5171 dicat,
2546 5116 2614 5158 se
2647 5097 2839 5158 libere
2871 5095 3256 5177 praedicante
3288 5096 3594 5177 Spiritum
3627 5104 3919 5158 sanctum

482 5196 697 5255 Deum
728 5212 885 5271 esse,
920 5200 1301 5255 commotam
1331 5195 1523 5257 fuisse
1553 5202 1809 5258 terram.

569 5418 613 5451 ³ο
644 5416 817 5472 Joan.
850 5433 964 5484 xxv,
1000 5418 1087 5472 16.

574 5628 646 5699 ta)
690 5625 910 5699 01331,
936 5624 1128 5699 n._2_6.

2350 5622 2414 5694 (ε)
2455 5625 2549 5678 Or.
2582 5624 2636 5690 6,
2676 5639 2734 5676 n.
2766 5621 2854 5674 22.

572 5695 646 5772 (ὁ)
686 5698 857 5770 Ibid.,
896 5695 965 5753 'n.
1000 5695 1095 5749 27.

781 5831 903 5889 PM
918 5841 1060 5886 non.
1111 5822 1219 5882 Gn.
1253 5824 1487 5883 XXXV.

264 6470 613 6480 -τΙ--Ἦ-τ--τΙ-τ
