  <div class='ocr_page' id='page_1' title='image "/cluster/home/n/w/nwhite01/storage/ocr_20150623/35:no.1/coo.31924054869320/059.png"; bbox 0 0 4080 6414; ppageno 0'>
   <div class='ocr_carea' id='block_1_1' title="bbox 445 326 3819 397">
    <p class='ocr_par' dir='ltr' id='par_1_1' title="bbox 445 326 3819 397">
     <span class='ocr_line' id='line_1_1' title="bbox 445 326 3819 397; baseline 0.002 -9"><span class='ocrx_word' id='word_1_1' title='bbox 445 332 556 389; x_wconf 84' lang='grc' dir='ltr'><strong>1οἹ</strong></span> <span class='ocrx_word' id='word_1_2' title='bbox 1449 328 1867 389; x_wconf 68' lang='lat' dir='ltr'><strong>PREFATIO</strong></span> <span class='ocrx_word' id='word_1_3' title='bbox 1912 326 2461 387; x_wconf 79' lang='lat' dir='ltr'><strong>GENERALIS.—</strong></span> <span class='ocrx_word' id='word_1_4' title='bbox 2502 327 2704 387; x_wconf 81' lang='lat' dir='ltr'><strong>PARS</strong></span> <span class='ocrx_word' id='word_1_5' title='bbox 2754 327 2857 386; x_wconf 87' lang='lat' dir='ltr'><strong>IlI.</strong></span> <span class='ocrx_word' id='word_1_6' title='bbox 3719 339 3819 397; x_wconf 89' lang='lat'><strong>108</strong></span> 
     </span>
    </p>
   </div>
   <div class='ocr_carea' id='block_1_2' title="bbox 578 459 2189 549">
    <p class='ocr_par' dir='ltr' id='par_1_2' title="bbox 578 459 1312 549">
     <span class='ocr_line' id='line_1_2' title="bbox 578 459 1312 549; baseline 0.001 -34"><span class='ocrx_word' id='word_1_7' title='bbox 578 459 744 549; x_wconf 32' lang='lat' dir='ltr'><strong>06‘s?)</strong></span> <span class='ocrx_word' id='word_1_8' title='bbox 777 461 878 549; x_wconf 53' lang='grc' dir='ltr'>χὰρ</span> <span class='ocrx_word' id='word_1_9' title='bbox 906 460 1081 549; x_wconf 62' lang='lat' dir='ltr'><strong>oti-run:</strong></span> <span class='ocrx_word' id='word_1_10' title='bbox 1113 460 1312 517; x_wconf 63' lang='grc' dir='ltr'>οὔποτε</span> 
     </span>
    </p>
   </div>
   <div class='ocr_carea' id='block_1_3' title="bbox 1608 459 3219 549">
    <p class='ocr_par' dir='ltr' id='par_1_3' title="bbox 2352 460 3219 549">
     <span class='ocr_line' id='line_1_3' title="bbox 2352 460 3219 549; baseline 0.002 -34"><span class='ocrx_word' id='word_1_11' title='bbox 2352 460 2616 549; x_wconf 43' lang='grc' dir='ltr'><strong>ςρχΝἰὴίὶ</strong></span> <span class='ocrx_word' id='word_1_12' title='bbox 2646 461 2801 516; x_wconf 91' lang='lat' dir='ltr'><strong>enim</strong></span> <span class='ocrx_word' id='word_1_13' title='bbox 2843 461 3219 549; x_wconf 43' lang='lat' dir='ltr'><strong>si‘c‘unquam</strong></span> 
     </span>
    </p>
   </div>
   <div class='ocr_carea' id='block_1_4' title="bbox 581 532 2192 608">
    <p class='ocr_par' dir='ltr' id='par_1_4' title="bbox 581 532 1289 608">
     <span class='ocr_line' id='line_1_4' title="bbox 581 532 1289 608; baseline -0.001 -21"><span class='ocrx_word' id='word_1_14' title='bbox 581 532 748 608; x_wconf 83' lang='grc' dir='ltr'>Ὁλὴν</span> <span class='ocrx_word' id='word_1_15' title='bbox 777 532 948 608; x_wconf 59' lang='lat' dir='ltr'><strong>gestae</strong></span> <span class='ocrx_word' id='word_1_16' title='bbox 975 534 1076 608; x_wconf 68' lang='grc' dir='ltr'><strong>γὴν</strong></span> <span class='ocrx_word' id='word_1_17' title='bbox 1139 605 1149 608; x_wconf 90' lang='lat'><em>_</em></span> <span class='ocrx_word' id='word_1_18' title='bbox 1178 605 1187 608; x_wconf 85' lang='lat'>_</span> <span class='ocrx_word' id='word_1_19' title='bbox 1281 604 1289 608; x_wconf 87' lang='lat'><strong>_</strong></span> 
     </span>
    </p>
   </div>
   <div class='ocr_carea' id='block_1_5' title="bbox 1564 532 3175 608">
    <p class='ocr_par' dir='ltr' id='par_1_5' title="bbox 2352 534 3175 608">
     <span class='ocr_line' id='line_1_5' title="bbox 2352 534 3175 608; baseline 0.001 -21"><span class='ocrx_word' id='word_1_20' title='bbox 2352 535 2559 608; x_wconf 61' lang='lat' dir='ltr'><strong>Totam</strong></span> <span class='ocrx_word' id='word_1_21' title='bbox 2592 534 2904 587; x_wconf 84' lang='lat' dir='ltr'><strong>commovit</strong></span> <span class='ocrx_word' id='word_1_22' title='bbox 2937 538 3175 608; x_wconf 84' lang='lat' dir='ltr'><strong>terram,</strong></span> 
     </span>
    </p>
   </div>
   <div class='ocr_carea' id='block_1_6' title="bbox 584 603 2195 681">
    <p class='ocr_par' dir='ltr' id='par_1_6' title="bbox 584 603 1325 681">
     <span class='ocr_line' id='line_1_6' title="bbox 584 603 1325 681; baseline 0 -22"><span class='ocrx_word' id='word_1_23' title='bbox 584 607 672 666; x_wconf 74' lang='grc' dir='ltr'><strong>Ὠς</strong></span> <span class='ocrx_word' id='word_1_24' title='bbox 706 603 1021 681; x_wconf 58' lang='grc' dir='ltr'><strong>Πγεύματός</strong></span> <span class='ocrx_word' id='word_1_25' title='bbox 1050 604 1325 681; x_wconf 74' lang='grc' dir='ltr'>παρῥησία</span> 
     </span>
    </p>
   </div>
   <div class='ocr_carea' id='block_1_7' title="bbox 1538 603 3149 681">
    <p class='ocr_par' dir='ltr' id='par_1_7' title="bbox 2352 603 3149 681">
     <span class='ocr_line' id='line_1_7' title="bbox 2352 603 3149 681; baseline 0 -22"><span class='ocrx_word' id='word_1_26' title='bbox 2352 603 2718 681; x_wconf 57' lang='lat' dir='ltr'><strong>ytlibentas,</strong></span> <span class='ocrx_word' id='word_1_27' title='bbox 2752 622 2869 675; x_wconf 89' lang='lat' dir='ltr'><strong>qua</strong></span> <span class='ocrx_word' id='word_1_28' title='bbox 2898 604 3149 681; x_wconf 80' lang='lat' dir='ltr'><strong>Spiritus</strong></span> 
     </span>
    </p>
   </div>
   <div class='ocr_carea' id='block_1_8' title="bbox 586 676 2197 751">
    <p class='ocr_par' dir='ltr' id='par_1_8' title="bbox 586 676 1319 751">
     <span class='ocr_line' id='line_1_8' title="bbox 586 676 1319 751; baseline -0.001 -19"><span class='ocrx_word' id='word_1_29' title='bbox 586 682 721 732; x_wconf 71' lang='grc' dir='ltr'><strong>Θεοῦ</strong></span> <span class='ocrx_word' id='word_1_30' title='bbox 748 676 1063 751; x_wconf 13' lang='grc' dir='ltr'><strong>ᾃβοωμὲγου.</strong></span> <span class='ocrx_word' id='word_1_31' title='bbox 1129 676 1138 681; x_wconf 67' lang='grc'><em>’</em></span> <span class='ocrx_word' id='word_1_32' title='bbox 1165 676 1171 681; x_wconf 67' lang='grc'><em>’</em></span> <span class='ocrx_word' id='word_1_33' title='bbox 1306 746 1319 751; x_wconf 30' lang='grc' dir='ltr'><strong>Δ</strong></span> 
     </span>
    </p>
   </div>
   <div class='ocr_carea' id='block_1_9' title="bbox 1547 676 3158 751">
    <p class='ocr_par' dir='ltr' id='par_1_9' title="bbox 2352 676 3158 751">
     <span class='ocr_line' id='line_1_9' title="bbox 2352 676 3158 751; baseline 0.001 -21"><span class='ocrx_word' id='word_1_34' title='bbox 2352 676 2548 751; x_wconf 82' lang='lat' dir='ltr'><strong>Palam</strong></span> <span class='ocrx_word' id='word_1_35' title='bbox 2583 676 2745 751; x_wconf 81' lang='lat' dir='ltr'><strong>Deus</strong></span> <span class='ocrx_word' id='word_1_36' title='bbox 2768 676 3116 747; x_wconf 68' lang='lat' dir='ltr'><strong>praedicatur</strong></span> <span class='ocrx_word' id='word_1_37' title='bbox 3147 695 3158 751; x_wconf 69' lang='grc' dir='ltr'>ξ</span> 
     </span>
    </p>
   </div>
   <div class='ocr_carea' id='block_1_10' title="bbox 583 746 2194 825">
    <p class='ocr_par' dir='ltr' id='par_1_10' title="bbox 583 746 1427 825">
     <span class='ocr_line' id='line_1_10' title="bbox 583 746 1427 825; baseline -0.002 -23"><span class='ocrx_word' id='word_1_38' title='bbox 583 746 765 825; x_wconf 42' lang='grc' dir='ltr'><strong>Ὧ-καῖ</strong></span> <span class='ocrx_word' id='word_1_39' title='bbox 789 746 1063 825; x_wconf 65' lang='grc' dir='ltr'><strong>πρόᾳᾴντη</strong></span> <span class='ocrx_word' id='word_1_40' title='bbox 1092 768 1209 809; x_wconf 86' lang='grc' dir='ltr'>τοις</span> <span class='ocrx_word' id='word_1_41' title='bbox 1242 746 1427 825; x_wconf 81' lang='grc' dir='ltr'>φιλοῖς</span> 
     </span>
    </p>
   </div>
   <div class='ocr_carea' id='block_1_11' title="bbox 1642 746 3253 825">
    <p class='ocr_par' dir='ltr' id='par_1_11' title="bbox 2350 746 3253 825">
     <span class='ocr_line' id='line_1_11' title="bbox 2350 746 3253 825; baseline 0.001 -23"><span class='ocrx_word' id='word_1_42' title='bbox 2350 749 2518 825; x_wconf 70' lang='lat' dir='ltr'><strong>Quod</strong></span> <span class='ocrx_word' id='word_1_43' title='bbox 2547 746 2888 825; x_wconf 57' lang='lat' dir='ltr'><strong>et_i_nvisum</strong></span> <span class='ocrx_word' id='word_1_44' title='bbox 2924 764 3015 803; x_wconf 92' lang='lat' dir='ltr'><strong>me</strong></span> <span class='ocrx_word' id='word_1_45' title='bbox 3046 749 3253 804; x_wconf 81' lang='lat' dir='ltr'><strong>amicis</strong></span> 
     </span>
    </p>
   </div>
   <div class='ocr_carea' id='block_1_12' title="bbox 581 816 2192 893">
    <p class='ocr_par' dir='ltr' id='par_1_12' title="bbox 581 816 1264 893">
     <span class='ocr_line' id='line_1_12' title="bbox 581 816 1264 893; baseline 0.003 -20"><span class='ocrx_word' id='word_1_46' title='bbox 581 816 843 891; x_wconf 62' lang='lat' dir='ltr'><strong>Téﬁstxev,</strong></span> <span class='ocrx_word' id='word_1_47' title='bbox 876 816 1121 893; x_wconf 72' lang='grc' dir='ltr'><strong>οἳδαμὲν.</strong></span> <span class='ocrx_word' id='word_1_48' title='bbox 1254 816 1264 825; x_wconf 72' lang='grc'><em>’</em></span> 
     </span>
    </p>
   </div>
   <div class='ocr_carea' id='block_1_13' title="bbox 1325 816 2936 893">
    <p class='ocr_par' dir='ltr' id='par_1_13' title="bbox 2350 818 2936 889">
     <span class='ocr_line' id='line_1_13' title="bbox 2350 818 2936 889; baseline 0.002 -16"><span class='ocrx_word' id='word_1_49' title='bbox 2350 818 2570 889; x_wconf 69' lang='lat' dir='ltr'><strong>Effecit,</strong></span> <span class='ocrx_word' id='word_1_50' title='bbox 2604 819 2656 873; x_wconf 91' lang='lat' dir='ltr'><strong>id</strong></span> <span class='ocrx_word' id='word_1_51' title='bbox 2694 819 2936 874; x_wconf 89' lang='lat' dir='ltr'><strong>scimus.</strong></span> 
     </span>
    </p>
   </div>
   <div class='ocr_carea' id='block_1_14' title="bbox 437 944 3825 1026">
    <p class='ocr_par' dir='ltr' id='par_1_14' title="bbox 437 944 3825 1026">
     <span class='ocr_line' id='line_1_14' title="bbox 437 944 3825 1026; baseline 0 -15"><span class='ocrx_word' id='word_1_52' title='bbox 437 952 588 1023; x_wconf 71' lang='lat' dir='ltr'><strong>Quae</strong></span> <span class='ocrx_word' id='word_1_53' title='bbox 623 956 834 1009; x_wconf 90' lang='lat' dir='ltr'><strong>tamen</strong></span> <span class='ocrx_word' id='word_1_54' title='bbox 883 948 1071 1008; x_wconf 90' lang='lat' dir='ltr'><strong>verba</strong></span> <span class='ocrx_word' id='word_1_55' title='bbox 1110 948 1197 1008; x_wconf 86' lang='lat' dir='ltr'><strong>sic</strong></span> <span class='ocrx_word' id='word_1_56' title='bbox 1228 946 1597 1026; x_wconf 90' lang='lat' dir='ltr'><strong>accipienda</strong></span> <span class='ocrx_word' id='word_1_57' title='bbox 1628 963 1759 1006; x_wconf 89' lang='lat' dir='ltr'><strong>esse</strong></span> <span class='ocrx_word' id='word_1_58' title='bbox 1806 946 2101 1022; x_wconf 83' lang='lat' dir='ltr'><strong>arbitror,</strong></span> <span class='ocrx_word' id='word_1_59' title='bbox 2136 956 2205 1008; x_wconf 90' lang='lat' dir='ltr'><strong>ut</strong></span> <span class='ocrx_word' id='word_1_60' title='bbox 2233 946 2309 1006; x_wconf 91' lang='lat' dir='ltr'><strong>iis</strong></span> <span class='ocrx_word' id='word_1_61' title='bbox 2341 944 2696 1024; x_wconf 89' lang='lat' dir='ltr'><strong>signiﬁcare</strong></span> <span class='ocrx_word' id='word_1_62' title='bbox 2727 945 2997 1005; x_wconf 91' lang='lat' dir='ltr'><strong>voluerit</strong></span> <span class='ocrx_word' id='word_1_63' title='bbox 3031 945 3377 1005; x_wconf 78' lang='lat' dir='ltr'><strong>mirabilem</strong></span> <span class='ocrx_word' id='word_1_64' title='bbox 3413 949 3825 1011; x_wconf 89' lang='lat' dir='ltr'><strong>Constantino-</strong></span> 
     </span>
    </p>
   </div>
   <div class='ocr_carea' id='block_1_15' title="bbox 434 1044 3826 1130">
    <p class='ocr_par' dir='ltr' id='par_1_15' title="bbox 434 1044 3826 1130">
     <span class='ocr_line' id='line_1_15' title="bbox 434 1044 3826 1130; baseline 0 -22"><span class='ocrx_word' id='word_1_65' title='bbox 434 1048 571 1130; x_wconf 90' lang='lat' dir='ltr'><strong>poli</strong></span> <span class='ocrx_word' id='word_1_66' title='bbox 607 1047 1020 1108; x_wconf 81' lang='lat' dir='ltr'><strong>mutationem</strong></span> <span class='ocrx_word' id='word_1_67' title='bbox 1053 1047 1311 1119; x_wconf 84' lang='lat' dir='ltr'><strong>factam,</strong></span> <span class='ocrx_word' id='word_1_68' title='bbox 1365 1064 1505 1105; x_wconf 91' lang='lat' dir='ltr'><strong>cum</strong></span> <span class='ocrx_word' id='word_1_69' title='bbox 1557 1045 1621 1104; x_wconf 92' lang='lat' dir='ltr'><strong>in</strong></span> <span class='ocrx_word' id='word_1_70' title='bbox 1674 1063 1749 1104; x_wconf 91' lang='lat' dir='ltr'><strong>ea</strong></span> <span class='ocrx_word' id='word_1_71' title='bbox 1804 1044 1978 1113; x_wconf 90' lang='lat' dir='ltr'><strong>urbe,</strong></span> <span class='ocrx_word' id='word_1_72' title='bbox 2037 1064 2178 1124; x_wconf 61' lang='lat' dir='ltr'><strong>qua</strong></span> <span class='ocrx_word' id='word_1_73' title='bbox 2224 1044 2591 1123; x_wconf 82' lang='lat' dir='ltr'><strong>metropolis</strong></span> <span class='ocrx_word' id='word_1_74' title='bbox 2629 1051 2689 1103; x_wconf 92' lang='lat' dir='ltr'><strong>et</strong></span> <span class='ocrx_word' id='word_1_75' title='bbox 2722 1044 3265 1122; x_wconf 83' lang='lat' dir='ltr'><strong>propugnaculum</strong></span> <span class='ocrx_word' id='word_1_76' title='bbox 3298 1052 3433 1105; x_wconf 89' lang='lat' dir='ltr'><strong>erat</strong></span> <span class='ocrx_word' id='word_1_77' title='bbox 3464 1047 3826 1108; x_wconf 82' lang='lat' dir='ltr'><strong>Macedonia-</strong></span> 
     </span>
    </p>
   </div>
   <div class='ocr_carea' id='block_1_16' title="bbox 440 1142 3826 1224">
    <p class='ocr_par' dir='ltr' id='par_1_16' title="bbox 440 1142 3826 1224">
     <span class='ocr_line' id='line_1_16' title="bbox 440 1142 3826 1224; baseline -0 -16"><span class='ocrx_word' id='word_1_78' title='bbox 440 1165 691 1217; x_wconf 90' lang='lat' dir='ltr'><strong>norum,</strong></span> <span class='ocrx_word' id='word_1_79' title='bbox 727 1144 998 1224; x_wconf 85' lang='lat' dir='ltr'><strong>Spiritus</strong></span> <span class='ocrx_word' id='word_1_80' title='bbox 1029 1144 1226 1205; x_wconf 88' lang='lat' dir='ltr'><strong>sancti</strong></span> <span class='ocrx_word' id='word_1_81' title='bbox 1260 1142 1555 1202; x_wconf 82' lang='lat' dir='ltr'><strong>divinitas</strong></span> <span class='ocrx_word' id='word_1_82' title='bbox 1606 1142 1803 1221; x_wconf 85' lang='lat' dir='ltr'><strong>ipsius</strong></span> <span class='ocrx_word' id='word_1_83' title='bbox 1854 1143 2138 1220; x_wconf 76' lang='lat' dir='ltr'><strong>Gregorii</strong></span> <span class='ocrx_word' id='word_1_84' title='bbox 2190 1162 2383 1221; x_wconf 87' lang='lat' dir='ltr'><strong>opera</strong></span> <span class='ocrx_word' id='word_1_85' title='bbox 2441 1142 2869 1221; x_wconf 82' lang='lat' dir='ltr'><strong>singularique</strong></span> <span class='ocrx_word' id='word_1_86' title='bbox 2899 1142 3091 1202; x_wconf 91' lang='lat' dir='ltr'><strong>animi</strong></span> <span class='ocrx_word' id='word_1_87' title='bbox 3122 1143 3484 1203; x_wconf 86' lang='lat' dir='ltr'><strong>fortitudine</strong></span> <span class='ocrx_word' id='word_1_88' title='bbox 3515 1146 3826 1222; x_wconf 65' lang='lat' dir='ltr'><strong>praedicata</strong></span> 
     </span>
    </p>
   </div>
   <div class='ocr_carea' id='block_1_17' title="bbox 439 1252 555 1307">
    <p class='ocr_par' dir='ltr' id='par_1_17' title="bbox 439 1252 555 1307">
     <span class='ocr_line' id='line_1_17' title="bbox 439 1252 555 1307; baseline -0.034 0"><span class='ocrx_word' id='word_1_89' title='bbox 439 1252 555 1307; x_wconf 90' lang='lat' dir='ltr'><strong>est.</strong></span> 
     </span>
    </p>
   </div>
   <div class='ocr_carea' id='block_1_18' title="bbox 519 1337 3829 1417">
    <p class='ocr_par' dir='ltr' id='par_1_18' title="bbox 519 1337 3829 1417">
     <span class='ocr_line' id='line_1_18' title="bbox 519 1337 3829 1417; baseline -0 -15"><span class='ocrx_word' id='word_1_90' title='bbox 519 1341 727 1402; x_wconf 86' lang='lat' dir='ltr'><strong>Inanis</strong></span> <span class='ocrx_word' id='word_1_91' title='bbox 781 1345 991 1401; x_wconf 91' lang='lat' dir='ltr'><strong>autem</strong></span> <span class='ocrx_word' id='word_1_92' title='bbox 1049 1338 1156 1399; x_wconf 91' lang='lat' dir='ltr'><strong>ille</strong></span> <span class='ocrx_word' id='word_1_93' title='bbox 1216 1338 1588 1416; x_wconf 90' lang='lat' dir='ltr'><strong>scrupulus,</strong></span> <span class='ocrx_word' id='word_1_94' title='bbox 1676 1337 1753 1398; x_wconf 91' lang='lat' dir='ltr'><strong>de</strong></span> <span class='ocrx_word' id='word_1_95' title='bbox 1812 1338 2260 1417; x_wconf 64' lang='lat' dir='ltr'><strong>praedicatione</strong></span> <span class='ocrx_word' id='word_1_96' title='bbox 2340 1338 2609 1417; x_wconf 86' lang='lat' dir='ltr'><strong>Spiritus</strong></span> <span class='ocrx_word' id='word_1_97' title='bbox 2667 1338 2865 1397; x_wconf 86' lang='lat' dir='ltr'><strong>sancti</strong></span> <span class='ocrx_word' id='word_1_98' title='bbox 2941 1338 3329 1413; x_wconf 86' lang='lat' dir='ltr'><strong>divinitatis,</strong></span> <span class='ocrx_word' id='word_1_99' title='bbox 3408 1359 3529 1401; x_wconf 92' lang='lat' dir='ltr'><strong>non</strong></span> <span class='ocrx_word' id='word_1_100' title='bbox 3594 1341 3705 1402; x_wconf 87' lang='lat' dir='ltr'><strong>nisi</strong></span> <span class='ocrx_word' id='word_1_101' title='bbox 3774 1342 3829 1401; x_wconf 92' lang='lat' dir='ltr'><strong>in</strong></span> 
     </span>
    </p>
   </div>
   <div class='ocr_carea' id='block_1_19' title="bbox 440 1434 3826 1517">
    <p class='ocr_par' dir='ltr' id='par_1_19' title="bbox 440 1434 3826 1517">
     <span class='ocr_line' id='line_1_19' title="bbox 440 1434 3826 1517; baseline -0 -18"><span class='ocrx_word' id='word_1_102' title='bbox 440 1438 815 1517; x_wconf 88' lang='lat' dir='ltr'><strong>quibusdam</strong></span> <span class='ocrx_word' id='word_1_103' title='bbox 881 1437 1149 1497; x_wconf 87' lang='lat' dir='ltr'><strong>Orientis</strong></span> <span class='ocrx_word' id='word_1_104' title='bbox 1207 1436 1491 1515; x_wconf 88' lang='lat' dir='ltr'><strong>partibus</strong></span> <span class='ocrx_word' id='word_1_105' title='bbox 1546 1442 1865 1513; x_wconf 84' lang='lat' dir='ltr'><strong>grassatus</strong></span> <span class='ocrx_word' id='word_1_106' title='bbox 1922 1443 2047 1505; x_wconf 91' lang='lat' dir='ltr'><strong>est,</strong></span> <span class='ocrx_word' id='word_1_107' title='bbox 2099 1436 2373 1496; x_wconf 83' lang='lat' dir='ltr'><strong>maxime</strong></span> <span class='ocrx_word' id='word_1_108' title='bbox 2431 1437 2774 1505; x_wconf 71' lang='lat' dir='ltr'><strong>Cmsareaa;</strong></span> <span class='ocrx_word' id='word_1_109' title='bbox 2838 1434 2925 1496; x_wconf 92' lang='lat' dir='ltr'><strong>ita</strong></span> <span class='ocrx_word' id='word_1_110' title='bbox 2982 1441 3048 1495; x_wconf 90' lang='lat' dir='ltr'><strong>ut</strong></span> <span class='ocrx_word' id='word_1_111' title='bbox 3105 1436 3291 1496; x_wconf 90' lang='lat' dir='ltr'><strong>etiam</strong></span> <span class='ocrx_word' id='word_1_112' title='bbox 3354 1438 3646 1511; x_wconf 86' lang='lat' dir='ltr'><strong>Basilius,</strong></span> <span class='ocrx_word' id='word_1_113' title='bbox 3705 1458 3826 1499; x_wconf 90' lang='lat' dir='ltr'><strong>cum</strong></span> 
     </span>
    </p>
   </div>
   <div class='ocr_carea' id='block_1_20' title="bbox 438 1533 3831 1613">
    <p class='ocr_par' dir='ltr' id='par_1_20' title="bbox 438 1533 3831 1613">
     <span class='ocr_line' id='line_1_20' title="bbox 438 1533 3831 1613; baseline -0.001 -16"><span class='ocrx_word' id='word_1_114' title='bbox 438 1536 813 1598; x_wconf 87' lang='lat' dir='ltr'><strong>ﬁrmissimis</strong></span> <span class='ocrx_word' id='word_1_115' title='bbox 888 1533 1275 1613; x_wconf 86' lang='lat' dir='ltr'><strong>argumentis</strong></span> <span class='ocrx_word' id='word_1_116' title='bbox 1350 1533 1618 1612; x_wconf 89' lang='lat' dir='ltr'><strong>Spiritus</strong></span> <span class='ocrx_word' id='word_1_117' title='bbox 1698 1534 1897 1594; x_wconf 89' lang='lat' dir='ltr'><strong>sancti</strong></span> <span class='ocrx_word' id='word_1_118' title='bbox 1973 1534 2367 1595; x_wconf 89' lang='lat' dir='ltr'><strong>divinitatem</strong></span> <span class='ocrx_word' id='word_1_119' title='bbox 2447 1534 2957 1607; x_wconf 87' lang='lat' dir='ltr'><strong>demonstraret,</strong></span> <span class='ocrx_word' id='word_1_120' title='bbox 3035 1552 3178 1593; x_wconf 90' lang='lat' dir='ltr'><strong>eum</strong></span> <span class='ocrx_word' id='word_1_121' title='bbox 3255 1553 3388 1595; x_wconf 85' lang='lat' dir='ltr'><strong>esse</strong></span> <span class='ocrx_word' id='word_1_122' title='bbox 3462 1536 3651 1596; x_wconf 91' lang='lat' dir='ltr'><strong>Deum</strong></span> <span class='ocrx_word' id='word_1_123' title='bbox 3722 1555 3831 1596; x_wconf 90' lang='lat' dir='ltr'><strong>non</strong></span> 
     </span>
    </p>
   </div>
   <div class='ocr_carea' id='block_1_21' title="bbox 441 1631 3826 1715">
    <p class='ocr_par' dir='ltr' id='par_1_21' title="bbox 441 1631 3826 1715">
     <span class='ocr_line' id='line_1_21' title="bbox 441 1631 3826 1715; baseline -0.001 -20"><span class='ocrx_word' id='word_1_124' title='bbox 441 1640 656 1715; x_wconf 91' lang='lat' dir='ltr'><strong>aperte</strong></span> <span class='ocrx_word' id='word_1_125' title='bbox 711 1631 1119 1712; x_wconf 64' lang='lat' dir='ltr'><strong>praedicaret,</strong></span> <span class='ocrx_word' id='word_1_126' title='bbox 1196 1649 1274 1691; x_wconf 92' lang='lat' dir='ltr'><strong>ne</strong></span> <span class='ocrx_word' id='word_1_127' title='bbox 1331 1631 1573 1691; x_wconf 92' lang='lat' dir='ltr'><strong>animos</strong></span> <span class='ocrx_word' id='word_1_128' title='bbox 1631 1631 1960 1704; x_wconf 75' lang='lat' dir='ltr'><strong>etferaret,</strong></span> <span class='ocrx_word' id='word_1_129' title='bbox 2032 1650 2111 1692; x_wconf 90' lang='lat' dir='ltr'><strong>ne</strong></span> <span class='ocrx_word' id='word_1_130' title='bbox 2169 1633 2345 1692; x_wconf 93' lang='lat' dir='ltr'><strong>novis</strong></span> <span class='ocrx_word' id='word_1_131' title='bbox 2404 1631 2710 1705; x_wconf 90' lang='lat' dir='ltr'><strong>dissidiis,</strong></span> <span class='ocrx_word' id='word_1_132' title='bbox 2784 1631 3085 1709; x_wconf 91' lang='lat' dir='ltr'><strong>novisque</strong></span> <span class='ocrx_word' id='word_1_133' title='bbox 3142 1632 3579 1693; x_wconf 85' lang='lat' dir='ltr'><strong>vexationibus</strong></span> <span class='ocrx_word' id='word_1_134' title='bbox 3632 1651 3826 1693; x_wconf 86' lang='lat' dir='ltr'><strong>ansam</strong></span> 
     </span>
    </p>
   </div>
   <div class='ocr_carea' id='block_1_22' title="bbox 442 1729 3830 1812">
    <p class='ocr_par' dir='ltr' id='par_1_22' title="bbox 442 1729 3830 1812">
     <span class='ocr_line' id='line_1_22' title="bbox 442 1729 3830 1812; baseline -0.001 -20"><span class='ocrx_word' id='word_1_135' title='bbox 442 1732 787 1812; x_wconf 65' lang='lat' dir='ltr'><strong>praeberet,</strong></span> <span class='ocrx_word' id='word_1_136' title='bbox 838 1730 1005 1809; x_wconf 90' lang='lat' dir='ltr'><strong>quod</strong></span> <span class='ocrx_word' id='word_1_137' title='bbox 1054 1730 1187 1789; x_wconf 84' lang='lat' dir='ltr'><strong>fuse</strong></span> <span class='ocrx_word' id='word_1_138' title='bbox 1236 1730 1639 1808; x_wconf 89' lang='lat' dir='ltr'><strong>prosequitur</strong></span> <span class='ocrx_word' id='word_1_139' title='bbox 1688 1730 2021 1808; x_wconf 88' lang='lat' dir='ltr'><strong>Gregorius</strong></span> <span class='ocrx_word' id='word_1_140' title='bbox 2069 1730 2355 1790; x_wconf 88' lang='lat' dir='ltr'><strong>oratione</strong></span> <span class='ocrx_word' id='word_1_141' title='bbox 2405 1749 2597 1808; x_wconf 91' lang='lat' dir='ltr'><strong>quam</strong></span> <span class='ocrx_word' id='word_1_142' title='bbox 2652 1729 2870 1789; x_wconf 88' lang='lat' dir='ltr'><strong>habuit</strong></span> <span class='ocrx_word' id='word_1_143' title='bbox 2946 1730 3005 1789; x_wconf 92' lang='lat' dir='ltr'><strong>in</strong></span> <span class='ocrx_word' id='word_1_144' title='bbox 3060 1729 3311 1790; x_wconf 92' lang='lat' dir='ltr'><strong>laudem</strong></span> <span class='ocrx_word' id='word_1_145' title='bbox 3361 1730 3574 1791; x_wconf 89' lang='lat' dir='ltr'><strong>Basilii</strong></span> <span class='ocrx_word' id='word_1_146' title='bbox 3608 1730 3728 1809; x_wconf 83' lang='lat' dir='ltr'><strong>(b):</strong></span> <span class='ocrx_word' id='word_1_147' title='bbox 3776 1731 3830 1789; x_wconf 92' lang='lat' dir='ltr'><strong>in</strong></span> 
     </span>
    </p>
   </div>
   <div class='ocr_carea' id='block_1_23' title="bbox 442 1828 3830 1908">
    <p class='ocr_par' dir='ltr' id='par_1_23' title="bbox 442 1828 3830 1908">
     <span class='ocr_line' id='line_1_23' title="bbox 442 1828 3830 1908; baseline -0.001 -16"><span class='ocrx_word' id='word_1_148' title='bbox 442 1829 777 1892; x_wconf 89' lang='lat' dir='ltr'><strong>Occidente</strong></span> <span class='ocrx_word' id='word_1_149' title='bbox 832 1846 979 1889; x_wconf 86' lang='lat' dir='ltr'><strong>vero</strong></span> <span class='ocrx_word' id='word_1_150' title='bbox 1036 1845 1415 1905; x_wconf 87' lang='lat' dir='ltr'><strong>nunquam;</strong></span> <span class='ocrx_word' id='word_1_151' title='bbox 1497 1846 1682 1889; x_wconf 93' lang='lat' dir='ltr'><strong>nemo</strong></span> <span class='ocrx_word' id='word_1_152' title='bbox 1740 1828 1905 1887; x_wconf 92' lang='lat' dir='ltr'><strong>enim</strong></span> <span class='ocrx_word' id='word_1_153' title='bbox 1963 1828 2092 1889; x_wconf 91' lang='lat' dir='ltr'><strong>illic</strong></span> <span class='ocrx_word' id='word_1_154' title='bbox 2155 1828 2459 1907; x_wconf 91' lang='lat' dir='ltr'><strong>Spiritum</strong></span> <span class='ocrx_word' id='word_1_155' title='bbox 2520 1834 2805 1888; x_wconf 91' lang='lat' dir='ltr'><strong>sanctum</strong></span> <span class='ocrx_word' id='word_1_156' title='bbox 2868 1830 3061 1887; x_wconf 90' lang='lat' dir='ltr'><strong>Deum</strong></span> <span class='ocrx_word' id='word_1_157' title='bbox 3132 1828 3339 1888; x_wconf 87' lang='lat' dir='ltr'><strong>dicere</strong></span> <span class='ocrx_word' id='word_1_158' title='bbox 3396 1835 3458 1888; x_wconf 92' lang='lat' dir='ltr'><strong>et</strong></span> <span class='ocrx_word' id='word_1_159' title='bbox 3515 1828 3830 1908; x_wconf 79' lang='lat' dir='ltr'><strong>praedicare</strong></span> 
     </span>
    </p>
   </div>
   <div class='ocr_carea' id='block_1_24' title="bbox 440 1926 774 1988">
    <p class='ocr_par' dir='ltr' id='par_1_24' title="bbox 440 1926 774 1988">
     <span class='ocr_line' id='line_1_24' title="bbox 440 1926 774 1988; baseline -0.009 -1"><span class='ocrx_word' id='word_1_160' title='bbox 440 1926 774 1988; x_wconf 85' lang='lat' dir='ltr'><strong>dubitavit.</strong></span> 
     </span>
    </p>
   </div>
   <div class='ocr_carea' id='block_1_25' title="bbox 518 2023 3830 2103">
    <p class='ocr_par' dir='ltr' id='par_1_25' title="bbox 518 2023 3830 2103">
     <span class='ocr_line' id='line_1_25' title="bbox 518 2023 3830 2103; baseline -0 -19"><span class='ocrx_word' id='word_1_161' title='bbox 518 2024 817 2096; x_wconf 86' lang='lat' dir='ltr'><strong>Quamvis</strong></span> <span class='ocrx_word' id='word_1_162' title='bbox 860 2023 937 2083; x_wconf 94' lang='lat' dir='ltr'><strong>de</strong></span> <span class='ocrx_word' id='word_1_163' title='bbox 986 2024 1383 2101; x_wconf 90' lang='lat' dir='ltr'><strong>processione</strong></span> <span class='ocrx_word' id='word_1_164' title='bbox 1412 2023 1680 2103; x_wconf 84' lang='lat' dir='ltr'><strong>Spiritus</strong></span> <span class='ocrx_word' id='word_1_165' title='bbox 1714 2042 1836 2084; x_wconf 92' lang='lat' dir='ltr'><strong>non</strong></span> <span class='ocrx_word' id='word_1_166' title='bbox 1870 2031 2019 2102; x_wconf 87' lang='lat' dir='ltr'><strong>agat</strong></span> <span class='ocrx_word' id='word_1_167' title='bbox 2050 2024 2414 2103; x_wconf 88' lang='lat' dir='ltr'><strong>Gregorius,</strong></span> <span class='ocrx_word' id='word_1_168' title='bbox 2450 2025 2634 2103; x_wconf 86' lang='lat' dir='ltr'><strong>plura</strong></span> <span class='ocrx_word' id='word_1_169' title='bbox 2687 2036 2894 2083; x_wconf 86' lang='lat' dir='ltr'><strong>tamen</strong></span> <span class='ocrx_word' id='word_1_170' title='bbox 2946 2023 3006 2083; x_wconf 92' lang='lat' dir='ltr'><strong>in</strong></span> <span class='ocrx_word' id='word_1_171' title='bbox 3058 2023 3194 2098; x_wconf 84' lang='lat' dir='ltr'><strong>ejus</strong></span> <span class='ocrx_word' id='word_1_172' title='bbox 3242 2024 3491 2103; x_wconf 91' lang='lat' dir='ltr'><strong>scriptis</strong></span> <span class='ocrx_word' id='word_1_173' title='bbox 3522 2031 3661 2085; x_wconf 85' lang='lat' dir='ltr'><strong>sunt</strong></span> <span class='ocrx_word' id='word_1_174' title='bbox 3691 2025 3830 2098; x_wconf 89' lang='lat' dir='ltr'><strong>loca,</strong></span> 
     </span>
    </p>
   </div>
   <div class='ocr_carea' id='block_1_26' title="bbox 440 2120 3829 2200">
    <p class='ocr_par' dir='ltr' id='par_1_26' title="bbox 440 2120 3829 2200">
     <span class='ocr_line' id='line_1_26' title="bbox 440 2120 3829 2200; baseline -0 -18"><span class='ocrx_word' id='word_1_175' title='bbox 440 2142 514 2183; x_wconf 83' lang='lat' dir='ltr'><strong>ex</strong></span> <span class='ocrx_word' id='word_1_176' title='bbox 548 2122 778 2200; x_wconf 91' lang='lat' dir='ltr'><strong>quibus</strong></span> <span class='ocrx_word' id='word_1_177' title='bbox 807 2120 1117 2199; x_wconf 86' lang='lat' dir='ltr'><strong>conjicere</strong></span> <span class='ocrx_word' id='word_1_178' title='bbox 1150 2120 1314 2191; x_wconf 87' lang='lat' dir='ltr'><strong>licet,</strong></span> <span class='ocrx_word' id='word_1_179' title='bbox 1351 2139 1495 2180; x_wconf 91' lang='lat' dir='ltr'><strong>eum</strong></span> <span class='ocrx_word' id='word_1_180' title='bbox 1544 2139 1582 2180; x_wconf 91' lang='lat' dir='ltr'><strong>a</strong></span> <span class='ocrx_word' id='word_1_181' title='bbox 1631 2123 1816 2181; x_wconf 90' lang='lat' dir='ltr'><strong>Patre</strong></span> <span class='ocrx_word' id='word_1_182' title='bbox 1849 2128 1911 2180; x_wconf 91' lang='lat' dir='ltr'><strong>et</strong></span> <span class='ocrx_word' id='word_1_183' title='bbox 1953 2140 1991 2181; x_wconf 91' lang='lat' dir='ltr'><strong>a</strong></span> <span class='ocrx_word' id='word_1_184' title='bbox 2021 2121 2178 2182; x_wconf 91' lang='lat' dir='ltr'><strong>Filio</strong></span> <span class='ocrx_word' id='word_1_185' title='bbox 2210 2122 2511 2200; x_wconf 90' lang='lat' dir='ltr'><strong>Spiritum</strong></span> <span class='ocrx_word' id='word_1_186' title='bbox 2546 2128 2832 2181; x_wconf 91' lang='lat' dir='ltr'><strong>sanctum</strong></span> <span class='ocrx_word' id='word_1_187' title='bbox 2868 2120 3206 2199; x_wconf 82' lang='lat' dir='ltr'><strong>procedere</strong></span> <span class='ocrx_word' id='word_1_188' title='bbox 3236 2121 3611 2182; x_wconf 89' lang='lat' dir='ltr'><strong>arbitratum</strong></span> <span class='ocrx_word' id='word_1_189' title='bbox 3643 2122 3829 2191; x_wconf 87' lang='lat' dir='ltr'><strong>fuisse,</strong></span> 
     </span>
    </p>
   </div>
   <div class='ocr_carea' id='block_1_27' title="bbox 441 2218 2052 2301">
    <p class='ocr_par' dir='ltr' id='par_1_27' title="bbox 441 2218 2052 2300">
     <span class='ocr_line' id='line_1_27' title="bbox 441 2218 2052 2300; baseline -0.001 -20"><span class='ocrx_word' id='word_1_190' title='bbox 441 2228 514 2281; x_wconf 86' lang='lat' dir='ltr'><strong>ut</strong></span> <span class='ocrx_word' id='word_1_191' title='bbox 560 2221 681 2280; x_wconf 91' lang='lat' dir='ltr'><strong>ista</strong></span> <span class='ocrx_word' id='word_1_192' title='bbox 712 2218 791 2299; x_wconf 77' lang='grc' dir='ltr'><strong>(ϐ)</strong></span> <span class='ocrx_word' id='word_1_193' title='bbox 821 2239 835 2280; x_wconf 74' lang='grc' dir='ltr'>ζ</span> <span class='ocrx_word' id='word_1_194' title='bbox 889 2228 1321 2300; x_wconf 77' lang='grc' dir='ltr'>Προσκυνοῢντες</span> <span class='ocrx_word' id='word_1_195' title='bbox 1356 2224 1565 2296; x_wconf 69' lang='grc' dir='ltr'>Πατέρα</span> <span class='ocrx_word' id='word_1_196' title='bbox 1591 2222 1642 2277; x_wconf 74' lang='grc' dir='ltr'><strong>ἐν</strong></span> <span class='ocrx_word' id='word_1_197' title='bbox 1672 2225 1799 2295; x_wconf 73' lang='grc' dir='ltr'><strong>Υἱῷ,</strong></span> <span class='ocrx_word' id='word_1_198' title='bbox 1833 2224 1920 2277; x_wconf 82' lang='grc' dir='ltr'>καὶ</span> <span class='ocrx_word' id='word_1_199' title='bbox 1953 2225 2052 2278; x_wconf 66' lang='lat' dir='ltr'><strong>rte</strong></span> 
     </span>
    </p>
   </div>
   <div class='ocr_carea' id='block_1_28' title="bbox 2225 2218 3836 2301">
    <p class='ocr_par' dir='ltr' id='par_1_28' title="bbox 2225 2219 3836 2301">
     <span class='ocr_line' id='line_1_28' title="bbox 2225 2219 3836 2301; baseline -0.001 -23"><span class='ocrx_word' id='word_1_200' title='bbox 2225 2224 2338 2301; x_wconf 67' lang='grc' dir='ltr'><strong>ῐγὶῳ</strong></span> <span class='ocrx_word' id='word_1_201' title='bbox 2370 2223 2664 2297; x_wconf 78' lang='grc' dir='ltr'>Πνεύματι·</span> <span class='ocrx_word' id='word_1_202' title='bbox 2721 2243 2749 2273; x_wconf 72' lang='grc' dir='ltr'><strong>(ι</strong></span> <span class='ocrx_word' id='word_1_203' title='bbox 2784 2219 3129 2279; x_wconf 84' lang='lat' dir='ltr'><strong>Adorantes</strong></span> <span class='ocrx_word' id='word_1_204' title='bbox 3178 2223 3427 2279; x_wconf 88' lang='lat' dir='ltr'><strong>Patrem</strong></span> <span class='ocrx_word' id='word_1_205' title='bbox 3481 2220 3545 2280; x_wconf 90' lang='lat' dir='ltr'><strong>in</strong></span> <span class='ocrx_word' id='word_1_206' title='bbox 3592 2220 3756 2290; x_wconf 89' lang='lat' dir='ltr'><strong>Filio,</strong></span> <span class='ocrx_word' id='word_1_207' title='bbox 3785 2225 3836 2277; x_wconf 88' lang='lat' dir='ltr'><strong>et</strong></span> 
     </span>
    </p>
   </div>
   <div class='ocr_carea' id='block_1_29' title="bbox 442 2313 3832 2394">
    <p class='ocr_par' dir='ltr' id='par_1_29' title="bbox 442 2313 3832 2394">
     <span class='ocr_line' id='line_1_29' title="bbox 442 2313 3832 2394; baseline -0.001 -17"><span class='ocrx_word' id='word_1_208' title='bbox 442 2317 669 2378; x_wconf 90' lang='lat' dir='ltr'><strong>Filium</strong></span> <span class='ocrx_word' id='word_1_209' title='bbox 702 2315 764 2375; x_wconf 92' lang='lat' dir='ltr'><strong>in</strong></span> <span class='ocrx_word' id='word_1_210' title='bbox 800 2322 1017 2375; x_wconf 90' lang='lat' dir='ltr'><strong>sancto</strong></span> <span class='ocrx_word' id='word_1_211' title='bbox 1049 2314 1308 2392; x_wconf 88' lang='lat' dir='ltr'><strong>Spiritu.</strong></span> <span class='ocrx_word' id='word_1_212' title='bbox 1342 2335 1370 2370; x_wconf 65' lang='grc' dir='ltr'><strong>η</strong></span> <span class='ocrx_word' id='word_1_213' title='bbox 1429 2313 1667 2385; x_wconf 88' lang='lat' dir='ltr'><strong>Quibus</strong></span> <span class='ocrx_word' id='word_1_214' title='bbox 1698 2314 1903 2373; x_wconf 90' lang='lat' dir='ltr'><strong>verbis</strong></span> <span class='ocrx_word' id='word_1_215' title='bbox 1940 2315 2002 2373; x_wconf 92' lang='lat' dir='ltr'><strong>id</strong></span> <span class='ocrx_word' id='word_1_216' title='bbox 2034 2316 2413 2394; x_wconf 88' lang='lat' dir='ltr'><strong>supponitur</strong></span> <span class='ocrx_word' id='word_1_217' title='bbox 2444 2315 2977 2393; x_wconf 90' lang='lat' dir='ltr'><strong>quemadmodum</strong></span> <span class='ocrx_word' id='word_1_218' title='bbox 3013 2316 3201 2375; x_wconf 88' lang='lat' dir='ltr'><strong>Filius</strong></span> <span class='ocrx_word' id='word_1_219' title='bbox 3230 2316 3649 2377; x_wconf 83' lang='lat' dir='ltr'><strong>substantiam</strong></span> <span class='ocrx_word' id='word_1_220' title='bbox 3677 2333 3832 2375; x_wconf 90' lang='lat' dir='ltr'><strong>suam</strong></span> 
     </span>
    </p>
   </div>
   <div class='ocr_carea' id='block_1_30' title="bbox 444 2402 2175 2491">
    <p class='ocr_par' dir='ltr' id='par_1_30' title="bbox 444 2402 2175 2491">
     <span class='ocr_line' id='line_1_30' title="bbox 444 2402 2175 2491; baseline -0.002 -14"><span class='ocrx_word' id='word_1_221' title='bbox 444 2434 483 2477; x_wconf 91' lang='lat' dir='ltr'><strong>a</strong></span> <span class='ocrx_word' id='word_1_222' title='bbox 514 2417 699 2476; x_wconf 89' lang='lat' dir='ltr'><strong>Patre</strong></span> <span class='ocrx_word' id='word_1_223' title='bbox 731 2412 949 2486; x_wconf 88' lang='lat' dir='ltr'><strong>trahit,</strong></span> <span class='ocrx_word' id='word_1_224' title='bbox 986 2412 1075 2473; x_wconf 89' lang='lat' dir='ltr'><strong>sic</strong></span> <span class='ocrx_word' id='word_1_225' title='bbox 1103 2430 1282 2472; x_wconf 90' lang='lat' dir='ltr'><strong>suam</strong></span> <span class='ocrx_word' id='word_1_226' title='bbox 1326 2430 1363 2472; x_wconf 87' lang='lat' dir='ltr'><strong>a</strong></span> <span class='ocrx_word' id='word_1_227' title='bbox 1412 2410 1567 2472; x_wconf 90' lang='lat' dir='ltr'><strong>Filio</strong></span> <span class='ocrx_word' id='word_1_228' title='bbox 1598 2410 1870 2491; x_wconf 89' lang='lat' dir='ltr'><strong>Spiritus</strong></span> <span class='ocrx_word' id='word_1_229' title='bbox 1899 2402 2175 2473; x_wconf 80' lang='lat' dir='ltr'><strong>sanctus.</strong></span> 
     </span>
    </p>
   </div>
   <div class='ocr_carea' id='block_1_31' title="bbox 1872 2598 2437 2661">
    <p class='ocr_par' dir='ltr' id='par_1_31' title="bbox 1872 2598 2437 2661">
     <span class='ocr_line' id='line_1_31' title="bbox 1872 2598 2437 2661; baseline 0 -1"><span class='ocrx_word' id='word_1_230' title='bbox 1872 2598 1961 2660; x_wconf 81' lang='lat' dir='ltr'><strong>De</strong></span> <span class='ocrx_word' id='word_1_231' title='bbox 1988 2598 2437 2661; x_wconf 70' lang='lat' dir='ltr'><strong>lncarnatione.</strong></span> 
     </span>
    </p>
   </div>
   <div class='ocr_carea' id='block_1_32' title="bbox 523 2758 3829 2838">
    <p class='ocr_par' dir='ltr' id='par_1_32' title="bbox 523 2758 3829 2838">
     <span class='ocr_line' id='line_1_32' title="bbox 523 2758 3829 2838; baseline -0.002 -17"><span class='ocrx_word' id='word_1_232' title='bbox 523 2760 976 2821; x_wconf 87' lang='lat' dir='ltr'><strong>Incarnationis</strong></span> <span class='ocrx_word' id='word_1_233' title='bbox 1024 2778 1147 2820; x_wconf 90' lang='lat' dir='ltr'><strong>non</strong></span> <span class='ocrx_word' id='word_1_234' title='bbox 1202 2759 1407 2819; x_wconf 88' lang='lat' dir='ltr'><strong>minus</strong></span> <span class='ocrx_word' id='word_1_235' title='bbox 1455 2766 1748 2819; x_wconf 84' lang='lat' dir='ltr'><strong>accurate</strong></span> <span class='ocrx_word' id='word_1_236' title='bbox 1798 2777 1987 2838; x_wconf 89' lang='lat' dir='ltr'><strong>quam</strong></span> <span class='ocrx_word' id='word_1_237' title='bbox 2036 2759 2360 2819; x_wconf 85' lang='lat' dir='ltr'><strong>Trinitatis</strong></span> <span class='ocrx_word' id='word_1_238' title='bbox 2412 2759 2773 2838; x_wconf 88' lang='lat' dir='ltr'><strong>mysterium</strong></span> <span class='ocrx_word' id='word_1_239' title='bbox 2810 2759 3084 2837; x_wconf 89' lang='lat' dir='ltr'><strong>explicat</strong></span> <span class='ocrx_word' id='word_1_240' title='bbox 3117 2760 3477 2838; x_wconf 90' lang='lat' dir='ltr'><strong>Gregorius.</strong></span> <span class='ocrx_word' id='word_1_241' title='bbox 3513 2764 3668 2820; x_wconf 89' lang='lat' dir='ltr'><strong>&#39;l‘am</strong></span> <span class='ocrx_word' id='word_1_242' title='bbox 3699 2758 3829 2819; x_wconf 91' lang='lat' dir='ltr'><strong>enim</strong></span> 
     </span>
    </p>
   </div>
   <div class='ocr_carea' id='block_1_33' title="bbox 440 2857 3836 2937">
    <p class='ocr_par' dir='ltr' id='par_1_33' title="bbox 440 2857 3836 2937">
     <span class='ocr_line' id='line_1_33' title="bbox 440 2857 3836 2937; baseline -0.001 -19"><span class='ocrx_word' id='word_1_243' title='bbox 440 2860 708 2937; x_wconf 90' lang='lat' dir='ltr'><strong>diligens</strong></span> <span class='ocrx_word' id='word_1_244' title='bbox 737 2865 800 2919; x_wconf 91' lang='lat' dir='ltr'><strong>et</strong></span> <span class='ocrx_word' id='word_1_245' title='bbox 831 2864 1163 2918; x_wconf 90' lang='lat' dir='ltr'><strong>accuratus</strong></span> <span class='ocrx_word' id='word_1_246' title='bbox 1191 2858 1254 2916; x_wconf 93' lang='lat' dir='ltr'><strong>in</strong></span> <span class='ocrx_word' id='word_1_247' title='bbox 1285 2876 1360 2917; x_wconf 93' lang='lat' dir='ltr'><strong>eo</strong></span> <span class='ocrx_word' id='word_1_248' title='bbox 1392 2858 1788 2936; x_wconf 83' lang='lat' dir='ltr'><strong>exponendo,</strong></span> <span class='ocrx_word' id='word_1_249' title='bbox 1814 2864 1885 2917; x_wconf 92' lang='lat' dir='ltr'><strong>ut</strong></span> <span class='ocrx_word' id='word_1_250' title='bbox 1914 2876 1987 2917; x_wconf 86' lang='lat' dir='ltr'><strong>ex</strong></span> <span class='ocrx_word' id='word_1_251' title='bbox 2020 2858 2328 2917; x_wconf 91' lang='lat' dir='ltr'><strong>immensa</strong></span> <span class='ocrx_word' id='word_1_252' title='bbox 2357 2857 2465 2917; x_wconf 91' lang='lat' dir='ltr'><strong>illa</strong></span> <span class='ocrx_word' id='word_1_253' title='bbox 2500 2857 2817 2916; x_wconf 71' lang='lat' dir='ltr'><strong>heeresum</strong></span> <span class='ocrx_word' id='word_1_254' title='bbox 2849 2857 3015 2918; x_wconf 89' lang='lat' dir='ltr'><strong>circa</strong></span> <span class='ocrx_word' id='word_1_255' title='bbox 3043 2858 3554 2919; x_wconf 88' lang='lat' dir='ltr'><strong>Incarnationem</strong></span> <span class='ocrx_word' id='word_1_256' title='bbox 3588 2858 3836 2930; x_wconf 86' lang='lat' dir='ltr'><strong>cohorte,</strong></span> 
     </span>
    </p>
   </div>
   <div class='ocr_carea' id='block_1_34' title="bbox 439 2954 3839 3036">
    <p class='ocr_par' dir='ltr' id='par_1_34' title="bbox 439 2954 3839 3036">
     <span class='ocr_line' id='line_1_34' title="bbox 439 2954 3839 3036; baseline -0.001 -20"><span class='ocrx_word' id='word_1_257' title='bbox 439 2976 582 3036; x_wconf 61' lang='lat' dir='ltr'><strong>qua;</strong></span> <span class='ocrx_word' id='word_1_258' title='bbox 616 2956 799 3018; x_wconf 90' lang='lat' dir='ltr'><strong>terris</strong></span> <span class='ocrx_word' id='word_1_259' title='bbox 826 2956 1137 3026; x_wconf 89' lang='lat' dir='ltr'><strong>incubuit,</strong></span> <span class='ocrx_word' id='word_1_260' title='bbox 1172 2955 1343 3015; x_wconf 86' lang='lat' dir='ltr'><strong>nulla</strong></span> <span class='ocrx_word' id='word_1_261' title='bbox 1395 2956 1473 3014; x_wconf 91' lang='lat' dir='ltr'><strong>sit</strong></span> <span class='ocrx_word' id='word_1_262' title='bbox 1516 2974 1703 3034; x_wconf 92' lang='lat' dir='ltr'><strong>quam</strong></span> <span class='ocrx_word' id='word_1_263' title='bbox 1756 2954 2003 3015; x_wconf 89' lang='lat' dir='ltr'><strong>calamo</strong></span> <span class='ocrx_word' id='word_1_264' title='bbox 2036 2974 2157 3015; x_wconf 91' lang='lat' dir='ltr'><strong>non</strong></span> <span class='ocrx_word' id='word_1_265' title='bbox 2192 2955 2543 3024; x_wconf 84' lang='lat' dir='ltr'><strong>conﬁxerit.</strong></span> <span class='ocrx_word' id='word_1_266' title='bbox 2580 2964 2760 3015; x_wconf 90' lang='lat' dir='ltr'><strong>natas</strong></span> <span class='ocrx_word' id='word_1_267' title='bbox 2789 2956 3021 3034; x_wconf 90' lang='lat' dir='ltr'><strong>pariter</strong></span> <span class='ocrx_word' id='word_1_268' title='bbox 3051 2963 3111 3015; x_wconf 89' lang='lat' dir='ltr'><strong>et</strong></span> <span class='ocrx_word' id='word_1_269' title='bbox 3143 2957 3518 3016; x_wconf 88' lang='lat' dir='ltr'><strong>nascituras.</strong></span> <span class='ocrx_word' id='word_1_270' title='bbox 3553 2954 3839 3017; x_wconf 77' lang='lat' dir='ltr'><strong>Nestoris-</strong></span> 
     </span>
    </p>
   </div>
   <div class='ocr_carea' id='block_1_35' title="bbox 438 3053 3839 3134">
    <p class='ocr_par' dir='ltr' id='par_1_35' title="bbox 438 3053 3839 3134">
     <span class='ocr_line' id='line_1_35' title="bbox 438 3053 3839 3134; baseline -0.001 -19"><span class='ocrx_word' id='word_1_271' title='bbox 438 3074 664 3117; x_wconf 90' lang='lat' dir='ltr'><strong>norum</strong></span> <span class='ocrx_word' id='word_1_272' title='bbox 700 3054 888 3125; x_wconf 89' lang='lat' dir='ltr'><strong>enim,</strong></span> <span class='ocrx_word' id='word_1_273' title='bbox 925 3053 1465 3133; x_wconf 89' lang='lat' dir='ltr'><strong>Eutychianorum</strong></span> <span class='ocrx_word' id='word_1_274' title='bbox 1517 3060 1578 3114; x_wconf 92' lang='lat' dir='ltr'><strong>et</strong></span> <span class='ocrx_word' id='word_1_275' title='bbox 1628 3053 2183 3113; x_wconf 87' lang='lat' dir='ltr'><strong>Monothelitarum</strong></span> <span class='ocrx_word' id='word_1_276' title='bbox 2236 3055 2432 3133; x_wconf 89' lang='lat' dir='ltr'><strong>impia</strong></span> <span class='ocrx_word' id='word_1_277' title='bbox 2480 3054 2803 3132; x_wconf 85' lang='lat' dir='ltr'><strong>dogmata,</strong></span> <span class='ocrx_word' id='word_1_278' title='bbox 2838 3074 2979 3132; x_wconf 71' lang='lat' dir='ltr'><strong>quae</strong></span> <span class='ocrx_word' id='word_1_279' title='bbox 3014 3055 3279 3114; x_wconf 91' lang='lat' dir='ltr'><strong>necdum</strong></span> <span class='ocrx_word' id='word_1_280' title='bbox 3314 3062 3676 3134; x_wconf 84' lang='lat' dir='ltr'><strong>eruperant,</strong></span> <span class='ocrx_word' id='word_1_281' title='bbox 3709 3071 3839 3113; x_wconf 92' lang='lat' dir='ltr'><strong>con-</strong></span> 
     </span>
    </p>
   </div>
   <div class='ocr_carea' id='block_1_36' title="bbox 435 3149 3848 3231">
    <p class='ocr_par' dir='ltr' id='par_1_36' title="bbox 435 3149 3848 3231">
     <span class='ocr_line' id='line_1_36' title="bbox 435 3149 3848 3231; baseline -0.001 -19"><span class='ocrx_word' id='word_1_282' title='bbox 435 3152 634 3225; x_wconf 84' lang='lat' dir='ltr'><strong>vellit,</strong></span> <span class='ocrx_word' id='word_1_283' title='bbox 690 3152 1015 3231; x_wconf 90' lang='lat' dir='ltr'><strong>oppositas</strong></span> <span class='ocrx_word' id='word_1_284' title='bbox 1072 3152 1169 3211; x_wconf 91' lang='lat' dir='ltr'><strong>his</strong></span> <span class='ocrx_word' id='word_1_285' title='bbox 1216 3151 1621 3229; x_wconf 88' lang='lat' dir='ltr'><strong>dogmatibus</strong></span> <span class='ocrx_word' id='word_1_286' title='bbox 1680 3151 1972 3211; x_wconf 87' lang='lat' dir='ltr'><strong>veritates</strong></span> <span class='ocrx_word' id='word_1_287' title='bbox 2030 3151 2402 3230; x_wconf 63' lang='lat' dir='ltr'><strong>praedicans.</strong></span> <span class='ocrx_word' id='word_1_288' title='bbox 2455 3156 2539 3210; x_wconf 85' lang='lat' dir='ltr'><strong>Ac</strong></span> <span class='ocrx_word' id='word_1_289' title='bbox 2592 3152 2796 3230; x_wconf 90' lang='lat' dir='ltr'><strong>primo</strong></span> <span class='ocrx_word' id='word_1_290' title='bbox 2845 3153 3096 3231; x_wconf 89' lang='lat' dir='ltr'><strong>quidem</strong></span> <span class='ocrx_word' id='word_1_291' title='bbox 3151 3171 3273 3212; x_wconf 90' lang='lat' dir='ltr'><strong>non</strong></span> <span class='ocrx_word' id='word_1_292' title='bbox 3329 3153 3522 3212; x_wconf 90' lang='lat' dir='ltr'><strong>aliam</strong></span> <span class='ocrx_word' id='word_1_293' title='bbox 3587 3149 3848 3230; x_wconf 88' lang='lat' dir='ltr'><strong>agnoscit</strong></span> 
     </span>
    </p>
   </div>
   <div class='ocr_carea' id='block_1_37' title="bbox 436 3248 2047 3332">
    <p class='ocr_par' dir='ltr' id='par_1_37' title="bbox 436 3248 2039 3329">
     <span class='ocr_line' id='line_1_37' title="bbox 436 3248 2039 3329; baseline -0.002 -18"><span class='ocrx_word' id='word_1_294' title='bbox 436 3249 909 3312; x_wconf 89' lang='lat' dir='ltr'><strong>Incarnationis</strong></span> <span class='ocrx_word' id='word_1_295' title='bbox 954 3268 1210 3311; x_wconf 88' lang='lat' dir='ltr'><strong>causam</strong></span> <span class='ocrx_word' id='word_1_296' title='bbox 1243 3248 1351 3329; x_wconf 74' lang='grc' dir='ltr'><strong>(ά),</strong></span> <span class='ocrx_word' id='word_1_297' title='bbox 1407 3268 1599 3328; x_wconf 89' lang='lat' dir='ltr'><strong>quam</strong></span> <span class='ocrx_word' id='word_1_298' title='bbox 1651 3249 1916 3309; x_wconf 90' lang='lat' dir='ltr'><strong>humani</strong></span> <span class='ocrx_word' id='word_1_299' title='bbox 1964 3269 2039 3327; x_wconf 92' lang='lat' dir='ltr'><strong>ge</strong></span> 
     </span>
    </p>
   </div>
   <div class='ocr_carea' id='block_1_38' title="bbox 2237 3248 3848 3332">
    <p class='ocr_par' dir='ltr' id='par_1_38' title="bbox 2262 3249 3848 3332">
     <span class='ocr_line' id='line_1_38' title="bbox 2262 3249 3848 3332; baseline -0.002 -24"><span class='ocrx_word' id='word_1_300' title='bbox 2262 3249 2783 3310; x_wconf 88' lang='lat' dir='ltr'><strong>restaurationem</strong></span> <span class='ocrx_word' id='word_1_301' title='bbox 2822 3268 2833 3308; x_wconf 88' lang='grc'>;</span> <span class='ocrx_word' id='word_1_302' title='bbox 2898 3256 2987 3318; x_wconf 66' lang='lat' dir='ltr'><strong>Ti:</strong></span> <span class='ocrx_word' id='word_1_303' title='bbox 3021 3253 3077 3310; x_wconf 68' lang='grc' dir='ltr'><strong>δὲ</strong></span> <span class='ocrx_word' id='word_1_304' title='bbox 3108 3262 3204 3326; x_wconf 75' lang='grc' dir='ltr'><strong>τῆς</strong></span> <span class='ocrx_word' id='word_1_305' title='bbox 3234 3256 3675 3332; x_wconf 75' lang='grc' dir='ltr'><strong>ἆνΟρωπό-τητος,</strong></span> <span class='ocrx_word' id='word_1_306' title='bbox 3702 3256 3758 3324; x_wconf 67' lang='grc' dir='ltr'><strong>ἦν</strong></span> <span class='ocrx_word' id='word_1_307' title='bbox 3792 3250 3848 3306; x_wconf 75' lang='grc' dir='ltr'><strong>δι’</strong></span> 
     </span>
    </p>
   </div>
   <div class='ocr_carea' id='block_1_39' title="bbox 438 3344 2049 3431">
    <p class='ocr_par' dir='ltr' id='par_1_39' title="bbox 438 3352 2049 3427">
     <span class='ocr_line' id='line_1_39' title="bbox 438 3352 2049 3427; baseline -0.001 -18"><span class='ocrx_word' id='word_1_308' title='bbox 438 3356 587 3427; x_wconf 78' lang='grc' dir='ltr'><strong>ἡμᾶς</strong></span> <span class='ocrx_word' id='word_1_309' title='bbox 622 3352 818 3424; x_wconf 73' lang='grc' dir='ltr'>ὑπέστη</span> <span class='ocrx_word' id='word_1_310' title='bbox 855 3354 1002 3422; x_wconf 82' lang='grc' dir='ltr'><strong>Θεὸς,</strong></span> <span class='ocrx_word' id='word_1_311' title='bbox 1038 3352 1223 3421; x_wconf 75' lang='grc' dir='ltr'>αἰτίας</span> <span class='ocrx_word' id='word_1_312' title='bbox 1279 3354 1350 3407; x_wconf 77' lang='grc' dir='ltr'>Τὸ</span> <span class='ocrx_word' id='word_1_313' title='bbox 1383 3355 1619 3422; x_wconf 74' lang='grc' dir='ltr'><strong>σωθῆναι</strong></span> <span class='ocrx_word' id='word_1_314' title='bbox 1654 3353 1869 3415; x_wconf 84' lang='grc' dir='ltr'><strong>πάντως</strong></span> <span class='ocrx_word' id='word_1_315' title='bbox 1902 3356 2049 3426; x_wconf 74' lang='grc' dir='ltr'><strong>ἡμᾶς</strong></span> 
     </span>
    </p>
   </div>
   <div class='ocr_carea' id='block_1_40' title="bbox 2242 3344 3853 3431">
    <p class='ocr_par' dir='ltr' id='par_1_40' title="bbox 2242 3344 3853 3430">
     <span class='ocr_line' id='line_1_40' title="bbox 2242 3344 3853 3430; baseline -0.003 -21"><span class='ocrx_word' id='word_1_316' title='bbox 2242 3356 2299 3428; x_wconf 65' lang='lat' dir='ltr'><strong>ip</strong></span> <span class='ocrx_word' id='word_1_317' title='bbox 2329 3351 2509 3430; x_wconf 69' lang='grc' dir='ltr'>ἕτερον</span> <span class='ocrx_word' id='word_1_318' title='bbox 2542 3374 2553 3423; x_wconf 87' lang='grc'>;</span> <span class='ocrx_word' id='word_1_319' title='bbox 2612 3352 2802 3409; x_wconf 87' lang='lat' dir='ltr'><strong>Docet</strong></span> <span class='ocrx_word' id='word_1_320' title='bbox 2834 3349 3104 3409; x_wconf 89' lang='lat' dir='ltr'><strong>Verbum</strong></span> <span class='ocrx_word' id='word_1_321' title='bbox 3155 3349 3379 3409; x_wconf 57' lang='lat' dir='ltr'><strong>animae</strong></span> <span class='ocrx_word' id='word_1_322' title='bbox 3423 3350 3711 3428; x_wconf 81' lang='lat' dir='ltr'><strong>proxime</strong></span> <span class='ocrx_word' id='word_1_323' title='bbox 3742 3344 3853 3406; x_wconf 88' lang='lat' dir='ltr'><strong>uni-</strong></span> 
     </span>
    </p>
   </div>
   <div class='ocr_carea' id='block_1_41' title="bbox 440 3444 2051 3529">
    <p class='ocr_par' dir='ltr' id='par_1_41' title="bbox 440 3444 2051 3526">
     <span class='ocr_line' id='line_1_41' title="bbox 440 3444 2051 3526; baseline -0.001 -20"><span class='ocrx_word' id='word_1_324' title='bbox 440 3450 573 3506; x_wconf 89' lang='lat' dir='ltr'><strong>tum</strong></span> <span class='ocrx_word' id='word_1_325' title='bbox 608 3446 797 3505; x_wconf 87' lang='lat' dir='ltr'><strong>fuisse</strong></span> <span class='ocrx_word' id='word_1_326' title='bbox 828 3444 923 3526; x_wconf 88' lang='lat' dir='ltr'><strong>(e),</strong></span> <span class='ocrx_word' id='word_1_327' title='bbox 976 3444 1309 3523; x_wconf 91' lang='lat' dir='ltr'><strong>mediaque</strong></span> <span class='ocrx_word' id='word_1_328' title='bbox 1347 3444 1561 3505; x_wconf 88' lang='lat' dir='ltr'><strong>anima</strong></span> <span class='ocrx_word' id='word_1_329' title='bbox 1610 3446 1861 3524; x_wconf 90' lang='lat' dir='ltr'><strong>corpori</strong></span> <span class='ocrx_word' id='word_1_330' title='bbox 1894 3463 1906 3503; x_wconf 90' lang='lat'>:</span> <span class='ocrx_word' id='word_1_331' title='bbox 1962 3453 2051 3505; x_wconf 82' lang='grc' dir='ltr'><strong>Διά</strong></span> 
     </span>
    </p>
   </div>
   <div class='ocr_carea' id='block_1_42' title="bbox 2238 3444 3849 3529">
    <p class='ocr_par' dir='ltr' id='par_1_42' title="bbox 2238 3447 3849 3529">
     <span class='ocr_line' id='line_1_42' title="bbox 2238 3447 3849 3529; baseline -0.004 -23"><span class='ocrx_word' id='word_1_332' title='bbox 2238 3476 2247 3506; x_wconf 72' lang='grc' dir='ltr'><strong>ι</strong></span> <span class='ocrx_word' id='word_1_333' title='bbox 2277 3453 2405 3514; x_wconf 82' lang='grc' dir='ltr'><strong>Θεὸς</strong></span> <span class='ocrx_word' id='word_1_334' title='bbox 2439 3453 2593 3529; x_wconf 80' lang='grc' dir='ltr'>σαρκὶ</span> <span class='ocrx_word' id='word_1_335' title='bbox 2629 3450 2718 3506; x_wconf 76' lang='grc' dir='ltr'>διὰ</span> <span class='ocrx_word' id='word_1_336' title='bbox 2760 3451 2928 3521; x_wconf 72' lang='grc' dir='ltr'>ιιὲσης</span> <span class='ocrx_word' id='word_1_337' title='bbox 2961 3456 3146 3527; x_wconf 64' lang='grc' dir='ltr'>ψυχῆς</span> <span class='ocrx_word' id='word_1_338' title='bbox 3178 3453 3466 3528; x_wconf 71' lang='grc' dir='ltr'><strong>ἀνεκράθη,</strong></span> <span class='ocrx_word' id='word_1_339' title='bbox 3501 3455 3591 3508; x_wconf 79' lang='grc' dir='ltr'><strong>καὶ</strong></span> <span class='ocrx_word' id='word_1_340' title='bbox 3624 3447 3849 3516; x_wconf 74' lang='grc' dir='ltr'>συνεδὲοη</span> 
     </span>
    </p>
   </div>
   <div class='ocr_carea' id='block_1_43' title="bbox 436 3545 2047 3624">
    <p class='ocr_par' dir='ltr' id='par_1_43' title="bbox 436 3546 2047 3624">
     <span class='ocr_line' id='line_1_43' title="bbox 436 3546 2047 3624; baseline 0.001 -21"><span class='ocrx_word' id='word_1_341' title='bbox 436 3549 505 3603; x_wconf 80' lang='grc' dir='ltr'>τὰ</span> <span class='ocrx_word' id='word_1_342' title='bbox 537 3547 796 3604; x_wconf 82' lang='grc' dir='ltr'><strong>διεστῶτα</strong></span> <span class='ocrx_word' id='word_1_343' title='bbox 823 3553 891 3623; x_wconf 81' lang='grc' dir='ltr'>τῇ</span> <span class='ocrx_word' id='word_1_344' title='bbox 924 3548 1060 3623; x_wconf 85' lang='grc' dir='ltr'>πρὸς</span> <span class='ocrx_word' id='word_1_345' title='bbox 1087 3546 1251 3624; x_wconf 69' lang='grc' dir='ltr'>ἄμφω</span> <span class='ocrx_word' id='word_1_346' title='bbox 1279 3552 1376 3603; x_wconf 71' lang='grc' dir='ltr'>τοῦ</span> <span class='ocrx_word' id='word_1_347' title='bbox 1411 3548 1784 3621; x_wconf 71' lang='grc' dir='ltr'>μεσιτεύοντος</span> <span class='ocrx_word' id='word_1_348' title='bbox 1816 3549 2047 3619; x_wconf 71' lang='grc' dir='ltr'><strong>οἷκιιότη</strong></span> 
     </span>
    </p>
   </div>
   <div class='ocr_carea' id='block_1_44' title="bbox 2237 3545 3848 3624">
    <p class='ocr_par' dir='ltr' id='par_1_44' title="bbox 2239 3545 3848 3623">
     <span class='ocr_line' id='line_1_44' title="bbox 2239 3545 3848 3623; baseline -0.002 -19"><span class='ocrx_word' id='word_1_349' title='bbox 2239 3545 2489 3604; x_wconf 89' lang='lat' dir='ltr'><strong>ivinitas</strong></span> <span class='ocrx_word' id='word_1_350' title='bbox 2539 3552 2599 3605; x_wconf 90' lang='lat' dir='ltr'><strong>et</strong></span> <span class='ocrx_word' id='word_1_351' title='bbox 2646 3564 2894 3623; x_wconf 90' lang='lat' dir='ltr'><strong>corpus,</strong></span> <span class='ocrx_word' id='word_1_352' title='bbox 2953 3564 3048 3605; x_wconf 87' lang='lat' dir='ltr'><strong>res</strong></span> <span class='ocrx_word' id='word_1_353' title='bbox 3099 3545 3532 3623; x_wconf 89' lang='lat' dir='ltr'><strong>discrepantes</strong></span> <span class='ocrx_word' id='word_1_354' title='bbox 3580 3547 3671 3605; x_wconf 89' lang='lat' dir='ltr'><strong>ita</strong></span> <span class='ocrx_word' id='word_1_355' title='bbox 3718 3561 3848 3602; x_wconf 89' lang='lat' dir='ltr'><strong>con—</strong></span> 
     </span>
    </p>
   </div>
   <div class='ocr_carea' id='block_1_45' title="bbox 433 3641 3849 3724">
    <p class='ocr_par' dir='ltr' id='par_1_45' title="bbox 433 3641 3849 3724">
     <span class='ocr_line' id='line_1_45' title="bbox 433 3641 3849 3724; baseline -0.001 -22"><span class='ocrx_word' id='word_1_356' title='bbox 433 3641 673 3721; x_wconf 67' lang='lat' dir='ltr'><strong>junctae</strong></span> <span class='ocrx_word' id='word_1_357' title='bbox 719 3649 886 3716; x_wconf 88' lang='lat' dir='ltr'><strong>sunt,</strong></span> <span class='ocrx_word' id='word_1_358' title='bbox 922 3643 1153 3702; x_wconf 66' lang='lat' dir='ltr'><strong>animae</strong></span> <span class='ocrx_word' id='word_1_359' title='bbox 1200 3642 1555 3703; x_wconf 90' lang='lat' dir='ltr'><strong>interventu</strong></span> <span class='ocrx_word' id='word_1_360' title='bbox 1588 3642 1695 3724; x_wconf 83' lang='lat' dir='ltr'><strong>(f).</strong></span> <span class='ocrx_word' id='word_1_361' title='bbox 1750 3643 2215 3721; x_wconf 76' lang='lat' dir='ltr'><strong>Apollinaristae</strong></span> <span class='ocrx_word' id='word_1_362' title='bbox 2262 3645 2475 3704; x_wconf 86' lang='lat' dir='ltr'><strong>Jesum</strong></span> <span class='ocrx_word' id='word_1_363' title='bbox 2510 3644 2827 3704; x_wconf 88' lang='lat' dir='ltr'><strong>Christum</strong></span> <span class='ocrx_word' id='word_1_364' title='bbox 2860 3645 3254 3704; x_wconf 89' lang='lat' dir='ltr'><strong>Dominicum</strong></span> <span class='ocrx_word' id='word_1_365' title='bbox 3290 3645 3617 3705; x_wconf 83' lang='lat' dir='ltr'><strong>hominem</strong></span> <span class='ocrx_word' id='word_1_366' title='bbox 3651 3641 3849 3722; x_wconf 89' lang='lat' dir='ltr'><strong>appel-</strong></span> 
     </span>
    </p>
   </div>
   <div class='ocr_carea' id='block_1_46' title="bbox 437 3740 3848 3820">
    <p class='ocr_par' dir='ltr' id='par_1_46' title="bbox 437 3740 3848 3820">
     <span class='ocr_line' id='line_1_46' title="bbox 437 3740 3848 3820; baseline -0.001 -20"><span class='ocrx_word' id='word_1_367' title='bbox 437 3740 696 3814; x_wconf 86' lang='lat' dir='ltr'><strong>labant;</strong></span> <span class='ocrx_word' id='word_1_368' title='bbox 732 3759 858 3820; x_wconf 90' lang='lat' dir='ltr'><strong>quo</strong></span> <span class='ocrx_word' id='word_1_369' title='bbox 890 3741 1141 3801; x_wconf 89' lang='lat' dir='ltr'><strong>nomine</strong></span> <span class='ocrx_word' id='word_1_370' title='bbox 1190 3758 1222 3800; x_wconf 92' lang='lat' dir='ltr'><strong>e</strong></span> <span class='ocrx_word' id='word_1_371' title='bbox 1272 3741 1502 3801; x_wconf 89' lang='lat' dir='ltr'><strong>sanctis</strong></span> <span class='ocrx_word' id='word_1_372' title='bbox 1543 3740 1833 3800; x_wconf 88' lang='lat' dir='ltr'><strong>Patribus</strong></span> <span class='ocrx_word' id='word_1_373' title='bbox 1866 3740 1960 3800; x_wconf 91' lang='lat' dir='ltr'><strong>usi</strong></span> <span class='ocrx_word' id='word_1_374' title='bbox 1989 3748 2136 3800; x_wconf 90' lang='lat' dir='ltr'><strong>sunt</strong></span> <span class='ocrx_word' id='word_1_375' title='bbox 2166 3741 2565 3815; x_wconf 84' lang='lat' dir='ltr'><strong>Athanasius,</strong></span> <span class='ocrx_word' id='word_1_376' title='bbox 2605 3742 3020 3820; x_wconf 75' lang='lat' dir='ltr'><strong>Epiphanius,</strong></span> <span class='ocrx_word' id='word_1_377' title='bbox 3056 3744 3410 3813; x_wconf 87' lang='lat' dir='ltr'><strong>Cassianus,</strong></span> <span class='ocrx_word' id='word_1_378' title='bbox 3446 3751 3570 3803; x_wconf 89' lang='lat' dir='ltr'><strong>etc.</strong></span> <span class='ocrx_word' id='word_1_379' title='bbox 3604 3762 3617 3815; x_wconf 93' lang='lat'><strong>;</strong></span> <span class='ocrx_word' id='word_1_380' title='bbox 3656 3756 3848 3801; x_wconf 86' lang='lat' dir='ltr'><strong>verum</strong></span> 
     </span>
    </p>
   </div>
   <div class='ocr_carea' id='block_1_47' title="bbox 438 3836 3847 3919">
    <p class='ocr_par' dir='ltr' id='par_1_47' title="bbox 438 3836 3847 3919">
     <span class='ocr_line' id='line_1_47' title="bbox 438 3836 3847 3919; baseline -0.001 -23"><span class='ocrx_word' id='word_1_381' title='bbox 438 3837 626 3915; x_wconf 91' lang='lat' dir='ltr'><strong>longe</strong></span> <span class='ocrx_word' id='word_1_382' title='bbox 674 3839 798 3899; x_wconf 89' lang='lat' dir='ltr'><strong>alio</strong></span> <span class='ocrx_word' id='word_1_383' title='bbox 847 3857 1057 3911; x_wconf 91' lang='lat' dir='ltr'><strong>sensu,</strong></span> <span class='ocrx_word' id='word_1_384' title='bbox 1112 3838 1427 3898; x_wconf 87' lang='lat' dir='ltr'><strong>hominem</strong></span> <span class='ocrx_word' id='word_1_385' title='bbox 1481 3836 1716 3898; x_wconf 90' lang='lat' dir='ltr'><strong>scilicet</strong></span> <span class='ocrx_word' id='word_1_386' title='bbox 1760 3837 2105 3916; x_wconf 87' lang='lat' dir='ltr'><strong>perfectum</strong></span> <span class='ocrx_word' id='word_1_387' title='bbox 2154 3838 2597 3916; x_wconf 90' lang='lat' dir='ltr'><strong>intelligentes.</strong></span> <span class='ocrx_word' id='word_1_388' title='bbox 2632 3839 3139 3919; x_wconf 68' lang='lat' dir='ltr'><strong>Appollinaristae</strong></span> <span class='ocrx_word' id='word_1_389' title='bbox 3189 3848 3398 3901; x_wconf 91' lang='lat' dir='ltr'><strong>autem</strong></span> <span class='ocrx_word' id='word_1_390' title='bbox 3434 3841 3752 3901; x_wconf 90' lang='lat' dir='ltr'><strong>hominem</strong></span> <span class='ocrx_word' id='word_1_391' title='bbox 3796 3836 3847 3895; x_wconf 91' lang='lat' dir='ltr'><strong>in</strong></span> 
     </span>
    </p>
   </div>
   <div class='ocr_carea' id='block_1_48' title="bbox 437 3933 3841 4013">
    <p class='ocr_par' dir='ltr' id='par_1_48' title="bbox 437 3933 3841 4013">
     <span class='ocr_line' id='line_1_48' title="bbox 437 3933 3841 4013; baseline -0.002 -20"><span class='ocrx_word' id='word_1_392' title='bbox 437 3933 684 3993; x_wconf 90' lang='lat' dir='ltr'><strong>Christo</strong></span> <span class='ocrx_word' id='word_1_393' title='bbox 731 3934 1171 4006; x_wconf 89' lang='lat' dir='ltr'><strong>admittebant,</strong></span> <span class='ocrx_word' id='word_1_394' title='bbox 1219 3933 1406 3992; x_wconf 92' lang='lat' dir='ltr'><strong>modo</strong></span> <span class='ocrx_word' id='word_1_395' title='bbox 1455 3934 1665 3992; x_wconf 92' lang='lat' dir='ltr'><strong>anima</strong></span> <span class='ocrx_word' id='word_1_396' title='bbox 1706 3940 2046 4006; x_wconf 89' lang='lat' dir='ltr'><strong>carentem,</strong></span> <span class='ocrx_word' id='word_1_397' title='bbox 2084 3934 2272 3994; x_wconf 90' lang='lat' dir='ltr'><strong>modo</strong></span> <span class='ocrx_word' id='word_1_398' title='bbox 2322 3934 2757 4012; x_wconf 85' lang='lat' dir='ltr'><strong>intelligentia,</strong></span> <span class='ocrx_word' id='word_1_399' title='bbox 2796 3934 2975 4013; x_wconf 89' lang='lat' dir='ltr'><strong>cujus</strong></span> <span class='ocrx_word' id='word_1_400' title='bbox 3006 3936 3242 3996; x_wconf 83' lang='lat' dir='ltr'><strong>scilicet</strong></span> <span class='ocrx_word' id='word_1_401' title='bbox 3276 3937 3440 3996; x_wconf 88' lang='lat' dir='ltr'><strong>vices</strong></span> <span class='ocrx_word' id='word_1_402' title='bbox 3474 3937 3841 3996; x_wconf 84' lang='lat' dir='ltr'><strong>divinitatem</strong></span> 
     </span>
    </p>
   </div>
   <div class='ocr_carea' id='block_1_49' title="bbox 435 4030 3846 4113">
    <p class='ocr_par' dir='ltr' id='par_1_49' title="bbox 435 4030 3846 4113">
     <span class='ocr_line' id='line_1_49' title="bbox 435 4030 3846 4113; baseline 0.002 -23"><span class='ocrx_word' id='word_1_403' title='bbox 435 4031 728 4108; x_wconf 86' lang='lat' dir='ltr'><strong>supplere</strong></span> <span class='ocrx_word' id='word_1_404' title='bbox 779 4030 1114 4102; x_wconf 90' lang='lat' dir='ltr'><strong>volebant;</strong></span> <span class='ocrx_word' id='word_1_405' title='bbox 1166 4048 1324 4108; x_wconf 90' lang='lat' dir='ltr'><strong>quos</strong></span> <span class='ocrx_word' id='word_1_406' title='bbox 1372 4030 1459 4090; x_wconf 93' lang='lat' dir='ltr'><strong>sic</strong></span> <span class='ocrx_word' id='word_1_407' title='bbox 1508 4030 1733 4090; x_wconf 82' lang='lat' dir='ltr'><strong>refellit</strong></span> <span class='ocrx_word' id='word_1_408' title='bbox 1778 4033 2113 4109; x_wconf 89' lang='lat' dir='ltr'><strong>Gregorius</strong></span> <span class='ocrx_word' id='word_1_409' title='bbox 2144 4030 2279 4111; x_wconf 86' lang='lat' dir='ltr'><strong>(g):</strong></span> <span class='ocrx_word' id='word_1_410' title='bbox 2340 4057 2367 4085; x_wconf 88' lang='lat'><strong>«</strong></span> <span class='ocrx_word' id='word_1_411' title='bbox 2407 4034 2619 4110; x_wconf 81' lang='lat' dir='ltr'><strong>Neque</strong></span> <span class='ocrx_word' id='word_1_412' title='bbox 2649 4032 2967 4093; x_wconf 85' lang='lat' dir='ltr'><strong>hominem</strong></span> <span class='ocrx_word' id='word_1_413' title='bbox 3022 4053 3057 4094; x_wconf 92' lang='lat' dir='ltr'><strong>a</strong></span> <span class='ocrx_word' id='word_1_414' title='bbox 3106 4034 3438 4094; x_wconf 86' lang='lat' dir='ltr'><strong>divinitate</strong></span> <span class='ocrx_word' id='word_1_415' title='bbox 3470 4045 3846 4113; x_wconf 55' lang='lat' dir='ltr'><strong>separamus,</strong></span> 
     </span>
    </p>
   </div>
   <div class='ocr_carea' id='block_1_50' title="bbox 436 4127 3852 4211">
    <p class='ocr_par' dir='ltr' id='par_1_50' title="bbox 436 4127 3852 4211">
     <span class='ocr_line' id='line_1_50' title="bbox 436 4127 3852 4211; baseline -0.001 -24"><span class='ocrx_word' id='word_1_416' title='bbox 436 4128 663 4205; x_wconf 86' lang='lat' dir='ltr'><strong>inquit,</strong></span> <span class='ocrx_word' id='word_1_417' title='bbox 699 4127 806 4189; x_wconf 91' lang='lat' dir='ltr'><strong>sed</strong></span> <span class='ocrx_word' id='word_1_418' title='bbox 836 4146 1032 4188; x_wconf 90' lang='lat' dir='ltr'><strong>unum</strong></span> <span class='ocrx_word' id='word_1_419' title='bbox 1065 4133 1127 4188; x_wconf 90' lang='lat' dir='ltr'><strong>et</strong></span> <span class='ocrx_word' id='word_1_420' title='bbox 1158 4128 1447 4187; x_wconf 91' lang='lat' dir='ltr'><strong>eumdem</strong></span> <span class='ocrx_word' id='word_1_421' title='bbox 1486 4128 1876 4206; x_wconf 86' lang='lat' dir='ltr'><strong>proﬁtemur,</strong></span> <span class='ocrx_word' id='word_1_422' title='bbox 1914 4152 1943 4183; x_wconf 78' lang='lat'><em>»</em></span> <span class='ocrx_word' id='word_1_423' title='bbox 1997 4137 2117 4189; x_wconf 88' lang='lat' dir='ltr'><strong>etc.</strong></span> <span class='ocrx_word' id='word_1_424' title='bbox 2165 4132 2317 4189; x_wconf 76' lang='lat' dir='ltr'><strong>Duae</strong></span> <span class='ocrx_word' id='word_1_425' title='bbox 2348 4130 2777 4191; x_wconf 74' lang='lat' dir='ltr'><strong>exscribendas</strong></span> <span class='ocrx_word' id='word_1_426' title='bbox 2809 4138 3016 4191; x_wconf 88' lang='lat' dir='ltr'><strong>essent</strong></span> <span class='ocrx_word' id='word_1_427' title='bbox 3046 4132 3124 4193; x_wconf 93' lang='lat' dir='ltr'><strong>ad</strong></span> <span class='ocrx_word' id='word_1_428' title='bbox 3157 4131 3528 4192; x_wconf 72' lang='lat' dir='ltr'><strong>(lledonium</strong></span> <span class='ocrx_word' id='word_1_429' title='bbox 3567 4127 3852 4211; x_wconf 64' lang='lat' dir='ltr'><strong>epistolae,</strong></span> 
     </span>
    </p>
   </div>
   <div class='ocr_carea' id='block_1_51' title="bbox 436 4224 3861 4309">
    <p class='ocr_par' dir='ltr' id='par_1_51' title="bbox 436 4224 3861 4309">
     <span class='ocr_line' id='line_1_51' title="bbox 436 4224 3861 4309; baseline -0.001 -24"><span class='ocrx_word' id='word_1_430' title='bbox 436 4244 579 4305; x_wconf 67' lang='lat' dir='ltr'><strong>quaa</strong></span> <span class='ocrx_word' id='word_1_431' title='bbox 609 4225 757 4286; x_wconf 92' lang='lat' dir='ltr'><strong>olim</strong></span> <span class='ocrx_word' id='word_1_432' title='bbox 791 4225 958 4286; x_wconf 89' lang='lat' dir='ltr'><strong>inter</strong></span> <span class='ocrx_word' id='word_1_433' title='bbox 985 4224 1303 4286; x_wconf 89' lang='lat' dir='ltr'><strong>orationes</strong></span> <span class='ocrx_word' id='word_1_434' title='bbox 1333 4224 1850 4298; x_wconf 89' lang='lat' dir='ltr'><strong>numerabantur,</strong></span> <span class='ocrx_word' id='word_1_435' title='bbox 1889 4244 2047 4304; x_wconf 93' lang='lat' dir='ltr'><strong>quas</strong></span> <span class='ocrx_word' id='word_1_436' title='bbox 2088 4227 2252 4286; x_wconf 90' lang='lat' dir='ltr'><strong>inter</strong></span> <span class='ocrx_word' id='word_1_437' title='bbox 2300 4246 2352 4289; x_wconf 82' lang='lat' dir='ltr'><strong>LI</strong></span> <span class='ocrx_word' id='word_1_438' title='bbox 2403 4234 2466 4288; x_wconf 91' lang='lat' dir='ltr'><strong>et</strong></span> <span class='ocrx_word' id='word_1_439' title='bbox 2511 4245 2593 4289; x_wconf 74' lang='grc' dir='ltr'><strong>ιιι</strong></span> <span class='ocrx_word' id='word_1_440' title='bbox 2642 4229 3045 4309; x_wconf 87' lang='lat' dir='ltr'><strong>occupabant</strong></span> <span class='ocrx_word' id='word_1_441' title='bbox 3077 4230 3315 4305; x_wconf 89' lang='lat' dir='ltr'><strong>sedem,</strong></span> <span class='ocrx_word' id='word_1_442' title='bbox 3351 4237 3414 4291; x_wconf 88' lang='lat' dir='ltr'><strong>et</strong></span> <span class='ocrx_word' id='word_1_443' title='bbox 3443 4237 3609 4291; x_wconf 89' lang='lat' dir='ltr'><strong>orat.</strong></span> <span class='ocrx_word' id='word_1_444' title='bbox 3642 4239 3861 4289; x_wconf 78' lang='lat' dir='ltr'><strong>xxxvui</strong></span> 
     </span>
    </p>
   </div>
   <div class='ocr_carea' id='block_1_52' title="bbox 438 4322 3863 4407">
    <p class='ocr_par' dir='ltr' id='par_1_52' title="bbox 438 4322 3863 4407">
     <span class='ocr_line' id='line_1_52' title="bbox 438 4322 3863 4407; baseline 0.001 -26"><span class='ocrx_word' id='word_1_445' title='bbox 438 4323 522 4403; x_wconf 88' lang='lat' dir='ltr'><strong>(n.</strong></span> <span class='ocrx_word' id='word_1_446' title='bbox 578 4322 700 4401; x_wconf 88' lang='grc'><strong>13).</strong></span> <span class='ocrx_word' id='word_1_447' title='bbox 761 4345 791 4377; x_wconf 89' lang='grc'><strong>‹‹</strong></span> <span class='ocrx_word' id='word_1_448' title='bbox 841 4322 960 4393; x_wconf 89' lang='lat' dir='ltr'><strong>Qui</strong></span> <span class='ocrx_word' id='word_1_449' title='bbox 1006 4327 1122 4394; x_wconf 90' lang='lat' dir='ltr'><strong>est,</strong></span> <span class='ocrx_word' id='word_1_450' title='bbox 1172 4322 1243 4383; x_wconf 86' lang='lat' dir='ltr'><strong>ﬁt</strong></span> <span class='ocrx_word' id='word_1_451' title='bbox 1293 4342 1307 4384; x_wconf 89' lang='lat'><strong>:</strong></span> <span class='ocrx_word' id='word_1_452' title='bbox 1376 4323 1483 4402; x_wconf 91' lang='lat' dir='ltr'><strong>qui</strong></span> <span class='ocrx_word' id='word_1_453' title='bbox 1533 4328 1782 4383; x_wconf 85' lang='lat' dir='ltr'><strong>creatus</strong></span> <span class='ocrx_word' id='word_1_454' title='bbox 1829 4342 1952 4384; x_wconf 88' lang='lat' dir='ltr'><strong>non</strong></span> <span class='ocrx_word' id='word_1_455' title='bbox 2002 4329 2119 4397; x_wconf 89' lang='lat' dir='ltr'><strong>est,</strong></span> <span class='ocrx_word' id='word_1_456' title='bbox 2172 4332 2471 4399; x_wconf 90' lang='lat' dir='ltr'><strong>creatur;</strong></span> <span class='ocrx_word' id='word_1_457' title='bbox 2527 4326 2635 4405; x_wconf 90' lang='lat' dir='ltr'><strong>qui</strong></span> <span class='ocrx_word' id='word_1_458' title='bbox 2683 4327 2858 4388; x_wconf 92' lang='lat' dir='ltr'><strong>nullo</strong></span> <span class='ocrx_word' id='word_1_459' title='bbox 2911 4326 3050 4388; x_wconf 89' lang='lat' dir='ltr'><strong>loco</strong></span> <span class='ocrx_word' id='word_1_460' title='bbox 3106 4328 3416 4389; x_wconf 87' lang='lat' dir='ltr'><strong>contineri</strong></span> <span class='ocrx_word' id='word_1_461' title='bbox 3483 4334 3716 4407; x_wconf 89' lang='lat' dir='ltr'><strong>potest,</strong></span> <span class='ocrx_word' id='word_1_462' title='bbox 3766 4338 3863 4401; x_wconf 83' lang='lat' dir='ltr'><strong>per</strong></span> 
     </span>
    </p>
   </div>
   <div class='ocr_carea' id='block_1_53' title="bbox 437 4420 3862 4499">
    <p class='ocr_par' dir='ltr' id='par_1_53' title="bbox 437 4420 3862 4499">
     <span class='ocr_line' id='line_1_53' title="bbox 437 4420 3862 4499; baseline 0 -20"><span class='ocrx_word' id='word_1_463' title='bbox 437 4420 861 4479; x_wconf 88' lang='lat' dir='ltr'><strong>interventum</strong></span> <span class='ocrx_word' id='word_1_464' title='bbox 913 4421 1140 4481; x_wconf 68' lang='lat' dir='ltr'><strong>animae</strong></span> <span class='ocrx_word' id='word_1_465' title='bbox 1186 4420 1655 4493; x_wconf 87' lang='lat' dir='ltr'><strong>intellectualis,</strong></span> <span class='ocrx_word' id='word_1_466' title='bbox 1709 4421 1873 4481; x_wconf 92' lang='lat' dir='ltr'><strong>inter</strong></span> <span class='ocrx_word' id='word_1_467' title='bbox 1919 4421 2309 4483; x_wconf 88' lang='lat' dir='ltr'><strong>divinitatem</strong></span> <span class='ocrx_word' id='word_1_468' title='bbox 2338 4430 2422 4484; x_wconf 79' lang='lat' dir='ltr'><strong>&#39;et</strong></span> <span class='ocrx_word' id='word_1_469' title='bbox 2474 4425 2677 4485; x_wconf 88' lang='lat' dir='ltr'><strong>carnis</strong></span> <span class='ocrx_word' id='word_1_470' title='bbox 2726 4425 3100 4499; x_wconf 87' lang='lat' dir='ltr'><strong>crassitiem,</strong></span> <span class='ocrx_word' id='word_1_471' title='bbox 3135 4426 3518 4487; x_wconf 90' lang='lat' dir='ltr'><strong>continetur.</strong></span> <span class='ocrx_word' id='word_1_472' title='bbox 3555 4424 3675 4497; x_wconf 91' lang='lat' dir='ltr'><strong>Qui</strong></span> <span class='ocrx_word' id='word_1_473' title='bbox 3702 4422 3862 4482; x_wconf 89' lang='lat' dir='ltr'><strong>locu-</strong></span> 
     </span>
    </p>
   </div>
   <div class='ocr_carea' id='block_1_54' title="bbox 441 4516 3864 4601">
    <p class='ocr_par' dir='ltr' id='par_1_54' title="bbox 441 4516 3864 4601">
     <span class='ocr_line' id='line_1_54' title="bbox 441 4516 3864 4601; baseline -0.001 -25"><span class='ocrx_word' id='word_1_474' title='bbox 441 4518 639 4597; x_wconf 90' lang='lat' dir='ltr'><strong>pletes</strong></span> <span class='ocrx_word' id='word_1_475' title='bbox 671 4516 829 4579; x_wconf 91' lang='lat' dir='ltr'><strong>alios</strong></span> <span class='ocrx_word' id='word_1_476' title='bbox 858 4518 1041 4592; x_wconf 87' lang='lat' dir='ltr'><strong>ditat,</strong></span> <span class='ocrx_word' id='word_1_477' title='bbox 1072 4524 1449 4597; x_wconf 86' lang='lat' dir='ltr'><strong>paupertate</strong></span> <span class='ocrx_word' id='word_1_478' title='bbox 1480 4518 1801 4579; x_wconf 87' lang='lat' dir='ltr'><strong>afﬁcitur:</strong></span> <span class='ocrx_word' id='word_1_479' title='bbox 1852 4521 2058 4579; x_wconf 90' lang='lat' dir='ltr'><strong>carnis</strong></span> <span class='ocrx_word' id='word_1_480' title='bbox 2106 4521 2272 4581; x_wconf 90' lang='lat' dir='ltr'><strong>enim</strong></span> <span class='ocrx_word' id='word_1_481' title='bbox 2327 4541 2479 4582; x_wconf 66' lang='lat' dir='ltr'><strong>meae</strong></span> <span class='ocrx_word' id='word_1_482' title='bbox 2532 4528 2970 4601; x_wconf 87' lang='lat' dir='ltr'><strong>paupertatem</strong></span> <span class='ocrx_word' id='word_1_483' title='bbox 3005 4524 3195 4595; x_wconf 90' lang='lat' dir='ltr'><strong>subit,</strong></span> <span class='ocrx_word' id='word_1_484' title='bbox 3252 4530 3322 4583; x_wconf 89' lang='lat' dir='ltr'><strong>ut</strong></span> <span class='ocrx_word' id='word_1_485' title='bbox 3369 4542 3486 4601; x_wconf 92' lang='lat' dir='ltr'><strong>ego</strong></span> <span class='ocrx_word' id='word_1_486' title='bbox 3532 4516 3864 4583; x_wconf 90' lang='lat' dir='ltr'><strong>divinitatis</strong></span> 
     </span>
    </p>
   </div>
   <div class='ocr_carea' id='block_1_55' title="bbox 439 4615 3864 4699">
    <p class='ocr_par' dir='ltr' id='par_1_55' title="bbox 439 4615 3864 4699">
     <span class='ocr_line' id='line_1_55' title="bbox 439 4615 3864 4699; baseline -0.001 -25"><span class='ocrx_word' id='word_1_487' title='bbox 439 4615 637 4694; x_wconf 90' lang='lat' dir='ltr'><strong>ipsius</strong></span> <span class='ocrx_word' id='word_1_488' title='bbox 684 4634 834 4696; x_wconf 90' lang='lat' dir='ltr'><strong>opes</strong></span> <span class='ocrx_word' id='word_1_489' title='bbox 882 4634 1251 4694; x_wconf 89' lang='lat' dir='ltr'><strong>consequar.</strong></span> <span class='ocrx_word' id='word_1_490' title='bbox 1306 4617 1424 4688; x_wconf 87' lang='lat' dir='ltr'><strong>Qui</strong></span> <span class='ocrx_word' id='word_1_491' title='bbox 1476 4616 1696 4696; x_wconf 90' lang='lat' dir='ltr'><strong>plenus</strong></span> <span class='ocrx_word' id='word_1_492' title='bbox 1746 4623 1862 4691; x_wconf 91' lang='lat' dir='ltr'><strong>est,</strong></span> <span class='ocrx_word' id='word_1_493' title='bbox 1914 4618 2320 4679; x_wconf 86' lang='lat' dir='ltr'><strong>exinanitur:</strong></span> <span class='ocrx_word' id='word_1_494' title='bbox 2374 4639 2488 4681; x_wconf 91' lang='lat' dir='ltr'><strong>sua</strong></span> <span class='ocrx_word' id='word_1_495' title='bbox 2537 4622 2704 4681; x_wconf 89' lang='lat' dir='ltr'><strong>enim</strong></span> <span class='ocrx_word' id='word_1_496' title='bbox 2753 4623 2957 4699; x_wconf 87' lang='lat' dir='ltr'><strong>gloria</strong></span> <span class='ocrx_word' id='word_1_497' title='bbox 3010 4640 3133 4682; x_wconf 89' lang='lat' dir='ltr'><strong>non</strong></span> <span class='ocrx_word' id='word_1_498' title='bbox 3190 4620 3349 4682; x_wconf 89' lang='lat' dir='ltr'><strong>nihil</strong></span> <span class='ocrx_word' id='word_1_499' title='bbox 3398 4620 3762 4682; x_wconf 84' lang='lat' dir='ltr'><strong>exinanitur</strong></span> <span class='ocrx_word' id='word_1_500' title='bbox 3806 4618 3864 4674; x_wconf 88' lang='lat' dir='ltr'><strong>ut</strong></span> 
     </span>
    </p>
   </div>
   <div class='ocr_carea' id='block_1_56' title="bbox 441 4713 3859 4798">
    <p class='ocr_par' dir='ltr' id='par_1_56' title="bbox 441 4713 3859 4798">
     <span class='ocr_line' id='line_1_56' title="bbox 441 4713 3859 4798; baseline 0.002 -24"><span class='ocrx_word' id='word_1_501' title='bbox 441 4730 559 4792; x_wconf 88' lang='lat' dir='ltr'><strong>ego</strong></span> <span class='ocrx_word' id='word_1_502' title='bbox 610 4713 1023 4792; x_wconf 89' lang='lat' dir='ltr'><strong>plenitudinis</strong></span> <span class='ocrx_word' id='word_1_503' title='bbox 1069 4714 1266 4793; x_wconf 91' lang='lat' dir='ltr'><strong>ipsius</strong></span> <span class='ocrx_word' id='word_1_504' title='bbox 1313 4715 1625 4794; x_wconf 88' lang='lat' dir='ltr'><strong>particeps</strong></span> <span class='ocrx_word' id='word_1_505' title='bbox 1682 4714 1995 4775; x_wconf 82' lang='lat' dir='ltr'><strong>efﬁciar...</strong></span> <span class='ocrx_word' id='word_1_506' title='bbox 2049 4716 2332 4777; x_wconf 80' lang='lat' dir='ltr'><strong>Christus</strong></span> <span class='ocrx_word' id='word_1_507' title='bbox 2383 4718 2663 4778; x_wconf 90' lang='lat' dir='ltr'><strong>humana</strong></span> <span class='ocrx_word' id='word_1_508' title='bbox 2710 4720 2943 4791; x_wconf 87' lang='lat' dir='ltr'><strong>omnia,</strong></span> <span class='ocrx_word' id='word_1_509' title='bbox 2980 4726 3245 4798; x_wconf 85' lang='lat' dir='ltr'><strong>excepto</strong></span> <span class='ocrx_word' id='word_1_510' title='bbox 3276 4726 3536 4798; x_wconf 91' lang='lat' dir='ltr'><strong>peccato</strong></span> <span class='ocrx_word' id='word_1_511' title='bbox 3571 4714 3859 4792; x_wconf 64' lang='lat' dir='ltr'><strong>suscepit,</strong></span> 
     </span>
    </p>
   </div>
   <div class='ocr_carea' id='block_1_57' title="bbox 440 4811 3862 4896">
    <p class='ocr_par' dir='ltr' id='par_1_57' title="bbox 440 4811 3862 4896">
     <span class='ocr_line' id='line_1_57' title="bbox 440 4811 3862 4896; baseline -0.001 -24"><span class='ocrx_word' id='word_1_512' title='bbox 440 4817 781 4890; x_wconf 89' lang='lat' dir='ltr'><strong>conceptus</strong></span> <span class='ocrx_word' id='word_1_513' title='bbox 826 4811 1080 4890; x_wconf 88' lang='lat' dir='ltr'><strong>quidem</strong></span> <span class='ocrx_word' id='word_1_514' title='bbox 1139 4831 1215 4872; x_wconf 81' lang='lat' dir='ltr'><strong>ex</strong></span> <span class='ocrx_word' id='word_1_515' title='bbox 1262 4813 1525 4890; x_wconf 85' lang='lat' dir='ltr'><strong>virgine,</strong></span> <span class='ocrx_word' id='word_1_516' title='bbox 1578 4812 1791 4873; x_wconf 86' lang='lat' dir='ltr'><strong>animo</strong></span> <span class='ocrx_word' id='word_1_517' title='bbox 1844 4820 1905 4873; x_wconf 91' lang='lat' dir='ltr'><strong>et</strong></span> <span class='ocrx_word' id='word_1_518' title='bbox 1965 4832 2230 4893; x_wconf 88' lang='lat' dir='ltr'><strong>corpore</strong></span> <span class='ocrx_word' id='word_1_519' title='bbox 2286 4834 2323 4875; x_wconf 92' lang='lat' dir='ltr'><strong>a</strong></span> <span class='ocrx_word' id='word_1_520' title='bbox 2380 4816 2618 4895; x_wconf 88' lang='lat' dir='ltr'><strong>Spiritu</strong></span> <span class='ocrx_word' id='word_1_521' title='bbox 2667 4824 3120 4896; x_wconf 72' lang='lat' dir='ltr'><strong>praepurgata;</strong></span> <span class='ocrx_word' id='word_1_522' title='bbox 3185 4836 3331 4877; x_wconf 90' lang='lat' dir='ltr'><strong>nam</strong></span> <span class='ocrx_word' id='word_1_523' title='bbox 3391 4824 3453 4877; x_wconf 92' lang='lat' dir='ltr'><strong>et</strong></span> <span class='ocrx_word' id='word_1_524' title='bbox 3510 4813 3862 4895; x_wconf 89' lang='lat' dir='ltr'><strong>generatio-</strong></span> 
     </span>
    </p>
   </div>
   <div class='ocr_carea' id='block_1_58' title="bbox 433 4909 3852 4995">
    <p class='ocr_par' dir='ltr' id='par_1_58' title="bbox 433 4909 3852 4995">
     <span class='ocr_line' id='line_1_58' title="bbox 433 4909 3852 4995; baseline -0 -26"><span class='ocrx_word' id='word_1_525' title='bbox 433 4928 579 4969; x_wconf 88' lang='lat' dir='ltr'><strong>nem</strong></span> <span class='ocrx_word' id='word_1_526' title='bbox 612 4909 852 4970; x_wconf 88' lang='lat' dir='ltr'><strong>honore</strong></span> <span class='ocrx_word' id='word_1_527' title='bbox 906 4909 1096 4983; x_wconf 84' lang='lat' dir='ltr'><strong>afﬁci,</strong></span> <span class='ocrx_word' id='word_1_528' title='bbox 1154 4916 1217 4970; x_wconf 88' lang='lat' dir='ltr'><strong>et</strong></span> <span class='ocrx_word' id='word_1_529' title='bbox 1282 4910 1709 4988; x_wconf 90' lang='lat' dir='ltr'><strong>virginitatem</strong></span> <span class='ocrx_word' id='word_1_530' title='bbox 1775 4912 2055 4990; x_wconf 62' lang='lat' dir='ltr'><strong>praferri</strong></span> <span class='ocrx_word' id='word_1_531' title='bbox 2114 4916 2533 4992; x_wconf 83' lang='lat' dir='ltr'><strong>oportebat.»</strong></span> <span class='ocrx_word' id='word_1_532' title='bbox 2598 4915 2917 4992; x_wconf 88' lang='lat' dir='ltr'><strong>Virginem</strong></span> <span class='ocrx_word' id='word_1_533' title='bbox 2976 4916 3262 4991; x_wconf 88' lang='lat' dir='ltr'><strong>Mariam,</strong></span> <span class='ocrx_word' id='word_1_534' title='bbox 3322 4935 3463 4995; x_wconf 70' lang='lat' dir='ltr'><strong>qua:</strong></span> <span class='ocrx_word' id='word_1_535' title='bbox 3522 4914 3852 4975; x_wconf 90' lang='lat' dir='ltr'><strong>Dominum</strong></span> 
     </span>
    </p>
   </div>
   <div class='ocr_carea' id='block_1_59' title="bbox 438 5009 2049 5094">
    <p class='ocr_par' dir='ltr' id='par_1_59' title="bbox 438 5009 2049 5089">
     <span class='ocr_line' id='line_1_59' title="bbox 438 5009 2049 5089; baseline 0.002 -20"><span class='ocrx_word' id='word_1_536' title='bbox 438 5009 728 5088; x_wconf 85' lang='lat' dir='ltr'><strong>concepit</strong></span> <span class='ocrx_word' id='word_1_537' title='bbox 782 5016 846 5069; x_wconf 93' lang='lat' dir='ltr'><strong>et</strong></span> <span class='ocrx_word' id='word_1_538' title='bbox 904 5010 1187 5089; x_wconf 88' lang='lat' dir='ltr'><strong>peperit,</strong></span> <span class='ocrx_word' id='word_1_539' title='bbox 1272 5029 1395 5071; x_wconf 89' lang='lat' dir='ltr'><strong>non</strong></span> <span class='ocrx_word' id='word_1_540' title='bbox 1452 5010 1643 5070; x_wconf 91' lang='lat' dir='ltr'><strong>semel</strong></span> <span class='ocrx_word' id='word_1_541' title='bbox 1706 5017 1955 5079; x_wconf 84' lang='grc' dir='ltr'>θεοτὸκον</span> <span class='ocrx_word' id='word_1_542' title='bbox 2016 5039 2049 5073; x_wconf 83' lang='grc' dir='ltr'>π</span> 
     </span>
    </p>
   </div>
   <div class='ocr_carea' id='block_1_60' title="bbox 2251 5009 3862 5094">
    <p class='ocr_par' dir='ltr' id='par_1_60' title="bbox 2253 5009 3862 5094">
     <span class='ocr_line' id='line_1_60' title="bbox 2253 5009 3862 5094; baseline -0.007 -15"><span class='ocrx_word' id='word_1_543' title='bbox 2253 5043 2277 5072; x_wconf 85' lang='grc' dir='ltr'>ν</span> <span class='ocrx_word' id='word_1_544' title='bbox 2339 5015 2689 5092; x_wconf 56' lang='lat' dir='ltr'><strong>appellans-</strong></span> <span class='ocrx_word' id='word_1_545' title='bbox 2727 5014 2854 5094; x_wconf 79' lang='grc' dir='ltr'><strong>(Ιι),</strong></span> <span class='ocrx_word' id='word_1_546' title='bbox 2941 5016 3285 5076; x_wconf 88' lang='lat' dir='ltr'><strong>anathema</strong></span> <span class='ocrx_word' id='word_1_547' title='bbox 3344 5016 3503 5075; x_wconf 88' lang='lat' dir='ltr'><strong>dixit</strong></span> <span class='ocrx_word' id='word_1_548' title='bbox 3583 5009 3862 5074; x_wconf 88' lang='lat' dir='ltr'><strong>Nestorio</strong></span> 
     </span>
    </p>
   </div>
   <div class='ocr_carea' id='block_1_61' title="bbox 438 5104 3861 5193">
    <p class='ocr_par' dir='ltr' id='par_1_61' title="bbox 438 5104 3861 5193">
     <span class='ocr_line' id='line_1_61' title="bbox 438 5104 3861 5193; baseline -0.001 -26"><span class='ocrx_word' id='word_1_549' title='bbox 438 5107 804 5186; x_wconf 90' lang='lat' dir='ltr'><strong>priusquam</strong></span> <span class='ocrx_word' id='word_1_550' title='bbox 867 5116 1265 5186; x_wconf 85' lang='lat' dir='ltr'><strong>nasceretur,</strong></span> <span class='ocrx_word' id='word_1_551' title='bbox 1343 5109 1541 5187; x_wconf 88' lang='lat' dir='ltr'><strong>iisque</strong></span> <span class='ocrx_word' id='word_1_552' title='bbox 1599 5109 1891 5170; x_wconf 91' lang='lat' dir='ltr'><strong>omnibus</strong></span> <span class='ocrx_word' id='word_1_553' title='bbox 1949 5111 2055 5189; x_wconf 93' lang='lat' dir='ltr'><strong>qui</strong></span> <span class='ocrx_word' id='word_1_554' title='bbox 2113 5110 2275 5172; x_wconf 91' lang='lat' dir='ltr'><strong>hanc</strong></span> <span class='ocrx_word' id='word_1_555' title='bbox 2343 5113 2753 5173; x_wconf 89' lang='lat' dir='ltr'><strong>honoriﬁcam</strong></span> <span class='ocrx_word' id='word_1_556' title='bbox 2812 5114 3304 5193; x_wconf 89' lang='lat' dir='ltr'><strong>appellationem</strong></span> <span class='ocrx_word' id='word_1_557' title='bbox 3364 5114 3565 5174; x_wconf 60' lang='lat' dir='ltr'><strong>beatae</strong></span> <span class='ocrx_word' id='word_1_558' title='bbox 3629 5104 3861 5186; x_wconf 89' lang='lat' dir='ltr'><strong>Virgini</strong></span> 
     </span>
    </p>
   </div>
   <div class='ocr_carea' id='block_1_62' title="bbox 435 5205 750 5265">
    <p class='ocr_par' dir='ltr' id='par_1_62' title="bbox 435 5205 750 5265">
     <span class='ocr_line' id='line_1_62' title="bbox 435 5205 750 5265; baseline 0 -1"><span class='ocrx_word' id='word_1_559' title='bbox 435 5205 750 5265; x_wconf 91' lang='lat' dir='ltr'><strong>adimunt.</strong></span> 
     </span>
    </p>
   </div>
   <div class='ocr_carea' id='block_1_63' title="bbox 513 5446 2801 5518">
    <p class='ocr_par' dir='ltr' id='par_1_63' title="bbox 513 5446 2801 5518">
     <span class='ocr_line' id='line_1_63' title="bbox 513 5446 2801 5518; baseline 0.003 -17"><span class='ocrx_word' id='word_1_560' title='bbox 513 5447 590 5517; x_wconf 85' lang='lat' dir='ltr'><strong>(a)</strong></span> <span class='ocrx_word' id='word_1_561' title='bbox 631 5450 818 5518; x_wconf 80' lang='lat' dir='ltr'><strong>Carm.</strong></span> <span class='ocrx_word' id='word_1_562' title='bbox 855 5446 930 5502; x_wconf 91' lang='lat' dir='ltr'><strong>al.</strong></span> <span class='ocrx_word' id='word_1_563' title='bbox 966 5448 1088 5515; x_wconf 81' lang='grc'><strong>145,</strong></span> <span class='ocrx_word' id='word_1_564' title='bbox 1122 5465 1175 5502; x_wconf 90' lang='lat' dir='ltr'><strong>v.</strong></span> <span class='ocrx_word' id='word_1_565' title='bbox 1213 5448 1279 5502; x_wconf 88' lang='grc'><strong>13</strong></span> <span class='ocrx_word' id='word_1_566' title='bbox 1309 5451 1366 5503; x_wconf 88' lang='lat' dir='ltr'><strong>et</strong></span> <span class='ocrx_word' id='word_1_567' title='bbox 1397 5464 1518 5518; x_wconf 81' lang='lat' dir='ltr'><strong>seq.</strong></span> <span class='ocrx_word' id='word_1_568' title='bbox 2282 5454 2349 5517; x_wconf 73' lang='lat' dir='ltr'><strong>te)</strong></span> <span class='ocrx_word' id='word_1_569' title='bbox 2392 5454 2489 5506; x_wconf 92' lang='lat' dir='ltr'><strong>Or.</strong></span> <span class='ocrx_word' id='word_1_570' title='bbox 2524 5454 2580 5517; x_wconf 85' lang='lat'><strong>2,</strong></span> <span class='ocrx_word' id='word_1_571' title='bbox 2613 5468 2671 5505; x_wconf 91' lang='lat' dir='ltr'><strong>n.</strong></span> <span class='ocrx_word' id='word_1_572' title='bbox 2707 5453 2801 5507; x_wconf 88' lang='lat'><strong>23.</strong></span> 
     </span>
    </p>
   </div>
   <div class='ocr_carea' id='block_1_64' title="bbox 518 5517 2129 5594">
    <p class='ocr_par' dir='ltr' id='par_1_64' title="bbox 518 5517 1492 5594">
     <span class='ocr_line' id='line_1_64' title="bbox 518 5517 1492 5594; baseline 0.004 -23"><span class='ocrx_word' id='word_1_573' title='bbox 518 5518 589 5594; x_wconf 83' lang='lat' dir='ltr'><strong>(b)</strong></span> <span class='ocrx_word' id='word_1_574' title='bbox 632 5517 915 5594; x_wconf 71' lang='lat' dir='ltr'><strong>Orat_._43,</strong></span> <span class='ocrx_word' id='word_1_575' title='bbox 956 5520 1138 5594; x_wconf 80' lang='lat' dir='ltr'><strong>n._68,</strong></span> <span class='ocrx_word' id='word_1_576' title='bbox 1170 5520 1264 5574; x_wconf 81' lang='lat'><strong>69.</strong></span> <span class='ocrx_word' id='word_1_577' title='bbox 1489 5517 1492 5518; x_wconf 19' lang='grc' dir='ltr'><em>ν</em></span> 
     </span>
    </p>
   </div>
   <div class='ocr_carea' id='block_1_65' title="bbox 1689 5517 3300 5594">
    <p class='ocr_par' dir='ltr' id='par_1_65' title="bbox 2289 5521 3300 5594">
     <span class='ocr_line' id='line_1_65' title="bbox 2289 5521 3300 5594; baseline -0.002 -15"><span class='ocrx_word' id='word_1_578' title='bbox 2289 5525 2365 5593; x_wconf 74' lang='grc' dir='ltr'><strong>(Γ)</strong></span> <span class='ocrx_word' id='word_1_579' title='bbox 2405 5524 2652 5590; x_wconf 78' lang='lat' dir='ltr'><strong>Soerat.,</strong></span> <span class='ocrx_word' id='word_1_580' title='bbox 2696 5521 2735 5576; x_wconf 93' lang='lat' dir='ltr'><strong>l.</strong></span> <span class='ocrx_word' id='word_1_581' title='bbox 2770 5541 2832 5587; x_wconf 78' lang='grc' dir='ltr'><strong>ιι,</strong></span> <span class='ocrx_word' id='word_1_582' title='bbox 2867 5540 2916 5579; x_wconf 93' lang='lat' dir='ltr'><strong>c.</strong></span> <span class='ocrx_word' id='word_1_583' title='bbox 2950 5524 3039 5593; x_wconf 81' lang='grc'><strong>46,</strong></span> <span class='ocrx_word' id='word_1_584' title='bbox 3073 5541 3135 5594; x_wconf 93' lang='lat' dir='ltr'><strong>p.</strong></span> <span class='ocrx_word' id='word_1_585' title='bbox 3178 5524 3300 5578; x_wconf 84' lang='grc'><strong>161.</strong></span> 
     </span>
    </p>
   </div>
   <div class='ocr_carea' id='block_1_66' title="bbox 518 5588 2129 5666">
    <p class='ocr_par' dir='ltr' id='par_1_66' title="bbox 518 5588 1065 5666">
     <span class='ocr_line' id='line_1_66' title="bbox 518 5588 1065 5666; baseline 0.002 -21"><span class='ocrx_word' id='word_1_586' title='bbox 518 5588 591 5666; x_wconf 62' lang='grc' dir='ltr'><strong>(ᾳ)</strong></span> <span class='ocrx_word' id='word_1_587' title='bbox 629 5596 725 5646; x_wconf 86' lang='lat' dir='ltr'><strong>Or.</strong></span> <span class='ocrx_word' id='word_1_588' title='bbox 760 5591 846 5666; x_wconf 68' lang='grc'><strong>14,</strong></span> <span class='ocrx_word' id='word_1_589' title='bbox 885 5608 943 5646; x_wconf 91' lang='lat' dir='ltr'><strong>n.</strong></span> <span class='ocrx_word' id='word_1_590' title='bbox 979 5591 1065 5666; x_wconf 71' lang='lat'><strong>19.</strong></span> 
     </span>
    </p>
   </div>
   <div class='ocr_carea' id='block_1_67' title="bbox 1959 5588 3570 5666">
    <p class='ocr_par' dir='ltr' id='par_1_67' title="bbox 2291 5588 3570 5666">
     <span class='ocr_line' id='line_1_67' title="bbox 2291 5588 3570 5666; baseline -0.003 -18"><span class='ocrx_word' id='word_1_591' title='bbox 2291 5588 2359 5664; x_wconf 63' lang='lat' dir='ltr'><strong>(gl</strong></span> <span class='ocrx_word' id='word_1_592' title='bbox 2402 5594 2586 5666; x_wconf 78' lang='lat' dir='ltr'><strong>Epist.</strong></span> <span class='ocrx_word' id='word_1_593' title='bbox 2624 5588 2648 5649; x_wconf 82' lang='lat'><strong>1</strong></span> <span class='ocrx_word' id='word_1_594' title='bbox 2685 5595 2756 5649; x_wconf 91' lang='lat' dir='ltr'><strong>ad</strong></span> <span class='ocrx_word' id='word_1_595' title='bbox 2792 5588 3163 5666; x_wconf 55' lang='lat' dir='ltr'><strong>Cledoniu&#39;m,</strong></span> <span class='ocrx_word' id='word_1_596' title='bbox 3196 5594 3337 5651; x_wconf 90' lang='lat' dir='ltr'><strong>olim</strong></span> <span class='ocrx_word' id='word_1_597' title='bbox 3367 5609 3448 5648; x_wconf 86' lang='lat' dir='ltr'><strong>or.</strong></span> <span class='ocrx_word' id='word_1_598' title='bbox 3482 5592 3570 5646; x_wconf 88' lang='grc'><strong>51.</strong></span> 
     </span>
    </p>
   </div>
   <div class='ocr_carea' id='block_1_68' title="bbox 521 5661 2800 5736">
    <p class='ocr_par' dir='ltr' id='par_1_68' title="bbox 521 5661 2800 5736">
     <span class='ocr_line' id='line_1_68' title="bbox 521 5661 2800 5736; baseline 0.004 -23"><span class='ocrx_word' id='word_1_599' title='bbox 521 5661 594 5731; x_wconf 56' lang='grc' dir='ltr'><strong>κά)</strong></span> <span class='ocrx_word' id='word_1_600' title='bbox 635 5668 728 5717; x_wconf 86' lang='lat' dir='ltr'><strong>Or.</strong></span> <span class='ocrx_word' id='word_1_601' title='bbox 763 5663 850 5733; x_wconf 86' lang='lat'><strong>30,</strong></span> <span class='ocrx_word' id='word_1_602' title='bbox 886 5681 942 5717; x_wconf 89' lang='lat' dir='ltr'><strong>n.</strong></span> <span class='ocrx_word' id='word_1_603' title='bbox 975 5664 1029 5717; x_wconf 84' lang='lat'><strong>2.</strong></span> <span class='ocrx_word' id='word_1_604' title='bbox 2289 5661 2361 5736; x_wconf 70' lang='lat' dir='ltr'><strong>th)</strong></span> <span class='ocrx_word' id='word_1_605' title='bbox 2402 5661 2497 5720; x_wconf 68' lang='lat' dir='ltr'><strong>Oi.</strong></span> <span class='ocrx_word' id='word_1_606' title='bbox 2531 5666 2621 5728; x_wconf 84' lang='lat'><strong>35.</strong></span> <span class='ocrx_word' id='word_1_607' title='bbox 2656 5682 2712 5721; x_wconf 92' lang='lat' dir='ltr'><strong>n.</strong></span> <span class='ocrx_word' id='word_1_608' title='bbox 2748 5667 2800 5721; x_wconf 81' lang='grc'><strong>4.</strong></span> 
     </span>
    </p>
   </div>
  </div>
