4080 6462
307 371 384 431 109
1434 376 1847 438 ΡΗᾹΞΕΑΤΙΟ
1894 377 1918 437 ί

2232 376 2354 435 ωδ.
2382 409 2455 419 -
2487 377 2688 439 PARS
2733 379 2838 439 Ill.
3728 389 3843 450 110

1936 561 2026 622 De
2057 560 2303 641 angelis.

381 711 557 782 Quod
621 721 982 798 angelos
1040 721 1295 794 spectat,
1352 716 1589 774 hierere
1639 713 1888 772 videtur
1937 712 2271 789 Gregorius
2322 713 2489 772 circa
2541 731 2757 774 eorum
2791 717 3194 793 creationem,
3232 728 3545 799 naturam,
3583 732 3842 803 statum,

340 816 390 870 et
408 813 627 875 varios
664 835 963 877 eorum
1000 814 1252 875 ordines
1285 830 1298 872 :
1349 814 1412 872 in
1463 831 1536 872 ea
1580 817 1792 872 tamen
1840 829 1982 869 cum
2015 810 2296 888 antiquis
2334 811 2620 871 Patribus
2652 814 2882 874 Graecis
2914 815 3103 876 fuisse
3134 821 3444 880 sententia
3472 824 3741 897 videtur,
3778 833 3849 888 ut

356 911 620 973 crederet
657 922 845 975 ante
887 911 1217 974 mundum
1248 916 1490 971 creatos
1535 927 1667 969 esse
1717 909 1993 985 angelos.
2055 931 2086 963 «
2120 908 2201 988 (α)
2237 909 2542 980 Quoniam
2578 917 2787 971 autem
2840 911 3106 973 bonitati
3156 938 3186 969 ››
3247 916 3475 979 divinae
3538 945 3569 977 ‹‹
3618 942 3850 1003 nequa-

366 1029 531 1087 quam
591 1013 778 1073 satis
839 1018 1007 1073 erat
1060 1028 1171 1070 sua
1213 1009 1409 1089 ipsius
1454 1008 1656 1067 solum
1709 1005 2241 1084 contemplatione
2295 1007 2552 1083 moveri,
2606 1008 2713 1067 sed
2763 1009 3000 1069 bonum
3052 1012 3321 1075 diffundi
3377 1034 3449 1077 ac
3509 1024 3850 1101 propagari

371 1110 735 1188 oportebat,
802 1116 889 1170 ut.
940 1109 1138 1188 plura
1183 1112 1406 1179 essent,
1459 1124 1600 1185 quae
1631 1104 1936 1165 beneficio
1970 1103 2390 1178 afﬁcerentur,
2441 1105 2503 1163 id
2553 1105 2717 1165 enim
2760 1125 3022 1168 summae
3058 1110 3356 1174 bonitatis
3386 1123 3543 1189 erat,
3573 1121 3850 1198 primum

383 1209 705 1287 angelicas
737 1216 812 1268 et
850 1208 1155 1268 caelestes
1184 1206 1443 1265 virtutes
1474 1202 1774 1281 cogitavit
1811 1222 1824 1264 :
1874 1207 2065 1280 atque
2094 1201 2203 1261 illa
2229 1202 2525 1280 cogitatio
2557 1222 2716 1282 opus
2747 1211 2902 1279 crat,
2938 1208 3105 1284 quod
3140 1211 3344 1272 Verbo
3377 1216 3849 1293 conficiebatur,

391 1325 459 1368 ac
490 1306 747 1385 spiritu
783 1304 1199 1384 explebatur.
1241 1306 1448 1381 Atque
1496 1301 1585 1361 ita
1625 1300 1885 1361 secundi
1914 1300 2279 1379 splendores
2309 1301 2623 1379 procreati
2653 1308 2819 1375 sunt,
2856 1304 3045 1381 primi
3075 1307 3425 1385 splendoris
3453 1313 3809 1380 administri
3836 1330 3851 1386 ;

407 1408 528 1466 sive
558 1390 1012 1482 intelligentes
1040 1401 1314 1481 spiritus,
1351 1400 1480 1460 sive
1508 1399 1717 1478 ignem
1760 1399 1931 1459 velut
1976 1399 2255 1458 materiae
2296 1404 2616 1476 expertem
2650 1405 2711 1459 et
2740 1400 3206 1481 incorporeum,
3243 1407 3370 1469 sive
3402 1410 3590 1473 aliam
3625 1434 3851 1493 quam-

419 1506 555 1564 dam
581 1509 894 1563 naturam
947 1518 1059 1561 eos
1105 1499 1467 1560 existimare
1495 1503 1765 1576 oportet.
1803 1518 1831 1553 ι)
1885 1497 2334 1556 Verumtamen
2367 1497 2624 1574 angelos
2686 1522 2715 1553 «
2766 1497 2851 1578 (ὸ)
2899 1501 3167 1581 simplici
3225 1508 3499 1584 quadam
3558 1519 3849 1576 natura»

421 1602 739 1680 praedium.
777 1606 843 1660 et
899 1623 929 1655 α
962 1616 1154 1677 puras
1186 1603 1443 1658 naturas
1474 1618 1502 1653 »
1559 1594 1787 1655 sanxit.
1841 1619 1870 1650 «
1904 1596 2119 1673 Ignem
2151 1616 2179 1651 ι)
2240 1613 2385 1655 vero
2416 1595 2585 1674 ipsos
2617 1605 2942 1677 nuncupat
2973 1600 3072 1679 (c),
3119 1621 3244 1662 non
3277 1608 3445 1683 quod
3479 1627 3850 1689 corpoream

413 1699 845 1761 substantiam
882 1697 979 1757 vel
1010 1695 1439 1757 tenuissimam
1492 1693 1580 1753 eis
1626 1694 1913 1772 affingat,
1964 1693 2074 1752 sed
2122 1692 2203 1753 ob
2236 1712 2496 1754 munera
2528 1694 2759 1772 quibus
2803 1714 2954 1774 erga
2986 1718 3102 1758 nos
3147 1701 3516 1781 funguntur.
3556 1710 3657 1769 Sic
3687 1712 3853 1772 Deus

412 1825 442 1852 α
480 1798 650 1877 ignis
685 1820 716 1851 »
772 1795 963 1856 etiam
993 1794 1057 1853 in
1086 1791 1425 1872 Scripturis
1454 1796 1735 1865 vocatur,
1770 1791 1869 1851 vel
1900 1790 1981 1851 ob
2014 1790 2273 1849 nimiam
2310 1791 2670 1869 puritatem,
2725 1794 2818 1853 vel
2872 1797 2952 1854 ob
2992 1797 3548 1875 flagrantissimum
3591 1805 3856 1884 justitias

403 1896 704 1956 studium
759 1912 887 1973 quo
938 1898 1196 1972 peccata
1249 1889 1478 1966 exurit,
1530 1908 1759 1968 pravos
1806 1907 2013 1949 mores
2044 1889 2172 1948 sive
2202 1889 2624 1961 immutando,
2663 1890 2789 1951 sive
2821 1892 3179 1970 plectendo.
3211 1898 3317 1958 His
3350 1903 3572 1963 annuit
3599 1914 3856 1968 sanctus

406 1995 670 2066 doctor,
729 1997 793 2052 et
839 1987 1342 2069 interpretationi
1385 1985 1788 2065 suffragatur.
1853 2010 1883 2041 «
1915 1986 2206 2063 Spiritus,
2261 1986 2469 2064 inquit
2512 1987 2619 2066 (ά),
2675 1995 2867 2068 atque
2920 1992 3084 2069 ignis
3142 1997 3402 2073 angelus
3455 2003 3853 2079 appellatur;

405 2093 607 2165 illud,
644 2090 799 2170 quia
825 2086 1170 2150 intellectili
1199 2091 1425 2147 natura
1454 2090 1547 2146 est
1578 2084 1900 2164 praeditus,
1935 2084 2077 2156 hoc,
2114 2085 2263 2163 quia
2294 2086 2639 2164 purgandis
2668 2089 2894 2148 animis
2941 2092 3170 2152 nostris
3219 2094 3596 2173 adhibetur;
3649 2121 3855 2180 quan-

401 2191 779 2271 doquidem
828 2186 1127 2267 primaria
1168 2203 1421 2264 quoque
1472 2184 1581 2244 illa
1626 2183 1896 2243 essentia
1947 2182 2162 2264 (Deus)
2212 2182 2431 2242 iisdem
2485 2185 2843 2247 nominibus
2886 2188 2950 2247 in
2984 2190 3306 2268 Scriptura
3360 2207 3847 2277 nuncupatur.»

398 2292 695 2350 Videtur
724 2287 955 2348 alicubi
984 2285 1062 2365 (e)
1122 2284 1380 2363 angelos
1412 2288 1641 2343 natura
1669 2301 1782 2342 sua
1831 2281 2001 2341 omni
2033 2287 2291 2360 peccato
2322 2300 2577 2360 prorsus
2606 2283 2916 2346 immunes
2949 2288 3215 2366 opinari.
3256 2314 3285 2347 »
3341 2295 3648 2365 Quoniam
3683 2302 3859 2361 omni

402 2387 678 2467 peccati
728 2386 865 2446 labe
915 2402 1150 2454 carere,
1209 2382 1322 2441 Dei
1374 2388 1488 2453 est,
1542 2381 1892 2460 primaeque
1941 2386 2001 2440 et
2048 2379 2483 2459 incompositae
2535 2390 2776 2444 natura;
2830 2384 3221 2466 (simplicitas
3267 2392 3432 2452 enim
3483 2403 3707 2473 pacata
3737 2408 3852 2474 est,

412 2494 624 2563 atque
654 2484 732 2545 ab
763 2482 935 2544 omni
964 2480 1219 2541 dissidio
1250 2480 1559 2559 remota);
1620 2478 1921 2538 audacter
1971 2477 2160 2537 etiam
2207 2479 2462 2553 addam,
2520 2486 2581 2539 et
2631 2483 2955 2559 angelicae,
3015 2504 3157 2563 quae
3217 2496 3328 2548 aut
3376 2510 3632 2569 prorsus
3676 2504 3859 2558 extra

422 2581 734 2662 peccandi
780 2579 986 2641 aleam
1032 2583 1150 2649 est,
1205 2584 1315 2637 aut
1362 2576 1443 2636 ad
1494 2582 1660 2637 certe
1718 2576 1798 2636 ob
1860 2594 1999 2635 eam
2060 2575 2620 2655 propinquitatem,
2673 2597 2864 2656 quam
2926 2581 3004 2640 ad
3056 2586 3251 2645 Deum
3300 2588 3513 2663 habet,
3567 2596 3851 2670 proxime

416 2680 697 2741 accedit.
732 2704 761 2735 ι)
813 2679 1044 2740 Verum
1077 2675 1449 2736 sententiam
1482 2679 1593 2734 aut
1621 2680 1998 2751 temperare,
2032 2679 2144 2733 aut
2171 2674 2392 2734 saltem
2427 2676 2768 2753 explanare
2799 2682 3206 2757 sequentibus
3236 2685 3441 2748 dicere
3476 2689 3632 2750 nihil
3680 2699 3853 2754 vetat

412 2804 450 2835 ‹‹
490 2778 589 2857 (f)
629 2777 825 2838 Gestit
851 2775 1106 2855 quidem
1139 2774 1384 2835 animus
1414 2773 1623 2833 dicere
1652 2773 1730 2833 ad
1764 2772 2000 2832 malum
2032 2772 2392 2832 immobiles
2426 2797 2454 2829 »
2506 2775 2788 2852 angelos,
2844 2800 2873 2833 ‹‹
2905 2784 3097 2856 atque
3147 2781 3227 2840 ad
3276 2783 3509 2845 bonum
3543 2788 3855 2853 duntaxat

410 2876 845 2956 agitationem
877 2873 1203 2945 habentes,
1240 2877 1457 2950 utpote
1488 2870 2217 2942 Deumcircumstantes,
2252 2889 2322 2931 ac
2367 2872 2666 2949 primario
2715 2875 2823 2933 Dei
2872 2876 3118 2955 fulgore
3160 2880 3583 2959 collucentes;
3636 2906 3851 2949 verum

412 2983 490 3037 ut
522 2993 659 3036 non
692 2966 951 3034 omnino
981 2970 1361 3041 immobiles,
1396 2970 1500 3029 sed
1538 2987 1703 3046 aegre
1737 2968 1999 3028 mobiles
2031 2968 2380 3029 existimem
2414 2988 2486 3029 ac
2518 2970 2750 3043 dicam,
2786 2972 2941 3032 mihi
2973 2979 3307 3052 persuadet
3355 2981 3459 3041 ille
3509 2983 3590 3043 ob
3640 2986 3851 3064 splen-

416 3074 646 3135 dorem
708 3070 976 3139 Lucifer,
1032 3068 1140 3147 qui
1187 3073 1445 3146 propter
1492 3066 1849 3145 superbiam
1904 3067 2130 3144 caligo,
2187 3074 2249 3127 et
2279 3067 2539 3127 effectus
2569 3074 2683 3141 est,
2719 3076 2781 3129 et
2810 3072 3197 3151 nominatur,
3258 3095 3330 3137 ac
3379 3079 3677 3158 subjectae
3733 3084 3855 3163 ipsi

414 3172 697 3233 rebelles
752 3173 1111 3248 potestates,
1169 3183 1309 3244 quae
1372 3183 1486 3243 per
1543 3164 1692 3225 boni
1750 3165 1967 3242 fugam
2029 3164 2247 3224 vitium
2308 3164 2671 3239 effecerunt,
2722 3167 3006 3247 illudque
3062 3172 3245 3233 nobis
3301 3181 3772 3242 contraxerunt.
3817 3207 3847 3239 ››

408 3269 709 3346 Angelos
740 3266 842 3326 hic
872 3263 1141 3325 attendit
1171 3263 1389 3342 quales
1418 3267 1617 3336 erant,
1675 3261 1825 3321 dum
1885 3261 1962 3322 de
2018 3261 2232 3322 futura
2284 3262 2445 3322 forte
2497 3263 2707 3324 adhuc
2752 3265 2952 3339 inscii,
3006 3274 3069 3328 et
3117 3271 3393 3333 nondum
3426 3274 3491 3334 in
3523 3278 3855 3340 sanctitate

412 3364 835 3436 constabiliti,
866 3362 1066 3422 libero
1097 3365 1390 3439 poterant
1438 3358 1697 3420 arbitrio
1755 3378 1791 3419 a
1853 3361 2057 3437 prima
2108 3360 2417 3421 sententia
2467 3361 2532 3421 in
2582 3362 2770 3423 aliam
2830 3364 3185 3443 deﬂectere,
3221 3370 3365 3431 licet
3408 3373 3488 3432 ad
3540 3375 3850 3452 justitiam

420 3464 661 3524 mentis
691 3462 914 3522 affectu
950 3464 1097 3519 tunc
1129 3458 1452 3538 proclives,
1488 3456 1910 3535 promptiores
1939 3457 2019 3517 ad
2052 3457 2289 3518 bonum
2323 3478 2512 3536 quam
2547 3460 2629 3519 ad
2670 3461 2903 3523 malum
2938 3472 3167 3526 essent.

511 3587 545 3616 α
603 3560 685 3640 (g)
747 3557 1054 3638 Angelicaa
1116 3559 1452 3635 potestates
1508 3553 1736 3615 divinae
1795 3554 2139 3615 voluntatis
2199 3555 2501 3616 ministrae
2555 3564 2744 3633 sunt,
2822 3561 3174 3641 roboreque
3233 3585 3358 3627 non
3419 3571 3606 3630 modo
3667 3580 3853 3633 natu-

420 3661 592 3730 rali,
654 3658 761 3718 sed
818 3658 1006 3718 etiam
1055 3654 1398 3714 adventitio
1456 3652 1727 3731 pollent,
1788 3653 1925 3713 loca
1982 3652 2196 3713 omnia
2252 3661 2631 3733 peragrant,
2692 3663 2825 3717 tum
2876 3660 2957 3719 ob
3018 3662 3346 3724 ministerii
3403 3671 3853 3746 promptitudi-

415 3777 620 3829 nem,
683 3764 813 3815 tum
873 3755 955 3814 ob
1016 3762 1256 3813 naturae
1332 3750 1674 3811 levitatem.
1749 3750 1905 3810 Aliae
1964 3750 2155 3811 aliam
2217 3754 2560 3830 quamdam
2620 3755 2789 3814 orbis
2846 3765 3091 3834 partem
3158 3763 3704 3841 complectuntur,
3743 3778 3856 3831 aut

414 3862 601 3917 certe
660 3854 798 3915 aliis
852 3853 1145 3931 quaedam
1205 3868 1352 3929 pars
1408 3849 1741 3909 commissa
1800 3857 1912 3921 est,
1966 3855 2036 3909 ut
2091 3850 2267 3910 novit
2321 3851 2430 3929 qui
2487 3852 2619 3912 haec
2666 3852 2981 3916 ordinavit
3028 3876 3100 3917 ac
3156 3859 3463 3921 distinxit.
3515 3864 3607 3923 Ad
3658 3886 3851 3928 unum

422 3971 641 4015 rerum
692 3952 970 4012 omnium
1024 3946 1379 4009 Conditoris
1425 3953 1649 4007 nutum
1702 3947 1915 4007 omnia
1962 3947 2025 4007 in
2076 3966 2269 4007 unum
2316 3948 2617 4026 jungunt.
2678 3950 2932 4013 Divinas
2980 3954 3197 4016 laudes
3246 3967 3502 4034 canunt,
3560 3981 3632 4023 ac
3691 3984 3854 4026 sem-

427 4053 741 4130 piternam
774 4050 947 4109 illam
982 4047 1247 4124 gloriam
1281 4044 1659 4124 sempiterno
1689 4045 2037 4119 intuentur,
2071 4050 2188 4106 etc.
2226 4044 2307 4125 (Iz)
2353 4046 2546 4107 Nobis
2574 4071 2604 4103 »
2660 4050 2849 4110 etiam
2905 4076 2935 4107 «
2966 4053 3042 4113 ad
3090 4055 3332 4133 optima
3375 4077 3642 4140 quaeque
3679 4063 3856 4142 adju-

436 4155 647 4209 menlo
687 4154 853 4209 sunt.
888 4170 917 4205 »

1413 4297 1505 4357 De
1532 4297 1732 4358 am'ma
1764 4296 2006 4377 ejusque
2034 4297 2481 4358 immortalitate
2508 4307 2567 4359 et
2607 4301 2859 4380 origine.

501 4474 801 4534 Animam
854 4490 931 4531 ex
981 4472 1109 4529 Deo
1159 4475 1219 4528 et
1264 4467 1684 4528 immortalem
1736 4484 1870 4526 esse
1921 4467 2106 4526 docet
2150 4467 2219 4546 (ἱ)
2273 4488 2286 4527 :
2353 4489 2383 4526 α
2428 4467 2655 4528 Anima
2703 4488 2780 4530 ex
2832 4474 2956 4532 Deo
2988 4480 3101 4544 est,
3137 4483 3327 4555 atque
3359 4480 3594 4554 divina,
3636 4501 3858 4562 super-

424 4592 647 4652 umque
702 4567 1054 4630 nobilitatis
1102 4568 1439 4644 particeps,
1492 4566 1568 4625 ad
1619 4583 1887 4642 eamque
1956 4584 2352 4643 properans;
2417 4569 2664 4627 tametsi
2720 4570 2927 4630 viliori
2983 4573 3234 4633 interim
3294 4595 3368 4637 ac
3426 4580 3723 4641 deteriori
3777 4583 3860 4644 sit

418 4674 699 4733 astricta.
741 4714 783 4727 ..
842 4665 926 4746 (λ’)
975 4668 1063 4725 De
1111 4665 1338 4724 anima:
1391 4664 1593 4724 salute
1644 4663 2100 4742 periclitamur,
2159 4682 2301 4741 quae
2346 4663 2531 4724 beata
2578 4671 2641 4725 et
2688 4666 3062 4729 immortalis
3111 4678 3225 4744 est,
3278 4679 3469 4753 atque
3525 4677 3855 4740 immorta-

410 4768 599 4840 libus,
651 4768 755 4829 vel
808 4761 1161 4843 suppliciis,
1216 4761 1315 4821 vel
1366 4760 1680 4833 laudibus,
1727 4759 1808 4820 ob
1856 4759 2077 4820 vitium
2132 4766 2243 4820 aut
2291 4760 2584 4822 virtutem
2635 4763 3031 4825 afﬁcietur.»
3094 4771 3329 4842 Patres,
3364 4772 3572 4833 carnis
3604 4781 3855 4838 tantum

404 4877 555 4932 sunt
597 4873 828 4950 patres
864 4882 877 4923 :

1005 4992 1126 5066 Οὐχ
1157 4992 1290 5066 ὅλου
1318 4991 1628 5066 ἀνθρώποιο
1665 4992 2093 5066 βατῇρ-Δκροτὸς,
2128 4992 2203 5066 ὡς
2237 4992 2537 5065 ἰνὲπουσιν,

1002 5056 1157 5139 ἈΧΓ
1189 5062 1345 5139 deum
1380 5056 1575 5139 σὰρκᾴς
1604 5056 2045 5139 penori—uiuam;
2074 5056 2089 5093 ί
2123 5065 2451 5139 ἀμφοτέρων
2488 5056 2581 5137 μὶν

1005 5135 1377 5226 ἰρλλυὶιένωγ,
1408 5132 1561 5226 ψὺχή
1601 5132 1658 5188 δὲ
1685 5138 1820 5225 Θεςῶ
1850 5132 2277 5226 κ-ξοξτὲοντίτῗςλᾶη
2291 5132 2387 5226 pro},

1021 5158 1170 5191 υΛΛυ
1222 5158 1377 5202 svum,
1408 5158 1561 5226 quam
1601 5158 1658 5188 οε
1685 5158 1820 5189 σεου
1850 5158 2177 5208 κρατεοντος
2209 5158 2387 5208 αημα,

1002 5158 1259 5282 νΕκτοζεν
1294 5206 1647 5282 εἷ’σπιπῖρυσα
1677 5208 1815 5282 χοὸς
1842 5209 2068 5282 γλάφει.
2104 5206 2264 5282 Οἶδεν
2299 5210 2328 5262 ὁ
2357 5208 2532 5282 μίξας,

1002 5285 1130 5342 Πῶς
1158 5280 1219 5334 τὸ
1248 5282 1464 5352 πρῶτον
1497 5276 1736 5351 ἔπνευάέ,
1767 5279 1857 5333 καὶ
1889 5280 2067 5333 εἰκόνα
2103 5280 2291 5353 μίξατο
2323 5276 2470 5355 γάίῄ.

444 5470 502 5541 a)
546 5465 652 5523 Or.
696 5458 805 5526 38,
849 5446 1026 5506 11.9.

413 5472 491 5617 (II)
538 5540 645 5597 Or-
678 5533 803 5617 ἓξ»
846 5541 917 5617 13-
956 5517 1059 5617 .1?-

2279 5443 2351 5513 (Γ)
2391 5441 2487 5497 0r.
2522 5443 2611 5512 38,
2647 5460 2703 5496 η.
2738 5443 2791 5497 9.

2278 5515 2351 5617 Et?
2392 5512 2489 5617 τρε·
2645 5532 2707 5617 Β
2736 5515 2829 5617 ἑὲ·

674 5584 803 5675 ig;
844 5615 914 5653 η.
954 5589 1057 5647 31.

407 5691 478 5725 Mt
532 5684 703 5725 mm,

2280 5584 2349 5655 (ἡ)
2392 5584 2488 5641 Or.
2523 5586 2612 5653 40,
2645 5603 2702 5639 n.
2735 5588 2825 5641 36.

2280 5659 2339 5725 (il
2389 5661 2485 5711 0r.
2518 5659 2574 5724 2,
2609 5675 2666 5712 n.
2710 5659 2790 5713 t7.

393 5724 478 5839 2:;
512 5724 780 5820 όῖῑυέο,
835 5759 911 5800 ιι-
949 5737 1016 5791 ⁷ο

2278 5724 2348 5800 (j)
2390 5728 2562 5798 Ibid.,
2594 5744 2659 5795 ιι,
2687 5730 2777 5784 28.

90 6352 97 6357 μ
137 6361 140 6364 _
178 6350 181 6351 ν
240 6352 265 6367 ξ,
296 6324 403 6365 “4’?
432 6324 475 6359 λέ
496 6324 511 6331 ““
554 6324 665 6356 ’⁵⁷3⁷
770 6328 827 6361 ,ζμ
852 6348 865 6361 γ

92 6362 93 6365 η
147 6365 162 6380 ι,
221 6362 293 6394 ,η
345 6369 372 6398 ἱ
401 6363 478 6396 εἰς..
491 6371 502 6382 ι,
517 6377 528 6380 ..
750 6376 781 6393 -μ
864 6370 907 6391 «ΙΑ
938 6372 945 6377 .

245 6397 258 6412 ._
283 6403 294 6408 __
317 6411 326 6414 ﬂ
345 6405 350 6408 _
379 6393 422 6400 .-ι
455 6399 484 6410 ___
539 6393 570 6402 ο.
605 6401 642 6410 ___
701 6409 714 6420 Ι-
749 6415 766 6420 .-
822 6390 895 6411 -ρης
950 6398 971 6423 _.:
