4080 6414
428 390 542 449 HI
1433 380 1852 445 PREFATIO
1899 379 2452 443 GENERALIS.—
2482 380 2684 444 PARS
2729 379 2836 442 IlI.
3704 385 3800 444 ΗΞ

1073 515 1524 598 (ﬂa)_Non‘totius
1557 516 1817 598 hominis
1850 516 2022 598 homo
2053 520 2219 598 pater
2249 520 2356 581 est,
2395 521 2458 570 ut
2486 516 2599 598 dici
2633 517 2802 582 solet,

1069 587 1182 645 sed
1214 593 1440 642 tantum
1475 589 1669 644 carnis
1701 595 1756 643 et
1788 587 2122 660 sanguinis,
2157 603 2404 659 quorum
2439 594 2759 660 utrumque

1071 661 1308 732 Peribit.
1342 660 1552 714 Anima
1583 659 1925 732 autengei’
1947 660 2369 732 omnipotentis
2402 659 2761 732 spiraculum
2795 663 2905 732 est,

1079 731 1452 787 Extrinsecus
1488 732 1753 787 incidens
1785 729 1844 786 in
1879 729 2154 786 terrestre
2185 729 2556 802 ﬁgmentum.
2590 731 2760 786 Novit
2792 730 2891 802 qui
2923 729 3160 785 miscuit

1077 804 1377 870 Quomodo
1412 805 1666 876 primum
1700 803 1942 870 afﬂavit,
1984 820 2050 858 ac
2081 805 2399 875 imaginem
2433 808 2597 858 terrai
2633 803 2895 858 miscuit.

1819 956 2137 1017 Peccatum
2167 955 2479 1035 originale.

519 1095 837 1174 Originale
868 1098 1195 1174 peccatum
1228 1091 1618 1170 apertissime
1647 1090 1981 1151 conﬁtetur
2013 1108 2024 1148 :
2091 1111 2120 1149 ι
2149 1091 2345 1150 Totus
2375 1090 2594 1164 cecidi,
2630 1089 2836 1167 inquit
2868 1087 2976 1167 (ὁ),
3025 1093 3215 1165 atque
3256 1087 3337 1147 ob
3369 1086 3548 1166 primi
3576 1087 3815 1146 hominis

437 1194 928 1255 inobedientiam
977 1198 1038 1252 et
1087 1189 1323 1251 diaboli
1373 1191 1660 1249 fraudem
1711 1189 2169 1250 condemnatus
2199 1206 2494 1248 sum....
2531 1187 2606 1267 (c)
2665 1186 3211 1258 Quemadmodum
3262 1186 3327 1244 in
3375 1185 3563 1246 veteri
3605 1185 3816 1246 Adamo

437 1293 669 1354 mortui
717 1310 955 1366 sumus,
1006 1290 1094 1350 ita
1141 1289 1202 1348 in
1255 1288 1502 1348 Christo
1551 1287 1836 1347 vivamus
1864 1287 1945 1352 ⁸¹;
1997 1287 2148 1346 dum
2194 1287 2492 1346 nimirum
2547 1303 2688 1345 cum
2748 1285 2995 1346 Christo
3059 1290 3120 1345 ot
3177 1284 3512 1359 nascimur,
3570 1289 3629 1343 et
3675 1283 3819 1345 cruci

438 1391 778 1468 afﬁgimur,
814 1395 875 1449 et
919 1386 1281 1466 sepelimur,
1317 1391 1377 1446 et
1419 1385 1825 1462 resurgimus.
1860 1384 2135 1444 Pulchra
2163 1385 2331 1444 enim
2377 1385 2438 1444 in
2480 1383 2862 1444 contrarium
2901 1385 3166 1444 mutatio
3200 1383 3354 1443 mihi
3384 1381 3694 1442 subeunda
3722 1387 3816 1453 est,

439 1496 506 1548 ut
537 1487 1072 1567 quemadmodum
1106 1503 1182 1545 ex
1213 1483 1501 1544 secundis
1533 1483 1719 1543 rebus
1750 1483 2030 1542 molestae
2063 1488 2390 1553 venerunt,
2426 1482 2514 1541 sic
2558 1481 2746 1541 etiam
2798 1499 2874 1541 ex
2924 1480 3202 1541 molestis
3252 1480 3412 1540 laetae
3460 1487 3520 1540 et
3561 1479 3822 1557 jucunda:

435 1588 720 1647 redeant.
776 1609 804 1639 α
842 1583 961 1646 Ubi
991 1583 1156 1642 enim
1191 1581 1536 1642 abundavit
1579 1589 1928 1659 peccatum,
1965 1579 2498 1659 superabundavit
2527 1585 2589 1639 et
2620 1579 2825 1657 gratia
2852 1579 2931 1632 32:
2970 1604 3000 1633 »
3053 1584 3114 1638 et
3154 1579 3205 1638 si
3236 1584 3456 1656 gustus
3486 1577 3823 1638 condemna-

439 1686 547 1757 vit,
577 1689 817 1763 quanto
849 1682 1047 1759 magis
1077 1681 1305 1740 Christi
1337 1679 1542 1757 passio
1565 1679 1938 1758 justiﬁcavit
1961 1681 1989 1736 ?
2019 1700 2046 1735 »δ
2107 1680 2336 1739 Locum
2371 1679 2538 1739 hunc
2570 1678 2900 1756 exscripsit
2931 1677 3320 1755 Augustinus
3362 1677 3404 1736 l.
3449 1693 3490 1737 ι.
3535 1684 3676 1735 cont.
3716 1673 3821 1733 Jul.

439 1802 496 1843 c.
547 1785 606 1853 5,
662 1801 721 1861 p.
777 1781 920 1852 505,
975 1786 1127 1839 tom.
1177 1779 1249 1837 X.
1301 1777 1639 1855 Triplicem
1689 1777 2082 1836 nativitatem
2127 1777 2484 1854 Gregorius,
2523 1776 2991 1854 Scripturarum
3025 1776 3426 1847 auctoritate,
3463 1780 3737 1835 numerat
3779 1777 3829 1831 et

442 1880 744 1948 decernit,
781 1897 1047 1957 quarum
1081 1877 1221 1937 duae
1271 1876 1509 1954 priores
1543 1875 1758 1935 vitium
1791 1875 2050 1953 originis
2082 1881 2312 1935 nostrae
2345 1875 2714 1947 declarant;
2768 1891 2908 1934 cum
2963 1892 3086 1933 una
3136 1892 3276 1952 quas
3327 1874 3398 1933 ﬁt
3448 1892 3556 1952 per
3605 1889 3823 1950 corpus,

443 1979 683 2038 servilis
731 1978 811 2036 sit
861 1983 923 2036 et
967 1976 1340 2046 libidinosa;
1390 1975 1588 2034 altera
1619 1992 1759 2051 quae
1796 1992 1905 2051 per
1935 1973 2320 2051 baptismum
2355 1973 2533 2032 nobis
2577 1973 2915 2042 confertur,
2969 1973 3203 2033 malum
3251 1972 3472 2051 prima
3519 1967 3825 2032 nativitatis

445 2075 782 2154 depellere,
832 2082 892 2134 et
940 2075 1240 2134 damnum
1292 2073 1592 2133 resarcire
1643 2079 2043 2132 monstretur.
2109 2096 2140 2128 «
2171 2070 2252 2151 id)
2301 2071 2557 2149 Triplex
2598 2072 2943 2131 nativitatis
2972 2089 3169 2149 genus
3201 2071 3487 2148 agnoscit
3513 2070 3823 2147 Scriptura,

447 2172 716 2252 primum
754 2191 829 2232 ex
876 2172 1266 2251 corporibus,
1303 2171 1573 2230 alterum
1624 2189 1698 2230 ex
1747 2170 2085 2247 baptismo,
2122 2171 2378 2230 tertium
2410 2187 2485 2228 ex
2531 2169 3010 2229 resurrectione.
3046 2169 3281 2228 Horum
3317 2169 3584 2247 primum
3614 2172 3830 2226 noctur-

446 2289 597 2329 num
630 2277 691 2330 et
721 2289 969 2330 servum
1004 2275 1115 2341 est,
1143 2287 1216 2329 ac
1245 2287 1386 2327 cum
1431 2268 1688 2327 libidine
1718 2269 2125 2344 conjunctum
2153 2285 2166 2326 :
2196 2268 2463 2328 alterum
2499 2268 2792 2326 diurnum
2827 2273 2888 2326 et
2918 2268 3205 2340 liberum,
3245 2285 3317 2326 ac
3349 2263 3828 2344 depellendarum

445 2368 811 2428 vitiosarum
847 2367 1249 2428 aﬂectionum
1281 2366 1408 2426 vim
1441 2366 1700 2440 habens,
1737 2385 1922 2426 omne
1972 2366 2057 2437 id,
2092 2366 2262 2444 quod
2310 2385 2347 2425 a
2397 2365 2726 2425 nativitate
2758 2371 3151 2424 contractum
3182 2369 3296 2435 est,
3334 2364 3617 2423 velamen
3647 2377 3832 2437 ampu-

443 2473 606 2538 tans,
642 2473 704 2526 et
749 2466 830 2525 ad
881 2483 1220 2544 supernam
1269 2465 1463 2525 vitam
1512 2483 1625 2525 nos
1674 2482 1994 2534 revocans,
2038 2489 2054 2520 ι

2228 2490 2251 2532 ς
2279 2471 2378 2539 τὴν
2408 2469 2519 2524 ἄνω
2553 2471 2698 2538 ζωὴν
2730 2469 3092 2543 ἐπανάγουσι
3145 2462 3343 2522 Radix
3385 2467 3594 2522 tamen
3625 2456 3831 2539 peccati

445 2564 751 2624 exstincta
784 2563 1032 2643 penitus
1065 2582 1191 2623 non
1239 2570 1352 2622 est.
1409 2587 1434 2618 α
1473 2563 1750 2637 Utinam,
1783 2563 1989 2640 inquit
2021 2562 2117 2642 (ρ),
2172 2563 2451 2622 funditus
2489 2568 2706 2640 pereat
2734 2562 2981 2633 vitium,
3017 2567 3079 2621 et
3127 2561 3400 2639 primum
3433 2560 3602 2621 illius
3629 2574 3826 2626 semen,

443 2679 518 2721 ac
566 2680 800 2739 pravus
849 2661 980 2732 ille,
1031 2660 1141 2738 qui
1187 2659 1643 2719 dormientibus
1691 2659 1872 2719 nobis
1918 2659 2155 2719 zizania
2201 2659 2820 2737 superseminavit33.
2849 2705 2861 2716 .
2889 2703 2940 2717 ..
3007 2660 3150 2717 Haec
3198 2658 3380 2718 nobis
3419 2657 3658 2736 lignum
3705 2650 3826 2713 illud

444 2760 701 2832 invexit,
755 2765 818 2818 et
866 2776 1121 2818 amarus
1171 2776 1334 2829 esus,
1390 2766 1452 2817 et
1502 2757 1752 2816 invidus
1801 2775 2079 2835 serpens,
2132 2762 2195 2816 et
2242 2757 2342 2816 lex
2388 2757 2645 2830 violata,
2680 2775 2822 2835 quae
2854 2757 3036 2817 nobis
3065 2757 3228 2816 hanc
3261 2773 3516 2833 pmnam
3551 2749 3824 2830 irrogavit,

452 2865 520 2917 ut
567 2858 629 2916 in
685 2858 890 2916 vultus
919 2857 1148 2915 sudore
1181 2855 1357 2915 uobis
1388 2855 1588 2915 victus
1639 2855 1720 2913 sit
1771 2856 2089 2933 parandus
2119 2854 2199 2913 3‘.
2237 2901 2249 2913 .
2282 2899 2296 2913 .
2351 2857 2395 2914 E
2447 2856 2738 2932 paradiso
2769 2855 3052 2932 dejectus
3083 2874 3246 2927 sum,
3280 2862 3474 2933 atque
3505 2855 3581 2915 ad
3614 2861 3829 2918 terram,

452 2976 530 3017 ex
572 2975 699 3035 qua
744 2963 1105 3034 assumptus
1153 2956 1419 3026 fueram,
1469 2973 1726 3014 aversus
1774 2973 1934 3024 sum,
1987 2955 2050 3013 id
2102 2973 2294 3014 unum
2349 2953 2716 3014 deliciarum
2769 2956 2904 3015 loco
2956 2954 3218 3027 habens,
3267 2955 3436 3032 quod
3491 2953 3838 3014 calamitates

459 3074 630 3115 meas
659 3054 945 3132 cognitas
993 3053 1310 3113 habeam:
1364 3059 1428 3113 et
1479 3072 1593 3130 pro
1641 3053 1871 3130 exigua
1923 3047 2268 3132 voluptate,
2322 3060 2628 3132 perpetuo
2671 3070 2942 3113 mmrore
2971 3053 3310 3113 damnatus
3370 3071 3553 3124 sum;
3613 3064 3840 3125 eamque

460 3171 714 3232 poenam
747 3153 978 3230 pendo,
1033 3157 1101 3211 ut
1150 3151 1305 3211 mihi
1349 3170 1494 3212 cum
1545 3170 1618 3211 eo
1673 3152 1784 3228 qui
1832 3152 1995 3211 male
2048 3153 2110 3211 in
2160 3169 2364 3212 meam
2411 3152 2755 3212 amicitiam
2787 3152 3061 3230 irrepsit,
3105 3170 3177 3211 ac
3208 3170 3322 3229 per
3350 3152 3596 3212 arboris
3626 3152 3843 3227 gustum

458 3252 520 3310 in
560 3249 846 3310 fraudem
899 3267 995 3308 me
1039 3249 1308 3321 induxit,
1342 3249 1576 3308 bellum
1629 3265 1843 3326 gerere
1896 3249 1976 3309 sit
2031 3267 2302 3310 necesse.
2357 3251 2513 3308 Hinc
2563 3249 2798 3310 factum
2848 3256 2942 3309 est
2993 3255 3061 3309 ut
3107 3249 3170 3308 in
3221 3249 3437 3309 labore
3491 3256 3553 3309 et
3599 3259 3848 3307 aerumna

459 3367 702 3421 nascar,
750 3353 814 3407 et
862 3347 1092 3417 vivam,
1145 3364 1217 3406 ac
1273 3347 1527 3406 moriar.
1578 3347 1734 3406 Hinc
1782 3347 2131 3424 indigentia
2177 3355 2328 3408 nata
2377 3356 2514 3421 est;
2570 3366 2644 3408 ex
2703 3347 3051 3426 indigentia
3098 3347 3412 3426 cupiditas
3460 3344 3746 3416 habendi,
3789 3358 3848 3400 ex

459 3447 803 3524 cupiditate
834 3445 1021 3518 bella,
1057 3463 1134 3504 ex
1183 3445 1363 3505 bellis
1410 3463 1598 3523 porro
1648 3445 1906 3520 tributa,
1942 3446 2173 3524 quibus
2225 3445 2290 3506 in
2340 3446 2552 3506 divina
2602 3447 3127 3506 condemnatione
3174 3445 3329 3504 nihil
3381 3447 3634 3523 gravius
3679 3447 3764 3503 est
3802 3443 3850 3497 et

457 3544 766 3604 acerbius.
827 3565 855 3600 η
947 3545 1013 3604 S.
1073 3543 1488 3620 Augustinus,
1551 3543 1837 3621 pluribus
1892 3544 1971 3602 ad
2032 3544 2527 3603 conﬁrmandam
2587 3545 2780 3603 fidem
2839 3543 3219 3604 catholicam
3278 3544 3550 3621 prolatis
3606 3534 3852 3616 Gregorii

457 3643 850 3715 testimoniis,
881 3641 967 3701 sic
997 3641 1318 3702 Julianum
1352 3641 1697 3719 alloquitur
1727 3641 1799 3720 (τ)
1832 3658 1847 3700 :
1907 3663 1935 3698 «
1968 3642 2092 3701 Sed
2143 3660 2268 3701 non
2321 3642 2432 3701 tibi
2484 3642 2680 3701 deerit
2731 3642 2945 3720 magni
2994 3641 3266 3701 nominis
3295 3648 3357 3701 et
3407 3642 3583 3702 fama
3609 3637 3852 3700 celeber-

455 3743 614 3802 rima
662 3741 920 3802 illustris
967 3740 1299 3819 episcopus
1346 3741 1536 3800 etiam
1585 3740 1662 3799 de
1713 3739 1998 3817 partibus
2038 3739 2328 3809 Orientis,
2365 3739 2543 3817 cujus
2575 3739 2828 3818 eloquia
2856 3739 3129 3817 ingentis
3163 3740 3384 3799 merito
3417 3739 3661 3816 gratiae,
3694 3734 3853 3796 etiam

453 3841 516 3899 in
569 3840 847 3917 linguam
899 3837 1181 3899 Latinam
1236 3837 1541 3896 translata
1571 3854 2025 3914 usquequaque
2058 3837 2443 3896 claruerunt.
2499 3838 2726 3896 Sedeat
2775 3855 2926 3915 ergo
2976 3853 3118 3895 cum
3172 3836 3304 3895 istis
3355 3837 3643 3914 patribus
3693 3831 3852 3892 etiam

454 3945 709 3998 sanctus
741 3936 1094 4014 Gregorius,
1146 3942 1211 3994 et
1262 3953 1404 3994 cum
1452 3935 1540 3994 eis
1591 3940 1715 3994 tuae
1761 3933 2219 3994 criminationis
2271 3933 2522 3994 inanem
2574 3934 2853 4012 patiatur
2903 3933 3254 3994 invidiam:
3311 3935 3459 3992 dum
3498 3940 3704 3994 tamen
3734 3941 3845 3986 cum

454 4038 542 4096 eis
594 4029 815 4095 contra
863 4033 1164 4093 novitiam
1215 4038 1454 4111 pestem
1504 4039 1796 4106 vestram,
1853 4032 2294 4092 medicinalem
2356 4034 2637 4110 proferat
2692 4039 2753 4092 et
2810 4033 2942 4110 ipse
3001 4031 3375 4092 sententiam
3408 4077 3421 4090 .
3456 4077 3468 4089 .
3505 4077 3566 4091 ..
3630 4035 3718 4091 An
3759 4019 3851 4083 tibi

453 4151 650 4212 parva
697 4131 763 4190 in
811 4149 936 4191 uno
986 4129 1284 4207 Gregorio
1319 4129 1755 4209 episcoporum
1792 4129 2189 4189 orientalium
2223 4131 2476 4190 videtur
2506 4130 2897 4190 auctoritas?
2945 4131 3054 4190 Est
3094 4131 3346 4208 quidem
3381 4136 3563 4191 tanta
3594 4138 3855 4209 persona,

457 4239 524 4291 ut
580 4248 784 4308 neque
830 4229 934 4288 ille
986 4228 1105 4288 hoc
1153 4228 1273 4286 nisi
1322 4246 1398 4287 ex
1453 4227 1575 4287 ﬁde
1623 4227 1978 4286 Christiana
2028 4227 2322 4289 omnibus
2371 4228 2700 4289 notissima
2751 4228 3010 4300 diceret,
3065 4246 3180 4287 nec
3229 4228 3318 4288 illi
3377 4247 3524 4288 eum
3575 4232 3700 4287 tam
3748 4220 3855 4280 cla-

454 4347 594 4389 rum
657 4327 962 4388 haberent
1027 4332 1218 4405 atque
1285 4324 1749 4396 venerandum,
1827 4322 1945 4384 nisi
2017 4322 2154 4386 haec
2211 4325 2291 4386 ab
2347 4325 2456 4387 illo
2515 4327 2680 4387 dicta
2756 4346 2832 4387 ex
2906 4325 3133 4404 regula
3205 4325 3550 4386 notissima
3609 4316 3860 4385 veritatis

453 4431 892 4506 agnoscerent.
928 4448 957 4480 »

1649 4539 1740 4600 De
1771 4540 2055 4619 baptismo
2095 4550 2152 4600 et
2191 4541 2665 4619 conﬁrmatione.

527 4695 918 4781 Baptismum
973 4701 1250 4781 appellat
1303 4726 1329 4755 α
1367 4701 1648 4760 omnium
1698 4701 1808 4762 Dei
1855 4701 2304 4764 beneﬁciorum
2365 4701 2922 4782 praeclarissimum
2986 4707 3047 4762 et
3103 4700 3692 4780 praestantissimum
3739 4693 3856 4773 (ωε

447 4797 716 4872 Donum,
769 4797 973 4877 inquit
1005 4799 1110 4879 (ἠ),
1162 4818 1481 4870 vocamus,
1538 4800 1824 4876 gratiam,
1879 4800 2286 4879 baptismum,
2342 4801 2723 4872 unctionem,
2780 4800 3332 4873 illuminationem,
3385 4790 3860 4876 incorruptionis

444 4897 907 4970 indumentum,
969 4897 1460 4974 regenerationis
1521 4897 1864 4969 lavacrum,
1927 4898 2238 4976 sigillum,
2301 4917 2374 4958 ac
2433 4897 2705 4975 denique
2764 4897 3284 4958 excellentissime
3343 4898 3567 4976 quovis
3625 4890 3858 4953 nomine

444 4994 880 5073 appellamus.
961 4997 1207 5056 Donum
1269 4994 1535 5066 dicitur,
1616 4995 1766 5072 quia
1821 4995 1938 5068 iis,
2017 4993 2125 5073 qui
2183 4995 2354 5075 prius
2412 4991 2572 5054 nihil
2628 4996 3073 5069 contulerunt,
3137 4996 3344 5056 datur.
3409 4994 3669 5061 Gratia,
3729 4987 3861 5067 quia

441 5093 630 5153 etiam
691 5092 1082 5153 debentibus.
1166 5092 1567 5171 Baptismus,
1646 5092 1795 5170 quia
1861 5099 2191 5171 peccatum
2248 5092 2314 5152 in
2371 5111 2540 5171 aqua
2597 5093 2940 5171 sepelitur,
3026 5095 3293 5166 Unctio,
3374 5092 3523 5171 quia
3580 5104 3754 5151 sacer
3807 5086 3860 5142 et

510 5251 551 5286 3‘
592 5252 610 5305 Ι
645 5255 768 5307 Cor.
796 5269 885 5322 xv,
915 5253 1003 5307 22.
1093 5254 1137 5287 ³2
1171 5253 1336 5308 Rom.
1375 5270 1423 5305 ν.
1457 5253 1547 5306 20.
1635 5252 1680 5286 ³³
1714 5250 1924 5308 Matth.
1959 5270 2086 5321 xui,
2119 5260 2121 5270 '

1171 5253 1336 5308 Rom.
1375 5270 1423 5305 ν.
1457 5253 1547 5306 20.
1635 5252 1680 5286 ³³
1714 5250 1924 5308 Matth.
1959 5270 2086 5321 xui,
2119 5253 2208 5309 25.
2297 5255 2342 5287 3‘
2373 5254 2516 5310 Gen.
2553 5271 2638 5323 ιη,
2677 5254 2758 5307 19.

518 5429 588 5498 (a)
628 5431 816 5483 Carm.
850 5430 906 5483 in
940 5428 1096 5484 laud.
1135 5431 1316 5501 Virg.,
1348 5446 1401 5496 v,
1431 5427 1536 5481 392
1565 5431 1623 5482 et
1653 5443 1778 5499 seq.

519 5499 594 5570 (ὁ)
635 5500 729 5554 Or.
760 5502 849 5567 22,
882 5518 939 5554 n.
977 5502 1061 5555 13.

2281 5433 2353 5557 ἓξ)
2395 5432 2453 5486 S.
2491 5435 2766 5502 August,
2814 5430 2852 5485 l.
2906 5449 2924 5485 1
2969 5440 3117 5487 cont.
3167 5431 3304 5498 Jul.,
3357 5444 3488 5500 pag.
3520 5427 3630 5481 504
3659 5428 3717 5478 et
3743 5420 3859 5482 505,

515 5543 594 5645 (5)7
626 5543 729 5626 ὄιῖῖ
756 5543 849 5637 sis:
880 5543 939 5626 ἕξ
973 5543 1061 5626 ἵ

2215 5543 2250 5557 ”
2281 5543 2360 5645 ξῶ
2401 5574 2498 5629 Or.
2531 5574 2621 5641 40,
2655 5590 2712 5627 n.
2745 5575 2796 5627 3.

532 5643 614 5715 td)
658 5648 752 5715 ()r.
787 5645 876 5710 40,
908 5646 1027 5700 n.2.

2282 5643 2360 5715 (1.)
2406 5645 2572 5714 Ibid.,
2609 5663 2665 5700 n.
2700 5647 2755 5715 3,
2790 5647 2838 5698 4.

533 5713 608 5784 (e)
652 5714 748 5770 0r.
795 5716 881 5785 19,
912 5717 1066 5770 n.14.
