4080 6472
289 441 368 506 “3
1403 462 1816 528 PBEFATIO
1864 463 2422 526 GENEBALIS.~—
2450 462 2649 526 PARS
2698 462 2804 524 IIl.
3695 468 3811 531 ιιι

295 583 545 661 “Slus.
583 637 602 656 .
641 639 660 656 .
701 638 718 652 .
821 597 1274 675 Illuminatio,
1334 600 1483 677 quia
1539 598 1839 677 splendor
1895 604 1957 658 et
2013 598 2286 658 claritas.
2364 598 2856 671 Indumentum,
2915 598 3064 676 quia
3135 599 3497 678 ignominiaa
3573 609 3814 666 nostrae

304 683 608 752 velamen
683 701 827 767 est,
908 721 939 752 ι)
1009 703 1126 757 etc.
1185 698 1463 761 Tandem
1523 698 1849 776 quodlibet
1907 703 2234 775 peccatum
2299 704 2526 775 purgat
2583 703 2643 756 et
2697 696 3021 775 abstergit.
3091 723 3120 753 «
3177 699 3260 778 (a)
3312 701 3457 760 Haec
3515 701 3818 779 baptismi

315 785 518 864 gratia
586 796 662 850 et
732 795 1046 855 facultas
1102 801 1227 869 est,
1289 814 1415 857 non
1472 797 1686 856 orbem
1749 803 2058 858 terrarum
2117 802 2185 855 ut
2242 795 2392 855 olim
2448 795 2765 867 obruens,
2830 798 2938 856 sed
2998 797 3487 876 uniuscujusque
3548 797 3820 860 hominis

331 894 676 963 peccatum
775 912 1116 972 purgans,
1195 912 1426 973 easque
1492 894 1954 956 obstructiones
2013 893 2109 953 vel
2169 895 2489 965 maculas,
2571 913 2712 972 quae
2771 894 2921 954 vitio
2983 894 3482 972 contrahuntur,
3563 916 3819 975 prorsus

351 984 755 1066 abstergens.
797 1014 833 1046 »

431 1082 766 1148 Collatum
834 1107 875 1149 a
934 1089 1111 1150 laicis
1166 1089 1480 1168 baptisma
1529 1090 1776 1152 irritum
1835 1089 2084 1151 videtur
2139 1089 2529 1152 existimasse
2589 1089 2923 1167 Gregorius
2977 1109 2991 1150 :
3063 1090 3285 1152 saltem
3344 1091 3555 1168 colligi
3612 1110 3686 1156 ex
3747 1107 3817 1152 eo

379 1190 574 1264 potest
628 1186 813 1263 quod
876 1194 1095 1248 narrat
1151 1188 1227 1248 de
1283 1207 1380 1261 se,
1444 1207 1585 1252 cum
1645 1190 1928 1250 Caesarea
1986 1187 2316 1265 navigaret
2373 1188 2670 1250 Athenas.
2759 1209 2788 1244 α
2835 1188 2988 1250 Orta
3043 1189 3221 1266 gravi
3279 1194 3688 1267 tempestate,
3750 1190 3817 1254 in

380 1282 729 1361 periculum
784 1285 978 1348 miser
1029 1305 1343 1358 veneram,
1394 1287 1598 1365 inquit
1629 1286 1738 1366 (ὀ),
1791 1306 1865 1348 ne
1912 1304 2037 1348 non
2085 1286 2368 1348 initiatus
2425 1305 2458 1347 θ
2513 1286 2641 1346 vita
2691 1285 3096 1356 discederem,
3149 1286 3538 1364 spiritualem
3583 1307 3816 1365 aquam

383 1380 543 1440 inter
598 1381 900 1442 exitiosas
957 1389 1018 1442 et
1073 1384 1427 1444 mortiferas
1493 1385 1692 1444 undas
1746 1384 2154 1455 desiderans;
2219 1403 2292 1443 ac
2351 1384 2612 1461 proinde
2673 1383 3058 1457 clamabam,
3120 1383 3566 1455 obsecrabam,
3629 1385 3817 1448 breve

385 1478 706 1556 quoddam
776 1481 1080 1559 temporis
1142 1482 1414 1559 spatium
1475 1483 1918 1560 exspectabam
1976 1501 1988 1539 :
2053 1481 2412 1542 clamabant
2465 1481 2654 1542 etiam
2719 1482 2783 1541 in
2833 1480 3158 1542 communi
3207 1481 3352 1541 licet
3407 1465 3546 1542 vitae
3597 1482 3819 1542 discri-

394 1577 577 1649 mine,
631 1578 742 1656 qui
788 1578 971 1640 simul
1023 1580 1428 1657 navigabant.
1466 1602 1492 1636 ››
1547 1581 1895 1640 Verebatur
1945 1580 2303 1657 Gregorius,
2339 1598 2416 1639 ne
2464 1579 2762 1656 baptismi
2811 1579 3016 1657 gratia
3068 1580 3419 1657 privaretur
3468 1581 3816 1644 remedium

382 1680 597 1733 tamen
659 1683 794 1734 erat
851 1677 967 1755 ipsi
1028 1678 1343 1755 perfacile,
1409 1679 1458 1737 si
1515 1679 1932 1738 existimasset
1988 1697 2175 1737 manu
2240 1678 2379 1737 laici
2441 1677 2824 1756 baptismum
2883 1695 3062 1755 posse
3120 1677 3410 1738 conferri.
3463 1679 3599 1740 Non
3646 1679 3810 1738 enim

376 1772 648 1831 dubium
712 1774 860 1850 quin
919 1775 1129 1853 plures
1185 1783 1332 1835 tunc
1391 1776 1726 1847 adfuerint,
1786 1777 2004 1836 eadem
2065 1776 2186 1836 ﬁde
2244 1776 2566 1836 informati
2617 1794 2628 1833 :
2699 1800 2725 1829 α
2777 1775 2851 1855 (c)
2901 1775 3144 1853 Quippe
3201 1794 3419 1835 omnes
3476 1775 3557 1834 ad
3613 1795 3806 1836 unum

373 1870 641 1930 ﬂetibus
684 1890 873 1949 genas
921 1873 1257 1951 rigabant;
1317 1874 1639 1952 iunctique
1688 1874 2002 1934 Christum
2055 1893 2202 1933 voce
2253 1873 2652 1952 gemebunda
2703 1873 3036 1933 vocabant.
3089 1896 3118 1927 »
3183 1875 3328 1933 Haec
3377 1879 3586 1934 tamen
3638 1873 3808 1952 apud

370 1987 528 2029 eum
591 1969 795 2047 legere
852 1977 964 2041 est,
1028 1991 1168 2050 quas
1225 1973 1493 2050 primam
1560 1972 1936 2033 sententiam
1994 1973 2315 2032 inﬁrmare
2372 1972 2735 2032 viderentur
2786 1991 2799 2034 :
2868 1996 2897 2027 «
2947 1971 3030 2051 (d)
3089 1971 3301 2042 Quivis
3358 1971 3470 2031 tibi
3525 1972 3808 2033 initiator

368 2067 478 2138 sit,
547 2067 660 2144 qui
715 2069 898 2128 modo
951 2070 1168 2129 eadem
1217 2070 1338 2130 ﬁde
1394 2071 1768 2131 informatus
1815 2077 1926 2130 est.
1965 2096 1992 2125 υ

462 2165 801 2226 Existimat
856 2174 1109 2228 sanctus
1156 2169 1376 2229 doctor
1424 2168 1499 2249 (e)
1559 2187 1664 2230 eos
1717 2169 1848 2247 qui,
1902 2188 2024 2229 non
2075 2169 2330 2247 quidem
2383 2186 2493 2246 per
2540 2173 2998 2248 contemptum,
3059 2168 3136 2228 ad
3185 2167 3484 2247 baptismi
3534 2169 3802 2246 gratiam

366 2281 510 2323 non
571 2266 988 2341 pervenerint,
1050 2266 1158 2326 sed
1215 2285 1422 2326 moras
1483 2267 1901 2346 producentes
1959 2273 2104 2327 ante
2163 2272 2523 2344 susceptum
2581 2266 2898 2344 baptisma
2959 2271 3158 2326 morte
3214 2266 3493 2343 corrupti
3549 2267 3802 2340 fuerint,

372 2383 405 2415 ‹‹
463 2359 733 2420 leviores
792 2381 1009 2441 poenas
1067 2365 1346 2438 daturos,
1403 2371 1619 2441 utpote
1678 2365 1786 2442 qui
1837 2383 1963 2424 non
2018 2371 2142 2424 tam
2199 2365 2392 2423 animi
2442 2364 2774 2442 pravitate,
2824 2382 3014 2441 quam
3068 2363 3355 2435 stultitia,
3407 2382 3444 2422 a
3491 2364 3806 2442 baptismo

370 2459 758 2518 aberrarint.
795 2484 822 2515 »
877 2462 964 2520 De
1016 2462 1245 2522 adultis
1290 2469 1348 2522 et
1398 2462 1768 2536 infantibus,
1821 2468 2080 2542 propter
2126 2463 2521 2541 inopinatum
2574 2467 2634 2521 et
2681 2463 3027 2522 violentum
3079 2481 3314 2533 casum,
3351 2481 3477 2522 non
3518 2470 3809 2541 suscepta

376 2556 677 2634 baptismi
726 2560 950 2635 gratia,
986 2561 1245 2620 mortuis
1293 2560 1429 2620 haec
1481 2560 1717 2620 habet:
1769 2584 1798 2614 «
1828 2560 1910 2639 (f)
1945 2560 2252 2619 Postremi
2301 2560 2596 2637 denique,
2629 2577 2743 2618 nec
2794 2559 3032 2618 cmlesti
3071 2558 3294 2635 gloria,
3331 2577 3443 2618 nec
3484 2560 3806 2639 suppliciis

380 2671 421 2712 a
465 2655 638 2730 justo
679 2656 898 2716 Judice
944 2657 1315 2731 afﬁcientur,
1383 2664 1601 2737 utpote
1633 2647 1769 2736 'qui
1827 2658 1971 2718 licet
2027 2658 2258 2735 signati
2317 2675 2443 2716 non
2492 2657 2744 2726 fuerint,
2799 2656 3207 2734 improbitate
3257 2663 3467 2717 tamen
3518 2666 3797 2732 careant,

368 2758 569 2830 atque
617 2752 778 2814 hanc
824 2755 1131 2831 iacturam
1192 2757 1359 2835 passi
1417 2755 1626 2835 potius
1683 2757 1934 2827 fuerint,
1999 2774 2186 2833 quam
2248 2755 2527 2815 fecerint.
2579 2779 2606 2808 ››
2669 2756 2813 2814 Haec
2867 2772 3016 2813 vero
3077 2773 3199 2812 non
3261 2754 3346 2813 sic
3404 2755 3792 2833 accipienda,

366 2851 561 2928 quasi
609 2853 919 2913 censuerit
966 2855 1297 2933 Gregorius
1345 2855 1666 2933 originalis
1713 2855 1955 2933 peccati
2003 2873 2221 2932 poenas
2269 2854 2537 2913 infantes
2589 2872 2711 2913 non
2770 2853 2963 2913 luere.
3020 2855 3256 2912 Revera
3311 2853 3583 2913 infantes
3640 2874 3793 2932 sup-

367 2948 580 3026 pliciis
638 2969 760 3009 non
819 2952 1170 3013 afﬁcientur
1225 2954 1393 3032 quod
1451 2954 1767 3032 baptismo
1824 2953 2163 3025 caruerint,
2215 2954 2372 3012 sicut
2433 2970 2545 3012 nec
2603 2951 2825 3024 adulti,
2886 2952 2936 3011 si
2995 2951 3233 3012 desidia
3283 2952 3379 3011 vel
3428 2958 3794 3032 contemptu

372 3046 453 3106 ad
515 3048 902 3126 baptismum
961 3071 1086 3111 non
1146 3053 1519 3112 accesserint
1579 3073 1592 3113 :
1677 3052 1985 3132 siquidem
2048 3052 2327 3111 defectus
2384 3051 2488 3109 ille
2547 3051 2945 3129 baptismatis
3005 3069 3131 3111 non
3191 3049 3276 3110 eis
3332 3051 3578 3110 crimini
3635 3055 3794 3113 verti

370 3152 611 3222 posset.
690 3149 936 3208 Interea
1010 3150 1153 3210 licet
1202 3151 1398 3210 adulti
1450 3167 1570 3211 non
1643 3151 1984 3229 puniantur
2040 3151 2122 3210 ob
2171 3150 2469 3210 omissum
2526 3150 2862 3227 baptisma,
2919 3168 3139 3228 poenas
3183 3156 3391 3209 tamen
3470 3151 3796 3210 exsolvent

368 3243 450 3302 de
505 3247 776 3322 peccatis
821 3267 960 3324 quas
1018 3248 1080 3306 in
1138 3250 1266 3308 vita
1314 3255 1807 3328 perpetrarunt;
1868 3248 1955 3307 sic
2015 3255 2077 3308 et
2133 3250 2402 3308 infantes
2459 3255 2684 3307 natura
2743 3247 2853 3306 filii
2913 3248 3020 3307 iraa
3078 3252 3135 3306 et
3197 3252 3453 3325 peccato
3503 3247 3797 3324 originali

367 3341 660 3414 obnoxii,
697 3346 916 3404 merito
948 3347 1317 3422 plectentur,
1359 3347 1578 3405 misere
1627 3364 1663 3405 a
1710 3349 1836 3405 Deo
1887 3346 1946 3404 in
2000 3352 2302 3406 aeternum
2354 3345 2609 3424 repulsi,
2653 3351 2721 3405 ut
2752 3346 3087 3423 Gregorius
3119 3345 3302 3404 docet
3338 3362 3350 3402 :
3412 3365 3439 3400 «
3473 3343 3558 3423 (ῃ)
3593 3345 3802 3405 Homi-

371 3459 524 3499 nem
555 3441 792 3502 invidia
821 3444 1077 3517 diaboli,
1126 3453 1312 3523 atque
1360 3445 1586 3505 acerbo
1637 3445 1876 3522 peccati
1924 3452 2130 3522 gustu,
2190 3463 2226 3504 a
2273 3447 2402 3504 Deo
2450 3445 2776 3504 conditore
2811 3447 3032 3503 misere
3063 3449 3424 3521 separatum
3458 3443 3794 3520 despicere,

370 3557 409 3597 a
461 3540 594 3598 Deo
643 3540 913 3601 alienum
967 3549 1146 3602 est.»

453 3639 762 3697 Hortatur
815 3646 1128 3718 parentes,
1181 3647 1248 3700 ut
1300 3640 1647 3701 infantibus
1703 3640 1827 3699 suis
1877 3640 2259 3719 baptismum
2320 3639 2590 3699 conferri
2640 3645 2879 3710 curent,
2936 3645 2997 3700 et
3054 3657 3159 3698 eos
3209 3639 3288 3698 ab
3338 3639 3602 3698 infantia
3656 3657 3799 3698 san-

367 3733 661 3794 ctiﬁcari.
723 3761 750 3790 «
802 3737 885 3816 (ἠ)
920 3739 1129 3798 Infans
1177 3738 1289 3797 tibi
1337 3739 1477 3798 est?
1532 3740 1619 3797 Ne
1670 3738 2062 3798 occasionem
2113 3738 2485 3817 improbitas
2542 3737 2850 3815 arripiat:
2905 3737 2983 3795 ab
3037 3736 3301 3794 infantia
3345 3735 3793 3811 sanctiﬁcatur,

366 3833 452 3891 ab
513 3833 664 3911 ipsis
721 3836 1075 3914 unguiculis
1125 3839 1384 3916 Spiritui
1440 3843 1858 3899 consecretur.
1886 3839 1962 3895 At
2019 3842 2277 3914 propter
2333 3842 2571 3895 naturae
2629 3834 3126 3895 imbecillitatem
3180 3834 3457 3912 sigillum
3513 3835 3800 3894 metuis?

368 3932 576 4002 Quam
629 3933 955 3994 imbecillis
1005 3936 1198 3996 animi
1249 3945 1447 3999 mater
1497 3957 1581 4008 es,
1628 3935 1998 4015 pusillaaque
2048 3934 2230 3994 ﬁdei!
2288 3939 2466 3994 Anna
2519 3953 2663 3993 vero
2715 3934 3094 4005 Samuelem,
3143 3934 3314 4013 prius
3364 3932 3550 3991 etiam
3603 3951 3795 4010 quam

371 4037 741 4109 procreatus
797 4039 980 4107 esset,
1036 4038 1162 4095 Deo
1220 4037 1411 4110 vovit,
1465 4042 1656 4113 atque
1708 4035 1769 4093 in
1832 4034 2033 4092 lucem
2085 4031 2289 4091 editus
2337 4033 2548 4091 statim
2600 4032 2990 4092 consecravit
3020 4031 3084 4085 ³⁵.
3119 4056 3147 4086 »
3205 4034 3338 4091 Non
3390 4029 3524 4090 vult
3573 4048 3797 4108 pueros

381 4130 582 4207 prima
632 4138 814 4192 aetate
869 4133 1195 4212 baptizari,
1251 4134 1368 4194 nisi
1419 4134 1587 4212 quod
1639 4139 1859 4210 urgeat
1908 4131 2278 4210 periculum.
2346 4156 2373 4185 ‹‹
2427 4130 2494 4211 (ι)
2535 4133 2621 4190 De
2672 4131 2929 4208 reliquis
2976 4131 3062 4190 ita
3113 4147 3358 4202 censeo,
3413 4135 3478 4188 ut
3527 4129 3798 4190 triennio

379 4237 759 4308 exspectato,
797 4239 905 4291 aut
953 4233 1276 4310 aliquanto
1326 4232 1599 4292 breviori
1648 4232 1746 4291 vel
1794 4230 2065 4308 longiori
2114 4229 2415 4309 temporis
2457 4231 2660 4308 spatio
2703 4229 2870 4308 (nam
2905 4235 3063 4303 tum,
3099 4236 3161 4288 et
3209 4228 3453 4307 mystici
3495 4228 3796 4307 quiddam

369 4329 618 4403 audire,
679 4335 739 4388 et
797 4331 1174 4408 respondere
1228 4338 1508 4409 possunt,
1573 4349 1644 4390 ac
1703 4331 1752 4388 si
1812 4330 2017 4388 minus
2075 4329 2259 4408 plene
2314 4335 2374 4387 et
2433 4336 2650 4388 exacte
2706 4327 3093 4405 intelligunt,
3155 4327 3528 4386 imbuuntur
3586 4333 3797 4385 tamen

367 4433 430 4486 et
495 4427 956 4505 informantur),
1016 4429 1104 4488 ita
1161 4429 1438 4501 demum,
1502 4447 1732 4506 magno
1793 4427 2195 4506 perfectionis
2253 4433 2650 4486 sacramento
2711 4433 2772 4486 et
2831 4427 3074 4485 animas
3131 4432 3192 4485 et
3249 4443 3516 4502 corpora
3564 4424 3797 4484 sancti-

367 4525 565 4585 ﬁcent
593 4573 606 4585 .
641 4573 651 4582 .
682 4573 693 4584 .
727 4572 738 4585 .
797 4527 876 4606 (λ’)
915 4530 1179 4605 Propter
1208 4527 1569 4605 inopinatos
1619 4533 1679 4585 et
1728 4526 2088 4604 repentinos
2139 4523 2561 4603 periculorum
2596 4526 2891 4603 impetus,
2928 4524 3162 4604 quique
3217 4523 3393 4582 nulla
3443 4541 3562 4600 ope
3609 4529 3799 4599 atque

367 4624 612 4683 auxilio
663 4625 1016 4703 propulsari
1064 4631 1320 4703 queant,
1373 4624 1625 4684 lavacro
1673 4623 2052 4684 communiri
2104 4622 2365 4682 omnino
2426 4623 2884 4682 conducibilius
2934 4629 3048 4682 est.
3082 4644 3110 4677 ι)
3177 4621 3488 4698 Objurgat
3535 4638 3640 4680 eos
3689 4620 3798 4697 qui

367 4721 756 4799 baptismum
791 4722 1110 4795 differunt,
1145 4723 1576 4801 subvertitque
1606 4723 1849 4794 inanes,
1883 4741 2040 4799 quas
2070 4721 2452 4781 obstrudunt
2498 4739 2741 4780 causas.
2806 4742 2833 4776 (ι
2877 4719 2960 4799 (lc)
3007 4721 3206 4780 Omne
3255 4718 3368 4778 tibi
3419 4724 3667 4793 tempus
3716 4715 3797 4775 ad

368 4818 761 4878 ablutionem
818 4819 1114 4879 idoneum
1175 4827 1307 4892 est,
1369 4819 1882 4898 quandoquidem
1947 4818 2188 4876 nullum
2247 4824 2498 4895 tempus
2557 4818 2777 4876 mortis
2850 4817 3128 4895 periculo
3201 4822 3406 4875 vacat.
3470 4837 3500 4868 »
3561 4814 3792 4872 Verum

369 4917 655 4976 solemne
713 4917 1044 4995 baptisma,
1109 4918 1171 4976 in
1230 4918 1649 4996 Cappadocia,
1712 4936 1836 4976 non
1889 4917 2004 4976 nisi
2055 4916 2275 4976 diebus
2328 4915 2609 4987 Pascbze,
2661 4917 3057 4975 Pentecostes
3107 4920 3168 4973 et
3210 4911 3580 4991 Epiphaniae
3640 4928 3793 4970 con-

368 5015 716 5075 ferebatur.
776 5016 1020 5076 Primus
1078 5017 1412 5094 Gregorius
1471 5016 1594 5076 diei
1647 5014 2020 5094 Epiphaniae
2082 5015 2368 5075 meminit
2430 5031 2442 5071 :
2524 5013 2630 5074 sed
2699 5013 2761 5072 in
2823 5013 3072 5072 Oriente
3135 5030 3269 5071 mos
3328 5012 3439 5070 iste
3499 5009 3790 5088 vigebat.

364 5114 438 5192 (Ι)
496 5115 848 5192 Imperante
905 5115 1292 5187 Iustiniano,
1357 5132 1466 5175 rex
1520 5115 1931 5187 Herulorum,
2001 5113 2229 5173 Getbes
2287 5112 2576 5187 nomine,
2639 5110 3251 5189 Constantinopolim
3311 5109 3517 5183 venit,
3572 5115 3633 5168 et
3691 5109 3792 5168 die

440 5258 488 5294 ιε
521 5259 540 5312 ι
575 5257 716 5328 Reg.
751 5274 790 5322 ι,
824 5257 1029 5325 11,28.

439 5386 514 5452 (a)
557 5383 653 5438 0r.
687 5385 776 5448 40,
812 5400 866 5437 n.
900 5384 955 5435 7.

2210 5380 2280 5452 (ἡ)
2323 5379 2418 5434 Or.
2453 5380 2541 5443 40,
2577 5397 2633 5433 n.
2671 5380 2755 5434 17.

466 5402 497 5437 α
557 5386 653 5438 0r.
687 5386 776 5448 40,
812 5400 866 5437 n.
900 5386 955 5435 7.

466 5386 516 5530 bl
557 5455 651 5511 Or.
688 5456 774 5522 18,
809 5472 865 5509 n.
899 5455 987 5530 31.

2210 5386 2280 5452 (ἡ)
2323 5386 2418 5434 Or.
2453 5386 2541 5443 11'),
2577 5397 2633 5433 Π.
2671 5386 2702 5432 1“

2206 5453 2266 5530 (ί.)
2317 5452 2490 5530 ibis»
2523 5452 2702 5530 11-35}-

441 5459 516 5596 ἓὺ)
557 5459 651 5511 Or.
688 5459 774 5522 18,
809 5472 865 5509 τι.
899 5459 987 5509 31.
2206 5459 2266 5596 Ei.)
2320 5459 2490 5532 Ibid.,
2523 5459 2703 5504 11.28.

459 5531 509 5596 ε)
550 5533 741 5582 Carm.
779 5532 861 5582 De
889 5529 1002 5582 vita
1030 5541 1150 5580 sua.
2227 5526 2271 5596 ])
2317 5524 2487 5596 Ibid.,
2522 5540 2579 5577 n.
2615 5524 2681 5596 1G
2712 5525 2768 5576 et
2800 5537 2965 5593 seqq.

460 5531 509 5655 9
550 5533 741 5582 Carm.
779 5532 861 5582 De
889 5531 1002 5582 vita
1030 5541 1150 5580 sua.

499 5602 516 5666 )
557 5598 652 5655 0r.
687 5600 775 5666 40,
814 5616 871 5654 n.
909 5599 1000 5652 26.

1094 5542 1150 5579 κα.
2317 5531 2487 5604 Ibid.,
2522 5540 2579 5577 n.
2615 5531 2681 5576 16

2209 5597 2276 5666 (·)
2321 5595 2492 5661 Ibid.,
2528 5612 2584 5648 n.
2621 5595 2705 5647 13.

547 5745 696 5801 Ibid.

460 5601 496 5655 ἀ
557 5601 652 5655 Or.
687 5601 775 5666 40,
814 5616 871 5654 n.
909 5601 1000 5652 26.
2209 5601 2276 5666 (Ic)
2321 5601 2492 5661 Ibid.,
2528 5612 2584 5648 n.
2621 5601 2706 5647 13.

459 5602 516 5744 of
548 5671 719 5742 Ibid.,
753 5689 816 5727 ιι.
847 5670 940 5724 23.
2207 5668 2266 5736 (ι)
2320 5666 2482 5720 Paul.
2516 5666 2698 5733 Diac.,
2733 5666 2899 5732 Hist,
2942 5664 2981 5719 1.
3014 5682 3127 5735 xvr,
3162 5680 3294 5737 pag.
3327 5663 3453 5731 272,
3488 5666 3632 5718 tom.
3666 5662 3793 5717 XIII

547 5745 696 5801 Ibid.
2137 5739 2279 5794 Bibl.
2315 5740 2468 5792 Patr.

453 5835 488 5889 g
543 5817 640 5877 0r.
670 5816 767 5886 39,
805 5832 864 5872 n.
902 5814 990 5868 13.

2184 5755 2279 5792 τοι.
2315 5755 2468 5792 νατν.

453 5814 506 5889 ᾗ)
543 5817 640 5877 0r.
670 5816 767 5886 39,
805 5832 864 5872 n.
902 5814 990 5868 13.

134 6437 136 6440 .
157 6423 204 6461 “ﬁ
211 6417 246 6457 ,ι
255 6399 408 6472 eiii-aii
421 6399 504 6465 vi"
541 6415 562 6428 ιι
569 6425 586 6434 -
