4080 6432
350 435 469 494 115
1362 429 1782 490 ΡΒᾸΞΡΑΤῘΟ
1835 430 1961 488 GEl

2176 426 2391 486 QIS.-—-
2424 428 2619 488 PARS
2664 429 2770 490 III.
3665 441 3787 500 116

348 569 722 647 Epiphaniae
798 566 1115 644 baptisma
1199 564 1503 641 suscepit,
1595 581 1668 621 ac
1749 581 1862 640 pro
1935 580 2111 621 sacro
2203 563 2373 620 fonte
2445 581 2708 640 sponsor
2791 563 2960 624 illius
3026 566 3161 645 ipse
3230 568 3347 629 fuit
3415 569 3789 649 imperator.

429 667 658 726 Foedus
719 684 859 725 cum
920 667 1047 723 Deo
1109 664 1166 720 in
1229 662 1605 739 baptismate
1665 665 2057 719 contractum
2113 659 2382 717 ﬁdeliter
2429 661 2806 719 servandum
2867 662 3051 723 docet
3110 667 3446 743 Gregorius
3499 667 3593 727 his
3653 689 3796 729 ver-

349 765 606 844 bis(a):
665 789 695 819 (ι
729 763 898 824 Nihil
955 762 1127 822 aliud
1189 779 1319 820 esse
1379 760 1502 818 vim
1563 765 1624 818 et
1682 759 2048 818 facultatem
2105 757 2400 834 baptismi
2456 758 2816 818 existimare
2865 760 3187 836 debemus,
3243 783 3434 842 quam
3494 768 3792 828 secunda:

347 864 492 922 vitae
541 881 612 921 ac
659 860 931 940 purioris
985 858 1227 918 vivendi
1281 857 1539 915 rationis
1588 862 1842 933 pactum
1895 874 2035 914 cum
2089 857 2215 914 Deo
2270 855 2518 913 initum.
2571 861 2660 915 Ac
2709 857 2973 934 proinde
3025 860 3123 920 vel
3178 862 3454 922 maximo
3494 863 3558 922 iu
3619 872 3794 925 metu

349 978 567 1021 omnes
625 977 780 1027 esse,
833 965 1021 1035 atque
1069 956 1239 1014 omni
1292 954 1578 1013 custodia
1628 958 1873 1012 nostras
1924 952 2168 1012 animas
2225 971 2472 1011 servare
2521 953 2846 1028 debemus,
2895 974 2975 1014 ne
3034 958 3367 1019 mendacio
3429 959 3614 1020 ﬁdem
3678 981 3795 1040 pa-

349 1065 643 1135 ctumque
703 1057 965 1116 violasse
1025 1052 1513 1126 comperiamur.
1578 1053 1734 1110 Nam
1795 1070 1935 1110 cum
1998 1050 2077 1110 ad
2138 1057 2357 1109 mutua
2417 1050 2745 1110 hominum
2815 1059 3002 1129 pacta
3059 1055 3375 1115 ﬁrmanda
3431 1059 3596 1118 Deus
3654 1077 3791 1119 me-

349 1157 489 1216 dius
545 1154 831 1215 adhiberi
885 1153 1107 1224 soleat,
1167 1158 1498 1229 quantum,
1559 1168 1795 1227 quaeso,
1860 1148 2208 1227 periculum
2271 1155 2385 1216 est,
2447 1167 2523 1207 ne
2578 1148 2819 1209 foedera
2877 1169 3020 1210 cum
3081 1155 3211 1212 Deo
3280 1154 3416 1233 ipso
3470 1163 3803 1217 contracta

353 1253 722 1332 perfregisse
780 1252 1225 1330 reperiemur;
1307 1267 1423 1318 ac,
1484 1255 1718 1326 praeter
1771 1247 1896 1308 alia
1954 1253 2259 1325 peccata,
2336 1246 2534 1324 ipsius
2591 1266 2846 1326 quoque
2908 1251 3221 1310 mendacii
3279 1253 3448 1331 apud
3505 1253 3804 1316 Veritatis

348 1350 625 1410 tribunal
685 1349 773 1409 rei
832 1345 1264 1427 peregamur?
1308 1368 1337 1399 ››

428 1451 516 1508 De
573 1445 1073 1507 conﬁrmationis
1123 1449 1520 1503 sacramento
1583 1442 1702 1501 hoc
1762 1459 1956 1500 unum
2017 1441 2080 1499 in
2138 1441 2386 1518 scriptis
2436 1441 2721 1518 Gregorii
2781 1443 3178 1521 reperimus:
3235 1448 3656 1507 necessarium
3708 1448 3794 1528 (ὁ)

351 1564 505 1622 esse,
568 1551 636 1605 ut
698 1543 957 1622 perfecti
1015 1543 1210 1602 simus
1269 1540 1631 1612 Christiani,
1696 1546 1962 1614 ἐπιζητεῖς

2185 1545 2327 1612 ;τὴν
2362 1543 2665 1599 τελείωσιν·
2720 1539 2796 1619 (c)
2855 1547 3046 1619 atque
3106 1550 3572 1604 sacramentum
3626 1544 3796 1605 istud

348 1646 409 1703 in
467 1644 719 1704 nomine
770 1641 1040 1721 Spiritus
1091 1640 1290 1699 sancti
1341 1639 1630 1698 conferri.

1797 1762 1882 1822 De
1911 1760 2332 1822 Eua/taminia.

428 1893 606 1965 Quod
668 1889 1078 1952 Eucharistiae
1139 1893 1604 1948 sacramentum
1664 1893 1950 1966 spectat,
2031 1887 2263 1946 realem
2323 1886 2552 1946 Christi
2610 1887 2671 1946 in
2732 1887 3130 1949 Eucharistia
3192 1890 3599 1968 praesentiam
3661 1898 3792 1952 tam

349 1993 563 2052 multis
615 1997 678 2050 et
724 1996 854 2049 tam
913 1987 1256 2066 perspicuis
1305 1985 1679 2046 testimoniis
1728 1986 2017 2063 agnoscit
2071 1985 2427 2062 Gregorius,
2485 1992 2550 2044 ut
2608 1985 2852 2044 nullum
2912 1987 2988 2046 de
3046 1987 3183 2064 ejus
3245 1988 3367 2047 ﬁde
3427 1989 3596 2049 circa
3656 2009 3793 2069 my-

348 2091 607 2152 sterium
666 2089 832 2148 istud
893 2087 1152 2145 dubium
1209 2104 1339 2145 esse
1399 2087 1616 2163 possit.
1685 2110 1713 2139 ‹‹
1765 2087 1813 2145 0
1874 2084 1983 2143 Dei
2042 2084 2248 2142 cultor
2304 2083 2803 2154 sanctissime,»
2889 2085 3095 2162 inquit
3150 2084 3277 2165 (ἆ),
3342 2085 3792 2164 Amphilochio

349 2189 647 2259 scribens,
717 2210 746 2241 «
799 2203 877 2244 ne
931 2184 1242 2244 cuncteris
1289 2202 1468 2242 orare
1525 2189 1586 2241 et
1640 2181 2024 2241 intercedere
2081 2200 2196 2259 pro
2246 2181 2450 2252 nobis,
2508 2183 2761 2259 quando
2812 2182 2979 2241 dicto
3031 2182 3232 2242 allicis
3285 2184 3558 2243 Verbum
3621 2187 3787 2256 Dei;

351 2287 608 2366 quando
667 2286 996 2343 incruenta
1053 2281 1327 2340 sectione
1381 2298 1610 2358 corpus
1665 2287 1726 2338 et
1792 2280 2161 2356 sanguinem
2236 2280 2633 2340 Dominicum
2710 2298 2929 2352 secas,
2992 2300 3206 2341 vocem
3284 2282 3592 2341 adhibens
3669 2303 3788 2362 pro

347 2385 646 2464 gladio.»
702 2384 779 2441 Et
827 2381 1113 2440 oratione
1164 2396 1282 2438 va
1335 2376 1603 2456 (n.19):
1668 2401 1694 2434 σ
1726 2381 1872 2451 Lex,
1926 2378 2151 2455 inquit,
2213 2378 2572 2437 fulcieutem
2619 2378 2916 2437 baculum
2971 2379 3086 2437 tibi
3135 2380 3512 2457 praescribit,
3557 2382 3786 2445 necubi

352 2482 566 2542 animo
620 2479 871 2551 titubes,
926 2478 1072 2535 dum
1122 2475 1494 2554 sanguinem
1542 2474 1673 2546 Dei,
1729 2479 1790 2533 et
1850 2475 2231 2552 passionem,
2287 2493 2359 2534 ac
2419 2479 2684 2534 mortem
2738 2475 2940 2546 audis,
2975 2494 3046 2535 ac
3101 2477 3251 2536 dum
3309 2477 3414 2536 Dei
3473 2485 3782 2557 patronus

347 2599 420 2642 ac
480 2580 773 2640 defensor
831 2576 1025 2635 videri
1084 2575 1302 2652 cupis,
1382 2573 1572 2651 impie
1632 2591 1910 2633 corruas.
1971 2573 2129 2642 Quin
2206 2573 2415 2651 potius
2473 2573 2605 2632 sine
2663 2573 2904 2650 pudore
2963 2592 3035 2633 ac
3092 2575 3486 2635 dubitatione
3547 2595 3777 2656 corpus

347 2677 483 2748 ede,
518 2674 889 2752 sanguinem
921 2672 1086 2742 bibe,
1141 2671 1190 2730 si
1241 2670 1429 2730 modo
1480 2670 1622 2728 vitae
1672 2669 1978 2728 desiderio
2022 2669 2269 2742 teneris,
2309 2687 2422 2729 nec
2468 2669 2861 2729 sermonibus
2893 2669 2969 2729 de
3002 2689 3188 2730 carne
3223 2671 3409 2730 ﬁdem
3443 2672 3772 2751 abrogans,

345 2794 460 2835 nec
509 2774 586 2833 ad
639 2791 768 2845 eos,
826 2771 933 2849 qui
981 2771 1056 2828 de
1105 2768 1396 2847 passione
1447 2768 1783 2839 habentur,
1834 2767 2212 2844 impingens.
2269 2767 2524 2827 Innixus
2572 2774 2690 2835 sta,
2744 2768 2961 2827 ﬁrmus
3019 2775 3080 2828 et
3137 2769 3401 2842 stabilis,
3458 2777 3648 2849 atque
3694 2772 3779 2831 ita

351 2877 776 2948 comparatus,
838 2876 908 2929 ut
964 2868 1142 2927 nulla
1200 2867 1261 2925 in
1322 2885 1385 2925 re
1443 2866 1747 2945 quatiaris
1801 2865 1880 2925 ab
1935 2865 2333 2939 adversariis,
2390 2885 2504 2925 nec
2565 2866 2896 2925 verborum
2957 2866 3170 2945 lepore
3225 2873 3415 2946 atque
3474 2869 3786 2929 illecebris

355 2968 710 3047 abripiaris.
747 2989 775 3024 ι)

432 3068 503 3126 In
562 3063 973 3124 Eucharistiaa
1035 3061 1506 3122 consecratione
1564 3079 1779 3119 verum
1843 3062 2129 3137 agnoscit
2187 3061 2601 3133 sacriﬁcium,
2671 3081 2812 3121 cum
2875 3063 2960 3121 ait
3018 3063 3347 3140 episcopos
3407 3071 3468 3123 et
3526 3065 3788 3143 presby-

355 3173 522 3225 teros
554 3164 917 3222 incruentas
951 3160 1188 3219 hostias
1237 3158 1484 3229 offerre,
1542 3165 1732 3235 atque
1782 3158 2006 3218 altaria
2056 3166 2271 3218 nostra
2327 3159 2416 3219 ita
2473 3160 2803 3238 appellari,
2859 3161 3026 3237 quod
3085 3179 3273 3239 super
3329 3180 3402 3221 ea
3458 3162 3795 3223 incruenta

355 3260 667 3322 sacriﬁcia
721 3259 1125 3318 offerantur:
1188 3281 1216 3311 ‹‹
1267 3257 1338 3335 (θ)
1403 3259 1451 3316 O
1510 3257 1886 3328 sacerdotes,
1949 3257 2056 3334 qui
2121 3257 2355 3316 hostias
2415 3258 2772 3317 incruentas
2829 3259 3138 3318 olIertis...
3202 3259 3290 3338 (f)
3351 3262 3397 3319 Ο
3460 3279 3691 3338 genua,
3752 3280 3795 3321 ο

354 3360 609 3438 palmae,
675 3355 1025 3435 purissimis
1087 3359 1282 3414 Deum
1340 3373 1481 3432 quae
1540 3354 1889 3431 placabatis
1948 3354 2210 3425 hostiis,
2270 3356 2570 3418 Carterii.
2634 3357 2953 3433 quomodo
3011 3358 3358 3415 cessastis?
3416 3380 3444 3414 ι)
3527 3360 3794 3436 Magnas

353 3458 621 3516 virtutes
678 3454 740 3512 in
802 3472 876 3512 eo
929 3452 1214 3529 requirit,
1268 3454 1376 3528 qui
1428 3451 1802 3510 sacriﬁcium
1854 3451 2021 3510 istud
2073 3452 2152 3511 ad
2211 3452 2409 3511 altare
2459 3471 2801 3531 supernum
2853 3454 3245 3521 transmittit,
3300 3454 3408 3531 qui
3456 3463 3788 3515 externum

352 3553 756 3622 sacriﬁcium,
813 3551 966 3609 illud
1029 3568 1403 3627 magnorum
1456 3550 1898 3627 mysteriorum
1933 3549 2312 3627 antitypum,
2364 3550 2567 3608 offert.
2633 3550 2774 3628 «(9)
2824 3551 2958 3620 Quo
3012 3551 3262 3610 tandem
3328 3553 3516 3611 modo
3576 3560 3789 3612 exter-

352 3671 501 3712 num
558 3651 711 3710 illud
763 3648 1214 3709 sacriﬁcium...
1279 3650 1406 3708 Deo
1455 3648 1682 3708 offerre
1734 3647 2057 3714 auderem,
2111 3655 2221 3707 aut
2279 3666 2404 3724 quo
2465 3650 2650 3706 modo
2701 3649 3042 3707 sacerdotis
3093 3647 3380 3709 habitum
3440 3656 3503 3709 et
3555 3669 3787 3710 nomen

350 3750 581 3820 subire,
618 3749 982 3828 priusquam
1029 3746 1262 3806 sanctis
1311 3745 1608 3824 operibus
1668 3763 1890 3804 manus
1938 3745 2365 3822 puriﬁcassem
2399 3746 2427 3804 ?
2478 3769 2506 3798 »
2569 3779 2644 3788 -—-
2710 3748 2888 3805 «Per
2943 3752 3270 3806 externum
3323 3755 3535 3807 autem
3587 3749 3787 3807 sacri-

350 3848 585 3920 ﬁcium,
640 3845 817 3917 illud,
875 3845 1044 3923 quod
1105 3863 1215 3924 per
1264 3863 1491 3923 panem
1544 3850 1604 3903 et
1651 3843 1866 3901 vinum
1921 3843 2262 3923 peragitur,
2316 3843 2612 3920 intelligit
2661 3843 3017 3920 Gregorius,
3053 3863 3194 3922 quae
3226 3845 3480 3922 quidem
3512 3845 3574 3904 iu
3608 3863 3787 3907 sacra

353 3965 569 4006 mensa
619 3944 966 4022 proposita,
1023 3961 1135 4020 per
1191 3941 1573 4001 ineffabilem
1638 3941 1979 4019 quamdam
2031 3941 2484 4019 omnipotentis
2534 3943 2643 4001 Dei
2692 3943 2815 4000 vim
2875 3948 2937 4001 et
2991 3943 3380 4013 facultatem,
3434 3943 3498 4002 in
3555 3942 3777 4002 Christi

357 4061 587 4122 corpus
617 4047 677 4101 et
707 4040 1078 4117 sanguinem
1114 4058 1257 4098 vere
1307 4046 1852 4098 commutantur...
1908 4041 2032 4100 Nec
2085 4057 2254 4110 vero,
2310 4039 2460 4117 quin
2513 4039 2631 4099 hoc
2681 4059 2895 4099 verum
2947 4040 3044 4115 sit,
3098 4040 3228 4100 ullo
3278 4046 3462 4118 pacto
3513 4040 3785 4118 ambige,

357 4161 503 4202 cum
535 4140 668 4218 ipse
700 4145 914 4217 aperte
945 4137 1135 4210 dicat,
1201 4162 1230 4192 ‹‹
1283 4139 1414 4196 Hoc
1475 4143 1568 4196 est
1620 4156 1847 4215 corpus
1881 4156 2110 4208 meum,
2148 4160 2175 4193 η
2242 4145 2303 4197 et
2368 4163 2395 4191 ‹‹
2429 4138 2539 4198 Hic
2590 4145 2682 4198 est
2711 4139 2965 4216 sanguis
3002 4157 3174 4199 meus
3205 4139 3267 4189 ³⁵.
3306 4163 3334 4193 ››
3390 4137 3550 4210 Quin
3582 4138 3794 4216 potius

357 4235 705 4300 Salvatoris
735 4253 1088 4294 sermonem
1149 4234 1269 4293 ﬁde
1317 4233 1548 4312 accipe.
1617 4235 1772 4292 Nam
1830 4252 1973 4293 cum
2022 4252 2206 4294 verus
2256 4236 2355 4308 sit,
2415 4236 2670 4296 minime
2705 4237 3026 4296 mentitur.
3062 4260 3092 4291 »
3156 4240 3301 4296 Haec
3335 4237 3500 4297 Elias
3530 4235 3696 4296 Cret.
3730 4237 3796 4295 in

357 4340 531 4398 Orat.
567 4334 649 4394 al.
688 4338 744 4404 1,
782 4351 948 4391 nunc
977 4335 1037 4402 2,
1077 4341 1230 4391 tom.
1267 4333 1341 4399 Il,
1377 4330 1546 4408 apud
1580 4329 1718 4390 Bill.
1755 4348 1818 4407 p.
1854 4330 1992 4401 200,
2021 4332 2160 4391 201.

438 4435 556 4492 Per
611 4432 1009 4491 incruentum
1070 4430 1190 4488 hoc
1247 4428 1645 4495 sacriﬁcium,
1710 4447 1825 4489 nos
1883 4428 2111 4489 Christi
2169 4431 2505 4508 participes
2556 4431 2718 4490 efﬁci
2775 4432 2958 4492 docet
3014 4432 3348 4509 Gregorius
3397 4431 3524 4510 (li):
3593 4455 3623 4486 ‹‹
3676 4433 3796 4490 Per

358 4532 528 4611 quod
583 4530 1019 4608 (incruentum
1081 4526 1497 4605 sacriﬁcium)
1553 4545 1667 4587 nos
1720 4527 1966 4586 Christo
2025 4528 2347 4605 ipsiusque
2410 4529 2804 4605 passionibus
2860 4536 2923 4589 et
2982 4530 3296 4589 divinitati
3355 4529 3788 4589 communica-

360 4648 523 4691 mus.
577 4651 604 4685 »
688 4628 851 4686 Sunt
906 4626 1031 4685 alia
1091 4625 1374 4702 Gregorii
1435 4625 1648 4697 verba,
1707 4644 1784 4684 ex
1843 4624 2092 4702 quibus,
2179 4632 2244 4684 ut
2301 4625 2592 4685 observat
2651 4628 3030 4687 Muratorius
3089 4628 3181 4706 (τ’),
3243 4627 3496 4704 probari
3555 4633 3784 4703 potest,

364 4727 534 4805 apud
595 4733 836 4784 veteres
893 4722 1199 4782 sacriﬁcia
1257 4729 1319 4782 et
1396 4740 1611 4800 preces
1681 4741 1797 4800 pro
1853 4722 1928 4780 iis
1983 4722 2090 4800 qui
2145 4723 2546 4782 decesserunt
2599 4725 2662 4782 in
2722 4727 2902 4800 signo
2962 4725 3147 4799 ﬁdei,
3230 4730 3292 4783 et
3348 4724 3672 4783 dormiunt
3728 4724 3790 4784 in

360 4843 586 4886 somno
647 4823 840 4901 pacis,
899 4822 1214 4898 viguisse;
1277 4823 1363 4881 sic
1422 4822 1585 4880 enim
1638 4821 1702 4879 in
1755 4819 2079 4898 epitaphio
2131 4837 2319 4881 cxvm
2370 4821 2612 4882 inducit
2645 4829 2924 4882 mortuos
2957 4823 3323 4901 Gregorium
3386 4828 3448 4881 et
3501 4823 3791 4882 Nonnam

364 4923 692 5001 loquentes
755 4941 768 4979 :
853 4944 879 4973 ι
935 4922 1058 4979 Nos
1117 4919 1202 4996 pii
1261 4925 1553 4996 parentes
1611 4918 1936 4995 Gregorii,
2016 4918 2125 4994 qui
2180 4926 2243 4978 et
2298 4926 2682 4979 senectutem
2745 4920 2971 4979 redidit
3030 4919 3158 4979 suis
3214 4918 3536 4979 laboribus
3592 4920 3789 4978 levem

367 5027 669 5089 nostram,
730 5024 791 5076 et
850 5035 1015 5076 nunc
1077 5016 1478 5095 prosequitur
1534 5035 1648 5075 nos
1704 5016 1978 5076 sacriﬁci:

2214 5024 2302 5077 καὶ
2335 5028 2424 5078 νῦν
2458 5023 2715 5100 ἀμφέπει
2749 5023 2975 5085 θυσίαις.
3031 5021 3152 5078 Nec
3215 5017 3420 5077 minus
3478 5017 3796 5076 oblatione

369 5115 659 5177 sacriﬁcii
691 5133 892 5192 aagros
940 5133 1015 5174 ex
1067 5114 1286 5173 morbo
1321 5121 1631 5173 recreatos
1679 5113 1900 5173 asserit
1949 5118 2011 5172 et
2059 5121 2469 5191 repraesentat
2499 5124 2752 5175 sanctus
2783 5117 3026 5175 doctor.
3063 5117 3130 5175 In
3163 5114 3524 5192 exemplum
3560 5115 3800 5193 profert

370 5221 611 5294 patrem
671 5231 854 5271 suum
915 5212 1306 5290 Gregorium,
1371 5229 1485 5270 nec
1543 5230 1665 5271 non
1728 5211 2109 5288 Gorgoniam
2167 5230 2446 5272 sororem
2508 5232 2710 5286 suam,
2771 5232 3041 5291 quorum
3102 5212 3261 5273 alter
3319 5231 3331 5271 :
3426 5235 3456 5266 «
3499 5211 3582 5290 (j)
3640 5211 3798 5271 Illud

441 5338 486 5372 ⁸⁸
518 5336 723 5393 Matth.
757 5353 910 5406 xxvr,
943 5337 1033 5406 26,
1065 5337 1155 5402 28,
1188 5340 1244 5390 et
1274 5335 1437 5390 alibi.

448 5465 516 5534 (ιι)
557 5463 652 5517 Or.
687 5463 777 5529 40,
810 5480 867 5517 u.
903 5464 956 5517 8.
2214 5463 2285 5533 (Γ)
2325 5464 2492 5535 Apud
2527 5462 2741 5517 Murat.
2778 5464 2950 5535 epist.
2985 5463 3075 5519 40.

450 5533 522 5604 (ὁ)
565 5537 655 5588 Or.
690 5535 779 5600 34,
815 5552 871 5588 n.
911 5535 996 5587 14.
2218 5536 2290 5604 (g)
2331 5533 2425 5588 Or.
2457 5535 2511 5601 2,
2547 5551 2603 5588 n.
2636 5535 2725 5588 95.

456 5605 526 5675 to)
567 5606 662 5659 Or.
696 5605 784 5673 33,
820 5623 877 5660 u.
916 5606 1000 5660 17.

2215 5607 2292 5675 (h)
2334 5607 2431 5659 Or.
2468 5607 2517 5674 4,
2555 5623 2610 5658 n.
2643 5606 2731 5659 52.

476 5676 527 5745 ά)
570 5676 751 5748 Epist.
785 5676 860 5731 al.
894 5677 1022 5730 240.
2221 5678 2278 5748 (ir)
2329 5677 2528 5748 Anecd.
2569 5676 2764 5745 Graec,
2798 5693 2852 5746 p.
2887 5676 3009 5730 112.

476 5683 527 5745 d)
570 5683 751 5748 Epist.
785 5683 860 5731 al.
894 5683 1022 5730 240.

453 5683 523 5819 Ec)
563 5748 754 5804 Carm.
789 5748 863 5804 al.
901 5749 986 5819 11,
1019 5765 1073 5803 v.
1108 5747 1158 5800 1.

2221 5683 2278 5744 (ἱ)
2329 5683 2528 5731 Anecd.
2569 5683 2764 5745 Graec,

1153 5787 1158 5799 .
2220 5747 2290 5818 (j)
2332 5747 2427 5803 Or.
2466 5749 2550 5814 18,
2584 5765 2640 5802 n.
2675 5749 2764 5803 38.
