4080 6474
267 478 342 537 ll'l
1384 490 1799 552 PR/EF'ATIO
1846 452 2415 551 aliusalius;
2443 491 2645 551 pxas
2690 490 2798 551 IIl.
3694 496 3814 555 us

279 615 503 692 quidem
577 641 780 686 cum
867 628 1050 688 aliis
1108 625 1456 686 hominibus
1513 644 1846 686 commune
1904 625 2150 697 habuit,
2207 624 2379 703 quod
2438 629 2823 703 agrotaret;
2888 624 3008 685 hoc
3055 630 3267 686 autem
3300 645 3426 687 non
3456 627 3605 688 item
3637 646 3811 689 com-

284 734 462 792 mune,
535 725 684 783 sed
762 726 1171 787 admodum
1231 725 1562 804 peculiare,
1618 724 1883 802 aliisque
1941 723 2263 783 miraculis
2319 730 2838 783 consentaneum.
2896 726 3052 784 Nam
3116 742 3260 785 cum
3320 744 3646 805 nunquam
3705 727 3813 787 do-

288 815 388 879 lore
438 838 599 880 non
678 831 1174 902 premeretur,
1230 832 1288 884 et
1340 824 1594 902 quidem
1656 841 1939 901 persape
1998 822 2261 899 singulis
2318 821 2561 894 diebus,
2615 828 2806 899 atque
2864 822 3181 883 interdum
3241 825 3430 884 etiam
3492 824 3687 895 horis,
3736 843 3813 885 ex

300 918 410 976 sola
449 918 777 999 liturgia
842 924 1072 983 robur
1120 921 1532 1000 concipiebat,
1583 940 1655 980 ac
1722 920 1994 991 morbus,
2048 925 2350 997 tanquam
2402 938 2478 979 ex
2539 920 2745 979 edicto
2804 927 2864 979 et
2920 920 3185 998 imperio
3234 922 3510 999 fugatus,
3562 939 3626 981 se
3674 923 3814 981 sub-

307 1017 657 1077 ducebat...
724 1019 832 1099 (a)
913 1020 1043 1079 Illa
1100 1038 1243 1079 vero
1298 1018 1663 1098 (Gorgonis)
1720 1036 1861 1078 cum
1922 1023 2116 1096 caput
2172 1036 2353 1077 suum
2408 1018 2545 1096 pari
2596 1036 2737 1078 cum
2772 1019 3067 1091 clamore,
3106 1019 3550 1099 lacrymisque,
3586 1019 3814 1098 quibus

315 1113 723 1188 abundabat,
790 1117 1213 1178 muliercula
1267 1117 1433 1176 illius
1480 1117 1699 1190 instar,
1751 1134 1893 1193 qua
1943 1115 2094 1175 olim
2148 1115 2377 1175 Christi
2424 1117 2615 1194 pedes
2665 1116 2914 1192 rigavit,
2950 1116 3135 1175 altari
3165 1118 3572 1190 admovisset,
3608 1136 3721 1177 nec
3751 1137 3816 1177 se

318 1214 487 1293 prius
540 1215 726 1273 illud
798 1216 1220 1275 dimissuram
1281 1233 1414 1273 esse
1468 1214 1921 1286 denuntiasset,
1984 1232 2175 1291 quam
2238 1214 2569 1272 sanitatem
2628 1212 3051 1289 obtinuisset;
3115 1231 3188 1273 ac
3246 1213 3475 1275 deinde
3534 1215 3654 1276 hoc
3700 1234 3814 1276 suo

329 1312 689 1393 pharmace
759 1333 1017 1392 corpus
1076 1320 1272 1373 totum
1336 1312 1750 1390 perfudisset,
1815 1318 1875 1371 et
1932 1312 1982 1371 si
2042 1311 2195 1389 quid
2256 1311 2499 1389 uspiam
2559 1311 2991 1389 antityporum
3051 1312 3309 1391 pretiosi
3366 1315 3647 1392 corporis
3706 1320 3819 1374 aut

338 1412 668 1489 sanguinis
734 1430 981 1471 manus
1040 1411 1495 1483 recondiderat,
1558 1410 1621 1468 id
1681 1409 1973 1488 lacrymis
2033 1408 2472 1469 admiscuisset
2516 1409 2576 1488 (ο
2636 1427 2765 1467 rem
2824 1409 3320 1489 admirandam),
3385 1412 3596 1471 statim
3653 1412 3814 1472 libe-

350 1518 549 1570 ratam
609 1530 682 1569 se
747 1510 989 1569 morbo
1048 1509 1255 1580 sentit,
1320 1519 1511 1585 atque
1570 1512 1631 1567 et
1689 1526 1974 1585 corpore,
2039 1513 2101 1567 et
2157 1508 2394 1575 animo,
2457 1515 2518 1565 et
2580 1514 2788 1565 mente
2841 1506 2994 1567 levis
3042 1508 3325 1568 discedit.
3382 1533 3409 1564 ι)

441 1612 562 1669 Nec
625 1627 786 1668 vero
850 1625 1235 1686 quemquam
1294 1624 1543 1666 movere
1602 1606 1810 1677 debet,
1873 1607 2041 1684 quod
2102 1606 2457 1681 Gregorius,
2522 1605 2598 1664 de
2656 1605 3051 1666 Eucharistia
3110 1606 3396 1684 loquens,
3458 1606 3694 1685 ﬁguras
3752 1612 3814 1666 et

357 1706 654 1786 antitypa
706 1705 1019 1785 appellat.
1077 1705 1268 1765 Movit
1321 1711 1529 1764 tamen
1582 1705 1668 1775 id,
1722 1710 1832 1763 aut
1879 1710 2047 1763 certe
2110 1721 2361 1763 movere
2409 1700 2609 1762 visum
2658 1710 2749 1761 est
2811 1704 3167 1763 nonnullos.
3221 1706 3435 1782 Neque
3494 1704 3683 1776 enim,
3718 1705 3811 1765 in-

358 1805 594 1883 quiunt
624 1802 909 1862 ministri
940 1802 1234 1861 Claudius
1280 1809 1342 1861 et
1390 1800 1773 1872 Albertinus,
1821 1800 1916 1859 his
1952 1800 2319 1860 nominibus
2350 1799 2568 1859 fuisset
2597 1818 2747 1859 usus
2779 1800 3114 1877 Gregorius
3165 1800 3217 1859 si
3270 1818 3411 1860 vere
3458 1808 3518 1861 et
3566 1801 3821 1861 realiter

354 1902 603 1963 Christi
662 1919 899 1978 corpus
957 1909 1016 1958 et
1074 1900 1443 1978 sanguinem
1502 1900 1567 1958 in
1632 1898 2024 1958 Eucharistia
2081 1898 2390 1958 contineri
2447 1898 2887 1958 existimasset.
2949 1898 3117 1958 Elias
3176 1898 3483 1958 Cretensis
3541 1899 3623 1980 (ὁ)
3682 1899 3818 1960 hac

358 2002 640 2062 nomina
698 2000 779 2059 de
839 1998 1233 2059 Eucharistia
1289 1999 1762 2075 interpretatur,
1822 2016 1894 2056 ac
1951 1997 2027 2056 de
2084 2014 2231 2056 vero
2291 1996 2521 2056 Christi
2569 2014 2833 2075 corpore
2892 2003 2955 2056 et
3011 1997 3315 2075 sanguine
3364 1998 3646 2077 exponit.
3695 1999 3819 2058 Sed

356 2106 423 2160 et
475 2100 710 2159 inanes
760 2097 1005 2158 Claudii
1064 2103 1126 2156 et
1181 2096 1487 2156 Albertini
1536 2096 1924 2174 objectiones
1982 2094 2232 2171 refellit,
2286 2113 2359 2155 ac
2413 2095 2695 2155 funditus
2747 2095 2970 2155 evertit
3019 2101 3242 2156 auctor
3288 2094 3495 2174 operis
3541 2095 3632 2156 De
3675 2115 3817 2176 per-

348 2198 664 2279 petuitate
711 2194 878 2274 ﬁdei,
931 2194 1039 2254 lib.
1095 2212 1136 2265 1,
1190 2212 1243 2253 c.
1278 2197 1336 2268 5,
1396 2213 1458 2273 p.
1489 2198 1586 2267 49,
1635 2199 1788 2254 tom.
1825 2194 1929 2253 IIl.

1846 2361 1937 2423 De
1972 2362 2348 2443 paenitentia.

469 2527 788 2588 Justitiam
846 2526 1051 2588 amitti
1106 2544 1284 2605 posse
1336 2532 1398 2586 et
1450 2526 1830 2604 recuperari,
1884 2527 2034 2587 satis
2090 2531 2185 2587 tot
2240 2525 2564 2602 lapsorum
2612 2522 3001 2600 experientia
3050 2522 3356 2584 didicerat
3405 2531 3658 2585 sanctus
3706 2525 3819 2585 do-

384 2632 586 2697 ctor;
661 2634 937 2687 attamen
999 2644 1078 2685 ne
1133 2625 1241 2702 qui
1300 2625 1661 2685 innocentia
1718 2624 2017 2703 baptismi
2074 2624 2455 2693 exciderent,
2518 2639 2681 2681 nova
2738 2620 3169 2681 contrahendo
3228 2629 3508 2699 peccata,
3569 2623 3684 2681 sibi
3745 2624 3822 2682 de

385 2723 583 2782 venia
643 2725 829 2783 nimis
887 2723 1369 2795 blandirentur,
1448 2723 1619 2782 aliud
1680 2724 1766 2782 eis
1824 2743 1947 2783 non
2007 2739 2330 2800 superesse
2389 2719 2737 2780 remedium
2798 2728 3030 2797 prater
3102 2718 3415 2797 lacrymas
3490 2720 3824 2779 denuntiat

376 2824 758 2900 Gregorius,
830 2846 859 2877 «
911 2840 1077 2881 nunc
1134 2820 1303 2881 aliud
1360 2821 1706 2881 remedium
1762 2829 1941 2882 extra
1993 2822 2304 2899 lacrymas
2335 2818 2576 2878 nullum
2628 2835 2886 2895 prorsus
2916 2817 3065 2877 scio.
3101 2841 3132 2871 »
3191 2817 3349 2889 Quin
3414 2825 3479 2877 ut
3539 2817 3826 2878 homines

374 2938 419 2979 a
475 2926 745 2997 peccato
807 2920 1004 2996 magis
1060 2919 1370 2979 deterreat
1427 2926 1488 2978 et
1541 2918 1605 2976 in
1658 2918 1905 2996 justitia
1962 2918 2248 2978 stabilius
2308 2917 2658 2988 conﬁrmet,
2722 2920 2937 2974 monet
2994 2933 3100 2974 eos
3159 2914 3594 2992 paenitentiam
3643 2915 3824 2975 labo-

378 3016 628 3077 riosum
681 3035 815 3077 esse
867 3017 1300 3096 pharmacum,
1352 3017 1770 3076 difﬁciliorem
1827 3023 1889 3077 et
1947 3016 2371 3075 molestiorem
2433 3013 2837 3091 disciplinam
2894 3032 2907 3073 :
2974 3036 3002 3067 «
3054 3012 3128 3091 (ε)
3178 3014 3377 3072 Grave
3433 3019 3528 3072 est
3584 3012 3825 3072 facilio-

383 3114 471 3173 ris
536 3114 867 3173 medicina
919 3115 1057 3174 loco
1114 3114 1528 3173 difﬁciliorem
1590 3120 1653 3173 et
1712 3114 2133 3174 molestiorem
2189 3112 2514 3184 adhibere,
2577 3129 2670 3185 ac,
2736 3109 3020 3188 projecta
3081 3109 3527 3170 misericordia
3587 3110 3816 3188 gratia,

376 3211 719 3289 suppliciis
768 3212 1037 3289 seipsum
1088 3212 1434 3271 obnoxium
1486 3211 1769 3286 reddere,
1826 3218 2017 3290 atque
2066 3230 2143 3271 ex
2191 3211 2403 3270 delicti
2455 3209 2700 3269 ratione
2748 3207 3253 3269 emendationem
3307 3226 3581 3285 aquare.
3616 3208 3826 3279 Quan-

378 3316 519 3369 tam
572 3310 738 3369 enim
800 3311 1218 3389 lacrymarum
1271 3310 1392 3368 vim
1451 3310 1914 3388 impendamus,
1970 3315 2037 3369 ut
2095 3327 2169 3369 ea
2216 3327 2358 3367 cum
2415 3307 2713 3386 baptismi
2771 3306 2941 3365 fonte
2990 3306 3312 3383 exaquari
3373 3306 3617 3383 possit?
3677 3306 3827 3377 Quis

382 3415 603 3467 autem
662 3426 925 3486 sponsor
975 3408 1133 3480 erit,
1207 3408 1379 3481 fore,
1455 3416 1523 3467 ut
1580 3408 1723 3467 vita
1782 3408 1922 3467 ﬁnis
1979 3408 2369 3467 curationem
2429 3410 2788 3483 exspectet,
2853 3421 2926 3464 ac
2986 3422 3111 3463 non
3173 3403 3380 3483 potius
3437 3404 3646 3463 adhuc
3703 3423 3827 3464 are

383 3506 601 3566 alieno
664 3524 925 3584 pressos,
988 3514 1179 3586 atque
1235 3506 1405 3566 illius
1461 3506 1623 3583 ignis
1681 3507 1905 3566 ardore
1968 3525 2128 3584 opus
2190 3505 2516 3573 habentes,
2579 3502 2857 3563 tribunal
2912 3502 3070 3562 illud
3127 3501 3484 3580 suscipiat?
3539 3503 3633 3561 Tu
3691 3503 3827 3579 qui-

382 3604 533 3664 dem
591 3605 875 3677 fortasse,
928 3605 1091 3665 bone
1149 3611 1211 3665 et
1267 3604 1542 3664 humane
1598 3605 1897 3682 agricola,
1962 3604 2287 3664 dominum
2346 3602 2615 3680 supplex
2666 3599 2940 3679 rogabis,
2978 3606 3044 3659 ut
3103 3598 3391 3659 ﬁculnea
3441 3597 3648 3659 adhuc
3681 3618 3827 3678 par-

383 3707 513 3772 cat,
571 3720 686 3761 nec
742 3720 877 3761 eam
939 3701 1284 3762 sterilitatis
1329 3708 1690 3761 accusatam
1742 3702 1950 3761 adhuc
1998 3701 2302 3772 succidat,
2354 3718 2572 3759 verum
2634 3697 2745 3758 tibi
2804 3698 3129 3777 permittat
3187 3704 3256 3757 ut
3312 3705 3588 3757 stercora
3639 3698 3825 3757 undi-

382 3820 513 3878 que
575 3800 641 3859 in
699 3818 835 3859 eam
896 3799 1233 3877 injicias’",
1292 3800 1415 3860 hoc
1470 3807 1563 3859 est
1618 3802 1954 3878 lacrymas,
1991 3800 2280 3877 gemitus,
2362 3814 2596 3876 preces,
2659 3795 3087 3867 chameunias,
3151 3794 3420 3872 vigilias,
3479 3794 3706 3853 anima
3767 3800 3829 3854 et

383 3900 679 3976 corporis
736 3899 1245 3970 macerationem,
1307 3916 1379 3958 ac
1450 3898 1720 3976 denique
1778 3898 2237 3958 correctionem
2312 3914 2476 3963 eam,
2541 3913 2684 3972 qua
2744 3911 2821 3954 ex
2899 3892 3140 3972 peccati
3198 3893 3611 3963 confessione,
3672 3911 3825 3951 con-

384 3995 843 4074 temptiorique
895 3996 1037 4055 vita
1094 4014 1319 4073 genere
1380 3996 1623 4055 exsistit
1672 4015 1685 4069 ;
1767 4002 1832 4055 at
1886 3995 2198 4054 incertum
2260 3998 2390 4065 est,
2456 4011 2537 4051 an
2600 3992 2902 4051 Dominus
2960 3991 3049 4051 illi
3109 3996 3344 4068 parcet,
3409 3996 3627 4067 utpote
3684 4009 3828 4068 qua

394 4093 586 4153 etiam
644 4094 851 4152 locum
910 4094 1108 4153 otiose
1167 4100 1455 4171 occupet,
1517 4111 1658 4152 cum
1720 4093 1972 4152 interim
2032 4092 2193 4151 alius
2251 4089 2682 4149 misericordia
2738 4095 2943 4167 egeat,
2997 4096 3189 4166 atque
3245 4088 3327 4146 ob
3387 4087 3829 4165 longanimita-

397 4196 553 4260 tem,
608 4210 751 4269 qua
806 4191 926 4269 ipsi
983 4191 1338 4267 exhibetur,
1400 4191 1674 4250 deterior
1731 4191 1862 4249 fiat.
1897 4213 1926 4245 »

473 4289 648 4348 Licet
704 4290 1038 4367 Gregorius
1094 4288 1179 4369 (ά)
1263 4288 1702 4367 purgationem
1769 4288 1996 4348 anima
2056 4305 2129 4347 ac
2188 4285 2710 4346 instaurationem
2772 4284 2834 4343 in
2896 4283 3227 4361 pristinum
3287 4287 3521 4342 statum
3581 4282 3827 4342 rarissi-

388 4405 568 4447 mam
626 4405 758 4446 esse
815 4393 1138 4464 agnoscat,
1198 4392 1259 4446 et
1317 4405 1481 4464 agre
1543 4386 1794 4446 tandem
1858 4394 1999 4464 post
2054 4384 2337 4445 assiduos
2394 4384 2691 4462 gemitus,
2748 4383 3100 4459 longosque
3159 4382 3409 4441 labores
3465 4380 3830 4440 vulneribus

387 4485 753 4545 cicatricem
810 4485 1060 4555 obduci,
1109 4484 1335 4545 acriter
1385 4492 1594 4545 tamen
1643 4484 2134 4545 Novatianorum
2194 4482 2497 4543 savitiam
2563 4481 2871 4559 coarguit.
2929 4482 3084 4541 «Tu
3137 4498 3285 4539 vero
3334 4479 3485 4558 quid
3536 4478 3679 4538 ais?
3736 4480 3829 4537 in-

392 4584 572 4661 quit;
626 4601 817 4660 quam
858 4583 1060 4661 legem
1115 4583 1356 4652 statuis,
1412 4602 1449 4642 o
1499 4601 1659 4643 nove
1706 4582 2041 4653 Pharisae,
2097 4599 2170 4640 ac
2221 4580 2493 4653 nomine,
2549 4598 2674 4639 non
2725 4585 2934 4638 autem
2994 4577 3189 4637 animi
3246 4577 3590 4656 proposito,
3648 4595 3824 4654 pure,

392 4700 469 4741 ac
530 4681 757 4741 Novati
814 4680 1112 4758 dogmata
1159 4698 1302 4740 cum
1354 4681 1569 4740 eadem
1602 4680 1966 4739 inﬁrmitate
2017 4678 2197 4739 nobis
2239 4678 2518 4738 efflans?
2566 4676 3006 4737 Panitentiam
3062 4694 3189 4735 non
3243 4674 3582 4735 admittis?
3641 4674 3826 4733 lucti-

393 4780 511 4839 bus
572 4779 784 4838 locum
842 4781 1093 4855 negas?
1154 4778 1462 4856 lacrymas
1520 4778 1815 4855 lacrymis
1873 4795 1998 4835 non
2056 4776 2507 4856 prosequeris?
2576 4774 2829 4836 Utinam
2890 4773 3081 4833 talem
3141 4772 3251 4832 tibi
3300 4772 3581 4850 judicem
3639 4789 3830 4849 expe-

394 4877 507 4936 riri
569 4896 694 4936 non
754 4878 1122 4953 contingat!
1202 4876 1596 4953 Benignitate
1655 4879 1803 4937 Jesu
1862 4895 1987 4935 non
2049 4877 2358 4946 moveris,
2440 4874 2549 4951 qui
2606 4872 3004 4932 inﬁrmitates
3079 4876 3327 4930 nostras
3390 4870 3703 4947 suscepit,
3768 4876 3832 4929 et

397 4974 656 5033 morbos
714 4982 960 5033 nostros
1019 4975 1294 5052 portavit
1325 4974 1390 5039 ³⁸,
1446 4974 1555 5053 qui
1617 4993 1739 5033 non
1801 4974 1968 5033 venit
2018 4991 2243 5032 vocare
2293 4973 2520 5051 justos,
2576 4970 2683 5029 sed
2746 4976 3104 5048 peccatores
3154 4968 3233 5028 ad
3294 4969 3729 5047 paenitentiam
3761 4967 3826 5037 3’,

393 5073 506 5150 qui
566 5070 1056 5131 misericordiam
1118 5072 1359 5131 mavult
1406 5090 1594 5150 quam
1654 5072 2029 5132 sacriﬁcium
2062 5071 2127 5138 ‘°,
2189 5071 2298 5150 qui
2348 5070 2707 5147 septuagies
2767 5068 2997 5145 septies
3057 5072 3312 5145 peccata
3372 5065 3763 5125 condonat“
3800 5065 3829 5123 ?

393 5171 597 5240 Quam
655 5169 841 5229 beata
896 5176 1057 5229 esset
1114 5169 1464 5230 sublimitas
1521 5176 1649 5245 tua,
1713 5171 1764 5229 si
1824 5170 2065 5248 puritas
2122 5188 2196 5229 ea
2251 5176 2433 5241 esset,
2486 5186 2609 5227 non
2669 5173 2880 5226 autem
2926 5167 3145 5237 fastus,
3198 5163 3367 5242 leges
3396 5182 3588 5241 supra
3619 5164 3825 5224 homi-

394 5268 490 5327 nis
548 5273 799 5346 captum
860 5268 1213 5342 instituens,
1274 5287 1348 5327 ac
1408 5286 1651 5328 morum
1712 5268 2165 5328 correctionem
2212 5286 2322 5345 per
2373 5266 2878 5344 desperationem
2913 5263 3185 5324 tollens!
3251 5264 3319 5324 In
3380 5261 3599 5322 eodem
3658 5262 3826 5322 enim

395 5367 547 5425 vitio
602 5374 771 5435 sunt,
822 5365 1215 5443 indulgentia
1274 5367 1531 5427 omnino
1589 5366 2150 5426 animadversionis
2199 5383 2446 5444 expers,
2498 5369 2561 5424 et
2613 5362 3056 5424 condemnatio
3112 5361 3288 5423 omni
3335 5360 3518 5421 venia
3564 5378 3823 5433 carens;

393 5462 503 5523 illa
560 5482 777 5524 omnes
833 5462 1121 5523 habenas
1178 5463 1368 5537 laxat,
1434 5464 1566 5525 hac
1624 5463 1705 5524 ob
1766 5464 2227 5524 vehementiam
2286 5461 2663 5540 strangulat.
2706 5484 2737 5515 »

461 5615 507 5649 ³⁷
534 5615 671 5675 Luc.
701 5632 802 5682 xu,
840 5615 968 5668 6-9.
1060 5612 1104 5647 ³⁸
1136 5614 1246 5669 Iss.
1281 5630 1400 5685 LIII,
1433 5615 1485 5669 4.
1576 5614 1622 5648 ³⁹
1651 5613 1829 5669 Marc.
1862 5630 1923 5683 ιι,
1960 5615 2044 5668 17.

1963 5615 2044 5668 17.
2135 5611 2180 5646 ⁴⁰
2208 5609 2410 5666 Matth.
2447 5626 2525 5679 1x,
2559 5609 2665 5676 13;
2699 5626 2800 5679 xu,
2831 5609 2886 5665 7.
2975 5609 3020 5645 ⁴ί
3051 5607 3259 5665 Matth.
3293 5622 3453 5674 xvm,
3483 5604 3574 5660 22.

448 5764 520 5838 (α)
563 5763 659 5821 ΟΡ·
698 5760 757 5830 δ’
796 5774 861 5838 n.‘
902 5754 993 5838 48'
1166 5825 1199 5838 η
1362 5827 1378 5838 .
1408 5824 1510 5838 ...η
1589 5830 1598 5838 .
1757 5827 1804 5838 ν-
1932 5825 2026 5838 λη.

1166 5825 1199 5838 ,.
1362 5824 1510 5838 η...
1589 5830 1598 5838 .
1757 5827 1804 5838 .-
1932 5825 2026 5838 Μ.
2243 5749 2753 5838 ίεὶρτ·ἒ9ι’¹¹’ἶ⁹ς

448 5768 502 5838 (a
563 5768 659 5821 Or.
698 5768 757 5830 ὅ,
796 5774 861 5813 n.
902 5768 993 5809 ιδ.
2243 5768 2311 5824 (ε)
2351 5768 2448 5806 υιι,
2482 5768 2570 5820 ιω,
2605 5768 2665 5806 η,
2698 5768 2754 5805 υ,

435 5768 520 5917 (0)
551 5839 618 5897 In
653 5852 748 5895 or.
777 5829 867 5889 al.
898 5828 956 5894 1,
982 5841 1139 5881 nunc
1166 5825 1202 5879 2
1227 5827 1381 5899 apud
1406 5824 1561 5898 Bill.,
1583 5830 1728 5884 tom.
1756 5827 1827 5892 II,
1852 5842 1910 5898 p.
1932 5825 2058 5881 201.
2122 5840 2123 5843 ‘
2245 5823 2316 5895 td)
2358 5822 2453 5879 Or.
2487 5822 2579 5890 39,
2612 5839 2670 5878 n.
2704 5823 2791 5877 18.

434 6266 641 6329 ’ᾓὲξὶῗινιδ
726 6298 817 6325 ’,νῖνγ
880 6312 891 6323 ν

250 6332 454 6363 ξμῖ⁷⁷
497 6328 603 6356 ,πέλ
648 6350 655 6355 ,
758 6332 811 6361 ’ξπ
862 6334 941 6361 -,“-

128 6372 145 6377 ...
164 6372 181 6387 ,η
311 6361 348 6380 νη.
369 6357 432 6388 If”
461 6361 466 6364 '
487 6373 494 6376 _
515 6345 841 6396 :Lrt._"‘:
860 6366 899 6379 κη

109 6399 138 6430 ___.-
193 6401 198 6404 -
263 6389 278 6410 r‘
307 6405 310 6408 .
357 6389 374 6396 "
407 6395 412 6398 '
439 6399 448 6404 -
529 6389 556 6396 ’⁵
587 6393 630 6410 ει..-
675 6389 724 6422 ..ετ-μ
752 6392 812 6428 "LI;
830 6392 897 6419 $.13}
898 6388 945 6427 μή

629 6427 690 6436 ...η-ι
715 6429 753 6446 ὲ.
814 6432 843 6443 __,
870 6416 927 6429 λι*
