4080 6434
395 452 511 513 119
1400 457 1821 519 PREFATIO
1870 457 2424 518 GENERALIS.-—
2458 458 2656 517 PARS
2703 457 2810 517 ΙΙΙ.
3689 461 3792 521 I20

473 585 881 664 Prosequitur
940 588 1276 666 Gregorius
1326 588 1407 669 (α)
1470 609 1700 668 urgens
1758 590 2187 651 Novatianos:
2244 613 2274 646 ‹‹
2321 590 2540 661 Quid?
2599 609 2674 650 ne
2733 589 3141 669 pmnitentem
3203 592 3457 670 quidem
3515 593 3792 656 Davidem

394 682 697 756 admittis,
732 684 832 744 cui
872 685 1306 764 propheticam
1342 706 1593 766 quoque
1625 688 1892 766 gratiam
1948 688 2321 766 paenitentia
2352 688 2796 749 conservavit?
2844 690 2969 749 Nec
3003 707 3297 767 magnum
3331 690 3504 751 illum
3537 694 3792 764 Petrum,

394 781 503 858 qui
559 780 724 841 circa
782 783 1126 843 Salvatoris
1184 785 1536 863 passionem
1596 786 1859 845 humani
1920 785 2159 863 aliquid
2216 804 2548 863 perpessus
2606 786 2756 845 est?
2815 787 2893 845 At
2947 790 3128 846 Jesus
3187 805 3329 846 eum
3390 789 3675 867 suscepit,
3734 808 3797 849 ac

393 895 507 955 per
565 879 872 957 triplicem
924 881 1485 960 interrogationem
1535 890 1597 943 et
1653 883 2108 943 confessionem
2140 883 2207 949 ⁴²,
2258 882 2566 961 triplicem
2618 883 3080 960 abjurationem
3116 885 3183 953 ‘3,
3236 886 3501 948 sanavit.
3552 887 3796 958 Quid....

392 992 508 1034 nec
565 995 707 1036 eum
784 977 1141 1059 (admittis)
1218 980 1326 1057 qui
1383 981 1614 1040 scelere
1673 999 1806 1041 sese
1863 981 1926 1040 in
1989 980 2290 1042 Corintho
2350 980 2698 1041 devinxit?
2774 983 2853 1041 At
2914 983 3143 1041 Paulus
3200 981 3570 1043 charitatem
3627 984 3799 1044 etiam

393 1092 543 1150 erga
602 1093 745 1134 eum
804 1076 1098 1150 ﬁrmavit,
1159 1078 1345 1137 simul
1407 1085 1597 1157 atque
1655 1097 1796 1139 eum
1858 1079 1936 1139 ad
1999 1078 2321 1138 meliorem
2382 1079 2525 1138 vitae
2585 1079 2827 1156 frugem
2886 1079 3138 1139 rediisse
3196 1082 3543 1160 perspexit,
3600 1082 3800 1141 istam-

392 1190 516 1251 que
576 1192 828 1233 causam
888 1176 1071 1236 affert
1122 1196 1134 1234 :
1197 1196 1274 1237 ne
1341 1200 1369 1234 α
1421 1177 1869 1238 abundantiori
1927 1177 2180 1237 tristitia
2240 1177 2654 1236 absorbeatur
2702 1178 2768 1240 “,
2821 1198 2850 1233 »
2929 1183 3048 1237 etc.
3110 1179 3287 1249 Quod
3345 1180 3432 1238 ait
3489 1180 3803 1257 Gregorius

393 1269 468 1330 de
520 1272 881 1332 Novatianis
912 1271 996 1354 (ὁ)
1034 1291 1047 1333 :
1110 1297 1138 1329 (‹
1174 1278 1237 1333 ln
1289 1275 1489 1335 altero
1541 1293 1675 1335 aevo
1722 1274 1855 1352 igni
1900 1276 2163 1335 fortasse
2210 1273 2722 1353 baptizabuntur,
2758 1275 2867 1351 qui
2916 1282 3269 1353 postremus
3308 1282 3400 1335 est
3450 1277 3799 1354 baptismus,

395 1386 508 1429 nec
557 1370 759 1431 solum
808 1371 1117 1444 acerbior,
1151 1372 1261 1433 sed
1306 1380 1368 1432 et
1417 1372 1797 1445 diuturnior,
1835 1374 1942 1451 qui
1990 1391 2263 1433 crassam
2316 1372 2642 1432 materiam
2700 1374 2904 1432 instar
2961 1373 3085 1433 feni
3138 1375 3521 1452 depascitur,
3568 1374 3804 1452 Vitiique

396 1467 598 1526 omnis
654 1468 973 1529 levitatem
1033 1470 1358 1542 absumit;
1417 1496 1443 1525 »
1506 1471 1665 1531 forte
1718 1471 2013 1549 sperabat
2071 1470 2406 1548 Gregorius
2454 1471 2837 1531 Novatianos
2898 1488 3171 1531 errorem
3233 1492 3414 1533 suum
3476 1472 3800 1550 agnituros,

393 1572 783 1644 quapropter
838 1567 1032 1628 verba
1091 1568 1169 1627 de
1227 1569 1372 1646 igne
1431 1569 1822 1647 purgatorio,
1883 1588 2006 1629 non
2068 1569 2143 1629 de
2202 1575 2436 1629 aeterno
2494 1569 2661 1646 igne,
2722 1580 2788 1628 ut
2846 1576 3029 1647 putat
3084 1571 3332 1631 Nicetas
3384 1570 3484 1650 (c),
3538 1572 3805 1631 videntur

390 1665 823 1744 intelligenda.

1725 1828 1808 1889 De
1845 1827 2073 1888 ordinis
2103 1838 2491 1890 sacramento.

477 1981 565 2038 De
619 1979 859 2040 ordinis
915 1987 1308 2041 sacramento
1366 2000 1490 2041 non
1552 1982 1750 2041 multa
1808 1982 2163 2059 dogmatice
2221 1987 2493 2041 tractata
2546 1981 2607 2039 in
2672 1980 2956 2058 Gregorii
3015 1980 3261 2059 scriptis
3318 1982 3631 2062 reperias,
3703 1981 3804 2042 nisi

398 2077 569 2154 quod
622 2078 933 2157 episcopis
983 2079 1047 2139 in
1105 2080 1503 2139 ordinatione
1562 2080 1864 2158 Spiritum
1926 2087 2212 2140 sanctum
2270 2080 2537 2139 conferri
2612 2085 2899 2139 testatur.
2986 2103 3017 2135 «
3067 2082 3225 2139 Num
3284 2087 3393 2153 tu,
3457 2082 3656 2161 inquit
3710 2080 3796 2161 (d).

396 2174 668 2253 Spiritus
718 2177 915 2237 sancti
966 2196 1090 2237 non
1140 2196 1205 2238 es
1265 2178 1577 2256 particeps
1607 2179 1635 2236 ?
1694 2178 1869 2255 atqui
1923 2178 2193 2238 maxime
2249 2183 2310 2238 te
2371 2178 2489 2237 hoc
2536 2178 2675 2255 ipso
2706 2178 2971 2236 effers.»
3010 2178 3160 2237 Jure
3203 2176 3418 2238 divino
3450 2185 3722 2257 pastores
3770 2197 3802 2238 a

403 2274 641 2351 populo
691 2275 930 2335 secerni
988 2281 1049 2334 et
1106 2294 1373 2354 praeesse
1431 2276 1613 2335 docet
1643 2276 1735 2355 (e).
1806 2300 1835 2331 «
1885 2276 2427 2348 Quemadmodum
2488 2276 2550 2334 in
2608 2293 2871 2353 corpore
2929 2275 3096 2335 aliud
3158 2276 3585 2355 principatum
3631 2281 3799 2347 tenet,

403 2388 475 2430 ac
533 2371 726 2431 veluti
785 2373 1099 2451 praesidet,
1152 2374 1323 2433 aliud
1381 2374 1593 2433 subest
1650 2380 1712 2433 et
1770 2375 2052 2453 regitur:
2114 2374 2192 2435 ad
2252 2374 2545 2434 eumdem
2603 2392 2857 2452 quoque
2917 2373 3172 2433 modum
3237 2377 3426 2445 Deus,
3480 2376 3577 2435 vel
3632 2374 3801 2452 aequi-

402 2470 547 2528 tatis
597 2470 755 2548 lege,
789 2490 931 2551 quae
984 2472 1275 2533 meritum
1327 2472 1630 2551 cujusque
1686 2475 2037 2553 perpendit,
2093 2474 2191 2534 vel
2238 2474 2430 2534 etiam
2492 2471 2924 2551 providentia,
2978 2492 3091 2550 per
3149 2491 3339 2551 quam
3401 2475 3619 2535 omnia
3662 2473 3801 2533 inter

401 2586 465 2627 se
516 2566 688 2627 velut
734 2569 1034 2641 devinxit,
1091 2571 1209 2630 hoc
1265 2570 1329 2629 in
1390 2570 1681 2631 Ecclesiis
1738 2572 2083 2645 constituit,
2144 2576 2210 2631 ut
2268 2571 2375 2631 alii
2434 2576 2773 2648 pascantur
2829 2576 2892 2629 et
2950 2575 3234 2647 pareant,
3279 2571 3515 2648 quibus
3545 2571 3799 2631 videlicet

398 2664 460 2724 id
521 2666 736 2726 utilius
792 2674 905 2741 est,
970 2686 1042 2729 ac
1100 2674 1232 2728 tum
1297 2686 1609 2741 sermone,
1663 2676 1795 2729 tum
1847 2687 2059 2747 opere,
2119 2669 2197 2729 ad
2248 2669 2529 2729 ofﬁcium
2582 2667 2984 2746 dirigantur:
3042 2667 3148 2727 alii
3178 2674 3389 2728 autem
3428 2670 3511 2729 ad
3544 2668 3794 2730 Ecclesia:

399 2762 847 2840 perfectionem
908 2772 1189 2843 pastores
1250 2784 1321 2825 ac
1382 2767 1664 2844 magistri
1719 2767 1861 2837 sint,
1925 2767 2222 2827 nimirum
2288 2767 2396 2844 qui
2452 2766 2718 2839 virtute,
2780 2764 3354 2843 conjunctioneque
3428 2772 3492 2829 et
3561 2765 3790 2827 familia-

401 2859 585 2919 ritate
645 2861 814 2938 apud
872 2865 1091 2933 Deum,
1126 2862 1317 2939 vulgo
1362 2863 1758 2924 sublimiores
1806 2871 1969 2938 sunt,
2026 2865 2333 2925 rationem
2385 2864 2610 2923 animae
2669 2864 2747 2922 ad
2807 2881 3057 2941 corpus,
3109 2870 3219 2924 aut
3279 2865 3511 2925 mentis
3566 2864 3642 2925 ad
3691 2861 3796 2923 ani-

403 2977 571 3017 mam
634 2960 1010 3034 obtinentes,
1071 2967 1140 3021 ut
1198 2961 1332 3021 haec
1392 2963 1542 3035 duo,
1593 2963 1714 3023 hoc
1770 2971 1863 3024 est
1920 2972 1981 3023 et
2034 2964 2097 3024 id
2156 2964 2326 3041 quod
2383 2963 2617 3033 deficit,
2672 2970 2736 3023 et
2790 2962 2853 3022 id
2912 2962 3080 3039 quod
3141 2963 3481 3037 redundat,
3532 2964 3687 3023 inter
3725 2978 3797 3031 se,

400 3057 575 3118 velut
628 3058 691 3116 in
751 3060 1074 3132 membris,
1124 3061 1474 3139 composita
1530 3068 1592 3120 et
1638 3068 1990 3140 compacta,
2026 3063 2407 3140 spiritusque
2440 3079 2747 3139 compage
2796 3079 3081 3120 connexa
3138 3066 3201 3120 et
3256 3061 3578 3139 colligata,
3633 3076 3800 3121 unum

402 3174 654 3234 corpus,
706 3157 880 3219 omni
936 3177 1009 3218 ex
1073 3168 1249 3237 parte
1310 3160 1675 3238 perfectum,
1734 3167 1923 3239 atque
1980 3162 2115 3238 ipso
2173 3160 2443 3227 Christo,
2498 3161 2607 3236 qui
2667 3165 2860 3236 caput
2916 3165 3198 3218 nostrum
3261 3167 3377 3232 est,
3432 3160 3686 3220 omnino
3730 3156 3807 3215 di-

402 3273 597 3332 gnum
659 3255 982 3316 exsistant.
1043 3281 1069 3313 ι)
1132 3258 1309 3318 Ritus
1366 3259 1617 3318 tandem
1674 3259 1903 3337 quibus
1959 3259 2463 3337 inaugurabatur
2516 3258 2822 3335 pontifex,
2883 3257 2969 3316 sic
3026 3256 3344 3330 describit,
3407 3275 3557 3318 eum
3613 3277 3646 3317 a
3699 3272 3805 3333 quo

401 3360 804 3413 consecratus
861 3354 1066 3416 fuerat
1123 3355 1452 3433 alloquens
1491 3357 1585 3435 (/).
1654 3381 1683 3414 ‹‹
1732 3358 1826 3417 Me
1887 3357 2245 3435 pontiﬁcem
2309 3356 2509 3433 ungis,
2576 3373 2649 3417 ac
2709 3355 2941 3433 podere
2996 3354 3218 3431 cingis,
3280 3356 3602 3435 capitique
3655 3354 3804 3415 cida-

404 3450 520 3510 rim
578 3450 895 3530 imponis,
956 3460 1144 3532 atque
1205 3453 1558 3515 holocausti
1616 3454 1960 3533 spiritualis
2016 3454 2206 3514 altari
2261 3454 2601 3525 admoves,
2679 3460 2741 3513 et
2796 3452 3164 3513 initiationis
3222 3451 3492 3513 vitulum
3552 3458 3801 3521 mactas,

403 3566 759 3628 manusque
808 3550 1056 3630 spiritui
1113 3570 1462 3625 consecras,
1500 3558 1561 3613 et
1607 3553 1836 3613 Sancta
1886 3558 2250 3613 sanctorum
2302 3558 2653 3631 spectatum
2703 3550 3071 3623 introducis,
3107 3550 3363 3629 verique
3410 3550 3585 3612 illius
3630 3549 3806 3611 taber-

402 3647 638 3719 naculi,
700 3649 870 3727 quod
926 3668 1053 3710 non
1113 3649 1329 3724 homo,
1386 3651 1492 3711 sed
1552 3654 1718 3713 Deus
1773 3651 1956 3711 ﬁnxit
1984 3651 2049 3719 ‘5,
2111 3649 2469 3711 ministrum
2528 3650 2747 3711 efficis.
2789 3669 2820 3705 ››

484 3745 767 3806 Meminit
823 3746 1077 3808 lectoris
1133 3748 1323 3809 ofﬁcii
1379 3750 1757 3827 Gregorius,
1820 3748 1927 3809 ubi
1983 3756 2200 3810 narrat
2257 3748 2343 3828 (g)
2429 3748 2675 3809 Gallum
2736 3754 2798 3808 et
2847 3746 3212 3819 Julianum,
3274 3747 3383 3826 qui
3439 3753 3657 3826 postea
3706 3744 3804 3805 fuit

402 3848 713 3922 apostata,
763 3845 826 3905 in
887 3847 1123 3908 clerum
1183 3848 1423 3926 seipsos
1479 3848 1887 3925 ascripsisse:
1949 3848 2179 3909 «Adeo
2240 3855 2306 3907 ut
2363 3847 2609 3907 divinos
2663 3864 2916 3924 quoque
2976 3844 3172 3904 libros
3228 3845 3586 3907 lectitarent
3638 3842 3799 3924 plebi,

402 3959 527 4002 non
569 3942 775 4003 minus
818 3944 1103 4023 amplum
1142 3944 1207 4004 id
1255 3945 1371 4005 sibi
1411 3951 1476 4005 et
1514 3944 1931 4006 honorificum
1975 3964 2109 4006 esse
2146 3945 2595 4013 existimantes,
2632 3962 2821 4021 quam
2864 3942 3038 4003 aliud
3083 3942 3352 4020 quidvis,
3385 3943 3520 4005 imo
3551 3942 3796 4005 omnium

403 4045 922 4100 ornamentorum
976 4040 1320 4101 maximum
1370 4043 2085 4121 praestantissimumque
2117 4044 2417 4122 pietatem
2450 4060 2583 4102 esse
2614 4046 2959 4102 censentes.
2999 4064 3027 4095 ι)

488 4136 788 4215 Agnoscit
844 4139 1247 4199 disertissime
1313 4139 1655 4218 primatum
1733 4142 1943 4213 Petri,
2019 4160 2206 4219 quem
2269 4140 2719 4218 discipulorum
2778 4138 3061 4200 omnium
3113 4136 3554 4199 charissimum
3612 4134 3804 4215 appel-

404 4234 495 4294 lat
537 4233 641 4315 (ἡ).
698 4258 728 4290 ‹‹
759 4236 895 4295 Non
948 4236 1136 4297 modo
1184 4255 1298 4296 suo
1332 4236 1652 4308 Christus,
1702 4238 1810 4297 sed
1860 4238 2048 4298 etiam
2102 4240 2290 4312 Petri,
2344 4238 2799 4316 discipulorum
2844 4236 3128 4297 omnium
3178 4235 3532 4297 charissimi
3583 4234 3805 4296 nomine

405 4331 847 4392 didrachmum
900 4334 1117 4411 pendit
1146 4334 1209 4386 ‘5.
1246 4334 1311 4413 (ι’)
1360 4338 1580 4394 Petrus
1630 4336 2058 4414 apostolorum
2118 4338 2433 4416 princeps,
2486 4337 2592 4396 sed
2644 4334 2937 4396 Ecclesiae
2988 4340 3186 4412 petra,
3238 4352 3361 4394 non
3414 4341 3485 4394 ut
3534 4335 3804 4412 piscator.

407 4428 515 4488 sed
567 4436 632 4489 ut
685 4430 944 4491 fervoris
1002 4439 1267 4494 scatens.
1326 4433 1404 4513 (λ’)
1464 4433 1649 4495 Vides
1707 4435 2243 4511 quemadmodum
2302 4454 2378 4496 ex
2439 4435 2669 4497 Christi
2725 4432 3069 4511 discipulis,
3129 4432 3370 4510 magnis
3428 4432 3643 4510 utique
3688 4445 3805 4489 om-

410 4526 594 4587 nibus
651 4533 712 4587 et
768 4529 1046 4601 excelsis,
1099 4536 1289 4609 atque
1348 4531 1652 4591 electione
1702 4532 1930 4609 dignis,
1980 4532 2083 4592 hic
2139 4539 2319 4610 petra
2376 4539 2655 4602 vocetur,
2710 4538 2899 4609 atque
2950 4530 3241 4590 Ecclesiae
3301 4530 3705 4590 fundamenta
3752 4526 3804 4583 in

412 4643 588 4685 suam
650 4626 834 4687 ﬁdem
891 4628 1159 4705 accipiat
1188 4629 1251 4682 Π.
1287 4652 1316 4683 »
1380 4630 1536 4688 Hinc
1593 4648 1630 4690 a
1687 4630 1985 4708 Gregorio
2042 4629 2147 4710 (lc),
2211 4653 2239 4685 α
2285 4631 2505 4690 Petrus
2561 4630 2852 4690 Ecclesiae
2909 4628 3200 4688 columen
3257 4628 3508 4688 dicitur.
3543 4650 3573 4682 »

492 4723 670 4782 Hunc
728 4724 1069 4800 primatum
1128 4725 1206 4785 ad
1256 4727 1425 4785 Petri
1483 4745 1871 4787 successores
1930 4745 2215 4787 manasse
2273 4727 2551 4788 declarat
2606 4732 2859 4786 sanctus
2913 4724 3158 4796 doctor,
3216 4726 3565 4785 Romanum
3626 4717 3807 4801 ponti-

416 4820 596 4881 ﬁcem
655 4822 824 4882 orbis
880 4823 1214 4884 Christiani
1272 4824 1627 4903 praesidem,
1688 4832 1749 4886 et
1808 4826 2063 4886 unitatis
2115 4825 2443 4886 catholicae
2504 4824 2822 4885 vinculum
2881 4822 3268 4900 designans:

988 4980 1204 5037 Τούτων
1240 4980 1297 5036 δὲ
1325 4979 1525 5051 πίστις,
1558 4982 1713 5109 τὶμὶν
1738 4983 1803 5053 ἦν
1836 4982 1895 5039 ἐκ
1924 4982 2179 5046 πλὲιονος

989 5054 1086 5107 Καὶ
1126 5059 1213 5108 νῦν
1242 5052 1314 5109 ἔτ’
1340 5051 1479 5109 ἔστιν
1513 5051 1570 5109 εἰς
1611 5074 1803 5109 oouoc.
1835 5057 1932 5109 τὴν
1965 5056 2179 5109 Ἐσπέοο

989 5054 1086 5107 Καὶ
1126 5059 1213 5108 νῦν
1242 5052 1314 5109 ἔτ’
1340 5051 1479 5109 ἔστιν
1513 5051 1803 5131 εὕδρομος,
1835 5057 1932 5125 τὴν
1965 5056 2220 5133 Ἑσπέραν

492 5208 538 5242 ⁴²
564 5208 733 5263 Joan.
780 5226 897 5276 xxx,
930 5211 1116 5265 15-17.
1229 5214 1272 5247 ⁴³
1304 5212 1511 5269 Matth.
1556 5229 1708 5283 xxvx,
1739 5212 1930 5268 69-75.

422 5280 463 5315 ‘7
497 5280 696 5337 Matth.
731 5298 845 5337 xv1.
888 5284 967 5337 18.

2208 5212 2334 5268 Cor.
2378 5228 2439 5275 ιι,
2470 5210 2525 5266 7.
2638 5210 2681 5243 ⁴⁵
2712 5208 2880 5265 Hebr.
2924 5224 3048 5272 vm,
3079 5208 3132 5263 2.
3244 5205 3288 5240 ⁴⁸
3320 5204 3528 5261 Matth.
3570 5218 3701 5269 xvu,
3729 5196 3805 5250 23.

686 5323 696 5335 α
731 5323 845 5349 “VI,
894 5323 967 5337 ιν.

496 5433 571 5503 (α)
614 5432 709 5489 Or.
742 5435 831 5505 39,
864 5452 923 5489 n.
958 5436 1008 5491 1.

2262 5436 2331 5505 (g)
2373 5434 2470 5489 0r.
2505 5434 2556 5503 4,
2591 5449 2648 5487 n.
2680 5433 2770 5487 23.

496 5451 571 5503 (α)
614 5451 709 5489 ur.
742 5451 831 5505 σθ,
864 5452 923 5489 n.
958 5451 1008 5491 1.

496 5506 577 5586 gb)
616 5506 782 5586 lbid._,
812 5507 1018 5586 ξιιμ).Δ
1080 5579 1127 5586 __
1286 5580 1415 5586 HM

2262 5451 2331 5560 (Ξ)
2373 5451 2470 5489 ur.
2505 5451 2556 5503 ιι,
2591 5451 2648 5487 n.
2681 5451 2771 5487 κδ.

1286 5580 1415 5586 .--ρ
2378 5505 2476 5586 9r.
2512 5507 2598 5570 19,
2637 5522 2695 5586 ῃ.
2736 5504 2843 5586 13..

609 5570 779 5661 ξεῖ)αά
812 5577 962 5661 Bill.,
1003 5582 1047 5634 t.
1079 5579 1152 5661 _II,
1184 5595 1238 5650 p.
1276 5580 1471 5661 1037."
1513 5649 1548 5661 Π
1720 5650 1791 5661 Α-
2263 5578 2329 5661 (il
2373 5577 2566 5661 Carm;
2597 5575 2960 5661 adv.”episc.,
2990 5575 3139 5647 apud
3171 5570 3342 5638 Toll.,
3378 5588 3434 5642 p.
3465 5571 3553 5625 25.

521 5648 576 5717 ἀ)
617 5648 808 5723 Carm.
841 5650 970 5723 adv.
1002 5648 1205 5721 episc.,
1238 5652 1393 5723 apud
1427 5649 1599 5719 Toll.,
1632 5668 1689 5722 p.
1720 5650 1810 5702 27.
2262 5648 2335 5723 (j)
2376 5652 2467 5702 Or.
2498 5649 2588 5723 3'3,
2623 5648 2805 5723 n.g18.

500 5722 567 5787 (ε)
608 5724 702 5776 Or.
734 5722 788 5790 2,
826 5738 884 5775 n.
917 5722 971 5775 3.
1039 5719 1054 5721 _
1277 5719 1293 5723 ⁷
1633 5719 1649 5722 ’
2264 5719 2333 5792 (Ir)
2371 5723 2466 5776 Or.
2500 5721 2553 5789 9,
2586 5737 2646 5775 n.
2685 5720 2738 5775 1.

503 5792 576 5861 (f)
615 5797 711 5847 ()r.
747 5793 831 5861 10,
866 5809 923 5847 n.
955 5793 1005 5847 4.
