4080 6420
274 460 358 520 121
1342 468 1764 530 ΡΗΑΞΡΑΤΙΟ
1812 469 1885 528 Gl

2151 469 2367 528 QlS.—
2402 468 2603 529 PARS
2649 467 2756 528 IlI.
3646 459 3762 518 122

860 607 1054 657 Πᾶσαν
1092 599 1286 676 δέουσα
1313 605 1392 673 τῷ
1423 600 1680 676 σωτηρζῳ
1711 599 1884 675 λόγῳ,

865 677 1067 750 limem;
1101 671 1302 750 δίξαιον
1333 671 1430 750 τὴν
1473 671 1737 750 πρόεδρον
1763 671 1872 727 τῶν
1907 673 2051 750 δλων

864 745 1046 817 Ὀλην
1082 741 1337 799 σέϐουσαν
1368 741 1467 814 ’ἑὴν
1505 741 2006 823 Θεοῦ’συμφωνίάν.

873 872 951 943 (a)
985 873 1146 938 Quod
1179 876 1401 942 spectat
1431 872 1500 927 ad
1537 870 1768 930 illarum
1807 872 1981 926 ﬁdem
2005 887 2025 943 ;7
2053 875 2220 926 vetus
2255 871 2491 941 quidem
2526 871 2748 938 (Roma)
2774 869 3130 940 jamdudum

875 942 1060 1012 Atque
1093 943 1264 998 etiam
1299 960 1451 998 nunc
1481 948 1629 997 recte
1663 944 1862 998 currit.
1901 942 2271 997 Occidentem

871 1015 1085 1068 Totum
1118 1015 1450 1070 devinciens
1481 1013 1723 1069 salutari
1764 1014 2046 1079 doctrina,

872 1087 1380 1150 Quemadmodum
1413 1103 1520 1158 par
1549 1091 1657 1151 est,
1692 1092 1755 1140 ut
1781 1103 1912 1157 quae
1947 1086 2234 1140 universis
2268 1084 2558 1156 prmsidet,

868 1158 1074 1213 Totam
1110 1159 1260 1215 colat
1289 1158 1389 1214 Dei
1423 1158 1815 1216 concordiam.

1582 1282 1670 1343 De
1708 1293 2076 1344 sacramento
2119 1282 2511 1343 matrimonii.

357 1395 638 1454 Bonum
733 1414 878 1456 esse
959 1398 1467 1470 matrimonium,
1546 1400 1651 1458 sed
1731 1403 1942 1458 tamen
2003 1397 2346 1476 virginitati
2427 1395 2934 1476 posthabendum
2993 1398 3202 1453 censet
3260 1392 3591 1470 Gregorius
3653 1392 3757 1473 (ὸ).

313 1515 340 1548 α
374 1493 643 1552 Bonum
717 1502 819 1555 est
879 1496 1372 1567 matrimonium,
1426 1497 1683 1575 inquit;
1746 1499 1852 1556 sed
1910 1498 2078 1575 quod
2137 1495 2495 1574 virginitate
2555 1493 2956 1573 praestantius
3013 1494 3111 1564 sit,
3165 1491 3369 1550 dicere
3427 1510 3554 1550 non
3613 1509 3764 1568 pos-

314 1608 470 1650 sum.
525 1595 772 1671 Neque
833 1594 998 1654 enim
1059 1613 1352 1672 magnum
1415 1595 1654 1673 aliquid
1714 1603 1874 1656 esset
1923 1597 2268 1673 virginitas,
2326 1594 2442 1653 nisi
2501 1613 2562 1653 re
2619 1593 2833 1669 aliqua
2891 1592 3056 1651 bona
3110 1590 3332 1650 melior
3379 1595 3439 1648 et
3495 1590 3762 1666 przecla-

316 1691 439 1748 rior
500 1697 700 1750 esset.
769 1691 974 1752 Nolite
1031 1692 1150 1752 hoc
1207 1694 1468 1753 moleste
1527 1695 1706 1767 ferre,
1767 1713 1907 1773 quae
1969 1693 2355 1753 matrimonii
2404 1692 2559 1771 jugo
2619 1691 2918 1770 subjectae
2977 1689 3122 1749 estis
3175 1707 3187 1747 :
3257 1712 3284 1743 «
3339 1687 3584 1748 Obedz're
3639 1687 3764 1748 Deo

321 1799 556 1869 Oportet
617 1791 822 1868 magis
875 1809 1052 1870 quam
1111 1791 1436 1851 hominibus
1466 1790 1529 1845 ⁴⁸.
1580 1815 1608 1847 ››
1677 1795 1983 1853 Caeterum
2049 1793 2254 1856 facite.
2318 1798 2386 1850 ut
2442 1791 2605 1850 inter
2664 1809 2773 1850 vos
2832 1789 3011 1868 quasi
3067 1786 3318 1847 vinculo
3373 1786 3766 1865 constringa-

327 1887 509 1959 mini,
573 1894 639 1946 et
698 1887 972 1965 virgines
1029 1895 1090 1948 et
1146 1908 1392 1965 uxores,
1455 1897 1644 1968 atque
1704 1910 1897 1950 unum
1962 1891 2096 1950 sitis
2152 1891 2214 1949 in
2275 1889 2565 1960 Domino,
2623 1894 3038 1965 mutuumque
3088 1885 3228 1945 aliae
3276 1885 3543 1944 aliarum
3576 1903 3764 1944 orna—

337 1991 650 2044 mentum.
706 1987 844 2044 Non
902 1992 1064 2045 esset
1121 1988 1366 2060 caelebs,
1402 1988 1517 2047 nisi
1579 1988 2050 2048 matrimonium
2111 1994 2290 2048 esset.
2342 1987 2517 2048 Unde
2578 1986 2740 2046 enim
2801 1987 2861 2044 in
2922 1985 3084 2044 hanc
3138 1984 3332 2043 vitam
3392 1983 3569 2061 virgo
3628 2001 3767 2061 pro-

335 2082 610 2142 diisset?
668 2085 793 2142 Nec
848 2090 1007 2142 esset
1067 2083 1479 2144 honoriﬁcum
1542 2092 1602 2145 et
1660 2086 2088 2144 venerandum
2148 2086 2646 2156 matrimonium,
2701 2083 2818 2143 nisi
2879 2082 3181 2160 virginem
3245 2081 3573 2160 proferret,
3626 2086 3760 2140 tum

334 2182 489 2251 Deo,
555 2187 690 2239 tum
753 2181 915 2240 vitm.
966 2205 994 2235 π

413 2279 742 2338 Secundas
803 2280 1050 2358 nuptias
1107 2299 1232 2339 non
1293 2281 1541 2342 videtur
1598 2283 1887 2361 probare.
1950 2283 2070 2343 «Si
2129 2283 2293 2344 enim
2355 2284 2479 2342 duo
2537 2281 2766 2342 Christi
2822 2289 2985 2352 sunt,
3050 2279 3255 2357 inquit
3287 2279 3382 2356 (ρ),
3436 2278 3563 2337 duo
3607 2296 3764 2355 quo-

332 2395 465 2453 que
517 2378 635 2436 viri
683 2378 828 2449 sint,
865 2385 924 2438 et
972 2379 1114 2438 duae
1165 2398 1412 2440 uxores.
1447 2381 1510 2441 Si
1559 2387 1769 2440 autem
1819 2401 1980 2440 unus
2029 2380 2332 2454 Christus,
2368 2399 2558 2440 unum
2608 2380 2898 2440 Ecclesiae
2949 2385 3160 2457 caput,
3195 2396 3321 2436 una
3369 2376 3556 2437 etiam
3617 2394 3764 2436 caro

338 2475 451 2544 sit,
507 2476 775 2536 secunda
822 2483 1031 2538 autem
1083 2485 1439 2556 respuatur.
1491 2479 1668 2550 Quod
1727 2479 1778 2540 si
1834 2481 2172 2540 secundam
2225 2479 2581 2558 prohibeat,
2634 2479 2709 2538 de
2769 2479 2953 2538 tertia
3010 2477 3160 2554 quid
3221 2475 3554 2536 dicendum
3617 2475 3765 2534 est?

342 2573 627 2632 Primum
681 2575 781 2636 lex
841 2581 961 2649 est,
1025 2577 1367 2638 secundum
1431 2578 1610 2638 venia
1666 2585 1727 2639 et
1783 2578 2212 2655 indulgentia,
2274 2577 2527 2638 tertium
2585 2576 2906 2654 iniquitas.
2970 2576 3085 2646 Qui
3145 2579 3356 2636 autem
3419 2573 3586 2634 hunc
3643 2591 3765 2631 nu-

327 2689 585 2731 merum
643 2673 906 2747 excedit,
971 2675 1266 2751 porcinus
1323 2675 1509 2752 plane
1567 2681 1678 2748 est,
1743 2682 1960 2754 utpote
2018 2695 2092 2734 ne
2159 2676 2354 2735 multa
2411 2675 2664 2753 quidem
2723 2674 2856 2733 vitii
2913 2672 3204 2749 exempla
3259 2670 3523 2731 habens.
3577 2693 3608 2725 »
3672 2671 3764 2733 Ex

321 2768 435 2828 his
498 2770 702 2831 verbis
752 2772 947 2831 critici
1000 2773 1285 2832 nonnulli
1346 2774 1552 2833 minus
1600 2780 1766 2834 recte
1815 2774 2253 2836 existimarunt
2300 2774 2668 2851 Gregorium
2719 2773 3053 2834 damnasse
3097 2770 3403 2831 secundas
3457 2769 3763 2846 nuptias:

318 2869 437 2927 sed
505 2868 844 2944 immerito,
901 2871 946 2929 si
1004 2871 1253 2948 quidem
1308 2875 1617 2932 Novatum
1667 2873 1754 2931 ita
1807 2873 2177 2934 sentientem
2229 2873 2561 2950 impugnat
2606 2879 2669 2932 et
2715 2871 2939 2930 refellit
2972 2869 3083 2949 (d).
3142 2875 3382 2929 «Anne
3425 2867 3766 2945 juvenibus

322 2965 593 3043 quidem
653 2967 872 3040 viduis,
938 2976 1196 3047 propter
1254 2970 1455 3030 aetatis
1513 2971 1849 3043 lubricum,
1916 2972 2175 3031 ineundi
2233 2971 2617 3031 matrimonii
2677 2975 3049 3048 potestatem
3112 2967 3320 3026 facis?
3397 2968 3475 3046 At
3535 2965 3765 3025 Paulus

327 3062 451 3121 hoc
515 3063 721 3123 facere
780 3065 1034 3126 minime
1093 3066 1403 3126 dubitavit
1433 3068 1575 3127 ⁴⁹....
1636 3067 1703 3146 (ε)
1760 3073 1839 3129 At
1899 3069 2034 3128 haec
2094 3069 2350 3130 minime
2407 3076 2550 3147 post
2605 3068 3014 3146 baptismum,
3073 3065 3307 3144 inquis.
3370 3064 3504 3135 Quo
3566 3083 3761 3140 argu-

323 3169 551 3221 mento
604 3162 667 3221 id
714 3165 1104 3225 conﬁrmas?
1158 3167 1280 3226 Aut
1336 3184 1464 3226 rem
1513 3167 1602 3226 ita
1652 3185 1716 3226 se
1777 3167 2007 3227 habere
2054 3167 2273 3245 proba,
2330 3174 2438 3228 aut
2494 3168 2544 3228 si
2601 3168 2663 3231 id
2723 3167 2968 3245 nequis,
3019 3184 3097 3226 ne
3146 3164 3548 3226 condemnes.
3583 3161 3764 3233 Quod

315 3260 372 3319 si
441 3278 548 3319 res
605 3260 796 3320 dubia
853 3267 964 3332 est,
1027 3263 1234 3323 vincat
1291 3263 1652 3325 humanitas
1711 3271 1774 3325 et
1832 3266 2116 3326 facilitas.
2162 3290 2190 3322 ››

409 3358 808 3435 Impudicam
866 3359 1116 3437 quidem
1176 3361 1499 3422 mulierem
1567 3362 2006 3441 expellendam
2065 3372 2278 3423 censet
2337 3364 2673 3442 Gregorius
2730 3363 2852 3443 (/),
2931 3381 3072 3422 cum
3153 3362 3217 3424 id
3277 3360 3560 3422 Christus
3618 3377 3761 3436 per-

319 3454 628 3524 miserit;
707 3456 961 3534 reliquis
1027 3464 1236 3520 autem
1295 3460 1588 3521 omnibus
1641 3462 1704 3519 in
1764 3461 1949 3521 rebus
2008 3462 2201 3522 animi
2259 3463 2555 3539 aequitate
2611 3470 2674 3523 et
2735 3461 3035 3540 patientia
3096 3461 3183 3522 uti
3232 3459 3439 3537 jubet.
3497 3458 3560 3518 Si
3619 3457 3764 3516 fuco

306 3552 528 3612 illitos
588 3557 652 3611 et
707 3572 955 3614 cerussa
1005 3556 1246 3616 colores
1300 3564 1363 3618 et
1418 3558 1744 3636 pigmenta
1805 3560 2191 3637 perspexerit
2247 3561 2361 3634 vir,
2423 3560 2544 3620 hoc
2600 3567 2828 3620 ornatu
2887 3559 3216 3619 mulierem
3278 3557 3527 3634 spoliet,
3589 3561 3766 3615 cate‘

310 3668 533 3727 raque
595 3650 923 3711 inhonesta
979 3660 1266 3714 coerceat
1324 3662 1385 3714 et
1439 3655 1762 3733 reprimat.

402 3747 718 3808 Adulterii
779 3767 966 3809 causa
1015 3769 1273 3810 uxorem
1329 3752 1643 3812 dimittere
1705 3753 1835 3812 viro
1898 3754 2327 3831 permittitur;
2391 3755 2638 3815 mulieri
2695 3761 2903 3815 autem
2969 3753 3171 3813 virum
3225 3750 3583 3813 dimittendi
3633 3769 3759 3809 non

315 3845 556 3903 eadem
615 3845 799 3906 datur
855 3848 1169 3908 facultas:
1226 3849 1387 3909 hanc
1444 3850 1645 3928 legem
1708 3870 1829 3911 non
1893 3851 2118 3927 probat
2177 3854 2533 3930 Gregorius,
2597 3871 2864 3930 eamque
2923 3853 3312 3930 impugnat:
3378 3849 3534 3921 Quid
3594 3848 3761 3907 enim

319 3959 540 4002 causa
600 3945 748 4014 fuit,
811 3947 1016 4024 inquit
1074 3946 1198 4026 (g),
1279 3967 1390 4008 cur
1449 3949 1771 4008 mulierem
1832 3957 2221 4023 coercerent,
2287 3953 2513 4010 marito
2572 3958 2795 4012 contra
2853 3951 3252 4028 indulgerent
3295 3950 3426 4009 ?....
3485 3949 3562 4008 Et
3622 3966 3761 4006 mu-

322 4039 454 4097 lier
515 4042 803 4117 quidem,
879 4063 1019 4120 quae
1079 4045 1435 4121 improbum
1495 4046 1822 4108 consilium
1880 4049 2179 4108 adversus
2237 4048 2351 4108 viri
2411 4050 2505 4108 sui
2564 4050 2769 4110 cubile
2829 4050 3213 4128 susceperit,
3277 4046 3570 4108 adulterii
3623 4045 3761 4123 pia-

331 4139 488 4197 culo
541 4142 1020 4218 constringatur,
1082 4143 1626 4222 acerbissimisque
1688 4145 1892 4221 legum
1958 4147 2159 4224 poenis
2215 4149 2658 4220 excrucietur;
2743 4149 2832 4210 vir
2891 4156 3102 4209 autem
3164 4147 3271 4224 qui
3333 4146 3519 4206 fidem
3581 4144 3762 4204 uxori

321 4235 552 4295 datam
614 4256 722 4315 per
776 4240 1156 4300 adulterium
1209 4241 1556 4312 violaverit,
1612 4244 1767 4302 nulli
1828 4245 2137 4323 supplicio
2192 4246 2502 4307 obnoxius
2560 4248 2694 4307 sit?
2773 4250 2945 4307 Hanc
3001 4246 3198 4324 legem
3261 4245 3758 4322 haudquaquam

319 4335 640 4411 probo....
691 4336 817 4397 Viri
874 4345 1072 4410 erant,
1123 4338 1230 4416 qui
1287 4339 1451 4400 hanc
1499 4340 1700 4416 legem
1764 4348 2130 4415 sanxerunt,
2183 4361 2255 4405 ac
2315 4350 2649 4422 propterea
2697 4346 2996 4406 adversus
3057 4344 3347 4403 mulieres
3396 4342 3524 4402 lata
3575 4347 3689 4400 est.
3731 4366 3756 4395 ››

406 4432 760 4512 Episcopos
810 4437 1162 4515 praecipuos
1215 4438 1601 4498 matrimonii
1653 4440 1842 4500 fuisse
1899 4442 2237 4514 ministros,
2293 4443 2646 4520 saepiusque
2696 4443 3053 4502 interfuisse
3104 4442 3252 4500 dum
3304 4440 3756 4511 celebraretur,

322 4532 738 4609 sequentibus
793 4534 1156 4596 conﬁrmari
1217 4543 1440 4614 potest.
1495 4537 1646 4596 Cum
1709 4539 2006 4616 Gregorio
2067 4558 2192 4600 non
2257 4540 2474 4602 liceret
2531 4541 2747 4602 adesse
2797 4540 3188 4618 Olympiadis
3236 4538 3495 4616 nuptiis,
3545 4536 3763 4597 scribit

320 4630 647 4708 Procopio
703 4632 782 4712 (ἡ)
849 4654 861 4696 ;
955 4659 983 4690 ‹‹
1041 4634 1358 4706 Quantum
1416 4635 1492 4694 ad
1557 4636 1943 4697 voluntatem
2002 4638 2271 4710 attinet,
2342 4644 2405 4699 et
2460 4640 2724 4708 adsum,
2806 4644 2868 4699 et
2923 4638 3112 4699 simul
3170 4639 3396 4698 festum
3456 4635 3755 4707 celebro;

313 4727 769 4808 juvenilesque
826 4732 1077 4793 dextras
1134 4733 1296 4793 inter
1353 4751 1418 4793 se
1466 4732 1692 4811 jungo,
1755 4741 1944 4812 atque
2005 4741 2302 4813 utrasque
2361 4738 2468 4800 Dei
2526 4738 2765 4798 manui.
2817 4763 2844 4793 ι)

1600 4867 1692 4928 De
1729 4869 2098 4929 z'nvocatzone
2124 4879 2483 4930 sanctorum.

409 4979 834 5041 Invocationis
890 4991 1291 5055 sanctorum,
1355 4987 1544 5062 atque
1600 4983 1909 5063 imprimis
1965 4984 2168 5045 beatae
2228 4987 2538 5066 Virginis,
2617 4988 2788 5048 testis
2847 4985 3375 5065 locupletissimus
3447 4989 3539 5044 est
3610 4984 3764 5044 Gre-

328 5079 566 5154 gorius,
622 5079 729 5138 ubi
784 5078 920 5139 haec
970 5085 1185 5139 narrat
1235 5080 1306 5161 (τ’)
1360 5081 1437 5140 de
1494 5080 1682 5140 beata
1727 5082 1977 5142 Justina
2025 5090 2325 5163 martyre,
2380 5104 2520 5162 quae
2579 5085 2984 5164 «desperatis
3033 5084 3324 5144 omnibus
3369 5083 3507 5143 aliis
3558 5098 3760 5141 reme-

331 5175 446 5234 diis
505 5175 581 5235 ad
643 5179 840 5237 Deum
903 5178 1202 5255 confugit,
1259 5183 1448 5255 atque
1505 5177 1805 5237 adversus
1863 5177 2298 5241 detestabilem
2350 5200 2629 5242 amorem
2687 5202 2986 5264 sponsum
3045 5201 3225 5241 suum
3289 5187 3624 5260 patronum
3685 5195 3759 5237 ac

330 5272 722 5336 defensorem
802 5275 1166 5335 assumit....
1231 5275 1650 5336 Christum...
1733 5276 2180 5356 Virginemque
2237 5281 2498 5341 Mariam
2559 5283 2825 5361 supplex
2883 5282 3259 5352 obsecrans,
3350 5286 3420 5339 ut
3500 5278 3748 5360 pericli-

391 5400 429 5433 “
455 5404 579 5458 Act.
615 5418 673 5470 v,
709 5401 802 5455 29.
884 5401 931 5433 ⁴⁹
961 5402 978 5454 Ι
1013 5400 1163 5455 Tim.
1195 5417 1252 5467 v,
1289 5401 1371 5456 14.

380 5527 445 5588 (ἀ)
487 5525 685 5578 Carm.
723 5521 808 5574 De
840 5519 955 5592 vita
983 5535 1113 5587 sua,
1146 5535 1200 5573 v.
1234 5519 1332 5573 571
1369 5523 1425 5574 et
1459 5534 1623 5589 seqq.

1065 5535 1113 5587 π,
1146 5535 1200 5573 v.
1234 5519 1332 5573 571
1369 5523 1425 5574 et
1459 5534 1623 5589 seqq.
2165 5521 2238 5592 (Ῑ)
2282 5522 2377 5576 0r.
2410 5523 2499 5589 37,
2537 5540 2593 5578 n.
2623 5525 2676 5578 8.

389 5598 439 5670 ὑ)
477 5596 572 5654 0r.
610 5597 708 5664 37,
745 5591 942 5670 11:10-

2164 5591 2249 5670 (ρ),
2285 5594 2453 5670 l_bid.,
2493 5612 2558 5670 n._
2582 5596 2635 5670 e_.

389 5598 439 5670 ὑ)
477 5597 572 5654 0r.
610 5597 708 5664 37,
745 5611 812 5647 n.
851 5597 942 5645 10.

356 5597 420 5744 ἔα)
461 5671 753 5744 [Μάλα.
793 5665 912 5744 8.“

2164 5597 2237 5663 (g)
2285 5597 2453 5658 Ibid.,
2493 5612 2549 5649 ιι.
2582 5597 2636 5649 6.

2164 5665 2251 5744 W
2283 5665 2475 5744 Ερίὲις
2510 5665 2582 5721 ⁸1-
2616 5667 2705 5744 5?-

344 5733 412 5818 (‘di
454 5747 551 5804 Or.
591 5733 693 5818 39,
733 5755 801 5794 n.
842 5733 939 5790 18.

2163 5733 2233 5808 (ι)
2277 5733 2370 5790 op:
2402 5739 2493 5807 21.,
2528 5755 2582 5796 n.
2621 5739 2706 5812 ιο,
2742 5740 2827 5794 11.

199 6345 212 6352 ε
299 6325 454 6352 ατί-ιφ.
479 6351 486 6356 ,
555 6329 590 6356 συί

149 6373 186 6390 ³-
209 6371 228 6378 .-
487 6355 512 6368 .'
539 6361 648 6392 -__P.~.-__
