4080 6416
395 451 506 510 123
1389 451 1807 512 ΡΒᾸΞΡΑΤΙΟ
1853 452 2006 512 GEN

2206 452 2326 512 .IS.
2348 487 2422 496 —
2453 454 2652 513 PARS
2695 453 2808 516 “III.
3698 465 3817 522 124

389 584 547 642 tanti
605 582 829 660 virgini
889 585 1209 663 suppetias
1267 587 1473 657 ferret,
1530 584 1754 664 jejunii
1813 591 1874 644 et
1930 584 2322 645 chameuniae
2379 586 2722 664 pharmaco
2782 608 2915 651 sese
2974 593 3376 667 communit;
3452 595 3682 673 partim
3752 602 3823 656 ut

391 682 607 740 formae
670 687 1063 743 venustatem
1125 690 1428 762 tanquam
1488 684 1849 743 insidiosam
1909 682 2315 755 obscuraret,
2377 685 2589 764 sicque
2649 688 2915 749 flamma:
2978 691 3304 750 materiam
3372 693 3819 765 subtraheret,

392 797 465 838 ac
525 779 800 838 libidinis
850 781 1127 841 fomitem
1178 783 1572 855 absumeret;
1629 782 1855 860 partim
1918 788 1986 840 ut.
2043 799 2153 859 per
2211 783 2392 842 fidem
2445 792 2508 843 et
2567 785 2982 847 humilitatem
3047 791 3384 867 propitium
3445 791 3564 850 sibi
3613 794 3815 850 Deum

399 883 460 936 et
518 877 901 935 exorabilem
961 881 1270 940 redderet.
1321 883 1532 957 Neque
1589 880 1752 939 enim
1819 883 1980 938 Deus
2040 879 2169 938 ulla
2230 899 2295 939 re
2326 881 2618 959 perinde,
2653 890 2845 961 atque
2908 887 3268 946 voluntaria
3314 889 3595 966 corporis
3652 889 3821 947 afﬂi-

392 971 690 1041 ctatione,
751 973 1158 1047 conciliatur,
1220 975 1640 1052 lacrymisque
1700 974 2131 1034 misericordia
2189 976 2460 1035 vicissim
2522 979 2778 1056 rependi
2836 980 3015 1040 solet.
3077 1003 3102 1035 η
3188 981 3457 1041 Dubium
3519 984 3820 1060 Gregorio

402 1087 526 1128 non
583 1076 717 1128 erat
765 1070 914 1148 quin
965 1073 1195 1132 sanctis
1242 1074 1303 1132 in
1355 1073 1513 1133 caelo
1566 1079 1715 1132 nota
1761 1079 1968 1132 essent
2024 1078 2084 1132 et
2139 1080 2286 1133 vota
2336 1081 2568 1146 nostra,
2621 1083 2683 1135 et
2730 1077 3002 1154 plurima
3052 1097 3192 1156 quae
3245 1079 3344 1139 hic
3392 1080 3678 1156 agimus;
3732 1081 3821 1140 sic

400 1168 566 1227 enim
616 1167 690 1226 de
739 1168 1082 1230 Athanasio
1129 1170 1260 1248 jam
1315 1171 1442 1230 vita
1499 1172 1712 1230 functo
1773 1170 2052 1248 loquitur
2100 1169 2233 1249 (a):
2293 1175 2479 1232 «Nos
2531 1179 2740 1233 autem
2794 1175 3032 1234 utinam
3083 1177 3215 1255 ipse
3267 1178 3572 1255 benignus
3632 1179 3820 1238 desu-

401 1283 513 1342 per
559 1272 620 1323 et
672 1265 957 1342 placidus
1013 1269 1304 1347 aspicias,
1365 1275 1552 1347 atque
1612 1269 1779 1328 hunc
1841 1268 2141 1346 populum
2199 1271 2530 1348 gubernes,
2585 1274 2930 1349 perfectum
2983 1276 3271 1352 perfectas
3302 1275 3642 1348 Trinitatis,
3679 1296 3821 1353 quae

398 1363 461 1422 in
494 1366 677 1422 Patre
728 1370 789 1421 et
838 1365 995 1426 Filio
1045 1373 1106 1426 et
1157 1366 1393 1445 Spiritu
1425 1373 1642 1426 sancto
1690 1366 2064 1443 intelligitur
2124 1374 2185 1427 et
2239 1368 2488 1444 colitur,
2542 1370 2991 1445 adoratorem;
3053 1391 3297 1450 meque,
3353 1374 3665 1452 siquidem
3724 1393 3822 1433 res

391 1467 632 1540 pacatae
690 1462 917 1522 futura:
977 1465 1122 1536 sint,
1180 1465 1244 1524 in
1302 1465 1431 1524 vita
1487 1471 1726 1537 teneas,
1784 1483 2168 1543 gregemque
2229 1485 2471 1527 mecum
2531 1487 2807 1546 pascas:
2874 1470 2968 1528 sin
3027 1477 3236 1530 autem
3303 1471 3578 1532 Ecclesia
3640 1472 3822 1531 bellis

390 1565 738 1642 ﬂagratura
795 1571 910 1632 est,
963 1563 1249 1638 reducas,
1302 1569 1412 1622 aut
1468 1581 1772 1630 assumas,
1827 1569 2160 1640 tecumque
2217 1569 2279 1623 et
2326 1582 2466 1623 cum
2529 1567 2620 1624 tui
2679 1567 2986 1626 similibus
3035 1567 3327 1642 colloces,
3386 1569 3632 1629 tametsi
3695 1588 3821 1629 ma-

393 1682 584 1741 gnum
645 1663 724 1721 sit
779 1662 948 1739 quod
1009 1661 1278 1740 postulo.
1342 1685 1369 1714 ι
1460 1663 1593 1720 Non
1653 1667 1897 1720 tantum
1957 1660 2413 1734 Athanasium,
2476 1665 2581 1723 sed
2645 1671 2706 1723 et
2763 1665 3060 1724 Basilium
3118 1666 3374 1726 invocat
3432 1675 3493 1726 et
3550 1668 3818 1744 Cypria-

396 1778 545 1820 num
595 1760 676 1838 (ὁ)
735 1779 748 1831 ;
811 1758 1132 1836 sanctique
1189 1757 1482 1836 martyris
1539 1757 1850 1817 cineribus
1915 1757 2164 1817 morbos
2222 1765 2284 1816 et
2339 1759 2659 1819 daemones
2717 1761 2946 1840 depelli
3003 1763 3219 1822 scribit
3278 1764 3375 1842 (c).
3441 1766 3817 1823 Sanctorum

397 1858 805 1935 reliquiarum
865 1856 1124 1927 cultum,
1187 1855 1671 1928 invocationem,
1708 1855 2240 1928 intercessionem,
2277 1863 2404 1915 tam
2463 1876 2628 1936 saepe
2688 1866 2942 1938 tamque
3001 1868 3217 1938 aperte
3276 1861 3605 1939 proﬁtetur
3663 1864 3822 1922 Gre-

394 1957 629 2035 gorius,
686 1961 752 2014 ut
803 1956 864 2013 id
925 1972 1155 2032 negare
1211 1972 1353 2014 cum
1414 1953 1690 2014 haeretici
1748 1971 1870 2012 non
1922 1953 2182 2031 possint,
2235 1954 2402 2032 piam
2464 1955 2627 2015 hanc
2675 1957 3194 2017 consuetudinem
3249 1976 3478 2018 caecam
3529 1959 3590 2017 in
3639 1959 3822 2018 divos

389 2053 898 2132 superstitionem
955 2052 1277 2130 appellare
1335 2052 1469 2112 ausi
1529 2052 1674 2110 sint.
1737 2054 1830 2111 Ita
1887 2051 2321 2130 Dalleeus(d):
2382 2077 2410 2106 ‹‹
2445 2053 2623 2113 Caeca
2670 2055 2731 2113 in
2792 2055 2970 2114 divos
3022 2056 3402 2133 superstitio,
3457 2075 3648 2134 quam
3714 2056 3822 2115 hic

388 2152 521 2231 ipse
578 2152 912 2230 Gregorius
969 2169 1095 2210 non
1150 2169 1374 2229 parum
1434 2149 1822 2228 promovisse
1878 2150 2007 2210 suis
2065 2155 2125 2210 et
2182 2150 2385 2211 verbis
2440 2157 2501 2212 et
2559 2152 2864 2232 exemplis
2925 2153 3190 2213 videtur.
3257 2177 3285 2209 »

1924 2335 2015 2396 De
2041 2337 2268 2416 gratia.

467 2494 665 2564 Quam
699 2491 936 2569 optime
967 2489 1317 2568 Augustino
1358 2496 1420 2549 et
1462 2489 1690 2550 Latinis
1723 2489 1916 2548 Graeci
1952 2491 2164 2549 Patres
2201 2490 2264 2549 in
2309 2509 2499 2550 causa
2530 2493 2748 2569 gratiae
2780 2492 3148 2565 assentiant,
3183 2493 3333 2552 satis
3363 2493 3812 2553 conﬁrmatum

385 2598 498 2663 est,
553 2591 823 2649 maxime
876 2608 913 2648 a
961 2587 1324 2648 doctissimo
1376 2587 1673 2647 Meldensi
1721 2588 2057 2666 episcopo;
2111 2594 2171 2647 et
2229 2589 2326 2646 vel
2375 2608 2536 2648 unus
2586 2591 2940 2666 Gregorius,
3000 2591 3062 2648 in
3113 2596 3286 2650 tanto
3336 2591 3503 2668 apud
3561 2593 3816 2649 Graecos

386 2689 639 2749 habitus
688 2688 950 2759 honore,
1005 2686 1125 2746 hoc
1183 2705 1296 2745 suo
1356 2685 1654 2763 suffragio
1704 2686 2038 2744 evinceret.
2102 2685 2293 2744 Plura
2345 2686 2474 2763 jam
2537 2687 2615 2746 ab
2675 2687 3025 2764 Augustino
3085 2688 3382 2747 adversus
3440 2688 3811 2765 Pelagianos

387 2787 587 2846 nostri
615 2785 921 2861 Theologi
953 2783 1311 2843 testimonia
1347 2783 1594 2862 prolata
1633 2789 1798 2855 sunt,
1836 2782 2128 2861 quaedam
2173 2801 2249 2842 ex
2294 2784 2633 2862 deperditis
2665 2784 2859 2855 libris,
2904 2791 2965 2843 et
3009 2786 3258 2862 singula
3299 2792 3422 2844 tam
3458 2785 3809 2863 perspicua,

390 2891 520 2944 tam
571 2883 647 2942 ad
701 2882 1190 2942 controversiam
1225 2881 1683 2958 expediendam
1725 2887 1897 2959 apta,
1935 2889 2003 2940 ut
2047 2882 2434 2958 Augustinus
2480 2883 2614 2961 ipse
2661 2883 2724 2941 in
2777 2883 3074 2961 Gregorio
3125 2883 3319 2960 loqui,
3371 2890 3432 2942 et
3481 2883 3823 2959 Gregorius

398 2981 768 3058 Pelagianos
821 2987 912 3039 tot
959 2985 1103 3039 ante
1151 2997 1349 3038 annos
1397 2980 1722 3039 confutare
1771 2979 2040 3038 voluisse
2089 2979 2470 3040 crederetur.
2523 2982 2666 3040 Haec
2715 2981 2932 3041 lectori
2990 2999 3136 3041 mox
3183 2981 3584 3052 constabunt,
3637 2980 3690 3039 si
3736 2980 3827 3040 ad

393 3079 697 3140 doctrinas
727 3079 934 3157 capita
979 3097 1121 3156 quae
1168 3077 1548 3137 exhibentur
1592 3076 1912 3156 paulisper
1941 3076 2150 3137 animo
2181 3077 2490 3137 attendat.

475 3177 638 3236 Nihil
702 3196 851 3236 sane
912 3177 1112 3254 magis
1167 3175 1386 3236 auxilii
1457 3175 1652 3235 divini
1710 3175 2143 3236 necessitatem
2204 3177 2455 3253 arguit,
2518 3195 2707 3255 quam
2768 3177 3144 3254 ignorantia:
3203 3177 3586 3256 quotidianae
3646 3176 3827 3235 difﬁ-

393 3276 696 3341 cultates.
758 3282 817 3335 et
874 3274 1177 3348 libidinis,
1240 3274 1340 3335 vel
1397 3275 1460 3333 in
1519 3274 1670 3353 ipsis
1729 3273 2114 3351 justificatis,
2179 3274 2548 3334 miserandae
2609 3277 3095 3347 commotiones,
3157 3293 3314 3353 quas
3369 3275 3706 3350 Gregorius
3767 3281 3836 3334 et

391 3374 601 3453 palam
664 3374 984 3432 confessus
1042 3379 1156 3443 est,
1218 3378 1278 3432 et
1335 3390 1549 3431 amare
1607 3371 1937 3449 ingemuit.
2005 3395 2035 3426 «
2075 3371 2315 3432 Invidia
2374 3371 2630 3445 diaboli,
2695 3373 2900 3450 inquit
2953 3373 3050 3452 (e),
3110 3374 3462 3451 persecutio
3521 3372 3836 3432 adversus

389 3472 498 3532 Dei
560 3471 929 3549 ﬁgmentum
988 3469 1260 3530 excitata
1317 3477 1456 3531 est:
1511 3469 1742 3529 idcirco
1789 3469 1900 3529 Dei
1956 3469 2167 3546 imago
2225 3470 2456 3548 probro
2518 3489 2590 3530 ac
2639 3471 2945 3530 dedecore
3001 3471 3250 3541 affecta,
3293 3478 3355 3530 et
3412 3469 3837 3548 quemadmo-

391 3570 542 3629 dum
594 3569 896 3629 mandato
958 3586 1177 3647 parere
1227 3567 1677 3637 recusavimus,
1734 3568 1824 3626 ita
1881 3567 2148 3627 licentiae
2196 3568 2424 3627 erroris
2483 3568 2692 3627 traditi
2753 3587 3056 3627 sumus.»
3123 3568 3359 3627 Bellum
3419 3567 3534 3626 hoc
3575 3566 3835 3625 intesti-

394 3687 587 3739 num,
668 3668 837 3745 quod
914 3685 989 3727 ex
1065 3667 1252 3727 variis
1325 3672 1389 3727 et
1465 3666 1880 3725 militantibus
1955 3665 2218 3724 invicem
2300 3666 2632 3725 contrariis
2693 3666 3011 3726 desideriis
3069 3666 3237 3725 intra
3291 3685 3405 3724 nos
3464 3665 3837 3741 frequenter

395 3766 693 3843 exsurgit,
759 3772 884 3825 tam
949 3765 1172 3825 vividis
1227 3764 1544 3825 coloribus
1600 3763 1906 3842 depinxit,
1972 3769 2095 3823 tam
2157 3781 2417 3822 nervose
2474 3764 2820 3842 expressit,
2895 3771 2964 3823 ut
3025 3765 3448 3841 Augustinus,
3523 3761 3834 3821 adversus

393 3866 766 3941 Pelagianos
818 3865 896 3925 de
943 3865 1064 3925 hac
1119 3884 1185 3924 re
1239 3883 1431 3942 agens
1464 3864 1575 3944 (f),
1629 3863 2000 3940 Gregorium
2051 3867 2270 3922 testem
2322 3862 2623 3922 adhibere
2672 3882 2798 3922 non
2851 3863 3254 3933 dubitaverit,
3289 3861 3467 3940 cujus
3512 3861 3702 3921 verba
3734 3860 3829 3939 (g)

393 3963 482 4023 sic
539 3963 758 4023 Billius
815 3963 1086 4022 reddidit
1150 3982 1162 4022 :
1251 3986 1279 4016 «
1343 3962 1632 4022 Nondum
1695 3961 1772 4020 de
1830 3960 2078 4019 interno
2135 3959 2346 4029 bello,
2424 3965 2613 4037 atque
2693 3961 2756 4018 in
2817 3959 3284 4037 nobismetipsis
3341 3967 3404 4018 et
3458 3959 3519 4017 in
3581 3957 3824 4017 affecti-

390 4060 508 4120 bus
567 4061 707 4132 sito,
759 4060 952 4119 verba
1008 4059 1191 4132 facio,
1251 4078 1376 4137 quo
1431 4064 1615 4118 nocte
1666 4077 1739 4118 ac
1789 4059 1911 4128 die,
1967 4058 2197 4136 partim
2250 4057 2514 4131 occulte,
2573 4058 2801 4135 partim
2854 4064 3091 4135 aperte,
3144 4058 3222 4116 ab
3273 4056 3645 4116 humilitatis
3695 4073 3832 4114 cor-

397 4176 550 4236 pore
598 4157 1008 4229 divexamur;
1070 4165 1130 4217 et
1189 4158 1267 4217 ab
1325 4175 1401 4218 ea
1459 4174 1600 4234 quas
1647 4175 1761 4215 nos
1822 4174 1934 4234 per
1982 4173 2217 4227 sensus,
2282 4163 2471 4232 atque
2503 4157 2627 4216 alia
2659 4156 2848 4235 hujus
2879 4158 3025 4215 vitae
3056 4156 3540 4226 oblectamenta,
3575 4173 3837 4213 sursum

395 4255 818 4332 deorsumque
847 4262 1074 4326 versat,
1119 4253 1490 4332 jactatione,
1543 4260 1733 4331 atque
1793 4271 1828 4311 a
1878 4253 2011 4311 luto
2071 4253 2260 4327 faecis,
2317 4253 2416 4313 cui
2475 4254 2650 4312 inﬁxi
2702 4273 2938 4326 sumus,
2992 4261 3054 4314 et
3108 4273 3145 4313 a
3202 4254 3443 4332 peccati
3503 4253 3637 4330 lege
3693 4253 3832 4330 spi-

395 4353 554 4412 ritus
611 4352 735 4431 legi
794 4360 1210 4432 repugnante,
1273 4352 1638 4429 regiamque
1695 4352 1759 4410 in
1821 4350 2002 4410 nobis
2056 4351 2424 4429 imaginem,
2481 4360 2543 4412 et
2599 4353 2906 4431 quidquid
2957 4353 3182 4412 divinae
3232 4352 3606 4411 deﬂuxionis
3643 4351 3840 4408 nobis

393 4451 745 4530 inspersum
807 4459 940 4523 est,
1018 4468 1421 4528 corrumpere
1479 4455 1768 4509 conante.
1835 4449 1952 4508 Vix
2009 4467 2199 4527 porro
2257 4451 2637 4528 quisquam,
2721 4470 2832 4510 nec
2892 4451 3006 4509 nisi
3070 4451 3363 4509 diuturna
3426 4448 3840 4527 philosoPhia

394 4550 670 4628 seipsum
730 4549 1066 4622 domuerit,
1121 4553 1311 4626 atque
1368 4547 1598 4608 anima:
1656 4546 2051 4607 nobilitatem
2110 4553 2172 4607 et
2226 4548 2576 4608 claritatem
2629 4549 2709 4608 ab
2769 4568 2842 4609 eo
2892 4550 3061 4627 quod
3120 4548 3355 4607 humile
3415 4554 3506 4606 est
3564 4553 3626 4606 et
3679 4565 3834 4606 cum

391 4646 665 4707 tenebris
723 4646 1155 4724 conjunctum,
1207 4644 1514 4723 paulatim
1576 4643 1944 4723 abripuerit.
1999 4645 2094 4704 vel
2142 4647 2338 4704 Deum
2402 4647 2742 4724 propitium
2799 4655 3021 4705 nactus
3081 4648 3182 4715 sit,
3230 4651 3339 4704 aut
3387 4646 3575 4703 etiam
3632 4644 3834 4704 ambo

387 4743 526 4804 haec
584 4742 914 4818 habuerit,
996 4754 1186 4822 atque
1247 4743 1326 4802 ad
1389 4743 1606 4802 oculos
1664 4759 1908 4801 sursum
1969 4741 2300 4818 erigendos
2357 4761 2546 4820 quam
2613 4744 2883 4803 maxime
2941 4761 3074 4802 sese.
3132 4743 3519 4816 exercuerit,
3610 4741 3835 4817 depri-

389 4847 662 4901 mentem
694 4841 1024 4900 materiam
1080 4858 1376 4918 superare
1431 4845 1707 4917 queat.»
1768 4839 1835 4900 Si
1884 4857 2235 4916 congegere
2283 4839 2497 4899 omnia
2553 4859 2692 4916 quae
2753 4847 3006 4900 sanctus
3055 4840 3275 4899 doctor
3334 4839 3408 4898 de
3468 4839 3587 4898 hoc
3638 4857 3840 4915 argu—

390 4945 603 4999 mento
685 4938 977 4998 disseruit
1031 4939 1531 5016 susciperemus,
1621 4937 1912 4996 volumen
1992 4954 2152 5015 pene
2216 4938 2530 5014 integrum
2592 4936 3073 4997 exscribendum
3134 4944 3295 4996 esset
3359 4954 3370 4993 ι
3460 4934 3769 5012 siquidem
3819 4970 3835 4992 ,

391 5038 471 5097 ad
531 5037 789 5097 intimos
851 5037 1098 5116 pietatis
1157 5056 1375 5097 sensus
1429 5035 1723 5095 cordibus
1782 5034 2221 5106 instillandos,
2303 5034 2460 5094 nihil
2520 5037 2725 5114 aptius
2784 5037 2844 5096 in
2908 5035 3199 5095 humanis
3263 5034 3574 5113 judicavit
3631 5051 3836 5112 quam

387 5136 822 5214 frequentem,
885 5154 1028 5213 quae
1087 5155 1200 5196 nos
1231 5135 1511 5211 undique
1571 5139 1908 5210 premunt,
1995 5133 2389 5192 miseriarum
2449 5135 2990 5194 enumerationem
3047 5152 3059 5204 ;
3141 5152 3282 5192 cum
3342 5139 3405 5192 et
3460 5132 3836 5209 superbiam

390 5233 727 5292 retundere
785 5239 846 5292 et
900 5233 978 5292 ad
1041 5233 1462 5292 humilitatem
1523 5231 2001 5308 orationemque
2069 5231 2410 5291 accendere
2490 5238 2616 5290 tam
2696 5231 3030 5292 salubriter
3103 5231 3378 5290 valeant.
3460 5231 3835 5307 Legendum

394 5331 669 5390 maxime
719 5349 973 5391 carmen
1024 5331 1231 5391 ﬂebile
1280 5330 1450 5408 quod
1517 5328 1600 5388 De
1655 5329 1870 5388 animae
1925 5347 2045 5388 suae
2099 5328 2536 5389 calamitatibus
2593 5328 2963 5408 inscriptum
3018 5335 3130 5402 est,
3195 5328 3375 5406 cujus
3426 5329 3559 5388 hac
3615 5346 3828 5405 pauca

389 5444 782 5506 promamus.

467 5569 541 5708 ﬂ
579 5566 676 5623 Or.
707 5569 799 5636 21,
829 5585 888 5624 n;
921 5568 1012 5622 37.
2235 5567 2304 5638 (ε)
2343 5566 2441 5650 0r.
2474 5570 2566 5636 39,
2601 5585 2658 5624 n.
2690 5570 2744 5622 7.

489 5641 517 5694 b
581 5639 678 5695 Or.
709 5640 799 5708 43,
830 5656 890 5693 n.
922 5639 1013 5695 81.
2235 5641 2300 5708 (Ῑ)
2343 5639 2466 5696 ιιι).
2501 5658 2543 5694 ιι
2570 5645 2715 5696 cont.

489 5638 541 5710 b)
581 5639 678 5695 Or.
709 5640 799 5710 43,
830 5656 890 5693 n.
922 5639 1013 5695 81.
1151 5709 1160 5710 7

2235 5641 2300 5710 (Ῑ)
2343 5638 2466 5696 Lib.
2501 5658 2543 5694 ιι
2570 5645 2715 5696 cont.
2747 5641 2882 5707 Jul.,
2917 5658 2974 5696 n.
3009 5642 3062 5696 7.

467 5709 540 5784 (ᾳ)
579 5711 676 5767 Or.
707 5709 797 5777 24,
831 5728 890 5766 n.
957 5711 991 5764 9
1022 5715 1078 5784 et
1096 5709 1193 5784 _18.
1258 5781 1268 5784 _
1395 5781 1407 5784 _
1610 5780 1672 5784 μ

1128 5709 1193 5766 .8.
1258 5781 1268 5784 _
1395 5781 1407 5784 _
2233 5711 2305 5781 (g)
2345 5711 2441 5767 op.
2471 5713 2527 5781 2,
2561 5712 2739 5767 n.91.

469 5780 544 5848 (vd)
582 5784 718 5841 Adv.
755 5784 878 5840 Lat.
910 5782 1052 5839 trad.
1084 5782 1161 5838 De
1189 5781 1287 5839 rat.
1318 5781 1490 5851 cultu,
1523 5798 1580 5854 p.
1607 5780 1701 5836 53.
