  <div class='ocr_page' id='page_1' title='image "/cluster/home/n/w/nwhite01/storage/ocr_20150623/35:no.1/coo.31924054869320/068.png"; bbox 0 0 4080 6412; ppageno 0'>
   <div class='ocr_carea' id='block_1_1' title="bbox 213 420 1824 490">
    <p class='ocr_par' dir='ltr' id='par_1_1' title="bbox 213 427 1824 490">
     <span class='ocr_line' id='line_1_1' title="bbox 213 427 1824 490; baseline -0.001 -3"><span class='ocrx_word' id='word_1_1' title='bbox 213 430 313 488; x_wconf 74' lang='grc'>125</span> <span class='ocrx_word' id='word_1_2' title='bbox 1313 427 1722 490; x_wconf 68' lang='lat' dir='ltr'>PREFATIO</span> <span class='ocrx_word' id='word_1_3' title='bbox 1769 429 1824 486; x_wconf 49' lang='lat' dir='ltr'>G‘.</span> 
     </span>
    </p>
   </div>
   <div class='ocr_carea' id='block_1_2' title="bbox 2107 420 3718 490">
    <p class='ocr_par' dir='ltr' id='par_1_2' title="bbox 2107 420 3718 486">
     <span class='ocr_line' id='line_1_2' title="bbox 2107 420 3718 486; baseline -0.006 0"><span class='ocrx_word' id='word_1_4' title='bbox 2107 427 2234 486; x_wconf 63' lang='lat' dir='ltr'>LIS.</span> <span class='ocrx_word' id='word_1_5' title='bbox 2258 457 2337 470; x_wconf 89' lang='lat'><strong><em>—</em></strong></span> <span class='ocrx_word' id='word_1_6' title='bbox 2366 425 2563 485; x_wconf 81' lang='lat' dir='ltr'>PARS</span> <span class='ocrx_word' id='word_1_7' title='bbox 2609 423 2715 484; x_wconf 87' lang='lat' dir='ltr'>IlI.</span> <span class='ocrx_word' id='word_1_8' title='bbox 3604 420 3718 477; x_wconf 75' lang='lat' dir='ltr'>l26</span> 
     </span>
    </p>
   </div>
   <div class='ocr_carea' id='block_1_3' title="bbox 856 555 3121 636">
    <p class='ocr_par' dir='ltr' id='par_1_3' title="bbox 856 555 3121 636">
     <span class='ocr_line' id='line_1_3' title="bbox 856 555 3121 636; baseline -0.006 -13"><span class='ocrx_word' id='word_1_9' title='bbox 856 570 944 636; x_wconf 89' lang='lat' dir='ltr'>(a)</span> <span class='ocrx_word' id='word_1_10' title='bbox 989 569 1149 622; x_wconf 84' lang='lat' dir='ltr'>Inest</span> <span class='ocrx_word' id='word_1_11' title='bbox 1180 565 1393 636; x_wconf 88' lang='lat' dir='ltr'>quippe</span> <span class='ocrx_word' id='word_1_12' title='bbox 1425 561 1590 636; x_wconf 77' lang='lat' dir='ltr'>mihi,</span> <span class='ocrx_word' id='word_1_13' title='bbox 1626 561 1782 615; x_wconf 90' lang='lat' dir='ltr'>inest</span> <span class='ocrx_word' id='word_1_14' title='bbox 1815 559 2168 636; x_wconf 82' lang='lat' dir='ltr'>lex_dupl_ex,</span> <span class='ocrx_word' id='word_1_15' title='bbox 2204 573 2453 636; x_wconf 83' lang='lat' dir='ltr'>quarum</span> <span class='ocrx_word' id='word_1_16' title='bbox 2488 556 2662 611; x_wconf 84' lang='lat' dir='ltr'>altera</span> <span class='ocrx_word' id='word_1_17' title='bbox 2699 555 2938 636; x_wconf 86' lang='lat' dir='ltr'>quidem</span> <span class='ocrx_word' id='word_1_18' title='bbox 2969 556 3121 611; x_wconf 86' lang='lat' dir='ltr'>bona</span> 
     </span>
    </p>
   </div>
   <div class='ocr_carea' id='block_1_4' title="bbox 849 632 2968 701">
    <p class='ocr_par' dir='ltr' id='par_1_4' title="bbox 849 632 2968 701">
     <span class='ocr_line' id='line_1_4' title="bbox 849 632 2968 701; baseline -0.005 -9"><span class='ocrx_word' id='word_1_19' title='bbox 849 632 1087 693; x_wconf 83' lang='lat' dir='ltr'>Bonum</span> <span class='ocrx_word' id='word_1_20' title='bbox 1122 632 1380 691; x_wconf 75' lang='lat' dir='ltr'>sectatur</span> <span class='ocrx_word' id='word_1_21' title='bbox 1409 652 1420 701; x_wconf 93' lang='lat'>;</span> <span class='ocrx_word' id='word_1_22' title='bbox 1457 633 1639 688; x_wconf 90' lang='lat' dir='ltr'>altera</span> <span class='ocrx_word' id='word_1_23' title='bbox 1666 637 1862 686; x_wconf 89' lang='lat' dir='ltr'>autem</span> <span class='ocrx_word' id='word_1_24' title='bbox 1897 632 2147 686; x_wconf 79' lang='lat' dir='ltr'>deterior</span> <span class='ocrx_word' id='word_1_25' title='bbox 2180 634 2436 685; x_wconf 81' lang='lat' dir='ltr'>sectatur</span> <span class='ocrx_word' id='word_1_26' title='bbox 2467 646 2593 699; x_wconf 67' lang='lat' dir='ltr'>quae</span> <span class='ocrx_word' id='word_1_27' title='bbox 2626 632 2782 682; x_wconf 87' lang='lat' dir='ltr'>mala</span> <span class='ocrx_word' id='word_1_28' title='bbox 2811 633 2968 683; x_wconf 83' lang='lat' dir='ltr'>sunt.</span> 
     </span>
    </p>
   </div>
   <div class='ocr_carea' id='block_1_5' title="bbox 860 707 2237 780">
    <p class='ocr_par' dir='ltr' id='par_1_5' title="bbox 860 707 2237 780">
     <span class='ocr_line' id='line_1_5' title="bbox 860 707 2237 780; baseline -0.007 -14"><span class='ocrx_word' id='word_1_29' title='bbox 860 715 944 766; x_wconf 82' lang='lat' dir='ltr'>Ac</span> <span class='ocrx_word' id='word_1_30' title='bbox 977 727 1046 766; x_wconf 91' lang='lat' dir='ltr'>ea</span> <span class='ocrx_word' id='word_1_31' title='bbox 1074 709 1331 780; x_wconf 85' lang='lat' dir='ltr'>quidem,</span> <span class='ocrx_word' id='word_1_32' title='bbox 1366 723 1492 780; x_wconf 73' lang='lat' dir='ltr'>quaa</span> <span class='ocrx_word' id='word_1_33' title='bbox 1526 707 1740 780; x_wconf 84' lang='lat' dir='ltr'>mentis</span> <span class='ocrx_word' id='word_1_34' title='bbox 1771 709 1880 780; x_wconf 78' lang='lat' dir='ltr'>est,</span> <span class='ocrx_word' id='word_1_35' title='bbox 1917 709 2119 780; x_wconf 77' lang='lat' dir='ltr'>parata</span> <span class='ocrx_word' id='word_1_36' title='bbox 2148 707 2237 756; x_wconf 87' lang='lat' dir='ltr'>est</span> 
     </span>
    </p>
   </div>
   <div class='ocr_carea' id='block_1_6' title="bbox 859 774 2328 847">
    <p class='ocr_par' dir='ltr' id='par_1_6' title="bbox 859 774 2328 847">
     <span class='ocr_line' id='line_1_6' title="bbox 859 774 2328 847; baseline -0.008 -9"><span class='ocrx_word' id='word_1_37' title='bbox 859 783 947 837; x_wconf 82' lang='lat' dir='ltr'>Ad</span> <span class='ocrx_word' id='word_1_38' title='bbox 983 774 1652 841; x_wconf 48' lang='lat' dir='ltr'>ohe-diendum&#39;Christo,</span> <span class='ocrx_word' id='word_1_39' title='bbox 1689 774 1962 847; x_wconf 81' lang='lat' dir='ltr'>gradiens</span> <span class='ocrx_word' id='word_1_40' title='bbox 1992 776 2062 829; x_wconf 92' lang='lat' dir='ltr'>ad</span> <span class='ocrx_word' id='word_1_41' title='bbox 2095 774 2283 847; x_wconf 90' lang='lat' dir='ltr'>lucem</span> <span class='ocrx_word' id='word_1_42' title='bbox 2317 790 2328 826; x_wconf 77' lang='grc' dir='ltr'>ε</span> 
     </span>
    </p>
   </div>
   <div class='ocr_carea' id='block_1_7' title="bbox 857 845 2671 920">
    <p class='ocr_par' dir='ltr' id='par_1_7' title="bbox 857 845 2671 920">
     <span class='ocr_line' id='line_1_7' title="bbox 857 845 2671 920; baseline -0.006 -14"><span class='ocrx_word' id='word_1_43' title='bbox 857 854 1060 909; x_wconf 82' lang='lat' dir='ltr'>Altera</span> <span class='ocrx_word' id='word_1_44' title='bbox 1092 857 1309 918; x_wconf 82' lang='lat' dir='ltr'>autem,</span> <span class='ocrx_word' id='word_1_45' title='bbox 1342 866 1466 920; x_wconf 77' lang='lat' dir='ltr'>quzs</span> <span class='ocrx_word' id='word_1_46' title='bbox 1499 845 1810 903; x_wconf 41' lang='lat' dir='ltr'>carnis—est</span> <span class='ocrx_word' id='word_1_47' title='bbox 1840 853 1893 901; x_wconf 89' lang='lat' dir='ltr'>et</span> <span class='ocrx_word' id='word_1_48' title='bbox 1925 845 2250 920; x_wconf 86' lang='lat' dir='ltr'>sanguinis,</span> <span class='ocrx_word' id='word_1_49' title='bbox 2285 848 2554 920; x_wconf 79' lang='lat' dir='ltr'>prompta</span> <span class='ocrx_word' id='word_1_50' title='bbox 2583 847 2671 898; x_wconf 88' lang='lat' dir='ltr'>est</span> 
     </span>
    </p>
   </div>
   <div class='ocr_carea' id='block_1_8' title="bbox 861 916 2568 995">
    <p class='ocr_par' dir='ltr' id='par_1_8' title="bbox 861 916 2568 995">
     <span class='ocr_line' id='line_1_8' title="bbox 861 916 2568 995; baseline -0.006 -16"><span class='ocrx_word' id='word_1_51' title='bbox 861 926 951 979; x_wconf 76' lang='lat' dir='ltr'>Ad</span> <span class='ocrx_word' id='word_1_52' title='bbox 986 916 1397 995; x_wconf 77' lang='lat' dir='ltr'>excipiendum</span> <span class='ocrx_word' id='word_1_53' title='bbox 1431 920 1631 995; x_wconf 82' lang='lat' dir='ltr'>Belial,</span> <span class='ocrx_word' id='word_1_54' title='bbox 1655 920 1806 995; x_wconf 81' lang='lat' dir='ltr'>dum</span> <span class='ocrx_word' id='word_1_55' title='bbox 1837 920 1908 973; x_wconf 88' lang='lat' dir='ltr'>ad</span> <span class='ocrx_word' id='word_1_56' title='bbox 1940 916 2213 995; x_wconf 82' lang='lat' dir='ltr'>tenebras</span> <span class='ocrx_word' id='word_1_57' title='bbox 2244 916 2568 995; x_wconf 77' lang='lat' dir='ltr'>trahitur...</span> 
     </span>
    </p>
   </div>
   <div class='ocr_carea' id='block_1_9' title="bbox 861 988 2411 1066">
    <p class='ocr_par' dir='ltr' id='par_1_9' title="bbox 861 988 2411 1066">
     <span class='ocr_line' id='line_1_9' title="bbox 861 988 2411 1066; baseline -0.008 -14"><span class='ocrx_word' id='word_1_58' title='bbox 861 997 966 1052; x_wconf 86' lang='lat' dir='ltr'>His</span> <span class='ocrx_word' id='word_1_59' title='bbox 997 988 1192 1051; x_wconf 68' lang='lat' dir='ltr'>autem</span> <span class='ocrx_word' id='word_1_60' title='bbox 1226 993 1621 1066; x_wconf 76' lang='lat' dir='ltr'>pugnantibus</span> <span class='ocrx_word' id='word_1_61' title='bbox 1652 991 1947 1066; x_wconf 76' lang='lat' dir='ltr'>inspector</span> <span class='ocrx_word' id='word_1_62' title='bbox 1979 988 2411 1066; x_wconf 70' lang='lat' dir='ltr'>venit_cc_elitus.</span> 
     </span>
    </p>
   </div>
   <div class='ocr_carea' id='block_1_10' title="bbox 859 1060 2314 1139">
    <p class='ocr_par' dir='ltr' id='par_1_10' title="bbox 859 1060 2314 1139">
     <span class='ocr_line' id='line_1_10' title="bbox 859 1060 2314 1139; baseline -0.005 -16"><span class='ocrx_word' id='word_1_63' title='bbox 859 1068 1114 1139; x_wconf 80' lang='lat' dir='ltr'>Spiritus</span> <span class='ocrx_word' id='word_1_64' title='bbox 1143 1060 1338 1137; x_wconf 73' lang='lat' dir='ltr'>magni</span> <span class='ocrx_word' id='word_1_65' title='bbox 1364 1067 1495 1139; x_wconf 83' lang='lat' dir='ltr'>_Dei,</span> <span class='ocrx_word' id='word_1_66' title='bbox 1532 1069 1588 1139; x_wconf 78' lang='lat' dir='ltr'>et</span> <span class='ocrx_word' id='word_1_67' title='bbox 1619 1060 1799 1116; x_wconf 77' lang='lat' dir='ltr'>menti</span> <span class='ocrx_word' id='word_1_68' title='bbox 1840 1078 2083 1139; x_wconf 78' lang='lat' dir='ltr'>manum</span> <span class='ocrx_word' id='word_1_69' title='bbox 2118 1060 2274 1139; x_wconf 83' lang='lat' dir='ltr'>dedit</span> <span class='ocrx_word' id='word_1_70' title='bbox 2302 1077 2314 1116; x_wconf 90' lang='lat'>:</span> 
     </span>
    </p>
   </div>
   <div class='ocr_carea' id='block_1_11' title="bbox 855 1133 2607 1210">
    <p class='ocr_par' dir='ltr' id='par_1_11' title="bbox 855 1133 2607 1210">
     <span class='ocr_line' id='line_1_11' title="bbox 855 1133 2607 1210; baseline -0.006 -16"><span class='ocrx_word' id='word_1_71' title='bbox 855 1133 1128 1210; x_wconf 73' lang='lat' dir='ltr'>Corporis</span> <span class='ocrx_word' id='word_1_72' title='bbox 1160 1133 1468 1210; x_wconf 63' lang='lat' dir='ltr'>perniciosi</span> <span class='ocrx_word' id='word_1_73' title='bbox 1501 1134 1729 1210; x_wconf 79' lang='lat' dir='ltr'>solvens</span> <span class='ocrx_word' id='word_1_74' title='bbox 1762 1133 2107 1200; x_wconf 89' lang='lat' dir='ltr'>tumultum,</span> <span class='ocrx_word' id='word_1_75' title='bbox 2144 1137 2318 1202; x_wconf 87' lang='lat' dir='ltr'>atque</span> <span class='ocrx_word' id='word_1_76' title='bbox 2351 1135 2607 1185; x_wconf 87' lang='lat' dir='ltr'>atrorum</span> 
     </span>
    </p>
   </div>
   <div class='ocr_carea' id='block_1_12' title="bbox 858 1208 2288 1282">
    <p class='ocr_par' dir='ltr' id='par_1_12' title="bbox 858 1208 2288 1282">
     <span class='ocr_line' id='line_1_12' title="bbox 858 1208 2288 1282; baseline -0.006 -16"><span class='ocrx_word' id='word_1_77' title='bbox 858 1208 1246 1282; x_wconf 77' lang='lat' dir='ltr'>Compescens</span> <span class='ocrx_word' id='word_1_78' title='bbox 1279 1209 1550 1282; x_wconf 80' lang='lat' dir='ltr'>vitiorum</span> <span class='ocrx_word' id='word_1_79' title='bbox 1582 1208 1826 1282; x_wconf 81' lang='lat' dir='ltr'>fluctum</span> <span class='ocrx_word' id='word_1_80' title='bbox 1859 1212 2288 1282; x_wconf 82' lang='lat' dir='ltr'>assurgentem.</span> 
     </span>
    </p>
   </div>
   <div class='ocr_carea' id='block_1_13' title="bbox 860 1274 2377 1342">
    <p class='ocr_par' dir='ltr' id='par_1_13' title="bbox 860 1274 2377 1342">
     <span class='ocr_line' id='line_1_13' title="bbox 860 1274 2377 1342; baseline -0.007 -5"><span class='ocrx_word' id='word_1_81' title='bbox 860 1283 974 1337; x_wconf 83' lang='lat' dir='ltr'>Sed</span> <span class='ocrx_word' id='word_1_82' title='bbox 1004 1274 1204 1336; x_wconf 73' lang='lat' dir='ltr'>tamen</span> <span class='ocrx_word' id='word_1_83' title='bbox 1233 1280 1505 1335; x_wconf 79' lang='lat' dir='ltr'>rabidum</span> <span class='ocrx_word' id='word_1_84' title='bbox 1542 1278 1751 1333; x_wconf 84' lang='lat' dir='ltr'>retinet</span> <span class='ocrx_word' id='word_1_85' title='bbox 1778 1274 2060 1342; x_wconf 75' lang='lat' dir='ltr'>furorem,</span> <span class='ocrx_word' id='word_1_86' title='bbox 2092 1292 2196 1330; x_wconf 90' lang='lat' dir='ltr'>nec</span> <span class='ocrx_word' id='word_1_87' title='bbox 2228 1274 2377 1328; x_wconf 91' lang='lat' dir='ltr'>bello</span> 
     </span>
    </p>
   </div>
   <div class='ocr_carea' id='block_1_14' title="bbox 862 1347 2328 1421">
    <p class='ocr_par' dir='ltr' id='par_1_14' title="bbox 862 1347 2328 1421">
     <span class='ocr_line' id='line_1_14' title="bbox 862 1347 2328 1421; baseline -0.005 -12"><span class='ocrx_word' id='word_1_88' title='bbox 862 1353 1099 1409; x_wconf 88' lang='lat' dir='ltr'>Desistit</span> <span class='ocrx_word' id='word_1_89' title='bbox 1128 1368 1281 1417; x_wconf 89' lang='lat' dir='ltr'>caro,</span> <span class='ocrx_word' id='word_1_90' title='bbox 1312 1351 1674 1421; x_wconf 85' lang='lat' dir='ltr'>inclinatque</span> <span class='ocrx_word' id='word_1_91' title='bbox 1706 1349 1822 1404; x_wconf 91' lang='lat' dir='ltr'>huc</span> <span class='ocrx_word' id='word_1_92' title='bbox 1849 1354 1906 1403; x_wconf 88' lang='lat' dir='ltr'>et</span> <span class='ocrx_word' id='word_1_93' title='bbox 1939 1347 2080 1402; x_wconf 92' lang='lat' dir='ltr'>illuc</span> <span class='ocrx_word' id='word_1_94' title='bbox 2114 1363 2328 1421; x_wconf 73' lang='lat' dir='ltr'>pugna.</span> 
     </span>
    </p>
   </div>
   <div class='ocr_carea' id='block_1_15' title="bbox 860 1416 2586 1492">
    <p class='ocr_par' dir='ltr' id='par_1_15' title="bbox 860 1416 2586 1492">
     <span class='ocr_line' id='line_1_15' title="bbox 860 1416 2586 1492; baseline -0.006 -12"><span class='ocrx_word' id='word_1_95' title='bbox 860 1425 1160 1481; x_wconf 85' lang='lat' dir='ltr'>Interdum</span> <span class='ocrx_word' id='word_1_96' title='bbox 1193 1416 1430 1492; x_wconf 87' lang='lat' dir='ltr'>quidem</span> <span class='ocrx_word' id='word_1_97' title='bbox 1465 1416 1660 1476; x_wconf 82' lang='lat' dir='ltr'>mente</span> <span class='ocrx_word' id='word_1_98' title='bbox 1689 1437 1822 1475; x_wconf 88' lang='lat' dir='ltr'>caro</span> <span class='ocrx_word' id='word_1_99' title='bbox 1852 1416 2148 1492; x_wconf 71' lang='lat' dir='ltr'>domatur.</span> <span class='ocrx_word' id='word_1_100' title='bbox 2183 1416 2410 1473; x_wconf 79' lang='lat' dir='ltr'>Rursus</span> <span class='ocrx_word' id='word_1_101' title='bbox 2443 1416 2586 1471; x_wconf 87' lang='lat' dir='ltr'>alias</span> 
     </span>
    </p>
   </div>
   <div class='ocr_carea' id='block_1_16' title="bbox 859 1490 2303 1574">
    <p class='ocr_par' dir='ltr' id='par_1_16' title="bbox 859 1490 2303 1574">
     <span class='ocr_line' id='line_1_16' title="bbox 859 1490 2303 1574; baseline -0.005 -24"><span class='ocrx_word' id='word_1_102' title='bbox 859 1497 1090 1574; x_wconf 62' lang='lat' dir='ltr'>fortem</span> <span class='ocrx_word' id='word_1_103' title='bbox 1123 1490 1357 1574; x_wconf 71' lang='lat' dir='ltr'>carnem</span> <span class='ocrx_word' id='word_1_104' title='bbox 1392 1510 1557 1548; x_wconf 90' lang='lat' dir='ltr'>mens</span> <span class='ocrx_word' id='word_1_105' title='bbox 1591 1493 1882 1574; x_wconf 74' lang='lat' dir='ltr'>sequitur,</span> <span class='ocrx_word' id='word_1_106' title='bbox 1916 1509 2032 1574; x_wconf 71' lang='lat' dir='ltr'>non</span> <span class='ocrx_word' id='word_1_107' title='bbox 2063 1490 2264 1574; x_wconf 59' lang='lat' dir='ltr'>volens</span> <span class='ocrx_word' id='word_1_108' title='bbox 2291 1507 2303 1556; x_wconf 92' lang='lat'><strong>;</strong></span> 
     </span>
    </p>
   </div>
   <div class='ocr_carea' id='block_1_17' title="bbox 857 1559 2995 1636">
    <p class='ocr_par' dir='ltr' id='par_1_17' title="bbox 857 1559 2995 1636">
     <span class='ocr_line' id='line_1_17' title="bbox 857 1559 2995 1636; baseline -0.006 -13"><span class='ocrx_word' id='word_1_109' title='bbox 857 1569 967 1623; x_wconf 91' lang='lat' dir='ltr'>Sed</span> <span class='ocrx_word' id='word_1_110' title='bbox 998 1568 1141 1622; x_wconf 89' lang='lat' dir='ltr'>illud</span> <span class='ocrx_word' id='word_1_111' title='bbox 1174 1567 1415 1636; x_wconf 84' lang='lat' dir='ltr'>quidem</span> <span class='ocrx_word' id='word_1_112' title='bbox 1449 1559 1813 1636; x_wconf 81' lang='lat' dir='ltr'>concupiscit</span> <span class='ocrx_word' id='word_1_113' title='bbox 1844 1559 1998 1634; x_wconf 89' lang='lat' dir='ltr'>quod</span> <span class='ocrx_word' id='word_1_114' title='bbox 2034 1562 2245 1636; x_wconf 85' lang='lat' dir='ltr'>melius</span> <span class='ocrx_word' id='word_1_115' title='bbox 2278 1565 2385 1615; x_wconf 92' lang='lat' dir='ltr'>est.</span> <span class='ocrx_word' id='word_1_116' title='bbox 2425 1559 2588 1623; x_wconf 89' lang='lat' dir='ltr'>Quod</span> <span class='ocrx_word' id='word_1_117' title='bbox 2619 1563 2816 1613; x_wconf 85' lang='lat' dir='ltr'>autem</span> <span class='ocrx_word' id='word_1_118' title='bbox 2849 1559 2995 1624; x_wconf 90' lang='lat' dir='ltr'>odit,</span> 
     </span>
    </p>
   </div>
   <div class='ocr_carea' id='block_1_18' title="bbox 861 1633 2404 1722">
    <p class='ocr_par' dir='ltr' id='par_1_18' title="bbox 861 1633 2404 1722">
     <span class='ocr_line' id='line_1_18' title="bbox 861 1633 2404 1722; baseline -0.005 -28"><span class='ocrx_word' id='word_1_119' title='bbox 954 1640 1103 1722; x_wconf 43' lang='lat' dir='ltr'>dum.</span> <span class='ocrx_word' id='word_1_120' title='bbox 1127 1633 1283 1720; x_wconf 77' lang='lat' dir='ltr'>facit,</span> <span class='ocrx_word' id='word_1_121' title='bbox 1317 1633 2010 1722; x_wconf 39' lang='lat' dir='ltr'>perniciosam‘deplorat</span> <span class='ocrx_word' id='word_1_122' title='bbox 2033 1633 2404 1722; x_wconf 70' lang='lat' dir='ltr'>servitutem,</span> 
     </span>
    </p>
   </div>
   <div class='ocr_carea' id='block_1_19' title="bbox 859 1703 2638 1782">
    <p class='ocr_par' dir='ltr' id='par_1_19' title="bbox 859 1703 2638 1782">
     <span class='ocr_line' id='line_1_19' title="bbox 859 1703 2638 1782; baseline -0.005 -16"><span class='ocrx_word' id='word_1_123' title='bbox 859 1712 928 1766; x_wconf 85' lang='lat' dir='ltr'>Et</span> <span class='ocrx_word' id='word_1_124' title='bbox 957 1710 1138 1782; x_wconf 83' lang='lat' dir='ltr'>patris</span> <span class='ocrx_word' id='word_1_125' title='bbox 1168 1703 1501 1781; x_wconf 81' lang='lat' dir='ltr'>primigenii</span> <span class='ocrx_word' id='word_1_126' title='bbox 1534 1703 1963 1780; x_wconf 82' lang='lat' dir='ltr'>deceptionem,</span> <span class='ocrx_word' id='word_1_127' title='bbox 1994 1711 2052 1761; x_wconf 89' lang='lat' dir='ltr'>et</span> <span class='ocrx_word' id='word_1_128' title='bbox 2085 1703 2638 1782; x_wconf 52' lang='lat' dir='ltr'>matrisunefandam</span> 
     </span>
    </p>
   </div>
   <div class='ocr_carea' id='block_1_20' title="bbox 859 1776 2350 1854">
    <p class='ocr_par' dir='ltr' id='par_1_20' title="bbox 859 1776 2350 1854">
     <span class='ocr_line' id='line_1_20' title="bbox 859 1776 2350 1854; baseline -0.006 -16"><span class='ocrx_word' id='word_1_129' title='bbox 859 1776 1435 1854; x_wconf 57' lang='lat' dir='ltr'>Transgres&#39;sionern,</span> <span class='ocrx_word' id='word_1_130' title='bbox 1473 1776 1697 1835; x_wconf 62' lang='lat' dir='ltr'>nostrai</span> <span class='ocrx_word' id='word_1_131' title='bbox 1718 1785 1962 1834; x_wconf 87' lang='lat' dir='ltr'>matrem</span> <span class='ocrx_word' id='word_1_132' title='bbox 1992 1777 2253 1833; x_wconf 78' lang='lat' dir='ltr'>stultitiae</span> <span class='ocrx_word' id='word_1_133' title='bbox 2286 1776 2350 1829; x_wconf 77' lang='grc' dir='ltr'>⁵ο.</span> 
     </span>
    </p>
   </div>
   <div class='ocr_carea' id='block_1_21' title="bbox 264 1915 3712 1997">
    <p class='ocr_par' dir='ltr' id='par_1_21' title="bbox 264 1915 3712 1997">
     <span class='ocr_line' id='line_1_21' title="bbox 264 1915 3712 1997; baseline -0.004 -11"><span class='ocrx_word' id='word_1_134' title='bbox 264 1929 502 1986; x_wconf 88' lang='lat' dir='ltr'>Tantas</span> <span class='ocrx_word' id='word_1_135' title='bbox 564 1944 890 1986; x_wconf 77' lang='lat' dir='ltr'>aerumnas</span> <span class='ocrx_word' id='word_1_136' title='bbox 944 1926 1090 1986; x_wconf 73' lang='lat' dir='ltr'>vitae</span> <span class='ocrx_word' id='word_1_137' title='bbox 1149 1925 1444 1986; x_wconf 59' lang='lat' dir='ltr'>humana:</span> <span class='ocrx_word' id='word_1_138' title='bbox 1507 1924 1664 1984; x_wconf 90' lang='lat' dir='ltr'>mira</span> <span class='ocrx_word' id='word_1_139' title='bbox 1722 1923 2024 1983; x_wconf 88' lang='lat' dir='ltr'>varietate</span> <span class='ocrx_word' id='word_1_140' title='bbox 2081 1928 2142 1981; x_wconf 90' lang='lat' dir='ltr'>et</span> <span class='ocrx_word' id='word_1_141' title='bbox 2200 1920 2436 1980; x_wconf 88' lang='lat' dir='ltr'>intimis</span> <span class='ocrx_word' id='word_1_142' title='bbox 2486 1919 2823 1997; x_wconf 86' lang='lat' dir='ltr'>gemitibus</span> <span class='ocrx_word' id='word_1_143' title='bbox 2872 1918 3206 1978; x_wconf 89' lang='lat' dir='ltr'>lamentari</span> <span class='ocrx_word' id='word_1_144' title='bbox 3239 1936 3364 1976; x_wconf 91' lang='lat' dir='ltr'>non</span> <span class='ocrx_word' id='word_1_145' title='bbox 3399 1915 3712 1992; x_wconf 87' lang='lat' dir='ltr'>defatiga-</span> 
     </span>
    </p>
   </div>
   <div class='ocr_carea' id='block_1_22' title="bbox 272 2018 3710 2101">
    <p class='ocr_par' dir='ltr' id='par_1_22' title="bbox 272 2018 3710 2101">
     <span class='ocr_line' id='line_1_22' title="bbox 272 2018 3710 2101; baseline -0.003 -18"><span class='ocrx_word' id='word_1_146' title='bbox 272 2032 412 2094; x_wconf 90' lang='lat' dir='ltr'>tur,</span> <span class='ocrx_word' id='word_1_147' title='bbox 478 2030 578 2084; x_wconf 87' lang='lat' dir='ltr'>tot</span> <span class='ocrx_word' id='word_1_148' title='bbox 644 2023 825 2083; x_wconf 86' lang='lat' dir='ltr'>malis</span> <span class='ocrx_word' id='word_1_149' title='bbox 881 2029 941 2084; x_wconf 92' lang='lat' dir='ltr'>et</span> <span class='ocrx_word' id='word_1_150' title='bbox 995 2023 1246 2084; x_wconf 87' lang='lat' dir='ltr'>ﬂetibus</span> <span class='ocrx_word' id='word_1_151' title='bbox 1304 2029 1365 2083; x_wconf 89' lang='lat' dir='ltr'>et</span> <span class='ocrx_word' id='word_1_152' title='bbox 1423 2022 1695 2101; x_wconf 89' lang='lat' dir='ltr'>querelis</span> <span class='ocrx_word' id='word_1_153' title='bbox 1751 2021 2035 2082; x_wconf 84' lang='lat' dir='ltr'>solamen</span> <span class='ocrx_word' id='word_1_154' title='bbox 2093 2020 2489 2099; x_wconf 91' lang='lat' dir='ltr'>aliquantum</span> <span class='ocrx_word' id='word_1_155' title='bbox 2549 2037 2622 2077; x_wconf 90' lang='lat' dir='ltr'>ac</span> <span class='ocrx_word' id='word_1_156' title='bbox 2684 2018 2992 2078; x_wconf 88' lang='lat' dir='ltr'>medelam</span> <span class='ocrx_word' id='word_1_157' title='bbox 3054 2018 3337 2076; x_wconf 87' lang='lat' dir='ltr'>conferre</span> <span class='ocrx_word' id='word_1_158' title='bbox 3395 2021 3710 2091; x_wconf 56' lang='lat' dir='ltr'>satagens.</span> 
     </span>
    </p>
   </div>
   <div class='ocr_carea' id='block_1_23' title="bbox 268 2115 3713 2202">
    <p class='ocr_par' dir='ltr' id='par_1_23' title="bbox 268 2115 3713 2202">
     <span class='ocr_line' id='line_1_23' title="bbox 268 2115 3713 2202; baseline -0.003 -19"><span class='ocrx_word' id='word_1_159' title='bbox 268 2127 345 2183; x_wconf 85' lang='lat' dir='ltr'>At</span> <span class='ocrx_word' id='word_1_160' title='bbox 408 2123 585 2183; x_wconf 89' lang='lat' dir='ltr'>unde</span> <span class='ocrx_word' id='word_1_161' title='bbox 640 2123 923 2183; x_wconf 80' lang='lat' dir='ltr'>levamen</span> <span class='ocrx_word' id='word_1_162' title='bbox 981 2129 1261 2202; x_wconf 88' lang='lat' dir='ltr'>speraret</span> <span class='ocrx_word' id='word_1_163' title='bbox 1317 2122 1434 2182; x_wconf 87' lang='lat' dir='ltr'>nisi</span> <span class='ocrx_word' id='word_1_164' title='bbox 1493 2141 1529 2182; x_wconf 90' lang='lat' dir='ltr'>a</span> <span class='ocrx_word' id='word_1_165' title='bbox 1587 2121 1808 2199; x_wconf 87' lang='lat' dir='ltr'>spiritu</span> <span class='ocrx_word' id='word_1_166' title='bbox 1867 2120 2109 2198; x_wconf 85' lang='lat' dir='ltr'>gratiae,</span> <span class='ocrx_word' id='word_1_167' title='bbox 2163 2138 2349 2198; x_wconf 91' lang='lat' dir='ltr'>quem</span> <span class='ocrx_word' id='word_1_168' title='bbox 2402 2125 2530 2178; x_wconf 93' lang='lat' dir='ltr'>tam</span> <span class='ocrx_word' id='word_1_169' title='bbox 2581 2117 2726 2178; x_wconf 88' lang='lat' dir='ltr'>altis</span> <span class='ocrx_word' id='word_1_170' title='bbox 2779 2118 3082 2196; x_wconf 89' lang='lat' dir='ltr'>suspiriis,</span> <span class='ocrx_word' id='word_1_171' title='bbox 3137 2136 3208 2176; x_wconf 91' lang='lat' dir='ltr'>ac</span> <span class='ocrx_word' id='word_1_172' title='bbox 3270 2115 3426 2175; x_wconf 88' lang='lat' dir='ltr'>votis</span> <span class='ocrx_word' id='word_1_173' title='bbox 3474 2115 3713 2175; x_wconf 90' lang='lat' dir='ltr'>ferven-</span> 
     </span>
    </p>
   </div>
   <div class='ocr_carea' id='block_1_24' title="bbox 269 2215 3711 2296">
    <p class='ocr_par' dir='ltr' id='par_1_24' title="bbox 269 2215 3711 2296">
     <span class='ocr_line' id='line_1_24' title="bbox 269 2215 3711 2296; baseline -0.003 -16"><span class='ocrx_word' id='word_1_174' title='bbox 269 2221 447 2280; x_wconf 87' lang='lat' dir='ltr'>tibus</span> <span class='ocrx_word' id='word_1_175' title='bbox 508 2220 845 2294; x_wconf 86' lang='lat' dir='ltr'>sollicitat,</span> <span class='ocrx_word' id='word_1_176' title='bbox 925 2228 986 2281; x_wconf 92' lang='lat' dir='ltr'>et</span> <span class='ocrx_word' id='word_1_177' title='bbox 1043 2221 1121 2281; x_wconf 90' lang='lat' dir='ltr'>ad</span> <span class='ocrx_word' id='word_1_178' title='bbox 1182 2239 1245 2280; x_wconf 90' lang='lat' dir='ltr'>se</span> <span class='ocrx_word' id='word_1_179' title='bbox 1304 2221 1556 2280; x_wconf 87' lang='lat' dir='ltr'>allicere</span> <span class='ocrx_word' id='word_1_180' title='bbox 1616 2219 1892 2279; x_wconf 83' lang='lat' dir='ltr'>nititur?</span> <span class='ocrx_word' id='word_1_181' title='bbox 1944 2219 2118 2278; x_wconf 90' lang='lat' dir='ltr'>Sicut</span> <span class='ocrx_word' id='word_1_182' title='bbox 2173 2218 2367 2296; x_wconf 84' lang='lat' dir='ltr'>igitur</span> <span class='ocrx_word' id='word_1_183' title='bbox 2423 2217 2790 2276; x_wconf 90' lang='lat' dir='ltr'>innumeras</span> <span class='ocrx_word' id='word_1_184' title='bbox 2847 2216 3074 2276; x_wconf 77' lang='lat' dir='ltr'>animae</span> <span class='ocrx_word' id='word_1_185' title='bbox 3131 2215 3531 2275; x_wconf 88' lang='lat' dir='ltr'>inﬁrmitates</span> <span class='ocrx_word' id='word_1_186' title='bbox 3585 2231 3711 2271; x_wconf 91' lang='lat' dir='ltr'>non</span> 
     </span>
    </p>
   </div>
   <div class='ocr_carea' id='block_1_25' title="bbox 271 2311 3712 2396">
    <p class='ocr_par' dir='ltr' id='par_1_25' title="bbox 271 2311 3712 2396">
     <span class='ocr_line' id='line_1_25' title="bbox 271 2311 3712 2396; baseline -0.002 -18"><span class='ocrx_word' id='word_1_187' title='bbox 271 2319 594 2396; x_wconf 78' lang='lat' dir='ltr'>neglexit,</span> <span class='ocrx_word' id='word_1_188' title='bbox 651 2318 755 2378; x_wconf 90' lang='lat' dir='ltr'>sed</span> <span class='ocrx_word' id='word_1_189' title='bbox 813 2319 962 2378; x_wconf 78' lang='lat' dir='ltr'>satis</span> <span class='ocrx_word' id='word_1_190' title='bbox 1019 2318 1315 2391; x_wconf 89' lang='lat' dir='ltr'>deflevit;</span> <span class='ocrx_word' id='word_1_191' title='bbox 1377 2318 1464 2378; x_wconf 89' lang='lat' dir='ltr'>sic</span> <span class='ocrx_word' id='word_1_192' title='bbox 1522 2317 1833 2378; x_wconf 91' lang='lat' dir='ltr'>medicum</span> <span class='ocrx_word' id='word_1_193' title='bbox 1890 2316 2172 2377; x_wconf 92' lang='lat' dir='ltr'>bonitate</span> <span class='ocrx_word' id='word_1_194' title='bbox 2232 2321 2293 2375; x_wconf 92' lang='lat' dir='ltr'>et</span> <span class='ocrx_word' id='word_1_195' title='bbox 2349 2315 2633 2394; x_wconf 88' lang='lat' dir='ltr'>potentia</span> <span class='ocrx_word' id='word_1_196' title='bbox 2690 2314 2892 2375; x_wconf 91' lang='lat' dir='ltr'>solum</span> <span class='ocrx_word' id='word_1_197' title='bbox 2953 2314 3187 2374; x_wconf 89' lang='lat' dir='ltr'>morbis</span> <span class='ocrx_word' id='word_1_198' title='bbox 3239 2321 3368 2374; x_wconf 91' lang='lat' dir='ltr'>tam</span> <span class='ocrx_word' id='word_1_199' title='bbox 3421 2311 3620 2373; x_wconf 89' lang='lat' dir='ltr'>acutis</span> <span class='ocrx_word' id='word_1_200' title='bbox 3651 2317 3712 2370; x_wconf 92' lang='lat' dir='ltr'>et</span> 
     </span>
    </p>
   </div>
   <div class='ocr_carea' id='block_1_26' title="bbox 275 2409 3710 2494">
    <p class='ocr_par' dir='ltr' id='par_1_26' title="bbox 275 2409 3710 2494">
     <span class='ocr_line' id='line_1_26' title="bbox 275 2409 3710 2494; baseline -0.002 -19"><span class='ocrx_word' id='word_1_201' title='bbox 275 2417 614 2476; x_wconf 85' lang='lat' dir='ltr'>tenacibus</span> <span class='ocrx_word' id='word_1_202' title='bbox 670 2417 961 2477; x_wconf 87' lang='lat' dir='ltr'>curandis</span> <span class='ocrx_word' id='word_1_203' title='bbox 1017 2417 1310 2478; x_wconf 91' lang='lat' dir='ltr'>idoneum</span> <span class='ocrx_word' id='word_1_204' title='bbox 1375 2435 1499 2476; x_wconf 92' lang='lat' dir='ltr'>non</span> <span class='ocrx_word' id='word_1_205' title='bbox 1554 2416 1781 2476; x_wconf 89' lang='lat' dir='ltr'>desinit</span> <span class='ocrx_word' id='word_1_206' title='bbox 1837 2415 2159 2494; x_wconf 90' lang='lat' dir='ltr'>appellare</span> <span class='ocrx_word' id='word_1_207' title='bbox 2221 2435 2233 2474; x_wconf 92' lang='lat'>:</span> <span class='ocrx_word' id='word_1_208' title='bbox 2315 2420 2376 2473; x_wconf 93' lang='lat' dir='ltr'>et</span> <span class='ocrx_word' id='word_1_209' title='bbox 2431 2414 2964 2491; x_wconf 83' lang='lat' dir='ltr'>quemadmodum</span> <span class='ocrx_word' id='word_1_210' title='bbox 3029 2411 3368 2473; x_wconf 89' lang='lat' dir='ltr'>voluntatis</span> <span class='ocrx_word' id='word_1_211' title='bbox 3442 2409 3710 2487; x_wconf 89' lang='lat' dir='ltr'>languo-</span> 
     </span>
    </p>
   </div>
   <div class='ocr_carea' id='block_1_27' title="bbox 288 2509 3710 2593">
    <p class='ocr_par' dir='ltr' id='par_1_27' title="bbox 288 2509 3710 2593">
     <span class='ocr_line' id='line_1_27' title="bbox 288 2509 3710 2593; baseline -0.002 -21"><span class='ocrx_word' id='word_1_212' title='bbox 288 2533 435 2572; x_wconf 89' lang='lat' dir='ltr'>rem</span> <span class='ocrx_word' id='word_1_213' title='bbox 497 2521 554 2573; x_wconf 89' lang='lat' dir='ltr'>et</span> <span class='ocrx_word' id='word_1_214' title='bbox 605 2515 890 2574; x_wconf 88' lang='lat' dir='ltr'>inertiam</span> <span class='ocrx_word' id='word_1_215' title='bbox 950 2515 1029 2574; x_wconf 91' lang='lat' dir='ltr'>ad</span> <span class='ocrx_word' id='word_1_216' title='bbox 1105 2516 1338 2575; x_wconf 89' lang='lat' dir='ltr'>bonum</span> <span class='ocrx_word' id='word_1_217' title='bbox 1400 2516 1633 2593; x_wconf 90' lang='lat' dir='ltr'>ubique</span> <span class='ocrx_word' id='word_1_218' title='bbox 1689 2521 1984 2592; x_wconf 83' lang='lat' dir='ltr'>expertus</span> <span class='ocrx_word' id='word_1_219' title='bbox 2041 2522 2103 2572; x_wconf 91' lang='lat' dir='ltr'>et</span> <span class='ocrx_word' id='word_1_220' title='bbox 2172 2513 2490 2572; x_wconf 88' lang='lat' dir='ltr'>confessus</span> <span class='ocrx_word' id='word_1_221' title='bbox 2546 2518 2639 2571; x_wconf 90' lang='lat' dir='ltr'>est</span> <span class='ocrx_word' id='word_1_222' title='bbox 2692 2530 2706 2584; x_wconf 92' lang='lat'>;</span> <span class='ocrx_word' id='word_1_223' title='bbox 2793 2512 2881 2570; x_wconf 90' lang='lat' dir='ltr'>ita</span> <span class='ocrx_word' id='word_1_224' title='bbox 2936 2510 3242 2589; x_wconf 91' lang='lat' dir='ltr'>quidquid</span> <span class='ocrx_word' id='word_1_225' title='bbox 3317 2509 3464 2568; x_wconf 91' lang='lat' dir='ltr'>boni</span> <span class='ocrx_word' id='word_1_226' title='bbox 3523 2509 3592 2567; x_wconf 89' lang='lat' dir='ltr'>ﬁt</span> <span class='ocrx_word' id='word_1_227' title='bbox 3646 2509 3710 2566; x_wconf 94' lang='lat' dir='ltr'>in</span> 
     </span>
    </p>
   </div>
   <div class='ocr_carea' id='block_1_28' title="bbox 285 2607 3710 2686">
    <p class='ocr_par' dir='ltr' id='par_1_28' title="bbox 285 2607 3710 2686">
     <span class='ocr_line' id='line_1_28' title="bbox 285 2607 3710 2686; baseline -0.002 -16"><span class='ocrx_word' id='word_1_228' title='bbox 285 2610 485 2670; x_wconf 87' lang='lat' dir='ltr'>nobis</span> <span class='ocrx_word' id='word_1_229' title='bbox 539 2617 593 2670; x_wconf 90' lang='lat' dir='ltr'>et</span> <span class='ocrx_word' id='word_1_230' title='bbox 642 2632 679 2671; x_wconf 90' lang='lat' dir='ltr'>a</span> <span class='ocrx_word' id='word_1_231' title='bbox 737 2613 937 2682; x_wconf 90' lang='lat' dir='ltr'>nobis,</span> <span class='ocrx_word' id='word_1_232' title='bbox 992 2613 1073 2672; x_wconf 89' lang='lat' dir='ltr'>ad</span> <span class='ocrx_word' id='word_1_233' title='bbox 1128 2615 1321 2672; x_wconf 89' lang='lat' dir='ltr'>Deum</span> <span class='ocrx_word' id='word_1_234' title='bbox 1381 2613 1585 2672; x_wconf 89' lang='lat' dir='ltr'>cordis</span> <span class='ocrx_word' id='word_1_235' title='bbox 1635 2612 1900 2671; x_wconf 89' lang='lat' dir='ltr'>humani</span> <span class='ocrx_word' id='word_1_236' title='bbox 1949 2616 2252 2670; x_wconf 86' lang='lat' dir='ltr'>motorem</span> <span class='ocrx_word' id='word_1_237' title='bbox 2304 2610 2626 2669; x_wconf 89' lang='lat' dir='ltr'>efﬁcacem</span> <span class='ocrx_word' id='word_1_238' title='bbox 2676 2610 2906 2668; x_wconf 88' lang='lat' dir='ltr'>referre</span> <span class='ocrx_word' id='word_1_239' title='bbox 2950 2616 3012 2668; x_wconf 89' lang='lat' dir='ltr'>et</span> <span class='ocrx_word' id='word_1_240' title='bbox 3058 2609 3178 2686; x_wconf 91' lang='lat' dir='ltr'>ipsi</span> <span class='ocrx_word' id='word_1_241' title='bbox 3225 2607 3535 2666; x_wconf 89' lang='lat' dir='ltr'>ascribere</span> <span class='ocrx_word' id='word_1_242' title='bbox 3585 2624 3710 2664; x_wconf 91' lang='lat' dir='ltr'>non</span> 
     </span>
    </p>
   </div>
   <div class='ocr_carea' id='block_1_29' title="bbox 276 2702 3712 2786">
    <p class='ocr_par' dir='ltr' id='par_1_29' title="bbox 276 2702 3712 2786">
     <span class='ocr_line' id='line_1_29' title="bbox 276 2702 3712 2786; baseline -0.002 -19"><span class='ocrx_word' id='word_1_243' title='bbox 276 2709 502 2768; x_wconf 78' lang='lat' dir='ltr'>haesit.</span> <span class='ocrx_word' id='word_1_244' title='bbox 582 2710 820 2770; x_wconf 89' lang='lat' dir='ltr'>Bonum</span> <span class='ocrx_word' id='word_1_245' title='bbox 883 2729 1070 2770; x_wconf 89' lang='lat' dir='ltr'>omne</span> <span class='ocrx_word' id='word_1_246' title='bbox 1128 2729 1162 2770; x_wconf 89' lang='lat' dir='ltr'>a</span> <span class='ocrx_word' id='word_1_247' title='bbox 1219 2713 1346 2771; x_wconf 93' lang='lat' dir='ltr'>Deo</span> <span class='ocrx_word' id='word_1_248' title='bbox 1403 2711 1650 2770; x_wconf 83' lang='lat' dir='ltr'>initium</span> <span class='ocrx_word' id='word_1_249' title='bbox 1711 2727 1958 2769; x_wconf 87' lang='lat' dir='ltr'>sumere</span> <span class='ocrx_word' id='word_1_250' title='bbox 2011 2716 2071 2769; x_wconf 89' lang='lat' dir='ltr'>et</span> <span class='ocrx_word' id='word_1_251' title='bbox 2126 2710 2204 2768; x_wconf 91' lang='lat' dir='ltr'>ad</span> <span class='ocrx_word' id='word_1_252' title='bbox 2265 2709 2449 2767; x_wconf 90' lang='lat' dir='ltr'>ﬁnem</span> <span class='ocrx_word' id='word_1_253' title='bbox 2511 2708 2811 2786; x_wconf 89' lang='lat' dir='ltr'>perduci,</span> <span class='ocrx_word' id='word_1_254' title='bbox 2893 2707 3109 2784; x_wconf 90' lang='lat' dir='ltr'>paucis</span> <span class='ocrx_word' id='word_1_255' title='bbox 3185 2706 3290 2764; x_wconf 91' lang='lat' dir='ltr'>sed</span> <span class='ocrx_word' id='word_1_256' title='bbox 3349 2702 3712 2764; x_wconf 87' lang='lat' dir='ltr'>decretoriis</span> 
     </span>
    </p>
   </div>
   <div class='ocr_carea' id='block_1_30' title="bbox 273 2801 3708 2888">
    <p class='ocr_par' dir='ltr' id='par_1_30' title="bbox 273 2801 3708 2888">
     <span class='ocr_line' id='line_1_30' title="bbox 273 2801 3708 2888; baseline -0.002 -23"><span class='ocrx_word' id='word_1_257' title='bbox 273 2813 609 2866; x_wconf 85' lang='lat' dir='ltr'>testatur:</span> <span class='ocrx_word' id='word_1_258' title='bbox 676 2809 919 2878; x_wconf 81' lang='lat' dir='ltr'>«Deus,</span> <span class='ocrx_word' id='word_1_259' title='bbox 982 2807 1188 2885; x_wconf 93' lang='lat' dir='ltr'>inquit</span> <span class='ocrx_word' id='word_1_260' title='bbox 1243 2807 1348 2888; x_wconf 78' lang='grc' dir='ltr'>(ὁ),</span> <span class='ocrx_word' id='word_1_261' title='bbox 1413 2827 1450 2867; x_wconf 90' lang='lat' dir='ltr'>a</span> <span class='ocrx_word' id='word_1_262' title='bbox 1504 2826 1629 2885; x_wconf 93' lang='lat' dir='ltr'>quo</span> <span class='ocrx_word' id='word_1_263' title='bbox 1689 2808 1923 2867; x_wconf 91' lang='lat' dir='ltr'>bonum</span> <span class='ocrx_word' id='word_1_264' title='bbox 1983 2825 2167 2867; x_wconf 91' lang='lat' dir='ltr'>omne</span> <span class='ocrx_word' id='word_1_265' title='bbox 2228 2806 2473 2865; x_wconf 91' lang='lat' dir='ltr'>initium</span> <span class='ocrx_word' id='word_1_266' title='bbox 2535 2806 2730 2880; x_wconf 85' lang='lat' dir='ltr'>ducit,</span> <span class='ocrx_word' id='word_1_267' title='bbox 2791 2811 2980 2882; x_wconf 89' lang='lat' dir='ltr'>atque</span> <span class='ocrx_word' id='word_1_268' title='bbox 3038 2805 3114 2863; x_wconf 92' lang='lat' dir='ltr'>ad</span> <span class='ocrx_word' id='word_1_269' title='bbox 3169 2804 3358 2863; x_wconf 89' lang='lat' dir='ltr'>ﬁnem</span> <span class='ocrx_word' id='word_1_270' title='bbox 3419 2801 3708 2880; x_wconf 91' lang='lat' dir='ltr'>perduci-</span> 
     </span>
    </p>
   </div>
   <div class='ocr_carea' id='block_1_31' title="bbox 274 2904 1553 2983">
    <p class='ocr_par' dir='ltr' id='par_1_31' title="bbox 274 2904 1553 2983">
     <span class='ocr_line' id='line_1_31' title="bbox 274 2904 1553 2983; baseline 0 -21"><span class='ocrx_word' id='word_1_271' title='bbox 274 2911 413 2975; x_wconf 89' lang='lat' dir='ltr'>tur,</span> <span class='ocrx_word' id='word_1_272' title='bbox 479 2904 748 2964; x_wconf 89' lang='lat' dir='ltr'>orationi</span> <span class='ocrx_word' id='word_1_273' title='bbox 807 2905 1153 2983; x_wconf 86' lang='lat' dir='ltr'>opitulator</span> <span class='ocrx_word' id='word_1_274' title='bbox 1209 2906 1483 2965; x_wconf 89' lang='lat' dir='ltr'>accedat.</span> <span class='ocrx_word' id='word_1_275' title='bbox 1526 2930 1553 2961; x_wconf 74' lang='grc' dir='ltr'><strong>ιο</strong></span> 
     </span>
    </p>
   </div>
   <div class='ocr_carea' id='block_1_32' title="bbox 358 2997 3710 3080">
    <p class='ocr_par' dir='ltr' id='par_1_32' title="bbox 358 2997 3710 3080">
     <span class='ocr_line' id='line_1_32' title="bbox 358 2997 3710 3080; baseline -0.002 -20"><span class='ocrx_word' id='word_1_276' title='bbox 358 3000 744 3079; x_wconf 87' lang='lat' dir='ltr'>Principium</span> <span class='ocrx_word' id='word_1_277' title='bbox 795 3002 944 3060; x_wconf 92' lang='lat' dir='ltr'>boni</span> <span class='ocrx_word' id='word_1_278' title='bbox 995 3003 1222 3080; x_wconf 86' lang='lat' dir='ltr'>operis,</span> <span class='ocrx_word' id='word_1_279' title='bbox 1267 3001 1529 3080; x_wconf 71' lang='lat' dir='ltr'>justitiae</span> <span class='ocrx_word' id='word_1_280' title='bbox 1588 3009 1650 3062; x_wconf 90' lang='lat' dir='ltr'>et</span> <span class='ocrx_word' id='word_1_281' title='bbox 1708 3001 2006 3062; x_wconf 88' lang='lat' dir='ltr'>bonitatis</span> <span class='ocrx_word' id='word_1_282' title='bbox 2060 3003 2123 3061; x_wconf 93' lang='lat' dir='ltr'>in</span> <span class='ocrx_word' id='word_1_283' title='bbox 2183 3002 2439 3062; x_wconf 91' lang='lat' dir='ltr'>homine</span> <span class='ocrx_word' id='word_1_284' title='bbox 2487 3002 2626 3062; x_wconf 89' lang='lat' dir='ltr'>fons</span> <span class='ocrx_word' id='word_1_285' title='bbox 2687 3008 2748 3061; x_wconf 91' lang='lat' dir='ltr'>et</span> <span class='ocrx_word' id='word_1_286' title='bbox 2805 3001 3004 3078; x_wconf 88' lang='lat' dir='ltr'>origo,</span> <span class='ocrx_word' id='word_1_287' title='bbox 3048 3000 3216 3060; x_wconf 91' lang='lat' dir='ltr'>haud</span> <span class='ocrx_word' id='word_1_288' title='bbox 3249 2998 3437 3058; x_wconf 90' lang='lat' dir='ltr'>dubie</span> <span class='ocrx_word' id='word_1_289' title='bbox 3467 2997 3710 3057; x_wconf 88' lang='lat' dir='ltr'>sincera</span> 
     </span>
    </p>
   </div>
   <div class='ocr_carea' id='block_1_33' title="bbox 278 3095 3709 3180">
    <p class='ocr_par' dir='ltr' id='par_1_33' title="bbox 278 3095 3709 3180">
     <span class='ocr_line' id='line_1_33' title="bbox 278 3095 3709 3180; baseline -0.001 -24"><span class='ocrx_word' id='word_1_290' title='bbox 278 3097 466 3168; x_wconf 88' lang='lat' dir='ltr'>ﬁdes,</span> <span class='ocrx_word' id='word_1_291' title='bbox 517 3098 699 3175; x_wconf 85' lang='lat' dir='ltr'>cujus</span> <span class='ocrx_word' id='word_1_292' title='bbox 754 3099 1000 3159; x_wconf 89' lang='lat' dir='ltr'>initium</span> <span class='ocrx_word' id='word_1_293' title='bbox 1059 3107 1121 3160; x_wconf 92' lang='lat' dir='ltr'>et</span> <span class='ocrx_word' id='word_1_294' title='bbox 1175 3102 1526 3180; x_wconf 88' lang='lat' dir='ltr'>profectum</span> <span class='ocrx_word' id='word_1_295' title='bbox 1586 3101 1824 3178; x_wconf 91' lang='lat' dir='ltr'>absque</span> <span class='ocrx_word' id='word_1_296' title='bbox 1887 3102 2012 3160; x_wconf 92' lang='lat' dir='ltr'>ulla</span> <span class='ocrx_word' id='word_1_297' title='bbox 2067 3102 2468 3160; x_wconf 88' lang='lat' dir='ltr'>cunctatione</span> <span class='ocrx_word' id='word_1_298' title='bbox 2523 3101 2858 3177; x_wconf 79' lang='lat' dir='ltr'>Gregorius</span> <span class='ocrx_word' id='word_1_299' title='bbox 2915 3102 3043 3159; x_wconf 93' lang='lat' dir='ltr'>Deo</span> <span class='ocrx_word' id='word_1_300' title='bbox 3101 3098 3427 3176; x_wconf 85' lang='lat' dir='ltr'>assignat:</span> <span class='ocrx_word' id='word_1_301' title='bbox 3494 3121 3523 3150; x_wconf 86' lang='grc'>‹‹</span> <span class='ocrx_word' id='word_1_302' title='bbox 3572 3095 3709 3154; x_wconf 87' lang='lat' dir='ltr'>Tri-</span> 
     </span>
    </p>
   </div>
   <div class='ocr_carea' id='block_1_34' title="bbox 263 3194 3709 3276">
    <p class='ocr_par' dir='ltr' id='par_1_34' title="bbox 263 3194 3709 3276">
     <span class='ocr_line' id='line_1_34' title="bbox 263 3194 3709 3276; baseline -0.001 -22"><span class='ocrx_word' id='word_1_303' title='bbox 263 3197 579 3269; x_wconf 85' lang='lat' dir='ltr'>nitatem,</span> <span class='ocrx_word' id='word_1_304' title='bbox 643 3197 841 3275; x_wconf 90' lang='lat' dir='ltr'>inquit</span> <span class='ocrx_word' id='word_1_305' title='bbox 903 3197 998 3276; x_wconf 86' lang='lat' dir='ltr'>(c),</span> <span class='ocrx_word' id='word_1_306' title='bbox 1060 3217 1096 3257; x_wconf 93' lang='lat' dir='ltr'>o</span> <span class='ocrx_word' id='word_1_307' title='bbox 1158 3199 1290 3270; x_wconf 86' lang='lat' dir='ltr'>viri,</span> <span class='ocrx_word' id='word_1_308' title='bbox 1350 3199 1534 3258; x_wconf 89' lang='lat' dir='ltr'>unius</span> <span class='ocrx_word' id='word_1_309' title='bbox 1590 3199 1852 3259; x_wconf 89' lang='lat' dir='ltr'>Deitatis</span> <span class='ocrx_word' id='word_1_310' title='bbox 1908 3217 2040 3258; x_wconf 89' lang='lat' dir='ltr'>esse</span> <span class='ocrx_word' id='word_1_311' title='bbox 2096 3200 2438 3269; x_wconf 87' lang='lat' dir='ltr'>fateamini,</span> <span class='ocrx_word' id='word_1_312' title='bbox 2505 3205 2638 3272; x_wconf 90' lang='lat' dir='ltr'>aut,</span> <span class='ocrx_word' id='word_1_313' title='bbox 2698 3199 2747 3257; x_wconf 91' lang='lat' dir='ltr'>si</span> <span class='ocrx_word' id='word_1_314' title='bbox 2805 3199 3004 3275; x_wconf 83' lang='lat' dir='ltr'>magis</span> <span class='ocrx_word' id='word_1_315' title='bbox 3063 3197 3290 3275; x_wconf 87' lang='lat' dir='ltr'>placet,</span> <span class='ocrx_word' id='word_1_316' title='bbox 3351 3194 3538 3254; x_wconf 89' lang='lat' dir='ltr'>unius</span> <span class='ocrx_word' id='word_1_317' title='bbox 3596 3212 3709 3251; x_wconf 91' lang='lat' dir='ltr'>na-</span> 
     </span>
    </p>
   </div>
   <div class='ocr_carea' id='block_1_35' title="bbox 263 3294 3708 3376">
    <p class='ocr_par' dir='ltr' id='par_1_35' title="bbox 263 3294 3708 3376">
     <span class='ocr_line' id='line_1_35' title="bbox 263 3294 3708 3376; baseline -0.001 -24"><span class='ocrx_word' id='word_1_318' title='bbox 263 3300 502 3364; x_wconf 69' lang='lat' dir='ltr'>turas;</span> <span class='ocrx_word' id='word_1_319' title='bbox 566 3301 753 3373; x_wconf 87' lang='lat' dir='ltr'>atque</span> <span class='ocrx_word' id='word_1_320' title='bbox 811 3294 973 3354; x_wconf 90' lang='lat' dir='ltr'>hanc</span> <span class='ocrx_word' id='word_1_321' title='bbox 1025 3314 1240 3356; x_wconf 90' lang='lat' dir='ltr'>vocem</span> <span class='ocrx_word' id='word_1_322' title='bbox 1299 3297 1508 3376; x_wconf 81' lang='lat' dir='ltr'>(Deus)</span> <span class='ocrx_word' id='word_1_323' title='bbox 1566 3316 1604 3356; x_wconf 91' lang='lat' dir='ltr'>a</span> <span class='ocrx_word' id='word_1_324' title='bbox 1660 3297 1897 3375; x_wconf 90' lang='lat' dir='ltr'>Spiritu</span> <span class='ocrx_word' id='word_1_325' title='bbox 1958 3297 2134 3356; x_wconf 86' lang='lat' dir='ltr'>vobis</span> <span class='ocrx_word' id='word_1_326' title='bbox 2191 3297 2671 3374; x_wconf 78' lang='lat' dir='ltr'>postulabfmus.</span> <span class='ocrx_word' id='word_1_327' title='bbox 2727 3297 2912 3356; x_wconf 90' lang='lat' dir='ltr'>Dabit</span> <span class='ocrx_word' id='word_1_328' title='bbox 2956 3297 3121 3355; x_wconf 91' lang='lat' dir='ltr'>enim</span> <span class='ocrx_word' id='word_1_329' title='bbox 3173 3295 3454 3372; x_wconf 89' lang='lat' dir='ltr'>profecto</span> <span class='ocrx_word' id='word_1_330' title='bbox 3487 3311 3708 3351; x_wconf 88' lang='lat' dir='ltr'>secun-</span> 
     </span>
    </p>
   </div>
   <div class='ocr_carea' id='block_1_36' title="bbox 269 3390 3712 3472">
    <p class='ocr_par' dir='ltr' id='par_1_36' title="bbox 269 3390 3712 3472">
     <span class='ocr_line' id='line_1_36' title="bbox 269 3390 3712 3472; baseline -0 -23"><span class='ocrx_word' id='word_1_331' title='bbox 269 3391 488 3463; x_wconf 90' lang='lat' dir='ltr'>dum,</span> <span class='ocrx_word' id='word_1_332' title='bbox 555 3392 661 3468; x_wconf 91' lang='lat' dir='ltr'>qui</span> <span class='ocrx_word' id='word_1_333' title='bbox 714 3393 982 3470; x_wconf 90' lang='lat' dir='ltr'>primum</span> <span class='ocrx_word' id='word_1_334' title='bbox 1042 3393 1230 3452; x_wconf 91' lang='lat' dir='ltr'>dedit.</span> <span class='ocrx_word' id='word_1_335' title='bbox 1294 3418 1322 3447; x_wconf 83' lang='lat'>»</span> <span class='ocrx_word' id='word_1_336' title='bbox 1410 3395 1550 3454; x_wconf 83' lang='lat' dir='ltr'>Jam</span> <span class='ocrx_word' id='word_1_337' title='bbox 1619 3395 1783 3453; x_wconf 91' lang='lat' dir='ltr'>enim</span> <span class='ocrx_word' id='word_1_338' title='bbox 1844 3394 2147 3472; x_wconf 88' lang='lat' dir='ltr'>Spiritum</span> <span class='ocrx_word' id='word_1_339' title='bbox 2204 3401 2492 3454; x_wconf 89' lang='lat' dir='ltr'>sanctum</span> <span class='ocrx_word' id='word_1_340' title='bbox 2552 3395 2720 3454; x_wconf 89' lang='lat' dir='ltr'>Patri</span> <span class='ocrx_word' id='word_1_341' title='bbox 2776 3401 2835 3453; x_wconf 91' lang='lat' dir='ltr'>et</span> <span class='ocrx_word' id='word_1_342' title='bbox 2895 3394 3051 3453; x_wconf 92' lang='lat' dir='ltr'>Filio</span> <span class='ocrx_word' id='word_1_343' title='bbox 3111 3390 3712 3452; x_wconf 89' lang='lat' dir='ltr'>consubstantialem</span> 
     </span>
    </p>
   </div>
   <div class='ocr_carea' id='block_1_37' title="bbox 257 3487 3708 3570">
    <p class='ocr_par' dir='ltr' id='par_1_37' title="bbox 257 3487 3708 3570">
     <span class='ocr_line' id='line_1_37' title="bbox 257 3487 3708 3570; baseline -0 -24"><span class='ocrx_word' id='word_1_344' title='bbox 257 3488 724 3562; x_wconf 89' lang='lat' dir='ltr'>crediderant,</span> <span class='ocrx_word' id='word_1_345' title='bbox 811 3490 917 3550; x_wconf 89' lang='lat' dir='ltr'>sed</span> <span class='ocrx_word' id='word_1_346' title='bbox 975 3494 1172 3550; x_wconf 89' lang='lat' dir='ltr'>Deum</span> <span class='ocrx_word' id='word_1_347' title='bbox 1231 3491 1511 3570; x_wconf 87' lang='lat' dir='ltr'>proﬁteri</span> <span class='ocrx_word' id='word_1_348' title='bbox 1569 3492 2036 3551; x_wconf 88' lang='lat' dir='ltr'>inﬁciabantur.</span> <span class='ocrx_word' id='word_1_349' title='bbox 2098 3493 2226 3551; x_wconf 90' lang='lat' dir='ltr'>Hoc</span> <span class='ocrx_word' id='word_1_350' title='bbox 2284 3493 2642 3552; x_wconf 90' lang='lat' dir='ltr'>testimonio</span> <span class='ocrx_word' id='word_1_351' title='bbox 2725 3511 2870 3551; x_wconf 90' lang='lat' dir='ltr'>usus</span> <span class='ocrx_word' id='word_1_352' title='bbox 2931 3498 3022 3550; x_wconf 90' lang='lat' dir='ltr'>est</span> <span class='ocrx_word' id='word_1_353' title='bbox 3075 3489 3503 3567; x_wconf 84' lang='lat' dir='ltr'>Augustinus,</span> <span class='ocrx_word' id='word_1_354' title='bbox 3596 3487 3708 3546; x_wconf 92' lang='lat' dir='ltr'>lib.</span> 
     </span>
    </p>
   </div>
   <div class='ocr_carea' id='block_1_38' title="bbox 259 3584 3714 3668">
    <p class='ocr_par' dir='ltr' id='par_1_38' title="bbox 259 3584 3714 3668">
     <span class='ocr_line' id='line_1_38' title="bbox 259 3584 3714 3668; baseline -0.001 -23"><span class='ocrx_word' id='word_1_355' title='bbox 259 3585 362 3645; x_wconf 82' lang='lat' dir='ltr'>De</span> <span class='ocrx_word' id='word_1_356' title='bbox 425 3585 584 3645; x_wconf 84' lang='lat' dir='ltr'>dono</span> <span class='ocrx_word' id='word_1_357' title='bbox 631 3590 1110 3667; x_wconf 61' lang='lat' dir='ltr'>perseverantiae,</span> <span class='ocrx_word' id='word_1_358' title='bbox 1170 3590 1276 3649; x_wconf 88' lang='lat' dir='ltr'>sed</span> <span class='ocrx_word' id='word_1_359' title='bbox 1334 3591 1694 3668; x_wconf 88' lang='lat' dir='ltr'>interpretis</span> <span class='ocrx_word' id='word_1_360' title='bbox 1748 3590 2082 3650; x_wconf 87' lang='lat' dir='ltr'>oscitantia</span> <span class='ocrx_word' id='word_1_361' title='bbox 2144 3609 2269 3650; x_wconf 91' lang='lat' dir='ltr'>non</span> <span class='ocrx_word' id='word_1_362' title='bbox 2328 3590 2483 3648; x_wconf 86' lang='lat' dir='ltr'>nihil</span> <span class='ocrx_word' id='word_1_363' title='bbox 2543 3590 3000 3668; x_wconf 86' lang='lat' dir='ltr'>depravatum,</span> <span class='ocrx_word' id='word_1_364' title='bbox 3067 3596 3133 3648; x_wconf 92' lang='lat' dir='ltr'>ut</span> <span class='ocrx_word' id='word_1_365' title='bbox 3191 3589 3352 3648; x_wconf 90' lang='lat' dir='ltr'>bene</span> <span class='ocrx_word' id='word_1_366' title='bbox 3411 3584 3714 3646; x_wconf 84' lang='lat' dir='ltr'>notarunt</span> 
     </span>
    </p>
   </div>
   <div class='ocr_carea' id='block_1_39' title="bbox 263 3684 1152 3758">
    <p class='ocr_par' dir='ltr' id='par_1_39' title="bbox 263 3684 1152 3758">
     <span class='ocr_line' id='line_1_39' title="bbox 263 3684 1152 3758; baseline 0.007 -18"><span class='ocrx_word' id='word_1_367' title='bbox 263 3685 417 3758; x_wconf 86' lang='lat' dir='ltr'>ejus</span> <span class='ocrx_word' id='word_1_368' title='bbox 484 3684 752 3743; x_wconf 86' lang='lat' dir='ltr'>editores</span> <span class='ocrx_word' id='word_1_369' title='bbox 809 3685 1152 3747; x_wconf 89' lang='lat' dir='ltr'>novissimi.</span> 
     </span>
    </p>
   </div>
   <div class='ocr_carea' id='block_1_40' title="bbox 354 3779 3712 3860">
    <p class='ocr_par' dir='ltr' id='par_1_40' title="bbox 354 3779 3712 3860">
     <span class='ocr_line' id='line_1_40' title="bbox 354 3779 3712 3860; baseline 0 -21"><span class='ocrx_word' id='word_1_370' title='bbox 354 3779 528 3851; x_wconf 84' lang='lat' dir='ltr'>Quid</span> <span class='ocrx_word' id='word_1_371' title='bbox 587 3782 811 3840; x_wconf 87' lang='lat' dir='ltr'>mirum</span> <span class='ocrx_word' id='word_1_372' title='bbox 862 3782 1006 3840; x_wconf 91' lang='lat' dir='ltr'>inde</span> <span class='ocrx_word' id='word_1_373' title='bbox 1057 3782 1107 3841; x_wconf 90' lang='lat' dir='ltr'>si</span> <span class='ocrx_word' id='word_1_374' title='bbox 1154 3789 1407 3843; x_wconf 89' lang='lat' dir='ltr'>sanctus</span> <span class='ocrx_word' id='word_1_375' title='bbox 1460 3784 1682 3844; x_wconf 90' lang='lat' dir='ltr'>doctor</span> <span class='ocrx_word' id='word_1_376' title='bbox 1729 3789 2009 3843; x_wconf 86' lang='lat' dir='ltr'>errantes</span> <span class='ocrx_word' id='word_1_377' title='bbox 2059 3803 2095 3843; x_wconf 90' lang='lat' dir='ltr'>a</span> <span class='ocrx_word' id='word_1_378' title='bbox 2143 3787 2272 3845; x_wconf 90' lang='lat' dir='ltr'>Deo</span> <span class='ocrx_word' id='word_1_379' title='bbox 2325 3784 2670 3843; x_wconf 90' lang='lat' dir='ltr'>illuminari</span> <span class='ocrx_word' id='word_1_380' title='bbox 2719 3789 2779 3842; x_wconf 91' lang='lat' dir='ltr'>et</span> <span class='ocrx_word' id='word_1_381' title='bbox 2837 3783 3160 3842; x_wconf 90' lang='lat' dir='ltr'>immutari</span> <span class='ocrx_word' id='word_1_382' title='bbox 3218 3781 3514 3860; x_wconf 89' lang='lat' dir='ltr'>postulet,</span> <span class='ocrx_word' id='word_1_383' title='bbox 3569 3799 3712 3840; x_wconf 89' lang='lat' dir='ltr'>cum</span> 
     </span>
    </p>
   </div>
   <div class='ocr_carea' id='block_1_41' title="bbox 263 3878 3709 3956">
    <p class='ocr_par' dir='ltr' id='par_1_41' title="bbox 263 3878 3709 3956">
     <span class='ocr_line' id='line_1_41' title="bbox 263 3878 3709 3956; baseline -0 -19"><span class='ocrx_word' id='word_1_384' title='bbox 263 3879 466 3947; x_wconf 87' lang='lat' dir='ltr'>ﬁdes,</span> <span class='ocrx_word' id='word_1_385' title='bbox 501 3897 690 3956; x_wconf 88' lang='lat' dir='ltr'>quam</span> <span class='ocrx_word' id='word_1_386' title='bbox 749 3898 785 3938; x_wconf 90' lang='lat' dir='ltr'>a</span> <span class='ocrx_word' id='word_1_387' title='bbox 842 3882 969 3939; x_wconf 92' lang='lat' dir='ltr'>Deo</span> <span class='ocrx_word' id='word_1_388' title='bbox 1028 3880 1208 3940; x_wconf 89' lang='lat' dir='ltr'>nobis</span> <span class='ocrx_word' id='word_1_389' title='bbox 1266 3881 1486 3941; x_wconf 90' lang='lat' dir='ltr'>donari</span> <span class='ocrx_word' id='word_1_390' title='bbox 1545 3881 1911 3954; x_wconf 88' lang='lat' dir='ltr'>declaravit,</span> <span class='ocrx_word' id='word_1_391' title='bbox 1965 3882 2100 3941; x_wconf 91' lang='lat' dir='ltr'>sola</span> <span class='ocrx_word' id='word_1_392' title='bbox 2153 3882 2545 3942; x_wconf 89' lang='lat' dir='ltr'>inﬁdelitatis</span> <span class='ocrx_word' id='word_1_393' title='bbox 2602 3882 2894 3941; x_wconf 86' lang='lat' dir='ltr'>tenebras</span> <span class='ocrx_word' id='word_1_394' title='bbox 2951 3881 3302 3940; x_wconf 81' lang='lat' dir='ltr'>discutiat?</span> <span class='ocrx_word' id='word_1_395' title='bbox 3368 3878 3544 3950; x_wconf 87' lang='lat' dir='ltr'>«Qui</span> <span class='ocrx_word' id='word_1_396' title='bbox 3594 3897 3709 3938; x_wconf 92' lang='lat' dir='ltr'>au-</span> 
     </span>
    </p>
   </div>
   <div class='ocr_carea' id='block_1_42' title="bbox 271 3976 3717 4058">
    <p class='ocr_par' dir='ltr' id='par_1_42' title="bbox 271 3976 3717 4058">
     <span class='ocr_line' id='line_1_42' title="bbox 271 3976 3717 4058; baseline 0.001 -24"><span class='ocrx_word' id='word_1_397' title='bbox 271 3982 444 4046; x_wconf 81' lang='lat' dir='ltr'>tem,</span> <span class='ocrx_word' id='word_1_398' title='bbox 502 3977 706 4056; x_wconf 91' lang='lat' dir='ltr'>inquit</span> <span class='ocrx_word' id='word_1_399' title='bbox 761 3976 870 4057; x_wconf 75' lang='grc' dir='ltr'>(ά),</span> <span class='ocrx_word' id='word_1_400' title='bbox 931 3978 1124 4056; x_wconf 89' lang='lat' dir='ltr'>ligata</span> <span class='ocrx_word' id='word_1_401' title='bbox 1181 3981 1473 4058; x_wconf 86' lang='lat' dir='ltr'>exponit,</span> <span class='ocrx_word' id='word_1_402' title='bbox 1533 3987 1594 4039; x_wconf 91' lang='lat' dir='ltr'>et</span> <span class='ocrx_word' id='word_1_403' title='bbox 1651 3999 1844 4039; x_wconf 88' lang='lat' dir='ltr'>nexus</span> <span class='ocrx_word' id='word_1_404' title='bbox 1903 3980 2224 4052; x_wconf 86' lang='lat' dir='ltr'>dissolvit,</span> <span class='ocrx_word' id='word_1_405' title='bbox 2284 3999 2355 4039; x_wconf 91' lang='lat' dir='ltr'>ac</span> <span class='ocrx_word' id='word_1_406' title='bbox 2415 3980 2594 4039; x_wconf 89' lang='lat' dir='ltr'>nobis</span> <span class='ocrx_word' id='word_1_407' title='bbox 2649 3980 2713 4039; x_wconf 93' lang='lat' dir='ltr'>in</span> <span class='ocrx_word' id='word_1_408' title='bbox 2775 3986 3045 4039; x_wconf 88' lang='lat' dir='ltr'>mentem</span> <span class='ocrx_word' id='word_1_409' title='bbox 3109 3979 3394 4049; x_wconf 86' lang='lat' dir='ltr'>induxit,</span> <span class='ocrx_word' id='word_1_410' title='bbox 3459 3983 3527 4037; x_wconf 89' lang='lat' dir='ltr'>ut</span> <span class='ocrx_word' id='word_1_411' title='bbox 3581 3977 3717 4037; x_wconf 65' lang='lat' dir='ltr'>vio-</span> 
     </span>
    </p>
   </div>
   <div class='ocr_carea' id='block_1_43' title="bbox 267 4073 3715 4157">
    <p class='ocr_par' dir='ltr' id='par_1_43' title="bbox 267 4073 3715 4157">
     <span class='ocr_line' id='line_1_43' title="bbox 267 4073 3715 4157; baseline 0.002 -28"><span class='ocrx_word' id='word_1_412' title='bbox 267 4073 594 4132; x_wconf 80' lang='lat' dir='ltr'>ientorum</span> <span class='ocrx_word' id='word_1_413' title='bbox 655 4074 1028 4152; x_wconf 87' lang='lat' dir='ltr'>dOgmatum</span> <span class='ocrx_word' id='word_1_414' title='bbox 1092 4076 1495 4154; x_wconf 90' lang='lat' dir='ltr'>obliquitates</span> <span class='ocrx_word' id='word_1_415' title='bbox 1553 4078 1976 4151; x_wconf 89' lang='lat' dir='ltr'>solveremus,</span> <span class='ocrx_word' id='word_1_416' title='bbox 2058 4077 2331 4137; x_wconf 89' lang='lat' dir='ltr'>maxime</span> <span class='ocrx_word' id='word_1_417' title='bbox 2389 4078 2642 4155; x_wconf 88' lang='lat' dir='ltr'>quidem</span> <span class='ocrx_word' id='word_1_418' title='bbox 2703 4078 2974 4157; x_wconf 88' lang='lat' dir='ltr'>optarim</span> <span class='ocrx_word' id='word_1_419' title='bbox 3039 4085 3106 4136; x_wconf 92' lang='lat' dir='ltr'>ut</span> <span class='ocrx_word' id='word_1_420' title='bbox 3182 4077 3297 4136; x_wconf 91' lang='lat' dir='ltr'>hos</span> <span class='ocrx_word' id='word_1_421' title='bbox 3375 4076 3715 4154; x_wconf 88' lang='lat' dir='ltr'>(Arianos)</span> 
     </span>
    </p>
   </div>
   <div class='ocr_carea' id='block_1_44' title="bbox 280 4173 3711 4255">
    <p class='ocr_par' dir='ltr' id='par_1_44' title="bbox 280 4173 3711 4255">
     <span class='ocr_line' id='line_1_44' title="bbox 280 4173 3711 4255; baseline -0 -27"><span class='ocrx_word' id='word_1_422' title='bbox 280 4179 594 4245; x_wconf 87' lang='lat' dir='ltr'>mmutet,</span> <span class='ocrx_word' id='word_1_423' title='bbox 646 4191 719 4232; x_wconf 90' lang='lat' dir='ltr'>ac</span> <span class='ocrx_word' id='word_1_424' title='bbox 782 4191 894 4250; x_wconf 90' lang='lat' dir='ltr'>pro</span> <span class='ocrx_word' id='word_1_425' title='bbox 951 4176 1420 4252; x_wconf 87' lang='lat' dir='ltr'>argutatoribus</span> <span class='ocrx_word' id='word_1_426' title='bbox 1479 4177 1638 4254; x_wconf 85' lang='lat' dir='ltr'>pios.</span> <span class='ocrx_word' id='word_1_427' title='bbox 1674 4183 1734 4235; x_wconf 92' lang='lat' dir='ltr'>et</span> <span class='ocrx_word' id='word_1_428' title='bbox 1793 4195 1904 4254; x_wconf 90' lang='lat' dir='ltr'>pro</span> <span class='ocrx_word' id='word_1_429' title='bbox 1966 4177 2060 4249; x_wconf 91' lang='lat' dir='ltr'>iis,</span> <span class='ocrx_word' id='word_1_430' title='bbox 2113 4177 2220 4255; x_wconf 89' lang='lat' dir='ltr'>qui</span> <span class='ocrx_word' id='word_1_431' title='bbox 2279 4195 2445 4236; x_wconf 91' lang='lat' dir='ltr'>nunc</span> <span class='ocrx_word' id='word_1_432' title='bbox 2503 4177 2926 4255; x_wconf 84' lang='lat' dir='ltr'>appellantur,</span> <span class='ocrx_word' id='word_1_433' title='bbox 2957 4176 3342 4235; x_wconf 86' lang='lat' dir='ltr'>Christianos</span> <span class='ocrx_word' id='word_1_434' title='bbox 3392 4173 3644 4234; x_wconf 88' lang='lat' dir='ltr'>efﬁciat.</span> <span class='ocrx_word' id='word_1_435' title='bbox 3683 4197 3711 4227; x_wconf 86' lang='grc'>››</span> 
     </span>
    </p>
   </div>
   <div class='ocr_carea' id='block_1_45' title="bbox 355 4270 3714 4352">
    <p class='ocr_par' dir='ltr' id='par_1_45' title="bbox 355 4270 3714 4352">
     <span class='ocr_line' id='line_1_45' title="bbox 355 4270 3714 4352; baseline 0 -24"><span class='ocrx_word' id='word_1_436' title='bbox 355 4272 489 4329; x_wconf 82' lang='lat' dir='ltr'>Nec</span> <span class='ocrx_word' id='word_1_437' title='bbox 549 4271 654 4347; x_wconf 92' lang='lat' dir='ltr'>qui</span> <span class='ocrx_word' id='word_1_438' title='bbox 714 4270 901 4330; x_wconf 86' lang='lat' dir='ltr'>ﬁdem</span> <span class='ocrx_word' id='word_1_439' title='bbox 955 4273 1346 4350; x_wconf 90' lang='lat' dir='ltr'>acceperint,</span> <span class='ocrx_word' id='word_1_440' title='bbox 1401 4274 1518 4332; x_wconf 85' lang='lat' dir='ltr'>sibi</span> <span class='ocrx_word' id='word_1_441' title='bbox 1568 4273 1701 4352; x_wconf 89' lang='lat' dir='ltr'>jam</span> <span class='ocrx_word' id='word_1_442' title='bbox 1761 4275 1910 4334; x_wconf 89' lang='lat' dir='ltr'>satis</span> <span class='ocrx_word' id='word_1_443' title='bbox 1970 4293 2103 4334; x_wconf 88' lang='lat' dir='ltr'>esse</span> <span class='ocrx_word' id='word_1_444' title='bbox 2162 4274 2549 4334; x_wconf 88' lang='lat' dir='ltr'>arbitrentur</span> <span class='ocrx_word' id='word_1_445' title='bbox 2607 4281 2674 4334; x_wconf 91' lang='lat' dir='ltr'>ut</span> <span class='ocrx_word' id='word_1_446' title='bbox 2730 4274 3026 4351; x_wconf 90' lang='lat' dir='ltr'>deinceps</span> <span class='ocrx_word' id='word_1_447' title='bbox 3084 4273 3403 4351; x_wconf 92' lang='lat' dir='ltr'>quoslibet</span> <span class='ocrx_word' id='word_1_448' title='bbox 3463 4272 3714 4350; x_wconf 87' lang='lat' dir='ltr'>pietatis</span> 
     </span>
    </p>
   </div>
   <div class='ocr_carea' id='block_1_46' title="bbox 257 4370 3713 4451">
    <p class='ocr_par' dir='ltr' id='par_1_46' title="bbox 257 4370 3713 4451">
     <span class='ocr_line' id='line_1_46' title="bbox 257 4370 3713 4451; baseline 0.001 -25"><span class='ocrx_word' id='word_1_449' title='bbox 257 4374 460 4426; x_wconf 84' lang='lat' dir='ltr'>actus</span> <span class='ocrx_word' id='word_1_450' title='bbox 518 4376 822 4440; x_wconf 83' lang='lat' dir='ltr'>exerant;</span> <span class='ocrx_word' id='word_1_451' title='bbox 885 4370 992 4430; x_wconf 91' lang='lat' dir='ltr'>sed</span> <span class='ocrx_word' id='word_1_452' title='bbox 1051 4372 1258 4431; x_wconf 88' lang='lat' dir='ltr'>adhuc</span> <span class='ocrx_word' id='word_1_453' title='bbox 1306 4380 1367 4431; x_wconf 93' lang='lat' dir='ltr'>et</span> <span class='ocrx_word' id='word_1_454' title='bbox 1417 4391 1667 4451; x_wconf 90' lang='lat' dir='ltr'>semper</span> <span class='ocrx_word' id='word_1_455' title='bbox 1713 4374 1864 4450; x_wconf 89' lang='lat' dir='ltr'>ipsis</span> <span class='ocrx_word' id='word_1_456' title='bbox 1914 4373 2150 4432; x_wconf 85' lang='lat' dir='ltr'>auxilio</span> <span class='ocrx_word' id='word_1_457' title='bbox 2210 4374 2422 4432; x_wconf 91' lang='lat' dir='ltr'>divino</span> <span class='ocrx_word' id='word_1_458' title='bbox 2474 4392 2635 4450; x_wconf 90' lang='lat' dir='ltr'>opus</span> <span class='ocrx_word' id='word_1_459' title='bbox 2684 4391 2838 4442; x_wconf 89' lang='lat' dir='ltr'>esse,</span> <span class='ocrx_word' id='word_1_460' title='bbox 2895 4379 2964 4431; x_wconf 90' lang='lat' dir='ltr'>ut</span> <span class='ocrx_word' id='word_1_461' title='bbox 2995 4379 3161 4431; x_wconf 91' lang='lat' dir='ltr'>recte</span> <span class='ocrx_word' id='word_1_462' title='bbox 3195 4371 3388 4431; x_wconf 90' lang='lat' dir='ltr'>velint</span> <span class='ocrx_word' id='word_1_463' title='bbox 3423 4376 3713 4448; x_wconf 88' lang='lat' dir='ltr'>recteque</span> 
     </span>
    </p>
   </div>
   <div class='ocr_carea' id='block_1_47' title="bbox 267 4469 3706 4549">
    <p class='ocr_par' dir='ltr' id='par_1_47' title="bbox 267 4469 3706 4549">
     <span class='ocr_line' id='line_1_47' title="bbox 267 4469 3706 4549; baseline 0.001 -25"><span class='ocrx_word' id='word_1_464' title='bbox 267 4473 501 4542; x_wconf 79' lang='lat' dir='ltr'>agant,</span> <span class='ocrx_word' id='word_1_465' title='bbox 565 4475 814 4528; x_wconf 89' lang='lat' dir='ltr'>sanctus</span> <span class='ocrx_word' id='word_1_466' title='bbox 866 4469 1108 4541; x_wconf 87' lang='lat' dir='ltr'>doctor,</span> <span class='ocrx_word' id='word_1_467' title='bbox 1169 4489 1244 4530; x_wconf 89' lang='lat' dir='ltr'>ne</span> <span class='ocrx_word' id='word_1_468' title='bbox 1303 4471 1510 4530; x_wconf 84' lang='lat' dir='ltr'>fallaci</span> <span class='ocrx_word' id='word_1_469' title='bbox 1569 4471 1954 4531; x_wconf 66' lang='lat' dir='ltr'>conﬁdentia</span> <span class='ocrx_word' id='word_1_470' title='bbox 2007 4471 2342 4531; x_wconf 72' lang='lat' dir='ltr'>caecutiant</span> <span class='ocrx_word' id='word_1_471' title='bbox 2399 4477 2459 4531; x_wconf 89' lang='lat' dir='ltr'>et</span> <span class='ocrx_word' id='word_1_472' title='bbox 2517 4470 2767 4542; x_wconf 90' lang='lat' dir='ltr'>cadant,</span> <span class='ocrx_word' id='word_1_473' title='bbox 2832 4489 2936 4529; x_wconf 88' lang='lat' dir='ltr'>eos</span> <span class='ocrx_word' id='word_1_474' title='bbox 2998 4475 3286 4549; x_wconf 83' lang='lat' dir='ltr'>potenter</span> <span class='ocrx_word' id='word_1_475' title='bbox 3345 4486 3706 4529; x_wconf 92' lang='lat' dir='ltr'>commone-</span> 
     </span>
    </p>
   </div>
   <div class='ocr_carea' id='block_1_48' title="bbox 276 4564 3714 4646">
    <p class='ocr_par' dir='ltr' id='par_1_48' title="bbox 276 4564 3714 4646">
     <span class='ocr_line' id='line_1_48' title="bbox 276 4564 3714 4646; baseline 0.001 -25"><span class='ocrx_word' id='word_1_476' title='bbox 276 4564 456 4632; x_wconf 85' lang='lat' dir='ltr'>facit,</span> <span class='ocrx_word' id='word_1_477' title='bbox 522 4565 922 4643; x_wconf 82' lang='lat' dir='ltr'>explanando</span> <span class='ocrx_word' id='word_1_478' title='bbox 983 4567 1101 4627; x_wconf 88' lang='lat' dir='ltr'>hoc</span> <span class='ocrx_word' id='word_1_479' title='bbox 1160 4569 1503 4628; x_wconf 89' lang='lat' dir='ltr'>Salvatoris</span> <span class='ocrx_word' id='word_1_480' title='bbox 1562 4569 1870 4630; x_wconf 71' lang='lat' dir='ltr'>effatum:</span> <span class='ocrx_word' id='word_1_481' title='bbox 1940 4571 2141 4628; x_wconf 88' lang='lat' dir='ltr'>«Non</span> <span class='ocrx_word' id='word_1_482' title='bbox 2201 4586 2417 4627; x_wconf 87' lang='lat' dir='ltr'>omnes</span> <span class='ocrx_word' id='word_1_483' title='bbox 2477 4567 2736 4646; x_wconf 90' lang='lat' dir='ltr'>capiunt</span> <span class='ocrx_word' id='word_1_484' title='bbox 2793 4568 3052 4627; x_wconf 88' lang='lat' dir='ltr'>verbum</span> <span class='ocrx_word' id='word_1_485' title='bbox 3116 4568 3255 4636; x_wconf 92' lang='lat' dir='ltr'>hoc,</span> <span class='ocrx_word' id='word_1_486' title='bbox 3321 4567 3425 4626; x_wconf 90' lang='lat' dir='ltr'>sed</span> <span class='ocrx_word' id='word_1_487' title='bbox 3486 4567 3714 4644; x_wconf 91' lang='lat' dir='ltr'>quibus</span> 
     </span>
    </p>
   </div>
   <div class='ocr_carea' id='block_1_49' title="bbox 274 4662 3708 4744">
    <p class='ocr_par' dir='ltr' id='par_1_49' title="bbox 274 4662 3708 4744">
     <span class='ocr_line' id='line_1_49' title="bbox 274 4662 3708 4744; baseline 0.001 -25"><span class='ocrx_word' id='word_1_488' title='bbox 274 4662 504 4721; x_wconf 89' lang='lat' dir='ltr'>datum</span> <span class='ocrx_word' id='word_1_489' title='bbox 566 4669 658 4722; x_wconf 89' lang='lat' dir='ltr'>est</span> <span class='ocrx_word' id='word_1_490' title='bbox 682 4663 810 4723; x_wconf 66' lang='lat'>5‘.»</span> <span class='ocrx_word' id='word_1_491' title='bbox 878 4667 1218 4743; x_wconf 84' lang='lat' dir='ltr'>Postquam</span> <span class='ocrx_word' id='word_1_492' title='bbox 1270 4667 1345 4744; x_wconf 75' lang='grc' dir='ltr'>(θ)</span> <span class='ocrx_word' id='word_1_493' title='bbox 1401 4686 1436 4726; x_wconf 91' lang='lat' dir='ltr'>a</span> <span class='ocrx_word' id='word_1_494' title='bbox 1499 4667 1930 4726; x_wconf 88' lang='lat' dir='ltr'>voluntatibus</span> <span class='ocrx_word' id='word_1_495' title='bbox 1989 4667 2282 4726; x_wconf 89' lang='lat' dir='ltr'>humanis</span> <span class='ocrx_word' id='word_1_496' title='bbox 2339 4685 2587 4725; x_wconf 91' lang='lat' dir='ltr'>omnem</span> <span class='ocrx_word' id='word_1_497' title='bbox 2650 4666 2905 4726; x_wconf 65' lang='lat' dir='ltr'>fatalem</span> <span class='ocrx_word' id='word_1_498' title='bbox 2966 4667 3396 4725; x_wconf 88' lang='lat' dir='ltr'>necessitatem</span> <span class='ocrx_word' id='word_1_499' title='bbox 3460 4664 3708 4741; x_wconf 91' lang='lat' dir='ltr'>repulit,</span> 
     </span>
    </p>
   </div>
   <div class='ocr_carea' id='block_1_50' title="bbox 273 4757 3717 4842">
    <p class='ocr_par' dir='ltr' id='par_1_50' title="bbox 273 4757 3717 4842">
     <span class='ocr_line' id='line_1_50' title="bbox 273 4757 3717 4842; baseline 0.001 -25"><span class='ocrx_word' id='word_1_500' title='bbox 273 4757 648 4820; x_wconf 87' lang='lat' dir='ltr'>libertatem</span> <span class='ocrx_word' id='word_1_501' title='bbox 703 4763 1086 4834; x_wconf 81' lang='lat' dir='ltr'>asserenda;</span> <span class='ocrx_word' id='word_1_502' title='bbox 1139 4764 1272 4838; x_wconf 86' lang='lat' dir='ltr'>jam</span> <span class='ocrx_word' id='word_1_503' title='bbox 1334 4771 1404 4824; x_wconf 91' lang='lat' dir='ltr'>ut</span> <span class='ocrx_word' id='word_1_504' title='bbox 1459 4783 1674 4824; x_wconf 86' lang='lat' dir='ltr'>eorum</span> <span class='ocrx_word' id='word_1_505' title='bbox 1727 4765 1836 4842; x_wconf 91' lang='lat' dir='ltr'>qui</span> <span class='ocrx_word' id='word_1_506' title='bbox 1887 4764 2006 4823; x_wconf 89' lang='lat' dir='ltr'>sibi</span> <span class='ocrx_word' id='word_1_507' title='bbox 2037 4765 2114 4824; x_wconf 92' lang='lat' dir='ltr'>de</span> <span class='ocrx_word' id='word_1_508' title='bbox 2163 4763 2430 4842; x_wconf 90' lang='lat' dir='ltr'>propriis</span> <span class='ocrx_word' id='word_1_509' title='bbox 2460 4763 2695 4823; x_wconf 91' lang='lat' dir='ltr'>viribus</span> <span class='ocrx_word' id='word_1_510' title='bbox 2727 4763 2985 4822; x_wconf 90' lang='lat' dir='ltr'>nimium</span> <span class='ocrx_word' id='word_1_511' title='bbox 3019 4761 3435 4821; x_wconf 91' lang='lat' dir='ltr'>blandiuntur</span> <span class='ocrx_word' id='word_1_512' title='bbox 3465 4761 3717 4838; x_wconf 81' lang='lat' dir='ltr'>frangat</span> 
     </span>
    </p>
   </div>
   <div class='ocr_carea' id='block_1_51' title="bbox 271 4857 3710 4938">
    <p class='ocr_par' dir='ltr' id='par_1_51' title="bbox 271 4857 3710 4938">
     <span class='ocr_line' id='line_1_51' title="bbox 271 4857 3710 4938; baseline 0.001 -24"><span class='ocrx_word' id='word_1_513' title='bbox 271 4857 670 4933; x_wconf 86' lang='lat' dir='ltr'>superbiam,</span> <span class='ocrx_word' id='word_1_514' title='bbox 733 4861 915 4918; x_wconf 84' lang='lat' dir='ltr'>verba</span> <span class='ocrx_word' id='word_1_515' title='bbox 977 4860 1154 4919; x_wconf 89' lang='lat' dir='ltr'>Pauli</span> <span class='ocrx_word' id='word_1_516' title='bbox 1215 4862 1458 4938; x_wconf 88' lang='lat' dir='ltr'>magnis</span> <span class='ocrx_word' id='word_1_517' title='bbox 1515 4861 1763 4920; x_wconf 87' lang='lat' dir='ltr'>intonat</span> <span class='ocrx_word' id='word_1_518' title='bbox 1819 4862 2126 4921; x_wconf 90' lang='lat' dir='ltr'>vocibus:</span> <span class='ocrx_word' id='word_1_519' title='bbox 2196 4863 2394 4921; x_wconf 81' lang='lat' dir='ltr'>«Non</span> <span class='ocrx_word' id='word_1_520' title='bbox 2453 4868 2546 4920; x_wconf 90' lang='lat' dir='ltr'>est</span> <span class='ocrx_word' id='word_1_521' title='bbox 2602 4860 2891 4930; x_wconf 87' lang='lat' dir='ltr'>volentis,</span> <span class='ocrx_word' id='word_1_522' title='bbox 2957 4878 3160 4936; x_wconf 91' lang='lat' dir='ltr'>neque</span> <span class='ocrx_word' id='word_1_523' title='bbox 3219 4859 3548 4930; x_wconf 89' lang='lat' dir='ltr'>currentis,</span> <span class='ocrx_word' id='word_1_524' title='bbox 3603 4859 3710 4918; x_wconf 86' lang='lat' dir='ltr'>sed</span> 
     </span>
    </p>
   </div>
   <div class='ocr_carea' id='block_1_52' title="bbox 271 4955 3709 5036">
    <p class='ocr_par' dir='ltr' id='par_1_52' title="bbox 271 4955 3709 5036">
     <span class='ocr_line' id='line_1_52' title="bbox 271 4955 3709 5036; baseline 0.001 -24"><span class='ocrx_word' id='word_1_525' title='bbox 271 4955 631 5014; x_wconf 83' lang='lat' dir='ltr'>miserentis</span> <span class='ocrx_word' id='word_1_526' title='bbox 680 4956 788 5015; x_wconf 86' lang='lat' dir='ltr'>Dei</span> <span class='ocrx_word' id='word_1_527' title='bbox 819 4957 900 5028; x_wconf 81' lang='grc'>⁸²;</span> <span class='ocrx_word' id='word_1_528' title='bbox 935 4981 964 5012; x_wconf 88' lang='grc'>››</span> <span class='ocrx_word' id='word_1_529' title='bbox 1029 4977 1103 5017; x_wconf 88' lang='lat' dir='ltr'>ex</span> <span class='ocrx_word' id='word_1_530' title='bbox 1161 4958 1389 5036; x_wconf 90' lang='lat' dir='ltr'>quibus</span> <span class='ocrx_word' id='word_1_531' title='bbox 1434 4960 1520 5018; x_wconf 90' lang='lat' dir='ltr'>sic</span> <span class='ocrx_word' id='word_1_532' title='bbox 1569 4960 1760 5019; x_wconf 83' lang='lat' dir='ltr'>infert</span> <span class='ocrx_word' id='word_1_533' title='bbox 1810 4978 1822 5018; x_wconf 91' lang='lat'>:</span> <span class='ocrx_word' id='word_1_534' title='bbox 1890 4984 1918 5013; x_wconf 82' lang='lat'>«</span> <span class='ocrx_word' id='word_1_535' title='bbox 1974 4960 2286 5030; x_wconf 89' lang='lat' dir='ltr'>Quoniam</span> <span class='ocrx_word' id='word_1_536' title='bbox 2337 4961 2503 5019; x_wconf 91' lang='lat' dir='ltr'>enim</span> <span class='ocrx_word' id='word_1_537' title='bbox 2555 4959 2843 5019; x_wconf 90' lang='lat' dir='ltr'>nonnulli</span> <span class='ocrx_word' id='word_1_538' title='bbox 2889 4964 3053 5029; x_wconf 90' lang='lat' dir='ltr'>sunt,</span> <span class='ocrx_word' id='word_1_539' title='bbox 3091 4957 3196 5034; x_wconf 93' lang='lat' dir='ltr'>qui</span> <span class='ocrx_word' id='word_1_540' title='bbox 3231 4957 3310 5016; x_wconf 95' lang='lat' dir='ltr'>ob</span> <span class='ocrx_word' id='word_1_541' title='bbox 3347 4964 3511 5016; x_wconf 89' lang='lat' dir='ltr'>recte</span> <span class='ocrx_word' id='word_1_542' title='bbox 3543 4957 3709 5016; x_wconf 88' lang='lat' dir='ltr'>facta</span> 
     </span>
    </p>
   </div>
   <div class='ocr_carea' id='block_1_53' title="bbox 274 5052 3706 5135">
    <p class='ocr_par' dir='ltr' id='par_1_53' title="bbox 274 5052 3706 5135">
     <span class='ocr_line' id='line_1_53' title="bbox 274 5052 3706 5135; baseline 0.001 -25"><span class='ocrx_word' id='word_1_543' title='bbox 274 5052 366 5110; x_wconf 86' lang='lat' dir='ltr'>ita</span> <span class='ocrx_word' id='word_1_544' title='bbox 415 5054 641 5112; x_wconf 87' lang='lat' dir='ltr'>animis</span> <span class='ocrx_word' id='word_1_545' title='bbox 692 5053 1055 5124; x_wconf 78' lang='lat' dir='ltr'>efferuntur,</span> <span class='ocrx_word' id='word_1_546' title='bbox 1113 5062 1179 5114; x_wconf 91' lang='lat' dir='ltr'>ut</span> <span class='ocrx_word' id='word_1_547' title='bbox 1238 5055 1298 5113; x_wconf 91' lang='lat' dir='ltr'>id</span> <span class='ocrx_word' id='word_1_548' title='bbox 1350 5063 1549 5116; x_wconf 90' lang='lat' dir='ltr'>totum</span> <span class='ocrx_word' id='word_1_549' title='bbox 1603 5057 1717 5116; x_wconf 88' lang='lat' dir='ltr'>sibi</span> <span class='ocrx_word' id='word_1_550' title='bbox 1769 5057 1918 5134; x_wconf 91' lang='lat' dir='ltr'>ipsis</span> <span class='ocrx_word' id='word_1_551' title='bbox 1968 5057 2305 5128; x_wconf 88' lang='lat' dir='ltr'>ascribant,</span> <span class='ocrx_word' id='word_1_552' title='bbox 2364 5076 2476 5115; x_wconf 91' lang='lat' dir='ltr'>nec</span> <span class='ocrx_word' id='word_1_553' title='bbox 2529 5058 2873 5135; x_wconf 87' lang='lat' dir='ltr'>quidquam</span> <span class='ocrx_word' id='word_1_554' title='bbox 2925 5057 3227 5124; x_wconf 87' lang='lat' dir='ltr'>Creatori,</span> <span class='ocrx_word' id='word_1_555' title='bbox 3280 5062 3340 5115; x_wconf 91' lang='lat' dir='ltr'>et</span> <span class='ocrx_word' id='word_1_556' title='bbox 3383 5055 3706 5133; x_wconf 62' lang='lat' dir='ltr'>sapientim</span> 
     </span>
    </p>
   </div>
   <div class='ocr_carea' id='block_1_54' title="bbox 279 5152 3711 5234">
    <p class='ocr_par' dir='ltr' id='par_1_54' title="bbox 279 5152 3711 5234">
     <span class='ocr_line' id='line_1_54' title="bbox 279 5152 3711 5234; baseline 0.001 -27"><span class='ocrx_word' id='word_1_557' title='bbox 279 5167 497 5210; x_wconf 88' lang='lat' dir='ltr'>eorum</span> <span class='ocrx_word' id='word_1_558' title='bbox 565 5152 832 5220; x_wconf 89' lang='lat' dir='ltr'>auctori,</span> <span class='ocrx_word' id='word_1_559' title='bbox 893 5169 966 5211; x_wconf 90' lang='lat' dir='ltr'>ac</span> <span class='ocrx_word' id='word_1_560' title='bbox 1024 5153 1332 5212; x_wconf 91' lang='lat' dir='ltr'>bonorum</span> <span class='ocrx_word' id='word_1_561' title='bbox 1390 5155 1668 5213; x_wconf 91' lang='lat' dir='ltr'>omnium</span> <span class='ocrx_word' id='word_1_562' title='bbox 1731 5155 2190 5233; x_wconf 88' lang='lat' dir='ltr'>suppeditatori</span> <span class='ocrx_word' id='word_1_563' title='bbox 2247 5161 2575 5234; x_wconf 87' lang='lat' dir='ltr'>acceptum</span> <span class='ocrx_word' id='word_1_564' title='bbox 2642 5157 2877 5220; x_wconf 89' lang='lat' dir='ltr'>ferant,</span> <span class='ocrx_word' id='word_1_565' title='bbox 2945 5155 3037 5212; x_wconf 89' lang='lat' dir='ltr'>his</span> <span class='ocrx_word' id='word_1_566' title='bbox 3100 5154 3304 5212; x_wconf 86' lang='lat' dir='ltr'>verbis</span> <span class='ocrx_word' id='word_1_567' title='bbox 3364 5172 3469 5213; x_wconf 89' lang='lat' dir='ltr'>eos</span> <span class='ocrx_word' id='word_1_568' title='bbox 3526 5154 3711 5213; x_wconf 90' lang='lat' dir='ltr'>docet</span> 
     </span>
    </p>
   </div>
   <div class='ocr_carea' id='block_1_55' title="bbox 284 5248 3706 5329">
    <p class='ocr_par' dir='ltr' id='par_1_55' title="bbox 284 5248 3706 5329">
     <span class='ocr_line' id='line_1_55' title="bbox 284 5248 3706 5329; baseline 0.002 -25"><span class='ocrx_word' id='word_1_569' title='bbox 284 5248 550 5322; x_wconf 87' lang='lat' dir='ltr'>Paulus,</span> <span class='ocrx_word' id='word_1_570' title='bbox 613 5248 784 5328; x_wconf 88' lang='lat' dir='ltr'>quod</span> <span class='ocrx_word' id='word_1_571' title='bbox 845 5249 1049 5327; x_wconf 90' lang='lat' dir='ltr'>ipsum</span> <span class='ocrx_word' id='word_1_572' title='bbox 1107 5251 1296 5310; x_wconf 88' lang='lat' dir='ltr'>etiam</span> <span class='ocrx_word' id='word_1_573' title='bbox 1357 5259 1525 5312; x_wconf 87' lang='lat' dir='ltr'>recte</span> <span class='ocrx_word' id='word_1_574' title='bbox 1585 5252 1742 5312; x_wconf 93' lang='lat' dir='ltr'>velle</span> <span class='ocrx_word' id='word_1_575' title='bbox 1800 5252 2013 5312; x_wconf 92' lang='lat' dir='ltr'>divino</span> <span class='ocrx_word' id='word_1_576' title='bbox 2070 5251 2352 5328; x_wconf 91' lang='lat' dir='ltr'>indigeat</span> <span class='ocrx_word' id='word_1_577' title='bbox 2409 5252 2692 5324; x_wconf 87' lang='lat' dir='ltr'>auxilio;</span> <span class='ocrx_word' id='word_1_578' title='bbox 2755 5252 2920 5323; x_wconf 90' lang='lat' dir='ltr'>imo,</span> <span class='ocrx_word' id='word_1_579' title='bbox 2987 5253 3212 5310; x_wconf 89' lang='lat' dir='ltr'>rectius</span> <span class='ocrx_word' id='word_1_580' title='bbox 3272 5252 3533 5329; x_wconf 90' lang='lat' dir='ltr'>loquar,</span> <span class='ocrx_word' id='word_1_581' title='bbox 3597 5269 3706 5310; x_wconf 89' lang='lat' dir='ltr'>vo-</span> 
     </span>
    </p>
   </div>
   <div class='ocr_carea' id='block_1_56' title="bbox 289 5341 3708 5427">
    <p class='ocr_par' dir='ltr' id='par_1_56' title="bbox 289 5341 3708 5427">
     <span class='ocr_line' id='line_1_56' title="bbox 289 5341 3708 5427; baseline 0.002 -27"><span class='ocrx_word' id='word_1_582' title='bbox 289 5341 484 5406; x_wconf 83' lang='lat' dir='ltr'>luntas</span> <span class='ocrx_word' id='word_1_583' title='bbox 539 5364 804 5426; x_wconf 89' lang='lat' dir='ltr'>quoque</span> <span class='ocrx_word' id='word_1_584' title='bbox 860 5345 1021 5423; x_wconf 89' lang='lat' dir='ltr'>ipsa,</span> <span class='ocrx_word' id='word_1_585' title='bbox 1082 5354 1144 5406; x_wconf 92' lang='lat' dir='ltr'>et</span> <span class='ocrx_word' id='word_1_586' title='bbox 1200 5347 1422 5408; x_wconf 92' lang='lat' dir='ltr'>electio</span> <span class='ocrx_word' id='word_1_587' title='bbox 1480 5367 1724 5422; x_wconf 89' lang='lat' dir='ltr'>eorum,</span> <span class='ocrx_word' id='word_1_588' title='bbox 1785 5367 1927 5426; x_wconf 78' lang='lat' dir='ltr'>quae</span> <span class='ocrx_word' id='word_1_589' title='bbox 1984 5356 2156 5408; x_wconf 89' lang='lat' dir='ltr'>recta</span> <span class='ocrx_word' id='word_1_590' title='bbox 2213 5354 2274 5407; x_wconf 90' lang='lat' dir='ltr'>et</span> <span class='ocrx_word' id='word_1_591' title='bbox 2331 5366 2472 5407; x_wconf 91' lang='lat' dir='ltr'>cum</span> <span class='ocrx_word' id='word_1_592' title='bbox 2535 5349 2744 5409; x_wconf 88' lang='lat' dir='ltr'>ofﬁcio</span> <span class='ocrx_word' id='word_1_593' title='bbox 2803 5349 3144 5427; x_wconf 81' lang='lat' dir='ltr'>conjuncta</span> <span class='ocrx_word' id='word_1_594' title='bbox 3199 5356 3367 5421; x_wconf 90' lang='lat' dir='ltr'>sunt,</span> <span class='ocrx_word' id='word_1_595' title='bbox 3426 5348 3708 5408; x_wconf 92' lang='lat' dir='ltr'>divinum</span> 
     </span>
    </p>
   </div>
   <div class='ocr_carea' id='block_1_57' title="bbox 345 5485 2129 5556">
    <p class='ocr_par' dir='ltr' id='par_1_57' title="bbox 345 5485 2129 5556">
     <span class='ocr_line' id='line_1_57' title="bbox 345 5485 2129 5556; baseline -0.001 -11"><span class='ocrx_word' id='word_1_596' title='bbox 345 5486 384 5520; x_wconf 77' lang='grc'>⁵⁰</span> <span class='ocrx_word' id='word_1_597' title='bbox 408 5488 577 5547; x_wconf 84' lang='lat' dir='ltr'>Rom.</span> <span class='ocrx_word' id='word_1_598' title='bbox 611 5504 719 5556; x_wconf 83' lang='lat' dir='ltr'>v11,</span> <span class='ocrx_word' id='word_1_599' title='bbox 764 5485 946 5540; x_wconf 81' lang='lat'>15-25.</span> <span class='ocrx_word' id='word_1_600' title='bbox 1024 5486 1067 5520; x_wconf 82' lang='grc'>⁵¹</span> <span class='ocrx_word' id='word_1_601' title='bbox 1097 5486 1303 5543; x_wconf 85' lang='lat' dir='ltr'>Matth.</span> <span class='ocrx_word' id='word_1_602' title='bbox 1334 5504 1452 5556; x_wconf 72' lang='lat' dir='ltr'><strong>xxx,</strong></span> <span class='ocrx_word' id='word_1_603' title='bbox 1485 5489 1571 5544; x_wconf 89' lang='grc'>11.</span> <span class='ocrx_word' id='word_1_604' title='bbox 1649 5489 1694 5524; x_wconf 74' lang='grc'>⁸³</span> <span class='ocrx_word' id='word_1_605' title='bbox 1723 5489 1890 5544; x_wconf 82' lang='lat' dir='ltr'>Rom.</span> <span class='ocrx_word' id='word_1_606' title='bbox 1926 5505 2004 5555; x_wconf 84' lang='lat' dir='ltr'>1x,</span> <span class='ocrx_word' id='word_1_607' title='bbox 2042 5489 2129 5544; x_wconf 86' lang='grc'>16.</span> 
     </span>
    </p>
   </div>
   <div class='ocr_carea' id='block_1_58' title="bbox 325 5620 1936 5699">
    <p class='ocr_par' dir='ltr' id='par_1_58' title="bbox 325 5620 1218 5699">
     <span class='ocr_line' id='line_1_58' title="bbox 325 5620 1218 5699; baseline -0.011 -13"><span class='ocrx_word' id='word_1_608' title='bbox 325 5625 396 5699; x_wconf 82' lang='lat' dir='ltr'>(a)</span> <span class='ocrx_word' id='word_1_609' title='bbox 434 5627 637 5685; x_wconf 86' lang='lat' dir='ltr'>Carm.</span> <span class='ocrx_word' id='word_1_610' title='bbox 676 5623 735 5695; x_wconf 79' lang='grc'>4,</span> <span class='ocrx_word' id='word_1_611' title='bbox 775 5637 834 5699; x_wconf 53' lang='grc' dir='ltr'>ξιξ</span> <span class='ocrx_word' id='word_1_612' title='bbox 869 5620 939 5674; x_wconf 82' lang='grc'>71</span> <span class='ocrx_word' id='word_1_613' title='bbox 970 5623 1028 5674; x_wconf 88' lang='lat' dir='ltr'>et</span> <span class='ocrx_word' id='word_1_614' title='bbox 1057 5636 1218 5692; x_wconf 84' lang='lat' dir='ltr'>seqq.</span> 
     </span>
    </p>
   </div>
   <div class='ocr_carea' id='block_1_59' title="bbox 1055 5620 2666 5699">
    <p class='ocr_par' dir='ltr' id='par_1_59' title="bbox 1057 5620 2666 5699">
     <span class='ocr_line' id='line_1_59' title="bbox 1057 5620 2666 5699; baseline 0.001 -24"><span class='ocrx_word' id='word_1_615' title='bbox 1057 5636 1218 5692; x_wconf 84' lang='lat' dir='ltr'>seqq.</span> <span class='ocrx_word' id='word_1_616' title='bbox 2119 5620 2194 5699; x_wconf 77' lang='grc' dir='ltr'>(ἀ)</span> <span class='ocrx_word' id='word_1_617' title='bbox 2234 5623 2329 5699; x_wconf 79' lang='lat' dir='ltr'>9r.</span> <span class='ocrx_word' id='word_1_618' title='bbox 2362 5621 2452 5699; x_wconf 59' lang='grc' dir='ltr'>ἓξ,</span> <span class='ocrx_word' id='word_1_619' title='bbox 2487 5639 2544 5677; x_wconf 93' lang='lat' dir='ltr'>n.</span> <span class='ocrx_word' id='word_1_620' title='bbox 2577 5624 2666 5699; x_wconf 81' lang='lat' dir='ltr'>_2_I.</span> 
     </span>
    </p>
   </div>
   <div class='ocr_carea' id='block_1_60' title="bbox 315 5692 1926 5773">
    <p class='ocr_par' dir='ltr' id='par_1_60' title="bbox 315 5692 858 5773">
     <span class='ocr_line' id='line_1_60' title="bbox 315 5692 858 5773; baseline -0.028 -15"><span class='ocrx_word' id='word_1_621' title='bbox 315 5692 386 5773; x_wconf 69' lang='grc' dir='ltr'>(ω’</span> <span class='ocrx_word' id='word_1_622' title='bbox 421 5702 518 5760; x_wconf 84' lang='lat' dir='ltr'>Or.</span> <span class='ocrx_word' id='word_1_623' title='bbox 553 5701 613 5769; x_wconf 88' lang='lat'>6,</span> <span class='ocrx_word' id='word_1_624' title='bbox 652 5692 726 5753; x_wconf 70' lang='lat' dir='ltr'>n.</span> <span class='ocrx_word' id='word_1_625' title='bbox 766 5692 858 5773; x_wconf 66' lang='lat' dir='ltr'>1g.</span> 
     </span>
    </p>
   </div>
   <div class='ocr_carea' id='block_1_61' title="bbox 1049 5692 2660 5773">
    <p class='ocr_par' dir='ltr' id='par_1_61' title="bbox 2119 5692 2660 5766">
     <span class='ocr_line' id='line_1_61' title="bbox 2119 5692 2660 5766; baseline 0 -18"><span class='ocrx_word' id='word_1_626' title='bbox 2119 5692 2188 5766; x_wconf 86' lang='lat' dir='ltr'>(c)</span> <span class='ocrx_word' id='word_1_627' title='bbox 2229 5693 2325 5748; x_wconf 89' lang='lat' dir='ltr'>0r.</span> <span class='ocrx_word' id='word_1_628' title='bbox 2357 5694 2448 5764; x_wconf 87' lang='lat'>37,</span> <span class='ocrx_word' id='word_1_629' title='bbox 2480 5712 2539 5749; x_wconf 91' lang='lat' dir='ltr'>n.</span> <span class='ocrx_word' id='word_1_630' title='bbox 2576 5695 2660 5749; x_wconf 84' lang='lat'>13.</span> 
     </span>
    </p>
   </div>
   <div class='ocr_carea' id='block_1_62' title="bbox 4 6359 514 6412">
    <p class='ocr_par' dir='ltr' id='par_1_62' title="bbox 8 6359 510 6412">
     <span class='ocr_line' id='line_1_62' title="bbox 8 6359 510 6412; baseline -0.002 -30"><span class='ocrx_word' id='word_1_631' title='bbox 8 6381 120 6412; x_wconf 36' lang='grc' dir='ltr'>ΚΔ</span> <span class='ocrx_word' id='word_1_632' title='bbox 157 6373 174 6392; x_wconf 66' lang='grc'>;,.</span> <span class='ocrx_word' id='word_1_633' title='bbox 201 6359 510 6412; x_wconf 35' lang='grc' dir='ltr'>Μεχενεε-ἰίκξτν-ιυ</span> 
     </span>
    </p>
   </div>
  </div>
