4080 6422
426 423 538 482 12⁸7
1435 427 1854 488 ΡΒᾸΕΕἊΤΙΟ
1901 427 2037 488 GEI‘

2233 427 2359 488 LlS.
2379 459 2456 473 -ο
2484 426 2688 489 PARS
2729 425 2836 488 lli.
3727 421 3844 486 128

425 558 748 634 quoddam
798 558 1174 622 beneficium
1224 566 1336 636 est,
1396 568 1585 641 atque
1642 581 1678 622 a
1737 562 1846 622 Dei
1891 561 2280 640 benignitate
2333 579 2697 620 manans....
2749 559 2984 622 Idcirco
3033 558 3166 621 ait:
3227 580 3259 616 α
3310 574 3435 616 non
3486 555 3782 627 volentis,
3831 579 3858 609 ι

422 652 486 711 id
540 661 653 728 est,
707 676 831 716 non
882 657 1083 717 solum
1135 659 1427 732 volentis,
1495 684 1524 714 ‹‹
1573 677 1686 719 nec
1739 659 2112 720 currentis»
2175 659 2398 732 solum,
2471 681 2501 712 «
2545 658 2650 716 sed
2704 681 2732 711 »
2796 656 2985 716 etiam
3049 680 3076 710 ι
3115 654 3464 715 miserentis
3495 653 3625 712 Dei.
3667 677 3696 708 ››
3760 655 3854 713 Ita

426 752 726 828 quoniam
787 755 944 814 velle
1005 775 1253 834 quoque
1312 759 1517 836 ipsum
1576 777 1612 817 a
1670 762 1796 818 Deo
1855 763 1968 833 est,
2029 757 2269 836 optimo
2322 758 2465 834 jure
2519 763 2721 817 totum
2784 757 2909 816 Deo
2969 754 3332 834 assignavit.
3377 751 3859 824 Quantumlibet

427 868 665 927 curras,
719 859 1181 935 quantumlibet
1232 866 1451 934 certes,
1513 878 1671 939 Opus
1725 861 1922 919 habes
1979 877 2052 919 eo
2108 859 2217 938 qui
2274 858 2384 918 dat
2440 874 2761 917 coronam.
2830 877 2859 912 (ι
2909 854 3036 915 Nisi
3086 854 3390 914 Dominus
3447 850 3864 911 aediﬁcaverit

428 952 729 1026 domum,
808 956 872 1015 in
929 976 1159 1018 vanum
1219 959 1667 1020 laboraverunt
1724 959 1832 1038 qui
1892 957 2206 1020 aedificant
2262 974 2426 1020 eam.
2503 954 2633 1016 Nisi
2693 954 2997 1015 Dominus
3067 951 3434 1014 custodierit.
3490 949 3856 1013 civitatem,

428 1050 661 1110 frustra
716 1053 936 1132 vigilat
983 1056 1091 1132 qui
1140 1057 1411 1117 custodit
1458 1076 1595 1117 eam
1629 1058 1696 1116 ⁵³.
1739 1083 1765 1113 ι»
1819 1058 1987 1129 Scio,
2037 1056 2266 1136 inquit,
2309 1056 2479 1135 quod
2529 1073 2640 1115 nec
2691 1052 2998 1114 velocium
3050 1070 3268 1115 cursus
3316 1055 3408 1111 est
3456 1066 3570 1108 nec
3619 1045 3858 1105 bellum

427 1147 705 1223 fortium,
743 1171 854 1212 nec
896 1155 1313 1232 pugnantium
1348 1155 1633 1227 victoria,
1671 1173 1784 1215 nec
1831 1172 2128 1235 prospere
2162 1153 2595 1233 navigantium
2645 1157 2864 1232 portus
2898 1169 2913 1224 ;
2974 1150 3083 1210 sed
3131 1150 3242 1212 Dei
3289 1154 3399 1221 est,
3435 1154 3498 1207 et
3529 1143 3856 1204 victoriam

427 1245 674 1321 afferre,
710 1257 771 1308 et
807 1250 1187 1311 incolumem
1220 1253 1524 1332 scapham
1556 1255 1618 1313 in
1652 1259 1903 1333 portum
1937 1253 2300 1332 perducere.
2333 1276 2362 1308 υ

508 1344 665 1414 Quid
727 1348 964 1426 plura?
1025 1356 1085 1410 et
1134 1351 1283 1429 quid
1336 1353 1453 1412 sibi
1505 1371 1804 1430 arrogare
1852 1352 2133 1412 humana
2178 1350 2471 1410 voluntas
2525 1354 2893 1427 praasumat,
2945 1364 3088 1408 cum
3137 1353 3199 1406 et
3244 1346 3380 1423 ipsa
3428 1344 3596 1402 bona
3627 1338 3859 1400 volun-

427 1447 547 1515 tas,
600 1450 660 1504 et
709 1447 931 1508 electio
982 1449 1057 1508 ad
1110 1457 1278 1510 recte
1324 1452 1663 1528 agendum,
1720 1458 1780 1510 et
1829 1450 2008 1510 labor
2057 1455 2118 1508 et
2167 1467 2384 1509 cursus
2435 1453 2496 1507 et
2542 1446 2807 1506 victoria
2857 1451 2916 1505 et
2967 1443 3389 1514 incolumitas,
3442 1448 3503 1501 et
3549 1436 3859 1517 quidquid

426 1540 690 1617 cogitari
750 1551 955 1622 potest
1014 1565 1213 1625 usque
1271 1548 1349 1607 ad
1409 1548 1802 1626 triumphum
1861 1554 1924 1608 et.
1978 1547 2232 1625 plenam
2292 1551 2430 1624 post
2490 1544 2771 1624 pericula
2827 1543 3268 1613 securitatem,
3331 1546 3531 1599 totum
3591 1541 3717 1598 Deo
3779 1535 3858 1595 sit

427 1640 669 1717 optimo
720 1643 865 1720 jure
927 1644 1391 1704 tribuendum?
1450 1647 1604 1706 Hinc
1664 1647 1713 1705 si
1768 1649 1896 1706 Deo
1954 1663 2239 1716 munera,
2301 1645 2463 1720 grati
2524 1643 2719 1702 animi
2794 1641 3118 1718 obsequia,
3181 1640 3407 1700 offerre
3467 1637 3856 1697 studeamus.

429 1757 554 1796 non
616 1757 651 1798 a
709 1739 888 1800 nobis
945 1748 1246 1820 tanquam
1307 1762 1382 1802 ex
1441 1743 1619 1803 nobis
1675 1743 1812 1805 hinc
1867 1761 2274 1823 promamus,
2324 1741 2432 1802 sed
2491 1747 2795 1818 tanquam
2872 1739 3039 1799 dona
3111 1737 3307 1818 ipsius
3365 1735 3856 1804 muniﬁcentiae,

429 1842 620 1914 prout
673 1845 842 1911 sunt,
902 1839 1181 1899 dicemus
1239 1840 1294 1900 ei
1354 1848 1415 1900 et
1471 1859 1810 1901 voveamus
1861 1859 1876 1913 ;
1939 1841 2108 1919 quod
2167 1847 2229 1900 et
2285 1839 2534 1918 pietatis
2593 1838 2866 1898 officium
2929 1839 3055 1897 Deo
3115 1834 3538 1913 gratissimum
3597 1840 3692 1892 est
3749 1850 3863 1891 no-

430 1933 652 2013 bisque
709 1937 1216 1997 saluberrimum.
1287 1963 1316 1994 «
1359 1939 1556 2011 Alius,
1616 1940 1823 2017 inquit
1881 1939 1985 2018 (a),
2049 1939 2254 1999 minus
2311 1938 2590 2016 quidem,
2654 1937 2816 1996 alius
2871 1935 3099 2014 majus,
3157 1951 3378 1995 omnes
3433 1938 3643 1992 tamen
3702 1931 3864 1990 citra

433 2035 864 2112 exceptionem
923 2036 1286 2110 offeramus,
1347 2038 1408 2097 in
1468 2057 1626 2116 opus
1682 2039 2060 2116 perfectum,
2121 2038 2183 2097 in
2241 2035 2675 2096 habitaculum
2732 2033 2993 2107 Christi,
3052 2035 3116 2092 in
3175 2031 3480 2110 templum
3539 2035 3853 2100 sanctum,

431 2133 924 2193 architectonica
983 2136 1253 2214 Spiritus
1329 2142 1462 2195 arte
1538 2137 1879 2196 constructi
1953 2143 2015 2195 et
2070 2134 2518 2212 coagmentati.
2554 2133 2713 2193 illud
2773 2133 3026 2211 quidem
3083 2129 3343 2190 minime
3395 2127 3661 2187 dubium
3719 2133 3853 2199 est,

431 2231 604 2307 quin,
659 2230 906 2289 etiamsi
963 2233 1178 2291 omnia
1235 2233 1709 2305 contulerimus,
1770 2233 1972 2294 minus
2023 2239 2233 2292 tamen
2285 2230 2576 2291 collaturi
2623 2231 2838 2300 simus,
2892 2247 3082 2306 quam
3133 2227 3514 2305 accepimus.
3565 2224 3857 2296 Quando~

433 2328 686 2405 quidem
748 2328 939 2388 divini
999 2331 1284 2389 beneficii
1340 2337 1432 2390 est
1490 2333 1657 2410 quod
1716 2350 1963 2404 sumus,
2027 2331 2195 2407 quod
2253 2331 2449 2389 Deum
2511 2328 2980 2406 cognoscimus,
3044 2326 3342 2404 quodque
3395 2324 3618 2393 etiam,
3682 2323 3857 2400 quod

435 2426 814 2498 offeramus,
900 2427 1227 2487 habemus.
1291 2450 1319 2485 »
1405 2429 1686 2490 Tandem
1747 2429 2089 2507 quemlibet
2165 2428 2516 2506 profectum
2575 2426 2638 2485 in
2692 2425 2920 2485 virtute
2993 2423 3361 2495 fecerimus,
3448 2420 3860 2500 quantumvis

432 2524 841 2584 immutemur
895 2525 958 2584 in
1021 2526 1261 2600 melius,
1315 2547 1439 2587 non
1499 2527 1678 2587 nobis
1737 2527 2146 2604 gratulemur,
2201 2527 2308 2585 sed
2358 2525 2484 2583 Deo
2531 2522 2767 2602 gratias
2824 2522 3191 2592 referamus,
3247 2519 3428 2598 cujus
3473 2518 3739 2578 dextera
3786 2518 3859 2577 ﬁt

434 2622 569 2681 haec
628 2622 996 2701 quotidiana
1055 2642 1297 2684 morum
1357 2625 1737 2694 emendatio,
1799 2631 1867 2683 ut
1927 2624 2263 2701 Gregorius
2321 2623 2656 2682 confirmat
2713 2620 2847 2680 haec
2898 2619 3091 2680 verba
3149 2619 3489 2696 Scriptura;
3546 2616 3855 2692 interpre—

430 2722 672 2781 tando:
727 2745 755 2775 α
790 2720 930 2781 Νοη
979 2722 1292 2802 apparesz
1342 2724 1403 2782 ιή
1451 2733 1759 2803 conspectu
1805 2741 1928 2781 meo
1976 2741 2188 2782 vacuus
2216 2722 2261 2756 “
2291 2743 2317 2779 η
2371 2741 2384 2782 :
2444 2722 2731 2780 «Verum
2782 2719 2834 2778 si
2881 2717 3030 2796 quid
3083 2716 3331 2796 pulchri
3377 2715 3595 2786 habes,
3644 2720 3842 2773 tecum

429 2819 613 2878 feres.
675 2822 752 2878 At
803 2838 990 2891 nunc,
1053 2821 1258 2897 inquit
1305 2820 1410 2900 (ὁ),
1474 2822 1717 2880 diverso
1777 2822 1966 2880 modo
2023 2839 2223 2880 novus
2278 2837 2536 2898 appare,
2588 2819 2677 2878 sic
2735 2834 2982 2895 nempe,
3043 2822 3114 2875 ut
3169 2821 3337 2874 totus
3393 2811 3846 2872 immuteris....

432 2917 588 2976 Huic
650 2918 834 2990 festo,
888 2919 1162 2978 muneris
1220 2919 1381 2990 loco,
1435 2919 1803 2998 praeclaram
1862 2919 2276 2979 mutationem
2328 2918 2502 2989 offer,
2558 2935 2629 2976 ac
2686 2934 2764 2976 ne
2817 2915 2905 2975 sic
2963 2914 3217 2992 quidem
3277 2911 3610 2991 magnifice
3667 2911 3742 2969 de
3793 2916 3858 2969 te

428 3017 684 3084 sentias,
736 3034 951 3075 verum
1011 3017 1108 3076 dic
1167 3035 1309 3076 cum
1364 3018 1641 3079 Davide:
1700 3041 1729 3072 ‹‹
1764 3021 1907 3076 Ηεεο
1956 3017 2220 3077 mutatio
2269 3018 2540 3076 dexterae
2591 3013 2927 3086 Excelsi“,
2963 3034 2990 3070 ι)
3043 3032 3080 3072 a
3129 3030 3255 3090 quo
3305 3015 3640 3090 promanat
3669 3007 3856 3087 quid-

427 3113 580 3190 quid
641 3113 720 3172 ab
782 3113 1145 3175 hominibus
1201 3123 1367 3176 recte
1425 3124 1487 3177 et
1543 3135 1683 3176 cum
1744 3117 1930 3175 laude
1988 3116 2244 3194 geritur.
2290 3139 2319 3169 ››

509 3211 657 3282 Quis
715 3217 924 3271 autem
984 3214 1148 3272 inter
1205 3219 1299 3274 tot
1354 3215 1675 3294 pericula,
1758 3220 1850 3273 tot
1908 3215 2324 3274 tentationum
2382 3211 2600 3291 praelia
2656 3211 2875 3271 ﬁrmus
2929 3216 2990 3269 et
3045 3227 3303 3270 securus
3360 3206 3726 3286 gradietur,
3812 3206 3866 3266 si

431 3309 601 3368 solus
660 3317 878 3370 contra
936 3311 1148 3371 hostes
1207 3319 1334 3372 tam
1393 3313 1828 3372 formidandos
1881 3331 2164 3391 pugnare
2223 3318 2486 3389 cogatur
2534 3312 2563 3368 ?
2640 3313 2816 3370 Nunc
2874 3327 3023 3386 ergo
3082 3306 3552 3367 sollicitationes
3610 3304 3860 3376 mundi,

425 3406 737 3485 impulsus
794 3408 1053 3480 diaboli,
1114 3411 1318 3469 carnis
1377 3410 1791 3483 titillationes,
1852 3411 2217 3489 cupidinum
2279 3416 2487 3477 aestus,
2555 3414 2615 3468 et
2671 3406 2979 3486 quidquid
3039 3405 3322 3464 animum
3380 3422 3417 3465 a
3473 3403 3706 3464 virtute
3759 3402 3870 3462 de-

419 3503 614 3581 jicere
665 3511 889 3583 potest,
925 3525 1244 3586 superare.
1281 3509 1699 3587 comprimere
1747 3515 1808 3568 et
1855 3508 2272 3586 exstinguere,
2310 3507 2520 3567 nullus
2560 3525 2709 3566 sane
2751 3511 2958 3584 potest
2996 3503 3115 3563 nisi
3155 3521 3274 3580 ope
3313 3502 3525 3561 divina
3572 3502 3865 3560 munitus

425 3609 486 3662 et
517 3603 792 3683 adjutus,
849 3612 916 3665 ut
960 3607 1294 3684 Gregorius
1343 3608 1528 3666 docet
1557 3607 1682 3686 (c):

1071 3731 1130 3803 Si
1161 3732 1385 3800 tremis,
1422 3732 1561 3803 quia
1593 3730 1872 3803 stipulam
1912 3729 2169 3803 scintilla
2211 3729 2352 3803 levis
2398 3728 2663 3803 accendit
2695 3745 2706 3782 :

1067 3802 1323 3858 Conﬁde.
1361 3801 1552 3858 Imber
1591 3820 1621 3858 e
1653 3801 1796 3858 cmlo
1835 3802 2201 3874 refrigerabit
2229 3802 2525 3874 ingentem
2561 3801 2882 3854 ﬂammam.

427 3916 664 3986 Quibus
717 3916 1008 3977 addenda
1065 3937 1207 3996 quae
1265 3919 1653 3995 Augustinus
1712 3917 1797 3998 (d)
1874 3937 1951 3978 ex
2011 3916 2336 3995 deperdito
2395 3933 2585 3993 opere
2645 3913 2927 3992 Gregorii
2985 3911 3296 3991 decerpsit
3367 3916 3429 3970 et
3511 3908 3770 3987 protulit
3840 3928 3856 3969 :

435 4038 464 4072 «
512 4017 738 4076 Anima
786 4037 1084 4096 namque,
1139 4036 1281 4078 cum
1332 4019 1396 4077 in
1454 4019 1775 4079 laboribus
1821 4019 2008 4080 fuerit
2057 4024 2120 4079 et
2176 4019 2236 4077 in
2299 4016 2627 4095 angustiis,
2679 4034 2821 4075 cum
2872 4014 3184 4075 hostiliter
3236 4018 3494 4089 urgetur
3546 4029 3585 4071 a
3641 4027 3853 4082 carne,

430 4118 581 4172 tunc
639 4115 716 4173 ad
775 4117 972 4175 Deum
1033 4117 1281 4192 refugit,
1343 4123 1403 4176 et
1461 4118 1778 4194 cognoscit
1837 4117 2003 4176 unde
2061 4117 2285 4176 debeat
2343 4114 2645 4175 auxilium
2704 4131 2983 4193 poscere.
3041 4136 3067 4167 ι

512 4212 651 4271 Jam
710 4231 858 4272 vero
918 4220 986 4271 ut
1043 4214 1160 4272 sibi
1219 4234 1553 4294 supernam
1607 4216 1899 4274 virtutem
1963 4214 2271 4284 conciliet,
2333 4212 2482 4290 quid
2539 4211 2902 4289 sapientius,
2965 4207 3117 4288 quid
3175 4207 3490 4267 salubrius
3549 4206 3860 4284 languens

432 4315 493 4370 et
549 4310 862 4371 invalidus
919 4313 1323 4390 excogitaret,
1387 4332 1578 4391 quam
1642 4319 1842 4373 totum
1903 4312 2130 4372 divinae
2189 4311 2408 4390 gratiae
2465 4328 2528 4370 se
2585 4309 3014 4380 committere,
3078 4307 3205 4366 suis
3262 4305 3592 4366 conatibus
3643 4304 3856 4364 nullo-

435 4408 620 4467 modo
675 4409 1064 4468 subnixum?
1118 4413 1239 4470 Nec
1295 4410 1499 4470 minus
1549 4410 1944 4491 probandum
1999 4410 2071 4485 si,
2105 4409 2413 4488 quidquid
2465 4412 2687 4486 potest,
2724 4405 3031 4485 quidquid
3073 4404 3261 4476 valet,
3295 4402 3538 4462 Christo
3590 4401 3871 4462 libenter

431 4506 645 4566 omnia
676 4506 1001 4567 concedat.

1077 4634 1141 4704 (ϐ)
1183 4636 1246 4688 In
1279 4639 1354 4701 te,
1388 4633 1634 4695 Christe,
1675 4633 1802 4704 plus
1834 4633 2018 4687 habeo
2052 4632 2275 4687 ﬁduciae
2307 4648 2483 4702 quam
2527 4631 2582 4685 in
2618 4630 2924 4685 conatibus
2957 4628 3168 4684 meis...

1075 4707 1140 4776 (Γ)
1183 4706 1261 4759 Ex
1293 4710 1368 4772 te,
1414 4706 1471 4758 in
1504 4713 1578 4773 te,
1612 4705 1805 4771 Beate,
1839 4721 2045 4759 rursus
2075 4704 2307 4758 intueor
2338 4704 2524 4776 robur
2547 4719 2810 4776 meum...

1074 4773 1144 4846 (g)
1188 4777 1304 4831 Rex
1337 4777 1583 4844 Christe,
1617 4783 1678 4831 tu
1713 4776 1857 4831 mihi
1889 4776 2100 4847 patria,
2134 4777 2331 4842 robur,
2366 4773 2599 4843 divitiae,
2633 4773 2852 4828 omnia.

431 4897 505 4952 Et
557 4898 796 4971 quanta
853 4893 931 4953 sit
990 4894 1210 4972 gratiae
1268 4895 1486 4965 virtus,
1551 4901 1790 4972 quanta
1848 4893 1983 4971 ejus
2040 4893 2104 4952 in
2164 4892 2353 4952 corde
2413 4894 2721 4950 movendo
2774 4888 3134 4959 efﬁcacitas,
3194 4887 3376 4947 nobis
3423 4885 3699 4965 graviter
3755 4883 3868 4944 in-

429 4991 659 5064 culcat,
722 4991 871 5050 dum
930 4993 1114 5052 toties
1174 4994 1418 5069 profert
1472 4992 1778 5052 miracula
1835 5009 1976 5071 quae
2034 4990 2319 5051 Christus
2376 4989 2747 5068 corporibus
2804 4986 3099 5048 sanandis
3154 4985 3368 5058 edidit,
3423 4991 3490 5043 ut
3547 4983 3685 5062 ejus
3741 5001 3871 5061 po-

434 5089 693 5149 tentiam
759 5091 1064 5150 illustrius
1123 5090 1532 5149 demonstret.
1630 5116 1658 5144 ‹‹
1713 5091 1924 5150 Jesum
1981 5087 2254 5162 videbis,
2337 5087 2544 5166 inquit
2596 5085 2719 5167 (h),
2777 5085 3143 5163 angelorum
3205 5081 3548 5142 ministerio
3607 5081 3733 5153 uti,
3797 5087 3875 5141 et

438 5190 690 5251 morbos
743 5209 960 5250 omnes
1011 5209 1085 5250 ac
1140 5190 1478 5268 languores
1526 5207 1769 5262 curare,
1821 5195 1881 5248 et
1938 5193 2220 5249 mortuos
2277 5188 2355 5248 ad
2417 5188 2607 5247 vitam
2662 5203 2975 5253 revocare.
3019 5181 3553 5262 quemadmodum
3610 5181 3870 5243 utinam

437 5292 495 5347 te
552 5306 804 5366 quoque
863 5287 1006 5348 ﬁdei
1065 5289 1372 5367 pravitate
1433 5295 1839 5348 mortuum.»
1899 5289 2166 5347 Tantam
2224 5287 2450 5346 divinae
2505 5284 2725 5364 gratia:
2774 5282 3094 5356 fiduciam,
3145 5287 3388 5342 tantam
3441 5281 3518 5341 de
3566 5297 3680 5340 sua
3721 5278 3873 5339 efﬁ—

506 5431 551 5466 ⁸³
583 5429 736 5486 Psal.
772 5447 959 5496 cxxvx,
995 5433 1046 5484 1.
1123 5432 1167 5465 ⁵⁸
1202 5431 1375 5486 Exod.
1410 5446 1600 5499 XXXIV,
1632 5431 1721 5484 20.
1800 5431 1843 5464 ⁵⁵
1874 5429 2026 5486 Psal.
2062 5447 2117 5484 ι]

772 5447 959 5496 cxxvx,
995 5433 1046 5484 1.
1123 5432 1167 5465 ⁵⁸
1202 5431 1375 5486 Exod.
1410 5446 1600 5499 XXXIV,
1632 5431 1721 5484 20.
1800 5431 1843 5464 ⁵⁵
1874 5429 2026 5486 Psal.
2062 5446 2247 5496 Lxxw,
2283 5430 2369 5484 11.

507 5566 582 5636 (a)
626 5565 719 5619 Or.
757 5565 843 5631 19,
878 5582 934 5619 n.
969 5566 1024 5619 8.
2275 5565 2341 5627 (el
2383 5564 2576 5636 Carm.
2608 5562 2698 5615 97.

511 5630 581 5706 ib)
622 5636 716 5690 Or.
752 5630 838 5703 (ili,
873 5655 929 5690 n.
962 5637 1016 5689 8.

2273 5637 2346 5706 (κ)
2387 5633 2580 5706 Carm.
2618 5636 2668 5700 8,
2700 5650 2756 5688 ν.
2796 5630 3023 5704 penult.

511 5701 578 5776 (ε)
621 5701 922 5763 Οανωζώ.
957 5709 1009 5775 3,
1042 5725 1094 5762 ν.
1131 5709 1220 5770 66,
1253 5707 1342 5760 67.
2274 5701 2346 5777 (g)
2386 5705 2577 5777 Carm.
2612 5709 2698 5759 De
2725 5701 2838 5759 rei).
2871 5719 3005 5767 suas,
3040 5701 3195 5756 circa
3226 5701 3424 5756 ﬁnem.

514 5777 587 5848 (ά)
626 5781 797 5850 Aug,
831 5778 869 5833 Ι.
903 5797 958 5834 χι
991 5788 1135 5835 cont.
1168 5779 1302 5848 Jul.,
1339 5796 1394 5832 n.
1428 5778 1482 5831 7.

2277 5776 2349 5849 (ἡ)
2390 5777 2484 5832 0r.
2519 5776 2611 5846 38,
2645 5793 2702 5831 n.
2739 5778 2823 5831 16.
3359 5809 3361 5812 ι
