4080 6440
242 381 317 441 119
1316 381 1735 447 ΡΒιἘΡΑΤῙΟ
1779 384 1853 446 Gl

2119 384 2338 445 blS.-—
2364 382 2567 445 PARS
2612 383 2718 443 lIl.
3611 385 3730 445 130

242 516 445 579 mutate
503 518 979 598 opinionem
1035 524 1096 580 et
1145 518 1669 581 existimationem
1718 521 1783 581 in
1843 524 2056 581 mente
2104 519 2349 593 habuit,
2403 523 2475 580 ut
2522 519 2798 579 carmine
2852 518 2936 578 De
2982 517 3153 577 rebus
3198 518 3317 577 suis
3370 537 3445 578 ea
3494 520 3727 580 virtute

248 635 332 697 qua
366 616 538 677 olim
600 618 969 680 Christus
1026 618 1272 679 morbos
1319 618 1580 698 depulit,
1638 620 1955 680 daemones
2004 618 2388 691 exturbavit,
2440 623 2721 678 mortuos
2777 617 2855 676 ab
2902 617 3118 677 inferis
3167 617 3485 690 excitavit,
3539 619 3729 679 simili

251 716 590 797 operatione
660 716 827 778 vim
900 717 1135 797 gratiae
1189 717 1253 777 in
1284 734 1463 778 suam
1496 718 1774 779 animam
1832 735 2088 779 exerere
2126 717 2564 777 ardentissime
2620 721 2896 795 exoptat.

1609 852 1686 921 (α)
1724 850 1956 907 Fortem
1986 854 2150 906 tuam
2182 865 2426 905 manum

1095 921 1276 989 Mitte,
1308 925 1367 977 et
1396 920 1677 978 dolorum
1702 922 1788 978 fer
1818 922 2169 989 remedium,
2203 938 2268 976 ac
2299 922 2356 976 in
2390 937 2483 977 me
2514 920 2712 976 omnia

1094 992 1393 1066 miracula,
1424 999 1483 1049 et
1512 994 1919 1066 prodigiorum
1950 994 2248 1061 virtutem,
2282 998 2349 1049 ut
2377 993 2519 1049 olim
2551 993 2812 1050 ostende.

1098 1065 1219 1139 Dic,
1252 1070 1309 1120 et
1338 1065 1641 1122 celerrime
1671 1065 1863 1123 ﬂuxus
1895 1065 2261 1139 sanguineus
2293 1066 2545 1139 desinat.

1098 1135 1212 1211 pic,
1235 1141 1304 1211 Aet
1334 1154 1645 1209 porcorum
1677 1155 1911 1211 gregem
1944 1135 2292 1193 in'furorem
2325 1142 2457 1211 agat
2486 1136 2735 1210 legionis

1096 1208 1371 1280 Spiritus,
1405 1214 1463 1265 et
1493 1211 1552 1265 in
1587 1208 1749 1266 mare
1775 1208 1967 1279 cadat,
1998 1214 2059 1266 et
2088 1227 2122 1264 a
2152 1225 2245 1265 me
2275 1208 2525 1266 recedat.

1098 1281 1344 1352 Lepram
1376 1281 1609 1338 tristem
1642 1298 1892 1347 remove,
1926 1281 2126 1338 lumen
2157 1282 2395 1338 accedat

1100 1351 1296 1408 Oculis
1324 1353 1511 1420 caecis,
1547 1359 1605 1409 et
1635 1370 1806 1410 aures
1838 1370 2049 1410 sonum
2081 1354 2347 1409 audiant.

1098 1424 1332 1496 Aridam
1366 1441 1608 1480 manum
1641 1440 1833 1481 meam
1864 1426 2127 1481 extende.
2160 1423 2409 1480 Vincula
2438 1424 2652 1496 linguae

1102 1495 1363 1570 Rumpe,
1384 1501 1441 1553 et
1470 1498 1685 1569 pedum
1717 1498 1890 1553 ﬁrma
1919 1512 2190 1570 gressum
2222 1496 2492 1553 debilem.

1103 1572 1180 1623 Ex
1211 1568 1438 1625 modico
1470 1568 1619 1626 uane
1649 1569 1818 1626 satia.
1854 1568 2058 1626 Sterne
2089 1586 2250 1625 mare

1103 1586 1180 1623 nx
1211 1586 1438 1625 mouico
1510 1586 1619 1624 ane
1649 1586 1818 1626 satia.
1854 1586 2058 1626 sterne
2089 1586 2250 1625 mare

1103 1638 1407 1713 Terribile.
1444 1586 1820 1713 Slplendidius
1858 1640 1981 1697 sole
2010 1658 2271 1699 corusca.

1101 1711 1235 1784 Elge
1267 1710 1536 1767 membra
1564 1712 2052 1784 ingravescentis,
2086 1717 2143 1768 et
2173 1729 2241 1767 ex
2271 1710 2520 1784 mortuis

1100 1783 1328 1838 Rursus
1358 1784 1583 1839 suscita
1613 1783 1908 1841 fintentem
1938 1810 1951 1850 ;
1984 1801 2088 1839 nec
2120 1800 2215 1840 me
2244 1783 2701 1852 infructuosum,

1095 1854 1410 1926 Postquam
1445 1856 1625 1912 veluti
1655 1858 1833 1913 ﬁcum
1864 1856 2102 1928 videris,
2135 1856 2437 1914 arefacias.

282 1979 467 2059 [gitur
523 1979 866 2040 miracula
923 1997 1069 2058 quae
1125 1980 1408 2040 Christus
1464 1981 1662 2042 edidit
1717 1982 2088 2061 corporibus
2143 1980 2482 2042 sanitatem
2542 1980 2965 2053 restituendo,
3051 1980 3300 2041 nonnisi
3376 1982 3601 2043 umbra
3674 1991 3743 2045 et

295 2078 503 2157 ﬁgure
557 2077 1035 2138 miraculorum
1086 2098 1226 2157 quae
1276 2079 1554 2157 quotidie
1602 2086 1925 2158 operatur,
1978 2080 2130 2141 dum
2192 2079 2479 2140 homines
2537 2080 2617 2139 ad
2675 2079 2944 2140 salutem
3000 2079 3290 2153 reducit;
3343 2099 3458 2140 nec
3516 2082 3749 2145 minori

298 2177 521 2239 virtute
580 2194 662 2237 ac
721 2176 1017 2256 potentia
1069 2176 1132 2236 in
1190 2178 1431 2263 animas
1490 2178 1624 2256 agit
1681 2197 1871 2257 quam
1929 2178 1994 2238 in
2050 2196 2360 2257 corpora,
2423 2178 2709 2256 quinimo
2768 2178 3016 2257 majori,
3082 2196 3224 2238 cum
3284 2184 3345 2238 et
3404 2179 3749 2243 voluntatis

298 2274 801 2354 repugnantiam
860 2273 1240 2352 compellere
1294 2293 1545 2336 necesse
1602 2275 1701 2349 sit,
1763 2282 1828 2336 et
1882 2276 2019 2353 ejus
2076 2275 2433 2336 libertatem
2485 2275 2878 2354 permulcere
2936 2294 3007 2335 ac
3060 2280 3350 2348 tractare,
3404 2283 3473 2336 ut
3520 2296 3750 2356 pravos

302 2369 511 2433 cordis
555 2368 831 2431 affectus
876 2387 997 2428 non
1051 2369 1356 2447 cogendo,
1418 2370 1526 2430 sed
1585 2370 1745 2431 mira
1802 2370 2113 2432 suavitate
2172 2370 2593 2443 immutando,
2652 2372 2934 2431 animum
2985 2371 3064 2431 ad
3112 2390 3176 2431 se
3223 2372 3565 2434 efﬁcaciter
3597 2392 3743 2435 con-

313 2473 542 2531 νηὶ.

406 2566 475 2627 Si
529 2552 746 2645 gratiae
807 2565 1241 2626 necessitatem
1300 2570 1362 2627 et
1420 2568 1545 2627 vim
1600 2569 1790 2629 tantis
1846 2567 2098 2628 attollat
2149 2566 2404 2641 studiis,
2466 2566 2798 2645 mqualiter
2849 2566 3269 2628 saluberrima
3324 2587 3468 2646 quae
3526 2571 3752 2633 exinde

320 2665 617 2726 oriantur
680 2663 938 2743 pietatis
997 2664 1235 2724 monita
1292 2666 1558 2743 prodere
1632 2666 1752 2745 ipsi
1813 2684 1965 2727 cura
2021 2672 2152 2739 est,
2233 2672 2301 2726 ut
2366 2666 2454 2725 sic
2510 2665 2755 2726 sincera
2811 2665 2974 2743 grati
3028 2666 3222 2725 animi
3276 2669 3628 2729 reverentia
3683 2688 3754 2728 ac

316 2764 537 2824 cordis
584 2761 944 2823 humilitate
993 2762 1261 2841 gratiam
1315 2764 1393 2823 ad
1442 2783 1556 2824 nos
1602 2764 2019 2843 pelliciamus,
2073 2771 2136 2825 et
2185 2764 2439 2824 assidua
2485 2763 2769 2825 oratione
2814 2783 3187 2843 summaque
3234 2764 3564 2845 vigilantia
3613 2786 3751 2828 eam

302 2863 372 2924 in
436 2861 626 2924 nobis
690 2862 1018 2922 foveamus
1076 2867 1138 2921 et
1192 2862 1643 2940 adaugeamus.

793 2994 873 3067 (ᾳ)
911 2993 1175 3067 Gradior,
1208 3011 1325 3067 non
1361 2995 1486 3049 sine
1519 2996 1742 3067 praemii
1776 3012 1900 3067 spe,
1934 2995 2086 3052 inter
2116 2997 2469 3052 currendum
2506 2994 2770 3051 membra
2801 2996 3180 3067 protendens,

793 3013 873 3065 (α)
912 3013 1175 3058 uramur,
1210 3013 1325 3049 non
1361 3013 1486 3049 sme
1519 3013 1742 3067 praemii
1776 3013 1804 3051 s
1850 3013 1900 3061 e,
1934 3013 2086 3052 inter
2116 3013 2469 3052 currendum
2506 3013 2770 3051 memora
2801 3013 3180 3067 prosenuens,

790 3064 1091 3147 (Ebristum
1122 3064 1345 3147 habens
1381 3084 1481 3147 pro
1516 3068 1737 3147 afﬂatu,
1772 3013 2067 3147 Cbristum
2102 3084 2205 3140 pro
2239 3069 2464 3133 robore,
2500 3085 2603 3141 pro
2638 3068 2848 3147 opibus
2889 3067 3276 3139 amplissimis
3311 3085 3322 3121 :

794 3136 903 3212 Qui
936 3137 1081 3212 mihi
1114 3144 1169 3192 et
1200 3136 1565 3212 perspicaces
1598 3136 1818 3212 oculos,
1863 3144 1921 3194 et
1953 3136 2263 3212 prosperos
2295 3136 2789 3212 cursus-praestat.

796 3157 903 3200 υυι
936 3157 1081 3191 ωιοι
1114 3157 1169 3192 et
1200 3157 1565 3210 perspicaces
1598 3157 1818 3208 oculos,
1863 3157 1921 3194 et
1993 3157 2263 3211 rosperos
2295 3164 2298 3186 ι

796 3208 931 3264 Siue
963 3210 1091 3280 ipso
1122 3226 1327 3265 omnes
1357 3227 1508 3265 vana
1537 3209 1798 3267 ludibria
1829 3157 2298 3280 sunFmortales,

796 3280 863 3353 Et
894 3282 1109 3335 mortui
1141 3282 1420 3353 viventes,
1461 3282 1647 3338 faetidi
1682 3283 1934 3353 peccatis

796 3351 995 3422 Neque
1027 3353 1182 3408 enim
1216 3354 1342 3408 sine
1374 3351 1506 3409 aere
1536 3351 1732 3409 vidisti
1764 3354 2057 3409 volantem
2092 3369 2254 3409 avem
2285 3372 2297 3422 ;

797 3423 993 3497 Neque
1025 3425 1151 3497 sine
1180 3441 1334 3497 aqua
1367 3426 1545 3481 maris
1575 3442 1781 3481 cursor
1809 3426 2028 3481 natavit
2057 3426 2395 3497 delphinus.

797 3496 887 3569 Sic
918 3512 1031 3569 nec,
1055 3496 1179 3550 sine
1210 3496 1435 3552 Christo
1469 3498 1739 3554 mortalis
1783 3500 1987 3569 pedem
2024 3496 2253 3555 attollit.

797 3566 1185 3642 Quamobrem
1220 3585 1291 3642 ne
1324 3569 1573 3642 nimium
1607 3566 1893 3642 glorieris,
1929 3586 2033 3625 nec
2068 3575 2178 3624 tuas

790 3637 1028 3713 eribus
1060 3641 1273 3713 mentis
1307 3641 1590 3710 conﬁdas,
1612 3637 1734 3697 'etsi
1770 3657 2121 3713 magnopere
2154 3639 2386 3710 sapiens
2422 3639 2600 3713 fueris
2636 3657 2649 3694 :

798 3710 996 3782 Neque
1028 3712 1284 3784 aliquem
1314 3713 1522 3767 videns
1552 3710 1953 3784 abjectiorefn,
1990 3710 2058 3767 in
2090 3713 2275 3767 altum
2310 3711 2615 3784 attollaris,

795 3784 971 3848 Quasi
1003 3783 1283 3840 omnibus
1314 3784 1583 3857 superior
1614 3783 1719 3850 sis,
1747 3790 1804 3841 et
1834 3786 1902 3841 ad
1938 3788 2153 3841 metam
2186 3783 2427 3855 propius
2460 3783 2723 3838 accedas.

407 3908 564 3966 Haec
624 3905 846 3984 procul
900 3906 1095 3967 dubio
1154 3907 1302 3967 satis
1358 3908 1656 3968 evincunt
1713 3911 1964 3969 Grmcos
2021 3909 2259 3979 Patres,
2320 3912 2382 3967 et
2440 3906 2715 3967 maxime
2774 3907 3168 3984 Gregorium,
3231 3906 3308 3966 de
3368 3906 3573 3984 gratia
3632 3912 3758 3967 tam

311 4004 519 4063 docte
571 4009 639 4063 et
694 4003 1045 4066 luculenter
1098 4024 1289 4085 quam
1350 4006 1605 4067 Latinos
1662 4006 2005 4080 disseram,
2083 4024 2199 4066 nec
2259 4006 2465 4065 minus
2519 4005 2725 4083 ipsam
2796 4005 3142 4083 praedicare
3196 4011 3261 4065 et
3318 4005 3761 4066 commendare

322 4098 639 4161 sollicitos
682 4101 896 4164 fuisse.

1914 4202 2004 4264 De
2030 4202 2171 4283 ﬁde.

414 4306 539 4366 Per
590 4306 779 4367 ﬁdem
835 4307 940 4369 via
993 4308 1214 4369 salutis
1268 4308 1646 4388 capescitur,
1702 4309 2001 4389 salusque
2060 4315 2488 4389 comparatur.
2550 4312 2889 4371 Doctorum
2955 4311 3190 4390 pariter
3244 4316 3308 4371 et
3363 4310 3764 4372 indoctorum

316 4409 424 4465 est
486 4404 646 4465 ﬁdes
693 4425 709 4480 ;
798 4428 833 4461 α
886 4406 967 4487 (c)
1027 4409 1184 4467 Nam
1238 4406 1291 4467 si
1348 4407 1409 4467 in
1469 4408 1749 4469 eruditos
1806 4413 2054 4469 tantum
2108 4409 2281 4468 viros
2338 4407 2591 4468 caderet
2646 4408 2841 4481 ﬁdes,
2926 4409 3087 4469 nihil
3144 4413 3271 4470 Deo
3332 4410 3537 4469 minus
3593 4410 3769 4470 dives

315 4500 499 4562 foret
533 4519 547 4561 ε
603 4524 637 4559 ν)
708 4509 772 4565 El
802 4507 852 4564 δ’
878 4510 958 4569 sic
990 4510 1191 4589 σοφοὺς
1221 4508 1439 4566 ἔπιπτεν
1480 4512 1515 4582 ἠ
1561 4512 1743 4574 πίστις
1782 4513 1926 4585 μόνοι

2160 4517 2283 4588 παρ’
2312 4513 2447 4585 ἡμῖν
2488 4509 2640 4566 οὐδὲν
2679 4515 2746 4582 ἦν
2791 4515 3129 4589 πενὲστερον.
3190 4510 3559 4569 Sermonem
3617 4507 3766 4567 sim-

326 4598 521 4676 plicis
576 4599 726 4661 ﬁdei
776 4601 1065 4663 sufﬁcere
1118 4602 1306 4664 docet
1359 4603 1696 4682 Gregorius
1755 4622 1768 4662 :
1846 4609 1937 4665 A6-

2155 4640 2157 4656 ι
2193 4610 2347 4686 ἀρκεῖ
2374 4611 2463 4665 καὶ
2510 4610 2681 4684 ψιλῆς
2707 4618 2809 4681 τῆς
2841 4612 3098 4681 πίστεως,
3145 4613 3259 4685 μεθ’
3309 4612 3376 4681 ἦς
3416 4610 3659 4687 ἀτέχνως
3702 4613 3766 4667 τὸ

322 4702 505 4758 πλέον
535 4705 696 4773 σώζει
730 4707 889 4777 θεός;
956 4724 986 4760 (ι
1036 4700 1118 4783 (d)
1176 4704 1332 4761 Nam
1393 4720 1598 4762 sermo
1656 4703 1933 4781 simplici:

2157 4753 2163 4762 .
2220 4703 2474 4773 sufﬁcit,
2537 4722 2678 4762 cum
2739 4722 2866 4782 qua
2924 4723 3069 4784 pars
3125 4704 3454 4764 hominum
3491 4703 3768 4764 maxima

314 4797 606 4856 salutem
664 4805 1007 4878 comparat.
1068 4824 1099 4856 »
1191 4800 1487 4879 Mysteria
1542 4806 1799 4875 autem,
1890 4801 2167 4863 maxime
2242 4820 2391 4863 vero
2447 4801 2810 4875 Trinitatis,
2897 4802 3147 4881 penitus
3205 4820 3583 4879 cognoscere
3641 4820 3765 4861 non

318 4896 886 4973 praesumendum,
946 4903 1008 4959 et
1063 4897 1444 4977 perscrutari
1500 4900 1695 4960 nefas.
1786 4923 1815 4955 «
1874 4902 1963 4961 Ne
2016 4899 2221 4961 Patris
2280 4905 2572 4961 naturam
2627 4900 2950 4980 inquiras,
3011 4900 3218 4980 inquit
3276 4900 3386 4979 (θ),
3447 4898 3770 4977 Unigeniti

321 4999 572 5065 ortum,
625 4995 893 5074 Spiritus
940 4996 1139 5057 sancti
1188 4993 1455 5074 gloriam
1513 5003 1576 5058 et
1627 4999 2033 5078 potentiam;
2095 5017 2311 5069 unam,
2364 4998 2644 5077 inquam,
2678 5007 2743 5060 et
2790 5000 3077 5061 eamdem
3139 4999 3201 5058 in
3252 4997 3455 5057 tribus
3485 4997 3769 5077 personis

321 5088 636 5152 deitatem
693 5100 757 5153 et
812 5093 1187 5170 claritatem,
1248 5093 1639 5157 individuam
1697 5094 1875 5157 illam
1934 5103 2255 5170 naturam,
2316 5114 2391 5156 ac
2446 5096 2924 5170 confessionem,
2986 5104 3048 5158 et
3113 5096 3402 5175 gloriam,
3467 5113 3770 5177 spemque

318 5186 667 5251 hominum
722 5189 846 5252 ﬁde
922 5191 1353 5271 praeditorum.
1417 5192 1625 5254 Verba
1698 5193 1847 5266 illa,
1930 5193 2161 5273 quibus
2234 5194 2422 5254 simul
2481 5213 2622 5256 cum
2700 5196 2864 5256 lacte
2928 5196 3209 5257 imbutus
3266 5214 3367 5266 es,
3452 5192 3770 5255 mordicus

324 5286 537 5346 retine
597 5304 611 5346 :
700 5290 1005 5351 sermonis
1060 5294 1271 5351 autem
1330 5294 1394 5350 et
1452 5289 1902 5370 disputationis
1960 5310 2179 5353 curam
2242 5291 2691 5353 eruditioribus
2752 5294 3006 5354 manda.
3066 5294 3231 5355 Satis
3284 5309 3598 5372 superque
3656 5291 3771 5351 tibi

328 5388 427 5442 est
481 5381 965 5449 fundamentum
1026 5386 1316 5448 habere:
1379 5394 1775 5467 superstruat
1831 5389 2235 5451 architectus.
2291 5411 2319 5447 »
2384 5391 2523 5452 Non
2581 5390 2855 5471 cujusvis
2916 5410 3048 5452 esse
3106 5391 3194 5453 ait
3251 5391 3326 5454 de
3384 5392 3513 5451 Deo
3573 5388 3766 5449 disse-

316 5497 464 5542 rere
500 5498 519 5555 ;
580 5483 689 5545 sed
724 5482 819 5547 his
848 5486 1158 5547 duntaxat
1202 5484 1325 5547 hoc
1377 5486 1655 5549 muneris
1701 5486 2034 5563 incumbit,
2089 5489 2199 5568 qui
2250 5488 2644 5551 exactissime
2692 5496 2840 5552 sunt
2886 5490 3220 5569 explorati.
3292 5512 3322 5543 «
3371 5489 3510 5548 Non
3568 5486 3772 5566 cujus-

314 5578 415 5638 vis
477 5586 595 5654 est,
654 5584 859 5664 inquit
902 5582 989 5665 (ﬂ
1067 5583 1145 5643 de
1201 5586 1330 5643 Deo
1386 5583 1711 5660 disserere,
1776 5604 1922 5657 non,
1985 5585 2266 5663 inquam,
2336 5585 2688 5662 cujusvis...
2753 5587 2996 5647 Addam
3057 5588 3243 5647 etiam
3308 5603 3433 5645 non
3493 5581 3769 5661 cujusvis

410 5714 473 5788 ᾳ)
512 5714 707 5788 βαι-αι.
745 5719 819 5774 De
847 5717 1133 5788 rebrsuis,
1164 5715 1321 5771 circa
1351 5716 1550 5773 ﬁnem.

1057 5720 1133 5785 vis,
1164 5715 1321 5771 circa
1351 5716 1550 5773 ﬁnem.
2169 5718 2243 5788 (ἀ)
2285 5716 2390 5779 1b.,
2424 5734 2477 5771 ν.
2513 5718 2668 5773 1228.

410 5728 451 5769 a
512 5714 707 5774 Carm.
745 5719 819 5774 De
847 5717 962 5775 reb.
988 5720 1133 5785 suis,
1164 5715 1321 5771 circa
1351 5716 1550 5773 ﬁnem.

406 5785 441 5840 ὁ
502 5786 799 5847 Carm.59
860 5786 1165 5845 v.98ets
1290 5828 1303 5841 .

379 5712 473 5931 ἕσὲ
495 5862 685 5921 Carm.
718 5835 947 5922 De’m'ta
974 5875 1097 5931 sua,
1130 5800 1373 5915 $3330.

1103 5733 1133 5785 ς,
1164 5715 1321 5771 circa
1351 5716 1550 5773 ﬁnem.
2169 5718 2243 5788 (ἀ)
2285 5716 2390 5779 1b.,
2424 5734 2477 5771 ν.
2513 5718 2669 5773 1228.

1103 5800 1373 5915 ίἻὴ.
2169 5788 2714 5931 Ἇῧξέἒ

1130 5877 1163 5912 ν
2498 5902 2515 5930 9

400 5858 455 5931 ϐ)
495 5862 685 5921 Carm.
718 5858 947 5922 De'vita
974 5875 1097 5931 sua,
1130 5877 1182 5912 v.
1216 5858 1373 5915 1230.
2176 5858 2251 5935 (ί)
2293 5858 2391 5915 Or.
2422 5858 2515 5930 27,
2549 5877 2604 5915 n.
2639 5863 2692 5917 3.

272 6314 283 6319 ‘
316 6328 321 6329 7
392 6298 481 6315 ,‘Fr‘r-
502 6300 751 6351 -JV:‘1_‘:‘:L.JL+J..L
780 6320 791 6335 ἢ
838 6330 849 6335 α
888 6338 893 6341 Δ

94 6352 159 6365 *πανέ
700 6352 707 6357 ’
740 6352 831 6393 iis;

782 6394 903 6425 Γένιιμαιτ
