4080 6410
445 377 550 435 131
1436 353 1858 417 ΡΒἎΕῈΑΊΊΟ
1904 349 2460 411 GENERALIS.—
2496 352 2696 412 PARS
2740 354 2848 413 III.
3733 366 3836 427 ‘32

445 505 778 585 temporis,
841 519 954 560 nec
1011 495 1179 574 apud
1241 489 1528 571 quosvis,
1593 504 1705 546 nec
1767 485 1842 585 de
1899 482 2246 585 quibusvis,
2308 482 2414 542 sed
2476 489 2645 543 certo
2705 489 2988 565 tempore
3047 496 3110 549 et
3170 492 3339 570 apud
3398 500 3594 553 certos
3651 493 3838 556 homi-

444 625 658 666 nes....
713 604 846 662 Non
899 594 1235 674 cujuslibet
1283 588 1560 667 quidem,
1611 582 1910 662 quoniam
1969 579 2065 639 his
2115 580 2426 640 duntaxat
2475 580 2595 640 hoc
2647 584 2924 643 muneris
2969 585 3299 662 incumbit,
3334 589 3443 668 qui
3472 590 3841 653 exactissime

447 700 756 782 explorati
804 702 972 767 sunt,
1026 711 1096 753 ac
1151 683 1637 764 contemplando
1688 682 1872 757 longe
1923 685 2384 758 processerunt,
2452 679 2750 758 priusque
2799 682 2987 742 etiam
3047 691 3109 744 et
3165 705 3414 765 corpus,
3476 693 3537 747 et
3590 688 3837 749 animam

447 822 484 863 a
541 800 838 861 vitiorum
870 792 1159 854 sordibus
1192 789 1593 867 purgarunt;
1652 785 1784 850 aut,
1841 785 1905 837 ut
1965 776 2324 855 parcissime
2355 775 2599 854 loquar,
2647 778 2779 855 jam
2814 778 2933 839 hoc
2965 789 3183 859 agunt,
3249 791 3313 844 ut
3369 803 3435 844 se
3484 805 3519 844 ει
3569 786 3841 846 vitiorum

444 901 586 960 labe
650 902 1002 977 purgent..
1032 935 1090 948 ..
1152 885 1413 958 Quando
1473 877 1745 977 autem?
1803 881 1956 977 turn
1984 874 2294 977 videlicet,
2349 893 2489 934 cum
2551 875 2631 935 ab
2692 883 2951 938 externo
3001 879 3134 940 luto
3185 887 3248 940 et
3291 883 3560 942 tumultu
3593 884 3839 962 quietem

445 997 714 1076 agimus,
767 1010 880 1052 nec
936 989 1229 1068 princeps
1278 980 1474 1041 nostri
1536 995 1677 1055 pars
1733 973 2038 1052 improbis
2095 971 2397 1050 vagisque
2449 972 2800 1032 simulacris
2850 976 3294 1038 confunditur.
3327 1025 3338 1037 .
3370 1023 3426 1038 ..
3487 982 3662 1058 Apud
3704 1001 3843 1060 quos

445 1069 692 1174 porro?
748 1094 984 1166 Nempe
1043 1083 1214 1163 apud
1270 1099 1398 1150 eos,
1460 1076 1568 1155 qui
1627 1092 1756 1133 rem
1813 1071 2181 1174 hujusmodi
2237 1069 2514 1129 studiose
2572 1089 2644 1130 ac
2702 1072 2864 1132 serio
2924 1076 3411 1153 amplectuntur,
3464 1078 3689 1156 quique
3733 1098 3842 1138 non

448 1168 517 1254 ut
574 1189 898 1269 quidpiam
961 1183 1158 1253 aliud,
1218 1179 1304 1238 sic
1354 1177 1475 1236 hoc
1524 1169 2041 1269 quoqueginepta
2089 1168 2449 1245 nugacitale
2499 1176 2987 1247 prosequuntur,
3040 1181 3180 1251 post
3231 1174 3532 1234 circenses
3581 1176 3751 1236 ludos
3794 1182 3846 1236 et

447 1263 829 1368 spec-tacula,
881 1287 1024 1361 post
1081 1276 1427 1344 cautiones,
1480 1267 1948 1368 post-denique
2007 1283 2196 1342 quam
2256 1263 2458 1323 ventri
2515 1270 2578 1324 et
2632 1265 2705 1324 iis
2764 1284 2905 1344 quae
2963 1275 3108 1327 sunt
3159 1270 3275 1330 sub
3332 1276 3545 1330 ventre
3587 1271 3843 1331 indulse-

445 1362 593 1448 rint.
646 1384 762 1456 Qui
821 1380 1073 1461 quidem
1129 1376 1216 1435 ita
1273 1370 1514 1452 perdite
1572 1365 1778 1426 affecti
1824 1370 1989 1435 sunt,
2045 1368 2114 1422 ut
2171 1362 2292 1421 hoc
2345 1381 2596 1440 quoque
2650 1363 2713 1422 in
2763 1365 3366 1426 oblectamentorum
3431 1375 3606 1446 parte
3651 1387 3844 1429 nume-

447 1491 607 1557 rent,
645 1482 940 1543 nimirum
991 1476 1066 1537 de
1115 1471 1343 1533 divinis
1392 1467 1578 1528 rebus
1627 1463 1872 1540 nugari,
1908 1467 2097 1539 atque
2142 1466 2369 1539 arguta
2413 1461 2838 1539 disputatione
2883 1471 3268 1525 concertare.
3302 1468 3440 1527 Jam
3491 1467 3568 1526 de
3615 1467 3842 1545 quibus,

447 1591 509 1646 et
563 1597 893 1662 quousque
951 1569 1401 1653 disputandum
1435 1567 1463 1624 ?
1512 1567 1626 1662 De
1684 1561 1783 1621 his
1839 1559 2086 1633 solum,
2148 1577 2289 1637 quae
2348 1558 2582 1635 ingenii
2639 1561 2834 1619 nostri
2895 1561 3260 1635 modulum,
3324 1569 3513 1643 atque
3571 1565 3846 1626 auditoris

443 1657 700 1761 captum
751 1696 877 1737 non
925 1671 1272 1734 excedunt.
1306 1713 1318 1726 .
1353 1712 1362 1724 .
1397 1711 1410 1724 .
1446 1661 1530 1742 (a)
1583 1665 1795 1739 Neque
1843 1676 1991 1718 vero
2045 1657 2182 1716 haec
2233 1657 2566 1735 quisquam
2618 1658 2707 1718 ita
2754 1659 3045 1737 accipiat,
3098 1661 3276 1739 quasi
3323 1663 3518 1722 Deum
3568 1669 3846 1742 perpetua

444 1777 750 1840 memoria
807 1771 1140 1834 colendum
1198 1784 1331 1827 esse
1388 1780 1790 1840 negem....
1852 1759 1977 1817 Nec
2037 1755 2204 1816 enim
2264 1762 2390 1815 tam
2452 1774 2619 1834 saepe
2675 1757 2963 1836 spiritum
3023 1758 3270 1832 ducere,
3333 1779 3522 1838 quam
3581 1761 3687 1820 Dei
3733 1779 3844 1820 me-

446 1878 697 1939 minisse
754 1874 1104 1941 debemus;
1165 1866 1318 1935 imo,
1378 1862 1429 1921 si
1484 1859 1608 1919 dici
1665 1861 1892 1936 potest,
1946 1854 2118 1915 aliud
2179 1853 2335 1913 nihil
2393 1873 2584 1932 quam
2646 1854 2765 1915 hoc
2829 1846 3360 1917 faciendvum....
3422 1859 3735 1930 Quocirca,
3781 1876 3845 1917 ne

445 1977 588 2056 quis
644 1977 949 2053 perpetuo
1006 1970 1204 2027 Deum
1261 1959 1564 2022 memoria
1620 1961 1853 2024 teneat,
1914 1951 2086 2011 haud
2145 1958 2312 2022 veto,
2373 1953 2479 2011 sed
2541 1970 2618 2011 ne
2676 1953 2753 2012 de
2813 1957 2940 2012 Deo
2996 1954 3272 2033 disputet
3321 1973 3335 2027 ;
3401 1956 3528 2015 imo
3585 1974 3691 2015 nec
3747 1955 3845 2015 hoc

444 2050 777 2153 prohibeo,
837 2067 900 2127 id
958 2063 1125 2124 enim
1184 2061 1355 2140 pium
1417 2063 1532 2127 est,
1595 2055 1702 2114 sed
1758 2071 1835 2111 ne
1894 2050 2420 2128 intempestive.»

524 2170 702 2242 Quod
760 2172 971 2227 autem
1033 2161 1306 2221 maxime
1364 2154 1659 2235 prohibet
1716 2150 2052 2227 Gregorius
2107 2148 2264 2208 illud
2325 2154 2458 2217 est,
2534 2169 2610 2208 ne
2666 2150 2743 2208 de
2804 2151 3114 2227 mysteriis
3173 2152 3402 2212 nostris
3459 2152 3844 2212 immoderato

444 2269 695 2332 dicendi
751 2265 849 2325 vel
909 2258 1222 2322 scribendi
1281 2254 1488 2316 studio
1549 2252 1964 2310 irreverenter
2021 2247 2434 2324 disputemus.
2521 2271 2550 2299 ‹‹
2603 2247 2687 2326 (b)
2749 2248 2905 2306 Illud
2965 2249 3185 2307 saltem
3247 2250 3415 2310 inter
3473 2268 3586 2309 nos
3641 2268 3842 2310 conve-

443 2368 598 2438 niat,
659 2370 726 2424 ut
784 2358 1048 2440 mystica
1107 2353 1391 2432 mystice,
1452 2355 1514 2409 et
1572 2353 1791 2406 sancta
1846 2350 2059 2404 sancte
2119 2343 2608 2422 proloquamur,
2673 2363 2784 2403 nec
2845 2345 2910 2403 in
2971 2346 3266 2423 profanas
3325 2365 3549 2412 aures,
3610 2365 3743 2424 qua;
3789 2346 3841 2404 in

441 2465 670 2543 vulgus
719 2457 926 2520 efferri
983 2455 1157 2515 nefas
1212 2455 1328 2522 est,
1379 2444 1836 2527 projiciamus;
1898 2459 2011 2500 nec
2067 2440 2387 2519 patiamur
2437 2441 2855 2518 religiosiores
2904 2461 3096 2520 quam
3155 2461 3267 2504 nos
3327 2445 3527 2505 videri
3584 2462 3703 2514 eos,
3750 2443 3838 2522 qui

443 2538 762 2624 daemones
819 2556 1087 2616 adorant
1142 2557 1202 2611 et
1263 2547 1539 2626 turpium
1600 2540 1957 2601 fabularum
2017 2557 2089 2599 ac
2147 2557 2354 2598 rerum
2416 2538 2655 2598 cultum
2718 2539 3113 2618 proﬁtentur.
3163 2566 3190 2595 ››

1612 2685 1702 2745 De
1734 2681 1977 2743 lectione
2009 2680 2295 2741 librorum
2325 2681 2710 2740 ethnicorum.

526 2817 750 2882 Juveni
803 2812 1198 2875 ethnicorum
1263 2806 1566 2864 librorum
1626 2797 1880 2859 lectioni
1935 2794 2325 2855 incumbenti
2382 2793 2518 2853 haec
2577 2794 2837 2854 consilia
2894 2795 3003 2855 dat
3059 2795 3397 2873 Gregorius
3444 2815 3457 2856 :
3524 2823 3549 2851 κ
3604 2797 3671 2876 (ρ)
3716 2793 3834 2854 Dili-

451 2923 672 2999 genter
733 2911 987 2992 optimis
1064 2902 1409 2982 disciplinis
1482 2896 1824 2968 incumbe,
1901 2899 1963 2954 et
2026 2894 2088 2952 in
2149 2892 2322 2952 libris
2385 2899 2754 2971 poetarum,
2836 2893 3273 2953 historicorum
3355 2893 3829 2961 commentariis,

449 2991 681 3077 fluente
731 2991 1052 3072 oratorum
1098 3001 1415 3074 facundia,
1458 2995 1794 3057 subtilibus
1837 2992 2360 3071 philosophorum
2406 2991 2921 3051 meditationibus
2969 2998 3163 3052 temet
3202 3010 3463 3066 exerce;
3511 2994 3596 3053 sic
3642 2999 3838 3058 tamen,

452 3121 521 3175 ut
576 3110 920 3192 prudenter
978 3105 1039 3163 in
1101 3099 1392 3162 omnibus
1450 3096 1620 3155 hisce
1679 3091 1960 3151 verseris.
2013 3089 2211 3148 Debes
2269 3088 2432 3147 enim
2493 3088 2808 3166 sapienter
2855 3107 2930 3148 ex
2988 3089 3074 3147 eis
3132 3089 3430 3166 colligere
3485 3103 3845 3168 quaecunque

454 3183 601 3272 sunt
658 3207 883 3276 utilia;
945 3208 1292 3276 contraque
1342 3193 1554 3256 solerti
1604 3189 1846 3270 judicio
1905 3189 2101 3248 vitare
2146 3185 2454 3266 quidquid
2502 3186 2567 3245 in
2616 3185 2879 3263 singulis
2927 3194 3018 3246 est
3067 3188 3352 3260 noxium,
3407 3188 3687 3267 adeoque
3733 3183 3846 3263 apis

455 3314 696 3387 argutae
742 3301 1116 3364 industriam
1165 3295 1417 3356 imitari.
1455 3295 1610 3351 Nam
1663 3307 1736 3349 ea
1784 3285 2168 3366 quibuslibet
2217 3284 2476 3345 ﬂoribus
2524 3284 2793 3344 insidere
2844 3304 2982 3344 cum
3036 3286 3455 3360 consueverit,
3491 3287 3565 3346 de
3614 3282 3845 3361 singulis

460 3381 638 3467 utilia
694 3408 940 3463 tantum
1000 3395 1316 3473 decerpit,
1397 3387 1702 3467 singulari
1755 3385 2026 3463 quadam
2087 3383 2396 3461 sapientia
2457 3387 2748 3441 naturam
2808 3383 3007 3461 ipsam
3071 3383 3438 3460 magistram
3497 3388 3719 3442 secuta.
3768 3381 3842 3438 Tu

451 3523 600 3565 vero
659 3501 968 3562 rationem
1030 3510 1296 3571 sequens
1353 3489 1478 3549 alia
1535 3486 1787 3564 quidem
1849 3482 2108 3559 largiter
2162 3481 2448 3558 decerpe,
2511 3481 2561 3539 si
2619 3499 2759 3558 qua:
2818 3481 3113 3559 prodesse
3171 3487 3438 3558 possunt
3484 3499 3497 3540 ;
3560 3481 3606 3540 si
3664 3483 3843 3539 autem

450 3601 709 3680 aliquid.
749 3593 1059 3674 ejusmoli
1117 3591 1197 3649 sit
1226 3595 1294 3648 ut
1353 3586 1796 3647 detrimentum
1855 3580 2101 3650 afferat,
2163 3579 2448 3637 celeriter
2502 3579 2823 3639 intellecta
2870 3580 2957 3638 rei
3017 3580 3325 3657 pravitate
3383 3581 3585 3639 avola.
3634 3577 3844 3653 Quippe

456 3676 628 3760 mens
686 3693 1049 3756 hominibus
1105 3690 1255 3748 data
1309 3694 1403 3747 est
1449 3683 1584 3762 ejus
1633 3678 1991 3747 celeritatis,
2049 3684 2115 3737 ut
2165 3677 2466 3736 velociter
2515 3676 2855 3736 admodum
2905 3677 3158 3736 avolare
3209 3677 3429 3755 possit.
3482 3677 3844 3754 Quapropter

452 3796 758 3878 quidquid
817 3793 895 3852 ab
955 3791 1031 3850 iis
1091 3785 1505 3867 perscriptum
1565 3787 1697 3851 est,
1782 3777 1878 3837 vel
1955 3775 2034 3835 ad
2111 3774 2359 3834 virtutis
2437 3774 2686 3834 laudern
2765 3780 2955 3850 atque
3035 3773 3593 3852 praedicationem,
3667 3771 3752 3830 vel
3816 3783 3844 3824 θ

451 3898 698 3956 diverso
757 3893 834 3952 ad
893 3889 1184 3949 vitiorum
1248 3878 1798 3961 reprehensionem
1852 3892 1864 3941 ;
1952 3893 2024 3932 ea

2244 3873 2427 3931 velim
2506 3871 2811 3948 singulari
2884 3871 3089 3931 studio
3149 3889 3532 3948 cognoscas,
3610 3887 3678 3930 ac
3729 3871 3837 3924 tum

453 3999 724 4053 mentem
789 3996 849 4048 et
907 4001 1157 4046 sensum
1214 3997 1428 4041 eorum
1492 3977 1778 4046 retineas,
1836 3979 1964 4031 tum
2025 3970 2316 4030 dictionis
2374 3969 2774 4044 elegantiam.
2836 3969 2985 4039 Quae
3044 3976 3253 4029 autem
3314 3969 3389 4028 de
3446 3969 3564 4028 diis
3617 3964 3840 4040 scripse—

453 4097 621 4164 runt,
671 4087 948 4165 insignes
996 4100 1197 4159 nugas
1245 4074 1657 4145 continentia,
1710 4072 1882 4131 verbi
1933 4070 2158 4147 gratia,
2212 4068 2456 4128 fabulas
2502 4067 2868 4127 inhonestas
2913 4086 2985 4127 ac
3034 4067 3252 4139 fmdas,
3309 4067 3618 4128 malorum
3665 4058 3846 4141 genio—

448 4208 590 4249 rum
640 4185 977 4254 doctrinas,
1018 4179 1283 4248 fabulas,
1319 4176 1599 4252 inquam,
1635 4177 1770 4229 tum
1813 4169 1936 4228 risu
1988 4173 2120 4227 tum
2173 4165 2466 4244 lacrymis
2515 4165 2777 4243 dignas;
2826 4165 2963 4225 hinc
3011 4166 3226 4225 omnia
3268 4171 3569 4243 tanquam
3617 4163 3845 4238 laqueos

449 4294 509 4347 et
566 4282 889 4361 decipulas
946 4295 1258 4340 aversare.
1310 4275 1592 4348 Cumque
1643 4266 1829 4327 simul
1879 4271 2143 4343 utraque
2193 4263 2439 4342 legeris,
2491 4263 2640 4322 deos
2689 4263 2971 4342 ipsorum
3027 4268 3088 4322 et
3135 4261 3476 4336 orationes,
3528 4262 3673 4322 deos
3719 4252 3840 4316 ridi-

449 4385 665 4448 culos,
742 4387 806 4440 et
863 4375 1176 4438 orationes
1235 4368 1590 4434 amabiles;
1672 4364 1823 4423 deos
1896 4361 2152 4440 quidem
2209 4361 2353 4421 illos
2409 4359 2845 4438 voluptuarios
2924 4379 3187 4439 respue,
3265 4378 3484 4420 verum
3562 4355 3846 4418 orationes

451 4480 710 4542 maximi
771 4477 955 4537 tacito
1010 4494 1022 4534 :
1105 4470 1285 4550 quasi
1344 4467 1580 4528 scilicet
1637 4463 1713 4522 de
1772 4463 1988 4521 eodem
2051 4460 2272 4520 frutice
2332 4459 2543 4538 spinas
2601 4465 2863 4530 caveto,
2953 4465 3014 4518 et
3073 4477 3246 4518 rosas
3302 4457 3610 4536 decepito.
3669 4457 3846 4528 Atque

451 4581 585 4639 haec
645 4576 902 4656 quidem
961 4570 1200 4648 optima
1257 4567 1332 4625 de
1389 4562 1690 4624 doctrinis
1747 4558 2064 4619 extraneis
2121 4559 2220 4619 lex
2282 4558 2554 4616 fuerit.»
2609 4557 2841 4616 Eadem
2901 4556 3251 4635 praescribit
3298 4556 3563 4615 Basilius
3611 4553 3849 4627 Magnus

449 4679 642 4737 libros
699 4672 1094 4735 ethnicorum
1155 4662 1529 4743 legentibus.

1499 4791 1583 4851 De
1627 4797 1908 4871 potestate
1957 4789 2275 4868 temporali
2316 4799 2369 4848 et
2418 4788 2829 4849 ecclesiastica.

534 4923 694 4995 Quid
751 4921 827 4981 de
887 4921 1198 4997 potestate
1255 4906 1591 4986 temporali
1648 4904 1927 4982 cogitare
1984 4904 2369 4976 debeamus,
2446 4911 2636 4981 atque
2696 4904 2883 4962 etiam
2948 4903 3098 4981 quid
3155 4902 3433 4980 cogitare
3489 4898 3748 4960 debeant
3812 4886 3847 4946 ii

449 5023 593 5101 ipsi,
655 5020 764 5098 qui
822 5037 896 5078 ea
950 5011 1232 5090 insigniti
1289 5013 1455 5078 sunt,
1521 5004 1616 5063 his
1670 5003 1878 5062 verbis
1933 5002 2249 5080 signiﬁcat
2306 5003 2641 5080 Gregorius
2702 5020 2714 5059 :
2791 5024 2820 5058 (ιι
2878 5001 2963 5080 (d)
3023 5002 3464 5078 Imperatores,
3531 5001 3848 5074 purpuram

451 5118 1039 5181 revereamini....
1101 5105 1466 5186 Cognoscite
1523 5107 1830 5180 quantum
1890 5100 1953 5160 id
2012 5102 2114 5175 sit,
2173 5102 2343 5180 quod
2403 5107 2623 5160 vestrae
2683 5099 2828 5160 ﬁdei
2884 5099 3287 5159 commissum
3349 5105 3473 5173 est,
3532 5097 3847 5174 quantum-

451 5238 573 5298 que
633 5217 799 5276 circa
854 5231 965 5274 vos
1027 5205 1419 5287 mysterium.
1482 5200 1664 5262 Orbis
1720 5199 2048 5258 universus
2108 5200 2325 5260 manui
2381 5204 2604 5258 vestrae
2661 5197 2983 5276 subjectus
3037 5203 3173 5268 est,
3253 5196 3605 5256 diademate
3674 5197 3847 5268 parvo

447 5325 639 5396 atque
696 5315 924 5392 exiguo
983 5325 1194 5389 panno
1250 5307 1552 5363 retentus.
1614 5300 1855 5375 Supera
1908 5298 2164 5376 quidem
2223 5297 2416 5358 solius
2472 5295 2583 5357 Dei
2640 5302 2831 5368 sunt;
2894 5297 3095 5356 infera
3151 5302 3362 5356 autem
3421 5297 3626 5353 vestra
3679 5284 3848 5345 etiam

446 5421 615 5477 sunt.
665 5410 944 5474 Subditis
974 5405 1195 5468 vestris
1247 5402 1397 5461 deos
1445 5416 1556 5458 vos
1607 5396 1928 5475 praebete;
1990 5395 2178 5456 liceat
2228 5396 2394 5456 enim
2450 5394 2752 5455 audacius
2807 5394 3043 5473 aliquid
3090 5394 3342 5454 dicere:
3403 5416 3433 5447 «
3464 5392 3586 5452 Cor
3614 5382 3765 5461 regis
3791 5376 3845 5435 in

452 5539 480 5567 ‹‹
517 5531 703 5572 manu
745 5509 856 5568 Dei
887 5512 978 5567 est
1007 5506 1072 5576 ⁵⁵,
1108 5525 1136 5560 ››
1193 5505 1262 5560 ut
1293 5517 1369 5558 ex
1400 5494 1726 5572 Scriptura
1755 5493 2048 5552 audimus
2079 5512 2152 5553 ac
2183 5495 2516 5554 credimus.
2552 5493 2662 5552 Hic
2691 5492 3025 5570 imperium
3057 5497 3331 5552 vestrum
3367 5489 3466 5559 sit,
3503 5504 3625 5546 non
3655 5483 3843 5542 autem

521 5630 563 5662 ⁵⁸
595 5628 757 5682 Prov.
792 5641 908 5689 xxx,
948 5619 998 5677 l.’

541 5755 593 5824 a)
634 5752 731 5808 0r.
764 5750 856 5820 2'7,
891 5747 1033 5824 nrt.
2292 5740 2362 5824 itii
2397 5735 2602 5824 (iam;
2627 5734 2697 5787 ad
2727 5733 3061 5824 Spleucum,
3093 5752 3146 5789 v.
3182 5734 3254 5787 35
3282 5737 3340 5788 et
3369 5743 3524 5799 seqq.

544 5805 592 5897 ες
634 5805 808 5894 ima,
839 5805 898 5877 ίι.
930 5821 986 5874 5.

2289 5806 2366 5877 (ἀ)
2403 5810 2500 5863 Or.
2535 5805 2628 5874 36,
2661 5821 2720 5859 n.
2756 5807 2841 5861 11.
