4080 6476
261 326 344 384 133
1311 333 1758 395 ‘PPu‘EFATIO
1803 334 2356 395 GENEltALIS.—
2396 336 2596 396 PARS
2642 335 2751 396 Ill.
3641 345 3762 404 43‘

261 461 307 521 in
350 482 514 526 auro
571 474 646 528 et
703 470 784 529 in
846 468 1272 532 exercitibus.
1327 466 1553 539 Aulici,
1605 483 1918 545 proceres,
1971 484 2045 526 ac
2095 466 2471 527 sublimibus
2522 467 2766 528 thronis
2815 474 2877 528 et
2906 468 3319 547 dignitatibus
3349 473 3648 552 insignes,
3685 495 3762 537 ne

270 562 330 623 ob
389 569 790 642 potentiam
856 585 1260 645 magnopere
1308 565 1552 625 animos
1599 565 1894 636 efferatis,
1959 583 2073 625 nec
2126 565 2202 624 de
2261 565 2635 626 mortalibus
2692 567 2878 627 rebus
2936 573 3238 646 tanquam
3296 570 3760 635 immortalibus

283 663 583 743 cogitetis.
618 667 878 726 Fidem
920 664 1407 744 imperatoribus
1451 670 1716 735 servate,
1767 664 1876 723 sed
1925 663 2098 742 prius
2157 666 2306 738 Deo,
2361 670 2620 743 propter
2667 683 2856 744 quem
2912 665 3010 725 his
3067 667 3256 727 etiam
3306 669 3533 747 quibus
3580 691 3755 733 com-

300 763 459 823 missi
511 769 577 822 et
635 764 884 823 traditi
947 763 1119 823 estis.
1163 785 1192 817 »

385 861 912 923 Ecciesiasticam
979 867 1349 939 potestatem
1406 859 1721 938 agnoscit,
1786 858 2007 937 hisque
2059 858 2266 919 verbis
2325 877 2536 921 coram
2598 861 2894 939 praefecto
2952 862 3289 940 provincia
3342 865 3646 942 pradicat
3702 875 3765 929 et

342 968 570 1022 tuetur:
632 983 662 1017 ει
715 958 805 1038 (a)
859 960 993 1018 Vos
1053 976 1299 1036 quoque
1343 957 1606 1034 imperio
1661 975 1798 1016 meo
1856 975 1928 1016 ac
1983 956 2212 1016 throno
2270 956 2369 1015 lex
2422 957 2650 1016 Christi
2708 958 2982 1036 subjicit.
3038 961 3373 1037 Imperium
3434 963 3598 1022 enim
3649 982 3765 1024 nos

338 1077 570 1138 quoque
628 1057 922 1135 gerimus
976 1076 988 1128 ;
1078 1056 1238 1114 addo
1297 1054 1484 1114 etiam
1556 1054 1956 1132 prastantius
2015 1072 2086 1114 ac
2145 1055 2480 1132 perfectius
2542 1074 2554 1115 :
2647 1055 2763 1113 nisi
2819 1074 2966 1115 vero
3027 1075 3276 1134 aequum
3339 1059 3418 1118 sit
3473 1060 3762 1138 spiritum

331 1157 520 1230 carni,
570 1161 629 1215 et
687 1153 976 1214 coelestia
1042 1151 1301 1211 terrenis
1353 1152 1658 1211 cedere.»
1714 1154 1838 1210 Nec
1888 1150 2096 1210 minus
2155 1157 2364 1211 tamen
2415 1152 2806 1230 principibus
2854 1159 3185 1230 parentum
3238 1174 3371 1216 esse
3420 1159 3605 1218 docet
3635 1158 3758 1239 (b):

325 1253 856 1316 «Submittamus
915 1270 1050 1321 nos,
1104 1257 1236 1309 tum
1296 1253 1443 1321 Deo,
1495 1256 1626 1308 tum
1688 1248 1792 1308 alii
1852 1249 2011 1322 aliis,
2061 1255 2197 1309 tum
2255 1249 2329 1308 iis
2387 1250 2494 1328 qui
2551 1249 2612 1308 in
2671 1251 2852 1310 terris
2907 1250 3243 1330 imperium
3301 1263 3575 1332 gerunt:
3631 1260 3758 1318 Deo

317 1351 584 1430 quidem
645 1348 942 1409 omnibus
1000 1350 1075 1407 de
1133 1347 1358 1416 causis,
1412 1345 1518 1406 alii
1575 1357 1786 1406 autem
1839 1347 1976 1406 aliis
2027 1353 2288 1425 propter
2334 1346 2662 1407 charitatis
2709 1349 2962 1408 foedus:
3017 1350 3406 1430 principibus
3459 1355 3755 1434 denique,

321 1455 588 1528 propter
646 1447 936 1506 ordinem
1001 1445 1391 1523 publicaque
1450 1443 1795 1522 disciplinae
1854 1444 2216 1515 rationem;
2295 1443 2486 1522 idque
2544 1451 2719 1504 tanto
2779 1446 2968 1505 etiam
3027 1448 3247 1526 magis,
3311 1457 3549 1528 quanto
3605 1453 3759 1513 faci-

331 1546 592 1606 lioribus
648 1544 775 1603 illis
834 1561 905 1602 ac
957 1541 1429 1619 benignioribus
1489 1540 1745 1600 utimur.
1804 1565 1832 1595 »

1337 1701 1422 1761 De
1462 1699 1805 1760 hierarchz'a
1843 1709 1897 1760 et
1937 1700 2214 1761 caelibatu
2249 1701 2752 1781 presbyterorum.

399 1849 590 1922 Quod
654 1849 876 1908 attinet
931 1845 1386 1917 hierarchiam,
1454 1845 1559 1904 ubi
1619 1844 1954 1922 Gregorius
2013 1845 2090 1904 de
2150 1845 2318 1905 clero
2376 1845 3075 1925 Constantinopolitano
3136 1848 3330 1909 verba
3385 1851 3568 1926 facit,
3629 1854 3762 1933 epi-

311 1966 698 2027 sc0porum,
759 1945 1290 2024 presbyterorum,
1350 1943 1758 2002 diaconorum
1819 1948 1881 2002 et
1939 1943 2242 2003 lectorum
2309 1948 2550 2003 tantum
2612 1944 2897 2004 meminit
2955 1944 3051 2024 (c).
3133 1970 3164 2000 «
3230 1947 3378 2007 Vide
3436 1951 3763 2030 presbyte-

316 2067 544 2109 rorum
611 2044 984 2111 concilium,
1064 2042 1291 2102 canitie
1348 2048 1409 2101 et
1467 2041 1804 2120 prudentia
1861 2046 2267 2116 ornatorum,
2330 2042 2740 2102 diaconorum
2800 2043 3296 2104 modestiam...
3331 2092 3391 2106 ..
3452 2049 3760 2110 lectorum

316 2145 845 2207 concinnitatem.
908 2166 934 2196 ››
1024 2142 1267 2200 Primos
1342 2141 1404 2200 in
1487 2139 1842 2199 hierarcbia
1901 2139 2328 2200 ecclesiastica
2386 2141 2620 2218 gradus
2677 2141 2994 2220 episcopi,
3076 2144 3385 2205 secundos
3444 2157 3764 2226 occupant

313 2244 694 2305 sacerdotes
745 2262 757 2301 :
819 2241 894 2300 ad
956 2239 1390 2316 episcopatum
1449 2257 1571 2297 non
1631 2238 1749 2296 nisi
1808 2257 1917 2316 per
1976 2238 2301 2298 inferiores
2359 2239 2593 2315 gradus
2649 2239 3127 2300 ascendebatur.
3194 2243 3483 2313 Quandiu
3543 2247 3758 2307 Eccle-

315 2346 418 2403 sia
484 2341 738 2406 ﬂoruit,
819 2345 878 2397 et
935 2338 1112 2415 vigor
1170 2337 1515 2415 disciplina
1572 2336 1741 2394 stetit
1797 2336 2172 2407 incolumis,
2258 2337 2542 2416 quisquis
2601 2339 2679 2396 ad
2738 2357 3103 2416 supremum
3163 2342 3497 2402 sacerdotii
3554 2345 3760 2406 hono-

327 2459 470 2500 rem
531 2437 992 2516 promovendus
1049 2441 1222 2507 erat,
1297 2435 1377 2494 ob
1437 2433 1786 2493 sanctitatis
1846 2433 2138 2494 meritum
2199 2435 2676 2508 assumebatur,
2739 2454 2812 2494 ac
2868 2437 3205 2514 diligenter
3262 2439 3339 2498 de
3398 2440 3534 2519 ejus
3591 2444 3758 2517 vita,

338 2540 621 2599 moribus
673 2544 735 2598 et
790 2536 1077 2596 doctrina
1127 2534 1593 2612 exquirebatur.
1648 2535 1877 2594 Verum
1939 2553 2066 2612 quo
2124 2541 2406 2613 tempore
2466 2536 2739 2595 nefanda
2793 2537 3169 2597 Arianorum
3233 2538 3488 2601 haresis
3546 2543 3761 2603 omnia

343 2637 616 2706 miscuit,
671 2636 772 2694 hic
831 2634 986 2694 ordo
1044 2632 1468 2711 perturbatus,
1541 2631 1925 2692 conculcata
1981 2632 2172 2710 leges.
2238 2633 2390 2692 Hinc
2445 2633 2569 2692 illa
2630 2635 2911 2711 Gregorii
2968 2636 3240 2713 querela
3296 2637 3382 2716 (ά)
3448 2658 3460 2699 ;
3543 2663 3571 2694 ‹‹
3633 2643 3758 2701 Nos

332 2755 488 2795 vero
546 2740 820 2804 cunctos,
880 2731 1062 2792 facile
1119 2731 1501 2791 collocamus
1558 2730 1620 2789 in
1680 2730 2030 2790 antistitum
2088 2730 2267 2799 solia,
2333 2731 2518 2790 modo
2576 2731 2693 2809 ipsi
2747 2733 2939 2792 velint
2993 2754 3004 2793 :
3075 2752 3476 2814 nequaquam
3538 2756 3752 2797 recen-

319 2836 531 2906 tium,
611 2841 719 2890 aut
778 2830 1169 2908 priscorum,
1250 2829 1344 2887 vel
1406 2828 1684 2887 actiones
1739 2827 2246 2899 considerantes,
2327 2829 2422 2888 vel
2481 2829 2874 2902 doctrinam,
2957 2832 3049 2889 vel
3109 2834 3754 2896 conversationem...

325 2934 460 2989 Non
526 2948 634 2988 eos
691 2927 1001 2986 antistites
1049 2925 1335 2996 facimus,
1396 2925 1506 3002 qui
1563 2924 1776 3000 aliquo
1835 2925 2134 3004 temporis
2190 2925 2394 3002 spatio
2454 2925 2685 2984 fuerint
2731 2927 3110 2998 examinati;
3176 2930 3283 2988 sed
3343 2932 3450 3009 qui
3511 2943 3760 2992 suomet

319 3028 562 3105 judicio
621 3026 792 3103 digni
847 3025 1222 3084 videntur.»
1284 3022 1442 3082 Hinc
1503 3029 1628 3081 tam
1690 3022 1919 3094 tristes,
1969 3029 2096 3081 tam
2159 3024 2462 3082 luctuosa
2521 3023 2709 3101 hujus
2769 3025 3066 3102 temporis
3115 3025 3559 3106 episcoporum
3595 3030 3756 3090 ima-

336 3126 532 3202 gines,
589 3131 718 3183 tam
777 3123 970 3200 nigris
1029 3121 1343 3181 coloribus
1400 3119 1479 3179 ab
1527 3119 1664 3198 ipso
1710 3119 1774 3178 in
1826 3119 2211 3179 carminibus
2262 3120 2629 3180 efformata.
2683 3121 2783 3181 Sic
2837 3121 2897 3180 in
2947 3123 3231 3184 oratione
3281 3125 3356 3184 de
3408 3127 3525 3187 hoc
3577 3147 3759 3205 argu-

321 3231 540 3284 mento
594 3222 668 3301 (e)
728 3240 739 3279 :
819 3245 846 3274 α
899 3221 1177 3280 Aliorum
1244 3237 1341 3277 me
1402 3218 1645 3296 puduit,
1707 3218 1815 3296 qui
1873 3236 2015 3277 cum
2079 3218 2391 3296 plerisque
2447 3218 2644 3277 nihilo
2706 3219 2994 3280 meliores
3051 3221 3197 3293 sint,
3258 3229 3450 3302 atque
3508 3227 3749 3286 utinam

312 3343 444 3382 non
508 3321 698 3380 etiam
763 3319 958 3378 multo
1018 3317 1281 3396 pejores,
1345 3316 1557 3388 illotis,
1625 3323 1691 3375 ut
1745 3316 1868 3375 dici
1924 3315 2103 3387 solet,
2169 3315 2483 3388 manibus,
2559 3317 2967 3395 profanisque
3025 3320 3251 3379 animis
3307 3322 3370 3380 in
3429 3323 3748 3383 sanctissi—

311 3440 420 3480 ma
478 3418 776 3498 mysteria
825 3435 956 3477 sese
1009 3416 1305 3486 inferunt,
1364 3433 1436 3475 ac
1497 3414 1862 3492 priusquam
1922 3413 2096 3491 digni
2153 3414 2296 3479 sint,
2355 3413 2461 3492 qui
2520 3414 2597 3473 ad
2659 3434 2755 3474 res
2802 3435 3011 3476 sacras
3042 3419 3369 3491 accedant,
3405 3422 3751 3480 sacrarium

308 3521 526 3597 ipsum
588 3517 911 3589 ambiunt,
997 3522 1060 3574 et
1117 3515 1348 3574 circum
1411 3518 1876 3572 sacrosanctam
1937 3531 2214 3571 mensam
2275 3531 2408 3571 sese
2467 3514 2732 3572 invicem
2808 3522 3103 3592 premunt
3173 3534 3244 3576 ac
3325 3519 3745 3596 protrudunt,

311 3626 628 3696 tanquam
689 3634 809 3674 non
869 3614 1114 3673 virtutis
1173 3612 1570 3689 exemplum,
1627 3611 1735 3670 sed
1794 3611 1994 3670 victus
2049 3610 2316 3688 parandi
2371 3611 2767 3671 occasionem
2828 3619 2890 3672 et
2945 3614 3295 3674 subsidium
3355 3615 3522 3676 hunc
3577 3618 3747 3677 ordi-

322 3735 462 3775 nem
513 3733 650 3775 esse
692 3713 1070 3792 judicantes,
1124 3729 1195 3771 ac
1239 3728 1363 3770 non
1417 3728 1646 3768 munus
1703 3709 2043 3769 referendis
2095 3709 2442 3769 rationibus
2489 3709 2861 3782 obnoxium,
2911 3711 3021 3770 sed
3062 3712 3400 3792 imperium
3448 3715 3527 3774 ab
3574 3717 3750 3776 omni

324 3831 584 3872 censura
643 3812 949 3872 immune.
994 3835 1020 3864 »

401 3913 471 3971 In
529 3911 782 3971 Oriente
845 3907 1190 3987 presbyteri
1249 3927 1374 3966 non
1428 3914 1557 3966 tam
1616 3906 1827 3966 stricte
1884 3904 2119 3965 calibis
2178 3905 2320 3965 vita
2374 3905 2576 3983 legem
2635 3906 2999 3967 observasse
3054 3909 3384 3981 videntur,
3457 3911 3608 3990 quin
3669 3913 3748 3973 ab

311 4029 391 4069 ea
457 4009 649 4087 aliqui
709 4009 1101 4074 recederent,
1162 4006 1332 4084 quod
1390 4006 1520 4083 ipse
1580 4005 1893 4083 signiﬁcat
1951 4004 2314 4082 Gregorius,
2379 4005 2486 4063 ubi
2543 4004 2758 4065 scribit
2815 4025 2947 4066 esse
3005 4009 3313 4085 quosdam
3375 4009 3483 4087 qui
3539 4011 3749 4090 bapti-

319 4123 536 4164 smum
591 4111 666 4164 ab
723 4124 798 4165 eo
857 4104 1222 4182 presbytero
1281 4103 1474 4162 velint
1531 4102 1867 4180 suscipere,
1923 4101 2007 4181 (Γ)
2062 4123 2091 4159 ‹‹
2136 4101 2244 4180 qui
2294 4101 2521 4160 calebs
2570 4102 2670 4178 sit,
2705 4103 2813 4181 qui
2864 4104 3268 4165 continentia
3322 4104 3506 4165 laude
3558 4115 3750 4186 atque

308 4203 608 4281 angelica
664 4203 913 4262 vivendi
972 4201 1212 4262 ratione
1271 4200 1518 4260 ﬂoreat.
1577 4222 1605 4257 »

1641 4361 1730 4421 De
1766 4361 1960 4423 causis
1995 4360 2423 4422 ecclesiasticis.

393 4504 745 4561 Causarum
805 4498 1337 4559 eccesiasticarum
1392 4495 1636 4572 judices
1691 4503 1872 4557 erant
1931 4496 2209 4575 episcopi
2264 4514 2278 4567 ;
2341 4501 2404 4554 et
2458 4494 2508 4554 si
2569 4496 2823 4573 quando
2883 4517 2980 4558 res
3038 4499 3475 4561 ecclesiastica
3537 4503 3744 4580 publi-

313 4601 404 4658 cis
463 4598 775 4677 praetoriis
831 4596 1344 4667 traducebantur,
1405 4595 1468 4653 id
1528 4612 1693 4671 agre
1751 4594 2059 4667 ferebant,
2119 4599 2182 4653 et
2238 4593 2463 4652 exinde
2518 4594 2948 4670 querimonias
3007 4598 3174 4675 apud
3246 4597 3491 4676 judices
3549 4599 3742 4660 habe-

303 4697 497 4767 bant,
560 4703 628 4756 ut
686 4697 950 4774 epistola
999 4693 1280 4771 Gregorii
1327 4694 1402 4751 de
1450 4692 1746 4770 episcopo
1795 4691 2147 4769 Bosphorio
2198 4696 2572 4768 argumento
2623 4697 2739 4751 est.
2802 4694 3035 4754 «Hanc
3087 4695 3287 4770 tibi,»
3340 4697 3546 4775 inquit
3593 4697 3745 4756 scri-

301 4795 472 4853 bens
530 4795 816 4854 Nectario
876 4793 977 4872 (g),
1044 4816 1071 4846 ‹‹
1125 4790 1547 4870 precationem
1606 4809 1797 4850 ausus
1854 4807 1994 4849 sum
2054 4789 2282 4849 offerre
2345 4807 2453 4867 pro
2515 4790 3039 4852 reverendissimo
3098 4793 3393 4872 episcopo
3454 4795 3740 4873 Bospho-

301 4893 542 4951 rio.....
608 4891 1103 4952 Controversiam
1174 4895 1343 4948 certe
1415 4888 1491 4947 de
1548 4887 2195 4947 circummanentibus
2264 4893 2548 4946 exortam
2622 4888 2756 4964 ipse
2827 4889 3123 4949 nimirum
3194 4890 3494 4950 dissolves
3559 4891 3745 4969 juxta

296 4990 587 5068 Spiritus
647 4989 935 5068 gratiam,
989 5006 1127 5066 qua
1184 4987 1246 5045 in
1307 4991 1366 5046 te
1424 4992 1535 5059 est,
1591 4992 1651 5046 et
1705 5004 2016 5046 canonum
2080 4992 2384 5045 tenorem.
2437 4983 2596 5043 Illud
2655 4991 2864 5044 autem
2924 4987 3181 5048 minime
3241 4989 3567 5049 ferendum
3619 4997 3744 5050 tua

304 5088 684 5147 reverentia
743 5087 1066 5155 videatur,
1141 5084 1307 5162 quod
1371 5091 1585 5144 nostra
1641 5084 1908 5163 publicis
1979 5083 2291 5163 praetoriis
2346 5082 2782 5142 traducantur.
2863 5088 3019 5144 Nam
3078 5088 3328 5148 tametsi
3385 5088 3508 5148 sint
3563 5087 3743 5148 Chri-

299 5187 524 5256 stiani,
590 5192 657 5246 ut
713 5194 878 5247 certe
934 5185 1042 5245 Dei
1099 5183 1486 5259 benignitate
1542 5191 1706 5255 sunt,
1764 5182 2075 5261 ejusmodi
2130 5180 2526 5259 negotiorum
2574 5181 2872 5259 judices;
2939 5184 3090 5262 quid
3144 5203 3479 5246 commune
3528 5187 3742 5264 gladio

309 5289 377 5342 et
434 5284 740 5362 spiritui?
817 5282 995 5354 Quod
1053 5281 1102 5340 si
1157 5280 1346 5340 etiam
1407 5281 1944 5351 concesserimus,
2025 5279 2344 5359 quomodo
2400 5284 2511 5338 aut
2570 5279 2826 5339 ubinam
2879 5281 3165 5359 justum,
3248 5284 3741 5363 disputationem

303 5380 388 5440 de
448 5381 567 5442 ﬁde
625 5400 768 5444 cum
829 5381 967 5442 aliis
1016 5377 1454 5440 controversiis
1501 5378 1932 5457 implicari?»
1999 5377 2177 5449 Quod
2239 5376 2358 5436 hac
2408 5376 2676 5455 epistola
2731 5379 3096 5458 postulabat
3126 5382 3484 5461 Gregorius,
3520 5401 3741 5443 conse-

386 5572 459 5640 (al
500 5572 590 5627 Or.
629 5573 715 5641 17,
753 5589 814 5626 n.
850 5570 904 5623 8.

2157 5567 2220 5641 (ἦ)
2400 5564 2459 5641 22
2491 5579 2548 5617 η’
2580 5565 2633 5641 8:

383 5635 454 5712 lib)
491 5645 659 5713 Ibid.,
701 5635 766 5699 ἠ.
804 5644 860 5696 6.
899 5712 902 5713 ν

2159 5638 2225 5713 (fl
2267 5639 2360 5713 9“
2398 5635 2487 5713 ω’
2521 5635 2701 5713 {H.26-

372 5705 443 5788 (αἱ
475 5719 566 5776 0r.
605 5705 700 5784 4'2,
745 5733 809 5770 ιι.
846 5712 982 5788 11η
1270 5777 1366 5788 ,η
1410 5775 1444 5788 η
1617 5779 1681 5788 η

1270 5777 1284 5788 .
1321 5777 1366 5788 ._
1410 5775 1444 5788 ..
1617 5779 1681 5788 _-
2161 5711 2229 5779 (g)
2270 5707 2372 5778 Ep.
2407 5705 2486 5761 al.
2519 5706 2645 5761 227.

477 5775 856 5852 Carm.'adv.
893 5782 1097 5855 episc.,
1130 5777 1288 5852 apud
1321 5775 1493 5844 Toll.,
1526 5795 1581 5850 p.
1616 5779 1703 5834 39.

203 6441 208 6446 .
273 6415 610 6449 ,λς-λὲ--τλέὶέ-ῖιὲ·
663 6427 714 6439 ι·
763 6415 768 6420 ’

86 6439 412 6476 υοῄρὼν““τ
466 6441 494 6455 π
