4080 6466
409 330 522 389 135
1411 327 1831 388 PREFATIU
1877 329 2020 389 GEN

2213 329 2342 390 [ΑΒ.
2379 361 2458 375 —-
2501 329 2701 390 PARS
2747 330 2854 392 ΙΙΙ.
3714 340 3824 400 136

402 471 585 524 cutus
636 464 907 536 videtur,
967 464 1487 541 occasionemque
1548 463 1790 524 dedisse
1847 464 2149 542 rescripto
2205 463 2581 539 Theodosii,
2643 465 2790 527 dato
2850 471 2884 525 4
2945 467 3124 528 Febr.
3187 488 3290 530 an.
3350 472 3468 531 384
3525 473 3623 533 vel
3681 473 3818 547 385,

403 563 486 622 ad
519 565 817 642 Optatum
850 562 1106 641 Egypti
1146 562 1537 640 praefectum,
1594 580 1721 640 quo
1780 562 2078 633 sancitur,
2144 586 2172 615 «
2209 561 2290 639 (α)
2341 579 2420 620 ne
2477 581 2709 622 nomen
2772 565 3235 642 episcoporum,
3297 570 3389 628 vel
3449 588 3665 630 eorum
3719 573 3826 649 qui

402 660 697 721 Ecclesiae
755 659 1229 720 necessitatibus
1288 660 1594 734 serviunt,
1656 660 1735 718 ad
1785 659 2027 737 judicia
2076 660 2204 718 sive
2263 660 2726 720 ordinariorum
2786 681 2914 722 sive
2973 666 3620 728 extraordinariorum
3681 688 3823 746 per-

405 759 716 818 trahatur.
780 759 1023 817 Habent
1081 757 1173 816 illi
1222 757 1469 835 judices
1526 775 1712 831 suos,
1788 776 1901 816 nec
1959 757 2305 835 quidquam
2368 756 2464 816 his
2539 759 2806 836 publicis
2873 780 3207 822 commune
3283 783 3426 824 cum
3502 765 3748 844 legibus
3808 786 3822 827 :

406 861 713 934 quantum
774 854 854 914 ad
912 871 1134 913 causas
1191 859 1397 913 tamen
1456 852 1907 913 ecclesiasticas
1961 853 2251 932 pertinet,
2312 872 2467 931 quas
2524 854 2703 915 decet
2761 857 3102 936 episcopali
3161 861 3537 923 auctoritate
3595 862 3826 922 decidi.

405 954 897 1030 Quibuscunque
952 952 1144 1029 igitur
1202 957 1372 1011 mota
1430 951 1616 1011 fuerit
1670 951 1935 1029 quaestio
1994 970 2135 1030 quas
2195 953 2275 1011 ad
2335 951 2753 1013 Christianam
2825 956 3133 1033 pertineat
3187 959 3628 1032 sanctitatem,
3719 978 3826 1021 eos

403 1051 648 1112 decebit
695 1050 809 1111 sub
866 1068 939 1110 eo
987 1049 1200 1128 judice
1261 1048 1531 1127 litigare,
1583 1049 1692 1128 qui
1749 1049 1978 1129 praesul
2035 1056 2128 1110 est
2183 1051 2247 1109 in
2304 1051 2432 1110 suis
2490 1052 2774 1130 partibus
2821 1055 3101 1113 omnium
3154 1055 3577 1129 sacerdotum,
3613 1081 3642 1112 υ
3699 1066 3822 1119 etc.

1647 1156 1733 1216 De
1780 1156 2111 1236 virginibus
2155 1167 2212 1216 et
2255 1156 2574 1218 monachis.

483 1255 816 1316 Notatione
873 1254 1132 1331 dignum
1194 1253 1467 1313 maxime
1517 1254 1686 1330 quod
1745 1254 1834 1313 ait
1891 1254 2225 1332 Gregorius
2283 1255 2360 1314 de
2419 1255 2766 1333 virginibus
2824 1261 2950 1318 Deo
3011 1261 3431 1332 consecratis,
3492 1261 3698 1339 deque
3751 1262 3827 1321 iis

404 1355 718 1424 omnibus,
770 1353 880 1432 qui
936 1357 1077 1430 post
1137 1357 1505 1429 nuncupata
1559 1355 1686 1412 Deo
1747 1357 1915 1424 vota,
1967 1353 2272 1431 promissa
2329 1372 2453 1413 non
2506 1361 2730 1414 curant
2783 1355 3162 1433 persolvere,
3215 1363 3324 1417 aut
3372 1360 3649 1436 graviter
3693 1361 3829 1420 offi-

403 1454 568 1514 cium
626 1452 923 1513 deserunt
963 1468 976 1508 :

868 1548 940 1617 ib)
983 1546 1090 1612 Qui
1122 1546 1515 1619 virginitatem
1547 1547 1773 1602 Christo
1805 1548 1926 1619 regi
1967 1548 2198 1615 obtulit,

869 1619 1172 1674 Rationale
1203 1618 1576 1688 sacriﬁcium,
1608 1618 1908 1674 victimam
1944 1619 2331 1685 incruentam,

869 1692 1118 1762 Nuptias
1150 1691 1198 1745 si
1233 1691 1508 1765 deinceps
1538 1691 1858 1765 quaesierit,
1892 1708 2007 1748 non
2035 1692 2268 1761 jactura
2300 1697 2527 1748 tantum
2562 1692 2668 1762 illi,
2702 1711 2900 1749 verum
2936 1695 3322 1765 gravissimus

869 1765 969 1835 Est
996 1779 1189 1832 casus,
1225 1764 1396 1816 morti
1431 1763 1755 1834 proximus,
1793 1768 2168 1835 acrprzeterea
2198 1765 2577 1835 opprobrium
2612 1763 2994 1821 indelebile...

866 1834 1006 1898 Quis
1037 1851 1168 1890 vero
1199 1835 1446 1890 audiens
1477 1836 1823 1906 Sapphiram
1868 1834 2160 1891 infelicem
2193 1842 2249 1892 et
2279 1834 2568 1892 Ananiam

869 1908 1052 1961 Lucro
1085 1906 1182 1976 qui
1216 1922 1322 1960 suo
1354 1907 1571 1978 malam
1605 1913 1852 1962 mortem
1886 1912 2326 1964 commutarunt
2356 1909 2420 1978 ⁵⁷,

867 1983 993 2033 Non
1024 1982 1292 2032 vereatur
1324 1977 1409 2032 vel
1444 1977 1646 2033 leviter
1672 1978 1962 2049 promissa
1995 1978 2206 2033 violare
2233 1980 2259 2032 '?

870 2049 1155 2122 Regulam
1183 2052 1358 2104 etiam
1393 2050 1524 2122 quis
1556 2067 1796 2105 auream
1829 2067 1960 2104 cum
1997 2050 2197 2105 furtim
2232 2050 2627 2122 subripuisset

868 2123 908 2176 E
959 2120 1159 2192 populi
1203 2121 1582 2192 primoribus,
1617 2122 1803 2177 inscio
1834 2122 2002 2188 duce,

868 2193 1102 2248 Vestem
1135 2198 1191 2247 et
1235 2193 1494 2263 pecuniae
1529 2193 1862 2260 modicum;
1897 2193 2001 2265 toti
2036 2193 2229 2248 nocuit
2264 2193 2498 2265 populo.

870 2265 1028 2319 Talis
1061 2270 1167 2331 est,
1203 2265 1299 2335 qui
1332 2265 1724 2336 virginitatem
1758 2264 2084 2336 amplexus,
2119 2264 2277 2320 retro
2307 2266 2573 2336 graditur
2601 2285 2613 2332 ;
2646 2269 2748 2319 aut
2778 2266 2954 2320 etiam
2987 2267 3258 2322 deterior.

484 2372 774 2435 Nazianzi
833 2370 1289 2432 monachorum
1350 2370 1645 2431 exercitia
1703 2371 1788 2431 sic
1840 2371 2131 2431 describit
2189 2373 2524 2450 Gregorius
2584 2372 2659 2451 (ε)
2720 2392 2734 2433 :
2826 2396 2851 2426 α
2916 2373 3192 2450 Vigilize,
3251 2373 3514 2451 jejunia,
3583 2395 3828 2452 preces.

403 2475 739 2553 lacrymaa,
822 2470 1054 2529 callosa
1111 2488 1356 2547 genua,
1436 2469 1706 2547 pectoris
1764 2471 2394 2541 converberationes,
2475 2471 2807 2550 suspirium
2870 2490 2944 2530 ex
3007 2472 3134 2532 imo
3196 2491 3500 2545 manans,
3584 2493 3831 2551 pernox

403 2571 612 2644 statio,
672 2568 897 2630 mentis
954 2567 1032 2628 ad
1090 2569 1284 2626 Deum
1347 2567 1804 2645 peregrinatio,
1860 2567 2062 2628 tenuis
2123 2569 2284 2627 inter
2339 2569 2647 2628 orandum
2711 2569 2927 2641 ﬂetus,
2991 2570 3380 2630 audientium
3443 2570 3688 2630 animos
3745 2570 3833 2630 ad

406 2669 953 2750 compunclionem
1013 2665 1302 2740 incitans,
1384 2665 1745 2744 psallentes,
1806 2666 1915 2726 Dei
1974 2666 2239 2744 gloriam
2311 2666 2718 2738 celebrantes,
2780 2668 2978 2744 legem
3039 2668 3286 2728 Domini
3343 2669 3449 2728 diu
3509 2675 3825 2746 noctuque

405 2769 822 2840 meditantes,
881 2764 1293 2824 exaltationes
1352 2763 1458 2823 Dei
1517 2764 1579 2822 in
1635 2765 1996 2841 gutturibus
2049 2765 2094 2797 ⁵⁸
2176 2765 2492 2836 ferentes;
2556 2773 2744 2844 atque
2805 2766 2939 2825 haec
2999 2766 3185 2826 etiam
3245 2767 3386 2826 vitae
3445 2770 3573 2827 Deo
3629 2772 3818 2844 gratae

403 2866 670 2946 pulchra
716 2863 949 2923 indicia
1007 2867 1067 2920 et
1124 2867 1520 2939 argumenta,
1555 2863 1855 2940 tacitique
1886 2881 2232 2942 praecones,
2280 2863 2534 2924 sordida
2583 2863 2881 2923 nimirum
2940 2871 3000 2923 et
3055 2865 3345 2944 squalida
3395 2883 3596 2938 coma,
3632 2863 3825 2942 pedes

403 2967 580 3038 nudi,
639 2970 701 3024 et
755 2962 1134 3042 apostolicos
1179 2961 1526 3032 imitantes,
1583 2960 1739 3020 nihil
1798 2968 2114 3022 mortuum
2174 2963 2462 3035 ferentes,
2526 2970 2675 3042 apta
2733 2970 2796 3022 et
2848 2963 3175 3024 moderata
3231 2970 3514 3037 tonsura,
3560 2964 3834 3024 amictus

403 3065 632 3123 fastum
686 3079 998 3130 coercens,
1051 3077 1206 3118 zona
1255 3058 1335 3117 ob
1385 3064 1645 3118 ornatus
1696 3058 2050 3136 neglectum
2110 3060 2278 3119 culta
2336 3068 2397 3119 et
2455 3067 2805 3120 ornata.....
2860 3062 3079 3121 oculus
3129 3061 3382 3122 minime
3428 3080 3637 3140 vagus,
3676 3062 3839 3122 sub-

404 3163 564 3222 risus
621 3159 1017 3220 blandus.....
1099 3157 1414 3216 silentium
1476 3175 1762 3217 sermone
1822 3158 2260 3236 praestantius,
2339 3159 2620 3219 laudatio
2680 3160 2808 3219 sale
2867 3158 3164 3232 condita,
3242 3179 3365 3219 non
3425 3161 3504 3220 ad
3576 3160 3842 3219 blandi-

404 3261 524 3321 tias
581 3263 981 3335 comparata,
1041 3255 1145 3315 sed
1205 3254 1282 3313 ad
1347 3255 1605 3314 meliora
1664 3255 1976 3332 dirigens,
2035 3254 2394 3333 obiurgatio
2455 3255 2819 3316 laudatione
2877 3257 3342 3332 optabilior.....
3407 3258 3627 3317 modus
3689 3263 3835 3318 tum

407 3361 468 3419 in
530 3373 865 3417 commune
922 3352 1308 3433 prodeundi,
1372 3359 1504 3412 tum
1565 3353 1924 3427 secedendi,
1993 3354 2109 3413 hoc
2167 3361 2235 3413 ut
2291 3353 2410 3432 ipsi
2468 3355 2737 3433 Spiritus
2791 3354 3100 3434 mysteriis
3159 3355 3572 3428 imbuantur;
3634 3364 3837 3433 atque

405 3458 494 3517 ita
552 3461 932 3532 utrumque,
1010 3456 1079 3510 ut
1134 3455 1197 3510 et
1255 3451 1317 3509 in
1374 3451 1696 3510 communi
1761 3451 2157 3511 solitudinem
2239 3459 2524 3525 servent,
2603 3459 2664 3513 et
2719 3453 2780 3511 in
2839 3452 3175 3512 solitudine
3231 3453 3570 3513 fraternam
3633 3454 3842 3513 bene-

401 3552 741 3615 volentiam
801 3557 864 3611 et
921 3547 1344 3619 charitatem;
1406 3554 1488 3625 et,
1542 3567 1682 3626 quae
1735 3548 1830 3607 his
1883 3548 2089 3608 adhuc
2143 3548 2385 3628 majora
2432 3556 2494 3609 et
2542 3550 2909 3609 sublimiora
2950 3556 3115 3621 sunt,
3151 3569 3300 3629 opes
3334 3553 3393 3609 in
3428 3557 3840 3629 paupertate,

401 3649 712 3732 possessio
768 3650 829 3709 in
890 3647 1414 3728 peregrinatione,
1468 3646 1671 3725 gloria
1726 3646 1788 3705 in
1849 3653 2240 3727 contemptu,
2293 3648 2572 3726 potentia
2630 3647 2692 3706 in
2747 3647 3133 3718 inﬁrmitate,
3189 3647 3536 3707 fecunditas
3589 3648 3650 3707 in
3705 3667 3846 3709 cae-

398 3750 620 3821 libatu,
682 3747 990 3826 siquidem
1053 3745 1499 3824 prestantiores
1555 3745 1725 3804 fetus
1775 3744 1867 3804 illi
1924 3751 2089 3818 sunt,
2151 3745 2258 3823 qui
2316 3747 2656 3806 secundum
2717 3748 2912 3806 Deum
2977 3747 3307 3819 exsistunt,
3373 3765 3562 3825 quam
3622 3747 3731 3825 qui
3803 3767 3850 3810 a

397 3867 586 3909 carne
644 3855 849 3907 ortum
912 3845 1198 3904 ducunt:
1264 3844 1372 3922 qui
1429 3843 1667 3903 deliciis
1729 3843 1982 3903 minime
2027 3842 2277 3903 studere
2338 3863 2450 3922 pro
2508 3843 2745 3904 deliciis
2803 3844 3089 3916 habent;
3152 3845 3259 3923 qui
3321 3845 3494 3923 regni
3552 3844 3839 3907 ccelestis

398 3965 586 4008 causa
645 3944 916 4004 humiles
974 3955 1140 4015 sunt,
1191 3943 1298 4020 qui
1353 3941 1502 4001 nihil
1565 3942 1628 4000 in
1690 3941 1923 4001 mundo
1975 3941 2211 4002 habent
2259 3949 2319 4002 et
2377 3962 2570 4022 supra
2621 3943 2924 4003 mundum
2977 3943 3306 4017 exsistunt,
3358 3943 3465 4020 qui
3515 3944 3700 4004 etiam
3751 3943 3824 4003 in

400 4064 587 4107 carne
648 4051 825 4105 extra
882 4062 1135 4103 carnem
1193 4041 1450 4114 vivunt,
1515 4042 1622 4120 qui
1680 4060 1794 4122 pro
1854 4042 2140 4120 portione
2199 4045 2396 4102 Deum
2455 4042 2732 4116 habent,
2804 4044 2913 4122 qui
2972 4049 3228 4124 propter
3284 4061 3548 4121 regnum
3605 4043 3832 4121 inopia

400 4145 714 4215 laborant,
776 4147 837 4202 et
892 4147 1152 4220 propter
1208 4138 1489 4218 inopiam
1548 4145 1836 4216 regnant.
1889 4161 1916 4195 ι)

480 4246 568 4303 De
625 4238 952 4300 monachis
1009 4244 1071 4298 et
1126 4236 1473 4316 virginibus
1528 4237 1656 4295 Deo
1713 4237 1907 4296 sacris
1965 4236 2052 4296 sic
2107 4236 2336 4298 iterum
2395 4238 2458 4297 in
2513 4238 2790 4300 carmine
2847 4239 3116 4301 iambico
3158 4238 3293 4320 (d):

1218 4343 1328 4398 Sed
1363 4343 1515 4416 quod
1547 4357 1781 4412 semper
1818 4358 1884 4416 ac
1916 4342 2190 4416 omnibus
2223 4344 2603 4401 notissimum
2635 4350 2743 4416 est,

1215 4415 1418 4469 Cernis
1450 4414 1764 4486 insomnes
1787 4414 2082 4486 virginum
2116 4415 2497 4486 psalmodias,

1219 4486 1492 4540 Virorum
1529 4502 1595 4541 ac
1627 4485 1942 4540 mulierum
1976 4485 2197 4542 natura:
2228 4485 2564 4552 oblitorum,

1216 4562 1367 4623 Quot
1394 4563 1450 4612 et
1479 4556 1740 4627 qualium
1769 4558 1780 4612 Ξ
1817 4574 1996 4629 quam
2027 4558 2100 4613 ad
2132 4558 2507 4615 Divinitatem
2539 4561 2944 4616 accedentium

1220 4631 1634 4702 Concinentem
1667 4634 1723 4684 et
1757 4629 1986 4702 angelis
2019 4631 2469 4701 respondentem
2502 4629 2745 4688 chorum

1220 4701 1545 4775 Duplicem,
1577 4701 1637 4775 in
1669 4701 1811 4756 ccelo
1844 4701 1901 4756 et
1931 4703 1992 4756 in
2023 4707 2179 4756 terra
2207 4703 2567 4775 ordinatum,

1222 4773 1436 4829 Divinre
1467 4773 1833 4829 laudatorem
1871 4775 2198 4844 majestatis
2229 4779 2288 4830 et
2319 4773 2562 4831 natura.

401 4887 532 4944 Non
594 4901 723 4944 una
779 4883 1059 4944 omnium
1121 4882 1431 4960 virginum
1489 4881 1641 4952 vita,
1703 4881 2050 4961 eademque
2106 4882 2360 4943 vivendi
2415 4883 2750 4943 instituta:

901 4989 1066 5077 (ἠίχᾼὶ
1099 4988 1191 5077 μξν
1225 4986 1523 5077 spuma;
1555 4987 1714 5077 ξυνὸν,
1736 4984 1914 5077 adeonv,
1934 4988 2300 5064 ἀμφιέπουσαι

968 5057 1226 5134 Οὗράνίου
1448 5061 1537 5112 ἴσα
1564 5079 1622 5112 τε
1657 5057 1825 5132 μέτρα
1861 5057 2003 5133 (Stoa.

399 5162 552 5222 Aliae
609 5162 864 5241 quidem
922 5162 1109 5223 simul
1166 5167 1608 5239 congregatas,
1671 5159 1787 5220 sub
1847 5179 1971 5222 uno
2031 5161 2316 5222 conclavi
2371 5179 2705 5222 commune
2761 5161 3011 5222 vivendi
3067 5161 3425 5222 institutum
3483 5163 3850 5228 servabant

400 5279 737 5321 commune
781 5260 1162 5322 desiderium
1221 5261 1502 5321 foventes
1556 5257 1829 5319 cmlestis
1887 5259 2054 5336 vitae,
2116 5260 2477 5339 similesque
2536 5260 2786 5322 vivendi
2847 5260 3066 5322 modos
3121 5266 3376 5322 secutae.

965 5363 1109 5440 A't3’
1141 5365 1224 5440 ἄρ’
1258 5365 1368 5440 toi:
1395 5361 1641 5440 τοκὲςσσι
1676 5363 1989 5440 παρήμιναξ
2025 5363 2392 5440 αὸρανέουσιν,

971 5437 1062 5490 Ἢὶ
1091 5431 1440 5511 καάιγνήτοις
1476 5431 1702 5510 μάρτυσι
1735 5431 2110 5510 ολωῴροσύνηςῖ

474 5555 515 5587 ⁵⁷
546 5555 671 5608 Act.
704 5571 756 5624 ν,
793 5555 943 5608 1-11.
1020 5555 1062 5589 ⁸³
1094 5554 1244 5609 Psal.
1274 5571 1453 5623 cxux,
1485 5554 1538 5606 6.

478 5654 546 5720 (al
574 5652 722 5723 Lege
744 5653 796 5719 3,
822 5654 975 5724 apud
997 5653 1475 5721 Sirmundum,in
1501 5649 1822 5724 appendice
1845 5650 2056 5707 Codicis
2239 5655 2305 5722 (cl
2349 5652 2444 5707 Or.
2485 5653 2540 5716 6,
2574 5669 2629 5706 n.
2663 5656 2717 5706 2.

408 5723 622 5797 ΤΙιβριίε,
654 5729 796 5778 tom.
835 5723 1043 5797 l'oper.
1079 5725 1396 5797 variorum.
1421 5741 1491 5797 rp.
1520 5723 1654 5778 720.
2239 5725 2314 5797 (ἀ)
2356 5725 2546 5780 Carm.
2579 5725 2657 5797 De
2686 5726 2906 5797 virtute.

476 5769 858 5866 ξιῖῖὸαἱεῖἱζέ,
888 5769 1262 5868 ﬂii-£52in
1280 5769 1546 5866 ὖὲἷρίἷὲὲεξ
1562 5769 1654 5778 “”
2237 5769 2312 5867 ZZ)’
2348 5769 2546 5851 ὅέιῖὶἱῐξ
2573 5769 2660 5863 is,
2689 5769 3149 5852 ἕὰῖῑῖιίοηίυω.
