4080 6480
272 387 343 449 l37
1318 402 1729 464 PR/EFA'I‘IO
1777 400 2243 465 GENERALIS.
2279 436 2355 447 —
2384 403 2585 465 PARS
2630 403 2739 465 ΙΙΙ.
3599 403 3719 465 138

272 524 385 589 Alite
408 545 571 592 vero
608 533 814 596 intra
883 544 1190 615 paternas
1236 537 1453 597 domos
1508 538 1774 597 infirmis
1832 536 2191 597 assidebant
2248 536 2639 615 parentibus,
2676 555 2945 616 quorum
3000 554 3215 597 curam
3271 536 3723 615 suscipiebant,

280 630 427 707 atque
456 628 672 691 etiam
744 634 1095 705 afﬁnium,
1128 653 1278 714 quos
1330 654 1459 696 suae
1518 634 1918 696 continentiae
1952 639 2138 694 testes
2194 634 2543 696 habebant.
2576 634 2677 696 Sic
2734 634 3124 709 Marcelline,
3156 634 3357 695 sancti
3406 633 3729 695 Ambrosii

288 744 457 803 soror,
486 746 684 791 sacra
727 733 881 793 Deo
941 732 1061 793 fuit
1114 732 1281 812 virgo
1313 733 1378 793 in
1435 733 1712 814 paternis
1770 732 2101 804 domibus;
2135 731 2223 791 sic
2279 732 2691 793 Eustochium
2751 731 2839 792 sic
2895 732 3231 812 Principia,
3268 732 3537 811 aliaeque
3594 750 3721 793 non

302 845 513 908 paucae,
566 828 1099 910 Hieronymiano
1153 831 1392 892 calamo
1446 832 1803 904 celebratae,
1863 849 2004 910 quae
2062 830 2250 890 nullis
2315 847 2379 890 se
2439 829 2838 890 monasteriis
2884 829 3282 902 addixerunt,
3333 834 3397 890 et
3450 829 3567 890 sub
3600 847 3726 891 una

312 932 604 1006 parentum
655 945 822 988 cura
886 929 1219 1007 degebant.
1255 928 1705 1009 Progrediente
1758 934 2067 1008 tempore,
2104 928 2341 987 abusus
2370 928 2680 1005 irrepsere
2713 943 2726 985 :
2763 926 3084 987 nonnullas
3122 944 3199 986 ex
3229 925 3327 986 his
3373 926 3724 1005 virginibus

325 1025 627 1098 interdum,
648 1029 763 1084 aut
783 1025 1159 1104 parentibus
1180 1026 1601 1105 fratribusque
1618 1026 1888 1099 orbatae;
1916 1030 2025 1085 aut
2052 1025 2440 1098 inﬁrmitate,
2470 1030 2580 1085 aut
2608 1029 3003 1104 paupertate,
3038 1032 3148 1084 aut
3170 1023 3308 1084 aliis
3328 1023 3604 1084 incitatae
3626 1041 3728 1085 ra-

319 1124 595 1195 tionibus,
626 1123 896 1183 clericos
924 1142 1241 1203 vagosque
1272 1125 1620 1185 monachos
1650 1125 1714 1184 in
1739 1124 2221 1185 contubernium
2245 1124 2600 1184 asciverunt
2625 1140 2638 1195 ;
2677 1128 2867 1201 atque
2887 1123 2977 1182 ita
2997 1122 3233 1182 factum
3268 1128 3361 1182 est
3382 1127 3453 1182 ut
3492 1141 3722 1201 paren-

312 1227 435 1281 tum
469 1240 539 1281 ac
571 1223 837 1281 fratrum
872 1221 1012 1282 loco
1043 1223 1446 1283 succederent
1466 1223 1674 1283 clerici
1706 1224 1832 1283 sive
1857 1222 2173 1296 monachi,
2211 1218 2566 1291 συνείσακτοι,
2600 1220 3036 1292 introductitii,
3073 1219 3181 1298 qui
3224 1221 3412 1279 etiam
3447 1219 3727 1281 honestis

302 1319 661 1380 nominibus
681 1320 871 1379 talem
903 1326 963 1380 et
983 1326 1110 1381 tam
1136 1322 1389 1381 noxiam
1415 1321 1937 1382 consuetudinem
1962 1320 2367 1399 obtegebant.
2388 1320 2547 1379 Hinc
2566 1323 2986 1397 agapetarum
3011 1324 3074 1378 et
3088 1326 3501 1396 agapetarum
3520 1320 3721 1397 origo,

302 1418 537 1498 quibus
558 1417 917 1477 nominibus
941 1424 1064 1478 tam
1092 1418 1509 1497 periculosam
1532 1419 1781 1479 vivendi
1804 1437 2091 1480 normam
2114 1417 2521 1478 decorabant.
2554 1416 2711 1476 Hinc
2766 1420 3125 1475 sanctorum
3146 1416 3427 1482 Patrum.
3452 1417 3726 1477 maxime

309 1517 669 1594 Hieronymi
715 1516 986 1594 querelae
1019 1518 1401 1597 deplorantis
1430 1518 1739 1578 inflictum
1788 1516 2138 1596 virginitati
2172 1516 2445 1589 vulnus;
2472 1516 2535 1575 in
2567 1514 2750 1593 epist.
2785 1512 2875 1573 De
2925 1512 3192 1575 custodia
3238 1513 3610 1593 virginitatis
3642 1514 3722 1575 ad

304 1614 713 1674 Eustochium
742 1632 755 1672 :
823 1637 849 1668 «
882 1615 1081 1675 Pudet
1110 1615 1313 1677 dicere
1340 1616 1561 1697 inquit,
1593 1616 1753 1695 proh
1783 1616 1998 1676 nefas!
2033 1615 2232 1687 triste,
2271 1614 2377 1674 sed
2408 1631 2627 1675 verum
2659 1617 2774 1673 est.
2811 1611 2991 1675 Unde
3036 1611 3101 1671 in
3151 1611 3461 1673 Ecclesias
3490 1630 3720 1691 agape-

291 1720 509 1773 tarum
557 1712 750 1791 pestis
792 1712 1073 1773 introiit?
1105 1715 1283 1775 Unde
1314 1714 1444 1775 sine
1475 1714 1685 1793 nupiis
1714 1713 1886 1774 aliud
1917 1731 2145 1774 nomen
2177 1730 2449 1774 uxorum
2482 1712 2511 1770 ?
2540 1712 2675 1771 Imo
2724 1709 2892 1771 unde
2938 1728 3176 1771 novum
3226 1709 3721 1771 concubinarum

282 1812 551 1889 genus?
581 1834 613 1865 »
650 1816 766 1871 etc.
798 1811 1011 1872 Tantis
1042 1812 1224 1872 malis
1252 1813 1450 1873 sancti
1500 1814 1716 1873 Patres
1758 1811 2031 1891 querelis
2077 1811 2227 1883 suis,
2260 1808 2801 1871 admonitionibus
2848 1813 2912 1869 et
2966 1807 3233 1887 scriptis,
3268 1824 3384 1868 nec
3426 1826 3552 1868 non
3581 1825 3725 1868 con-

284 1910 444 1969 cilia
476 1909 708 1969 severis
737 1909 950 1969 edictis
978 1910 1225 1971 obviam
1256 1911 1346 1972 ire
1376 1931 1502 1973 non
1533 1916 1895 1984 cessarunt;
1922 1928 2065 1990 quae
2096 1909 2348 1989 quidem
2382 1908 2434 1968 si
2455 1908 2708 1985 singula
2736 1923 3233 1967 commemorare
3255 1904 3505 1965 animus
3534 1913 3716 1965 esset.

289 2008 499 2085 longa
526 2007 711 2067 nobis
742 2007 1005 2068 texenda
1034 2014 1196 2069 esset
1226 2008 1507 2070 historia.
1545 2013 1690 2071 Haec
1720 2009 1951 2070 dixisse
1998 2014 2095 2069 sat
2145 2013 2276 2082 est;
2309 2005 2418 2087 qui
2448 2006 2634 2086 plura
2687 2004 2876 2080 volet,
2912 2003 3082 2082 legat
3107 2002 3365 2064 Antonii
3394 2002 3722 2065 Muratorii

293 2104 810 2185 Disquisitionem
840 2105 910 2166 de
938 2104 1270 2188 Sym’sactis
1295 2116 1350 2168 et
1378 2108 1665 2190 Agapetis
1692 2107 1757 2169 in
1786 2105 2100 2170 Anecdotis
2132 2104 2372 2177 Graecis,
2426 2108 2570 2178 etc.,
2605 2102 2849 2165 Patavii
2895 2101 3077 2175 in-4°,
3112 2119 3215 2163 an.
3252 2102 3432 2177 i709,
3474 2119 3540 2181 p.
3571 2102 3716 2162 218.

983 2443 1426 2509 Observationes
1455 2447 1617 2509 circa
1642 2445 1925 2509 Ecclesiae
1954 2445 2331 2529 dzsciplinam
2356 2464 2429 2509 ex
2460 2443 2735 2528 Gregorii
2779 2447 3035 2529 scriptis.

385 2704 662 2764 Plurima
690 2705 747 2765 in
784 2705 1066 2784 Gregorii
1114 2706 1360 2787 scriptis
1390 2706 1829 2769 observatione
1886 2709 2079 2789 digna
2137 2712 2500 2781 occurrunt,
2531 2712 2665 2770 tam
2723 2706 2890 2769 circa
2944 2705 3239 2768 Ecclesias
3295 2705 3717 2786 disciplinam;

290 2820 498 2881 quam
531 2803 690 2863 circa
720 2822 965 2865 morum
999 2805 1269 2884 regulas.
1306 2805 1598 2867 Ecclesiae
1648 2807 1894 2887 asylum
1925 2807 2000 2867 iis
2030 2812 2231 2881 erant,
2266 2807 2376 2887 qui
2431 2807 2511 2868 ad
2569 2825 2674 2868 eas
2730 2805 3216 2885 confugiebant;
3251 2806 3418 2867 unde
3475 2805 3718 2867 nemini

298 2920 409 2961 eos
441 2902 765 2962 extrahere
799 2902 1043 2963 licebat.
1080 2903 1328 2982 Insigne
1358 2904 1598 2983 profert
1644 2905 2000 2985 exemplum
2055 2906 2390 2985 Gregorius
2434 2906 2499 2966 in
2549 2905 2833 2966 oratione
2880 2904 2957 2965 de
3005 2904 3234 2965 Basilio
3264 2902 3370 2984 (a).
3412 2926 3444 2959 «
3472 2903 3716 2965 Mulieri

304 3000 547 3059 cuidam
583 3002 967 3080 amplissimo
998 3001 1136 3062 loco
1168 3009 1357 3077 natae,
1394 3003 1572 3081 cujus
1604 3005 1866 3064 maritus
1898 3004 2069 3065 haud
2114 3005 2356 3084 pridem
2389 3011 2669 3065 extremo
2699 3004 2841 3064 vita
2883 3003 2983 3063 die
3015 3003 3270 3063 functus
3302 3007 3458 3071 erat,
3489 3001 3721 3081 judicia

309 3116 576 3158 assessor
604 3099 728 3158 vim
761 3099 1081 3175 afierebat,
1116 3100 1505 3181 invitamque
1538 3102 1615 3161 ad
1648 3103 1901 3181 nuptias
1949 3103 2378 3182 pertrahebat.
2412 3106 2535 3163 Ista
2563 3108 2798 3174 autem,
2832 3120 2974 3162 cum
3029 3101 3204 3160 nulla
3254 3102 3500 3160 ratione
3556 3100 3721 3161 hanc

301 3197 425 3257 vim
461 3198 734 3275 effugere
765 3203 1051 3275 posset...
1086 3198 1163 3259 ad
1194 3218 1435 3260 sacram
1474 3218 1752 3259 mensam
1802 3200 2104 3279 confugit,
2139 3202 2465 3279 Deumque
2497 3202 2795 3261 adversus
2825 3199 2989 3259 hanc
3019 3197 3317 3277 injnriam
3358 3216 3725 3277 propugna-

289 3302 505 3357 torem
537 3296 656 3355 sibi
687 3297 966 3375 adoptat.
1005 3297 1163 3369 Quid
1196 3298 1461 3377 igitur...
1495 3299 1853 3359 faciendnm
1886 3299 2025 3373 fuit,
2060 3318 2183 3361 non
2209 3301 2347 3361 dico
2380 3300 2608 3378 Magno
2640 3298 2893 3372 Basilio,
2928 3296 3035 3377 qui
3076 3296 3152 3357 de
3202 3296 3299 3357 his
3329 3295 3515 3357 rebus
3552 3296 3723 3374 leges

292 3413 561 3474 quoque
596 3395 886 3454 omnibus
914 3401 1243 3468 statuerat,
1270 3397 1372 3456 sed
1400 3396 1505 3456 alii
1537 3396 1808 3475 cuipiam
1836 3396 2019 3476 longe
2050 3398 2159 3458 illo
2190 3398 2489 3470 inferiori,
2517 3398 2665 3457 dum
2699 3403 2909 3457 tamen
2952 3394 3308 3455 sacerdoti?
3336 3394 3495 3467 Quid
3525 3393 3720 3472 aliud,

276 3492 406 3553 nisi
454 3498 525 3551 ut
555 3509 694 3551 eam
729 3500 1052 3566 assereret,
1084 3494 1404 3566 retineret,
1441 3496 1613 3555 omni
1644 3513 1795 3554 cura
1827 3502 2127 3571 tueretur,
2161 3497 2271 3557 Dei
2319 3496 2666 3556 clementiae
2697 3501 2760 3555 et
2800 3494 2944 3573 legi,
2990 3512 3131 3571 qua:
3173 3492 3480 3553 altaribus
3510 3492 3716 3553 hono-

278 3609 414 3650 rem
450 3589 898 3667 haberijubet,
938 3608 1191 3651 manum
1228 3593 1599 3671 porrigeret,
1634 3593 1843 3653 omnia
1889 3593 2159 3673 denique
2206 3594 2378 3674 prius
2425 3594 2657 3654 faceret
2687 3598 2749 3652 et
2794 3597 3138 3671 pateretur,
3172 3608 3364 3670 quam
3408 3594 3479 3651 ut
3524 3588 3713 3651 inhu-

290 3687 534 3747 manius
564 3687 764 3748 ullum
800 3689 1098 3747 adversus
1131 3706 1269 3749 eam
1302 3690 1634 3749 consilium
1672 3690 1899 3763 iniret;
1934 3692 2148 3769 sicque
2198 3696 2259 3752 et
2314 3709 2596 3751 mensam
2653 3696 3139 3763 sacrosanctam,
3185 3694 3246 3747 et
3302 3686 3488 3748 ﬁdem
3522 3688 3712 3747 etiam

288 3782 463 3842 illam
494 3802 637 3844 cum
672 3803 797 3863 qua
827 3785 1091 3863 supplex
1123 3791 1278 3857 erat,
1316 3787 1699 3847 contumelia
1730 3788 2057 3848 afﬁceret?
2084 3809 2113 3844 ι)
2152 3790 2289 3848 Non
2329 3805 2551 3867 passus
2602 3790 2695 3845 est
2748 3784 3014 3845 Basilius
3069 3784 3263 3845 ullam
3323 3784 3443 3863 piae
3500 3783 3707 3844 viduae

288 3880 587 3958 injuriam
622 3882 857 3957 inferri,
894 3882 1002 3943 sed
1031 3901 1165 3943 eam
1201 3884 1502 3944 adversus
1531 3883 1666 3963 ejus
1696 3890 2190 3965 persecutorem,
2225 3885 2515 3965 quamvis
2542 3883 2883 3947 Dominicae
2926 3884 3222 3962 Augustae
3254 3881 3547 3962 praesidio
3578 3882 3704 3944 fre-

286 3984 452 4051 tum,
488 3982 654 4041 omni
685 3999 801 4060 ope
832 3987 892 4041 et
921 3999 1114 4059 opera
1142 3987 1382 4043 tutatus
1412 3989 1525 4043 est.

378 4078 604 4137 Priscis
631 4080 906 4139 Ecclesia
938 4080 1324 4160 temporibus
1356 4080 1853 4143 Christianorum
1891 4101 2026 4143 mos
2070 4087 2225 4155 erat,
2260 4087 2327 4143 ut
2354 4081 2621 4162 quilibet
2675 4080 2945 4162 propriis
2976 4080 3266 4141 manibus
3296 4078 3706 4142 Eucharistiaa

298 4174 628 4234 materiam
657 4176 951 4249 efﬁceret,
976 4178 1167 4255 hique
1191 4196 1385 4257 panes
1415 4198 1634 4241 omnes
1663 4180 1725 4240 in
1757 4180 1969 4242 divina
1999 4200 2213 4242 mensa
2260 4181 2656 4242 offerrentur.
2684 4182 2773 4240 Ne
2814 4180 3159 4258 imperator
3189 4177 3443 4257 quidem
3476 4176 3556 4237 ab
3588 4178 3709 4240 hoc

282 4292 411 4333 usu
449 4272 603 4333 liber
633 4280 786 4347 erat,
822 4280 890 4334 ut
912 4276 1200 4355 exemplo
1229 4276 1512 4338 Valentis
1543 4278 1842 4339 discimus
1868 4296 1883 4339 :
1924 4304 1955 4336 «
1985 4282 2137 4340 Cum
2169 4280 2358 4355 dona,
2394 4298 2536 4358 qua:
2568 4278 2855 4358 ipsemet,
2892 4281 2959 4338 ut
2988 4275 3207 4337 scribit
3235 4275 3570 4356 Gregorius
3600 4273 3707 4357 (ὁ),

277 4371 611 4445 effecerat,
646 4371 868 4432 divina:
901 4391 1130 4434 mensas
1165 4373 1490 4435 offerenda
1521 4382 1748 4451 essent,
1781 4396 1810 4433 ν
1850 4383 1971 4437 etc.

378 4472 611 4529 Omnes
641 4469 824 4530 simul
854 4470 1091 4541 ﬁdeles,
1125 4471 1243 4532 viri
1272 4491 1346 4533 ac
1400 4473 1717 4547 mulieres,
1753 4475 2030 4553 psalmos
2076 4474 2141 4535 in
2198 4474 2477 4536 Ecclesia
2525 4473 2932 4536 decantantes
2981 4471 3318 4533 sedebant:
3356 4494 3385 4528 ε
3419 4475 3545 4533 Nos
3572 4490 3711 4533 cum

302 4564 529 4624 vetulis
581 4566 867 4627 sedemus
897 4574 958 4628 et
987 4568 1317 4647 psallimus
1349 4568 1446 4649 (ο).
1481 4594 1510 4625 ››
1549 4571 1812 4650 Signum
1845 4573 2045 4634 crucis
2075 4574 2137 4633 in
2172 4572 2394 4652 quovis
2451 4590 2597 4633 casu
2655 4573 2875 4633 efﬁcax
2930 4571 3276 4632 remedium
3337 4569 3712 4631 habebatur.

304 4658 552 4731 Quanta
581 4664 661 4723 sit
690 4662 877 4742 hujus
908 4665 1068 4744 signi
1097 4667 1210 4739 vis,
1245 4668 1642 4729 manifestum
1676 4676 1770 4730 est
1800 4689 1875 4731 ex
1907 4689 1981 4732 eo
2014 4670 2185 4749 quod
2232 4670 2484 4732 Juliano
2531 4670 2606 4731 de
2636 4670 2822 4730 rebus
2870 4670 2997 4731 suis
3044 4669 3331 4729 daemone
3369 4668 3719 4730 consulenti

292 4761 636 4838 contigisse
666 4769 880 4823 narrat
909 4763 1006 4823 his
1037 4765 1243 4825 verbis
1285 4767 1622 4845 Gregorius
1656 4766 1746 4848 (εἰ)
1775 4785 1788 4827 :
1833 4789 1861 4826 ‹‹
1895 4770 1976 4831 Ut
2036 4774 2249 4829 autem
2280 4768 2601 4846 egregium
2651 4768 2855 4828 virum
2912 4766 3416 4846 progredientem
3449 4771 3720 4828 terrores

294 4858 541 4919 adoriri
563 4868 904 4940 coeperunt,
941 4880 1014 4922 ac
1043 4863 1308 4923 subinde
1340 4865 1550 4943 plures
1581 4884 1654 4926 ac
1684 4866 2214 4928 formidabiliores
2247 4885 2433 4928 sonos
2482 4866 2785 4945 quosdam
2837 4866 3138 4939 insuetos,
3168 4865 3367 4937 aiunt,
3401 4869 3722 4944 tetrosque

300 4955 534 5017 odores
562 4962 746 5037 atque
776 4959 960 5037 ignea
990 4967 1259 5039 spectra,
1295 4968 1356 5021 et
1412 4964 1620 5024 nescio
1679 4984 1836 5043 quas
1898 4984 2100 5043 nugas
2153 4972 2214 5024 et
2262 4966 2697 5039 deliramenta,
2730 4964 2818 5024 rei
2876 4962 3154 5024 novitate
3210 4962 3611 5042 perculsus...
3642 4963 3725 5024 ad

302 5070 555 5114 crucem
586 5063 884 5136 vetusque
916 5058 1262 5120 remedium
1295 5061 1599 5139 confugit,
1637 5062 1881 5141 hocque
1911 5081 1973 5122 se
2006 5064 2305 5123 adversus
2337 5069 2608 5123 terrores
2656 5062 3004 5141 consignat,
3040 5078 3331 5139 eumque,
3360 5079 3545 5140 quem
3580 5079 3721 5140 pcr-

303 5152 705 5231 sequebatur,
740 5155 1184 5235 Opitulatorem
1215 5157 1539 5219 asciscit...
1576 5160 1788 5222 Valuit
1818 5160 2238 5239 signaculum,
2274 5161 2505 5222 cedunt
2536 5161 2874 5233 daemones,
2910 5158 3232 5239 pelluntur
3261 5157 3538 5219 timores.
3565 5159 3724 5231 Quid

310 5248 581 5312 deinde?
613 5253 897 5333 Respirat
928 5254 1162 5315 malum
1191 5274 1206 5329 ;
1240 5274 1454 5317 rursus
1487 5258 1816 5319 audaciam
1849 5259 2147 5340 concipit,
2181 5279 2400 5321 rursus
2448 5259 2636 5320 iidem
2671 5265 2941 5319 terrores
2994 5261 3244 5336 urgent,
3279 5276 3493 5317 rursus
3523 5257 3727 5336 signa-

314 5348 517 5414 culum
547 5351 904 5432 adhibetur,
939 5370 1013 5414 ac
1042 5353 1358 5418 daemones
1383 5357 1861 5437 conquiescunt.
1893 5360 2104 5423 Haeret
2133 5359 2379 5422 consilii
2406 5358 2592 5440 inops
2621 5356 2987 5439 discipulus.
3022 5377 3052 5417 ι)
3089 5359 3315 5419 Sacros
3335 5354 3566 5437 jejunii
3594 5356 3728 5421 dies

595 5659 685 5733 43»
719 5658 917 5747 ηιὲθο

2141 5660 2219 5747 (cl
2243 5659 2341 5747 ρι’.
2372 5659 2428 5747 5,
2461 5677 2523 5718 n.

389 5658 444 5728 α)
472 5656 559 5747 0r.
595 5659 685 5733 43,
719 5678 783 5718 n.
820 5658 917 5717 56.
2162 5677 2192 5717 c
2243 5659 2341 5717 Or.
2372 5659 2428 5729 5,
2461 5677 2523 5718 n.
2554 5660 2646 5718 25.

357 5654 433 5811 (II)
460 5735 630 5812 lbid.,
664 5752 727 5792 n.
763 5733 862 5790 52.
2252 5733 2351 5795 Or.
2385 5734 2441 5806 4,
2473 5750 2531 5793 n.
2559 5733 2652 5809 55,
2681 5731 2774 5792 56.

583 5871 883 5940 PATBOL.
936 5861 1051 5928 Gn.
1094 5859 1340 5930 XXXV.
3354 5860 3391 5933 ti
