4080 6454
406 418 520 474 139
1423 408 1836 466 ΙἪΑΞΡΑἸἸΟ
1888 408 2017 465 GFl‘

2220 407 2348 466 LIS.
2391 443 2462 450 —
2496 410 2696 468 PARS
2745 410 2846 467 ΙΙΙ.
3711 412 3831 471 140

403 549 619 608 ﬁdeles
649 544 1091 614 observabant,
1128 542 1381 622 quidam
1415 541 1601 599 etiam
1637 541 1801 598 ultra
1834 541 2015 598 vires.
2055 560 2084 596 (ι
2116 540 2419 613 Christus,
2454 543 2660 619 inquit
2704 541 3040 619 Gregorius
3070 542 3173 619 (a),
3204 543 3394 620 paulo
3447 547 3593 604 ante
3623 549 3832 605 tenta-

400 648 637 708 tionem
666 643 1020 723 jejunavit;
1056 660 1169 701 nos
1201 645 1345 700 ante
1373 637 1687 698 Pascha...
1723 637 1834 697 Ille
1863 642 2028 696 totos
2072 638 2496 716 quadraginta
2529 639 2660 698 dies
2692 657 2730 698 a
2786 639 2926 699 cibo
2983 639 3304 712 abstinuit,
3343 645 3562 719 utpote
3617 644 3832 717 Deus;

401 766 516 807 nos
548 751 759 807 autem
794 743 872 804 ad
903 742 1127 802 virium
1161 746 1520 801 nostrarum
1557 737 1882 798 modulum
1907 736 2222 817 jejunium
2256 739 2840 817 attemperavimus,
2873 738 3143 811 etiamsi,
3172 739 3303 800 zelo
3353 740 3634 819 impulsi,
3667 742 3837 802 ultra

399 846 626 905 virium
657 842 1020 903 facultatem
1056 840 1120 900 in
1144 838 1498 918 jejunando
1531 836 1881 915 prosiliant.
1928 860 1955 891 ω
1995 836 2113 907 Qui
2143 836 2589 917 sacrajejunia
2619 857 2743 897 non
2778 837 3205 912 celebrabant,
3241 839 3698 916 arguebantur.
3735 840 3844 901 Sic

401 942 736 1019 Gregorius
768 940 995 1000 acriter
1024 938 1413 1017 praefectum,
1449 935 1532 995 ob
1556 935 1856 996 violatam
1883 933 2354 1012 jejuniilegem,
2375 935 2658 1014 increpat
2679 935 2788 1016 (b):
2815 961 2845 992 «
2867 936 3088 1014 Inique
3108 936 3262 1014 agis,
3289 936 3558 1014 ojudex,
3579 937 3686 1015 qui
3707 955 3839 997 non

394 1040 667 1120 jejunes.
703 1041 785 1100 Et
815 1037 1131 1117 quomodo
1164 1035 1332 1114 leges
1362 1034 1678 1094 humanas
1706 1032 2004 1105 servabis,
2042 1031 2150 1110 qui
2180 1032 2426 1093 divinas
2455 1034 2829 1111 contemnis,
2865 1039 2927 1094 et
2956 1052 3070 1112 pro
3099 1034 3298 1094 nihilo
3331 1035 3550 1095 ducis?
3585 1059 3613 1090 ι

482 1168 871 1225 Mortuorum
904 1179 1167 1241 corpora
1198 1178 1430 1238 magno
1461 1163 1774 1238 apparatu
1798 1156 2013 1217 ﬁdeles
2041 1157 2286 1217 tumulo
2319 1159 2807 1238 componebant,
2843 1164 2936 1234 ut,
2971 1158 3261 1238 exemplo
3295 1165 3388 1219 est
3435 1159 3843 1220 Constantius

402 1263 768 1343 imperator.
811 1285 840 1317 «
873 1260 983 1321 Ille
1012 1259 1228 1338 igitur,
1263 1263 1333 1317 ut
1368 1263 1586 1318 narrat
1615 1256 1949 1333 Gregorius
1979 1254 2080 1335 (ο),
2110 1255 2381 1336 publicis
2402 1257 2737 1336 praeconiis
2767 1257 3115 1335 faustisque
3149 1257 3470 1331 omnibus,
3496 1276 3569 1318 ac
3601 1257 3843 1318 celebri

401 1379 641 1441 pompa
683 1358 1036 1432 deducitur,
1072 1356 1508 1434 religiosisque
1539 1354 1729 1416 etiam
1762 1354 1859 1414 his
1886 1355 2113 1415 nostris
2143 1355 2382 1432 officiis,
2419 1355 2540 1416 hoc
2573 1361 2686 1433 est,
2720 1357 3042 1417 nocturnis
3074 1355 3498 1432 cantionibus,
3525 1375 3596 1417 ac
3627 1374 3843 1417 cereo-

401 1479 541 1522 rum
573 1459 845 1538 ignibus,
883 1457 1112 1536 quibus
1140 1474 1255 1516 nos
1286 1453 1598 1516 Christani
1646 1454 1822 1532 pium
1855 1471 1889 1513 e
1919 1453 2046 1513 vita
2101 1453 2442 1515 discessum
2501 1455 2858 1515 ornandum
2917 1454 3380 1515 existimamus.
3415 1475 3444 1511 ιι
3485 1454 3587 1516 Sic
3642 1455 3836 1515 etiam

401 1559 730 1638 exsequias
786 1555 1085 1618 describit
1115 1555 1446 1632 Gregorius
1478 1551 1586 1633 (εἰ).
1628 1576 1658 1608 ‹‹
1699 1551 1891 1613 Nobis
1949 1570 2216 1630 magnus
2247 1553 2352 1613 ille
2413 1553 2720 1614 Caesarius
2779 1559 3066 1614 servatus
3130 1560 3243 1626 est,
3288 1553 3442 1613 cinis
3499 1552 3838 1632 pretiosus,

400 1662 690 1718 mortuus
719 1654 1034 1728 laudatus,
1070 1651 1322 1731 hymnis
1352 1650 1470 1711 sibi
1501 1649 1979 1711 succedentibus
2004 1651 2331 1722 deductus,
2362 1651 2442 1711 ad
2476 1657 2797 1731 matyrum
2836 1652 3110 1712 sacraria
3141 1670 3282 1712 cum
3317 1670 3554 1730 pompa
3583 1652 3838 1726 ductus,

399 1756 632 1816 sanctis
664 1758 994 1833 parentum
1031 1750 1321 1810 manibus
1353 1749 1718 1822 honoratus,
1759 1754 1956 1808 matre
1989 1749 2257 1809 candida
2287 1755 2455 1810 veste
2485 1751 2705 1810 induta
2751 1751 3048 1829 pietatem
3101 1751 3358 1811 maerori
3407 1750 3834 1828 subrogante,

398 1853 692 1932 lacrymis
725 1871 761 1912 a
792 1850 1198 1931 philosophia
1229 1848 1562 1927 superatis,
1594 1847 1962 1926 psalmodiis
1994 1848 2233 1908 luctum
2269 1849 2704 1910 sedantibus...
2742 1849 2817 1930 (θ)
2851 1852 3056 1927 Atque
3098 1850 3222 1909 alia
3273 1849 3524 1928 quidem
3584 1851 3839 1929 persol-

397 1953 621 2025 vimus,
657 1951 782 2011 alia
811 1969 960 2011 vero
992 1949 1307 2021 dabimus,
1344 1947 1807 2008 anniversarios
1838 1947 2108 2008 honores
2140 1953 2201 2007 et
2230 1948 2860 2009 commemorationes
2891 1948 3248 2020 offerentes,
3276 1947 3320 2007 ii
3349 1948 3605 2026 quidem
3639 1953 3838 2021 certe,

399 2050 508 2128 qui
537 2049 903 2128 superstites
937 2054 1140 2109 erunt.
1178 2070 1208 2104 »
1242 2047 1398 2107 Hinc
1431 2051 1607 2125 patet
1635 2046 2151 2106 consuetudinem
2182 2045 2373 2107 fuisse
2403 2047 2615 2120 etiam,
2649 2052 2721 2108 ut
2776 2046 3049 2108 honores
3081 2047 3496 2108 anniversarii
3547 2052 3610 2108 et
3657 2067 3838 2109 com-

400 2148 891 2209 memorationes
922 2147 1002 2207 ab
1037 2147 1131 2219 iis,
1170 2146 1276 2224 qui
1308 2145 1674 2224 superstites
1706 2149 1905 2218 erant,
1934 2145 2331 2205 offerrentur.

478 2272 715 2333 Praater
756 2273 915 2332 festa
961 2271 1306 2351 praecipua,
1360 2288 1588 2350 nempe
1635 2269 1873 2330 Natalis
1915 2269 2186 2344 Domini,
2221 2269 2616 2351 Epiphania),
2653 2271 2935 2343 Paschze,
2971 2273 3394 2346 Pentecostes,
3431 2272 3595 2333 festa
3641 2272 3839 2334 etiam

399 2370 834 2449 apostolorum
868 2368 1415 2448 Constantinopoli
1445 2367 1948 2442 celebrabantur,
1974 2387 2088 2429 nec
2121 2388 2247 2430 non
2271 2375 2647 2450 martyrum,
2678 2389 2836 2450 quos
2855 2372 3019 2431 inter
3047 2371 3551 2432 numerabantur
3573 2371 3836 2432 Macha-

395 2467 540 2529 bsei.
577 2467 1027 2547 Apostolorum
1059 2486 1333 2546 namque
1365 2467 1522 2527 festa
1551 2467 1637 2526 ibi
1667 2485 1730 2527 se
1753 2467 2124 2540 celebrasse,
2159 2474 2220 2528 et
2251 2468 2302 2528 si
2333 2488 2460 2529 non
2491 2470 2848 2550 saepe,inter
2869 2469 3349 2530 valedicendum
3380 2474 3650 2529 testatur
3682 2471 3845 2530 Gre-

397 2566 612 2645 gorius
644 2566 743 2647 (/).
780 2590 809 2622 ‹‹
841 2565 1077 2639 Valete,
1112 2566 1404 2646 apostoli,
1439 2565 1747 2644 praeclara
1795 2565 2064 2638 colonia,
2103 2567 2463 2627 certaminis
2520 2568 2643 2628 mei
2683 2568 2987 2646 magistri,
3024 2567 3139 2628 etsi
3201 2568 3410 2628 minus
3467 2584 3630 2645 smpe
3664 2566 3831 2627 festa

393 2673 604 2726 vestra
634 2665 967 2726 celebravi.
1003 2689 1032 2722 »
1070 2667 1138 2726 In
1170 2667 1398 2725 festum
1429 2664 1632 2725 sancti
1663 2664 1958 2743 Cypriani
1988 2665 2281 2744 martyris
2324 2665 2671 2726 orationem
2722 2667 2805 2726 ad
2852 2667 3159 2746 populum
3193 2665 3418 2726 habuit
3463 2663 3823 2743 Gregorius,

391 2783 508 2825 nec
539 2783 665 2826 non
696 2764 886 2825 aliam
936 2763 1002 2824 in
1051 2765 1281 2824 festum
1333 2763 1864 2836 Machabzeorum,
1909 2781 2178 2842 quorum
2231 2764 2363 2824 dies
2410 2765 2603 2826 festus
2649 2764 3196 2844 Constantinopoli
3248 2765 3592 2842 agebatur:
3625 2785 3651 2816 ι
3688 2762 3816 2833 Qui

393 2862 680 2942 quamvis
711 2861 815 2944 (g),
864 2861 1035 2940 apud
1091 2861 1323 2922 multos
1354 2880 1482 2922 non
1540 2860 1955 2935 honorentur,
2003 2861 2153 2940 quia
2211 2881 2338 2922 non
2397 2868 2543 2942 post
2601 2863 2918 2924 Christum
2980 2863 3405 2936 decertarunt,
3442 2862 3615 2939 digni
3666 2864 3827 2920 sunt.

391 2967 604 3022 tamen
636 2961 745 3040 qui
775 2960 854 3021 ab
886 2960 1178 3021 omnibus
1205 2960 1445 3020 honore
1474 2958 1851 3032 afﬁciantur,
1886 2960 2186 3039 quoniam
2220 2979 2334 3040 pro
2369 2960 2612 3039 legibus
2667 2961 3066 3039 intitutisque
3114 2960 3333 3040 patriis
3390 2960 3617 3019 fortem
3677 2957 3825 3018 ani-

393 3079 566 3120 mum
600 3059 1050 3139 praestiterunt.
1086 3059 1204 3130 Qui
1232 3077 1421 3139 porro
1454 3064 1600 3119 ante
1630 3058 1860 3120 Christi
1888 3059 2246 3138 passionem
2305 3060 2682 3139 martyrium
2741 3059 3090 3130 subierunt,
3125 3059 3276 3138 quid
3308 3059 3562 3119 tandem
3595 3050 3832 3118 facturi

392 3167 590 3233 erant,
627 3161 678 3220 si
707 3167 848 3240 post
870 3160 1185 3220 Christum
1214 3161 1713 3240 persecutionem
1745 3161 1912 3239 passi
1961 3161 2240 3235 fuissent,
2276 3161 2536 3240 ejusque
2587 3165 2853 3222 mortem
2901 3161 3121 3221 salutis
3167 3166 3399 3221 nostrae
3449 3177 3643 3220 causa
3691 3179 3836 3220 sus-

395 3264 645 3338 ceptam
677 3258 756 3319 ad
805 3259 1181 3320 imitandum
1241 3258 1630 3338 propositam
1687 3258 2102 3319 habuissent?
2132 3283 2162 3315 »
2199 3258 2436 3330 Quibus
2489 3259 2822 3320 virtutibus
2879 3259 3255 3338 pietatisque
3310 3258 3608 3337 operibus
3654 3259 3817 3319 festa

400 3362 788 3430 sanctorum,
808 3357 1128 3436 praecipue
1159 3362 1531 3434 martyrum,
1555 3355 2066 3430 cohonestentur,
2086 3356 2278 3434 digno
2309 3360 2624 3417 caractere
2655 3355 2971 3434 exprimit,
3009 3361 3069 3415 et
3098 3356 3322 3415 exinde
3362 3356 3426 3414 in
3457 3354 3595 3415 haac
3624 3356 3823 3416 verba

397 3456 799 3536 prosequitur
825 3456 908 3535 (ἡ)
937 3473 950 3515 :
989 3481 1018 3512 «
1052 3456 1120 3518 Si
1149 3456 1238 3516 ita
1263 3455 1690 3526 convenimus,
1726 3462 1837 3516 aut
1867 3456 2322 3529 concurrimus,
2358 3475 2579 3516 revera
2608 3456 2834 3515 festum
2867 3456 3036 3515 hunc
3067 3455 3255 3524 diem,
3304 3460 3375 3515 ut
3403 3454 3648 3516 Christo
3681 3475 3826 3534 gra-

385 3561 520 3615 tum
551 3563 664 3629 est,
701 3554 1112 3628 celebramus,
1149 3573 1367 3615 revera
1397 3560 1705 3633 martyres
1734 3553 1973 3615 honore
1998 3553 2340 3627 affecimus,
2379 3560 2488 3614 aut
2517 3554 2883 3626 afﬁciemus,
2919 3571 3140 3614 revera
3168 3553 3620 3632 triumphalem
3654 3554 3820 3615 cho-

386 3671 560 3714 ream
592 3653 859 3732 agimus.
895 3654 1000 3713 Sin
1035 3659 1244 3713 autem
1275 3671 1348 3713 eo
1376 3653 1801 3726 convenimus,
1832 3659 1896 3712 ut
1926 3652 2160 3712 ventris
2201 3652 2632 3731 voluptatibus
2680 3652 3142 3730 indulgeamus,
3178 3658 3238 3712 et
3286 3651 3470 3711 ﬂuxis
3519 3669 3591 3711 ac
3631 3652 3824 3714 brevi

380 3753 675 3831 perituris
707 3752 944 3812 deliciis
973 3754 1280 3823 fruamur,
1317 3770 1537 3830 eaque,
1572 3770 1714 3830 quae
1746 3771 1893 3811 mox
1925 3758 2333 3822 evacuantur,
2367 3751 2713 3810 inferamus
2742 3768 2757 3825 ;
2795 3757 2983 3829 atque
3013 3750 3149 3810 haec
3197 3751 3358 3820 loca,
3391 3769 3515 3811 non
3556 3757 3810 3830 tempe-

371 3852 623 3924 rantiae,
657 3851 763 3911 sed
799 3850 1098 3930 crapulae,
1137 3856 1198 3911 et
1229 3850 1369 3910 haac
1400 3856 1712 3929 tempora,
1747 3868 1874 3909 non
1904 3849 2248 3929 spiritualis
2279 3867 2591 3922 ascensus,
2629 3868 2700 3909 ac
2733 3849 2871 3929 (nisi
2902 3848 3022 3909 hoc
3054 3868 3090 3908 a
3121 3867 3220 3908 me
3271 3848 3527 3908 adacius
3576 3848 3821 3910 dictum

372 3948 694 4028 videatur)
725 3949 1070 4008 divinitatis
1121 3948 1604 4025 consequentia,
1639 3947 1821 4026 cujus
1871 3947 2252 4007 mediatores
2297 3953 2443 4006 sunt
2490 3952 2818 4025 martyres,
2864 3946 2973 4006 sed
3017 3964 3225 4005 rerum
3276 3947 3687 4023 gerendarum
3738 3952 3808 4005 et

378 4048 878 4127 negotiationum
902 4053 1192 4126 tempora
1239 4065 1371 4106 esse
1431 4047 1848 4106 arbitremur:
1884 4047 2160 4124 primum
2221 4045 2473 4123 quidem
2507 4045 2677 4122 quod
2736 4043 2856 4104 hoc
2907 4044 3175 4122 tempori
3228 4045 3580 4115 conveniat,
3624 4042 3806 4102 haud

375 4165 670 4226 agnosco.
706 4145 870 4216 Quid
902 4145 1067 4206 enim
1099 4145 1298 4223 paleae
1330 4162 1472 4203 cum
1505 4144 1761 4203 tritico?
1794 4144 1945 4221 quid
1976 4144 2180 4203 carnis
2211 4143 2526 4221 voluptati
2555 4161 2698 4203 cum
2731 4148 3080 4222 martyrum
3107 4141 3602 4202 certaminibus?
3639 4165 3665 4195 »

457 4271 812 4351 Hospitales
842 4278 1023 4332 erant
1051 4271 1420 4333 Christianis
1450 4269 1834 4348 excipiendis
1865 4271 2110 4342 domus,
2147 4289 2287 4348 quae
2321 4277 2389 4330 ut
2421 4271 2780 4349 perfugium
2813 4270 3114 4330 adversus
3143 4268 3489 4328 humanam
3542 4266 3807 4327 inﬁrmi-

380 4378 572 4433 tatem
634 4378 824 4449 atque
855 4371 1154 4430 adversus
1185 4364 1466 4429 miserias
1495 4369 1886 4449 paupertatis
1936 4367 2356 4430 habebantur.
2391 4371 2593 4430 Unam
2648 4368 2915 4430 Basilius
2962 4374 3142 4428 extra
3198 4368 3421 4428 urbem
3453 4370 3810 4428 Caesaream

378 4469 729 4542 aedificavit,
769 4467 949 4543 cujus
979 4467 1461 4546 descriptionem
1503 4486 1540 4526 a
1597 4466 1897 4545 Gregorio
1949 4466 2181 4527 factam
2235 4466 2360 4527 huc
2389 4467 2620 4527 referre
2671 4465 2940 4545 juvabit,
2978 4485 3092 4525 nec
3143 4465 3355 4543 legere
3401 4464 3640 4544 pigebit
3691 4464 3763 4545 (ἢ
3796 4482 3816 4523 :

382 4592 410 4629 «
442 4568 780 4630 Paululum
815 4573 994 4627 extra
1025 4566 1339 4626 civitatem
1369 4565 1592 4645 pedem
1627 4565 1798 4638 effer,
1834 4583 1906 4625 ac
1937 4584 2166 4626 novam
2215 4565 2533 4626 civitatem
2584 4565 2895 4644 conspice,
2922 4563 3082 4624 illud
3136 4563 3389 4642 pietatis
3435 4569 3822 4642 promptua-

374 4667 555 4741 rium,
592 4683 924 4727 commune
953 4663 1345 4742 locupletum
1379 4663 1702 4734 aerarium,
1734 4662 1800 4723 in
1831 4682 1980 4741 quo,
2017 4682 2143 4724 non
2186 4665 2373 4724 modo
2408 4663 2834 4724 redundantes
2865 4681 2938 4723 ac
2959 4662 3294 4741 superflua:
3326 4680 3499 4741 opes,
3534 4661 3642 4720 sed
3665 4661 3814 4738 jam

370 4764 738 4828 necessariae
766 4780 1018 4841 quoque
1049 4761 1380 4822 facultates
1410 4779 1522 4839 per
1551 4761 1721 4820 illius
1752 4760 2218 4822 cohortationes
2251 4762 2759 4823 reconduntur...
2791 4762 2856 4822 in
2889 4780 3016 4840 quo
3069 4761 3328 4820 morbus
3360 4778 3541 4838 aequo
3587 4759 3812 4820 animo

373 4867 698 4935 toleratur,
735 4869 796 4923 et
825 4862 1151 4923 calamitas
1181 4861 1368 4922 beata
1399 4867 1709 4936 censetur,
1747 4867 1809 4921 et
1842 4861 2273 4922 misericordia
2324 4861 2766 4942 exploratur...
2801 4861 2954 4923 Mihi
2997 4879 3147 4921 vera
3192 4861 3368 4920 nulla
3412 4878 3510 4920 res
3541 4859 3811 4940 perinde

373 4963 762 5026 admirabilis
791 4961 1062 5035 videtur,
1099 4967 1289 5040 atque
1320 4959 1795 5039 compendiaria
1823 4959 1960 5020 haec
1991 4960 2073 5020 ad
2104 4960 2372 5020 salutem
2405 4961 2527 5034 via,
2553 4961 2754 5021 facilis
2778 4960 2844 5020 in
2875 4959 3106 5020 cmlum
3133 4977 3447 5019 ascensus.
3488 4982 3518 5015 ι)

450 5088 736 5153 Julianus
765 5106 896 5150 rem
933 5086 1173 5149 nullam
1227 5086 1593 5148 Christianae
1650 5085 1969 5164 religioni,
2004 5105 2147 5166 quae
2175 5086 2297 5166 ipsi
2357 5092 2492 5148 erat
2549 5086 2952 5160 invisissima,
2979 5090 3109 5147 tam
3169 5084 3582 5146 honoriﬁcam
3643 5101 3800 5153 esse,

443 5475 521 5557 (α)
547 5486 644 5543 Or.
676 5484 763 5555 40,
800 5502 856 5541 n.
889 5483 977 5540 30.

2207 5473 2280 5557 (ί)
2311 5469 2407 5557 or.
2440 5471 2529 5557 is,
2561 5490 2619 5528 n.
2649 5473 2738 5557 se.

465 5546 514 5631 b5
545 5546 827 5634 Episml.
850 5559 952 5634 Δῖί.

2209 5549 2285 5634 ςςι)
2320 5547 2415 5634 ρν·
2454 5546 2714 5634 aen-1-

461 5617 510 5698 c)’
535 5617 628 5686 os.
661 5632 716 5697 5,
753 5648 812 5685 n.
841 5630 926 5685 16.

2208 5617 2536 5700 {ll)n0r.'1'1,
2568 5619 2713 5700 n'ﬁ.

457 5689 512 5774 ά)
545 5703 640 5758 Or.
671 5689 725 5771 7',
761 5720 819 5758 n.
854 5702 945 5758 45.
2207 5689 2271 5764 (ί)
2295 5689 2389 5745 Or.
2426 5689 2598 5760 45,11.
2631 5691 2724 5749 63.

453 5775 502 5853 e)
533 5775 708 5848 Ibid.,
745 5792 804 5834 n.
842 5775 930 5834 17.
