4080 6464
300 411 380 474 Ml
1450 437 1865 498 PREFATIO
1912 438 2380 498 GENEBALIS.
2416 474 2491 482 —
2524 441 2722 502 PARS
2772 441 2875 501 ΠΙ.
3739 444 3857 501 442

315 567 480 629 quam
511 556 984 643 hospitales
1049 571 1278 632 domos
1325 576 1383 630 et
1410 588 1763 649 pauperum
1823 588 2041 630 curam
2101 573 2629 647 animadverteus,
2666 593 2780 633 nec
2840 573 2967 632 ulla
2998 593 3062 633 re
3121 579 3257 634 tam
3319 575 3604 647 crevisse,
3642 576 3864 634 statuit

323 651 720 735 imusmodi
756 669 1055 733 domus
1089 676 1468 746 construere,
1504 671 1794 749 datisque
1825 670 2047 730 litteris
2079 670 2159 730 ad
2193 673 2531 750 quemdam
2563 673 2863 751 gentilem
2917 674 3334 746 sacerdotem,
3367 674 3696 735 Arsacium
3743 694 3859 736 no-

335 758 514 834 mine,
547 760 778 840 jussit
816 770 1090 830 crebra
1121 771 1185 831 in
1217 769 1477 848 singulis
1510 769 1871 830 civitatibus
1901 769 2300 830 xenodocbia
2330 772 2648 832 constitui.
2685 777 3058 852 Apostatam
3092 773 3310 834 audire
3333 775 3536 851 juvat.
3569 797 3598 828 ‹‹
3628 771 3709 853 (a)
3743 776 3864 835 Re-

348 857 493 940 ligio
528 865 930 941 gentilium
983 868 1276 928 nondum
1308 886 1382 928 ex
1413 868 1608 928 animi
1641 868 1840 928 nostri
1874 867 2184 928 sententia
2227 869 2416 947 viget,
2451 870 2642 948 culpa
2671 889 2890 931 eorum
2923 871 3032 950 qui
3059 870 3236 931 illam
3270 872 3668 950 proﬁtentur.
3705 874 3861 932 Nam

380 981 447 1024 ea
474 963 745 1043 quidem
787 985 962 1045 quae
998 968 1086 1028 ad
1117 967 1266 1027 deos
1292 967 1628 1046 pertinent,
1666 967 1973 1045 praeclara
2001 972 2147 1026 sunt
2177 972 2366 1045 atque
2398 969 2757 1047 magniﬁca,
2794 970 3092 1048 omnique
3131 975 3279 1030 voto
3313 989 3385 1031 ac
3407 989 3517 1049 spe
3539 969 3858 1050 majora...

394 1063 543 1133 Quid
563 1082 723 1144 ergo
747 1066 780 1123 Ὺ
815 1072 1227 1144 putamusne
1257 1085 1369 1126 nos
1400 1065 1521 1126 ista
1551 1066 1838 1126 sufﬁcere
1859 1066 1889 1126 ?
1922 1068 2046 1125 Nec
2073 1065 2457 1126 attendimus
2489 1067 2639 1146 quid
2673 1067 3177 1129 Christianorum
3211 1070 3479 1141 auxerit,
3499 1068 3864 1130 humanitas

409 1165 636 1225 scilicet
663 1165 734 1224 in
766 1165 1187 1244 peregrinos,
1222 1170 1278 1225 et
1309 1165 1373 1224 in
1407 1164 1784 1244 sepeliendis
1814 1165 2076 1224 mortuis
2114 1164 2387 1225 sollicita
2416 1165 2768 1245 diligentia,
2806 1171 2868 1227 et
2916 1167 3216 1227 simulata
3272 1185 3521 1228 morum
3555 1168 3854 1246 gravitas.

415 1267 684 1338 Quorum
720 1263 994 1341 singula
1027 1282 1064 1323 a
1094 1263 1273 1322 nobis
1302 1262 1653 1323 exercenda
1684 1281 1815 1322 esse
1846 1262 2296 1323 existimo.Nec
2319 1263 2550 1323 sufﬁcit
2582 1264 2746 1341 quod
2783 1270 2848 1324 tu
2880 1264 3244 1343 hujusmodi
3274 1265 3377 1338 sis,
3412 1265 3520 1326 sed
3547 1270 3865 1345 quotquot

421 1365 487 1424 in
510 1362 753 1424 Galatia
785 1367 945 1420 sunt
979 1360 1264 1420 ﬂamines
1295 1360 1451 1420 tales
1481 1378 1614 1420 esse
1661 1359 1917 1422 decet...
1945 1359 2240 1439 Singulos
2274 1360 2558 1420 ﬂamines
2600 1360 2876 1436 hortare,
2912 1367 2982 1421 ut
3033 1380 3149 1422 nec
3197 1362 3278 1422 ad
3310 1362 3630 1424 theatrum
3681 1380 3864 1423 acce-

431 1463 598 1527 dant,
629 1477 742 1519 nec
775 1460 841 1518 in
877 1459 1159 1518 tabernis
1190 1458 1432 1530 bibant,
1468 1477 1582 1519 nec
1613 1464 1812 1518 artem
1849 1458 2069 1528 ullam,
2101 1465 2210 1519 aut
2258 1458 2580 1538 Opiﬁcium
2644 1464 2823 1538 turpe
2873 1478 2946 1521 ac
2996 1460 3372 1539 probrosum
3424 1467 3865 1522 exerceant....

439 1560 656 1621 Crebra
681 1559 748 1618 in
781 1557 1054 1636 singulis
1104 1556 1466 1618 civitatibus
1513 1557 1908 1618 xenodochia
1958 1557 2289 1629 constitue,
2325 1563 2397 1617 ut
2445 1557 2764 1636 peregrini
2810 1576 2936 1618 non
2987 1576 3065 1618 ex
3113 1558 3342 1619 nostris
3389 1558 3615 1631 solum,
3651 1558 3760 1619 sed
3789 1576 3868 1619 ex

431 1660 568 1721 aliis
597 1659 812 1730 etiam,
839 1658 892 1716 si
913 1657 1183 1735 pecunia
1214 1657 1374 1716 forte
1406 1674 1564 1735 opus
1594 1655 1954 1728 habuerint,
1991 1655 2389 1716 humanitate
2423 1661 2637 1716 nostra
2671 1657 3100 1736 perfruantur.
3135 1659 3332 1718 Porro
3381 1656 3547 1717 unde
3578 1662 3871 1736 sumptus

431 1759 545 1819 tibi
578 1761 944 1835 suppetant,
980 1775 1018 1815 a
1048 1774 1147 1816 me
1188 1753 1323 1833 jam
1373 1755 1692 1833 provisum
1740 1759 1936 1816 est....
1970 1757 2180 1834 Turpe
2229 1754 2396 1814 enim
2455 1773 2532 1815 ex
2572 1755 2810 1817 Judaeis
2858 1755 3170 1816 neminem
3226 1754 3606 1830 mendicare,
3640 1754 3873 1834 impios

427 1875 581 1916 vero
615 1855 929 1926 Galilmos,
965 1858 1196 1933 praeter
1227 1870 1371 1912 suos
1401 1870 1732 1932 pauperes,
1768 1853 1960 1914 etiam
1990 1858 2239 1915 nostros
2271 1853 2439 1914 alere
2465 1870 2478 1913 :
2506 1858 2753 1914 nostros
2785 1859 2997 1915 autem
3031 1853 3352 1915 mendicos
3381 1858 3598 1915 nostra
3645 1869 3765 1933 ope
3796 1870 3869 1913 ac

430 1954 717 2015 subsidio
748 1952 1082 2014 destitutos
1110 1951 1332 2013 videri.
1371 1975 1399 2008 π

1772 2208 1952 2272 Circa
1994 2229 2223 2272 morum
2265 2209 2525 2292 regulas.

515 2451 921 2514 Bibliotheca
953 2450 1525 2513 ecclesiasticorum
1558 2451 1937 2531 scriptorum
1970 2455 2192 2512 auctor
2232 2452 2470 2527 scribit,
2501 2452 2873 2532 Gregorium
2907 2471 3154 2515 morum
3202 2453 3601 2536 disciplinam
3641 2454 3867 2518 docere

440 2552 711 2621 ratione,
745 2570 882 2629 quae
916 2549 1297 2630 philosopho
1331 2549 1532 2627 magis
1563 2569 1753 2629 quam
1786 2549 2023 2630 populo
2056 2551 2430 2612 conveniat:
2456 2551 2626 2630 quod
2657 2551 2933 2630 quidem,
2962 2552 3014 2612 si
3039 2570 3256 2613 verum
3316 2553 3500 2627 foret,
3526 2571 3652 2614 non
3695 2551 3876 2615 laudi

453 2651 566 2712 sed
597 2650 737 2710 vitio
762 2651 1133 2710 vertendum
1167 2655 1327 2710 esset
1355 2649 1673 2728 episcopo,
1710 2650 1840 2728 qui,
1875 2668 2019 2710 cum
2048 2655 2247 2710 artem
2280 2650 2510 2711 callere
2543 2650 2770 2711 debeat
2795 2651 3063 2712 docendi
3109 2668 3348 2724 omnes,
3383 2651 3469 2712 sic
3518 2652 3872 2713 orationem

441 2769 629 2811 suam
663 2749 916 2809 auribus
949 2749 1307 2810 auditorum
1340 2750 1818 2823 accommodet;
1854 2768 2105 2810 necesse
2136 2756 2247 2823 est,
2286 2755 2356 2810 ut
2393 2756 2522 2810 tam
2559 2749 2746 2811 rudes
2777 2769 2968 2830 quam
3001 2751 3218 2812 doctos
3240 2751 3599 2812 caelestibus
3628 2750 3878 2812 imbuat

437 2850 810 2928 disciplinis.
845 2849 1136 2927 Quisquis
1167 2854 1360 2909 tatem
1394 2848 1619 2926 legerit
1652 2849 1934 2926 Gregorii
1968 2867 2309 2922 sermones,
2347 2849 2398 2909 si
2429 2849 2766 2927 diligenter
2796 2851 3084 2911 attendat
3113 2851 3434 2930 quomodo
3483 2850 3663 2911 varia
3707 2851 3876 2911 circa

442 2968 648 3009 mores
681 2948 984 3007 doctrinae
1017 2947 1222 3026 capita
1254 2952 1569 3025 proponat
1620 2953 1682 3008 et
1732 2948 2002 3025 explicet
2056 2967 2267 3008 coram
2321 2948 2636 3026 frequenti
2691 2947 2949 3026 populo,
2987 2948 3168 3009 facile
3213 2955 3429 3010 noscet
3475 2949 3869 3028 Gregorium,

448 3048 690 3107 ﬁdelem
723 3047 786 3105 in
819 3046 1007 3105 domo
1039 3046 1149 3105 Dei
1180 3045 1701 3124 dispensatorem,
1737 3046 2002 3124 provida
2035 3065 2224 3106 manu
2257 3047 2576 3107 frumenta
2605 3046 3078 3125 patrisfamilias
3118 3047 3382 3125 singulis
3430 3047 3518 3108 ita
3550 3065 3864 3126 erogasse,

448 3150 515 3204 ut
543 3143 776 3218 nullus,
812 3161 887 3201 ne
917 3141 1338 3220 pauperculus
1369 3142 1648 3220 quidem,
1684 3143 1849 3203 fame
1880 3142 2198 3202 laboraret
2227 3162 2238 3216 ;
2266 3148 2327 3202 et
2356 3143 2680 3221 sapientiae
2714 3144 2918 3204 fontes
2950 3149 3124 3204 tanta
3158 3162 3467 3203 reserasse
3497 3143 3859 3222 prudentia,

439 3249 507 3303 ut
537 3260 780 3312 omnes,
819 3241 946 3301 sive
981 3240 1179 3319 parvi,
1214 3241 1342 3300 sive
1373 3241 1608 3319 magni,
1644 3240 1806 3301 sitim
1842 3247 2101 3320 possent
2131 3242 2538 3320 restinguere.
2562 3241 2782 3302 Paucis
2816 3241 2998 3320 juvat
3030 3242 3334 3323 exemplis
3382 3260 3515 3302 rem
3571 3241 3868 3304 demons-

433 3349 628 3403 trare.

518 3442 582 3499 1°
617 3437 685 3499 Si
712 3456 958 3516 quaeras
988 3457 1023 3498 a
1057 3438 1373 3516 Gregorio,
1412 3437 1730 3517 quomodo
1763 3437 1902 3516 quis
1934 3455 2313 3512 sermonem,
2345 3437 2443 3497 vel
2474 3456 2605 3498 rem
2639 3438 2918 3517 aliquam
2953 3438 3265 3518 auspicari
3309 3438 3585 3500 debeat?
3623 3459 3652 3496 (ί
3684 3436 3870 3516 Opti-

436 3557 580 3598 mus
612 3536 716 3597 hic
747 3536 902 3597 ordo
932 3541 1043 3602 est,
1083 3535 1284 3614 inquit
1316 3535 1415 3615 (ὸ),
1454 3535 1652 3614 utqui
1683 3536 1775 3595 vel
1837 3554 2212 3609 sermonem,
2263 3536 2362 3596 vel
2414 3555 2544 3597 rem
2594 3536 2875 3614 aliquam
2927 3538 3316 3616 auspicatur,
3350 3556 3387 3598 θ.
3431 3540 3556 3599 Deo
3615 3535 3865 3596 initium

436 3639 655 3709 ducat,
691 3641 753 3695 et
784 3634 844 3694 in
874 3637 1002 3694 Deo
1030 3635 1454 3713 conquiescat.
1491 3656 1518 3691 ιι
1557 3635 1702 3694 Haec
1732 3634 2015 3694 omnium
2045 3635 2363 3695 actionum
2397 3639 2757 3694 nostrarum
2788 3653 3031 3695 norma.

517 3740 580 3796 2°
613 3734 775 3805 Quid
807 3734 932 3793 Deo
964 3733 1402 3793 offerendum?
1436 3755 1463 3787 α
1518 3732 1591 3811 (c)
1627 3733 2068 3811 Unusquisque
2090 3733 2242 3805 Deo,
2277 3732 2448 3811 quod
2472 3732 2727 3812 poterit,
2755 3732 2998 3806 offerat,
3038 3732 3260 3810 quovis
3314 3737 3620 3812 tempore,
3655 3732 3878 3810 quovis

451 3851 674 3911 genere
717 3832 860 3891 vitae
919 3837 981 3891 et
1028 3833 1320 3903 fortunae,
1355 3849 1469 3909 pro
1504 3831 1829 3909 praesentis
1862 3830 2177 3890 facultatis
2202 3831 2478 3904 modulo,
2509 3849 2622 3910 pro
2654 3831 2858 3909 gratia
2888 3830 3005 3890 sibi
3035 3849 3355 3906 concessa,
3391 3837 3460 3892 ut
3508 3849 3620 3910 per
3658 3849 3878 3893 omnes

449 3931 694 3991 virtutis
724 3929 964 4002 modos,
1002 3948 1222 3990 omnes
1253 3929 1523 3990 cmlestis
1552 3929 1730 4007 regni
1761 3928 2119 3989 mansiones
2148 3928 2548 4009 impleamus.
2584 3950 2612 3986 »

530 4031 588 4088 3°
618 4032 775 4089 Tam
810 4027 1143 4105 benignus,
1178 4033 1304 4087 tam
1339 4027 1612 4087 clemens
1641 4032 1737 4087 est
1766 4029 1953 4102 Deus,
1987 4033 2056 4086 ut
2083 4027 2179 4087 vel
2212 4027 2473 4087 minima
2505 4026 2727 4087 lubens
2759 4026 3050 4106 accipiat,
3088 4027 3138 4087 si
3186 4027 3580 4089 voluntatem
3629 4027 3877 4107 cupidi-

462 4131 560 4185 tas
586 4145 704 4186 non
735 4127 1133 4204 comprimat,
1171 4133 1232 4185 et
1259 4125 1564 4203 angustiis
1595 4126 1867 4204 pectoris
1901 4144 2163 4186 munera
2212 4145 2337 4186 non
2396 4132 2836 4187 coarctentur:
2881 4148 2909 4183 (ι
2945 4125 3026 4206 (d)
3087 4127 3252 4186 Nihil
3298 4146 3514 4188 eorum
3577 4146 3718 4207 quae
3751 4131 3879 4188 Deo

458 4221 826 4294 offeruntur,
864 4230 987 4282 tam
1021 4241 1287 4301 parvum
1320 4228 1431 4294 est,
1469 4221 1758 4300 quamvis
1790 4222 1979 4283 etiam
2012 4222 2252 4282 minimi
2287 4223 2590 4283 momenti
2619 4222 2720 4294 sit,
2756 4223 3045 4301 qnamvis
3077 4223 3262 4302 longe
3283 4224 3446 4284 infra
3475 4223 3644 4284 illius
3672 4223 3883 4302 digni-

451 4323 671 4394 tatem,
709 4319 878 4397 quod
909 4337 1032 4378 non
1063 4318 1320 4378 omnino
1354 4319 1647 4397 accipiat,
1680 4325 2059 4397 gratumque
2093 4318 2424 4379 habeat....
2459 4319 2619 4378 Illud
2673 4318 2924 4402 quidem
2957 4319 3214 4379 minime
3244 4319 3506 4380 dubium
3556 4324 3668 4392 est,
3703 4319 3882 4398 quin,

446 4418 703 4479 etiamsi
756 4417 969 4478 omnia
1025 4418 1500 4491 contulerimus,
1538 4419 1747 4478 minus
1805 4424 2014 4478 tamen
2077 4417 2369 4478 collaturi
2417 4417 2635 4490 simus,
2674 4435 2866 4496 quam
2927 4418 3313 4497 accepimus.
3357 4418 3886 4497 Quandoquidem

455 4517 648 4576 divini
697 4516 980 4576 beneﬁcii
1029 4521 1142 4589 est,
1179 4515 1349 4594 quod
1405 4535 1641 4589 sumus,
1681 4517 1852 4594 quod
1911 4521 2107 4576 Deum
2169 4516 2628 4593 cognoscimus,
2665 4515 2964 4594 quodque
3021 4517 3235 4589 etiam,
3283 4516 3455 4595 quod
3517 4517 3880 4591 offeramus,

462 4612 790 4672 habemus.
826 4614 1029 4691 Atque
1059 4613 1215 4672 illud
1247 4612 1744 4691 pulcherrimum
1777 4613 2430 4692 humanissimumque
2461 4613 2844 4673 censendum
2887 4620 2997 4688 est,
3032 4614 3203 4692 quod
3250 4619 3410 4674 Deus
3458 4613 3882 4693 largitionem,

459 4729 579 4770 non
610 4711 842 4770 ablatae
872 4711 958 4770 rei
987 4711 1186 4787 pretio
1217 4715 1277 4770 et
1310 4710 1636 4788 dignitate,
1672 4711 1777 4770 scd
1813 4711 2132 4771 offerentis
2164 4713 2387 4771 aﬁ'ectu
2424 4717 2487 4771 et
2517 4712 2816 4771 facultate
2850 4711 3130 4772 metitur.
3166 4733 3195 4770 ››

537 4813 600 4867 4°
633 4808 801 4878 Quid
832 4809 1102 4868 maxime
1137 4809 1414 4888 postulet
1446 4827 1480 4868 a
1511 4810 1715 4880 nobis,
1757 4815 1958 4869 totum
1999 4810 2178 4887 gravi
2208 4810 2411 4870 sentia
2463 4815 2525 4871 et
2575 4815 2928 4870 memoratu
2980 4810 3171 4889 digna
3220 4809 3520 4871 inculcat.
3561 4833 3591 4866 «
3619 4809 3693 4890 (e)
3722 4810 3893 4871 Dixit

459 4904 659 4964 abbas
695 4906 1024 4982 Gregorius
1044 4905 1446 4983 Theologus:
1482 4907 1628 4964 Tria
1652 4905 1786 4965 haec
1835 4907 2030 4983 exigit
2080 4909 2242 4966 Deus
2274 4906 2352 4966 ab
2402 4907 2575 4966 omni
2623 4906 2882 4966 homine
2925 4906 3266 4986 baptizato,
3304 4906 3493 4967 ﬁdem
3545 4911 3781 4967 rectam
3815 4926 3892 4968 ex

463 5003 698 5073 animo,
747 5003 1071 5063 veritatem
1106 5003 1166 5062 in
1196 5003 1411 5081 lingua
1439 5011 1500 5063 et
1523 5004 2007 5081 temperantiam
2042 5004 2118 5062 de
2151 5023 2436 5082 corpore.
2472 5025 2501 5060 ι)

542 5104 606 5161 5ο
641 5100 877 5172 Quibus
908 5119 983 5161 ex
1016 5102 1242 5174 causis,
1277 5122 1403 5181 quo
1436 5103 1556 5162 fine
1587 5103 1894 5180 praeclara
1922 5102 2206 5162 facinora
2237 5101 2521 5180 quisquis
2553 5102 2959 5180 aggrediatur
2989 5102 3227 5181 optime
3259 5102 3605 5177 constituit,
3639 5120 3894 5164 omnem

463 5200 707 5261 aditum
741 5217 917 5260 vanae
941 5200 1158 5278 gloriae
1191 5201 1596 5262 obstruendo.
1637 5225 1668 5257 «
1700 5200 1776 5281 (f)
1810 5201 1876 5262 Si
1905 5200 2123 5278 glorias
2155 5200 2526 5280 cupiditate,
2561 5219 2635 5261 ac
2666 5220 2793 5262 non
2842 5201 3123 5262 veritatis
3171 5202 3381 5263 studio
3431 5207 3493 5263 et
3536 5219 3752 5262 amore
3783 5223 3899 5265 nos

465 5295 746 5377 pericula
808 5296 981 5357 adire
1037 5295 1438 5359 existimabat
1490 5297 1848 5380 (Julianus),
1902 5296 2040 5358 haec
2087 5315 2238 5358 sane
2298 5297 2468 5378 apud
2513 5296 2657 5358 illos
2714 5295 2940 5358 ludant
2996 5297 3434 5378 Empedocles,
3499 5303 3562 5360 et
3623 5297 3895 5375 Aristaei,

537 5565 615 5644 (ᾳ)
643 5566 872 5644 §ozom.
911 5565 964 5644 1.Δ
983 5564 1038 5638 5,
1073 5581 1124 5622 c.
1159 5566 1242 5641 16,
1266 5584 1323 5642 p.
1358 5567 1489 5627 6l9.
2249 5638 2282 5644 μ
2316 5567 2390 5642 (ε)
2421 5567 2643 5642 Apoph.
2696 5570 2826 5626 Pat.
2873 5567 3028 5643 apud
3072 5567 3276 5641 Cotel.,
3309 5584 3368 5644 p.
3399 5566 3526 5638 410,
3561 5570 3605 5628 t.
3658 5571 3711 5625 II
3754 5566 3899 5632 Man.

534 5639 583 5707 (ὸ
632 5639 725 5697 Or.
750 5643 804 5711 2,
843 5657 904 5695 n.
942 5639 994 5695 1.
1228 5638 1237 5641 ⁷
1266 5638 1287 5642 ’
2239 5638 2333 5699 Ec.
2365 5638 2545 5699 Gra'ec.

534 5642 602 5787 (ei
623 5713 732 5787 0r.
756 5715 848 5784 19,
885 5710 1026 5787 11.7.
2311 5713 2379 5787 (χ)
2409 5715 2506 5774 0r,
2539 5741 2545 5758 .

529 5710 848 5790 MOI--19,
885 5710 1026 5790 11-?-

2311 5713 2379 5790 (ι)
2409 5715 2506 5774 0r.
2539 5713 2591 5786 4,
2617 5731 2676 5772 n.
2706 5713 2794 5772 50.

546 5783 618 5874 (ἅ)
647 5783 840 5858 Ιϋὶάά
863 5801 926 5843 n.
957 5783 1013 5845 8.
