4080 6424
279 386 395 445 147
1621 388 1809 450 VITA
1856 389 1920 449 S.
1971 388 2370 451 GHEGOHII.
3590 399 3708 459 148

280 517 685 581 Constantius
712 519 1077 601 respondit:

1028 675 1155 749 Πῶς
1184 670 1486 749 stium“.
1519 673 1563 749 ὦ
1598 672 1850 749 βέλτιστέ
1875 672 1960 749 σὴ,

1028 743 1266 820 Ὠς-οὐδξ
1295 743 1725 820 ἐκείγῃίκξνίὲρον.
1747 746 1885 820 ἐστὶ-ν
1917 743 2156 820 ἀσφαλές
2190 764 2204 814 ;

1029 817 1180 873 [laici
1217 819 1335 891 μὲν,
1367 815 1500 887 αὐὲὴ
1536 815 1580 872 δ’
1613 815 1809 881 eteae:
1840 815 2170 874 ἀπόλλυται.

1028 963 1115 1016 An
1147 965 1202 1017 te
1234 962 1406 1033 fugit,
1438 960 1525 1016 vir
1554 962 1795 1033 optime,

1033 1034 1201 1097 Quod
1237 1034 1427 1106 ipsius
1460 1033 1700 1088 aculeus
1733 1033 1989 1106 periculo
2022 1052 2135 1088 non
2169 1037 2379 1089 vacat?

1035 1105 1164 1177 Ipse
1196 1105 1433 1177 quidem
1466 1107 1694 1178 pungit,
1730 1107 1829 1162 sed
1861 1105 1963 1160 illa
1994 1107 2194 1161 statim
2220 1106 2487 1161 moritur.

285 1325 562 1386 Plurima
594 1327 669 1387 de
699 1326 1062 1388 Constantio
1094 1327 1439 1389 honorifice
1470 1329 1811 1406 praedicat;
1860 1328 2308 1408 imperatorem
2343 1329 2714 1409 piissimum,
2751 1331 2982 1392 Christi
3032 1331 3562 1408 amantissimum,
3601 1335 3715 1413 qui

285 1426 414 1485 Deo
445 1423 783 1503 adjunctus
812 1424 912 1497 sit,
947 1425 1055 1503 qui
1091 1424 1360 1484 coelestia
1390 1425 1603 1503 gloria:
1651 1425 2088 1487 hmreditatem
2147 1427 2481 1505 acceperit,
2516 1427 2625 1506 qui
2671 1429 2945 1488 moriens
2994 1428 3333 1508 imperium
3381 1450 3524 1492 cum
3575 1451 3713 1493 me-

285 1522 439 1583 liore
471 1522 898 1582 commutarit.
934 1525 1067 1582 Non
1118 1522 1255 1582 haec
1290 1523 1584 1597 Hilarius,
1622 1543 1746 1585 non
1793 1524 1932 1585 haec
1961 1525 2363 1597 Athanasius,
2400 1545 2525 1586 non
2573 1526 3036 1600 Theodoretus,
3090 1527 3323 1607 aliique
3373 1530 3715 1608 scriptores

285 1619 712 1680 ecclesiastici.
745 1620 866 1680 Sed
893 1620 1026 1698 jam
1055 1621 1118 1680 in
1150 1621 1503 1699 Prmloquio
1535 1623 1612 1682 ad
1647 1623 1997 1683 orationem
2031 1631 2324 1702 quartam
2347 1624 2483 1684 haec
2514 1624 2849 1703 diligenter
2877 1645 3142 1686 excussa
3174 1633 3343 1688 sunt.
3372 1629 3709 1704 Monitum,

284 1718 335 1778 si
366 1719 535 1792 velit,
573 1719 759 1780 adeat
789 1718 987 1779 lector
1020 1736 1032 1790 ;
1068 1719 1248 1779 nobis
1278 1720 1466 1779 semel
1501 1719 1666 1780 dicta
1690 1723 2070 1783 retractandi
2099 1723 2296 1784 otium
2323 1743 2449 1783 non
2508 1729 2640 1797 est;
2703 1724 2856 1803 quin
2915 1725 3107 1785 etiam
3168 1744 3312 1786 cum
3371 1728 3715 1789 voluminis

285 1823 418 1878 tum
452 1816 752 1896 temporis
781 1817 1086 1896 augustiaa
1117 1835 1231 1877 nos
1259 1823 1494 1896 cogunt
1525 1824 1589 1879 ut
1618 1819 1925 1898 praefandi
1954 1821 2291 1883 terminum
2326 1822 2428 1883 hic
2460 1823 2713 1883 tandem
2746 1821 3117 1884 habeamus.

1746 2431 1947 2591 Vl
1980 2431 2246 2586 ΤΑ

773 2775 1352 2911 SANCTI
1449 2777 2255 2914 GBEGOBII
2353 2781 3217 2918 THEOLOGI

1035 3067 1542 3157 EPISCOPI
1619 3069 2956 3162 CONSTANTINOPOLITANI

1293 3324 1370 3370 EX
1411 3323 1598 3370 IPSIUS
1642 3321 2011 3370 POTISSIMUH
2056 3323 2318 3370 SCRIPTIS
2361 3323 2709 3372 ADDRNATA.

348 3691 662 3766 Gregorius
681 3691 1105 3762 Nazianzenus,
1168 3693 1268 3766 qui
1326 3693 1397 3749 ab
1455 3693 1669 3750 eximia
1726 3708 1921 3751 rerum
1956 3693 2007 3761 Α
2043 3693 2452 3749 suburbanum
2489 3692 2770 3750 Nazianzo
2809 3691 3030 3748 censeri
3077 3695 3288 3764 putant
3321 3708 3332 3746 :
3362 3691 3535 3762 idque
3579 3691 3719 3746 inde

269 3783 603 3839 divinarum
632 3783 879 3840 scientia
911 3782 1168 3853 Theblogi
1199 3800 1410 3840 nomen
1445 3786 1608 3841 solus
1633 3789 1764 3857 post
1794 3801 1931 3857 apo-
2047 3784 2349 3854 colligunt,
2384 3784 2560 3854 quod,
2600 3799 2734 3837 cum
2796 3799 2864 3837 ea
2924 3782 3082 3851 regio
3141 3781 3427 3852 grandine
3487 3783 3718 3836 vastata

270 3873 486 3929 stolum
517 3872 808 3928 Joannem
849 3873 1093 3942 invenit,
1147 3873 1298 3945 quis,
1351 3875 1544 3946 qualis
1589 3880 1647 3930 et
1677 3878 1933 3946 quantus
2045 3873 2279 3938 fuisset,
2313 3872 2712 3927 Nazianzenos
2747 3873 2816 3926 ad
2872 3870 3279 3943 paenitentiam
3324 3870 3595 3926 hortatus
3630 3870 3713 3924 sit

273 3962 684 4031 fuerit,omnes
715 3979 833 4017 uno
861 3979 959 4018 ore
978 3961 1161 4018 Graeci
1194 3967 1251 4018 et
1281 3964 1471 4019 Latini
1491 3963 1749 4020 melioris
1781 3967 1933 4017 notas
2046 3963 2382 4035 Gregorius,
2416 3966 2482 4016 ut
2512 3977 2660 4033 quos
2691 3977 2758 4016 ea
2785 3960 3086 4014 calamitas
3122 3959 3365 4031 propius
3393 3962 3702 4031 spectaret.

275 4052 589 4123 scriptores
639 4050 1022 4107 ecclesiastici
1086 4051 1679 4109 honorificentissime
1734 4053 1936 4108 testati
2047 4052 2110 4107 Id
2146 4053 2426 4107 haustum
2461 4056 2550 4106 est
2589 4068 2654 4105 ex
2686 4050 2997 4105 collatione
3028 4050 3063 4102 5
3096 4048 3313 4121 Synodi
3345 4066 3397 4114 v,
3453 4049 3550 4104 ubi
3594 4049 3711 4102 Eu-

279 4143 419 4194 sunt
444 4155 465 4202 ;
493 4137 768 4210 pauciora
797 4144 996 4195 tamen
1029 4141 1100 4196 de
1121 4141 1250 4212 ejus
1282 4140 1400 4196 vita
1432 4143 1725 4214 rebusque
1756 4141 1938 4213 gestis
2051 4141 2332 4213 phrantas
2388 4142 2702 4212 episcopus
2759 4138 3123 4212 Thyanensis
3168 4137 3249 4193 ait
3281 4156 3294 4193 :
3344 4161 3371 4187 ‹‹
3430 4137 3721 4194 Arianzus

280 4227 494 4284 litteris
527 4228 902 4284 mandarunt.
940 4231 1160 4284 Verum
1190 4228 1316 4301 ipse
1348 4230 1662 4302 Gregorius
1702 4230 1937 4301 proprio
2052 4231 2292 4302 quidem
2327 4230 2613 4302 praedium
2645 4231 2916 4300 est,unde
2937 4232 3102 4282 ortus
3135 4229 3244 4282 fuit
3265 4228 3719 4299 Gregorius,sub

283 4316 506 4373 calamo
538 4315 987 4389 supplevit,tum
1015 4319 1074 4373 in
1106 4319 1327 4390 prolixo
1345 4323 1402 4375 et
1432 4319 1664 4392 egregio
1681 4319 1942 4376 carmine
2053 4319 2338 4375 Nazianzo
2373 4319 2728 4375 constitutus
2759 4319 2854 4389 (ὁ).
2891 4340 2919 4367 ››
2941 4316 3315 4372 Bollandistze
3337 4318 3575 4373 aiuntse
3599 4335 3723 4374 non

283 4406 439 4478 quod
471 4405 542 4461 de
574 4405 698 4460 suis
713 4405 888 4462 rebus
918 4407 1044 4479 ipse
1077 4408 1468 4480 scripsit,tum
1499 4409 1677 4465 variis
1699 4408 1938 4480 inlocis,
2052 4408 2378 4482 intelligere
2415 4429 2441 4461 α
2473 4427 2576 4464 cur
2606 4409 2727 4464 haec
2742 4408 2990 4462 debeant
3006 4407 3079 4461 ad
3110 4406 3472 4462 nativitatem
3493 4407 3722 4476 referri,

283 4511 386 4550 seu
411 4493 740 4551 carminum
773 4499 1138 4564 ceterorum,
1173 4513 1275 4552 seu
1303 4497 1631 4553 orationum
1647 4501 1703 4553 et
1720 4498 1941 4570 episto-
2054 4515 2186 4553 cum
2221 4499 2498 4565 sufficiat,
2531 4499 2578 4553 si
2631 4514 2700 4552 ex
2754 4496 2853 4551 illo
2909 4512 3028 4550 suae
3075 4495 3468 4565 possessionis
3503 4497 3724 4566 praedio

281 4585 497 4653 larum,
531 4583 589 4636 in
622 4583 840 4654 quibus
872 4584 1128 4656 plurima
1158 4587 1229 4641 de
1276 4586 1468 4658 seipso
1501 4593 1940 4644 commemorat.
2053 4587 2314 4661 Gregorii
2347 4592 2529 4659 pater,
2581 4591 2682 4642 aut
2712 4603 2875 4652 avus,
2925 4585 2985 4640 in
3044 4585 3238 4656 ipsam
3295 4586 3724 4641 Nazianzenam

289 4676 476 4740 Quare
507 4673 726 4745 scripta
756 4675 1035 4747 Gregorii,
1066 4674 1210 4730 Vita:
1235 4675 1444 4748 ipsius,
1480 4694 1546 4731 ac
1577 4693 1780 4732 eorum
1817 4695 1946 4749 qum
2057 4679 2352 4734 civitatem
2370 4677 2661 4749 migravit,
2687 4675 2884 4747 ibique
2904 4674 3249 4746 Gregorium
3272 4674 3460 4729 filium
3493 4675 3727 4746 peperit

289 4763 361 4818 de
390 4762 519 4834 ipso
548 4761 888 4835 scribimus,
921 4764 1082 4821 basis
1114 4769 1254 4821 sunt
1303 4782 1370 4821 ac
1401 4766 1870 4822 fundamentum.
2059 4773 2267 4824 mater.
2301 4791 2322 4817 ι
2362 4766 2641 4821 Praeterea
2670 4766 2952 4836 inquiunt
2984 4781 2998 4820 :
3039 4785 3066 4817 (ι
3096 4763 3382 4820 Arianzus
3424 4782 3540 4819 non
3574 4782 3724 4835 prae-

294 4869 337 4923 Ι.
372 4866 621 4939 Gregorii
674 4872 910 4941 patria:
971 4887 1047 4927 an
1117 4873 1487 4946 Nasianzum,
1542 4892 1617 4930 an
1675 4875 1950 4930 Arianzus
2059 4860 2220 4914 dium
2257 4857 2439 4912 misse
2467 4856 2719 4946 Vmetu“:
2754 4856 2861 4946 8θᾴ
2903 4871 3113 4946 P8399,
3163 4853 3226 4946 in
3259 4871 3374 4926 (1υο
3433 4854 3724 4926 Ρτδεάίυω

1021 4961 1215 5017 pagus.
1472 4942 1480 4946 ⁷
2059 4946 2268 5001 habuit
2299 4943 2616 5016 Gregorius
2647 4960 2680 4998 a
2711 4944 2968 5015 quodam
2996 4942 3260 5014 Rhegino
3283 4947 3600 5015 emptum.»
3622 4949 3725 4999 Le-

370 5028 725 5085 Nazianzum
748 5033 1120 5105 Cappadociae
1150 5035 1468 5102 civitatem,
1500 5035 1657 5091 haud
1691 5038 1891 5108 procul
1919 5055 1950 5092 a
1986 5075 2032 5138 Β
2061 5037 2223 5091 viora
2244 5035 2363 5088 haec
2390 5038 2530 5090 sunt
2559 5051 2738 5104 quam
2766 5037 2832 5088 ut
2863 5033 2937 5089 iis
2970 5032 3592 5088 immoremurdiutius
3618 5051 3629 5100 ;
3658 5050 3729 5089 ac

298 5117 582 5185 Caesarea,
607 5119 666 5176 in
698 5122 870 5191 CUjUS
903 5121 1136 5180 dioecesi
1165 5128 1309 5189 erat,
1370 5125 1632 5197 Gregorii
1693 5142 1820 5182 esse
1855 5145 1954 5198 pa-
1986 5117 2032 5138 υ
2066 5143 2274 5196 parum
2307 5125 2569 5194 interest,
2597 5127 2850 5179 natusne
2881 5123 2960 5177 sit
2988 5122 3301 5194 Gregorius
3327 5122 3618 5190 Nazianzi,
3649 5140 3728 5177 an

297 5206 494 5275 triam,
527 5208 775 5280 indeque
822 5211 1250 5269 Nazianzenum
1303 5231 1440 5271 eum
1491 5214 1714 5269 dictum
1772 5217 1957 5273 fuisse
2064 5214 2293 5269 Arianzi
2332 5233 2344 5279 ;
2380 5214 2633 5269 maxime
2655 5231 2789 5269 cum
2842 5217 3071 5269 constet
3125 5212 3437 5268 Arianzum
3467 5211 3730 5268 vicinum

297 5295 562 5367 plerique
593 5299 954 5356 existimant.
1000 5303 1152 5357 Sunt
1208 5307 1407 5359 tamen
1465 5303 1564 5375 qui
1619 5321 1774 5371 eum,
1841 5323 1953 5360 non
2067 5304 2248 5360 fuisse
2275 5304 2583 5359 Nazianzo.

299 5383 591 5453 Nazianzi,
625 5388 726 5444 sed
761 5390 992 5445 Arianzi
1017 5395 1223 5447 natum
1252 5393 1631 5464 arbitrantur,
1673 5396 1955 5450 Arianzus
2166 5395 2234 5448 ΙΙ.
2271 5395 2411 5448 Mala
2438 5402 2680 5449 veterum
2707 5393 2773 5449 de
2805 5392 3158 5464 Cappadociae
3185 5393 3381 5447 incolis
3412 5393 3616 5464 Opinio.

299 5478 496 5529 autem
529 5493 715 5548 pagus
747 5483 872 5534 erat
901 5479 960 5534 in
988 5483 1223 5554 regione
1269 5484 1543 5540 Tiberina
1573 5486 1746 5551 situs,
1781 5503 1954 5556 quem
2141 5483 2397 5538 Patriam
2429 5483 2700 5556 igitur,ut
2730 5483 2810 5537 ait
2842 5483 3154 5554 Gregorius
3176 5483 3483 5554 presbyter
3507 5482 3566 5536 in
3596 5482 3732 5554 ejus

301 5560 1063 5627 dootissimiTillemontius
1085 5574 1143 5628 et
1161 5571 1550 5631 Gothofredus
1579 5575 1957 5633 Hermantius
2075 5575 2214 5643 Vita,
2239 5574 2560 5629 secundam
2620 5574 3030 5646 Cappadocum
3072 5571 3432 5644 provinciam
3498 5571 3732 5641 habuit,

382 5722 457 5796 (δ)
478 5725 512 5777 9
543 5725 700 5799 Maii,
720 5729 917 5801 p.276.
