4080 6472
334 378 403 441 ll9
1762 398 1950 458 VITA
1996 400 2061 458 S.
2112 398 2514 457 GltEGOtlII.

3736 399 3855 461 150

334 512 496 571 urbem
550 517 1047 584 Nazianzum.
1110 533 1281 585 Juvat
1338 531 1643 587 observare
1699 528 2037 586 Nazianzurr

2160 592 2163 598 ν
2193 528 2411 585 ﬁnibus
2441 528 2856 600 praeluxerunt,
2892 522 3345 601 δαδουχήσαντες.
3388 548 3416 577 ››
3451 528 3674 593 Quibus
3711 545 3851 587 ver-

330 608 379 660 ut
399 622 455 661 ex
480 606 965 686 Hieronymo,
986 618 1160 675 libro
1194 624 1271 675 De
1300 621 1658 692 scriptoribus
1677 622 2080 689 ecclesiasticis,

2194 620 2286 675 bis
2310 636 2426 675 non
2458 618 2604 674 alios
2637 622 2791 675 certe
2824 634 3001 690 quam
3062 617 3406 690 Gregorium
3449 634 3854 694 magnumque

336 699 376 752 et
397 712 460 752 ex
486 697 827 771 Gregorio
872 707 1313 782 discimus(a),
1345 710 1696 782 appellatam
1728 709 1868 766 olim
1900 710 2083 767 fuisse
2193 708 2473 765 Basilium
2504 708 2837 781 significare
2860 707 3040 763 voluit
3075 708 3361 776 Isidorus,
3385 713 3450 763 ut
3508 713 3565 765 et
3612 710 3743 767 istis
3791 712 3852 768 in

341 785 807 847 Diocesaream.
864 794 1095 853 Parva
1125 799 1356 869 quidem
1410 801 1552 855 urbs
1584 804 1642 855 et
1674 801 1939 871 sbscura,
1970 800 2082 855 Na-

349 875 628 947 zianzum,
657 882 863 939 nullo
906 885 977 941 in
1008 887 1261 957 honore,
1291 888 1408 945 imo
1441 890 1743 945 communi
1793 908 1928 946 cum
1969 908 2076 945 cae-

2191 799 2438 871 cpistola
2459 815 2641 855 cccnu
2664 800 2734 871 (ε)
2770 816 2782 853 :
2817 820 2845 848 ‹‹
2882 800 2998 870 Ego
3036 814 3171 854 vero
3203 803 3437 854 sanctos
3470 798 3601 855 illos
3633 816 3665 854 e
3707 804 3847 871 Cap-

2188 888 2435 961 padocia
2458 888 2752 944 exstitisse
2784 888 3091 943 assentior.
3111 890 3299 960 Atque
3325 888 3435 944 hoc
3467 889 3845 961 potissimum

361 967 484 1022 teris
512 971 1027 1041 Cappadocibus
1062 977 1307 1034 infamia
1326 976 1622 1035 laborans.
1657 979 1888 1051 Ubique
1918 979 2075 1035 enim
2187 977 2436 1032 istorum
2494 976 2891 1049 improbitatis
2941 980 3357 1048 argumentum
3396 984 3523 1046 est;
3554 1000 3582 1028 »
3632 996 3843 1052 nempe

362 1060 644 1113 terrarum
681 1062 982 1127 pessime
1016 1066 1337 1123 audiebant
1352 1070 1721 1141 Cappadoces
1747 1086 1884 1125 :nec
1915 1068 2073 1125 ullus
2184 1066 2615 1139 Cappadocum,
2648 1082 2899 1138 quorum
2930 1082 3123 1123 mores
3160 1064 3385 1138 indigni
3410 1071 3672 1124 veterum
3702 1086 3838 1127 san-

363 1150 439 1203 est
469 1149 759 1220 scriptor,
800 1153 943 1209 sive
978 1172 1012 1210 e
1052 1157 1291 1228 nostris,
1350 1158 1469 1214 sive
1530 1176 1599 1215 ex
1653 1160 1936 1231 profanis,
1970 1150 2074 1232 qui
2183 1160 2410 1213 ctorum
2444 1157 2681 1211 Patrum
2712 1155 2927 1210 virtute
2956 1160 3096 1211 tunc
3128 1156 3612 1213 decantabantur.

362 1254 454 1293 eos
484 1238 781 1296 conviciis
809 1260 943 1298 non
980 1244 1241 1302 lacescat
1273 1265 1286 1315 ;
1320 1264 1447 1319 quae
1507 1248 1683 1305 etiam
1742 1250 2069 1322 proverbio,

368 1326 580 1384 melius
628 1330 929 1401 dixerim,
981 1336 1165 1391 veteri
1216 1334 1533 1410 σαρκάσμῳ,
1595 1336 1718 1413 τρία
1776 1344 1906 1393 ΚΚΚ
1970 1339 2068 1393 κά-

375 1436 551 1485 arma,
578 1418 1051 1478 increbuerunt.
1086 1424 1279 1480 Unum
1310 1426 1463 1482 inter
1495 1427 1713 1483 multos
1753 1429 2067 1485 audiamus

384 1507 671 1563 Isidorum
701 1510 781 1565 de
815 1510 1278 1584 Cappadocibus
1333 1515 1666 1586 loquentem
1700 1518 1777 1590 (b)
1809 1535 1822 1573 :
1860 1540 1888 1567 ‹‹
1915 1519 2063 1574 Sub-

387 1596 517 1651 dola
538 1601 709 1670 atque
738 1600 1028 1673 improba
1058 1620 1273 1676 magna
1298 1621 1367 1660 ex
1395 1610 1563 1676 parte
1591 1606 1713 1663 haec
1748 1608 1907 1663 natio
1953 1612 2057 1665 est.

383 1689 529 1741 Pace
556 1687 909 1758 offenditur,
944 1692 1423 1749 contentionibus
1455 1712 1520 1750 ac
1552 1696 1818 1752 dissidiis
1863 1697 2059 1765 alitur,

383 1776 786 1849 eamdemque
820 1778 1016 1835 dulcis
1047 1785 1104 1836 et
1132 1784 1316 1838 amari
1350 1784 1571 1839 fontem
1606 1785 1801 1841 habet.
1830 1791 1893 1841 In
1922 1804 2060 1843 con-

2252 1246 2565 1319 Gregorius
2595 1250 2792 1301 tamen
2822 1245 3201 1317 Cappadociae
3233 1262 3350 1301 non
3389 1245 3682 1303 illibenter
3712 1265 3839 1304 me-

2179 1337 2374 1406 minit,
2398 1339 2739 1408 eamque,ut
2768 1350 2895 1391 sese
2927 1336 3029 1390 dat
3059 1334 3309 1406 occasio,
3342 1334 3623 1393 laudibus
3673 1339 3839 1394 effert

2177 1426 2259 1483 De
2288 1426 2532 1499 Georgio
2546 1424 3012 1498 Cappadoce,qui
3030 1424 3836 1484 Athanasioinfensissimum

2176 1534 2239 1573 se
2268 1516 2616 1589 praebuerat,
2648 1515 2821 1570 verba
2854 1514 3091 1583 faciens,
3144 1514 3227 1569 sic
3282 1515 3365 1569 ait
3388 1515 3490 1586 (f);
3557 1537 3587 1566 «
3643 1518 3836 1589 Atque

2174 1607 2269 1662 hic
2301 1605 2447 1662 mihi
2492 1604 2909 1660 charissimum
2956 1602 3170 1669 solum,
3232 1603 3508 1675 patriam,
3562 1605 3828 1676 inquam,

2174 1714 2388 1767 meam,
2421 1696 2580 1751 omni
2623 1693 2865 1749 crimine
2908 1692 3164 1748 solutam
3217 1692 3429 1747 velim:
3480 1693 3828 1766 improbitas

2170 1787 2348 1853 enim,
2383 1803 2495 1841 non
2530 1784 2751 1856 patriae,
2804 1783 2904 1839 sed
2948 1782 3043 1847 iis,
3094 1783 3195 1854 qui
3254 1782 3436 1837 animi
3488 1783 3828 1841 inductione

383 1880 593 1937 gressu
629 1866 853 1923 blande
885 1885 953 1923 ac
986 1869 1236 1943 benigne
1265 1871 1548 1944 loquitur,
1585 1875 1643 1929 in
1663 1876 1933 1931 absentia
1954 1878 2056 1931 ob-
2084 1914 2131 1979 B
2169 1876 2358 1947 ipsam
2391 1875 2710 1947 elegerunt,
2738 1872 3096 1944 assignanda
3127 1875 3238 1979 est.
3283 1872 3594 1979 Illanenim
3634 1890 3821 1943 sacra,

389 1958 593 1979 ι---ι-ι
650 1955 964 1979 13-11----L
1022 1959 1249 1979 3m-,,,,1,
1421 1966 1430 1979 ι
1677 1965 1687 1974 ο
1903 1968 1937 1979 ,ι
2200 1970 2208 1979 Δ
2386 1966 2401 1979 ς
2704 1963 2715 1979 9
2760 1966 2769 1979 ι
2822 1962 2855 1979 ι’
2924 1961 2937 1979 ι
2986 1978 3011 1979 ,,
3042 1962 3087 1979 ει-
3134 1977 3148 1979 _
3190 1977 3272 1979 γη-
3312 1964 3355 1979 ,ι
3386 1960 3397 1979 9
3454 1978 3459 1979 ,
3528 1964 3540 1979 ι
3585 1961 3596 1971 ·
3670 1978 3673 1979 ,
3728 1967 3738 1979 ι

389 1958 615 2010 tractat.
650 1955 858 2012 Fallax
877 1962 968 2013 est
1022 1959 1357 2031 impudens,
1416 1965 1749 2032 temeraria,
1803 1968 2049 2022 meticu-

390 2042 536 2110 losa,
582 2045 935 2115 cavillatrix,
1002 2048 1327 2116 illiberalis,
1378 2056 1633 2120 versuta,
1699 2054 2046 2124 inhumana,

381 2134 640 2205 superba
668 2139 729 2190 et
750 2140 1091 2206 contumax,
1124 2139 1182 2195 in
1214 2142 1491 2197 secundis
1523 2144 1849 2199 amicorum
1873 2145 2048 2201 rebus

373 2228 612 2295 Incesta,
646 2224 709 2278 in
740 2225 1005 2282 adversis
1033 2227 1163 2285 lata
1191 2235 1248 2284 et
1270 2229 1643 2288 insatiabilis.
1671 2233 1790 2289 Sub
1814 2234 2046 2306 pietatis

364 2311 541 2367 larva
575 2312 962 2371 mulierculas
1006 2317 1065 2372 in
1118 2318 1514 2390 captivitatem
1574 2322 1805 2395 redigit,
1868 2327 2045 2395 atque

366 2404 591 2461 insano
610 2404 738 2460 auri
788 2422 986 2462 amore
1030 2409 1412 2482 Babylonium
1452 2416 1708 2484 superat.
1749 2414 1835 2469 Ad
1886 2432 2045 2471 men-

386 2494 668 2551 tiendum
692 2496 964 2569 proclivis
1020 2503 1129 2569 est,
1184 2503 1257 2557 ad
1304 2504 1686 2574 peierandum
1744 2505 1914 2562 celer.
1962 2511 2041 2565 Ac

384 2585 651 2659 denique
668 2586 889 2658 qualem
920 2589 1102 2647 habes
1131 2591 1640 2664 improbissimum
1687 2613 1753 2652 ac
1794 2615 2039 2669 prorsus

377 2691 634 2733 exosum
666 2680 1017 2752 gigantium,
1058 2683 1204 2741 tales
1248 2702 1453 2743 omnes
1496 2690 1864 2761 Cappadoces
1910 2708 2039 2747 esse

363 2767 671 2839 existima,
698 2786 763 2824 ac
787 2788 891 2843 pro
922 2777 1080 2828 certo
1132 2773 1281 2830 habe
1334 2777 1475 2843 (0)...
1527 2778 1674 2841 Quid
1735 2779 1841 2834 tibi
1899 2798 2034 2837 cum

368 2872 585 2928 genere
616 2858 897 2916 belluinis
928 2863 1187 2920 moribus
1212 2866 1496 2935 prmdito?
1539 2868 1687 2931 Quid
1742 2869 1846 2923 tibi
1899 2887 2035 2926 cum

373 2947 625 3003 barbara
657 2949 891 3005 natione
912 2950 939 3004 ?
960 2952 1107 3015 Quid
1137 2957 1192 3008 te
1217 2969 1350 3009 cum
1384 2955 1743 3027 ignobilibus
1782 2960 2032 3015 commi-

378 3037 549 3090 sces?
578 3037 726 3103 Quid
761 3055 895 3094 cum
928 3040 1365 3113 Cappadocibus
1399 3044 1691 3102 collideris
1711 3047 1829 3102 ?....
1882 3049 2031 3113 Quid

377 3128 537 3180 tuam
567 3126 762 3197 ipsius
792 3129 1283 3189 existimationem
1306 3136 1723 3207 commaculas,
1748 3153 1881 3193 cum
1913 3138 2029 3195 illis

368 3219 423 3270 te
454 3217 789 3288 conferens,
842 3220 1057 3290 quibus
1093 3238 1197 3279 nec
1237 3227 1303 3280 ut
1353 3225 1663 3297 mancipiis
1708 3227 2026 3299 quisquam

364 3310 573 3361 mente
596 3306 880 3378 praeditus
912 3310 994 3364 uti
1025 3311 1216 3368 velit?
1249 3336 1269 3363 ι
1321 3314 1451 3370 Ηωο
1500 3320 1625 3371 erat
1658 3317 2031 3388 antiquorum

354 3395 431 3451 de
461 3396 845 3467 Cappadocia
869 3398 1073 3456 incolis
1105 3403 1321 3475 Opinio,
1354 3405 1616 3478 adeoque
1645 3406 1715 3461 de
1754 3407 2032 3464 Nazianzi

356 3483 615 3552 civibus,
647 3484 862 3559 quippe
892 3505 1019 3560 quae
1059 3507 1196 3562 pars
1228 3494 1355 3564 ejus
1387 3498 1531 3565 erat,
1565 3497 1833 3552 secundae
1858 3498 2032 3553 nimi-

356 3590 493 3631 rum
526 3576 913 3647 Cappadociae
940 3579 1193 3636 obscura
1221 3583 1445 3640 civitas.
1464 3584 1683 3641 Verum
1706 3586 2031 3659 aGregorio

363 3668 559 3719 nostro
591 3687 623 3713 ‹‹
657 3666 801 3721 adeo
866 3668 1237 3727 nobilitata...
1296 3678 1404 3741 est,
1457 3674 1642 3732 verba
1705 3680 1847 3731 sunt
1903 3678 2031 3750 ejus

367 3752 696 3825 biographi,
723 3758 788 3810 ut
836 3759 991 3828 apud
1044 3764 1331 3819 extremos
1353 3764 1531 3820 etiam
1561 3765 1719 3821 orbis
1738 3770 2028 3823 terrarum

367 3841 515 3897 ﬁnes
542 3848 786 3916 prepter
824 3862 960 3903 eum
993 3849 1151 3906 clara
1190 3856 1367 3924 atque
1411 3852 1661 3910 illustris
1718 3856 2024 3913 exstiterit.

365 3929 564 4002 Neque
606 3933 767 3989 enim
806 3936 968 3993 Pella
1016 3940 1089 3995 ob
1160 3940 1553 4000 Alexandrum
1600 3943 1883 4001 celebrior
1916 3952 2025 4017 est,

364 4019 582 4091 inquit,
612 4027 712 4078 aut
732 4024 918 4081 Persae
951 4032 1187 4101 propter
1214 4034 1425 4104 Cyrum
1460 4034 1530 4088 ad
1571 4037 1797 4090 tantam
1829 4035 2025 4108 glorise

373 4108 817 4185 splendorisque
835 4117 1302 4189 magnitudinem
1326 4122 1507 4178 evecti
1532 4127 1672 4178 sunt
1696 4142 1709 4192 ;
1735 4130 2024 4196 quantum

364 4196 495 4253 haec
520 4207 755 4272 propter
786 4221 1065 4279 magnum
1086 4208 1431 4282 Gregorium
1456 4217 1724 4269 assecuta
1744 4219 1850 4270 est.
1882 4216 2027 4279 Quo-

352 4288 516 4344 circa
546 4291 661 4361 ipsi
684 4309 917 4365 quoque
948 4297 1021 4351 ob
1052 4298 1365 4357 educatum
1398 4302 1742 4375 Gregorium
1792 4305 2025 4361 abunde

352 4378 723 4447 persolutam
756 4399 883 4439 esse
916 4389 1245 4444 merccdem
1283 4389 1577 4460 existimo,
1629 4393 1845 4465 quippe
1895 4412 2021 4467 qua:

359 4472 417 4521 et
441 4467 604 4524 Indis
637 4474 693 4525 et
723 4472 1019 4531 Britannis
1050 4492 1119 4532 ex
1148 4478 1434 4536 diametro
1466 4481 1620 4537 inter
1641 4498 1705 4538 se
1734 4484 2023 4555 oppositis

367 4572 521 4627 eque
550 4558 915 4617 inclaruerit.
955 4586 982 4614 ››

2162 1970 2219 2021 et
2248 1966 2405 2037 apud
2437 1980 2639 2019 omnes
2664 1962 2893 2035 pietatis
2923 1961 3096 2016 laude
3126 1959 3283 2016 clara
3306 1964 3364 2017 et
3384 1960 3633 2017 illustris
3656 1967 3767 2018 est.
3794 1986 3822 2013 ››

2161 2054 2313 2110 Alibi
2338 2055 2413 2127 (g)
2445 2052 2870 2126 Cappadociam
2910 2051 3302 2106 venerandam
3363 2050 3615 2122 patriam
3647 2069 3818 2109 suam

2157 2149 2343 2213 vocat,
2378 2161 2485 2199 nec
2507 2144 2706 2199 minus
2727 2144 3035 2213 juvenum,
3063 2157 3241 2211 quam
3274 2156 3562 2212 equorum
3604 2141 3820 2198 bonam

2158 2234 2467 2290 nutricem.
2498 2237 2566 2288 Et
2608 2232 2668 2287 in
2722 2234 2835 2288 ﬁne
2882 2230 3165 2287 carminis
3224 2231 3295 2285 ad
3347 2230 3687 2289 Nemesium
3718 2231 3819 2304 (4),

2156 2348 2184 2375 ‹‹
2219 2324 2589 2397 Cappadoces
2619 2338 2760 2379 suos
2791 2344 2820 2372 ››
2852 2321 3016 2391 dicit,
3038 2324 3095 2377 et
3116 2320 3226 2376 hoc
3240 2320 3476 2377 nomine
3493 2336 3555 2377 se
3578 2319 3819 2393 gloriari

2154 2414 2487 2487 proﬁtetur.

2616 2502 2713 2558 III.
2739 2504 3001 2557 Parentes
3044 2499 3311 2572 Gregorii.

2220 2592 2565 2649 Parentibus
2587 2595 2781 2649 ortum
2802 2606 2929 2646 esse
2958 2589 3256 2645 nobilibus
3279 2588 3626 2660 Gregorium
3650 2605 3807 2646 asse-

2146 2684 2223 2739 rit
2252 2683 2381 2753 ejus
2410 2682 2557 2738 Vitae
2577 2680 2864 2753 scriptor;
2891 2680 3045 2752 quod
3080 2678 3319 2751 quidem
3369 2677 3665 2734 incertum
3720 2683 3813 2735 est

2148 2775 2218 2829 de
2248 2779 2413 2846 patre
2442 2772 2630 2845 ipsius
2654 2770 2966 2843 Gregorio;
2993 2768 3108 2823 nisi
3139 2766 3274 2840 quis
3305 2766 3442 2822 inde
3467 2766 3613 2822 illud
3644 2767 3807 2823 colli-

2144 2880 2278 2936 gere
2304 2862 2461 2931 velit,
2504 2861 2655 2933 quod
2686 2858 2999 2931 Gregorius
3032 2862 3229 2912 noster
3276 2856 3334 2910 in
3377 2855 3658 2925 oratione,
3696 2874 3815 2929 qua

2144 2954 2405 3009 defuncti
2438 2951 2623 3024 patris
2655 2950 2859 3006 laudes
2892 2948 3289 3019 prosequitur,
3325 2945 3417 3001 his
3450 2946 3643 3002 verbis
3668 2948 3813 3002 inci-

2143 3042 2265 3115 piat
2296 3044 2400 3115 (i):
2437 3065 2463 3091 ‹‹
2492 3040 2594 3096 Ille
2626 3040 2825 3114 igitur.
2860 3042 2925 3093 ut
2964 3036 3240 3109 patriam,
3290 3053 3499 3108 genus,
3553 3037 3813 3108 corporis

2141 3134 2327 3204 dotes,
2359 3136 2669 3189 externum
2701 3128 3097 3201 splendorem,
3132 3130 3189 3182 et
3220 3125 3353 3195 alia,
3387 3126 3459 3181 ob
3518 3142 3646 3197 quae
3706 3126 3812 3182 ho-

2143 3223 2337 3278 mines
2365 3220 2674 3294 magnifice
2715 3220 2787 3275 de
2834 3233 2895 3274 se
2955 3217 3242 3287 sentiunt,
3302 3216 3375 3270 ad
3404 3216 3809 3272 encomiorum

2066 3297 2109 3364 C
2146 3312 2304 3385 leges
2336 3312 2652 3381 remittam,
2688 3332 2710 3362 ι
2743 3312 2851 3366 etc.
2886 3307 3034 3363 Dum
3082 3304 3241 3361 enim
3283 3304 3365 3360 ait
3396 3304 3713 3377 Gregorius
3750 3322 3814 3362 se

2144 3419 2330 3475 genus
2370 3401 2573 3473 patris,
2606 3398 2865 3473 corporis
2897 3398 3083 3465 dotes,
3105 3400 3411 3451 externum
3435 3393 3811 3466 splendorem

2144 3493 2216 3547 ad
2244 3492 2645 3547 encomiorum
2706 3489 2863 3562 leges
2921 3486 3237 3556 remittere,
3289 3500 3485 3540 nonne
3544 3484 3807 3541 indicare

2141 3582 2372 3637 videtur
2402 3581 2513 3637 sibi
2546 3580 2660 3637 ista
2699 3580 2759 3634 in
2815 3577 3094 3634 laudibus
3142 3574 3403 3647 parentis
3462 3589 3680 3646 ponere
3740 3574 3811 3632 li-

2142 3672 2335 3726 cuisse
2361 3688 2374 3738 ;
2408 3672 2668 3739 adeoque
2697 3685 2829 3724 eum
2859 3670 3158 3739 etgenere,
3182 3668 3239 3719 et
3256 3663 3516 3735 corporis
3546 3662 3806 3733 dotibus,

2140 3766 2197 3817 et
2225 3765 2459 3816 externo
2491 3758 2820 3831 splendore,
2854 3762 2912 3812 et
2943 3755 3093 3821 aliis,
3126 3755 3198 3809 ob
3230 3769 3358 3823 quae
3390 3752 3659 3808 homines
3675 3768 3807 3809 ma-

2138 3851 2350 3924 gnifice
2397 3851 2467 3904 de
2506 3866 2569 3904 se
2600 3847 2881 3913 sentiunt,
2923 3842 3314 3918 prmstitissc‘?
3346 3841 3468 3897 Nisi
3526 3840 3685 3897 enim
3727 3842 3804 3899 iis

2139 3940 2525 4014 praestitisset,
2562 3943 2756 3994 orator
2796 3940 2950 3994 certe
3002 3932 3105 3991 tali
3164 3932 3401 3989 exordio
3449 3932 3639 3989 risum
3671 3950 3803 3990 mo-

2135 4031 2338 4087 visset.

2522 4119 2614 4176 IV.
2649 4118 2889 4175 eresis
2919 4115 3422 4188 Hypsistariorum.

2210 4210 2704 4285 Hypsistariorum
2757 4211 2976 4264 sectam
3052 4204 3439 4277 proﬁtebatur
3487 4201 3802 4273 Gregorius

2134 4306 2336 4375 pater;
2372 4319 2498 4373 quae
2530 4303 2689 4357 secta
2717 4320 2746 4348 ‹‹
2775 4299 2855 4353 Ex
2878 4294 3103 4369 gentilii
3126 4310 3341 4360 errore,
3374 4290 3569 4363 inquit
3599 4295 3799 4347 noster

2135 4391 2451 4465 Gregorius
2500 4391 2588 4463 (j),
2648 4392 2705 4444 et
2768 4385 2942 4459 legali
2998 4384 3257 4440 vanitate
3322 4382 3573 4438 conﬂata
3620 4385 3793 4450 erat;

2134 4498 2385 4555 quarum
2418 4480 2723 4549 utriusque
2750 4480 2944 4549 partes
2974 4474 3261 4546 quasdam
3294 4471 3547 4543 fugiens,
3567 4472 3796 4571 “exqui-

2132 4571 2385 4627 busdam
2416 4568 2684 4642 partibus
2716 4565 2968 4622 conﬂata
2998 4568 3055 4619 et
3082 4562 3402 4618 constituta
3431 4564 3539 4617 est.
3566 4560 3794 4615 Etenim

436 4648 710 4711 Quamvis
736 4656 929 4708 autem
962 4654 1359 4713 Isidorustam
1389 4659 1539 4715 male
1570 4661 1641 4716 de
1664 4663 2019 4735 Cappadoci-
2050 4681 2097 4745 Ι)
2131 4661 2292 4717 illius
2332 4660 2571 4733 quidem
2629 4655 2948 4713 simulacra
2978 4657 3057 4745 et_
3092 4650 3379 4745 sacriﬁcia
3436 4649 3789 4745 rfjif’le‘ltesi

359 4733 471 4790 bus
501 4738 754 4793 senserit
808 4745 865 4795 et
911 4743 1234 4815 scripserit,
1292 4746 1353 4802 in
1408 4748 1590 4804 altera
1645 4733 1841 4806 tamen
1898 4752 2019 4824 epi-
2050 4733 2092 4745 u
2128 4753 2325 4824 ignem
2359 4753 2415 4805 et
2438 4750 2739 4841 lucernam
2773 4744 2973 4802 colunt
3004 4760 3017 4799 :
3044 4742 3433 4841 h‘uzjusautem
3464 4738 3789 4841 sabbatum

353 4825 511 4881 stola
538 4827 640 4899 (ἀ),
664 4833 975 4902 postquam
1002 4833 1267 4891 Priscum
1295 4838 1699 4911 Cappadocem
1753 4840 1837 4896 sic
1885 4840 2022 4897 alio-
2128 4842 2460 4913 etjejunam
2478 4837 2796 4927 quamdam
2814 4852 2851 4927 a
2868 4830 3173 4890 nonnullis
3189 4828 3335 4885 cibis
3360 4827 3787 4927 abstineptiam

355 4919 534 4971 cutus
556 4921 649 4972 est
676 4935 690 4973 :
730 4942 752 4969 σι
778 4919 993 4977 Vereor
1024 4940 1094 4979 ne
1123 4928 1187 4980 tu
1219 4924 1382 4983 illius
1403 4930 1810 5000 Cappadocum
1836 4932 2019 5002 partis
2126 4935 2493 4998 venerantes,
2521 4924 3033 5019 circumcisionem
3075 4917 3663 5019 asperpaDtPf-f’ﬂx
3693 4916 3787 4972 hls

355 5004 462 5067 sis,
499 5022 627 5077 quae
658 5010 820 5063 omni
848 5010 1124 5068 vitiorum
1174 5031 1387 5088 genere
1416 5017 1642 5089 injuste
1671 5024 1759 5075 est
1790 5040 1803 5089 ;
1837 5042 1865 5069 »
1897 5021 2018 5077 haec
2129 5025 2288 5093 patet
2318 5019 2661 5092 Gregorium
2719 5032 2836 5071 non
2890 5012 3073 5107 fuisse
3103 5008 3349 5107 omnino
3391 5004 3786 5107 idolonlatram.

353 5094 521 5149 addit
552 5111 567 5151 :
610 5120 631 5145 ι
666 5095 864 5155 Altera
895 5101 1049 5156 enim
1077 5121 1313 5161 rursum
1331 5106 1741 5180 Cappadocum
1774 5127 1910 5181 pars
1931 5114 2021 5166 est
2130 5111 2399 5184 quamvis
2448 5107 2783 5181 Gregorius,
2841 5102 3100 5197 carmine
3132 5098 3428 5197 pe‘rcbus
3462 5113 3598 5197 stus,
3631 5095 3791 5151 hunc

350 5200 535 5255 quam
567 5187 816 5260 optima,
857 5193 1210 5266 πανάριστος,
1238 5211 1307 5251 ex
1365 5214 1482 5269 qua
1510 5197 1595 5253 illi
1648 5200 2016 5271 exstiterunt,
2131 5223 2159 5251 «
2194 5201 2303 5257 sub
2334 5198 2507 5254 idolis
2544 5220 2564 5246 ι»
2626 5196 2843 5252 vixisse
2872 5190 3193 5285 scripserit.
3232 5190 3356 5285 Qua
3386 5186 3624 5285 quidem
3655 5202 3791 5285 voce

350 5273 453 5345 qui
487 5274 617 5331 vita:
651 5294 777 5334 suae
799 5295 864 5335 ac
906 5288 1330 5356 praceptorum
1370 5286 1501 5343 luce
1548 5288 1706 5344 orbis
1726 5292 2019 5347 terrarum
2128 5308 2245 5347 non
2278 5290 2520 5345 deorum
2552 5290 2656 5343 aut
2713 5282 3059 5341 animalium
3106 5278 3447 5345 simulacra,
3481 5279 3548 5332 ut
3573 5275 3790 5331 Joanni

423 5396 503 5471 (α)
533 5399 718 5474 Hier.,
748 5402 824 5459 De
841 5406 1007 5478 scrip.
1040 5409 1169 5464 σθαι.
1203 5409 1399 5483 Greg.,
1449 5412 1549 5485 Ep.
1584 5415 1657 5470 ad
1692 5413 1914 5471 Hellen.
1944 5417 2016 5472 ad

2200 5416 2269 5487 (ῃ
2290 5415 2387 5487 Qr.
2416 5414 2510 5479 21,
2543 5430 2602 5467 n.
2630 5412 2713 5487 l4.

356 5466 650 5559 01:21:29..
700 5466 803 5559 ’.μ
949 5466 1008 5559 ζ..
1235 5553 1249 5559 _
1296 5466 1350 5559 f’
1588 5466 1657 5559 ἦῆ
1946 5466 2016 5472 η

2200 5466 2277 5559 δι’)
2300 5466 2520 5556 belli,
2548 5501 2609 5559 ρ.
2634 5466 2696 5540 3.

711 5544 931 5642 ΡιθΙιξξξἐ
949 5548 1052 5606 lib.
1086 5553 1329 5642 Iaspist.
1361 5556 1486 5628 281,
1509 5574 1567 5631 p.
1604 5558 1726 5614 101.

2221 5488 2277 5559 g)
2311 5487 2405 5543 Or.
2431 5488 2520 5556 43,
2549 5501 2608 5539 n.

2200 5487 2503 5642 lippum.
2534 5557 2608 5610 62

419 5619 496 5697 (ε)
526 5616 707 5697 l_b_i_d.,_
733 5637 794 5693 p.
826 5620 1080 5697 ιὲῳορ.
1112 5616 1237 5681 35L
1476 5616 1530 5631 "

2201 5616 2379 5697 ἰέ)ὀι·.
2414 5631 2500 5697 18,
2528 5646 2586 5683 n.
2620 5630 2677 5684 5.

698 5690 753 5762 i,'
772 5690 1041 5771 ep._158,'
1059 5712 1117 5768 p.
1138 5698 1228 5753 64.

2197 5690 2263 5771 ω
2294 5702 2391 5759 Or.
2426 5690 2513 5771 18',
2539 5719 2597 5757 η.
2626 5702 2663 5755 5

433 5764 485 5835 α)
510 5762 683 5834 Ibid.,
708 5782 765 5837 p.
794 5762 919 5821 {24.
