4080 6458
318 401 429 467 151

1654 400 1841 464 VlTA
1889 400 1954 463 S.
2004 400 2400 464 GREGURll.

3625 393 3740 459 152

319 536 538 596 Glerico
570 535 762 595 visum
786 537 899 607 est,
940 534 1042 593 sed
1100 531 1256 610 ignis
1312 538 1415 592 aut
1450 534 1824 593 lucernarum
1855 533 1969 592 ele-
2001 536 2057 605 Α
2087 550 2346 606 corpore,
2381 530 2566 589 multo
2593 531 3009 606 magis,‘quam
3041 528 3140 602 qui
3172 529 3314 587 alim
3359 546 3392 586 a
3428 529 3626 602 Moyse
3655 518 3741 587 ta.

321 631 522 684 menta
549 626 894 700 Gregorium
924 624 1305 693 intellexisse,
1361 624 1421 680 in
1473 626 1695 681 monito
1728 626 1799 680 ad
1846 642 1973 681 ora-

317 717 541 774 tionem
572 734 715 772 xvm
773 714 1140 772 ostendimus
1189 715 1273 786 (P.
1325 715 1489 785 329);
1522 715 1699 785 idque
1729 731 1798 768 ex
1828 714 1975 769 rela-

322 806 402 861 tis
436 804 697 878 Gregorii
737 804 932 861 verbis
962 808 1155 876 aperte
1188 803 1534 859 declaratur.
1586 805 1743 870 Quod
1781 811 1976 859 autem

333 894 832 968 Hypsistarierum
865 910 1076 949 nomen
1111 898 1353 964 spectat,
1386 893 1580 949 Graaco
1610 894 1766 949 fonte
1798 893 1974 959 cadit,

320 999 531 1055 nempe
554 1000 690 1039 voce
722 981 966 1055 ὕψιστος,
999 983 1475 1054 quaealtissimum
1498 989 1670 1037 sonat
1702 1001 1714 1047 ;
1747 983 1979 1053 sibique

319 1072 816 1144 Hypsistariorum
863 1087 1071 1127 nomen
1116 1071 1434 1134 vindicant,
1487 1073 1640 1142 quod
1675 1072 1863 1126 solum
1898 1072 1980 1126 Al-

320 1160 622 1216 tissimum
655 1161 914 1216 adorent.
949 1160 1029 1214 De
1057 1159 1166 1215 hac
1201 1159 1562 1215 hazresinihil
1577 1160 1794 1233 legitur
1822 1161 1977 1231 apud

320 1248 1163 1321 Epiphanium,Augustinum,
1196 1252 1559 1321 caeterosque
1590 1249 1691 1320 qui
1720 1250 1791 1304 de
1807 1249 1983 1304 hisre-

321 1339 488 1394 sibus
518 1338 824 1410 scripsere.
858 1337 1200 1393 Consimilia
1229 1341 1426 1393 tamen
1478 1339 1595 1393 fere
1651 1339 1720 1394 de
1753 1339 1980 1409 Euphe-

323 1427 508 1495 mitis,
540 1443 642 1482 seu
676 1425 1069 1491 Massalianis,
1124 1432 1325 1482 narrat
1353 1427 1739 1498 Epiphanius,
1774 1427 1981 1483 haeresi

324 1534 468 1572 Lxxx
500 1515 621 1584 ;ait
650 1515 805 1571 enim
841 1514 973 1571 illos
1007 1532 1076 1571 ex
1115 1515 1461 1587 gentilibus,
1495 1533 1599 1571 nec
1651 1516 1980 1587 Judaismo,

322 1622 427 1661 nec
455 1604 905 1660 Christianismo
937 1605 1473 1670 attendentes,deos
1500 1606 1735 1676 quidem
1769 1606 1981 1673 dicere;

323 1693 554 1749 nullum
594 1698 790 1749 autem
823 1694 1088 1758 adorare,
1122 1694 1222 1749 sed
1260 1710 1441 1749 unum
1474 1693 1665 1750 solum
1698 1695 1981 1767 venerari,

323 1798 500 1855 quem
531 1780 991 1851 omnipotentem
1007 1784 1569 1849 vocant.Quamdam
1593 1785 1766 1839 etiam
1783 1783 1984 1838 simili-

2088 624 2258 680 bulas
2283 622 2577 696 accepturi
2608 629 2797 688 erant,
2852 621 3251 695 puriﬁcasset.
3293 644 3320 672 »
3356 622 3436 675 Ex
3465 620 3557 676 his
3587 624 3748 692 patet

2087 714 2433 783 Gregorium
2468 721 2696 783 tempus
2726 711 2960 784 aliquod
3020 710 3400 783 impendisse,
3440 714 3508 765 ut
3542 710 3747 769 sordes

2088 804 2307 858 clueret
2335 803 2682 875 priusquam
2714 802 2886 874 aquis
2917 801 3197 874 baptismi
3230 804 3604 873 purgaretur,
3634 816 3751 872 quo

2091 892 2354 964 purgatio
2386 893 2596 963 praevia
2628 892 2993 963 purgationis
3025 892 3178 947 dono
3226 891 3569 946 ﬁrmitatem
3595 905 3756 945 asse-

2088 987 2259 1045 reret,
2294 997 2396 1035 seu
2438 980 2688 1051 gratiam
2720 980 2779 1034 in
2838 985 2961 1036 tuto
3023 984 3281 1051 poneret.
3332 980 3653 1051 Egressum
3686 993 3761 1034 ex

2088 1086 2241 1139 aqua
2274 1070 2470 1123 lumen
2504 1068 2932 1124 circumfulsit:
2963 1085 3078 1141 quo
3127 1068 3410 1123 miraculo
3442 1065 3757 1139 perculsus

2087 1160 2420 1230 episcopus,
2446 1159 2790 1231 Gregorium
2824 1158 2935 1214 sibi
2966 1159 3028 1215 in
3060 1157 3398 1229 episcopatu
3440 1172 3757 1212 successu-

2089 1264 2221 1304 rum
2269 1246 2464 1319 palam
2497 1264 2562 1303 ac
2593 1246 2829 1320 publice
2860 1246 3153 1303 clamavit.
3192 1247 3253 1302 Id
3286 1251 3633 1318 argumento
3663 1248 3760 1301 est

2090 1353 2226 1393 eum
2258 1336 2527 1392 Nazianzi
2557 1338 2628 1392 ab
2668 1337 2798 1408 ejus
2831 1336 3103 1392 Ecclesiae
3136 1336 3409 1406 episcopo
3454 1333 3761 1407 baptisma

2089 1425 2442 1497 suscepisse,
2466 1443 2581 1481 non
2612 1442 2747 1481 vero
2776 1443 2809 1481 a
2838 1425 3076 1481 Leontio
3107 1424 3467 1494 Caesariensi,
3489 1428 3554 1477 ut
3586 1427 3767 1494 putat

2092 1515 2396 1583 Baronius,
2433 1530 2611 1588 quem
2634 1514 2901 1587 sequitur
2931 1513 3387 1587 Papebroehius.
3421 1513 3585 1577 Quod
3619 1528 3763 1567 cum

2093 1607 2283 1659 mater
2312 1604 2462 1675 ejus,
2494 1604 2767 1659 (ictorum
2817 1604 3131 1658 numinum
3160 1602 3345 1657 cultui
3376 1602 3631 1665 addicta,
3663 1601 3765 1654 in-

2093 1692 2268 1765 digne
2300 1693 2493 1757 ferret,
2527 1693 2777 1765 patriam
2804 1693 3000 1765 fugere
3016 1695 3355 1748 coactusest
3376 1691 3470 1762 (ο),
3504 1713 3531 1741 ‹‹
3563 1690 3769 1745 Patris

2094 1782 2347 1837 chestis
2375 1798 2441 1837 ac
2468 1798 2618 1839 verae
2648 1782 3006 1838 haereditatis
3036 1798 3238 1845 causa.
3269 1785 3327 1837 et
3352 1785 3559 1848 matre,
3581 1784 3641 1835 et
3668 1781 3767 1834 fa-

321 1870 589 1927 tudinem
623 1870 843 1926 habent
891 1870 1241 1944 Hypsistarii
1293 1888 1429 1927 cum
1492 1874 1753 1929 subortis
1787 1878 1988 1946 postea
2019 1859 2063 1924 Β
2094 1872 2411 1927 cultatibus
2446 1872 2791 1944 aliquandiu
2823 1888 3020 1927 carere
3037 1871 3361 1937 sustinens,
3394 1873 3571 1941 atque
3604 1867 3771 1924 hanc

324 1958 613 2017 Ccelicolis
643 1958 866 2025 Africae,
902 1960 975 2016 de
1023 1959 1241 2032 quibus
1298 1962 1683 2034 Augustinus,
1735 1962 1985 2035 epistola

325 2064 536 2119 CLXIII;
599 2048 777 2104 Codex
837 2048 1263 2118 Theodericum,
1298 2049 1400 2106 lib.
1435 2067 1593 2121 XLIII,
1644 2054 1718 2107 De
1763 2053 1984 2108 haereti-

326 2154 413 2208 cs,
443 2142 502 2194 et
524 2137 601 2195 lib
621 2155 738 2206 xxx,
762 2139 837 2195 De
864 2138 1069 2195 Iudaeis
1104 2139 1373 2195 Caelicolis
1406 2148 1461 2197 et
1488 2140 1874 2198 Samaritanus.

760 2227 828 2283 V.
865 2229 1037 2285 Mores
1070 2230 1332 2299 Gregorii
1360 2232 1556 2302 patris.

404 2315 597 2389 Longo
623 2316 940 2390 Gregorius
1005 2322 1171 2390 pater
1201 2323 1464 2392 tempore
1500 2320 1560 2375 in
1594 2320 1986 2393 Hypsistario-

330 2421 464 2462 rum
496 2422 711 2475 errore,
745 2406 1025 2463 nimirum
1058 2409 1129 2463 ad
1161 2409 1678 2481 quadragesimum
1712 2411 1987 2481 quintum

329 2495 513 2551 ferme
553 2496 742 2552 aetatis
799 2513 918 2551 suae
949 2513 1194 2565 annum,
1253 2503 1519 2554 versatus
1551 2503 1659 2555 est.
1686 2500 1989 2557 Verumta-

332 2601 467 2641 men
490 2583 837 2657 priusquam
869 2585 1211 2657 religionem
1259 2587 1652 2644 Christianam
1686 2590 1991 2661 profitere-

330 2677 448 2743 tur,
481 2673 750 2730 moribus
782 2679 908 2730 erat
967 2675 1358 2733 Christianus.
1391 2699 1420 2728 ‹‹
1456 2676 1559 2734 Ille
1588 2678 1767 2749 enim,
1800 2678 1995 2751 inquit

329 2760 645 2835 Gregorius
676 2766 875 2821 noster
907 2762 1009 2834 (a),
1043 2770 1176 2820 ante
1207 2766 1386 2822 etiam
1420 2783 1597 2839 quam
1632 2768 1703 2823 ad
1729 2772 1989 2824 nostram

330 2849 567 2908 caulam
599 2866 660 2907 se
682 2852 1053 2920 contulisset,
1085 2860 1287 2910 noster
1338 2860 1483 2911 erat.
1532 2861 1718 2913 Mores
1776 2858 1993 2930 quippe

328 2939 530 3012 ipsum
556 2939 727 2995 nobis
749 2940 1139 2997 asciscebant.
1187 2942 1263 2998 Ut
1292 2944 1448 2999 enim
1481 2945 1652 3000 multi
1682 2961 1752 3000 ex
1777 2947 1995 3002 nostris

330 3027 641 3085 nobiscum
673 3044 789 3084 non
821 3034 980 3097 sunt,
1014 3045 1163 3100 quos
1196 3030 1420 3087 scilicet
1464 3050 1498 3088 a
1537 3034 1836 3088 communi
1864 3051 1994 3089 cor—

330 3132 472 3190 pore
491 3116 608 3172 vita
642 3121 899 3173 removet
930 3141 945 3186 ;
978 3117 1061 3174 sic
1091 3123 1295 3175 contra
1323 3120 1495 3176 multi
1535 3125 1864 3178 exterorum
1922 3124 1995 3179 ad

335 3220 446 3261 nos
476 3208 767 3277 spectant,
799 3205 1141 3279 quicunque
1187 3207 1471 3264 nimirum
1520 3209 1698 3266 ﬁdem
1729 3211 1996 3269 moribus

333 3296 728 3366 antevertunt,
760 3312 827 3352 ac
857 3295 983 3353 solo
997 3295 1235 3352 nomine
1252 3301 1472 3364 carent,
1506 3314 1637 3354 cum
1662 3315 1783 3355 rem
1806 3299 1995 3373 ipsam

335 3386 591 3439 teneant.
626 3384 750 3450 Quo
774 3383 834 3439 in
874 3400 1119 3441 numero
1170 3400 1338 3441 meus
1368 3401 1603 3460 quoque
1632 3392 1798 3460 pater
1824 3395 1949 3446 erat
1981 3408 1995 3459 ;

337 3486 543 3528 ramus
573 3472 813 3544 quidem
846 3472 945 3530 ille
957 3472 1210 3542 alienus,
1227 3478 1503 3532 caeterum
1518 3476 1637 3533 vita
1655 3481 1713 3533 et
1734 3479 1997 3534 moribus

335 3560 409 3616 ad
440 3577 548 3617 nos
586 3561 981 3635 propendens.
1016 3583 1046 3611 »
1102 3561 1406 3621 Pudicitiae
1452 3564 1624 3622 laude
1679 3567 1999 3624 excellebat

336 3648 653 3722 Gregorius
687 3667 701 3716 ;
734 3648 891 3705 idem
924 3650 1103 3707 simul
1138 3651 1605 3710 amabilissimus
1649 3660 1707 3711 et
1734 3656 1999 3713 castissi-

334 3754 493 3803 mus,
524 3755 650 3810 quae
683 3740 798 3795 duo
860 3740 1017 3796 haud
1079 3740 1248 3796 facile
1286 3742 1345 3797 in
1404 3760 1585 3799 unum
1619 3751 1994 3800 concurrunt.

338 3828 591 3884 Justitias
622 3832 741 3885 tam
803 3835 975 3887 tenax
1029 3830 1158 3900 fuit,
1182 3836 1247 3885 ut
1280 3831 1339 3886 in
1373 3834 1604 3906 magnis
1663 3834 1997 3905 reipublicm

337 3918 685 3974 muneribus
702 3923 993 3985 versatus,
1024 3936 1097 3975 ne
1127 3921 1389 3976 teruncio
1419 3922 1658 3992 quidem
1693 3924 1999 3980 facultates

338 4022 478 4061 suas
509 4006 876 4062 auxerit.Sed
909 4006 1353 4076 hisomissis,ad
1388 4012 1999 4082 annum,qquhristo

342 4109 555 4149 nomen
587 4094 768 4161 dedit,
802 4111 868 4150 ac
897 4095 1291 4151 Christianam
1324 4098 1665 4169 religionem
1701 4101 2003 4172 professus

340 4198 631 4253 verasque
661 4182 907 4238 virtutes
928 4188 1017 4239 est
1055 4188 1383 4255 assecutus,
1428 4187 1757 4242 veniamus.
1794 4190 1845 4243 Is
1896 4191 2006 4246 fuit

343 4287 560 4340 annus,
595 4286 712 4342 quo
743 4270 942 4327 habita
973 4277 1064 4327 est
1084 4273 1343 4343 synodus
1374 4274 1627 4345 Nicaeus,
1654 4282 1787 4347 post
1814 4277 2003 4351 Virgi-

346 4359 443 4414 nis
466 4361 700 4429 partum
733 4359 858 4414 325.
893 4360 1125 4415 Etenim
1149 4361 1223 4415 ab
1253 4362 1675 4435 episcopis,qui
1707 4364 1844 4420 illuc
1869 4383 2003 4423 con-

342 4448 668 4503 tendebant
698 4451 763 4501 ut
789 4447 911 4502 Arii
967 4448 1265 4504 furoribus
1305 4451 1676 4523 obsisterent,
1719 4455 2006 4528 praecipue

342 4551 479 4590 vero
511 4551 545 4589 a
577 4535 834 4603 Leontio,
869 4537 971 4606 qui
1012 4542 1139 4592 tum
1200 4539 1568 4610 metropolim
1619 4544 2002 4616 gubernabat,

344 4640 481 4679 cum
513 4627 721 4694 sponte
750 4640 859 4679 sua
873 4625 1230 4681 desiderium
1246 4644 1418 4682 suum
1440 4630 1747 4686 confessus
1779 4632 2006 4703 fuisset,

342 4711 798 4783 communisque
827 4713 1039 4769 salutis
1102 4715 1385 4772 auxilium
1432 4720 1817 4789 poposcisset,
1852 4728 2002 4779 cate-

340 4800 538 4856 chesis
568 4802 942 4858 sermonibus
991 4802 1280 4872 imbutus,
1330 4805 1693 4877 baptismum
1726 4812 2001 4883 suscepit.

344 4908 436 4974 Vl,
467 4905 589 4961 VII.
613 4909 916 4989 gregarius
947 4912 1111 4980 pater
1148 4910 1497 4989 Paptismum
1523 4916 1755 4986 suscipit
1787 4917 1854 4971 ab
1890 4920 2004 4989 epi-

416 4992 548 5103 ςορὲ)
606 4978 975 5103 Nat/tiamne.
1027 5012 1098 5022 —
1139 4978 1387 5038 Patriam
1430 4986 1628 5054 fugere
1665 4978 1876 5058 cogitur
1916 4978 2005 5046 'ab

420 5066 509 5103 ira
536 5065 570 5101 a
589 5065 680 5103 ma
706 5066 782 5103 re.

420 5065 570 5103 irata
589 5065 782 5105 matre.

421 5157 590 5210 Anno
622 5154 800 5224 igitur
844 5159 952 5212 325
1001 5158 1327 5228 baptizatus
1384 5166 1470 5217 est
1520 5163 1851 5234 Gregorius,
1909 5174 2009 5224 aut

350 5244 659 5313 aliquanto
691 5251 823 5314 post
852 5252 1122 5318 tempore
1154 5264 1167 5313 ;
1200 5248 1517 5319 siquidem,
1560 5255 1708 5307 teste
1735 5254 2008 5326 Gregorio

352 5333 555 5386 nostro
588 5329 685 5400 (a),
722 5353 751 5380 ‹‹
809 5335 886 5387 Ad
932 5339 1229 5389 lavacrum
1286 5339 1555 5405 accessit,
1609 5356 1740 5395 cum
1786 5359 1849 5397 se
1906 5361 2008 5415 pro

349 5418 575 5474 viribus
601 5419 726 5474 suis
749 5421 913 5492 prius
944 5428 1256 5494 purgasset
1277 5429 1483 5497 ;atque
1502 5431 1634 5483 tum
1656 5429 2006 5498 animo,tum

420 5524 469 5560 ⁸³
492 5522 515 5578 Ι
537 5526 663 5579 Cor.
696 5541 795 5595 vn,
831 5527 917 5582 14.

422 5630 503 5773 (ag
534 5628 629 5686 Or.
667 5632 731 5687 18
748 5649 807 5688 n.
836 5634 893 5689 6.

422 5703 477 5771 (b
533 5701 700 5771 Ibid.,
735 5720 793 5761 n.
832 5705 893 5761 13

421 5701 498 5771 (b)
533 5701 700 5771 Ibid.,
735 5720 793 5761 n.
832 5705 923 5765 13.

2092 1960 2484 2034 ignominiam
2516 1961 2744 2034 aequius
2775 1964 2834 2016 et
2863 1959 3094 2016 facilius
3125 1975 3305 2031 quam
3338 1958 3436 2014 alii
3486 1972 3771 2013 summos

2091 2049 2344 2106 honores
2372 2049 2527 2105 tulit.
2552 2072 2581 2099 »

2532 2140 2681 2194 VIII.
2718 2141 3019 2211 Episcopus
3067 2142 3310 2194 creatur.

2168 2229 2331 2296 Quod
2362 2229 2434 2285 de
2463 2228 2740 2300 Gregorio
2760 2245 2791 2283 e
2822 2228 3048 2283 lavacro
3087 2228 3441 2283 ascendente
3480 2241 3772 2297 pranun-

2096 2317 2309 2372 tiatum
2342 2318 2550 2385 fuerat,
2577 2316 2845 2388 contigit.
2881 2318 3125 2373 Creatus
3154 2320 3244 2372 est
3274 2315 3586 2387 episcOpus
3604 2331 3771 2370 anno

2097 2406 2223 2473 329,
2252 2405 2337 2462 vel
2369 2406 2494 2475 328,
2528 2410 2593 2460 ut
2614 2405 2801 2476 placet
2859 2405 3199 2462 Gothofrido
3246 2409 3547 2471 Hermant,
3575 2420 3773 2459 annos

2101 2499 2275 2550 natus
2308 2496 2489 2550 ferme
2534 2494 2968 2566 quinquaginta
3000 2512 3013 2562 ;
3050 2509 3304 2565 cumque
3334 2494 3772 2548 Nazianzenam

2102 2583 2422 2639 Ecclesium
2453 2601 2557 2656 per
2606 2584 2993 2656 quadraginta
3024 2582 3287 2654 quinque
3322 2599 3509 2638 annos
3540 2581 3775 2654 sapien-

2102 2672 2332 2729 tissime
2354 2673 2847 2745 administrasset,
2880 2673 3100 2728 exactis
3132 2689 3279 2744 pene
3302 2676 3541 2727 centum
3569 2670 3761 2726 annis.

2102 2761 2312 2835 plenus
2345 2762 2599 2829 dierum,
2624 2762 2996 2819 sanctissime
3021 2762 3329 2817 obiitanno
3360 2762 3468 2817 373
3494 2764 3753 2828 exeunte,

2101 2850 2187 2905 vel
2222 2850 2461 2906 ineunte
2491 2852 2556 2906 27
2574 2851 2614 2904 4.

2105 2938 2198 2993 ΙΧ.
2230 2940 2445 3006 Nomza,
2476 2943 2654 2995 mater
2680 2941 2952 3012 Gregorii,
2984 2957 3016 2995 e
3053 2941 3241 2995 radice
3292 2943 3494 2996 sancta
3532 2938 3764 3012 prodiit.

2179 3030 2293 3101 Ipsi
2318 3048 2432 3085 non
2464 3031 2561 3086 diu
2597 3036 2894 3101 superstes
2926 3030 3037 3086 fuit
3066 3030 3336 3102 piissime
3358 3032 3575 3102 conjux
3602 3030 3772 3085 Non-

2106 3137 2182 3176 na
2215 3138 2228 3176 :
2261 3119 2364 3175 tali
2385 3120 2563 3192 digna
2584 3136 2800 3193 sponso
2821 3124 3037 3189 erat,ut
3056 3120 3182 3191 ipse
3211 3119 3314 3176 tali
3346 3120 3563 3192 dignus
3584 3136 3777 3191 spon-

2028 3231 2070 3298 C
2111 3226 2213 3298 sa,
2240 3212 2437 3281 atque,
2470 3212 2535 3264 ut
2557 3208 2634 3280 pii
2665 3207 2771 3298 filii
2803 3208 2962 3265 verbi
3002 3212 3137 3264 utar
3165 3207 3265 3281 (ἀ),
3304 3229 3331 3261 ι
3360 3208 3449 3298 βὶ
3509 3208 3644 3298 quis

2110 3297 2339 3354 ultimis
2362 3301 2647 3353 terrarum
2675 3297 2914 3369 finibus,
2965 3301 3141 3369 atque
3170 3314 3241 3354 ex
3272 3297 3542 3354 universo
3578 3295 3771 3352 homi-

2106 3404 2253 3444 num
2284 3402 2513 3460 genere,
2530 3386 3085 3459 praestantissimum
3100 3388 3227 3458 conj
3238 3387 3441 3459 ugium
3454 3385 3776 3442 conciliare

2108 3476 2458 3543 studuisset,
2488 3476 2718 3532 nullum
2751 3492 3005 3548 usquam
3024 3476 3131 3531 hoc
3153 3475 3529 3547 praestantius
3551 3475 3781 3547 aptius-

2110 3582 2224 3639 que
2246 3564 2485 3637 reperiri
2525 3564 2831 3636 potuisset.
2868 3564 2953 3619 Ita
2973 3564 3127 3619 enim
3160 3564 3420 3619 virorum
3450 3579 3517 3619 ac
3558 3562 3778 3617 mulie-

2110 3671 2242 3708 rum
2275 3654 2497 3723 optima
2524 3651 3303 3725 etprazclarissimaqureque
3334 3652 3391 3706 in
3420 3668 3604 3707 unum
3629 3668 3778 3706 con-

2109 3746 2489 3809 ﬂuxerant,ut
2511 3742 2618 3797 hoc
2646 3741 3240 3809 matrimonium,non
3276 3741 3474 3797 minus
3512 3741 3779 3805 virtutis,

2108 3848 2283 3903 quam
2317 3848 2625 3903 corporum
2658 3847 2841 3885 nexus
2871 3835 3046 3886 esset.
3084 3852 3112 3879 »
3138 3830 3351 3886 Habuit
3378 3830 3777 3899 Nonna,quod

2110 3938 2179 3976 ex
2210 3919 2384 3974 editis
2415 3937 2448 3974 a
2487 3918 2830 3975 doctissimo
2892 3919 3206 3974 Muratorio
3239 3916 3773 3991 epigrammatibus

2110 4008 2418 4073 discimus,
2435 4016 2657 4079 patrem
2680 4008 2915 4063 nomine
2938 4008 3283 4063 Philtatium
3311 4025 3324 4075 ;
3360 4008 3533 4063 matri
3557 4022 3775 4061 nomen

2115 4099 2226 4155 fuit
2246 4099 2554 4169 Gorgonis,
2588 4099 2748 4153 fratri
2790 4098 3254 4171 Amphilochius,
3308 4114 3379 4153 ex
3434 4115 3551 4169 quo
3610 4101 3784 4152 ortus

2116 4202 2369 4258 magnus
2401 4187 2498 4241 ille
2517 4187 2957 4259 Amphilochius
2989 4188 3166 4242 Iconii
3199 4188 3535 4259 episcopus.
3571 4186 3785 4241 Nonna

2117 4292 2187 4331 ex
2216 4276 2410 4330 radice
2432 4280 2635 4331 sancta
2652 4276 2867 4347 prodiit
2890 4295 2904 4345 ;
2929 4282 3349 4347 acceptumque
3378 4294 3410 4331 a
3432 4276 3784 4348 parentibus

2115 4365 2350 4421 virtutis
2383 4366 2779 4421 haereditatem
2804 4366 2885 4420 ita
2903 4366 3117 4438 pietate
3147 4383 3254 4421 sua
3286 4365 3582 4438 praeclaris
3598 4365 3788 4420 actio-

2117 4453 2295 4508 nibus
2316 4453 2495 4520 auxit,
2530 4460 2595 4508 ut
2624 4453 2673 4508 si
2698 4454 2931 4525 singula
2961 4471 3303 4525 percurrere
3328 4454 3565 4509 animus
3597 4460 3788 4523 esset,

2118 4546 2189 4599 de
2222 4543 2337 4597 illis
2366 4543 2637 4599 volumen
2682 4544 3046 4616 impleretur.
3094 4547 3205 4601 Sed
3234 4562 3304 4601 ea
3335 4547 3575 4601 suavius
3605 4546 3790 4618 leget,

2120 4636 2179 4688 et
2208 4648 2276 4687 ex
2306 4631 2434 4702 ipso
2467 4634 2623 4687 fonte
2679 4632 2910 4687 hauriet
2963 4632 3167 4698 lector,
3213 4651 3460 4690 versans
3516 4635 3787 4706 Gregorii

2113 4720 2299 4776 nostri
2333 4719 2648 4791 scripta,in
2681 4721 2897 4792 quibus
2928 4722 3141 4793 saepius
3188 4723 3406 4779 Nonnze
3432 4724 3498 4779 fit
3532 4724 3784 4779 mentio.

2115 4808 2385 4880 Legenda
2406 4809 2700 4881 imprimis
2730 4810 2914 4865 oratio
2944 4827 3103 4877 xvm,
3136 4828 3264 4882 quas
3309 4816 3434 4867 tota
3464 4812 3535 4867 de
3566 4814 3791 4885 Grego-

2114 4899 2202 4954 rio
2227 4901 2410 4968 patre,
2443 4901 2499 4951 et
2529 4898 2600 4951 de
2621 4898 2867 4964 Nonna;
2921 4900 3223 4955 carminai
3256 4904 3313 4956 et
3344 4918 3406 4969 ιι,
3440 4906 3551 4957 etc.
3586 4901 3791 4957 Unum

2116 4988 2402 5041 duntaxat
2434 4988 2698 5044 referam.
2734 4988 2891 5057 quod
2925 4990 3373 5059 praetermittere
3403 4990 3570 5044 nefas
3602 4996 3788 5045 esset.

2115 5077 2337 5132 Nonum
2359 5075 2700 5130 ascribenda
2729 5081 2820 5131 est
2863 5076 2951 5131 sui
2981 5078 3053 5131 ab
3085 5078 3590 5149 Hypsistariorum
3626 5084 3795 5134 secta

2117 5164 2318 5235 sponsi
2354 5165 2420 5217 ad
2455 5163 2848 5219 Christianam
2898 5164 3239 5236 religionem
3273 5167 3567 5235 transitio,
3602 5185 3789 5238 quam

2118 5252 2375 5309 assiduis
2402 5252 2470 5305 ad
2506 5253 2691 5307 Deum
2718 5254 3009 5325 precibus,
3043 5256 3169 5311 dies
3199 5272 3265 5310 ac
3295 5260 3499 5312 noctes
3529 5274 3668 5312 cum
3700 5255 3793 5313 la-

2116 5340 2337 5413 crymis
2376 5342 2684 5412 etjejuniis
2724 5343 3108 5411 obsecrando,
3134 5344 3799 5416 impetravit:Sanctiﬁ-

2118 5439 2280 5486 catus
2302 5436 2382 5484 est
2412 5430 2495 5483 vir
2541 5431 2782 5501 inﬁdelis
2827 5448 2923 5504 per
2962 5434 3252 5489 mulierem
3282 5433 3508 5505 ﬁdelem
3533 5435 3600 5489 ⁶².
3630 5434 3796 5489 Non-

2214 5640 2263 5712 c)
2294 5639 2391 5712 0r.
2412 5640 2513 5712 748,
2536 5642 2662 5697 n.5.

2191 5643 2263 5784 EQ
2294 5643 2391 5723 0r.
2422 5643 2513 5712 48,
2536 5643 2627 5697 ωε

2257 5713 2272 5781 )
2308 5710 2474 5782 Ibid.,
2500 5715 2627 5768 n.7.
