  <div class='ocr_page' id='page_1' title='image "/cluster/home/n/w/nwhite01/storage/ocr_20150623/35:no.1/coo.31924054869320/082.png"; bbox 0 0 4080 6454; ppageno 0'>
   <div class='ocr_carea' id='block_1_1' title="bbox 266 418 374 482">
    <p class='ocr_par' dir='ltr' id='par_1_1' title="bbox 266 418 374 482">
     <span class='ocr_line' id='line_1_1' title="bbox 266 418 374 482; baseline -0.028 0"><span class='ocrx_word' id='word_1_1' title='bbox 266 418 374 482; x_wconf 79' lang='grc'>153</span> 
     </span>
    </p>
   </div>
   <div class='ocr_carea' id='block_1_2' title="bbox 1682 420 2434 489">
    <p class='ocr_par' dir='ltr' id='par_1_2' title="bbox 1682 420 2434 489">
     <span class='ocr_line' id='line_1_2' title="bbox 1682 420 2434 489; baseline -0.007 0"><span class='ocrx_word' id='word_1_2' title='bbox 1682 420 1879 489; x_wconf 76' lang='grc' dir='ltr'>νΙΤΑ</span> <span class='ocrx_word' id='word_1_3' title='bbox 1923 423 1989 486; x_wconf 89' lang='lat' dir='ltr'>S.</span> <span class='ocrx_word' id='word_1_4' title='bbox 2037 421 2434 486; x_wconf 77' lang='lat' dir='ltr'>GREGORII.</span> 
     </span>
    </p>
   </div>
   <div class='ocr_carea' id='block_1_3' title="bbox 3654 420 3770 483">
    <p class='ocr_par' dir='ltr' id='par_1_3' title="bbox 3654 420 3770 483">
     <span class='ocr_line' id='line_1_3' title="bbox 3654 420 3770 483; baseline -0.009 -1"><span class='ocrx_word' id='word_1_5' title='bbox 3654 420 3770 483; x_wconf 72' lang='grc'>154</span> 
     </span>
    </p>
   </div>
   <div class='ocr_carea' id='block_1_4' title="bbox 272 552 3767 634">
    <p class='ocr_par' dir='ltr' id='par_1_4' title="bbox 272 552 3767 634">
     <span class='ocr_line' id='line_1_4' title="bbox 272 552 3767 634; baseline -0 -22"><span class='ocrx_word' id='word_1_6' title='bbox 272 570 352 613; x_wconf 64' lang='lat' dir='ltr'>ne</span> <span class='ocrx_word' id='word_1_7' title='bbox 388 553 760 614; x_wconf 78' lang='lat' dir='ltr'>ascribendi</span> <span class='ocrx_word' id='word_1_8' title='bbox 786 560 952 617; x_wconf 87' lang='lat' dir='ltr'>sunt</span> <span class='ocrx_word' id='word_1_9' title='bbox 972 557 1544 634; x_wconf 81' lang='lat' dir='ltr'>abundantesipsius</span> <span class='ocrx_word' id='word_1_10' title='bbox 1568 556 1625 615; x_wconf 89' lang='lat' dir='ltr'>in</span> <span class='ocrx_word' id='word_1_11' title='bbox 1656 558 1997 633; x_wconf 84' lang='lat' dir='ltr'>episcopatu</span> <span class='ocrx_word' id='word_1_12' title='bbox 2028 566 2081 634; x_wconf 73' lang='grc' dir='ltr'><strong>Α</strong></span> <span class='ocrx_word' id='word_1_13' title='bbox 2113 574 2245 615; x_wconf 92' lang='lat' dir='ltr'>cum</span> <span class='ocrx_word' id='word_1_14' title='bbox 2305 555 2532 632; x_wconf 82' lang='lat' dir='ltr'>legibus</span> <span class='ocrx_word' id='word_1_15' title='bbox 2584 553 2995 615; x_wconf 79' lang='lat' dir='ltr'>ecclesiasticis</span> <span class='ocrx_word' id='word_1_16' title='bbox 3042 554 3208 613; x_wconf 78' lang='lat' dir='ltr'>valda</span> <span class='ocrx_word' id='word_1_17' title='bbox 3256 570 3602 613; x_wconf 88' lang='lat' dir='ltr'>consonum.</span> <span class='ocrx_word' id='word_1_18' title='bbox 3654 552 3767 611; x_wconf 86' lang='lat' dir='ltr'>Sed</span> 
     </span>
    </p>
   </div>
   <div class='ocr_carea' id='block_1_5' title="bbox 281 647 2001 722">
    <p class='ocr_par' dir='ltr' id='par_1_5' title="bbox 281 647 2001 722">
     <span class='ocr_line' id='line_1_5' title="bbox 281 647 2001 722; baseline 0.002 -20"><span class='ocrx_word' id='word_1_19' title='bbox 281 647 514 704; x_wconf 71' lang='lat' dir='ltr'>{ructus</span> <span class='ocrx_word' id='word_1_20' title='bbox 543 648 835 716; x_wconf 67' lang='lat' dir='ltr'>gNonnae</span> <span class='ocrx_word' id='word_1_21' title='bbox 864 652 1227 707; x_wconf 87' lang='lat' dir='ltr'>ascribenda</span> <span class='ocrx_word' id='word_1_22' title='bbox 1245 656 1332 707; x_wconf 87' lang='lat' dir='ltr'>est</span> <span class='ocrx_word' id='word_1_23' title='bbox 1348 655 1617 707; x_wconf 90' lang='lat' dir='ltr'>natorum</span> <span class='ocrx_word' id='word_1_24' title='bbox 1640 651 2001 722; x_wconf 90' lang='lat' dir='ltr'>pietas,quos</span> 
     </span>
    </p>
   </div>
   <div class='ocr_carea' id='block_1_6' title="bbox 294 738 2001 813">
    <p class='ocr_par' dir='ltr' id='par_1_6' title="bbox 294 738 2001 813">
     <span class='ocr_line' id='line_1_6' title="bbox 294 738 2001 813; baseline -0.001 -18"><span class='ocrx_word' id='word_1_25' title='bbox 294 738 465 795; x_wconf 74' lang='lat' dir='ltr'>enixa</span> <span class='ocrx_word' id='word_1_26' title='bbox 491 755 617 792; x_wconf 88' lang='lat' dir='ltr'>non</span> <span class='ocrx_word' id='word_1_27' title='bbox 656 740 886 795; x_wconf 87' lang='lat' dir='ltr'>minus</span> <span class='ocrx_word' id='word_1_28' title='bbox 922 741 1138 811; x_wconf 77' lang='lat' dir='ltr'>spiritu</span> <span class='ocrx_word' id='word_1_29' title='bbox 1173 757 1343 813; x_wconf 91' lang='lat' dir='ltr'>quam</span> <span class='ocrx_word' id='word_1_30' title='bbox 1376 757 1568 806; x_wconf 88' lang='lat' dir='ltr'>carne,</span> <span class='ocrx_word' id='word_1_31' title='bbox 1600 740 1784 796; x_wconf 91' lang='lat' dir='ltr'>Deum</span> <span class='ocrx_word' id='word_1_32' title='bbox 1818 755 2001 795; x_wconf 90' lang='lat' dir='ltr'>unum</span> 
     </span>
    </p>
   </div>
   <div class='ocr_carea' id='block_1_7' title="bbox 304 828 2001 901">
    <p class='ocr_par' dir='ltr' id='par_1_7' title="bbox 304 828 2001 901">
     <span class='ocr_line' id='line_1_7' title="bbox 304 828 2001 901; baseline 0 -18"><span class='ocrx_word' id='word_1_33' title='bbox 304 828 505 883; x_wconf 82' lang='lat' dir='ltr'>timere</span> <span class='ocrx_word' id='word_1_34' title='bbox 534 832 595 881; x_wconf 86' lang='lat' dir='ltr'>et</span> <span class='ocrx_word' id='word_1_35' title='bbox 626 844 851 884; x_wconf 78' lang='lat' dir='ltr'>amare</span> <span class='ocrx_word' id='word_1_36' title='bbox 884 829 1128 897; x_wconf 87' lang='lat' dir='ltr'>docuit;</span> <span class='ocrx_word' id='word_1_37' title='bbox 1162 846 1304 900; x_wconf 88' lang='lat' dir='ltr'>quos</span> <span class='ocrx_word' id='word_1_38' title='bbox 1323 835 1443 885; x_wconf 90' lang='lat' dir='ltr'>tam</span> <span class='ocrx_word' id='word_1_39' title='bbox 1466 830 1716 901; x_wconf 78' lang='lat' dir='ltr'>egregiis</span> <span class='ocrx_word' id='word_1_40' title='bbox 1738 828 2001 884; x_wconf 91' lang='lat' dir='ltr'>moribus</span> 
     </span>
    </p>
   </div>
   <div class='ocr_carea' id='block_1_8' title="bbox 323 916 2000 990">
    <p class='ocr_par' dir='ltr' id='par_1_8' title="bbox 323 916 2000 990">
     <span class='ocr_line' id='line_1_8' title="bbox 323 916 2000 990; baseline 0 -18"><span class='ocrx_word' id='word_1_41' title='bbox 323 934 387 973; x_wconf 85' lang='lat' dir='ltr'>ac</span> <span class='ocrx_word' id='word_1_42' title='bbox 432 918 741 989; x_wconf 72' lang='lat' dir='ltr'>praeceptis</span> <span class='ocrx_word' id='word_1_43' title='bbox 775 918 1132 974; x_wconf 81' lang='lat' dir='ltr'>informavit</span> <span class='ocrx_word' id='word_1_44' title='bbox 1160 923 1329 987; x_wconf 83' lang='lat' dir='ltr'>atque</span> <span class='ocrx_word' id='word_1_45' title='bbox 1360 918 1593 985; x_wconf 83' lang='lat' dir='ltr'>imbuit,</span> <span class='ocrx_word' id='word_1_46' title='bbox 1627 923 1692 974; x_wconf 93' lang='lat' dir='ltr'>ut</span> <span class='ocrx_word' id='word_1_47' title='bbox 1717 916 2000 990; x_wconf 87' lang='lat' dir='ltr'>singulos,</span> 
     </span>
    </p>
   </div>
   <div class='ocr_carea' id='block_1_9' title="bbox 336 1008 1999 1078">
    <p class='ocr_par' dir='ltr' id='par_1_9' title="bbox 336 1008 1999 1078">
     <span class='ocr_line' id='line_1_9' title="bbox 336 1008 1999 1078; baseline 0 -17"><span class='ocrx_word' id='word_1_48' title='bbox 336 1009 614 1077; x_wconf 83' lang='lat' dir='ltr'>aspirante</span> <span class='ocrx_word' id='word_1_49' title='bbox 666 1009 900 1078; x_wconf 84' lang='lat' dir='ltr'>gratia,</span> <span class='ocrx_word' id='word_1_50' title='bbox 946 1009 1159 1062; x_wconf 83' lang='lat' dir='ltr'>ardens</span> <span class='ocrx_word' id='word_1_51' title='bbox 1192 1009 1264 1061; x_wconf 90' lang='lat' dir='ltr'>ad</span> <span class='ocrx_word' id='word_1_52' title='bbox 1297 1010 1491 1063; x_wconf 79' lang='lat' dir='ltr'>sidera</span> <span class='ocrx_word' id='word_1_53' title='bbox 1523 1008 1705 1062; x_wconf 90' lang='lat' dir='ltr'>virtus</span> <span class='ocrx_word' id='word_1_54' title='bbox 1735 1008 1999 1075; x_wconf 82' lang='lat' dir='ltr'>erexerit,</span> 
     </span>
    </p>
   </div>
   <div class='ocr_carea' id='block_1_10' title="bbox 338 1096 2003 1168">
    <p class='ocr_par' dir='ltr' id='par_1_10' title="bbox 338 1096 2003 1168">
     <span class='ocr_line' id='line_1_10' title="bbox 338 1096 2003 1168; baseline -0.001 -16"><span class='ocrx_word' id='word_1_55' title='bbox 338 1103 499 1167; x_wconf 82' lang='lat' dir='ltr'>atque</span> <span class='ocrx_word' id='word_1_56' title='bbox 528 1098 687 1152; x_wconf 87' lang='lat' dir='ltr'>inter</span> <span class='ocrx_word' id='word_1_57' title='bbox 735 1102 993 1151; x_wconf 87' lang='lat' dir='ltr'>sanctos</span> <span class='ocrx_word' id='word_1_58' title='bbox 1041 1096 1150 1168; x_wconf 89' lang='lat' dir='ltr'>ipsi</span> <span class='ocrx_word' id='word_1_59' title='bbox 1194 1104 1577 1152; x_wconf 79' lang='lat' dir='ltr'>numerentur</span> <span class='ocrx_word' id='word_1_60' title='bbox 1617 1113 1748 1151; x_wconf 92' lang='lat' dir='ltr'>cum</span> <span class='ocrx_word' id='word_1_61' title='bbox 1782 1097 2003 1152; x_wconf 86' lang='lat' dir='ltr'>sanctis</span> 
     </span>
    </p>
   </div>
   <div class='ocr_carea' id='block_1_11' title="bbox 340 1185 2001 1257">
    <p class='ocr_par' dir='ltr' id='par_1_11' title="bbox 340 1185 2001 1257">
     <span class='ocr_line' id='line_1_11' title="bbox 340 1185 2001 1257; baseline 0 -17"><span class='ocrx_word' id='word_1_62' title='bbox 340 1188 675 1257; x_wconf 81' lang='lat' dir='ltr'>parentibus</span> <span class='ocrx_word' id='word_1_63' title='bbox 711 1203 726 1253; x_wconf 88' lang='lat'><strong>;</strong></span> <span class='ocrx_word' id='word_1_64' title='bbox 780 1185 1071 1241; x_wconf 90' lang='lat' dir='ltr'>nimirum</span> <span class='ocrx_word' id='word_1_65' title='bbox 1118 1186 1428 1257; x_wconf 85' lang='lat' dir='ltr'>Gorgonia,</span> <span class='ocrx_word' id='word_1_66' title='bbox 1472 1203 1598 1256; x_wconf 76' lang='lat' dir='ltr'>quae</span> <span class='ocrx_word' id='word_1_67' title='bbox 1633 1187 1830 1241; x_wconf 85' lang='lat' dir='ltr'>forsan</span> <span class='ocrx_word' id='word_1_68' title='bbox 1861 1189 2001 1240; x_wconf 87' lang='lat' dir='ltr'>nutu</span> 
     </span>
    </p>
   </div>
   <div class='ocr_carea' id='block_1_12' title="bbox 334 1275 2002 1347">
    <p class='ocr_par' dir='ltr' id='par_1_12' title="bbox 334 1275 2002 1347">
     <span class='ocr_line' id='line_1_12' title="bbox 334 1275 2002 1347; baseline 0.001 -18"><span class='ocrx_word' id='word_1_69' title='bbox 334 1276 591 1330; x_wconf 80' lang='lat' dir='ltr'>maxima</span> <span class='ocrx_word' id='word_1_70' title='bbox 612 1275 761 1343; x_wconf 83' lang='lat' dir='ltr'>fuit;</span> <span class='ocrx_word' id='word_1_71' title='bbox 787 1276 1127 1347; x_wconf 81' lang='lat' dir='ltr'>Gregorius,</span> <span class='ocrx_word' id='word_1_72' title='bbox 1148 1276 1217 1329; x_wconf 91' lang='lat' dir='ltr'>de</span> <span class='ocrx_word' id='word_1_73' title='bbox 1242 1276 1415 1345; x_wconf 81' lang='lat' dir='ltr'>cujus</span> <span class='ocrx_word' id='word_1_74' title='bbox 1436 1277 1574 1344; x_wconf 87' lang='lat' dir='ltr'>vita,</span> <span class='ocrx_word' id='word_1_75' title='bbox 1598 1276 1775 1333; x_wconf 87' lang='lat' dir='ltr'>rebus</span> <span class='ocrx_word' id='word_1_76' title='bbox 1797 1276 2002 1347; x_wconf 87' lang='lat' dir='ltr'>gestis,</span> 
     </span>
    </p>
   </div>
   <div class='ocr_carea' id='block_1_13' title="bbox 334 1363 1584 1435">
    <p class='ocr_par' dir='ltr' id='par_1_13' title="bbox 334 1363 1584 1435">
     <span class='ocr_line' id='line_1_13' title="bbox 334 1363 1584 1435; baseline 0 -16"><span class='ocrx_word' id='word_1_77' title='bbox 334 1369 393 1419; x_wconf 81' lang='lat' dir='ltr'>et</span> <span class='ocrx_word' id='word_1_78' title='bbox 420 1363 654 1435; x_wconf 80' lang='lat' dir='ltr'>scriptis</span> <span class='ocrx_word' id='word_1_79' title='bbox 677 1363 902 1418; x_wconf 89' lang='lat' dir='ltr'>dicturi</span> <span class='ocrx_word' id='word_1_80' title='bbox 932 1380 1160 1429; x_wconf 87' lang='lat' dir='ltr'>sumus,</span> <span class='ocrx_word' id='word_1_81' title='bbox 1193 1369 1249 1418; x_wconf 89' lang='lat' dir='ltr'>et</span> <span class='ocrx_word' id='word_1_82' title='bbox 1278 1363 1584 1420; x_wconf 75' lang='lat' dir='ltr'>Caesarius.</span> 
     </span>
    </p>
   </div>
   <div class='ocr_carea' id='block_1_14' title="bbox 645 1471 1689 1541">
    <p class='ocr_par' dir='ltr' id='par_1_14' title="bbox 645 1471 1689 1541">
     <span class='ocr_line' id='line_1_14' title="bbox 645 1471 1689 1541; baseline -0.002 -15"><span class='ocrx_word' id='word_1_83' title='bbox 645 1471 715 1526; x_wconf 82' lang='grc' dir='ltr'>Χ.</span> <span class='ocrx_word' id='word_1_84' title='bbox 754 1472 871 1539; x_wconf 84' lang='lat' dir='ltr'>Quo</span> <span class='ocrx_word' id='word_1_85' title='bbox 900 1487 1050 1526; x_wconf 83' lang='lat' dir='ltr'>anno</span> <span class='ocrx_word' id='word_1_86' title='bbox 1082 1479 1242 1526; x_wconf 78' lang='lat' dir='ltr'>natus</span> <span class='ocrx_word' id='word_1_87' title='bbox 1270 1472 1347 1526; x_wconf 85' lang='lat' dir='ltr'>sit</span> <span class='ocrx_word' id='word_1_88' title='bbox 1370 1475 1689 1541; x_wconf 75' lang='lat' dir='ltr'>Gregorius.</span> 
     </span>
    </p>
   </div>
   <div class='ocr_carea' id='block_1_15' title="bbox 423 1559 2003 1632">
    <p class='ocr_par' dir='ltr' id='par_1_15' title="bbox 423 1559 2003 1632">
     <span class='ocr_line' id='line_1_15' title="bbox 423 1559 2003 1632; baseline 0.001 -19"><span class='ocrx_word' id='word_1_89' title='bbox 423 1560 584 1614; x_wconf 83' lang='lat' dir='ltr'>Hisce</span> <span class='ocrx_word' id='word_1_90' title='bbox 612 1575 754 1630; x_wconf 90' lang='lat' dir='ltr'>ergo</span> <span class='ocrx_word' id='word_1_91' title='bbox 801 1560 1141 1630; x_wconf 89' lang='lat' dir='ltr'>parentibus</span> <span class='ocrx_word' id='word_1_92' title='bbox 1192 1565 1363 1615; x_wconf 86' lang='lat' dir='ltr'>natus</span> <span class='ocrx_word' id='word_1_93' title='bbox 1407 1566 1495 1615; x_wconf 92' lang='lat' dir='ltr'>est</span> <span class='ocrx_word' id='word_1_94' title='bbox 1544 1560 1856 1632; x_wconf 84' lang='lat' dir='ltr'>Gregorius</span> <span class='ocrx_word' id='word_1_95' title='bbox 1905 1559 2003 1631; x_wconf 89' lang='lat' dir='ltr'>(a),</span> 
     </span>
    </p>
   </div>
   <div class='ocr_carea' id='block_1_16' title="bbox 345 1648 2010 1721">
    <p class='ocr_par' dir='ltr' id='par_1_16' title="bbox 345 1648 2010 1721">
     <span class='ocr_line' id='line_1_16' title="bbox 345 1648 2010 1721; baseline 0.001 -19"><span class='ocrx_word' id='word_1_96' title='bbox 345 1670 374 1697; x_wconf 78' lang='grc' dir='ltr'>σι</span> <span class='ocrx_word' id='word_1_97' title='bbox 406 1654 577 1719; x_wconf 87' lang='lat' dir='ltr'>atque</span> <span class='ocrx_word' id='word_1_98' title='bbox 612 1649 686 1703; x_wconf 89' lang='lat' dir='ltr'>ad</span> <span class='ocrx_word' id='word_1_99' title='bbox 718 1648 904 1703; x_wconf 91' lang='lat' dir='ltr'>Deum</span> <span class='ocrx_word' id='word_1_100' title='bbox 938 1666 970 1703; x_wconf 89' lang='lat' dir='ltr'>a</span> <span class='ocrx_word' id='word_1_101' title='bbox 998 1648 1169 1703; x_wconf 88' lang='lat' dir='ltr'>vulva</span> <span class='ocrx_word' id='word_1_102' title='bbox 1200 1650 1330 1721; x_wconf 89' lang='lat' dir='ltr'>ipsa</span> <span class='ocrx_word' id='word_1_103' title='bbox 1362 1650 1677 1721; x_wconf 86' lang='lat' dir='ltr'>projectus,</span> <span class='ocrx_word' id='word_1_104' title='bbox 1715 1655 1771 1703; x_wconf 87' lang='lat' dir='ltr'>et</span> <span class='ocrx_word' id='word_1_105' title='bbox 1802 1666 1872 1703; x_wconf 87' lang='lat' dir='ltr'>ex</span> <span class='ocrx_word' id='word_1_106' title='bbox 1890 1666 2010 1704; x_wconf 87' lang='lat' dir='ltr'>ma-</span> 
     </span>
    </p>
   </div>
   <div class='ocr_carea' id='block_1_17' title="bbox 339 1737 2007 1809">
    <p class='ocr_par' dir='ltr' id='par_1_17' title="bbox 339 1737 2007 1809">
     <span class='ocr_line' id='line_1_17' title="bbox 339 1737 2007 1809; baseline -0.001 -17"><span class='ocrx_word' id='word_1_107' title='bbox 339 1744 510 1793; x_wconf 88' lang='lat' dir='ltr'>terna</span> <span class='ocrx_word' id='word_1_108' title='bbox 543 1737 964 1808; x_wconf 84' lang='lat' dir='ltr'>pollicitatione</span> <span class='ocrx_word' id='word_1_109' title='bbox 995 1737 1106 1809; x_wconf 92' lang='lat' dir='ltr'>ipsi</span> <span class='ocrx_word' id='word_1_110' title='bbox 1141 1739 1414 1793; x_wconf 89' lang='lat' dir='ltr'>donatus.</span> <span class='ocrx_word' id='word_1_111' title='bbox 1453 1760 1480 1786; x_wconf 87' lang='grc'><strong>››</strong></span> <span class='ocrx_word' id='word_1_112' title='bbox 1516 1738 1741 1793; x_wconf 82' lang='lat' dir='ltr'>Etenim</span> <span class='ocrx_word' id='word_1_113' title='bbox 1777 1738 2007 1804; x_wconf 90' lang='lat' dir='ltr'>Nonna,</span> 
     </span>
    </p>
   </div>
   <div class='ocr_carea' id='block_1_18' title="bbox 337 1825 2005 1900">
    <p class='ocr_par' dir='ltr' id='par_1_18' title="bbox 337 1825 2005 1900">
     <span class='ocr_line' id='line_1_18' title="bbox 337 1825 2005 1900; baseline -0.001 -18"><span class='ocrx_word' id='word_1_114' title='bbox 337 1826 591 1899; x_wconf 88' lang='lat' dir='ltr'>cupiens</span> <span class='ocrx_word' id='word_1_115' title='bbox 623 1825 947 1881; x_wconf 78' lang='lat' dir='ltr'>masculum</span> <span class='ocrx_word' id='word_1_116' title='bbox 981 1828 1226 1898; x_wconf 83' lang='lat' dir='ltr'>prolem,</span> <span class='ocrx_word' id='word_1_117' title='bbox 1259 1844 1391 1882; x_wconf 89' lang='lat' dir='ltr'>cum</span> <span class='ocrx_word' id='word_1_118' title='bbox 1426 1845 1554 1883; x_wconf 88' lang='lat' dir='ltr'>eam</span> <span class='ocrx_word' id='word_1_119' title='bbox 1580 1828 1797 1883; x_wconf 84' lang='lat' dir='ltr'>crebris</span> <span class='ocrx_word' id='word_1_120' title='bbox 1822 1828 2005 1900; x_wconf 88' lang='lat' dir='ltr'>preci-</span> 
     </span>
    </p>
   </div>
   <div class='ocr_carea' id='block_1_19' title="bbox 340 1915 2087 2008">
    <p class='ocr_par' dir='ltr' id='par_1_19' title="bbox 340 1915 2087 2008">
     <span class='ocr_line' id='line_1_19' title="bbox 340 1915 2087 2008; baseline -0.001 -37"><span class='ocrx_word' id='word_1_121' title='bbox 340 1918 459 1971; x_wconf 84' lang='lat' dir='ltr'>bus</span> <span class='ocrx_word' id='word_1_122' title='bbox 488 1934 522 1971; x_wconf 89' lang='lat' dir='ltr'>a</span> <span class='ocrx_word' id='word_1_123' title='bbox 553 1916 675 1971; x_wconf 90' lang='lat' dir='ltr'>Deo</span> <span class='ocrx_word' id='word_1_124' title='bbox 705 1916 1099 1987; x_wconf 85' lang='lat' dir='ltr'>impetrasset,</span> <span class='ocrx_word' id='word_1_125' title='bbox 1136 1921 1199 1971; x_wconf 91' lang='lat' dir='ltr'>ut</span> <span class='ocrx_word' id='word_1_126' title='bbox 1245 1915 1381 1971; x_wconf 92' lang='lat' dir='ltr'>olim</span> <span class='ocrx_word' id='word_1_127' title='bbox 1433 1924 1602 1971; x_wconf 82' lang='lat' dir='ltr'>Anna</span> <span class='ocrx_word' id='word_1_128' title='bbox 1650 1916 2007 1981; x_wconf 89' lang='lat' dir='ltr'>Samuelem,</span> <span class='ocrx_word' id='word_1_129' title='bbox 2042 1944 2087 2008; x_wconf 84' lang='lat' dir='ltr'>B</span> 
     </span>
    </p>
   </div>
   <div class='ocr_carea' id='block_1_20' title="bbox 347 2004 2009 2077">
    <p class='ocr_par' dir='ltr' id='par_1_20' title="bbox 347 2004 2009 2077">
     <span class='ocr_line' id='line_1_20' title="bbox 347 2004 2009 2077; baseline -0.001 -17"><span class='ocrx_word' id='word_1_130' title='bbox 347 2006 467 2061; x_wconf 88' lang='lat' dir='ltr'>voti</span> <span class='ocrx_word' id='word_1_131' title='bbox 506 2022 751 2076; x_wconf 89' lang='lat' dir='ltr'>compos</span> <span class='ocrx_word' id='word_1_132' title='bbox 794 2006 941 2059; x_wconf 82' lang='lat' dir='ltr'>facta</span> <span class='ocrx_word' id='word_1_133' title='bbox 975 2005 1069 2077; x_wconf 91' lang='lat' dir='ltr'>pia</span> <span class='ocrx_word' id='word_1_134' title='bbox 1118 2010 1323 2071; x_wconf 84' lang='lat' dir='ltr'>mater,</span> <span class='ocrx_word' id='word_1_135' title='bbox 1360 2005 1544 2060; x_wconf 84' lang='lat' dir='ltr'>lilium</span> <span class='ocrx_word' id='word_1_136' title='bbox 1591 2006 1700 2060; x_wconf 90' lang='lat' dir='ltr'>sibi</span> <span class='ocrx_word' id='word_1_137' title='bbox 1726 2007 1878 2061; x_wconf 89' lang='lat' dir='ltr'>dono</span> <span class='ocrx_word' id='word_1_138' title='bbox 1914 2004 2009 2060; x_wconf 89' lang='lat' dir='ltr'>Dei</span> 
     </span>
    </p>
   </div>
   <div class='ocr_carea' id='block_1_21' title="bbox 350 2093 2008 2166">
    <p class='ocr_par' dir='ltr' id='par_1_21' title="bbox 350 2093 2008 2166">
     <span class='ocr_line' id='line_1_21' title="bbox 350 2093 2008 2166; baseline -0.001 -16"><span class='ocrx_word' id='word_1_139' title='bbox 350 2111 703 2151; x_wconf 86' lang='lat' dir='ltr'>concessum</span> <span class='ocrx_word' id='word_1_140' title='bbox 737 2093 821 2148; x_wconf 91' lang='lat' dir='ltr'>illi</span> <span class='ocrx_word' id='word_1_141' title='bbox 870 2111 904 2149; x_wconf 88' lang='lat' dir='ltr'>a</span> <span class='ocrx_word' id='word_1_142' title='bbox 943 2111 1056 2166; x_wconf 93' lang='lat' dir='ltr'>quo</span> <span class='ocrx_word' id='word_1_143' title='bbox 1098 2101 1417 2166; x_wconf 88' lang='lat' dir='ltr'>acceperat,</span> <span class='ocrx_word' id='word_1_144' title='bbox 1452 2100 1682 2149; x_wconf 82' lang='lat' dir='ltr'>Annam</span> <span class='ocrx_word' id='word_1_145' title='bbox 1714 2094 2008 2162; x_wconf 64' lang='lat' dir='ltr'>aemulata,</span> 
     </span>
    </p>
   </div>
   <div class='ocr_carea' id='block_1_22' title="bbox 345 2184 2014 2257">
    <p class='ocr_par' dir='ltr' id='par_1_22' title="bbox 345 2184 2014 2257">
     <span class='ocr_line' id='line_1_22' title="bbox 345 2184 2014 2257; baseline -0.001 -18"><span class='ocrx_word' id='word_1_146' title='bbox 345 2184 725 2239; x_wconf 83' lang='lat' dir='ltr'>consecravit</span> <span class='ocrx_word' id='word_1_147' title='bbox 746 2184 813 2237; x_wconf 68' lang='grc' dir='ltr'>εδ.</span> <span class='ocrx_word' id='word_1_148' title='bbox 846 2186 967 2247; x_wconf 86' lang='lat' dir='ltr'>Quo</span> <span class='ocrx_word' id='word_1_149' title='bbox 1012 2200 1164 2238; x_wconf 90' lang='lat' dir='ltr'>anno</span> <span class='ocrx_word' id='word_1_150' title='bbox 1213 2184 1267 2238; x_wconf 91' lang='lat' dir='ltr'>id</span> <span class='ocrx_word' id='word_1_151' title='bbox 1322 2184 1629 2257; x_wconf 86' lang='lat' dir='ltr'>contigerit</span> <span class='ocrx_word' id='word_1_152' title='bbox 1680 2185 1873 2257; x_wconf 86' lang='lat' dir='ltr'>gravis</span> <span class='ocrx_word' id='word_1_153' title='bbox 1924 2188 2014 2240; x_wconf 91' lang='lat' dir='ltr'>est</span> 
     </span>
    </p>
   </div>
   <div class='ocr_carea' id='block_1_23' title="bbox 342 2272 2012 2345">
    <p class='ocr_par' dir='ltr' id='par_1_23' title="bbox 342 2272 2012 2345">
     <span class='ocr_line' id='line_1_23' title="bbox 342 2272 2012 2345; baseline 0.001 -18"><span class='ocrx_word' id='word_1_154' title='bbox 342 2272 700 2339; x_wconf 83' lang='lat' dir='ltr'>difﬁcultas,</span> <span class='ocrx_word' id='word_1_155' title='bbox 735 2277 789 2327; x_wconf 91' lang='lat' dir='ltr'>et</span> <span class='ocrx_word' id='word_1_156' title='bbox 823 2278 1041 2328; x_wconf 86' lang='lat' dir='ltr'>certant</span> <span class='ocrx_word' id='word_1_157' title='bbox 1074 2273 1227 2327; x_wconf 90' lang='lat' dir='ltr'>inter</span> <span class='ocrx_word' id='word_1_158' title='bbox 1266 2289 1325 2328; x_wconf 91' lang='lat' dir='ltr'>se</span> <span class='ocrx_word' id='word_1_159' title='bbox 1368 2275 1701 2345; x_wconf 90' lang='lat' dir='ltr'>scriptores.</span> <span class='ocrx_word' id='word_1_160' title='bbox 1737 2273 2012 2337; x_wconf 88' lang='lat' dir='ltr'>Quamvis</span> 
     </span>
    </p>
   </div>
   <div class='ocr_carea' id='block_1_24' title="bbox 342 2360 2010 2434">
    <p class='ocr_par' dir='ltr' id='par_1_24' title="bbox 342 2360 2010 2434">
     <span class='ocr_line' id='line_1_24' title="bbox 342 2360 2010 2434; baseline -0.001 -18"><span class='ocrx_word' id='word_1_161' title='bbox 342 2368 621 2416; x_wconf 86' lang='lat' dir='ltr'>nostrum</span> <span class='ocrx_word' id='word_1_162' title='bbox 651 2378 765 2415; x_wconf 90' lang='lat' dir='ltr'>non</span> <span class='ocrx_word' id='word_1_163' title='bbox 792 2360 869 2415; x_wconf 88' lang='lat' dir='ltr'>sit</span> <span class='ocrx_word' id='word_1_164' title='bbox 890 2366 1085 2416; x_wconf 90' lang='lat' dir='ltr'>tantas</span> <span class='ocrx_word' id='word_1_165' title='bbox 1109 2361 1236 2416; x_wconf 85' lang='lat' dir='ltr'>lites</span> <span class='ocrx_word' id='word_1_166' title='bbox 1257 2378 1626 2434; x_wconf 87' lang='lat' dir='ltr'>componere,</span> <span class='ocrx_word' id='word_1_167' title='bbox 1652 2363 1791 2434; x_wconf 93' lang='lat' dir='ltr'>quid</span> <span class='ocrx_word' id='word_1_168' title='bbox 1814 2368 2010 2417; x_wconf 84' lang='lat' dir='ltr'>tamen</span> 
     </span>
    </p>
   </div>
   <div class='ocr_carea' id='block_1_25' title="bbox 352 2450 2011 2522">
    <p class='ocr_par' dir='ltr' id='par_1_25' title="bbox 352 2450 2011 2522">
     <span class='ocr_line' id='line_1_25' title="bbox 352 2450 2011 2522; baseline 0.001 -18"><span class='ocrx_word' id='word_1_169' title='bbox 352 2453 682 2505; x_wconf 84' lang='lat' dir='ltr'>sentiamus</span> <span class='ocrx_word' id='word_1_170' title='bbox 716 2450 1093 2505; x_wconf 88' lang='lat' dir='ltr'>dissimulare</span> <span class='ocrx_word' id='word_1_171' title='bbox 1121 2450 1212 2505; x_wconf 79' lang='lat' dir='ltr'>lex</span> <span class='ocrx_word' id='word_1_172' title='bbox 1262 2451 1453 2522; x_wconf 89' lang='lat' dir='ltr'>operis</span> <span class='ocrx_word' id='word_1_173' title='bbox 1502 2468 1616 2506; x_wconf 92' lang='lat' dir='ltr'>non</span> <span class='ocrx_word' id='word_1_174' title='bbox 1669 2451 1855 2507; x_wconf 89' lang='lat' dir='ltr'>sinit:</span> <span class='ocrx_word' id='word_1_175' title='bbox 1909 2451 2011 2505; x_wconf 91' lang='lat' dir='ltr'>sed</span> 
     </span>
    </p>
   </div>
   <div class='ocr_carea' id='block_1_26' title="bbox 359 2540 2012 2612">
    <p class='ocr_par' dir='ltr' id='par_1_26' title="bbox 359 2540 2012 2612">
     <span class='ocr_line' id='line_1_26' title="bbox 359 2540 2012 2612; baseline 0.001 -20"><span class='ocrx_word' id='word_1_176' title='bbox 359 2540 527 2609; x_wconf 87' lang='lat' dir='ltr'>prius</span> <span class='ocrx_word' id='word_1_177' title='bbox 558 2540 910 2594; x_wconf 83' lang='lat' dir='ltr'>diversarum</span> <span class='ocrx_word' id='word_1_178' title='bbox 943 2540 1285 2611; x_wconf 87' lang='lat' dir='ltr'>opinionum</span> <span class='ocrx_word' id='word_1_179' title='bbox 1316 2541 1697 2612; x_wconf 87' lang='lat' dir='ltr'>expendenda</span> <span class='ocrx_word' id='word_1_180' title='bbox 1726 2545 1865 2595; x_wconf 91' lang='lat' dir='ltr'>sunt</span> <span class='ocrx_word' id='word_1_181' title='bbox 1898 2558 2012 2595; x_wconf 87' lang='lat' dir='ltr'>mo-</span> 
     </span>
    </p>
   </div>
   <div class='ocr_carea' id='block_1_27' title="bbox 364 2629 2011 2699">
    <p class='ocr_par' dir='ltr' id='par_1_27' title="bbox 364 2629 2011 2699">
     <span class='ocr_line' id='line_1_27' title="bbox 364 2629 2011 2699; baseline 0.001 -17"><span class='ocrx_word' id='word_1_182' title='bbox 364 2636 583 2683; x_wconf 87' lang='lat' dir='ltr'>menta.</span> <span class='ocrx_word' id='word_1_183' title='bbox 617 2629 997 2684; x_wconf 85' lang='lat' dir='ltr'>Doctissimus</span> <span class='ocrx_word' id='word_1_184' title='bbox 1022 2645 1087 2683; x_wconf 90' lang='lat' dir='ltr'>ac</span> <span class='ocrx_word' id='word_1_185' title='bbox 1111 2629 1413 2699; x_wconf 88' lang='lat' dir='ltr'>piissimus</span> <span class='ocrx_word' id='word_1_186' title='bbox 1435 2629 2011 2695; x_wconf 88' lang='lat' dir='ltr'>Tillemontius,cum</span> 
     </span>
    </p>
   </div>
   <div class='ocr_carea' id='block_1_28' title="bbox 352 2718 2015 2791">
    <p class='ocr_par' dir='ltr' id='par_1_28' title="bbox 352 2718 2015 2791">
     <span class='ocr_line' id='line_1_28' title="bbox 352 2718 2015 2791; baseline 0.001 -19"><span class='ocrx_word' id='word_1_187' title='bbox 352 2719 490 2772; x_wconf 84' lang='lat' dir='ltr'>aliis</span> <span class='ocrx_word' id='word_1_188' title='bbox 523 2718 807 2789; x_wconf 84' lang='lat' dir='ltr'>pluribus,</span> <span class='ocrx_word' id='word_1_189' title='bbox 844 2718 1187 2791; x_wconf 85' lang='lat' dir='ltr'>Gregorium</span> <span class='ocrx_word' id='word_1_190' title='bbox 1220 2735 1324 2774; x_wconf 90' lang='lat' dir='ltr'>nec</span> <span class='ocrx_word' id='word_1_191' title='bbox 1356 2719 1527 2775; x_wconf 88' lang='lat' dir='ltr'>citius</span> <span class='ocrx_word' id='word_1_192' title='bbox 1560 2735 1665 2774; x_wconf 90' lang='lat' dir='ltr'>nec</span> <span class='ocrx_word' id='word_1_193' title='bbox 1695 2720 1886 2775; x_wconf 86' lang='lat' dir='ltr'>serius</span> <span class='ocrx_word' id='word_1_194' title='bbox 1916 2736 2015 2773; x_wconf 87' lang='lat' dir='ltr'>an-</span> 
     </span>
    </p>
   </div>
   <div class='ocr_carea' id='block_1_29' title="bbox 353 2807 2017 2864">
    <p class='ocr_par' dir='ltr' id='par_1_29' title="bbox 353 2807 2017 2864">
     <span class='ocr_line' id='line_1_29' title="bbox 353 2807 2017 2864; baseline 0 -3"><span class='ocrx_word' id='word_1_195' title='bbox 353 2825 430 2861; x_wconf 91' lang='lat' dir='ltr'>no</span> <span class='ocrx_word' id='word_1_196' title='bbox 465 2814 550 2862; x_wconf 85' lang='lat' dir='ltr'>ter</span> <span class='ocrx_word' id='word_1_197' title='bbox 579 2809 903 2863; x_wconf 88' lang='lat' dir='ltr'>centesimo</span> <span class='ocrx_word' id='word_1_198' title='bbox 928 2808 1203 2863; x_wconf 91' lang='lat' dir='ltr'>vicesimo</span> <span class='ocrx_word' id='word_1_199' title='bbox 1234 2825 1387 2864; x_wconf 88' lang='lat' dir='ltr'>nono</span> <span class='ocrx_word' id='word_1_200' title='bbox 1421 2813 1628 2864; x_wconf 88' lang='lat' dir='ltr'>natum</span> <span class='ocrx_word' id='word_1_201' title='bbox 1660 2824 1789 2864; x_wconf 89' lang='lat' dir='ltr'>esse</span> <span class='ocrx_word' id='word_1_202' title='bbox 1810 2807 2017 2864; x_wconf 89' lang='lat' dir='ltr'>statuit</span> 
     </span>
    </p>
   </div>
   <div class='ocr_carea' id='block_1_30' title="bbox 352 2895 2013 2969">
    <p class='ocr_par' dir='ltr' id='par_1_30' title="bbox 352 2895 2013 2969">
     <span class='ocr_line' id='line_1_30' title="bbox 352 2895 2013 2969; baseline 0.001 -19"><span class='ocrx_word' id='word_1_203' title='bbox 352 2914 419 2950; x_wconf 73' lang='lat' dir='ltr'>cx</span> <span class='ocrx_word' id='word_1_204' title='bbox 450 2895 723 2966; x_wconf 84' lang='lat' dir='ltr'>pluribus</span> <span class='ocrx_word' id='word_1_205' title='bbox 753 2896 1011 2965; x_wconf 80' lang='lat' dir='ltr'>Gregorii</span> <span class='ocrx_word' id='word_1_206' title='bbox 1052 2896 1239 2969; x_wconf 89' lang='lat' dir='ltr'>ipsius</span> <span class='ocrx_word' id='word_1_207' title='bbox 1276 2898 1488 2968; x_wconf 88' lang='lat' dir='ltr'>verbis,</span> <span class='ocrx_word' id='word_1_208' title='bbox 1536 2914 1652 2969; x_wconf 90' lang='lat' dir='ltr'>quo</span> <span class='ocrx_word' id='word_1_209' title='bbox 1704 2902 1857 2954; x_wconf 90' lang='lat' dir='ltr'>certe</span> <span class='ocrx_word' id='word_1_210' title='bbox 1898 2913 2013 2953; x_wconf 89' lang='lat' dir='ltr'>non</span> 
     </span>
    </p>
   </div>
   <div class='ocr_carea' id='block_1_31' title="bbox 354 2986 2014 3059">
    <p class='ocr_par' dir='ltr' id='par_1_31' title="bbox 354 2986 2014 3059">
     <span class='ocr_line' id='line_1_31' title="bbox 354 2986 2014 3059; baseline 0.002 -20"><span class='ocrx_word' id='word_1_211' title='bbox 354 2998 437 3039; x_wconf 58' lang='lat' dir='ltr'>est</span> <span class='ocrx_word' id='word_1_212' title='bbox 471 2987 622 3040; x_wconf 83' lang='lat' dir='ltr'>alius</span> <span class='ocrx_word' id='word_1_213' title='bbox 651 2986 843 3041; x_wconf 82' lang='lat' dir='ltr'>astatis</span> <span class='ocrx_word' id='word_1_214' title='bbox 874 3002 990 3040; x_wconf 69' lang='lat' dir='ltr'>suae</span> <span class='ocrx_word' id='word_1_215' title='bbox 1014 2986 1179 3041; x_wconf 89' lang='lat' dir='ltr'>testis</span> <span class='ocrx_word' id='word_1_216' title='bbox 1202 2986 1563 3059; x_wconf 89' lang='lat' dir='ltr'>locupletior.</span> <span class='ocrx_word' id='word_1_217' title='bbox 1591 2987 1884 3043; x_wconf 88' lang='lat' dir='ltr'>Palmaria</span> <span class='ocrx_word' id='word_1_218' title='bbox 1903 2988 2014 3043; x_wconf 88' lang='lat' dir='ltr'>im-</span> 
     </span>
    </p>
   </div>
   <div class='ocr_carea' id='block_1_32' title="bbox 357 3074 2010 3147">
    <p class='ocr_par' dir='ltr' id='par_1_32' title="bbox 357 3074 2010 3147">
     <span class='ocr_line' id='line_1_32' title="bbox 357 3074 2010 3147; baseline 0.003 -20"><span class='ocrx_word' id='word_1_219' title='bbox 357 3075 557 3145; x_wconf 85' lang='lat' dir='ltr'>primis</span> <span class='ocrx_word' id='word_1_220' title='bbox 588 3074 865 3128; x_wconf 88' lang='lat' dir='ltr'>videntur</span> <span class='ocrx_word' id='word_1_221' title='bbox 886 3074 1007 3129; x_wconf 68' lang='lat' dir='ltr'>haec</span> <span class='ocrx_word' id='word_1_222' title='bbox 1037 3074 1296 3147; x_wconf 85' lang='lat' dir='ltr'>Gregorii</span> <span class='ocrx_word' id='word_1_223' title='bbox 1330 3077 1516 3146; x_wconf 87' lang='lat' dir='ltr'>patris</span> <span class='ocrx_word' id='word_1_224' title='bbox 1536 3077 1710 3131; x_wconf 90' lang='lat' dir='ltr'>verba</span> <span class='ocrx_word' id='word_1_225' title='bbox 1732 3076 1915 3131; x_wconf 83' lang='lat' dir='ltr'>filium</span> <span class='ocrx_word' id='word_1_226' title='bbox 1940 3078 2010 3132; x_wconf 89' lang='lat' dir='ltr'>ad</span> 
     </span>
    </p>
   </div>
   <div class='ocr_carea' id='block_1_33' title="bbox 355 3164 2008 3238">
    <p class='ocr_par' dir='ltr' id='par_1_33' title="bbox 355 3164 2008 3238">
     <span class='ocr_line' id='line_1_33' title="bbox 355 3164 2008 3238; baseline 0.002 -20"><span class='ocrx_word' id='word_1_227' title='bbox 355 3164 802 3235; x_wconf 87' lang='lat' dir='ltr'>suscipiendum</span> <span class='ocrx_word' id='word_1_228' title='bbox 847 3180 1060 3219; x_wconf 89' lang='lat' dir='ltr'>munus</span> <span class='ocrx_word' id='word_1_229' title='bbox 1092 3164 1465 3235; x_wconf 90' lang='lat' dir='ltr'>pastoritium</span> <span class='ocrx_word' id='word_1_230' title='bbox 1496 3164 1852 3236; x_wconf 88' lang='lat' dir='ltr'>impellentis</span> <span class='ocrx_word' id='word_1_231' title='bbox 1883 3166 1960 3238; x_wconf 78' lang='grc' dir='ltr'>(ὸ)</span> <span class='ocrx_word' id='word_1_232' title='bbox 1996 3182 2008 3222; x_wconf 91' lang='lat'><strong>:</strong></span> 
     </span>
    </p>
   </div>
   <div class='ocr_carea' id='block_1_34' title="bbox 414 3266 1491 3345">
    <p class='ocr_par' dir='ltr' id='par_1_34' title="bbox 414 3266 1491 3345">
     <span class='ocr_line' id='line_1_34' title="bbox 414 3266 1491 3345; baseline 0.001 -22"><span class='ocrx_word' id='word_1_233' title='bbox 414 3266 587 3323; x_wconf 52' lang='grc' dir='ltr'>Οὔπω</span> <span class='ocrx_word' id='word_1_234' title='bbox 617 3272 873 3345; x_wconf 61' lang='grc' dir='ltr'>ῖοσρῐξτον</span> <span class='ocrx_word' id='word_1_235' title='bbox 909 3266 1327 3345; x_wconf 38' lang='grc' dir='ltr'>ἐκμεμίὲτρῃκας-</span> <span class='ocrx_word' id='word_1_236' title='bbox 1353 3268 1491 3345; x_wconf 77' lang='grc' dir='ltr'>βίον,</span> 
     </span>
    </p>
   </div>
   <div class='ocr_carea' id='block_1_35' title="bbox 416 3339 1447 3417">
    <p class='ocr_par' dir='ltr' id='par_1_35' title="bbox 416 3339 1447 3417">
     <span class='ocr_line' id='line_1_35' title="bbox 416 3339 1447 3417; baseline 0.004 -23"><span class='ocrx_word' id='word_1_237' title='bbox 416 3345 589 3402; x_wconf 64' lang='lat' dir='ltr'>&quot;Oa-oc</span> <span class='ocrx_word' id='word_1_238' title='bbox 622 3339 814 3410; x_wconf 75' lang='grc' dir='ltr'><strong>διῆλθε</strong></span> <span class='ocrx_word' id='word_1_239' title='bbox 844 3339 1193 3413; x_wconf 38' lang='grc' dir='ltr'>Θυσιῶν-ἐμὸί</span> <span class='ocrx_word' id='word_1_240' title='bbox 1223 3339 1447 3417; x_wconf 67' lang='grc' dir='ltr'>χρόνος.</span> 
     </span>
    </p>
   </div>
   <div class='ocr_carea' id='block_1_36' title="bbox 416 3432 1583 3505">
    <p class='ocr_par' dir='ltr' id='par_1_36' title="bbox 416 3432 1583 3505">
     <span class='ocr_line' id='line_1_36' title="bbox 416 3432 1583 3505; baseline 0.001 -18"><span class='ocrx_word' id='word_1_241' title='bbox 416 3432 677 3487; x_wconf 83' lang='lat' dir='ltr'>Nondum</span> <span class='ocrx_word' id='word_1_242' title='bbox 710 3438 782 3486; x_wconf 84' lang='lat' dir='ltr'>tot</span> <span class='ocrx_word' id='word_1_243' title='bbox 811 3448 985 3487; x_wconf 86' lang='lat' dir='ltr'>annos</span> <span class='ocrx_word' id='word_1_244' title='bbox 1013 3434 1125 3487; x_wconf 84' lang='lat' dir='ltr'>vita</span> <span class='ocrx_word' id='word_1_245' title='bbox 1149 3435 1436 3505; x_wconf 75' lang='lat' dir='ltr'>percurrit</span> <span class='ocrx_word' id='word_1_246' title='bbox 1466 3442 1583 3503; x_wconf 85' lang='lat' dir='ltr'>tua,</span> 
     </span>
    </p>
   </div>
   <div class='ocr_carea' id='block_1_37' title="bbox 420 3505 1795 3575">
    <p class='ocr_par' dir='ltr' id='par_1_37' title="bbox 420 3505 1795 3575">
     <span class='ocr_line' id='line_1_37' title="bbox 420 3505 1795 3575; baseline 0.004 -18"><span class='ocrx_word' id='word_1_247' title='bbox 420 3505 567 3572; x_wconf 82' lang='lat' dir='ltr'>Quot</span> <span class='ocrx_word' id='word_1_248' title='bbox 596 3506 676 3559; x_wconf 85' lang='lat' dir='ltr'>mi</span> <span class='ocrx_word' id='word_1_249' title='bbox 708 3505 767 3557; x_wconf 87' lang='lat' dir='ltr'>in</span> <span class='ocrx_word' id='word_1_250' title='bbox 793 3506 964 3559; x_wconf 84' lang='lat' dir='ltr'>sacris</span> <span class='ocrx_word' id='word_1_251' title='bbox 987 3505 1111 3575; x_wconf 87' lang='lat' dir='ltr'>jam</span> <span class='ocrx_word' id='word_1_252' title='bbox 1140 3510 1268 3560; x_wconf 86' lang='lat' dir='ltr'>sunt</span> <span class='ocrx_word' id='word_1_253' title='bbox 1294 3510 1510 3575; x_wconf 76' lang='lat' dir='ltr'>peracti</span> <span class='ocrx_word' id='word_1_254' title='bbox 1538 3508 1795 3562; x_wconf 70' lang='lat' dir='ltr'>victimis.</span> 
     </span>
    </p>
   </div>
   <div class='ocr_carea' id='block_1_38' title="bbox 348 3613 2011 3689">
    <p class='ocr_par' dir='ltr' id='par_1_38' title="bbox 348 3613 2011 3689">
     <span class='ocr_line' id='line_1_38' title="bbox 348 3613 2011 3689; baseline 0.002 -20"><span class='ocrx_word' id='word_1_255' title='bbox 348 3615 453 3669; x_wconf 81' lang='lat' dir='ltr'>llis</span> <span class='ocrx_word' id='word_1_256' title='bbox 485 3614 727 3669; x_wconf 88' lang='lat' dir='ltr'>duobus</span> <span class='ocrx_word' id='word_1_257' title='bbox 756 3613 1059 3669; x_wconf 89' lang='lat' dir='ltr'>versiculis</span> <span class='ocrx_word' id='word_1_258' title='bbox 1103 3614 1480 3671; x_wconf 76' lang='lat' dir='ltr'>manifestum</span> <span class='ocrx_word' id='word_1_259' title='bbox 1531 3619 1621 3672; x_wconf 91' lang='lat' dir='ltr'>est</span> <span class='ocrx_word' id='word_1_260' title='bbox 1666 3617 2011 3689; x_wconf 88' lang='lat' dir='ltr'>Gregorium</span> 
     </span>
    </p>
   </div>
   <div class='ocr_carea' id='block_1_39' title="bbox 350 3703 2013 3779">
    <p class='ocr_par' dir='ltr' id='par_1_39' title="bbox 350 3703 2013 3779">
     <span class='ocr_line' id='line_1_39' title="bbox 350 3703 2013 3779; baseline 0.002 -22"><span class='ocrx_word' id='word_1_261' title='bbox 350 3703 788 3758; x_wconf 65' lang='lat' dir='ltr'>Nazianzenum</span> <span class='ocrx_word' id='word_1_262' title='bbox 822 3708 1023 3759; x_wconf 89' lang='lat' dir='ltr'>natum</span> <span class='ocrx_word' id='word_1_263' title='bbox 1056 3719 1203 3770; x_wconf 91' lang='lat' dir='ltr'>esse,</span> <span class='ocrx_word' id='word_1_264' title='bbox 1229 3721 1361 3759; x_wconf 91' lang='lat' dir='ltr'>cum</span> <span class='ocrx_word' id='word_1_265' title='bbox 1387 3705 1513 3774; x_wconf 89' lang='lat' dir='ltr'>jam</span> <span class='ocrx_word' id='word_1_266' title='bbox 1547 3705 1661 3761; x_wconf 91' lang='lat' dir='ltr'>Deo</span> <span class='ocrx_word' id='word_1_267' title='bbox 1689 3707 1817 3777; x_wconf 87' lang='lat' dir='ltr'>ejus</span> <span class='ocrx_word' id='word_1_268' title='bbox 1849 3711 2013 3779; x_wconf 86' lang='lat' dir='ltr'>pater</span> 
     </span>
    </p>
   </div>
   <div class='ocr_carea' id='block_1_40' title="bbox 354 3792 2010 3859">
    <p class='ocr_par' dir='ltr' id='par_1_40' title="bbox 354 3792 2010 3859">
     <span class='ocr_line' id='line_1_40' title="bbox 354 3792 2010 3859; baseline 0.004 -14"><span class='ocrx_word' id='word_1_269' title='bbox 354 3794 625 3848; x_wconf 80' lang='lat' dir='ltr'>victimas</span> <span class='ocrx_word' id='word_1_270' title='bbox 681 3792 912 3848; x_wconf 75' lang='lat' dir='ltr'>offerret</span> <span class='ocrx_word' id='word_1_271' title='bbox 952 3810 965 3859; x_wconf 89' lang='lat'><strong>;</strong></span> <span class='ocrx_word' id='word_1_272' title='bbox 1018 3792 1139 3849; x_wconf 89' lang='lat' dir='ltr'>sive</span> <span class='ocrx_word' id='word_1_273' title='bbox 1181 3793 1449 3849; x_wconf 89' lang='lat' dir='ltr'>victimas</span> <span class='ocrx_word' id='word_1_274' title='bbox 1507 3811 1605 3849; x_wconf 89' lang='lat' dir='ltr'>cas</span> <span class='ocrx_word' id='word_1_275' title='bbox 1654 3795 2010 3852; x_wconf 88' lang='lat' dir='ltr'>intellexeris</span> 
     </span>
    </p>
   </div>
   <div class='ocr_carea' id='block_1_41' title="bbox 359 3882 2011 3955">
    <p class='ocr_par' dir='ltr' id='par_1_41' title="bbox 359 3882 2011 3955">
     <span class='ocr_line' id='line_1_41' title="bbox 359 3882 2011 3955; baseline 0.002 -19"><span class='ocrx_word' id='word_1_276' title='bbox 359 3898 506 3953; x_wconf 84' lang='lat' dir='ltr'>quas</span> <span class='ocrx_word' id='word_1_277' title='bbox 538 3882 788 3954; x_wconf 85' lang='lat' dir='ltr'>quilibet</span> <span class='ocrx_word' id='word_1_278' title='bbox 818 3882 1183 3938; x_wconf 88' lang='lat' dir='ltr'>Christianus</span> <span class='ocrx_word' id='word_1_279' title='bbox 1215 3899 1283 3938; x_wconf 85' lang='lat' dir='ltr'>ex</span> <span class='ocrx_word' id='word_1_280' title='bbox 1315 3884 1487 3938; x_wconf 90' lang='lat' dir='ltr'>corde</span> <span class='ocrx_word' id='word_1_281' title='bbox 1517 3900 1661 3955; x_wconf 90' lang='lat' dir='ltr'>puro</span> <span class='ocrx_word' id='word_1_282' title='bbox 1684 3885 1868 3952; x_wconf 78' lang='lat' dir='ltr'>oﬂ‘ert,</span> <span class='ocrx_word' id='word_1_283' title='bbox 1890 3886 2011 3940; x_wconf 89' lang='lat' dir='ltr'>sive</span> 
     </span>
    </p>
   </div>
   <div class='ocr_carea' id='block_1_42' title="bbox 355 3970 2010 4047">
    <p class='ocr_par' dir='ltr' id='par_1_42' title="bbox 355 3970 2010 4047">
     <span class='ocr_line' id='line_1_42' title="bbox 355 3970 2010 4047; baseline 0.004 -22"><span class='ocrx_word' id='word_1_284' title='bbox 355 3988 503 4041; x_wconf 87' lang='lat' dir='ltr'>quas</span> <span class='ocrx_word' id='word_1_285' title='bbox 533 3970 723 4027; x_wconf 88' lang='lat' dir='ltr'>solius</span> <span class='ocrx_word' id='word_1_286' title='bbox 743 3977 831 4027; x_wconf 88' lang='lat' dir='ltr'>est</span> <span class='ocrx_word' id='word_1_287' title='bbox 855 3971 1175 4027; x_wconf 86' lang='lat' dir='ltr'>sacerdotis</span> <span class='ocrx_word' id='word_1_288' title='bbox 1204 3977 1306 4027; x_wconf 89' lang='lat' dir='ltr'>aut</span> <span class='ocrx_word' id='word_1_289' title='bbox 1330 3973 1611 4046; x_wconf 88' lang='lat' dir='ltr'>episcopi,</span> <span class='ocrx_word' id='word_1_290' title='bbox 1644 3977 1709 4029; x_wconf 93' lang='lat' dir='ltr'>ut</span> <span class='ocrx_word' id='word_1_291' title='bbox 1729 3974 2010 4047; x_wconf 87' lang='lat' dir='ltr'>ministri,</span> 
     </span>
    </p>
   </div>
   <div class='ocr_carea' id='block_1_43' title="bbox 361 4060 2010 4134">
    <p class='ocr_par' dir='ltr' id='par_1_43' title="bbox 361 4060 2010 4134">
     <span class='ocr_line' id='line_1_43' title="bbox 361 4060 2010 4134; baseline 0.005 -22"><span class='ocrx_word' id='word_1_292' title='bbox 361 4060 584 4115; x_wconf 65' lang='lat' dir='ltr'>offerre.</span> <span class='ocrx_word' id='word_1_293' title='bbox 617 4062 760 4117; x_wconf 93' lang='lat' dir='ltr'>Cum</span> <span class='ocrx_word' id='word_1_294' title='bbox 793 4066 986 4116; x_wconf 86' lang='lat' dir='ltr'>autem</span> <span class='ocrx_word' id='word_1_295' title='bbox 1013 4062 1329 4134; x_wconf 89' lang='lat' dir='ltr'>Gregorius</span> <span class='ocrx_word' id='word_1_296' title='bbox 1362 4079 1477 4117; x_wconf 88' lang='lat' dir='ltr'>non</span> <span class='ocrx_word' id='word_1_297' title='bbox 1506 4068 1641 4118; x_wconf 90' lang='lat' dir='ltr'>ante</span> <span class='ocrx_word' id='word_1_298' title='bbox 1662 4080 1883 4120; x_wconf 89' lang='lat' dir='ltr'>annum</span> <span class='ocrx_word' id='word_1_299' title='bbox 1904 4066 2010 4121; x_wconf 88' lang='lat'>328</span> 
     </span>
    </p>
   </div>
   <div class='ocr_carea' id='block_1_44' title="bbox 364 4153 2012 4225">
    <p class='ocr_par' dir='ltr' id='par_1_44' title="bbox 364 4153 2012 4225">
     <span class='ocr_line' id='line_1_44' title="bbox 364 4153 2012 4225; baseline 0.004 -20"><span class='ocrx_word' id='word_1_300' title='bbox 364 4156 592 4206; x_wconf 88' lang='lat' dir='ltr'>creatus</span> <span class='ocrx_word' id='word_1_301' title='bbox 634 4154 713 4207; x_wconf 90' lang='lat' dir='ltr'>sit</span> <span class='ocrx_word' id='word_1_302' title='bbox 755 4154 1024 4208; x_wconf 90' lang='lat' dir='ltr'>sacerdos</span> <span class='ocrx_word' id='word_1_303' title='bbox 1078 4157 1136 4208; x_wconf 91' lang='lat' dir='ltr'>et</span> <span class='ocrx_word' id='word_1_304' title='bbox 1182 4153 1516 4225; x_wconf 90' lang='lat' dir='ltr'>episcopus,</span> <span class='ocrx_word' id='word_1_305' title='bbox 1558 4170 1797 4211; x_wconf 90' lang='lat' dir='ltr'>necesse</span> <span class='ocrx_word' id='word_1_306' title='bbox 1829 4160 1918 4212; x_wconf 91' lang='lat' dir='ltr'>est</span> <span class='ocrx_word' id='word_1_307' title='bbox 1946 4160 2012 4212; x_wconf 86' lang='lat' dir='ltr'>ut</span> 
     </span>
    </p>
   </div>
   <div class='ocr_carea' id='block_1_45' title="bbox 353 4241 2009 4315">
    <p class='ocr_par' dir='ltr' id='par_1_45' title="bbox 353 4241 2009 4315">
     <span class='ocr_line' id='line_1_45' title="bbox 353 4241 2009 4315; baseline 0.004 -20"><span class='ocrx_word' id='word_1_308' title='bbox 353 4241 667 4312; x_wconf 84' lang='lat' dir='ltr'>Gregorius</span> <span class='ocrx_word' id='word_1_309' title='bbox 700 4241 877 4297; x_wconf 91' lang='lat' dir='ltr'>Filius</span> <span class='ocrx_word' id='word_1_310' title='bbox 907 4258 974 4297; x_wconf 84' lang='lat' dir='ltr'>ex</span> <span class='ocrx_word' id='word_1_311' title='bbox 996 4245 1157 4313; x_wconf 90' lang='lat' dir='ltr'>patre</span> <span class='ocrx_word' id='word_1_312' title='bbox 1180 4242 1451 4315; x_wconf 90' lang='lat' dir='ltr'>episcopo</span> <span class='ocrx_word' id='word_1_313' title='bbox 1478 4243 1555 4299; x_wconf 87' lang='lat' dir='ltr'>sit</span> <span class='ocrx_word' id='word_1_314' title='bbox 1579 4249 1937 4315; x_wconf 86' lang='lat' dir='ltr'>procreatus,</span> <span class='ocrx_word' id='word_1_315' title='bbox 1960 4245 2009 4301; x_wconf 93' lang='lat' dir='ltr'>si</span> 
     </span>
    </p>
   </div>
   <div class='ocr_carea' id='block_1_46' title="bbox 344 4329 2008 4404">
    <p class='ocr_par' dir='ltr' id='par_1_46' title="bbox 344 4329 2008 4404">
     <span class='ocr_line' id='line_1_46' title="bbox 344 4329 2008 4404; baseline 0.004 -21"><span class='ocrx_word' id='word_1_316' title='bbox 344 4329 624 4384; x_wconf 82' lang='lat' dir='ltr'>victimas</span> <span class='ocrx_word' id='word_1_317' title='bbox 653 4347 799 4402; x_wconf 88' lang='lat' dir='ltr'>quas</span> <span class='ocrx_word' id='word_1_318' title='bbox 829 4330 1058 4399; x_wconf 89' lang='lat' dir='ltr'>obtulit,</span> <span class='ocrx_word' id='word_1_319' title='bbox 1092 4330 1435 4402; x_wconf 86' lang='lat' dir='ltr'>priusquam</span> <span class='ocrx_word' id='word_1_320' title='bbox 1468 4338 1809 4388; x_wconf 90' lang='lat' dir='ltr'>nasceretur</span> <span class='ocrx_word' id='word_1_321' title='bbox 1832 4334 2008 4404; x_wconf 85' lang='lat' dir='ltr'>filius,</span> 
     </span>
    </p>
   </div>
   <div class='ocr_carea' id='block_1_47' title="bbox 343 4419 2011 4491">
    <p class='ocr_par' dir='ltr' id='par_1_47' title="bbox 343 4419 2011 4491">
     <span class='ocr_line' id='line_1_47' title="bbox 343 4419 2011 4491; baseline 0.004 -17"><span class='ocrx_word' id='word_1_322' title='bbox 343 4436 447 4475; x_wconf 81' lang='lat' dir='ltr'>eas</span> <span class='ocrx_word' id='word_1_323' title='bbox 478 4434 613 4474; x_wconf 87' lang='lat' dir='ltr'>esse</span> <span class='ocrx_word' id='word_1_324' title='bbox 641 4419 975 4487; x_wconf 82' lang='lat' dir='ltr'>credideris,</span> <span class='ocrx_word' id='word_1_325' title='bbox 1009 4436 1157 4491; x_wconf 89' lang='lat' dir='ltr'>quas</span> <span class='ocrx_word' id='word_1_326' title='bbox 1188 4420 1295 4475; x_wconf 91' lang='lat' dir='ltr'>soli</span> <span class='ocrx_word' id='word_1_327' title='bbox 1327 4421 1613 4476; x_wconf 88' lang='lat' dir='ltr'>sacerdoti</span> <span class='ocrx_word' id='word_1_328' title='bbox 1636 4422 2011 4479; x_wconf 75' lang='lat' dir='ltr'>oti&#39;errecom-</span> 
     </span>
    </p>
   </div>
   <div class='ocr_carea' id='block_1_48' title="bbox 353 4509 2010 4585">
    <p class='ocr_par' dir='ltr' id='par_1_48' title="bbox 353 4509 2010 4585">
     <span class='ocr_line' id='line_1_48' title="bbox 353 4509 2010 4585; baseline 0.004 -22"><span class='ocrx_word' id='word_1_329' title='bbox 353 4510 515 4578; x_wconf 86' lang='lat' dir='ltr'>petit,</span> <span class='ocrx_word' id='word_1_330' title='bbox 549 4509 812 4579; x_wconf 88' lang='lat' dir='ltr'>adeoque</span> <span class='ocrx_word' id='word_1_331' title='bbox 840 4526 953 4565; x_wconf 90' lang='lat' dir='ltr'>non</span> <span class='ocrx_word' id='word_1_332' title='bbox 988 4513 1122 4564; x_wconf 88' lang='lat' dir='ltr'>ante</span> <span class='ocrx_word' id='word_1_333' title='bbox 1170 4527 1393 4565; x_wconf 91' lang='lat' dir='ltr'>annum</span> <span class='ocrx_word' id='word_1_334' title='bbox 1432 4512 1539 4565; x_wconf 84' lang='lat'>328</span> <span class='ocrx_word' id='word_1_335' title='bbox 1591 4516 1693 4567; x_wconf 87' lang='lat' dir='ltr'>aut</span> <span class='ocrx_word' id='word_1_336' title='bbox 1740 4513 1867 4582; x_wconf 91' lang='lat'>329,</span> <span class='ocrx_word' id='word_1_337' title='bbox 1897 4530 2010 4585; x_wconf 89' lang='lat' dir='ltr'>quo</span> 
     </span>
    </p>
   </div>
   <div class='ocr_carea' id='block_1_49' title="bbox 357 4598 1068 4670">
    <p class='ocr_par' dir='ltr' id='par_1_49' title="bbox 357 4598 1068 4670">
     <span class='ocr_line' id='line_1_49' title="bbox 357 4598 1068 4670; baseline 0.006 -21"><span class='ocrx_word' id='word_1_338' title='bbox 357 4603 583 4653; x_wconf 82' lang='lat' dir='ltr'>creatus</span> <span class='ocrx_word' id='word_1_339' title='bbox 618 4604 708 4653; x_wconf 89' lang='lat' dir='ltr'>est</span> <span class='ocrx_word' id='word_1_340' title='bbox 734 4598 1068 4670; x_wconf 85' lang='lat' dir='ltr'>episcOpus.</span> 
     </span>
    </p>
   </div>
   <div class='ocr_carea' id='block_1_50' title="bbox 2110 644 3770 720">
    <p class='ocr_par' dir='ltr' id='par_1_50' title="bbox 2110 644 3770 720">
     <span class='ocr_line' id='line_1_50' title="bbox 2110 644 3770 720; baseline -0.001 -17"><span class='ocrx_word' id='word_1_341' title='bbox 2110 650 2284 704; x_wconf 92' lang='lat' dir='ltr'>verba</span> <span class='ocrx_word' id='word_1_342' title='bbox 2316 652 2511 704; x_wconf 69' lang='lat' dir='ltr'>Graeca</span> <span class='ocrx_word' id='word_1_343' title='bbox 2542 647 2709 703; x_wconf 91' lang='lat' dir='ltr'>aliter</span> <span class='ocrx_word' id='word_1_344' title='bbox 2739 646 3083 720; x_wconf 82' lang='lat' dir='ltr'>intelligere,</span> <span class='ocrx_word' id='word_1_345' title='bbox 3118 663 3189 703; x_wconf 90' lang='lat' dir='ltr'>ne</span> <span class='ocrx_word' id='word_1_346' title='bbox 3220 644 3308 701; x_wconf 91' lang='lat' dir='ltr'>vel</span> <span class='ocrx_word' id='word_1_347' title='bbox 3340 644 3576 717; x_wconf 90' lang='lat' dir='ltr'>ipsimet</span> <span class='ocrx_word' id='word_1_348' title='bbox 3595 645 3770 718; x_wconf 86' lang='lat' dir='ltr'>Pape-</span> 
     </span>
    </p>
   </div>
   <div class='ocr_carea' id='block_1_51' title="bbox 2112 734 3770 810">
    <p class='ocr_par' dir='ltr' id='par_1_51' title="bbox 2112 734 3770 810">
     <span class='ocr_line' id='line_1_51' title="bbox 2112 734 3770 810; baseline -0.002 -17"><span class='ocrx_word' id='word_1_349' title='bbox 2112 737 2350 793; x_wconf 90' lang='lat' dir='ltr'>brochio</span> <span class='ocrx_word' id='word_1_350' title='bbox 2384 737 2663 809; x_wconf 90' lang='lat' dir='ltr'>possibile</span> <span class='ocrx_word' id='word_1_351' title='bbox 2693 743 2781 793; x_wconf 91' lang='lat' dir='ltr'>est</span> <span class='ocrx_word' id='word_1_352' title='bbox 2804 738 2927 810; x_wconf 86' lang='lat' dir='ltr'>(d);</span> <span class='ocrx_word' id='word_1_353' title='bbox 2964 737 3179 809; x_wconf 83' lang='lat' dir='ltr'>quippe</span> <span class='ocrx_word' id='word_1_354' title='bbox 3198 736 3295 808; x_wconf 91' lang='lat' dir='ltr'>qui</span> <span class='ocrx_word' id='word_1_355' title='bbox 3322 734 3488 791; x_wconf 90' lang='lat' dir='ltr'>aliter</span> <span class='ocrx_word' id='word_1_356' title='bbox 3508 752 3575 791; x_wconf 89' lang='lat' dir='ltr'>ea</span> <span class='ocrx_word' id='word_1_357' title='bbox 3598 734 3770 790; x_wconf 89' lang='lat' dir='ltr'>inter-</span> 
     </span>
    </p>
   </div>
   <div class='ocr_carea' id='block_1_52' title="bbox 2114 824 3772 900">
    <p class='ocr_par' dir='ltr' id='par_1_52' title="bbox 2114 824 3772 900">
     <span class='ocr_line' id='line_1_52' title="bbox 2114 824 3772 900; baseline -0.001 -19"><span class='ocrx_word' id='word_1_358' title='bbox 2114 828 2327 900; x_wconf 81' lang='lat' dir='ltr'>pretari</span> <span class='ocrx_word' id='word_1_359' title='bbox 2359 828 2586 899; x_wconf 89' lang='lat' dir='ltr'>nequit,</span> <span class='ocrx_word' id='word_1_360' title='bbox 2612 827 2723 883; x_wconf 90' lang='lat' dir='ltr'>nisi</span> <span class='ocrx_word' id='word_1_361' title='bbox 2754 828 3037 883; x_wconf 88' lang='lat' dir='ltr'>mutando</span> <span class='ocrx_word' id='word_1_362' title='bbox 3072 826 3328 898; x_wconf 85' lang='lat' dir='ltr'>Gregorii</span> <span class='ocrx_word' id='word_1_363' title='bbox 3364 827 3537 881; x_wconf 88' lang='lat' dir='ltr'>verba</span> <span class='ocrx_word' id='word_1_364' title='bbox 3576 824 3772 881; x_wconf 73' lang='lat' dir='ltr'>Graeca</span> 
     </span>
    </p>
   </div>
   <div class='ocr_carea' id='block_1_53' title="bbox 2112 915 3769 988">
    <p class='ocr_par' dir='ltr' id='par_1_53' title="bbox 2112 915 3769 988">
     <span class='ocr_line' id='line_1_53' title="bbox 2112 915 3769 988; baseline -0.002 -15"><span class='ocrx_word' id='word_1_365' title='bbox 2112 918 2353 973; x_wconf 87' lang='lat' dir='ltr'>arbitrio</span> <span class='ocrx_word' id='word_1_366' title='bbox 2375 933 2505 984; x_wconf 90' lang='lat' dir='ltr'>suo,</span> <span class='ocrx_word' id='word_1_367' title='bbox 2530 916 2750 972; x_wconf 90' lang='lat' dir='ltr'>nullius</span> <span class='ocrx_word' id='word_1_368' title='bbox 2779 915 3341 988; x_wconf 87' lang='lat' dir='ltr'>scriptoris,nullius</span> <span class='ocrx_word' id='word_1_369' title='bbox 3360 915 3575 971; x_wconf 87' lang='lat' dir='ltr'>codicis</span> <span class='ocrx_word' id='word_1_370' title='bbox 3595 930 3769 969; x_wconf 88' lang='lat' dir='ltr'>manu</span> 
     </span>
    </p>
   </div>
   <div class='ocr_carea' id='block_1_54' title="bbox 2111 1002 3772 1075">
    <p class='ocr_par' dir='ltr' id='par_1_54' title="bbox 2111 1002 3772 1075">
     <span class='ocr_line' id='line_1_54' title="bbox 2111 1002 3772 1075; baseline -0.003 -13"><span class='ocrx_word' id='word_1_371' title='bbox 2111 1006 2328 1062; x_wconf 82' lang='lat' dir='ltr'>exarati</span> <span class='ocrx_word' id='word_1_372' title='bbox 2365 1006 2725 1061; x_wconf 88' lang='lat' dir='ltr'>auctoritate.</span> <span class='ocrx_word' id='word_1_373' title='bbox 2771 1007 2933 1072; x_wconf 88' lang='lat' dir='ltr'>Quod</span> <span class='ocrx_word' id='word_1_374' title='bbox 2986 1005 3203 1060; x_wconf 91' lang='lat' dir='ltr'>mirum</span> <span class='ocrx_word' id='word_1_375' title='bbox 3254 1003 3434 1060; x_wconf 89' lang='lat' dir='ltr'>videri</span> <span class='ocrx_word' id='word_1_376' title='bbox 3476 1003 3663 1075; x_wconf 88' lang='lat' dir='ltr'>possit</span> <span class='ocrx_word' id='word_1_377' title='bbox 3712 1002 3772 1057; x_wconf 91' lang='lat' dir='ltr'>in</span> 
     </span>
    </p>
   </div>
   <div class='ocr_carea' id='block_1_55' title="bbox 2111 1092 3769 1167">
    <p class='ocr_par' dir='ltr' id='par_1_55' title="bbox 2111 1092 3769 1167">
     <span class='ocr_line' id='line_1_55' title="bbox 2111 1092 3769 1167; baseline -0.001 -17"><span class='ocrx_word' id='word_1_378' title='bbox 2111 1094 2255 1161; x_wconf 92' lang='lat' dir='ltr'>viro,</span> <span class='ocrx_word' id='word_1_379' title='bbox 2289 1096 2387 1166; x_wconf 93' lang='lat' dir='ltr'>qui</span> <span class='ocrx_word' id='word_1_380' title='bbox 2431 1095 2501 1150; x_wconf 88' lang='lat' dir='ltr'>de</span> <span class='ocrx_word' id='word_1_381' title='bbox 2538 1095 2909 1151; x_wconf 89' lang='lat' dir='ltr'>versionibus</span> <span class='ocrx_word' id='word_1_382' title='bbox 2960 1094 3311 1167; x_wconf 84' lang='lat' dir='ltr'>expostulat,</span> <span class='ocrx_word' id='word_1_383' title='bbox 3366 1098 3541 1165; x_wconf 89' lang='lat' dir='ltr'>atque</span> <span class='ocrx_word' id='word_1_384' title='bbox 3590 1092 3769 1149; x_wconf 88' lang='lat' dir='ltr'>inter-</span> 
     </span>
    </p>
   </div>
   <div class='ocr_carea' id='block_1_56' title="bbox 2113 1182 3774 1256">
    <p class='ocr_par' dir='ltr' id='par_1_56' title="bbox 2113 1182 3774 1256">
     <span class='ocr_line' id='line_1_56' title="bbox 2113 1182 3774 1256; baseline 0.001 -18"><span class='ocrx_word' id='word_1_385' title='bbox 2113 1188 2307 1256; x_wconf 86' lang='lat' dir='ltr'>pretes</span> <span class='ocrx_word' id='word_1_386' title='bbox 2359 1184 2599 1239; x_wconf 89' lang='lat' dir='ltr'>minime</span> <span class='ocrx_word' id='word_1_387' title='bbox 2652 1184 2912 1240; x_wconf 89' lang='lat' dir='ltr'>curiosos</span> <span class='ocrx_word' id='word_1_388' title='bbox 2967 1184 3168 1255; x_wconf 78' lang='lat' dir='ltr'>fuisse,</span> <span class='ocrx_word' id='word_1_389' title='bbox 3222 1184 3320 1240; x_wconf 91' lang='lat' dir='ltr'>ubi</span> <span class='ocrx_word' id='word_1_390' title='bbox 3373 1200 3471 1239; x_wconf 89' lang='lat' dir='ltr'>eos</span> <span class='ocrx_word' id='word_1_391' title='bbox 3524 1182 3774 1240; x_wconf 79' lang='lat' dir='ltr'>maxime</span> 
     </span>
    </p>
   </div>
   <div class='ocr_carea' id='block_1_57' title="bbox 2112 1273 3435 1347">
    <p class='ocr_par' dir='ltr' id='par_1_57' title="bbox 2112 1273 3435 1347">
     <span class='ocr_line' id='line_1_57' title="bbox 2112 1273 3435 1347; baseline -0.002 -16"><span class='ocrx_word' id='word_1_392' title='bbox 2112 1274 2493 1345; x_wconf 86' lang='lat' dir='ltr'>scrupulosos</span> <span class='ocrx_word' id='word_1_393' title='bbox 2524 1291 2651 1330; x_wconf 86' lang='lat' dir='ltr'>esse</span> <span class='ocrx_word' id='word_1_394' title='bbox 2684 1273 3097 1347; x_wconf 87' lang='lat' dir='ltr'>opportuisset,</span> <span class='ocrx_word' id='word_1_395' title='bbox 3124 1273 3388 1329; x_wconf 88' lang='lat' dir='ltr'>ciamitat</span> <span class='ocrx_word' id='word_1_396' title='bbox 3407 1273 3435 1328; x_wconf 87' lang='lat'><strong>?</strong></span> 
     </span>
    </p>
   </div>
   <div class='ocr_carea' id='block_1_58' title="bbox 2185 1359 3671 1435">
    <p class='ocr_par' dir='ltr' id='par_1_58' title="bbox 2185 1359 3671 1435">
     <span class='ocr_line' id='line_1_58' title="bbox 2185 1359 3671 1435; baseline 0.001 -20"><span class='ocrx_word' id='word_1_397' title='bbox 2185 1361 2521 1433; x_wconf 74' lang='lat' dir='ltr'>Legendum</span> <span class='ocrx_word' id='word_1_398' title='bbox 2552 1360 2733 1433; x_wconf 88' lang='lat' dir='ltr'>igitur</span> <span class='ocrx_word' id='word_1_399' title='bbox 2762 1359 2992 1429; x_wconf 79' lang='grc' dir='ltr'>ἐτησίων</span> <span class='ocrx_word' id='word_1_400' title='bbox 3024 1380 3129 1435; x_wconf 90' lang='lat' dir='ltr'>pro</span> <span class='ocrx_word' id='word_1_401' title='bbox 3159 1361 3354 1415; x_wconf 78' lang='grc' dir='ltr'>θυσιῶν</span> <span class='ocrx_word' id='word_1_402' title='bbox 3387 1360 3624 1433; x_wconf 84' lang='lat' dir='ltr'>conjicit</span> <span class='ocrx_word' id='word_1_403' title='bbox 3658 1378 3671 1417; x_wconf 86' lang='lat'><strong>:</strong></span> 
     </span>
    </p>
   </div>
   <div class='ocr_carea' id='block_1_59' title="bbox 2184 1446 3229 1527">
    <p class='ocr_par' dir='ltr' id='par_1_59' title="bbox 2184 1446 3229 1527">
     <span class='ocr_line' id='line_1_59' title="bbox 2184 1446 3229 1527; baseline 0.004 -26"><span class='ocrx_word' id='word_1_404' title='bbox 2184 1450 2345 1527; x_wconf 65' lang='lat' dir='ltr'>&quot;Ceo;</span> <span class='ocrx_word' id='word_1_405' title='bbox 2380 1446 2559 1527; x_wconf 77' lang='grc' dir='ltr'>διῆλθ’</span> <span class='ocrx_word' id='word_1_406' title='bbox 2593 1448 2823 1516; x_wconf 76' lang='grc' dir='ltr'>ἐτησίων</span> <span class='ocrx_word' id='word_1_407' title='bbox 2852 1449 2974 1527; x_wconf 68' lang='grc' dir='ltr'>ἐμοὶ</span> <span class='ocrx_word' id='word_1_408' title='bbox 3008 1449 3229 1527; x_wconf 72' lang='grc' dir='ltr'>χρόνος.</span> 
     </span>
    </p>
   </div>
   <div class='ocr_carea' id='block_1_60' title="bbox 2190 1523 3350 1595">
    <p class='ocr_par' dir='ltr' id='par_1_60' title="bbox 2190 1523 3350 1595">
     <span class='ocr_line' id='line_1_60' title="bbox 2190 1523 3350 1595; baseline 0.001 -19"><span class='ocrx_word' id='word_1_409' title='bbox 2190 1523 2344 1590; x_wconf 79' lang='lat' dir='ltr'>Quod</span> <span class='ocrx_word' id='word_1_410' title='bbox 2374 1524 2672 1578; x_wconf 77' lang='lat' dir='ltr'>etesiarum</span> <span class='ocrx_word' id='word_1_411' title='bbox 2703 1526 2924 1579; x_wconf 79' lang='lat' dir='ltr'>transiit</span> <span class='ocrx_word' id='word_1_412' title='bbox 2956 1523 3164 1595; x_wconf 58' lang='lat' dir='ltr'>tempus</span> <span class='ocrx_word' id='word_1_413' title='bbox 3196 1524 3350 1578; x_wconf 82' lang='lat' dir='ltr'>mihi.</span> 
     </span>
    </p>
   </div>
   <div class='ocr_carea' id='block_1_61' title="bbox 2117 1610 3771 1681">
    <p class='ocr_par' dir='ltr' id='par_1_61' title="bbox 2117 1610 3771 1681">
     <span class='ocr_line' id='line_1_61' title="bbox 2117 1610 3771 1681; baseline 0 -16"><span class='ocrx_word' id='word_1_414' title='bbox 2117 1612 2251 1677; x_wconf 76' lang='lat' dir='ltr'>Quas</span> <span class='ocrx_word' id='word_1_415' title='bbox 2282 1611 2453 1667; x_wconf 88' lang='lat' dir='ltr'>lectio</span> <span class='ocrx_word' id='word_1_416' title='bbox 2485 1612 2649 1668; x_wconf 92' lang='lat' dir='ltr'>nullo</span> <span class='ocrx_word' id='word_1_417' title='bbox 2691 1613 2899 1667; x_wconf 89' lang='lat' dir='ltr'>nititur</span> <span class='ocrx_word' id='word_1_418' title='bbox 2948 1614 3351 1681; x_wconf 81' lang='lat' dir='ltr'>fundamento,</span> <span class='ocrx_word' id='word_1_419' title='bbox 3403 1628 3507 1667; x_wconf 90' lang='lat' dir='ltr'>nec</span> <span class='ocrx_word' id='word_1_420' title='bbox 3556 1611 3675 1667; x_wconf 91' lang='lat' dir='ltr'>ulla</span> <span class='ocrx_word' id='word_1_421' title='bbox 3722 1610 3771 1665; x_wconf 91' lang='lat' dir='ltr'>ei</span> 
     </span>
    </p>
   </div>
   <div class='ocr_carea' id='block_1_62' title="bbox 2117 1703 3774 1777">
    <p class='ocr_par' dir='ltr' id='par_1_62' title="bbox 2117 1703 3774 1777">
     <span class='ocr_line' id='line_1_62' title="bbox 2117 1703 3774 1777; baseline -0.001 -19"><span class='ocrx_word' id='word_1_422' title='bbox 2117 1704 2322 1758; x_wconf 88' lang='lat' dir='ltr'>subest</span> <span class='ocrx_word' id='word_1_423' title='bbox 2353 1704 2528 1759; x_wconf 83' lang='lat' dir='ltr'>notio.</span> <span class='ocrx_word' id='word_1_424' title='bbox 2562 1704 2701 1767; x_wconf 89' lang='lat' dir='ltr'>Quis</span> <span class='ocrx_word' id='word_1_425' title='bbox 2730 1704 2887 1760; x_wconf 89' lang='lat' dir='ltr'>enim</span> <span class='ocrx_word' id='word_1_426' title='bbox 2932 1705 3129 1760; x_wconf 87' lang='lat' dir='ltr'>credat</span> <span class='ocrx_word' id='word_1_427' title='bbox 3172 1703 3513 1777; x_wconf 87' lang='lat' dir='ltr'>Gregorium</span> <span class='ocrx_word' id='word_1_428' title='bbox 3549 1708 3774 1777; x_wconf 87' lang='lat' dir='ltr'>patrem</span> 
     </span>
    </p>
   </div>
   <div class='ocr_carea' id='block_1_63' title="bbox 2118 1791 3777 1864">
    <p class='ocr_par' dir='ltr' id='par_1_63' title="bbox 2118 1791 3777 1864">
     <span class='ocr_line' id='line_1_63' title="bbox 2118 1791 3777 1864; baseline 0 -16"><span class='ocrx_word' id='word_1_429' title='bbox 2118 1791 2449 1864; x_wconf 81' lang='lat' dir='ltr'>significare</span> <span class='ocrx_word' id='word_1_430' title='bbox 2478 1793 2755 1860; x_wconf 91' lang='lat' dir='ltr'>voluisse,</span> <span class='ocrx_word' id='word_1_431' title='bbox 2790 1795 3055 1850; x_wconf 89' lang='lat' dir='ltr'>nondum</span> <span class='ocrx_word' id='word_1_432' title='bbox 3086 1798 3171 1850; x_wconf 89' lang='lat' dir='ltr'>tot</span> <span class='ocrx_word' id='word_1_433' title='bbox 3202 1811 3387 1849; x_wconf 88' lang='lat' dir='ltr'>annos</span> <span class='ocrx_word' id='word_1_434' title='bbox 3410 1794 3623 1849; x_wconf 76' lang='lat' dir='ltr'>vixisse</span> <span class='ocrx_word' id='word_1_435' title='bbox 3645 1792 3777 1848; x_wconf 90' lang='lat' dir='ltr'>Gre-</span> 
     </span>
    </p>
   </div>
   <div class='ocr_carea' id='block_1_64' title="bbox 2118 1881 3778 1956">
    <p class='ocr_par' dir='ltr' id='par_1_64' title="bbox 2118 1881 3778 1956">
     <span class='ocr_line' id='line_1_64' title="bbox 2118 1881 3778 1956; baseline 0.001 -21"><span class='ocrx_word' id='word_1_436' title='bbox 2118 1881 2347 1953; x_wconf 90' lang='lat' dir='ltr'>gorium</span> <span class='ocrx_word' id='word_1_437' title='bbox 2386 1882 2592 1950; x_wconf 84' lang='lat' dir='ltr'>ﬁlium,</span> <span class='ocrx_word' id='word_1_438' title='bbox 2628 1888 2771 1955; x_wconf 90' lang='lat' dir='ltr'>quot</span> <span class='ocrx_word' id='word_1_439' title='bbox 2803 1884 2929 1956; x_wconf 88' lang='lat' dir='ltr'>ipse</span> <span class='ocrx_word' id='word_1_440' title='bbox 2949 1883 3199 1939; x_wconf 84' lang='lat' dir='ltr'>vixerit?</span> <span class='ocrx_word' id='word_1_441' title='bbox 3232 1883 3378 1941; x_wconf 88' lang='lat' dir='ltr'>Nam</span> <span class='ocrx_word' id='word_1_442' title='bbox 3404 1882 3486 1937; x_wconf 89' lang='lat' dir='ltr'>sic</span> <span class='ocrx_word' id='word_1_443' title='bbox 3530 1884 3653 1955; x_wconf 90' lang='lat' dir='ltr'>ipse</span> <span class='ocrx_word' id='word_1_444' title='bbox 3684 1883 3778 1936; x_wconf 86' lang='lat' dir='ltr'>in-</span> 
     </span>
    </p>
   </div>
   <div class='ocr_carea' id='block_1_65' title="bbox 2119 1972 2989 2045">
    <p class='ocr_par' dir='ltr' id='par_1_65' title="bbox 2119 1972 2989 2045">
     <span class='ocr_line' id='line_1_65' title="bbox 2119 1972 2989 2045; baseline 0.003 -21"><span class='ocrx_word' id='word_1_445' title='bbox 2119 1974 2383 2042; x_wconf 84' lang='lat' dir='ltr'>pretatur</span> <span class='ocrx_word' id='word_1_446' title='bbox 2414 1972 2845 2044; x_wconf 87' lang='lat' dir='ltr'>Papebrochius</span> <span class='ocrx_word' id='word_1_447' title='bbox 2878 1972 2989 2045; x_wconf 89' lang='lat' dir='ltr'>(e):</span> 
     </span>
    </p>
   </div>
   <div class='ocr_carea' id='block_1_66' title="bbox 2192 2060 3459 2199">
    <p class='ocr_par' dir='ltr' id='par_1_66' title="bbox 2192 2060 3459 2199">
     <span class='ocr_line' id='line_1_66' title="bbox 2192 2060 3459 2199; baseline 0.005 -88"><span class='ocrx_word' id='word_1_448' title='bbox 2192 2060 2351 2199; x_wconf 53' lang='lat' dir='ltr'>alita;</span> <span class='ocrx_word' id='word_1_449' title='bbox 2377 2064 2599 2185; x_wconf 48' lang='lat' dir='ltr'>piracta</span> <span class='ocrx_word' id='word_1_450' title='bbox 2630 2064 2742 2115; x_wconf 86' lang='lat' dir='ltr'>tam</span> <span class='ocrx_word' id='word_1_451' title='bbox 2772 2062 2934 2132; x_wconf 88' lang='lat' dir='ltr'>longa</span> <span class='ocrx_word' id='word_1_452' title='bbox 2960 2060 3202 2117; x_wconf 84' lang='lat' dir='ltr'>nondum</span> <span class='ocrx_word' id='word_1_453' title='bbox 3233 2068 3312 2117; x_wconf 84' lang='lat' dir='ltr'>est</span> <span class='ocrx_word' id='word_1_454' title='bbox 3334 2063 3459 2131; x_wconf 84' lang='lat' dir='ltr'>tibi,</span> 
     </span>
     <span class='ocr_line' id='line_1_67' title="bbox 2240 2147 2493 2197; baseline 0.004 -12"><span class='ocrx_word' id='word_1_455' title='bbox 2240 2147 2306 2186; x_wconf 88' lang='lat' dir='ltr'>uo</span> <span class='ocrx_word' id='word_1_456' title='bbox 2338 2174 2350 2197; x_wconf 94' lang='lat'>,</span> <span class='ocrx_word' id='word_1_457' title='bbox 2384 2148 2411 2184; x_wconf 89' lang='lat' dir='ltr'>e</span> <span class='ocrx_word' id='word_1_458' title='bbox 2445 2149 2493 2186; x_wconf 93' lang='lat' dir='ltr'>c.</span> 
     </span>
    </p>
   </div>
   <div class='ocr_carea' id='block_1_67' title="bbox 2240 2147 2493 2197">
    <p class='ocr_par' dir='ltr' id='par_1_67' title="bbox 2240 2147 2493 2197">
     <span class='ocr_line' id='line_1_68' title="bbox 2240 2147 2493 2197; baseline 0.004 -12"><span class='ocrx_word' id='word_1_459' title='bbox 2240 2147 2350 2197; x_wconf 66' lang='lat' dir='ltr'>uos,</span> <span class='ocrx_word' id='word_1_460' title='bbox 2384 2147 2493 2186; x_wconf 82' lang='lat' dir='ltr'>etc.</span> 
     </span>
    </p>
   </div>
   <div class='ocr_carea' id='block_1_68' title="bbox 2120 2220 3787 2293">
    <p class='ocr_par' dir='ltr' id='par_1_68' title="bbox 2120 2220 3787 2293">
     <span class='ocr_line' id='line_1_69' title="bbox 2120 2220 3787 2293; baseline 0.002 -20"><span class='ocrx_word' id='word_1_461' title='bbox 2120 2220 2227 2273; x_wconf 87' lang='lat' dir='ltr'>Sed</span> <span class='ocrx_word' id='word_1_462' title='bbox 2262 2220 2641 2276; x_wconf 88' lang='lat' dir='ltr'>correctionis</span> <span class='ocrx_word' id='word_1_463' title='bbox 2670 2238 2787 2276; x_wconf 65' lang='lat' dir='ltr'>suae</span> <span class='ocrx_word' id='word_1_464' title='bbox 2822 2244 2850 2273; x_wconf 87' lang='grc'><em>‹‹</em></span> <span class='ocrx_word' id='word_1_465' title='bbox 2881 2222 3199 2293; x_wconf 90' lang='lat' dir='ltr'>licentiam,</span> <span class='ocrx_word' id='word_1_466' title='bbox 3234 2244 3261 2273; x_wconf 82' lang='lat'><strong>»</strong></span> <span class='ocrx_word' id='word_1_467' title='bbox 3322 2222 3407 2277; x_wconf 91' lang='lat' dir='ltr'>sic</span> <span class='ocrx_word' id='word_1_468' title='bbox 3454 2222 3611 2276; x_wconf 92' lang='lat' dir='ltr'>enim</span> <span class='ocrx_word' id='word_1_469' title='bbox 3659 2221 3787 2293; x_wconf 90' lang='lat' dir='ltr'>ipse</span> 
     </span>
    </p>
   </div>
   <div class='ocr_carea' id='block_1_69' title="bbox 2121 2308 3788 2382">
    <p class='ocr_par' dir='ltr' id='par_1_69' title="bbox 2121 2308 3788 2382">
     <span class='ocr_line' id='line_1_70' title="bbox 2121 2308 3788 2382; baseline 0.002 -20"><span class='ocrx_word' id='word_1_470' title='bbox 2121 2308 2398 2380; x_wconf 86' lang='lat' dir='ltr'>appellat,</span> <span class='ocrx_word' id='word_1_471' title='bbox 2431 2311 2666 2382; x_wconf 89' lang='lat' dir='ltr'>agnovit</span> <span class='ocrx_word' id='word_1_472' title='bbox 2696 2316 2935 2382; x_wconf 91' lang='lat' dir='ltr'>postea;</span> <span class='ocrx_word' id='word_1_473' title='bbox 2984 2313 3288 2367; x_wconf 90' lang='lat' dir='ltr'>confessus</span> <span class='ocrx_word' id='word_1_474' title='bbox 3337 2316 3428 2367; x_wconf 90' lang='lat' dir='ltr'>est</span> <span class='ocrx_word' id='word_1_475' title='bbox 3471 2311 3647 2366; x_wconf 89' lang='lat' dir='ltr'>etiam</span> <span class='ocrx_word' id='word_1_476' title='bbox 3698 2310 3788 2365; x_wconf 90' lang='lat' dir='ltr'>vir</span> 
     </span>
    </p>
   </div>
   <div class='ocr_carea' id='block_1_70' title="bbox 2122 2398 3781 2472">
    <p class='ocr_par' dir='ltr' id='par_1_70' title="bbox 2122 2398 3781 2472">
     <span class='ocr_line' id='line_1_71' title="bbox 2122 2398 3781 2472; baseline 0 -19"><span class='ocrx_word' id='word_1_477' title='bbox 2122 2398 2409 2453; x_wconf 85' lang='lat' dir='ltr'>candidus</span> <span class='ocrx_word' id='word_1_478' title='bbox 2440 2416 2568 2454; x_wconf 90' lang='lat' dir='ltr'>eam</span> <span class='ocrx_word' id='word_1_479' title='bbox 2612 2400 2834 2455; x_wconf 89' lang='lat' dir='ltr'>nullius</span> <span class='ocrx_word' id='word_1_480' title='bbox 2876 2401 3260 2472; x_wconf 89' lang='lat' dir='ltr'>manuscripti</span> <span class='ocrx_word' id='word_1_481' title='bbox 3293 2401 3637 2456; x_wconf 89' lang='lat' dir='ltr'>auctoritate</span> <span class='ocrx_word' id='word_1_482' title='bbox 3670 2400 3781 2454; x_wconf 80' lang='lat' dir='ltr'>ful-</span> 
     </span>
    </p>
   </div>
   <div class='ocr_carea' id='block_1_71' title="bbox 2122 2486 3780 2559">
    <p class='ocr_par' dir='ltr' id='par_1_71' title="bbox 2122 2486 3780 2559">
     <span class='ocr_line' id='line_1_72' title="bbox 2122 2486 3780 2559; baseline 0.002 -18"><span class='ocrx_word' id='word_1_483' title='bbox 2122 2486 2248 2552; x_wconf 90' lang='lat' dir='ltr'>ciri,</span> <span class='ocrx_word' id='word_1_484' title='bbox 2282 2503 2347 2541; x_wconf 92' lang='lat' dir='ltr'>ac</span> <span class='ocrx_word' id='word_1_485' title='bbox 2377 2488 2615 2542; x_wconf 91' lang='lat' dir='ltr'>demum</span> <span class='ocrx_word' id='word_1_486' title='bbox 2648 2489 2941 2559; x_wconf 88' lang='lat' dir='ltr'>pollicitus</span> <span class='ocrx_word' id='word_1_487' title='bbox 2974 2490 3125 2545; x_wconf 89' lang='lat' dir='ltr'>banc</span> <span class='ocrx_word' id='word_1_488' title='bbox 3146 2507 3209 2546; x_wconf 90' lang='lat' dir='ltr'>se</span> <span class='ocrx_word' id='word_1_489' title='bbox 3232 2490 3482 2545; x_wconf 88' lang='lat' dir='ltr'>libenter</span> <span class='ocrx_word' id='word_1_490' title='bbox 3502 2488 3780 2544; x_wconf 75' lang='lat' dir='ltr'>dimissu-</span> 
     </span>
    </p>
   </div>
   <div class='ocr_carea' id='block_1_72' title="bbox 2122 2576 3781 2651">
    <p class='ocr_par' dir='ltr' id='par_1_72' title="bbox 2122 2576 3781 2651">
     <span class='ocr_line' id='line_1_73' title="bbox 2122 2576 3781 2651; baseline 0.001 -22"><span class='ocrx_word' id='word_1_491' title='bbox 2122 2592 2278 2641; x_wconf 85' lang='lat' dir='ltr'>rum,</span> <span class='ocrx_word' id='word_1_492' title='bbox 2309 2593 2444 2630; x_wconf 90' lang='lat' dir='ltr'>cum</span> <span class='ocrx_word' id='word_1_493' title='bbox 2477 2576 2562 2631; x_wconf 93' lang='lat' dir='ltr'>vel</span> <span class='ocrx_word' id='word_1_494' title='bbox 2594 2577 2771 2633; x_wconf 86' lang='lat' dir='ltr'>aliam</span> <span class='ocrx_word' id='word_1_495' title='bbox 2795 2580 2983 2651; x_wconf 88' lang='lat' dir='ltr'>magis</span> <span class='ocrx_word' id='word_1_496' title='bbox 3008 2580 3311 2633; x_wconf 79' lang='lat' dir='ltr'>fundatam</span> <span class='ocrx_word' id='word_1_497' title='bbox 3332 2582 3668 2648; x_wconf 87' lang='lat' dir='ltr'>certamque</span> <span class='ocrx_word' id='word_1_498' title='bbox 3689 2576 3781 2631; x_wconf 90' lang='lat' dir='ltr'>in-</span> 
     </span>
    </p>
   </div>
   <div class='ocr_carea' id='block_1_73' title="bbox 2122 2664 3782 2738">
    <p class='ocr_par' dir='ltr' id='par_1_73' title="bbox 2122 2664 3782 2738">
     <span class='ocr_line' id='line_1_74' title="bbox 2122 2664 3782 2738; baseline 0.002 -21"><span class='ocrx_word' id='word_1_499' title='bbox 2122 2664 2341 2719; x_wconf 84' lang='lat' dir='ltr'>venerit</span> <span class='ocrx_word' id='word_1_500' title='bbox 2374 2665 2692 2736; x_wconf 87' lang='lat' dir='ltr'>quispiam,</span> <span class='ocrx_word' id='word_1_501' title='bbox 2741 2666 2832 2721; x_wconf 91' lang='lat' dir='ltr'>vel</span> <span class='ocrx_word' id='word_1_502' title='bbox 2887 2666 3238 2738; x_wconf 85' lang='lat' dir='ltr'>explicandas</span> <span class='ocrx_word' id='word_1_503' title='bbox 3278 2667 3559 2737; x_wconf 87' lang='lat' dir='ltr'>phraseos</span> <span class='ocrx_word' id='word_1_504' title='bbox 3608 2666 3782 2721; x_wconf 90' lang='lat' dir='ltr'>istius</span> 
     </span>
    </p>
   </div>
   <div class='ocr_carea' id='block_1_74' title="bbox 2122 2754 3779 2828">
    <p class='ocr_par' dir='ltr' id='par_1_74' title="bbox 2122 2754 3779 2828">
     <span class='ocr_line' id='line_1_75' title="bbox 2122 2754 3779 2828; baseline 0.002 -21"><span class='ocrx_word' id='word_1_505' title='bbox 2122 2754 2411 2809; x_wconf 88' lang='lat' dir='ltr'>rationem</span> <span class='ocrx_word' id='word_1_506' title='bbox 2443 2754 2751 2825; x_wconf 88' lang='lat' dir='ltr'>aptiorem.</span> <span class='ocrx_word' id='word_1_507' title='bbox 2771 2754 2959 2811; x_wconf 88' lang='lat' dir='ltr'>Aliam</span> <span class='ocrx_word' id='word_1_508' title='bbox 2981 2756 3108 2828; x_wconf 90' lang='lat' dir='ltr'>ipse</span> <span class='ocrx_word' id='word_1_509' title='bbox 3132 2755 3560 2827; x_wconf 89' lang='lat' dir='ltr'>Papebrochius</span> <span class='ocrx_word' id='word_1_510' title='bbox 3581 2754 3779 2810; x_wconf 85' lang='lat' dir='ltr'>lectio-</span> 
     </span>
    </p>
   </div>
   <div class='ocr_carea' id='block_1_75' title="bbox 2125 2842 3782 2916">
    <p class='ocr_par' dir='ltr' id='par_1_75' title="bbox 2125 2842 3782 2916">
     <span class='ocr_line' id='line_1_76' title="bbox 2125 2842 3782 2916; baseline 0.001 -19"><span class='ocrx_word' id='word_1_511' title='bbox 2125 2858 2259 2897; x_wconf 90' lang='lat' dir='ltr'>nem</span> <span class='ocrx_word' id='word_1_512' title='bbox 2292 2842 2514 2897; x_wconf 89' lang='lat' dir='ltr'>invenit</span> <span class='ocrx_word' id='word_1_513' title='bbox 2541 2843 2643 2916; x_wconf 81' lang='lat' dir='ltr'>(f),</span> <span class='ocrx_word' id='word_1_514' title='bbox 2675 2861 2778 2899; x_wconf 91' lang='lat' dir='ltr'>seu</span> <span class='ocrx_word' id='word_1_515' title='bbox 2807 2846 3001 2916; x_wconf 89' lang='lat' dir='ltr'>potius</span> <span class='ocrx_word' id='word_1_516' title='bbox 3033 2846 3201 2900; x_wconf 81' lang='lat' dir='ltr'>ﬁnxit</span> <span class='ocrx_word' id='word_1_517' title='bbox 3222 2869 3234 2911; x_wconf 87' lang='lat'><strong>;</strong></span> <span class='ocrx_word' id='word_1_518' title='bbox 3259 2846 3429 2915; x_wconf 89' lang='lat' dir='ltr'>cujus</span> <span class='ocrx_word' id='word_1_519' title='bbox 3451 2861 3566 2899; x_wconf 88' lang='lat' dir='ltr'>non</span> <span class='ocrx_word' id='word_1_520' title='bbox 3593 2844 3782 2915; x_wconf 88' lang='lat' dir='ltr'>major</span> 
     </span>
    </p>
   </div>
   <div class='ocr_carea' id='block_1_76' title="bbox 2125 2933 3780 3006">
    <p class='ocr_par' dir='ltr' id='par_1_76' title="bbox 2125 2933 3780 3006">
     <span class='ocr_line' id='line_1_77' title="bbox 2125 2933 3780 3006; baseline 0.002 -20"><span class='ocrx_word' id='word_1_521' title='bbox 2125 2948 2305 3003; x_wconf 90' lang='lat' dir='ltr'>quam</span> <span class='ocrx_word' id='word_1_522' title='bbox 2340 2933 2549 3002; x_wconf 86' lang='lat' dir='ltr'>prioris</span> <span class='ocrx_word' id='word_1_523' title='bbox 2603 2934 2921 2988; x_wconf 87' lang='lat' dir='ltr'>auctoritas</span> <span class='ocrx_word' id='word_1_524' title='bbox 2957 2951 3085 2989; x_wconf 81' lang='lat' dir='ltr'>esse</span> <span class='ocrx_word' id='word_1_525' title='bbox 3116 2939 3326 3006; x_wconf 88' lang='lat' dir='ltr'>potest,</span> <span class='ocrx_word' id='word_1_526' title='bbox 3374 2949 3509 2988; x_wconf 89' lang='lat' dir='ltr'>cum</span> <span class='ocrx_word' id='word_1_527' title='bbox 3555 2933 3780 2989; x_wconf 90' lang='lat' dir='ltr'>nullius</span> 
     </span>
    </p>
   </div>
   <div class='ocr_carea' id='block_1_77' title="bbox 2122 3019 3781 3094">
    <p class='ocr_par' dir='ltr' id='par_1_77' title="bbox 2122 3019 3781 3094">
     <span class='ocr_line' id='line_1_78' title="bbox 2122 3019 3781 3094; baseline 0.001 -19"><span class='ocrx_word' id='word_1_528' title='bbox 2122 3019 2253 3093; x_wconf 84' lang='lat' dir='ltr'>ipsa</span> <span class='ocrx_word' id='word_1_529' title='bbox 2302 3020 2519 3075; x_wconf 88' lang='lat' dir='ltr'>codicis</span> <span class='ocrx_word' id='word_1_530' title='bbox 2559 3024 2902 3077; x_wconf 84' lang='lat' dir='ltr'>auctoritate</span> <span class='ocrx_word' id='word_1_531' title='bbox 2946 3024 3224 3079; x_wconf 81' lang='lat' dir='ltr'>fulciatur</span> <span class='ocrx_word' id='word_1_532' title='bbox 3256 3040 3269 3089; x_wconf 90' lang='lat'><strong>;</strong></span> <span class='ocrx_word' id='word_1_533' title='bbox 3320 3029 3377 3078; x_wconf 89' lang='lat' dir='ltr'>et</span> <span class='ocrx_word' id='word_1_534' title='bbox 3413 3040 3536 3094; x_wconf 66' lang='lat' dir='ltr'>qua:</span> <span class='ocrx_word' id='word_1_535' title='bbox 3568 3038 3695 3086; x_wconf 87' lang='lat' dir='ltr'>suo,</span> <span class='ocrx_word' id='word_1_536' title='bbox 3730 3024 3781 3078; x_wconf 89' lang='lat' dir='ltr'>si</span> 
     </span>
    </p>
   </div>
   <div class='ocr_carea' id='block_1_78' title="bbox 2123 3111 3781 3184">
    <p class='ocr_par' dir='ltr' id='par_1_78' title="bbox 2123 3111 3781 3184">
     <span class='ocr_line' id='line_1_79' title="bbox 2123 3111 3781 3184; baseline 0.001 -19"><span class='ocrx_word' id='word_1_537' title='bbox 2123 3111 2556 3181; x_wconf 83' lang='lat' dir='ltr'>admitteretur,</span> <span class='ocrx_word' id='word_1_538' title='bbox 2600 3111 2731 3182; x_wconf 89' lang='lat' dir='ltr'>plus</span> <span class='ocrx_word' id='word_1_539' title='bbox 2782 3118 3035 3178; x_wconf 87' lang='lat' dir='ltr'>noceret,</span> <span class='ocrx_word' id='word_1_540' title='bbox 3074 3129 3253 3184; x_wconf 88' lang='lat' dir='ltr'>quam</span> <span class='ocrx_word' id='word_1_541' title='bbox 3290 3114 3505 3168; x_wconf 81' lang='lat' dir='ltr'>faveret</span> <span class='ocrx_word' id='word_1_542' title='bbox 3534 3112 3781 3167; x_wconf 85' lang='lat' dir='ltr'>fabrica-</span> 
     </span>
    </p>
   </div>
   <div class='ocr_carea' id='block_1_79' title="bbox 2120 3199 3275 3274">
    <p class='ocr_par' dir='ltr' id='par_1_79' title="bbox 2120 3199 3275 3274">
     <span class='ocr_line' id='line_1_80' title="bbox 2120 3199 3275 3274; baseline 0.002 -20"><span class='ocrx_word' id='word_1_543' title='bbox 2120 3199 2233 3254; x_wconf 90' lang='lat' dir='ltr'>tori</span> <span class='ocrx_word' id='word_1_544' title='bbox 2270 3216 2282 3253; x_wconf 92' lang='lat'><strong>:</strong></span> <span class='ocrx_word' id='word_1_545' title='bbox 2316 3199 2400 3254; x_wconf 91' lang='lat' dir='ltr'>sic</span> <span class='ocrx_word' id='word_1_546' title='bbox 2431 3199 2609 3272; x_wconf 84' lang='lat' dir='ltr'>igitur</span> <span class='ocrx_word' id='word_1_547' title='bbox 2636 3200 2950 3272; x_wconf 90' lang='lat' dir='ltr'>legendum</span> <span class='ocrx_word' id='word_1_548' title='bbox 2982 3202 3275 3274; x_wconf 87' lang='lat' dir='ltr'>suggerit:</span> 
     </span>
    </p>
   </div>
   <div class='ocr_carea' id='block_1_80' title="bbox 2193 3284 3223 3365">
    <p class='ocr_par' dir='ltr' id='par_1_80' title="bbox 2193 3284 3223 3365">
     <span class='ocr_line' id='line_1_81' title="bbox 2193 3284 3223 3365; baseline 0.003 -25"><span class='ocrx_word' id='word_1_549' title='bbox 2193 3289 2352 3365; x_wconf 61' lang='lat'>&quot;9604</span> <span class='ocrx_word' id='word_1_550' title='bbox 2384 3284 2575 3356; x_wconf 82' lang='grc' dir='ltr'>διῆλθε</span> <span class='ocrx_word' id='word_1_551' title='bbox 2606 3286 2687 3350; x_wconf 81' lang='grc' dir='ltr'>δὶς</span> <span class='ocrx_word' id='word_1_552' title='bbox 2717 3288 2810 3365; x_wconf 76' lang='grc' dir='ltr'>ἰὼν</span> <span class='ocrx_word' id='word_1_553' title='bbox 2844 3290 2969 3362; x_wconf 79' lang='grc' dir='ltr'>ἐμοὶ</span> <span class='ocrx_word' id='word_1_554' title='bbox 3001 3291 3223 3365; x_wconf 85' lang='grc' dir='ltr'>χρόνος.</span> 
     </span>
    </p>
   </div>
   <div class='ocr_carea' id='block_1_81' title="bbox 2192 3361 3456 3436">
    <p class='ocr_par' dir='ltr' id='par_1_81' title="bbox 2192 3361 3456 3436">
     <span class='ocr_line' id='line_1_82' title="bbox 2192 3361 3456 3436; baseline 0.003 -22"><span class='ocrx_word' id='word_1_555' title='bbox 2192 3361 2287 3415; x_wconf 85' lang='lat' dir='ltr'>Bis</span> <span class='ocrx_word' id='word_1_556' title='bbox 2318 3367 2591 3432; x_wconf 70' lang='lat' dir='ltr'>quantum</span> <span class='ocrx_word' id='word_1_557' title='bbox 2614 3364 2790 3417; x_wconf 81' lang='lat' dir='ltr'>eundo</span> <span class='ocrx_word' id='word_1_558' title='bbox 2820 3361 3269 3436; x_wconf 60' lang='lat' dir='ltr'>labituf&#39;tempus</span> <span class='ocrx_word' id='word_1_559' title='bbox 3300 3365 3456 3419; x_wconf 86' lang='lat' dir='ltr'>mihi.</span> 
     </span>
    </p>
   </div>
   <div class='ocr_carea' id='block_1_82' title="bbox 2122 3448 3781 3518">
    <p class='ocr_par' dir='ltr' id='par_1_82' title="bbox 2122 3448 3781 3518">
     <span class='ocr_line' id='line_1_83' title="bbox 2122 3448 3781 3518; baseline 0.002 -14"><span class='ocrx_word' id='word_1_560' title='bbox 2122 3448 2319 3505; x_wconf 86' lang='lat' dir='ltr'>Satius</span> <span class='ocrx_word' id='word_1_561' title='bbox 2370 3455 2480 3518; x_wconf 89' lang='lat' dir='ltr'>est,</span> <span class='ocrx_word' id='word_1_562' title='bbox 2516 3455 2581 3505; x_wconf 91' lang='lat' dir='ltr'>ut</span> <span class='ocrx_word' id='word_1_563' title='bbox 2610 3452 2692 3506; x_wconf 86' lang='lat' dir='ltr'>ait</span> <span class='ocrx_word' id='word_1_564' title='bbox 2720 3458 2919 3507; x_wconf 87' lang='lat' dir='ltr'>noster</span> <span class='ocrx_word' id='word_1_565' title='bbox 2949 3454 3304 3508; x_wconf 89' lang='lat' dir='ltr'>Prudentius</span> <span class='ocrx_word' id='word_1_566' title='bbox 3338 3453 3537 3508; x_wconf 88' lang='lat' dir='ltr'>Maran</span> <span class='ocrx_word' id='word_1_567' title='bbox 3570 3452 3629 3507; x_wconf 90' lang='lat' dir='ltr'>in</span> <span class='ocrx_word' id='word_1_568' title='bbox 3667 3454 3781 3508; x_wconf 80' lang='lat' dir='ltr'>Vita</span> 
     </span>
    </p>
   </div>
   <div class='ocr_carea' id='block_1_83' title="bbox 2119 3541 3780 3613">
    <p class='ocr_par' dir='ltr' id='par_1_83' title="bbox 2119 3541 3780 3613">
     <span class='ocr_line' id='line_1_84' title="bbox 2119 3541 3780 3613; baseline 0.001 -18"><span class='ocrx_word' id='word_1_569' title='bbox 2119 3541 2298 3595; x_wconf 81' lang='lat' dir='ltr'>sancti</span> <span class='ocrx_word' id='word_1_570' title='bbox 2325 3541 2538 3595; x_wconf 73' lang='lat' dir='ltr'>Basilii</span> <span class='ocrx_word' id='word_1_571' title='bbox 2560 3542 2640 3613; x_wconf 90' lang='lat' dir='ltr'>(p.</span> <span class='ocrx_word' id='word_1_572' title='bbox 2672 3542 2785 3612; x_wconf 87' lang='lat'>38),</span> <span class='ocrx_word' id='word_1_573' title='bbox 2819 3564 2849 3592; x_wconf 87' lang='grc'>‹‹</span> <span class='ocrx_word' id='word_1_574' title='bbox 2884 3559 3019 3597; x_wconf 92' lang='lat' dir='ltr'>cum</span> <span class='ocrx_word' id='word_1_575' title='bbox 3055 3542 3424 3599; x_wconf 89' lang='lat' dir='ltr'>Tillemontio</span> <span class='ocrx_word' id='word_1_576' title='bbox 3456 3542 3643 3613; x_wconf 83' lang='lat' dir='ltr'>fateri,</span> <span class='ocrx_word' id='word_1_577' title='bbox 3692 3542 3780 3597; x_wconf 82' lang='lat' dir='ltr'>le-</span> 
     </span>
    </p>
   </div>
   <div class='ocr_carea' id='block_1_84' title="bbox 2120 3629 3778 3703">
    <p class='ocr_par' dir='ltr' id='par_1_84' title="bbox 2120 3629 3778 3703">
     <span class='ocr_line' id='line_1_85' title="bbox 2120 3629 3778 3703; baseline 0.001 -18"><span class='ocrx_word' id='word_1_578' title='bbox 2120 3645 2253 3702; x_wconf 87' lang='lat' dir='ltr'>gem</span> <span class='ocrx_word' id='word_1_579' title='bbox 2329 3629 2789 3686; x_wconf 87' lang='lat' dir='ltr'>ecclesiasticam</span> <span class='ocrx_word' id='word_1_580' title='bbox 2843 3633 2914 3687; x_wconf 91' lang='lat' dir='ltr'>de</span> <span class='ocrx_word' id='word_1_581' title='bbox 2961 3632 3322 3687; x_wconf 87' lang='lat' dir='ltr'>continentia</span> <span class='ocrx_word' id='word_1_582' title='bbox 3368 3633 3778 3703; x_wconf 84' lang='lat' dir='ltr'>episcoporum</span> 
     </span>
    </p>
   </div>
   <div class='ocr_carea' id='block_1_85' title="bbox 2120 3718 3775 3790">
    <p class='ocr_par' dir='ltr' id='par_1_85' title="bbox 2120 3718 3775 3790">
     <span class='ocr_line' id='line_1_86' title="bbox 2120 3718 3775 3790; baseline 0.001 -17"><span class='ocrx_word' id='word_1_583' title='bbox 2120 3720 2385 3774; x_wconf 90' lang='lat' dir='ltr'>nondum</span> <span class='ocrx_word' id='word_1_584' title='bbox 2441 3720 2501 3774; x_wconf 90' lang='lat' dir='ltr'>in</span> <span class='ocrx_word' id='word_1_585' title='bbox 2554 3718 2830 3775; x_wconf 91' lang='lat' dir='ltr'>omnibus</span> <span class='ocrx_word' id='word_1_586' title='bbox 2880 3721 3119 3776; x_wconf 91' lang='lat' dir='ltr'>omnino</span> <span class='ocrx_word' id='word_1_587' title='bbox 3178 3721 3451 3776; x_wconf 87' lang='lat' dir='ltr'>Ecclesiis</span> <span class='ocrx_word' id='word_1_588' title='bbox 3499 3721 3775 3790; x_wconf 86' lang='lat' dir='ltr'>viguisse,</span> 
     </span>
    </p>
   </div>
   <div class='ocr_carea' id='block_1_86' title="bbox 2121 3808 3783 3881">
    <p class='ocr_par' dir='ltr' id='par_1_86' title="bbox 2121 3808 3783 3881">
     <span class='ocr_line' id='line_1_87' title="bbox 2121 3808 3783 3881; baseline 0.001 -17"><span class='ocrx_word' id='word_1_589' title='bbox 2121 3824 2302 3881; x_wconf 89' lang='lat' dir='ltr'>quam</span> <span class='ocrx_word' id='word_1_590' title='bbox 2328 3808 2767 3879; x_wconf 89' lang='lat' dir='ltr'>apertissimum</span> <span class='ocrx_word' id='word_1_591' title='bbox 2799 3809 2995 3865; x_wconf 91' lang='lat' dir='ltr'>locum</span> <span class='ocrx_word' id='word_1_592' title='bbox 3012 3810 3301 3881; x_wconf 86' lang='lat' dir='ltr'>ejusmodi</span> <span class='ocrx_word' id='word_1_593' title='bbox 3322 3811 3678 3879; x_wconf 83' lang='lat' dir='ltr'>conjecturis</span> <span class='ocrx_word' id='word_1_594' title='bbox 3700 3816 3783 3865; x_wconf 89' lang='lat' dir='ltr'>at-</span> 
     </span>
    </p>
   </div>
   <div class='ocr_carea' id='block_1_87' title="bbox 2119 3897 3777 3971">
    <p class='ocr_par' dir='ltr' id='par_1_87' title="bbox 2119 3897 3777 3971">
     <span class='ocr_line' id='line_1_88' title="bbox 2119 3897 3777 3971; baseline 0 -18"><span class='ocrx_word' id='word_1_595' title='bbox 2119 3902 2363 3953; x_wconf 86' lang='lat' dir='ltr'>tentare.</span> <span class='ocrx_word' id='word_1_596' title='bbox 2386 3920 2414 3947; x_wconf 76' lang='lat'>»</span> <span class='ocrx_word' id='word_1_597' title='bbox 2446 3897 2642 3968; x_wconf 85' lang='lat' dir='ltr'>Recte,</span> <span class='ocrx_word' id='word_1_598' title='bbox 2675 3898 2725 3954; x_wconf 89' lang='lat' dir='ltr'>si</span> <span class='ocrx_word' id='word_1_599' title='bbox 2746 3900 2911 3971; x_wconf 89' lang='lat' dir='ltr'>prius</span> <span class='ocrx_word' id='word_1_600' title='bbox 2941 3899 3333 3955; x_wconf 89' lang='lat' dir='ltr'>demonstrari</span> <span class='ocrx_word' id='word_1_601' title='bbox 3365 3904 3563 3971; x_wconf 88' lang='lat' dir='ltr'>posset</span> <span class='ocrx_word' id='word_1_602' title='bbox 3590 3899 3777 3967; x_wconf 80' lang='lat' dir='ltr'>legem</span> 
     </span>
    </p>
   </div>
   <div class='ocr_carea' id='block_1_88' title="bbox 2118 3986 3777 4061">
    <p class='ocr_par' dir='ltr' id='par_1_88' title="bbox 2118 3986 3777 4061">
     <span class='ocr_line' id='line_1_89' title="bbox 2118 3986 3777 4061; baseline 0.003 -20"><span class='ocrx_word' id='word_1_603' title='bbox 2118 3986 2281 4041; x_wconf 92' lang='lat' dir='ltr'>illam</span> <span class='ocrx_word' id='word_1_604' title='bbox 2322 3986 2382 4041; x_wconf 91' lang='lat' dir='ltr'>in</span> <span class='ocrx_word' id='word_1_605' title='bbox 2413 3988 2777 4058; x_wconf 85' lang='lat' dir='ltr'>Cappadocia</span> <span class='ocrx_word' id='word_1_606' title='bbox 2827 4006 2944 4044; x_wconf 91' lang='lat' dir='ltr'>non</span> <span class='ocrx_word' id='word_1_607' title='bbox 2994 3989 3273 4061; x_wconf 88' lang='lat' dir='ltr'>viguisse,</span> <span class='ocrx_word' id='word_1_608' title='bbox 3324 3988 3481 4060; x_wconf 92' lang='lat' dir='ltr'>quod</span> <span class='ocrx_word' id='word_1_609' title='bbox 3539 3989 3777 4061; x_wconf 88' lang='lat' dir='ltr'>quidem</span> 
     </span>
    </p>
   </div>
   <div class='ocr_carea' id='block_1_89' title="bbox 2117 4076 2940 4149">
    <p class='ocr_par' dir='ltr' id='par_1_89' title="bbox 2117 4076 2940 4149">
     <span class='ocr_line' id='line_1_90' title="bbox 2117 4076 2940 4149; baseline 0.002 -18"><span class='ocrx_word' id='word_1_610' title='bbox 2117 4077 2365 4149; x_wconf 89' lang='lat' dir='ltr'>probare</span> <span class='ocrx_word' id='word_1_611' title='bbox 2402 4093 2519 4132; x_wconf 90' lang='lat' dir='ltr'>non</span> <span class='ocrx_word' id='word_1_612' title='bbox 2551 4078 2719 4133; x_wconf 85' lang='lat' dir='ltr'>facile</span> <span class='ocrx_word' id='word_1_613' title='bbox 2747 4076 2940 4134; x_wconf 87' lang='lat' dir='ltr'>fuerit.</span> 
     </span>
    </p>
   </div>
   <div class='ocr_carea' id='block_1_90' title="bbox 2191 4165 3773 4240">
    <p class='ocr_par' dir='ltr' id='par_1_90' title="bbox 2191 4165 3773 4240">
     <span class='ocr_line' id='line_1_91' title="bbox 2191 4165 3773 4240; baseline 0.002 -19"><span class='ocrx_word' id='word_1_614' title='bbox 2191 4166 2292 4222; x_wconf 84' lang='lat' dir='ltr'>Est</span> <span class='ocrx_word' id='word_1_615' title='bbox 2313 4165 2465 4222; x_wconf 91' lang='lat' dir='ltr'>alius</span> <span class='ocrx_word' id='word_1_616' title='bbox 2496 4166 2757 4240; x_wconf 88' lang='lat' dir='ltr'>Gregorii</span> <span class='ocrx_word' id='word_1_617' title='bbox 2798 4172 3012 4234; x_wconf 83' lang='lat' dir='ltr'>textus,</span> <span class='ocrx_word' id='word_1_618' title='bbox 3044 4168 3143 4238; x_wconf 90' lang='lat' dir='ltr'>qui</span> <span class='ocrx_word' id='word_1_619' title='bbox 3198 4169 3271 4223; x_wconf 89' lang='lat' dir='ltr'>ad</span> <span class='ocrx_word' id='word_1_620' title='bbox 3309 4167 3773 4225; x_wconf 80' lang='lat' dir='ltr'>conﬁrmandam</span> 
     </span>
    </p>
   </div>
   <div class='ocr_carea' id='block_1_91' title="bbox 2119 4256 3784 4328">
    <p class='ocr_par' dir='ltr' id='par_1_91' title="bbox 2119 4256 3784 4328">
     <span class='ocr_line' id='line_1_92' title="bbox 2119 4256 3784 4328; baseline 0.001 -17"><span class='ocrx_word' id='word_1_621' title='bbox 2119 4256 2475 4312; x_wconf 86' lang='lat' dir='ltr'>sententiam</span> <span class='ocrx_word' id='word_1_622' title='bbox 2507 4256 2867 4312; x_wconf 90' lang='lat' dir='ltr'>Tillemontii</span> <span class='ocrx_word' id='word_1_623' title='bbox 2898 4258 2969 4312; x_wconf 91' lang='lat' dir='ltr'>de</span> <span class='ocrx_word' id='word_1_624' title='bbox 2999 4274 3154 4312; x_wconf 90' lang='lat' dir='ltr'>anno</span> <span class='ocrx_word' id='word_1_625' title='bbox 3178 4274 3292 4328; x_wconf 90' lang='lat' dir='ltr'>quo</span> <span class='ocrx_word' id='word_1_626' title='bbox 3315 4275 3401 4314; x_wconf 81' lang='lat' dir='ltr'>Vir</span> <span class='ocrx_word' id='word_1_627' title='bbox 3422 4265 3663 4313; x_wconf 89' lang='lat' dir='ltr'>sanctus</span> <span class='ocrx_word' id='word_1_628' title='bbox 3686 4275 3784 4313; x_wconf 90' lang='lat' dir='ltr'>na-</span> 
     </span>
    </p>
   </div>
   <div class='ocr_carea' id='block_1_92' title="bbox 2118 4346 3780 4419">
    <p class='ocr_par' dir='ltr' id='par_1_92' title="bbox 2118 4346 3780 4419">
     <span class='ocr_line' id='line_1_93' title="bbox 2118 4346 3780 4419; baseline 0.001 -19"><span class='ocrx_word' id='word_1_629' title='bbox 2118 4349 2217 4402; x_wconf 88' lang='lat' dir='ltr'>tus</span> <span class='ocrx_word' id='word_1_630' title='bbox 2248 4351 2360 4412; x_wconf 90' lang='lat' dir='ltr'>est,</span> <span class='ocrx_word' id='word_1_631' title='bbox 2406 4363 2521 4402; x_wconf 88' lang='lat' dir='ltr'>non</span> <span class='ocrx_word' id='word_1_632' title='bbox 2562 4347 2763 4402; x_wconf 90' lang='lat' dir='ltr'>minus</span> <span class='ocrx_word' id='word_1_633' title='bbox 2804 4347 3050 4402; x_wconf 87' lang='lat' dir='ltr'>idoneus</span> <span class='ocrx_word' id='word_1_634' title='bbox 3097 4346 3330 4402; x_wconf 90' lang='lat' dir='ltr'>videtur</span> <span class='ocrx_word' id='word_1_635' title='bbox 3362 4364 3375 4401; x_wconf 87' lang='lat'><strong>:</strong></span> <span class='ocrx_word' id='word_1_636' title='bbox 3411 4348 3493 4403; x_wconf 87' lang='lat' dir='ltr'>ait</span> <span class='ocrx_word' id='word_1_637' title='bbox 3524 4365 3780 4419; x_wconf 88' lang='lat' dir='ltr'>namque</span> 
     </span>
    </p>
   </div>
   <div class='ocr_carea' id='block_1_93' title="bbox 2118 4435 3781 4507">
    <p class='ocr_par' dir='ltr' id='par_1_93' title="bbox 2118 4435 3781 4507">
     <span class='ocr_line' id='line_1_94' title="bbox 2118 4435 3781 4507; baseline 0.002 -18"><span class='ocrx_word' id='word_1_638' title='bbox 2118 4436 2451 4506; x_wconf 85' lang='lat' dir='ltr'>Gregorius,</span> <span class='ocrx_word' id='word_1_639' title='bbox 2485 4452 2619 4490; x_wconf 91' lang='lat' dir='ltr'>cum</span> <span class='ocrx_word' id='word_1_640' title='bbox 2654 4436 2890 4490; x_wconf 84' lang='lat' dir='ltr'>Athenis</span> <span class='ocrx_word' id='word_1_641' title='bbox 2922 4435 2979 4489; x_wconf 89' lang='lat' dir='ltr'>in</span> <span class='ocrx_word' id='word_1_642' title='bbox 2996 4436 3246 4507; x_wconf 84' lang='lat' dir='ltr'>patriam</span> <span class='ocrx_word' id='word_1_643' title='bbox 3264 4436 3518 4490; x_wconf 87' lang='lat' dir='ltr'>reditum</span> <span class='ocrx_word' id='word_1_644' title='bbox 3535 4438 3781 4507; x_wconf 89' lang='lat' dir='ltr'>parabat</span> 
     </span>
    </p>
   </div>
   <div class='ocr_carea' id='block_1_94' title="bbox 2119 4523 3776 4597">
    <p class='ocr_par' dir='ltr' id='par_1_94' title="bbox 2119 4523 3776 4597">
     <span class='ocr_line' id='line_1_95' title="bbox 2119 4523 3776 4597; baseline 0.001 -18"><span class='ocrx_word' id='word_1_645' title='bbox 2119 4540 2273 4580; x_wconf 87' lang='lat' dir='ltr'>anno</span> <span class='ocrx_word' id='word_1_646' title='bbox 2304 4525 2429 4596; x_wconf 85' lang='lat'>355,</span> <span class='ocrx_word' id='word_1_647' title='bbox 2454 4541 2515 4579; x_wconf 90' lang='lat' dir='ltr'>se</span> <span class='ocrx_word' id='word_1_648' title='bbox 2543 4523 2784 4597; x_wconf 88' lang='lat' dir='ltr'>longum</span> <span class='ocrx_word' id='word_1_649' title='bbox 2816 4529 3052 4595; x_wconf 90' lang='lat' dir='ltr'>tempus</span> <span class='ocrx_word' id='word_1_650' title='bbox 3071 4525 3267 4580; x_wconf 89' lang='lat' dir='ltr'>studio</span> <span class='ocrx_word' id='word_1_651' title='bbox 3297 4524 3642 4595; x_wconf 67' lang='lat' dir='ltr'>eloquentiae</span> <span class='ocrx_word' id='word_1_652' title='bbox 3663 4526 3776 4580; x_wconf 85' lang='lat' dir='ltr'>im-</span> 
     </span>
    </p>
   </div>
   <div class='ocr_carea' id='block_1_95' title="bbox 2120 4614 3768 4686">
    <p class='ocr_par' dir='ltr' id='par_1_95' title="bbox 2120 4614 3768 4686">
     <span class='ocr_line' id='line_1_96' title="bbox 2120 4614 3768 4686; baseline 0.001 -17"><span class='ocrx_word' id='word_1_653' title='bbox 2120 4614 2414 4686; x_wconf 89' lang='lat' dir='ltr'>pendisse,</span> <span class='ocrx_word' id='word_1_654' title='bbox 2450 4631 2517 4669; x_wconf 90' lang='lat' dir='ltr'>ac</span> <span class='ocrx_word' id='word_1_655' title='bbox 2550 4630 2611 4670; x_wconf 90' lang='lat' dir='ltr'>se</span> <span class='ocrx_word' id='word_1_656' title='bbox 2634 4618 2758 4685; x_wconf 72' lang='lat' dir='ltr'>jam</span> <span class='ocrx_word' id='word_1_657' title='bbox 2790 4614 3026 4670; x_wconf 91' lang='lat' dir='ltr'>circiter</span> <span class='ocrx_word' id='word_1_658' title='bbox 3055 4614 3297 4686; x_wconf 90' lang='lat' dir='ltr'>triginta</span> <span class='ocrx_word' id='word_1_659' title='bbox 3326 4630 3512 4670; x_wconf 90' lang='lat' dir='ltr'>annos</span> <span class='ocrx_word' id='word_1_660' title='bbox 3544 4621 3768 4671; x_wconf 84' lang='lat' dir='ltr'>natum.</span> 
     </span>
    </p>
   </div>
   <div class='ocr_carea' id='block_1_96' title="bbox 352 4689 2008 4778">
    <p class='ocr_par' dir='ltr' id='par_1_96' title="bbox 352 4705 2008 4778">
     <span class='ocr_line' id='line_1_97' title="bbox 352 4705 2008 4778; baseline 0.004 -19"><span class='ocrx_word' id='word_1_661' title='bbox 352 4705 605 4778; x_wconf 62' lang='grc' dir='ltr'>ΧῙτΧΙΙΙ.</span> <span class='ocrx_word' id='word_1_662' title='bbox 637 4705 892 4760; x_wconf 85' lang='lat' dir='ltr'>Bollandi</span> <span class='ocrx_word' id='word_1_663' title='bbox 922 4707 1192 4778; x_wconf 82' lang='lat' dir='ltr'>sententia</span> <span class='ocrx_word' id='word_1_664' title='bbox 1241 4706 1308 4761; x_wconf 82' lang='lat' dir='ltr'>de</span> <span class='ocrx_word' id='word_1_665' title='bbox 1344 4724 1510 4776; x_wconf 81' lang='lat' dir='ltr'>anno,</span> <span class='ocrx_word' id='word_1_666' title='bbox 1567 4723 1670 4778; x_wconf 89' lang='lat' dir='ltr'>quo</span> <span class='ocrx_word' id='word_1_667' title='bbox 1718 4717 1883 4765; x_wconf 85' lang='lat' dir='ltr'>natus</span> <span class='ocrx_word' id='word_1_668' title='bbox 1928 4715 2008 4766; x_wconf 86' lang='lat' dir='ltr'>est</span> 
     </span>
    </p>
   </div>
   <div class='ocr_carea' id='block_1_97' title="bbox 2120 4689 2822 4778">
    <p class='ocr_par' dir='ltr' id='par_1_97' title="bbox 2120 4703 2822 4774">
     <span class='ocr_line' id='line_1_98' title="bbox 2120 4703 2822 4774; baseline -0.001 -16"><span class='ocrx_word' id='word_1_669' title='bbox 2120 4706 2245 4758; x_wconf 65' lang='lat' dir='ltr'>Haec</span> <span class='ocrx_word' id='word_1_670' title='bbox 2275 4709 2415 4758; x_wconf 90' lang='lat' dir='ltr'>sunt</span> <span class='ocrx_word' id='word_1_671' title='bbox 2445 4704 2573 4774; x_wconf 88' lang='lat' dir='ltr'>ejus</span> <span class='ocrx_word' id='word_1_672' title='bbox 2606 4703 2778 4759; x_wconf 88' lang='lat' dir='ltr'>verba</span> <span class='ocrx_word' id='word_1_673' title='bbox 2808 4720 2822 4757; x_wconf 90' lang='lat'><strong>:</strong></span> 
     </span>
    </p>
   </div>
   <div class='ocr_carea' id='block_1_98' title="bbox 420 4776 2013 4852">
    <p class='ocr_par' dir='ltr' id='par_1_98' title="bbox 420 4776 2013 4852">
     <span class='ocr_line' id='line_1_99' title="bbox 420 4776 2013 4852; baseline 0.003 -20"><span class='ocrx_word' id='word_1_674' title='bbox 420 4776 732 4852; x_wconf 77' lang='lat' dir='ltr'>Gregorius.</span> <span class='ocrx_word' id='word_1_675' title='bbox 765 4778 908 4852; x_wconf 75' lang='lat' dir='ltr'>Quot</span> <span class='ocrx_word' id='word_1_676' title='bbox 930 4780 1093 4852; x_wconf 77' lang='lat' dir='ltr'>annis</span> <span class='ocrx_word' id='word_1_677' title='bbox 1126 4777 1413 4849; x_wconf 83' lang='lat' dir='ltr'>Gregorius</span> <span class='ocrx_word' id='word_1_678' title='bbox 1444 4776 1664 4835; x_wconf 66' lang='lat' dir='ltr'>Athenis</span> <span class='ocrx_word' id='word_1_679' title='bbox 1683 4782 2013 4852; x_wconf 58' lang='lat' dir='ltr'>eloquentia</span> 
     </span>
    </p>
   </div>
   <div class='ocr_carea' id='block_1_99' title="bbox 418 4848 1695 4922">
    <p class='ocr_par' dir='ltr' id='par_1_99' title="bbox 418 4848 1695 4922">
     <span class='ocr_line' id='line_1_100' title="bbox 418 4848 1695 4922; baseline 0.002 -18"><span class='ocrx_word' id='word_1_680' title='bbox 418 4866 657 4920; x_wconf 62' lang='lat' dir='ltr'>Operam</span> <span class='ocrx_word' id='word_1_681' title='bbox 681 4848 849 4905; x_wconf 75' lang='lat' dir='ltr'>dedit.</span> <span class='ocrx_word' id='word_1_682' title='bbox 882 4850 1179 4920; x_wconf 80' lang='lat' dir='ltr'>Refelliiur</span> <span class='ocrx_word' id='word_1_683' title='bbox 1207 4848 1392 4922; x_wconf 81' lang='lat' dir='ltr'>Opinio</span> <span class='ocrx_word' id='word_1_684' title='bbox 1413 4852 1695 4908; x_wconf 80' lang='lat' dir='ltr'>Bollandi.</span> 
     </span>
    </p>
   </div>
   <div class='ocr_carea' id='block_1_100' title="bbox 420 4955 2006 5031">
    <p class='ocr_par' dir='ltr' id='par_1_100' title="bbox 420 4955 2006 5031">
     <span class='ocr_line' id='line_1_101' title="bbox 420 4955 2006 5031; baseline 0.004 -22"><span class='ocrx_word' id='word_1_685' title='bbox 420 4956 767 5011; x_wconf 72' lang='lat' dir='ltr'>Reclamant</span> <span class='ocrx_word' id='word_1_686' title='bbox 801 4955 1173 5012; x_wconf 74' lang='lat' dir='ltr'>Bollandistaa</span> <span class='ocrx_word' id='word_1_687' title='bbox 1202 4958 1293 5029; x_wconf 80' lang='grc' dir='ltr'>(ε),</span> <span class='ocrx_word' id='word_1_688' title='bbox 1326 4957 1676 5031; x_wconf 87' lang='lat' dir='ltr'>interpretes</span> <span class='ocrx_word' id='word_1_689' title='bbox 1706 4965 2006 5029; x_wconf 88' lang='lat' dir='ltr'>accusant,</span> 
     </span>
    </p>
   </div>
   <div class='ocr_carea' id='block_1_101' title="bbox 349 5044 2007 5120">
    <p class='ocr_par' dir='ltr' id='par_1_101' title="bbox 349 5044 2007 5120">
     <span class='ocr_line' id='line_1_102' title="bbox 349 5044 2007 5120; baseline 0.005 -23"><span class='ocrx_word' id='word_1_690' title='bbox 349 5046 527 5101; x_wconf 75' lang='lat' dir='ltr'>verba</span> <span class='ocrx_word' id='word_1_691' title='bbox 557 5044 753 5101; x_wconf 73' lang='lat' dir='ltr'>Graeca</span> <span class='ocrx_word' id='word_1_692' title='bbox 782 5046 853 5100; x_wconf 91' lang='lat' dir='ltr'>ab</span> <span class='ocrx_word' id='word_1_693' title='bbox 884 5045 1030 5117; x_wconf 83' lang='lat' dir='ltr'>ipsis</span> <span class='ocrx_word' id='word_1_694' title='bbox 1062 5046 1213 5101; x_wconf 89' lang='lat' dir='ltr'>male</span> <span class='ocrx_word' id='word_1_695' title='bbox 1243 5048 1472 5103; x_wconf 90' lang='lat' dir='ltr'>reddita</span> <span class='ocrx_word' id='word_1_696' title='bbox 1510 5049 1711 5103; x_wconf 85' lang='lat' dir='ltr'>Latine</span> <span class='ocrx_word' id='word_1_697' title='bbox 1750 5066 2007 5120; x_wconf 90' lang='lat' dir='ltr'>querun-</span> 
     </span>
    </p>
   </div>
   <div class='ocr_carea' id='block_1_102' title="bbox 343 5134 2008 5209">
    <p class='ocr_par' dir='ltr' id='par_1_102' title="bbox 343 5134 2008 5209">
     <span class='ocr_line' id='line_1_103' title="bbox 343 5134 2008 5209; baseline 0.004 -21"><span class='ocrx_word' id='word_1_698' title='bbox 343 5140 464 5202; x_wconf 85' lang='lat' dir='ltr'>tur,</span> <span class='ocrx_word' id='word_1_699' title='bbox 498 5140 557 5191; x_wconf 90' lang='lat' dir='ltr'>et</span> <span class='ocrx_word' id='word_1_700' title='bbox 591 5134 1080 5189; x_wconf 89' lang='lat' dir='ltr'>absurdissimum</span> <span class='ocrx_word' id='word_1_701' title='bbox 1112 5152 1242 5191; x_wconf 89' lang='lat' dir='ltr'>esse</span> <span class='ocrx_word' id='word_1_702' title='bbox 1277 5135 1553 5204; x_wconf 89' lang='lat' dir='ltr'>clamant,</span> <span class='ocrx_word' id='word_1_703' title='bbox 1606 5139 1654 5192; x_wconf 90' lang='lat' dir='ltr'>si</span> <span class='ocrx_word' id='word_1_704' title='bbox 1696 5136 2008 5209; x_wconf 80' lang='lat' dir='ltr'>Gregorius</span> 
     </span>
    </p>
   </div>
   <div class='ocr_carea' id='block_1_103' title="bbox 343 5223 2007 5299">
    <p class='ocr_par' dir='ltr' id='par_1_103' title="bbox 343 5223 2007 5299">
     <span class='ocr_line' id='line_1_104' title="bbox 343 5223 2007 5299; baseline 0.004 -21"><span class='ocrx_word' id='word_1_705' title='bbox 343 5224 749 5279; x_wconf 79' lang='lat' dir='ltr'>Nazianzenus</span> <span class='ocrx_word' id='word_1_706' title='bbox 794 5223 1023 5279; x_wconf 88' lang='lat' dir='ltr'>dicatur</span> <span class='ocrx_word' id='word_1_707' title='bbox 1070 5230 1233 5296; x_wconf 90' lang='lat' dir='ltr'>patre</span> <span class='ocrx_word' id='word_1_708' title='bbox 1278 5227 1577 5282; x_wconf 85' lang='lat' dir='ltr'>sacerdote</span> <span class='ocrx_word' id='word_1_709' title='bbox 1615 5226 1703 5281; x_wconf 91' lang='lat' dir='ltr'>vel</span> <span class='ocrx_word' id='word_1_710' title='bbox 1734 5227 2007 5299; x_wconf 87' lang='lat' dir='ltr'>episcopo</span> 
     </span>
    </p>
   </div>
   <div class='ocr_carea' id='block_1_104' title="bbox 343 5313 2006 5387">
    <p class='ocr_par' dir='ltr' id='par_1_104' title="bbox 343 5313 2006 5387">
     <span class='ocr_line' id='line_1_105' title="bbox 343 5313 2006 5387; baseline 0.004 -19"><span class='ocrx_word' id='word_1_711' title='bbox 343 5315 557 5370; x_wconf 85' lang='lat' dir='ltr'>editus.</span> <span class='ocrx_word' id='word_1_712' title='bbox 593 5314 657 5369; x_wconf 83' lang='lat' dir='ltr'>1d</span> <span class='ocrx_word' id='word_1_713' title='bbox 690 5313 927 5384; x_wconf 85' lang='lat' dir='ltr'>quidem</span> <span class='ocrx_word' id='word_1_714' title='bbox 960 5313 1176 5369; x_wconf 91' lang='lat' dir='ltr'>mirum</span> <span class='ocrx_word' id='word_1_715' title='bbox 1202 5318 1258 5371; x_wconf 91' lang='lat' dir='ltr'>et</span> <span class='ocrx_word' id='word_1_716' title='bbox 1280 5332 1523 5387; x_wconf 87' lang='lat' dir='ltr'>prorsus</span> <span class='ocrx_word' id='word_1_717' title='bbox 1546 5315 1873 5385; x_wconf 84' lang='lat' dir='ltr'>insolitum,</span> <span class='ocrx_word' id='word_1_718' title='bbox 1900 5334 2006 5374; x_wconf 88' lang='lat' dir='ltr'>nec</span> 
     </span>
    </p>
   </div>
   <div class='ocr_carea' id='block_1_105' title="bbox 412 5428 1013 5503">
    <p class='ocr_par' dir='ltr' id='par_1_105' title="bbox 412 5428 1013 5503">
     <span class='ocr_line' id='line_1_106' title="bbox 412 5428 1013 5503; baseline -0.007 -16"><span class='ocrx_word' id='word_1_719' title='bbox 412 5433 459 5465; x_wconf 69' lang='grc' dir='ltr'>εδ</span> <span class='ocrx_word' id='word_1_720' title='bbox 491 5433 511 5486; x_wconf 90' lang='grc' dir='ltr'>ι</span> <span class='ocrx_word' id='word_1_721' title='bbox 550 5431 693 5503; x_wconf 82' lang='lat' dir='ltr'>Reg.</span> <span class='ocrx_word' id='word_1_722' title='bbox 728 5446 769 5495; x_wconf 83' lang='grc' dir='ltr'>ι,</span> <span class='ocrx_word' id='word_1_723' title='bbox 811 5429 892 5497; x_wconf 81' lang='lat' dir='ltr'>u,</span> <span class='ocrx_word' id='word_1_724' title='bbox 923 5428 1013 5483; x_wconf 86' lang='lat'>28.</span> 
     </span>
    </p>
   </div>
   <div class='ocr_carea' id='block_1_106' title="bbox 411 5562 933 5637">
    <p class='ocr_par' dir='ltr' id='par_1_106' title="bbox 411 5562 933 5637">
     <span class='ocr_line' id='line_1_107' title="bbox 411 5562 933 5637; baseline -0.008 -18"><span class='ocrx_word' id='word_1_725' title='bbox 411 5568 486 5637; x_wconf 82' lang='grc' dir='ltr'>(α)</span> <span class='ocrx_word' id='word_1_726' title='bbox 515 5566 614 5623; x_wconf 84' lang='lat' dir='ltr'>Or.</span> <span class='ocrx_word' id='word_1_727' title='bbox 647 5568 705 5634; x_wconf 88' lang='lat'>2,</span> <span class='ocrx_word' id='word_1_728' title='bbox 738 5580 799 5637; x_wconf 64' lang='grc' dir='ltr'>η,</span> <span class='ocrx_word' id='word_1_729' title='bbox 841 5562 933 5637; x_wconf 73' lang='lat'>77.</span> 
     </span>
    </p>
   </div>
   <div class='ocr_carea' id='block_1_107' title="bbox 410 5634 1363 5713">
    <p class='ocr_par' dir='ltr' id='par_1_107' title="bbox 410 5634 1363 5713">
     <span class='ocr_line' id='line_1_108' title="bbox 410 5634 1363 5713; baseline -0.006 -17"><span class='ocrx_word' id='word_1_730' title='bbox 410 5634 483 5713; x_wconf 69' lang='grc' dir='ltr'>(ὁ)</span> <span class='ocrx_word' id='word_1_731' title='bbox 516 5642 716 5713; x_wconf 65' lang='lat' dir='ltr'>Carm.</span> <span class='ocrx_word' id='word_1_732' title='bbox 753 5636 834 5691; x_wconf 83' lang='lat' dir='ltr'>De</span> <span class='ocrx_word' id='word_1_733' title='bbox 851 5636 973 5713; x_wconf 49' lang='lat' dir='ltr'>vitii</span> <span class='ocrx_word' id='word_1_734' title='bbox 1000 5650 1122 5713; x_wconf 64' lang='lat' dir='ltr'>sua,</span> <span class='ocrx_word' id='word_1_735' title='bbox 1154 5650 1206 5702; x_wconf 92' lang='lat' dir='ltr'>v,</span> <span class='ocrx_word' id='word_1_736' title='bbox 1236 5634 1363 5690; x_wconf 84' lang='grc'>512.</span> 
     </span>
    </p>
   </div>
   <div class='ocr_carea' id='block_1_108' title="bbox 423 5704 1148 5784">
    <p class='ocr_par' dir='ltr' id='par_1_108' title="bbox 423 5704 1148 5784">
     <span class='ocr_line' id='line_1_109' title="bbox 423 5704 1148 5784; baseline -0.015 -13"><span class='ocrx_word' id='word_1_737' title='bbox 423 5704 475 5784; x_wconf 68' lang='lat' dir='ltr'>ej</span> <span class='ocrx_word' id='word_1_738' title='bbox 502 5715 538 5769; x_wconf 87' lang='lat'>9</span> <span class='ocrx_word' id='word_1_739' title='bbox 568 5709 743 5784; x_wconf 85' lang='lat' dir='ltr'>Maii,</span> <span class='ocrx_word' id='word_1_740' title='bbox 777 5725 838 5780; x_wconf 87' lang='lat' dir='ltr'>p.</span> <span class='ocrx_word' id='word_1_741' title='bbox 863 5704 1148 5784; x_wconf 49' lang='lat'>£339,311.</span> 
     </span>
    </p>
   </div>
   <div class='ocr_carea' id='block_1_109' title="bbox 393 5722 989 5862">
    <p class='ocr_par' dir='ltr' id='par_1_109' title="bbox 393 5722 989 5862">
     <span class='ocr_line' id='line_1_110' title="bbox 423 5722 989 5784; baseline -0.016 -14"><span class='ocrx_word' id='word_1_742' title='bbox 423 5722 471 5784; x_wconf 75' lang='grc' dir='ltr'>ε)</span> <span class='ocrx_word' id='word_1_743' title='bbox 502 5722 538 5769; x_wconf 85' lang='lat'>9</span> <span class='ocrx_word' id='word_1_744' title='bbox 568 5722 743 5777; x_wconf 81' lang='lat' dir='ltr'>Man,</span> <span class='ocrx_word' id='word_1_745' title='bbox 777 5725 838 5780; x_wconf 89' lang='lat' dir='ltr'>p.</span> <span class='ocrx_word' id='word_1_746' title='bbox 871 5722 989 5776; x_wconf 55' lang='grc' dir='ltr'>όιυ1</span> 
     </span>
     <span class='ocr_line' id='line_1_111' title="bbox 393 5722 989 5862; baseline -0.015 -17"><span class='ocrx_word' id='word_1_747' title='bbox 393 5722 468 5862; x_wconf 49' lang='lat' dir='ltr'>Id)</span> <span class='ocrx_word' id='word_1_748' title='bbox 490 5788 527 5845; x_wconf 92' lang='lat'>9</span> <span class='ocrx_word' id='word_1_749' title='bbox 554 5783 726 5856; x_wconf 75' lang='lat' dir='ltr'>Maii,</span> <span class='ocrx_word' id='word_1_750' title='bbox 764 5796 827 5853; x_wconf 89' lang='lat' dir='ltr'>p.</span> <span class='ocrx_word' id='word_1_751' title='bbox 860 5776 989 5836; x_wconf 79' lang='grc'><strong>371.</strong></span> 
     </span>
    </p>
   </div>
   <div class='ocr_carea' id='block_1_110' title="bbox 2194 4789 3538 4883">
    <p class='ocr_par' dir='ltr' id='par_1_110' title="bbox 2194 4789 3538 4883">
     <span class='ocr_line' id='line_1_112' title="bbox 2194 4789 3538 4883; baseline 0 -36"><span class='ocrx_word' id='word_1_752' title='bbox 2194 4793 2295 4849; x_wconf 86' lang='grc' dir='ltr'>Καὶ</span> <span class='ocrx_word' id='word_1_753' title='bbox 2326 4793 2429 4867; x_wconf 81' lang='grc' dir='ltr'>γὰρ</span> <span class='ocrx_word' id='word_1_754' title='bbox 2458 4790 2633 4853; x_wconf 77' lang='grc' dir='ltr'>πολὺς</span> <span class='ocrx_word' id='word_1_755' title='bbox 2664 4790 2917 4867; x_wconf 74' lang='grc' dir='ltr'>τὲτριπτο</span> <span class='ocrx_word' id='word_1_756' title='bbox 2946 4797 3064 4853; x_wconf 81' lang='grc' dir='ltr'>τοῖς</span> <span class='ocrx_word' id='word_1_757' title='bbox 3098 4789 3282 4866; x_wconf 65' lang='grc' dir='ltr'>λέγοις</span> <span class='ocrx_word' id='word_1_758' title='bbox 3312 4789 3538 4883; x_wconf 63' lang='grc' dir='ltr'>χρόνος.</span> 
     </span>
     <span class='ocr_line' id='line_1_113' title="bbox 2194 4861 3510 4883; baseline 0 0"><span class='ocrx_word' id='word_1_759' title='bbox 2194 4862 2295 4883; x_wconf 51' lang='lat' dir='ltr'><strong>III“</strong></span> <span class='ocrx_word' id='word_1_760' title='bbox 2638 4863 2650 4883; x_wconf 89' lang='lat' dir='ltr'><strong><em>I</em></strong></span> <span class='ocrx_word' id='word_1_761' title='bbox 2955 4861 3002 4883; x_wconf 51' lang='grc' dir='ltr'><strong>δῖ</strong></span> <span class='ocrx_word' id='word_1_762' title='bbox 3143 4867 3165 4876; x_wconf 54' lang='grc' dir='ltr'>ε·</span> <span class='ocrx_word' id='word_1_763' title='bbox 3210 4864 3220 4883; x_wconf 73' lang='grc' dir='ltr'>ν</span> <span class='ocrx_word' id='word_1_764' title='bbox 3260 4866 3285 4883; x_wconf 62' lang='grc' dir='ltr'><strong>γ</strong></span> <span class='ocrx_word' id='word_1_765' title='bbox 3366 4866 3373 4879; x_wconf 88' lang='grc'><strong><em>1</em></strong></span> <span class='ocrx_word' id='word_1_766' title='bbox 3498 4867 3510 4883; x_wconf 87' lang='lat' dir='ltr'><strong><em>I</em></strong></span> 
     </span>
    </p>
   </div>
   <div class='ocr_carea' id='block_1_111' title="bbox 2190 4861 3591 4939">
    <p class='ocr_par' dir='ltr' id='par_1_111' title="bbox 2190 4861 3591 4939">
     <span class='ocr_line' id='line_1_114' title="bbox 2190 4861 3591 4939; baseline -0.001 -19"><span class='ocrx_word' id='word_1_767' title='bbox 2190 4861 2681 4938; x_wconf 55' lang='grc' dir='ltr'>Ἧδήτριακοστόν</span> <span class='ocrx_word' id='word_1_768' title='bbox 2720 4861 2813 4936; x_wconf 59' lang='lat' dir='ltr'>per.</span> <span class='ocrx_word' id='word_1_769' title='bbox 2847 4861 3041 4939; x_wconf 81' lang='grc' dir='ltr'>σχεδὸν</span> <span class='ocrx_word' id='word_1_770' title='bbox 3074 4861 3220 4917; x_wconf 60' lang='grc' dir='ltr'>τοῦλέ</span> <span class='ocrx_word' id='word_1_771' title='bbox 3250 4861 3467 4933; x_wconf 59' lang='grc' dir='ltr'>ἦν’ἷτος</span> <span class='ocrx_word' id='word_1_772' title='bbox 3494 4867 3591 4937; x_wconf 85' lang='lat' dir='ltr'>(g).</span> 
     </span>
    </p>
   </div>
   <div class='ocr_carea' id='block_1_112' title="bbox 2117 4956 3778 5029">
    <p class='ocr_par' dir='ltr' id='par_1_112' title="bbox 2117 4956 3778 5029">
     <span class='ocr_line' id='line_1_115' title="bbox 2117 4956 3778 5029; baseline 0.001 -17"><span class='ocrx_word' id='word_1_773' title='bbox 2117 4956 2332 5014; x_wconf 88' lang='lat' dir='ltr'>Verum</span> <span class='ocrx_word' id='word_1_774' title='bbox 2363 4974 2432 5013; x_wconf 86' lang='lat' dir='ltr'>ex</span> <span class='ocrx_word' id='word_1_775' title='bbox 2461 4958 2702 5013; x_wconf 89' lang='lat' dir='ltr'>adverso</span> <span class='ocrx_word' id='word_1_776' title='bbox 2733 4960 3049 5013; x_wconf 87' lang='lat' dir='ltr'>occurrunt</span> <span class='ocrx_word' id='word_1_777' title='bbox 3079 4956 3455 5014; x_wconf 71' lang='lat' dir='ltr'>Bollandistae</span> <span class='ocrx_word' id='word_1_778' title='bbox 3475 4957 3576 5029; x_wconf 88' lang='lat' dir='ltr'>(h),</span> <span class='ocrx_word' id='word_1_779' title='bbox 3606 4962 3778 5028; x_wconf 90' lang='lat' dir='ltr'>atque</span> 
     </span>
    </p>
   </div>
   <div class='ocr_carea' id='block_1_113' title="bbox 2116 5046 3778 5119">
    <p class='ocr_par' dir='ltr' id='par_1_113' title="bbox 2116 5046 3778 5119">
     <span class='ocr_line' id='line_1_116' title="bbox 2116 5046 3778 5119; baseline 0.001 -17"><span class='ocrx_word' id='word_1_780' title='bbox 2116 5046 2177 5103; x_wconf 89' lang='lat' dir='ltr'>in</span> <span class='ocrx_word' id='word_1_781' title='bbox 2208 5064 2275 5103; x_wconf 90' lang='lat' dir='ltr'>eo</span> <span class='ocrx_word' id='word_1_782' title='bbox 2304 5047 2632 5119; x_wconf 87' lang='lat' dir='ltr'>disputant.</span> <span class='ocrx_word' id='word_1_783' title='bbox 2674 5066 2695 5093; x_wconf 74' lang='grc' dir='ltr'>ι</span> <span class='ocrx_word' id='word_1_784' title='bbox 2730 5046 2945 5110; x_wconf 89' lang='lat' dir='ltr'>Gratis,</span> <span class='ocrx_word' id='word_1_785' title='bbox 2978 5047 3279 5118; x_wconf 88' lang='lat' dir='ltr'>inquiunt,</span> <span class='ocrx_word' id='word_1_786' title='bbox 3302 5048 3679 5118; x_wconf 73' lang='lat' dir='ltr'>praesumitur</span> <span class='ocrx_word' id='word_1_787' title='bbox 3702 5050 3778 5104; x_wconf 89' lang='lat' dir='ltr'>si-</span> 
     </span>
    </p>
   </div>
   <div class='ocr_carea' id='block_1_114' title="bbox 2118 5137 3773 5211">
    <p class='ocr_par' dir='ltr' id='par_1_114' title="bbox 2118 5137 3773 5211">
     <span class='ocr_line' id='line_1_117' title="bbox 2118 5137 3773 5211; baseline 0.001 -20"><span class='ocrx_word' id='word_1_788' title='bbox 2118 5137 2285 5211; x_wconf 89' lang='lat' dir='ltr'>gnari</span> <span class='ocrx_word' id='word_1_789' title='bbox 2334 5154 2526 5192; x_wconf 89' lang='lat' dir='ltr'>annus</span> <span class='ocrx_word' id='word_1_790' title='bbox 2566 5137 2775 5204; x_wconf 64' lang='lat' dir='ltr'>aetatis,</span> <span class='ocrx_word' id='word_1_791' title='bbox 2812 5138 2909 5191; x_wconf 91' lang='lat' dir='ltr'>ubi</span> <span class='ocrx_word' id='word_1_792' title='bbox 2944 5154 3137 5192; x_wconf 89' lang='lat' dir='ltr'>annus</span> <span class='ocrx_word' id='word_1_793' title='bbox 3169 5138 3371 5203; x_wconf 89' lang='lat' dir='ltr'>studii,</span> <span class='ocrx_word' id='word_1_794' title='bbox 3406 5138 3773 5209; x_wconf 73' lang='lat' dir='ltr'>acquirendaa</span> 
     </span>
    </p>
   </div>
   <div class='ocr_carea' id='block_1_115' title="bbox 2118 5226 3776 5298">
    <p class='ocr_par' dir='ltr' id='par_1_115' title="bbox 2118 5226 3776 5298">
     <span class='ocr_line' id='line_1_118' title="bbox 2118 5226 3776 5298; baseline 0 -16"><span class='ocrx_word' id='word_1_795' title='bbox 2118 5226 2462 5298; x_wconf 71' lang='lat' dir='ltr'>eloquentia:</span> <span class='ocrx_word' id='word_1_796' title='bbox 2492 5226 2736 5281; x_wconf 82' lang='lat' dir='ltr'>Athenis</span> <span class='ocrx_word' id='word_1_797' title='bbox 2794 5226 3069 5297; x_wconf 86' lang='lat' dir='ltr'>impensi,</span> <span class='ocrx_word' id='word_1_798' title='bbox 3119 5226 3304 5281; x_wconf 77' lang='lat' dir='ltr'>multo</span> <span class='ocrx_word' id='word_1_799' title='bbox 3348 5228 3776 5298; x_wconf 84' lang='lat' dir='ltr'>congruentius</span> 
     </span>
    </p>
   </div>
   <div class='ocr_carea' id='block_1_116' title="bbox 2117 5315 3776 5389">
    <p class='ocr_par' dir='ltr' id='par_1_116' title="bbox 2117 5315 3776 5389">
     <span class='ocr_line' id='line_1_119' title="bbox 2117 5315 3776 5389; baseline 0 -18"><span class='ocrx_word' id='word_1_800' title='bbox 2117 5321 2309 5389; x_wconf 90' lang='lat' dir='ltr'>potest</span> <span class='ocrx_word' id='word_1_801' title='bbox 2336 5315 2699 5388; x_wconf 89' lang='lat' dir='ltr'>intelligi.....</span> <span class='ocrx_word' id='word_1_802' title='bbox 2732 5315 2893 5371; x_wconf 85' lang='lat' dir='ltr'>Alias</span> <span class='ocrx_word' id='word_1_803' title='bbox 2925 5315 3082 5371; x_wconf 89' lang='lat' dir='ltr'>enim</span> <span class='ocrx_word' id='word_1_804' title='bbox 3105 5316 3398 5387; x_wconf 89' lang='lat' dir='ltr'>quomodo</span> <span class='ocrx_word' id='word_1_805' title='bbox 3415 5322 3649 5388; x_wconf 87' lang='lat' dir='ltr'>tempus</span> <span class='ocrx_word' id='word_1_806' title='bbox 3673 5334 3776 5371; x_wconf 89' lang='lat' dir='ltr'>an-</span> 
     </span>
    </p>
   </div>
   <div class='ocr_carea' id='block_1_117' title="bbox 2188 5563 2969 5638">
    <p class='ocr_par' dir='ltr' id='par_1_117' title="bbox 2188 5563 2969 5638">
     <span class='ocr_line' id='line_1_120' title="bbox 2188 5563 2969 5638; baseline -0.001 -17"><span class='ocrx_word' id='word_1_807' title='bbox 2188 5566 2261 5638; x_wconf 86' lang='lat' dir='ltr'>(e)</span> <span class='ocrx_word' id='word_1_808' title='bbox 2292 5566 2458 5619; x_wconf 89' lang='lat' dir='ltr'>Tom.</span> <span class='ocrx_word' id='word_1_809' title='bbox 2494 5563 2820 5638; x_wconf 14' lang='grc' dir='ltr'>ΙΙγΜει-ἱίτνρ.</span> <span class='ocrx_word' id='word_1_810' title='bbox 2843 5565 2969 5620; x_wconf 79' lang='grc'>845.</span> 
     </span>
    </p>
   </div>
   <div class='ocr_carea' id='block_1_118' title="bbox 2189 5636 3030 5781">
    <p class='ocr_par' dir='ltr' id='par_1_118' title="bbox 2189 5636 3030 5781">
     <span class='ocr_line' id='line_1_121' title="bbox 2189 5636 3030 5781; baseline 0 -88"><span class='ocrx_word' id='word_1_811' title='bbox 2189 5636 2255 5781; x_wconf 51' lang='grc' dir='ltr'>ξί)</span> <span class='ocrx_word' id='word_1_812' title='bbox 2286 5638 2453 5692; x_wconf 93' lang='lat' dir='ltr'>Tom.</span> <span class='ocrx_word' id='word_1_813' title='bbox 2489 5637 2591 5690; x_wconf 88' lang='lat' dir='ltr'><strong>VII</strong></span> <span class='ocrx_word' id='word_1_814' title='bbox 2624 5636 2779 5707; x_wconf 88' lang='lat' dir='ltr'>Maii,</span> <span class='ocrx_word' id='word_1_815' title='bbox 2812 5653 2869 5707; x_wconf 91' lang='lat' dir='ltr'>p.</span> <span class='ocrx_word' id='word_1_816' title='bbox 2902 5637 3030 5706; x_wconf 68' lang='lat'>65,1,</span> 
     </span>
     <span class='ocr_line' id='line_1_122' title="bbox 2211 5709 3030 5781; baseline 0 -16"><span class='ocrx_word' id='word_1_817' title='bbox 2211 5712 2266 5780; x_wconf 91' lang='lat' dir='ltr'>g)</span> <span class='ocrx_word' id='word_1_818' title='bbox 2297 5711 2491 5781; x_wconf 60' lang='lat' dir='ltr'>Carm.</span> <span class='ocrx_word' id='word_1_819' title='bbox 2522 5709 2595 5763; x_wconf 83' lang='lat' dir='ltr'>De</span> <span class='ocrx_word' id='word_1_820' title='bbox 2626 5711 2739 5781; x_wconf 83' lang='lat' dir='ltr'>vita</span> <span class='ocrx_word' id='word_1_821' title='bbox 2766 5724 2888 5779; x_wconf 88' lang='lat' dir='ltr'>sua,</span> <span class='ocrx_word' id='word_1_822' title='bbox 2922 5726 2977 5779; x_wconf 90' lang='lat' dir='ltr'>v,</span> <span class='ocrx_word' id='word_1_823' title='bbox 3009 5710 3030 5765; x_wconf 76' lang='grc' dir='ltr'>ξ</span> 
     </span>
    </p>
   </div>
   <div class='ocr_carea' id='block_1_119' title="bbox 2297 5709 3135 5779">
    <p class='ocr_par' dir='ltr' id='par_1_119' title="bbox 2297 5709 3135 5779">
     <span class='ocr_line' id='line_1_123' title="bbox 2297 5709 3135 5779; baseline -0.002 -14"><span class='ocrx_word' id='word_1_824' title='bbox 2297 5711 2489 5765; x_wconf 85' lang='lat' dir='ltr'>Carm.</span> <span class='ocrx_word' id='word_1_825' title='bbox 2522 5709 2595 5763; x_wconf 82' lang='lat' dir='ltr'>De</span> <span class='ocrx_word' id='word_1_826' title='bbox 2626 5711 2739 5763; x_wconf 86' lang='lat' dir='ltr'>vita</span> <span class='ocrx_word' id='word_1_827' title='bbox 2766 5724 2888 5779; x_wconf 88' lang='lat' dir='ltr'>sua,</span> <span class='ocrx_word' id='word_1_828' title='bbox 2922 5726 2977 5779; x_wconf 90' lang='lat' dir='ltr'>v,</span> <span class='ocrx_word' id='word_1_829' title='bbox 3009 5710 3135 5765; x_wconf 88' lang='lat'>238.</span> 
     </span>
    </p>
   </div>
   <div class='ocr_carea' id='block_1_120' title="bbox 2190 5780 2778 5853">
    <p class='ocr_par' dir='ltr' id='par_1_120' title="bbox 2190 5780 2778 5853">
     <span class='ocr_line' id='line_1_124' title="bbox 2190 5780 2778 5853; baseline 0.003 -18"><span class='ocrx_word' id='word_1_830' title='bbox 2190 5780 2275 5853; x_wconf 72' lang='grc' dir='ltr'>(ἡ)</span> <span class='ocrx_word' id='word_1_831' title='bbox 2302 5782 2337 5835; x_wconf 86' lang='grc'>9</span> <span class='ocrx_word' id='word_1_832' title='bbox 2367 5780 2519 5849; x_wconf 78' lang='lat' dir='ltr'>Maii,</span> <span class='ocrx_word' id='word_1_833' title='bbox 2554 5798 2613 5852; x_wconf 92' lang='lat' dir='ltr'>p.</span> <span class='ocrx_word' id='word_1_834' title='bbox 2654 5780 2778 5838; x_wconf 86' lang='grc'>3⁸71.</span> 
     </span>
    </p>
   </div>
  </div>
