4080 6428
323 379 442 444 155

1658 386 1846 450 VITA
1893 388 1955 449 S.
2005 388 2401 451 GREGORII.

3622 388 3737 450 156

325 530 538 571 norum
570 518 698 573 octo
727 515 815 573 vel
846 517 1044 574 decem
1074 520 1204 589 (nec
1234 518 1391 576 enim
1423 519 1621 593 plures
1671 524 1812 577 tunc
1862 538 1971 576 nu-
1999 524 2054 591 Α
2084 522 2235 594 quod
2269 521 2444 578 etiam
2477 521 2718 595 signant
2751 522 2951 579 addita
2976 520 3264 595 particula
3295 543 3325 573 «
3354 524 3639 594 tanquam
3669 536 3741 578 ex

322 621 548 661 merare
578 623 804 679 posses,
836 608 886 663 si
918 608 1109 664 solum
1141 614 1265 665 erat
1292 610 1685 679 tricenarius),
1724 611 1965 684 longum

321 694 565 751 dixisset
584 696 656 750 ad
705 714 834 752 eam
862 698 1356 768 exercitationem,
1391 701 1484 755 cui
1516 700 1751 772 plurimi
1783 704 1967 756 totam

324 785 599 841 dicabant
626 785 826 855 vitam,
859 804 1049 859 neque
1078 789 1166 844 vel
1198 795 1457 844 extrema
1492 796 1657 847 atate
1706 792 1967 846 oratoria

326 875 473 931 artis
505 876 914 947 perfectionem
939 894 1000 933 se
1039 883 1339 933 assecutos
1380 880 1786 934 credebant?»
1821 880 1969 951 Ergo

324 980 397 1020 ne
428 965 627 1019 decem
659 964 747 1020 vel
780 971 907 1021 octo
938 968 1077 1022 anni
1109 967 1452 1039 eloquentia
1485 968 1679 1023 studio
1726 968 1971 1023 Athenis

320 1053 594 1125 impensi,
622 1054 744 1110 viro
766 1054 1117 1125 Christiano,
1144 1057 1242 1129 qui
1273 1059 1396 1127 jam
1423 1062 1594 1113 antea
1624 1074 1727 1129 per
1774 1057 1971 1129 plures

326 1159 534 1211 annos,
567 1146 693 1199 tum
726 1144 994 1201 Nazianzi
1026 1163 1059 1201 a
1089 1147 1452 1218 parentibus,
1502 1151 1631 1203 tum
1681 1148 1970 1218 Casarea,

324 1231 574 1304 aliisque
604 1232 663 1288 in
694 1232 837 1289 locis
860 1235 1266 1292 adoctissimis
1289 1237 1589 1309 magistris
1612 1237 1670 1291 in
1693 1238 1852 1292 omni
1878 1236 1973 1291 lit-

322 1324 580 1377 terarum
607 1325 664 1378 et
684 1322 1058 1380 scientiarum
1086 1342 1296 1398 genere
1317 1326 1506 1381 fuerat
1528 1325 1857 1397 institutus,
1881 1343 1974 1381 sa-

322 1411 399 1467 tis
418 1428 709 1484 superque
728 1418 915 1481 erant,
943 1418 1009 1469 ut
1031 1415 1143 1486 ipsi
1178 1416 1369 1470 dicere
1403 1414 1605 1472 liceret
1643 1432 1703 1471 se
1731 1414 1974 1489 longum

321 1504 557 1573 tempus
589 1501 645 1555 in
682 1518 748 1558 eo
781 1503 1073 1559 curriculo
1105 1504 1387 1560 trivisse?
1423 1506 1509 1560 An
1555 1521 1688 1560 vero
1738 1521 1977 1560 necesse

322 1594 432 1657 est,
461 1593 526 1645 ut
544 1589 725 1646 vitam
748 1592 881 1664 quis
902 1596 1086 1648 totam
1103 1592 1380 1649 dicaverit
1392 1594 1586 1649 studio
1605 1594 1972 1665 eloquentia,

323 1696 439 1751 quo
464 1696 596 1735 vere
619 1680 803 1750 possit
822 1681 1014 1736 dicere
1035 1698 1099 1736 se
1118 1680 1359 1754 longum
1384 1688 1618 1755 tempus
1642 1683 1780 1739 huic
1810 1700 1974 1739 exer-

322 1768 587 1823 citationi
618 1769 979 1841 impendisse
999 1770 1026 1825 ?
1055 1771 1399 1845 Potuitergo
1422 1773 1614 1829 dicere
1635 1773 1970 1846 Gregorius,

327 1858 483 1930 quod
518 1875 653 1913 eum
686 1858 904 1914 dixisse
928 1861 1309 1917 manifestum
1341 1866 1446 1917 est.
1479 1867 1601 1918 Imo
1631 1863 1812 1918 miror
1833 1862 1973 1919 Gre-

324 1947 556 2021 gorium
589 1951 675 2003 tot
705 1965 889 2005 annos
918 1948 1165 2006 Athenis
1212 1956 1514 2007 versatum
1542 1970 1557 2021 ;
1604 1954 1971 2026 Gregorium,

325 2035 589 2106 inquam,
620 2053 796 2109 quem
839 2042 1027 2094 mater
1057 2056 1091 2094 a
1120 2040 1238 2096 Deo
1284 2041 1554 2112 precibus
1611 2042 1975 2115 impetrarat,

326 2124 648 2199 pollicitata
676 2143 737 2182 se
767 2125 819 2182 ei
840 2127 1189 2198 dicaturam,
1219 2129 1267 2183 si
1289 2132 1437 2186 votis
1455 2135 1738 2187 annueret
1764 2156 1778 2198 ;
1801 2147 1974 2202 quem

327 2231 364 2271 a
390 2213 561 2270 vulva
588 2214 719 2287 ipsa
747 2216 818 2271 ad
856 2217 1036 2273 Deum
1070 2218 1429 2290 projecerat;
1478 2220 1581 2291 qui
1634 2236 1695 2275 se
1727 2237 1761 2275 a
1795 2224 1981 2276 matre

327 2303 446 2361 Deo
469 2303 725 2360 dicatum
748 2308 955 2375 norat;
980 2305 1096 2378 cui,
1121 2323 1258 2363 cum
1287 2308 1412 2380 jam
1453 2308 1715 2381 pueritia
1747 2313 1978 2366 atatem

326 2392 663 2462 transisset,
706 2393 913 2449 divina
971 2395 1282 2468 Scriptura
1327 2397 1595 2470 exempla
1641 2398 1979 2466 instillarat,

331 2481 548 2556 quibus
580 2482 939 2556 signiﬁcarat
967 2488 1274 2558 parentum
1308 2492 1463 2543 vota.
1505 2487 1747 2544 Abraha
1801 2488 1983 2545 histo-

329 2572 481 2629 riam
507 2577 563 2629 et
581 2577 768 2643 Isaac,
790 2575 969 2630 Anna
1008 2578 1065 2630 et
1106 2575 1430 2645 Samuelis;
1470 2594 1647 2650 quem
1680 2595 1816 2634 cum
1845 2594 1982 2635 eum

329 2666 445 2720 Deo
475 2663 788 2735 puerulum
820 2663 1054 2734 obtulit,
1087 2663 1171 2723 sic
1198 2666 1373 2722 aﬂ'ata
1401 2672 1528 2722 erat
1557 2667 1635 2739 (α)
1662 2683 1675 2721 :

401 2775 560 2837 Nate,
586 2786 681 2840 ego
700 2771 888 2827 vivum
920 2770 1155 2840 Christo,
1187 2772 1536 2836 charissime,
1570 2791 1770 2830 munus

403 2842 631 2916 θίγεν-νο,
655 2858 756 2913 quo
786 2845 981 2899 matris
1008 2848 1195 2899 votum
1219 2847 1599 2916 promissaque
1629 2847 1849 2915 ﬁrmes;

406 2914 540 2989 Quae
560 2918 623 2989 pte
649 2916 873 2989 concepi
900 2918 1177 2989 precibus,
1201 2914 1424 2989 quaque
1453 2914 1695 2985 optimus
1725 2922 1785 2973 ut
1803 2920 1879 2973 sis

403 2987 485 3041 Et
512 2986 626 3041 vita
655 2986 914 3053 eximius,
947 2986 1541 3059 ﬂagrantibus'expeto
1570 2992 1730 3045 votis.

402 3059 514 3132 Hoc
540 3059 829 3132 gepiiricis
857 3070 977 3113 erat
1002 3068 1221 3114 votum:
1255 3062 1347 3115 cui
1369 3063 1625 3132 protinus
1666 3063 1780 3132 ipse

407 3128 742 3197 Cedendum,
771 3131 833 3185 in
862 3138 1052 3187 tenera
1080 3132 1329 3203 quamvis
1365 3128 1549 3200 (atate,
1578 3128 1794 3203 putavi.

332 3234 565 3307 Ecquis,
596 3234 718 3291 hac
749 3236 901 3292 serio
932 3238 1318 3309 perpendens,
1350 3239 1411 3295 in
1444 3240 1708 3295 animum
1736 3240 1980 3298 induxe-
2012 3279 2056 3349 Ο

332 3325 401 3349 ..ει
432 3325 770 3349 η..-..-..ε--...
828 3326 921 3349 ---ε
947 3328 1218 3349 ..ε-ι-ι,...
1249 3344 1271 3349 -
1301 3329 1642 3349 _.__.___1!l,___
1681 3346 1799 3349 -WA-
1834 3330 1877 3349 1,
1904 3336 1941 3349 ,ι
1964 3348 1971 3349 ,

326 3325 404 3382 rit
431 3325 797 3398 Gregorium,
823 3326 925 3398 qui
946 3328 1223 3399 pietatem
1246 3344 1280 3383 a
1300 3329 1645 3401 parentibus
1673 3346 1809 3385 cum
1834 3330 1984 3387 lacte

324 3414 623 3482 hauserat,
656 3415 728 3470 ad
761 3432 985 3471 annum
1016 3432 1208 3489 usque
1264 3418 1457 3475 atatis
1502 3436 1572 3475 Lv
1615 3419 1984 3491 acquirenda

326 3502 677 3576 eloquentia
699 3521 938 3579 operam
959 3505 1193 3563 dedisse
1219 3523 1343 3564 :nec
1367 3508 1504 3581 ipsi,
1529 3513 1663 3581 post
1684 3509 1986 3583 impensas

324 3593 463 3649 huic
495 3592 691 3650 studio
723 3594 968 3653 Athenis
999 3600 1129 3653 octo
1159 3596 1249 3654 vel
1292 3599 1494 3656 decem
1555 3616 1744 3657 annos
1793 3600 1985 3657 dicere

325 3682 568 3740 licuisse
599 3700 663 3739 se
692 3682 937 3757 longum
968 3689 1204 3759 tempus
1231 3688 1596 3761 impendisse
1619 3689 1647 3745 ?

539 3773 686 3831 XIV.
720 3776 985 3831 Imberbis
1016 3776 1317 3849 Gregorius
1348 3779 1513 3835 rediit
1531 3780 1780 3836 Athenis.

402 3864 562 3919 Adeo
588 3868 785 3920 autem
819 3882 1042 3922 annum
1076 3884 1141 3922 LV
1172 3884 1286 3924 non
1318 3870 1611 3941 attigerat,
1648 3887 1780 3926 cum
1811 3870 1987 3926 Athe-

333 3952 425 4007 nis
457 3954 631 4008 rediit
660 3954 997 4027 Gregorius,
1031 3960 1096 4011 ut
1154 3972 1217 4013 se
1248 3960 1390 4013 tunc
1423 3963 1477 4014 et
1523 3959 1808 4015 Basilium
1860 3982 1889 4010 «
1922 3976 1991 4016 ex

336 4044 701 4102 imberbibus
730 4047 885 4104 viros
932 4048 1172 4104 factos»
1220 4048 1405 4106 fuisse
1452 4051 1626 4107 dicat.
1677 4051 1766 4112 Ὡς
1798 4047 1845 4105 δ’
1897 4047 1987 4105 οὖν

339 4131 706 4206 ἐπανήκοιμεν,
765 4134 932 4210 μικρὰ
986 4136 1066 4208 τῷ
1117 4135 1310 4211 κόσμῳ
1358 4137 1447 4193 καὶ
1494 4142 1564 4213 τῇ
1615 4144 1788 4213 σκηνῇ
1839 4159 1995 4214 χασι-

342 4223 588 4295 σάμενοι,
638 4223 727 4277 καὶ
777 4222 901 4278 ὅσον
949 4224 1040 4279 τὸν
1088 4229 1198 4280 τῶν
1246 4224 1473 4281 πολλῶν
1524 4227 1689 4283 πόθον
1750 4228 1991 4306 ἀφοσιώ-

345 4312 530 4365 σασθαι
580 4310 666 4385 (οὗ
714 4311 814 4389 γὰρ
879 4312 1033 4368 αὐτοί
1092 4336 1153 4391 γε
1218 4312 1441 4392 εἷίχομεν
1507 4319 1823 4393 θεατρικῶς,
1879 4315 1993 4373 οὐδ’

344 4397 767 4475 ἐπιδεικτικῶς),
815 4400 1049 4479 τάχιστα
1095 4402 1389 4480 ἐγενόμεθα
1450 4407 1611 4479 ἡμῶν
1661 4406 1860 4477 αὐτῶν,
1905 4408 1995 4463 καὶ

342 4489 608 4562 τελοῦμεν
666 4490 743 4554 εἰς
801 4489 995 4568 ἄνδρας
1055 4492 1105 4567 ἐξ
1158 4493 1428 4570 ἀγενείων,
1480 4493 1877 4575 ἀνδρικώτερον
1928 4500 1995 4572 τῇ

348 4580 643 4662 φιλοσοφίᾳ
671 4576 1103 4658 προσϐαίνοντες.
1138 4589 1226 4641 An
1256 4603 1389 4643 vero
1420 4587 1744 4645 imberbem
1776 4606 1839 4646 se
1869 4605 1997 4646 esse

2007 1905 2055 1971 B

2077 610 2468 667 imberbibus.
2499 633 2528 663 »
2567 612 2680 681 Sic,
2716 612 2997 684 inquiunt
3028 613 3119 684 (ε),
3152 628 3257 667 nec
3284 612 3443 683 quod
3469 631 3498 661 (ι
3527 626 3597 667 ex
3625 610 3737 666 im-

2078 700 2377 769 berbibus,
2437 701 2594 757 dicat
2646 701 3030 774 (Gregorius),
3086 703 3273 757 factos
3345 700 3523 770 viros,
3559 725 3582 753 ι
3638 700 3736 756 de-

2080 790 2176 845 bet
2206 807 2339 845 cum
2373 795 2643 861 respectu
2676 791 2746 846 ad
2781 795 3009 845 atatem
3043 790 3248 862 accipi,
3282 790 3384 845 sed
3418 788 3618 845 referri
3662 790 3732 843 ad

2079 879 2343 934 animum
2371 898 2383 948 ;
2419 879 2518 951 qui
2552 884 2692 935 tunc
2722 881 2982 951 primum
3018 878 3262 933 viriliter
3289 879 3435 950 erigi
3466 878 3641 949 capit
3670 895 3737 933 ac

2081 968 2365 1035 roborari,
2398 984 2531 1023 cum
2567 968 2820 1040 seposito
2850 968 2981 1023 aliis
3014 968 3279 1040 placendi
3316 967 3533 1034 studio,
3582 968 3737 1037 quod

2082 1056 2559 1128 imperfectorum
2580 1062 2689 1127 est,
2724 1058 2796 1112 ad
2828 1074 3023 1112 veram
3049 1055 3417 1127 solidamque
3436 1054 3736 1122 virtutem,

2083 1163 2209 1218 qua
2240 1154 2328 1202 est
2354 1147 2613 1202 virorum
2647 1148 3060 1219 perfectorum,
3093 1149 3370 1201 conatum
3423 1161 3601 1199 suum
3647 1143 3741 1199 in-

2082 1237 2415 1292 tenderunt.
2451 1236 2581 1292 Haec
2614 1237 2872 1309 profecto
2894 1254 2928 1291 a
2973 1234 3358 1291 Bollandistis
3406 1233 3742 1289 inconside-

2084 1329 2206 1382 rate
2237 1326 2415 1396 dicta,
2451 1326 2540 1381 fas
2570 1326 2647 1381 sit
2675 1327 2905 1393 dicere;
2944 1342 3049 1381 nec
3093 1325 3375 1396 injuriam
3417 1340 3478 1380 se
3525 1322 3744 1378 Basilio

2085 1419 2141 1471 et
2168 1416 2444 1487 Gregorio
2476 1416 2663 1471 facere
2702 1416 3054 1488 cogitarunt,
3108 1430 3242 1469 cum
3295 1413 3485 1481 aiunt,
3536 1435 3566 1465 ‹‹
3598 1416 3745 1467 tunc

2085 1505 2367 1577 primum,
2397 1526 2427 1555 ››
2458 1504 2681 1561 scilicet
2711 1521 2845 1559 cum
2879 1520 3102 1559 annum
3138 1504 3325 1558 atatis
3366 1502 3743 1574 quinquage-

2085 1594 2303 1649 simum
2335 1593 2610 1666 quintum
2642 1592 2998 1666 attigissent,
3017 1608 3221 1648 eorum
3245 1592 3475 1647 animos
3508 1588 3745 1645 «virili-

2084 1687 2175 1737 ter
2203 1682 2341 1753 erigi
2373 1683 2619 1755 capisse
2650 1698 2716 1738 ac
2747 1681 3033 1752 roborari,
3066 1685 3125 1737 et
3156 1680 3415 1753 seposito
3446 1678 3579 1735 aliis
3612 1677 3741 1751 pla-

2083 1772 2251 1828 cendi
2282 1773 2501 1838 studio,
2532 1772 2603 1828 ad
2630 1788 2824 1828 veram
2847 1770 3221 1843 solidamque
3249 1770 3526 1825 virtutem
3555 1785 3741 1824 cona-

2084 1864 2211 1917 tum
2242 1862 2587 1917 intendisse.
2617 1884 2638 1910 ι
2666 1860 2909 1934 Egregia
2926 1877 3060 1916 vero
3105 1860 3236 1915 laus
3275 1857 3474 1915 Basilii
3506 1860 3563 1914 et
3600 1857 3745 1913 Gre-

2085 1950 2265 2024 gorii!
2304 1952 2424 2007 [mo
2456 1950 2712 2007 maxima
2742 1949 3116 2006 contumelia.
3150 1950 3553 2005 Tantorumne
3581 1948 3743 2002 viro-

2086 2056 2219 2095 rum
2248 2040 2505 2108 animus,
2538 2057 2653 2095 non
2685 2039 2797 2095 nisi
2827 2039 3044 2095 exactis
3088 2056 3154 2094 Lv
3195 2038 3388 2105 annis,
3429 2059 3459 2087 ‹‹
3490 2036 3746 2092 viriliter

2087 2130 2227 2200 erigi
2255 2130 2426 2202 capit
2454 2134 2511 2186 et
2541 2130 2613 2185 ad
2644 2146 2841 2185 veram
2872 2129 3242 2201 solidamque
3271 2128 3544 2183 virtutem
3568 2142 3751 2181 cona-

2088 2225 2214 2276 tum
2262 2220 2670 2277 intendere?»
2719 2219 3102 2275 Considerent
3162 2215 3534 2274 Bollandista
3590 2214 3745 2287 quid

2090 2310 2453 2383 scripserint.

2591 2414 2692 2470 XV
2714 2415 2932 2487 Objecta
2959 2412 3239 2470 Bollandi.

2162 2524 2424 2581 Plurima
2452 2522 2656 2596 objicit
2686 2521 3156 2595 Papebrocbius:
3189 2521 3247 2576 1ο
3277 2520 3386 2587 Qui
3438 2519 3565 2575 ﬁeri
3612 2536 3757 2592 pos-

2092 2615 2172 2671 sit
2195 2618 2263 2670 ut
2290 2613 2624 2686 Gregorius,
2657 2612 2759 2684 qui
2788 2612 2882 2667 vix
2909 2610 3377 2683 quadragenario
3402 2610 3594 2680 major
3624 2614 3755 2664 erat

2092 2703 2421 2761 secundum
2450 2701 2807 2757 Tillemontii
2838 2701 3151 2771 calculum,
3202 2716 3336 2756 cum
3387 2698 3564 2771 paulo
3611 2702 3742 2769 post

2092 2793 2292 2849 fratris
2320 2791 2551 2848 Casarii
2581 2795 2639 2847 et
2665 2790 2967 2862 Gorgonia
2989 2789 3210 2846 sororis
3233 2796 3483 2844 mortem
3509 2802 3738 2842 carmen

2094 2884 2166 2939 de
2205 2882 2379 2938 rebus
2409 2881 2534 2937 suis
2566 2881 2823 2952 scripsit,
2844 2884 3124 2951 queratur
3150 2878 3228 2951 (d)
3252 2879 3427 2949 «jam
3449 2882 3623 2948 caput
3643 2892 3743 2929 ca—

2094 2974 2188 3029 nie
2219 2972 2535 3039 albescere,
2594 2986 2927 3043 rugosaque
2979 2970 3248 3024 membra
3295 2969 3365 3024 ad
3398 2967 3586 3021 tristis
3617 2965 3748 3019 vita

2092 3078 2367 3119 occasum
2390 3077 2573 3133 prona
2594 3060 2731 3116 ferri
2746 3060 2774 3114 ?
2794 3060 2895 3114 «2°
2917 3059 3219 3124 Quomodo
3236 3057 3443 3113 Nonna
3458 3054 3754 3128 quinqua-

2093 3152 2333 3225 genaria
2362 3151 2553 3206 ﬁlium
2584 3148 2845 3223 peperit?
2868 3149 3007 3205 Eam
3038 3149 3196 3205 enim
3244 3146 3582 3219 Gregorius,
3632 3160 3758 3199 non

2095 3241 2287 3299 solum
2310 3239 2608 3314 ὁμόζυγον,
2645 3262 2666 3291 α
2701 3241 3038 3312 conjugem,
3062 3260 3091 3288 »
3135 3252 3341 3293 verum
3389 3235 3568 3291 etiam
3620 3230 3757 3305 ὁμό-

2095 3350 2319 3407 χρονον,
2353 3354 2375 3381 ι
2408 3334 2760 3387 coataneam
2781 3350 2807 3379 ››
2841 3329 3025 3385 fuisse
3052 3327 3281 3395 asserit,
3314 3322 3434 3393 ἴσην
3487 3320 3667 3396 πολιῇ
3698 3342 3759 3375 τε

2093 3421 2184 3477 καὶ
2213 3418 2391 3491 ἤθεσι,
2425 3443 2453 3471 ‹‹
2473 3420 2739 3476 moribus
2769 3422 2825 3474 et
2854 3417 3067 3474 canitie
3098 3415 3403 3489 aqualem,
3430 3414 3537 3469 »3°
3599 3413 3763 3477 Quo-

2097 3513 2272 3569 modo
2298 3511 2358 3566 id
2390 3510 2634 3566 tacitum
2666 3507 3146 3581 pratermisisset
3170 3506 3326 3561 ﬁlius
3357 3504 3418 3559 in
3463 3501 3761 3568 oratione,

2097 3619 2213 3675 qua
2243 3604 2554 3674 parentum
2580 3598 2785 3656 laudes
2816 3597 3215 3670 prosequitur,
3242 3592 3619 3665 multalonge
3648 3591 3763 3646 mi-

2098 3692 2335 3747 nutiora
2365 3690 2698 3762 expendens
2721 3689 2748 3745 ?
2771 3688 2905 3744 Suis
2929 3686 3165 3759 quidem
3195 3702 3308 3741 non
3331 3687 3485 3739 caret
3507 3681 3767 3737 difficul-

2096 3781 2319 3838 tatibus
2348 3778 2704 3835 Tillemontii
2754 3778 2974 3850 opinio,
3029 3775 3131 3832 sed
3187 3790 3313 3845 qua
3356 3777 3555 3829 tamen
3610 3769 3763 3826 solvi

2100 3870 2347 3945 possint.
2382 3875 2503 3941 Age
2534 3884 2693 3939 ergo,
2731 3869 2785 3922 1ο
2832 3867 3054 3921 mirum
3107 3880 3236 3921 esse
3284 3879 3401 3919 non
3443 3861 3613 3917 debet
3661 3876 3759 3915 se-

2100 3958 2358 4017 nectutis
2412 3956 2789 4013 incommoda
2870 3954 3326 4012 circumvenisse
3405 3948 3753 4022 Gregorium

2102 4051 2450 4124 priusquam
2473 4048 2546 4103 ad
2559 4063 2688 4102 eam
2704 4048 3089 4116 atatem,qua
3114 4045 3389 4099 senectus
3406 4037 3760 4113 appellatur,

2101 4138 2481 4214 pervenisset.
2514 4137 2574 4192 ld
2606 4136 2764 4192 enim
2795 4153 2912 4190 non
2942 4138 3065 4190 tam
3118 4132 3276 4188 illius
3329 4130 3521 4198 annis,
3575 4143 3767 4201 quam

2101 4226 2570 4294 infirmitatibus,
2598 4225 2928 4281 studiorum
2948 4240 3014 4278 ac
3044 4220 3401 4296 poenitentia
3432 4218 3761 4286 laboribus,

2105 4318 2321 4391 quibus
2336 4318 2462 4388 jam
2488 4315 2736 4371 fractum
2759 4314 2947 4386 ipsius
2970 4316 3094 4368 erat
3113 4327 3349 4383 corpus,
3368 4312 3425 4364 et
3440 4306 3765 4363 senectutis

2104 4406 2481 4464 incommoda
2505 4407 2979 4477 supervenerant,
3019 4401 3423 4457 tribuendum.
3459 4396 3622 4462 Quod
3661 4412 3770 4451 au-

2105 4503 2223 4554 tem
2255 4497 2439 4565 aiunt,
2471 4494 2819 4567 Gregorium
2849 4491 3084 4548 silentio
3116 4508 3232 4546 non
3290 4489 3474 4545 fuisse
3527 4489 3774 4558 prater-

2107 4587 2455 4655 missurum,
2488 4583 2538 4640 si
2568 4599 2637 4639 ex
2667 4586 2853 4639 matre
2877 4586 2999 4637 tam
3042 4583 3326 4653 provecta
3376 4576 3562 4632 atatis
3610 4578 3777 4631 esset

349 4660 539 4730 dicere
562 4677 754 4745 potest
786 4674 872 4729 vir
900 4692 967 4731 Lv
996 4693 1185 4732 annos
1213 4677 1434 4733 natus?
1477 4701 1506 4730 «
1542 4677 1613 4735 Ut
1660 4678 1859 4751 igitur,
1914 4679 2000 4735 in-
2030 4660 2077 4725 D
2109 4682 2315 4745 natus;
2342 4674 2477 4730 utid
2502 4673 2914 4739 concedamus,
2939 4674 3090 4727 certe
3110 4668 3345 4725 silentio
3367 4683 3483 4722 non
3526 4668 3770 4738 prater-

350 4765 479 4836 quit
511 4763 824 4837 Gregorius
853 4765 954 4837 (b),
1013 4765 1255 4822 domum
1307 4768 1521 4823 reversi
1582 4785 1813 4841 sumus,
1866 4786 2001 4825 cum

350 4853 778 4924 aliquantulum
810 4855 1033 4910 mundo
1065 4870 1131 4911 ac
1152 4872 1338 4912 scenae
1355 4858 1790 4926 serviissemus,
1814 4876 2001 4931 quan-

350 4948 479 5000 tum
509 4943 732 5000 scilicet
760 4944 904 5000 satis
928 4949 1075 5017 erat,
1107 4949 1173 5001 ut
1208 4945 1604 5018 plurimorum
1652 4948 2001 5020 obsequere-

352 5050 488 5089 mur
519 5031 821 5105 cupiditati
854 5033 1069 5106 (neque
1100 5035 1258 5090 enim
1304 5035 1543 5107 ipsimet
1589 5037 1663 5092 ad
1705 5037 2003 5094 theatrum

357 5126 417 5179 et
444 5120 894 5179 ostentationem
936 5124 1491 5196 propendebamus),
1541 5125 1817 5182 continuo
1868 5125 2004 5182 facti

355 5228 563 5270 sumus
585 5211 741 5283 juris
773 5212 979 5280 nostri,
1013 5216 1072 5268 et
1101 5229 1168 5269 ex
1195 5213 1560 5270 imberbibus
1592 5215 1729 5271 facti
1774 5216 1883 5271 viri
1930 5217 2004 5271 ad

355 5300 897 5374 philosophandum
916 5318 1021 5357 nos
1035 5304 1395 5359 contulimus
1419 5305 1781 5377 generosius.
1806 5328 1833 5356 »
1854 5306 2005 5372 Quid

357 5391 429 5447 ad
460 5390 582 5447 hac
610 5389 1027 5447 Bollandista?
1057 5392 1309 5449 Solertes
1337 5392 1451 5449 sibi
1498 5395 1791 5467 videntur,
1834 5397 2010 5453 verba

358 5480 623 5554 Gregorii
660 5479 722 5535 in
768 5479 1233 5552 metaphoricum
1281 5500 1523 5540 sensum
1570 5485 2008 5559 detorquentes,

456 5605 510 5682 ᾳ)
542 5609 733 5682 Garm:
767 5606 840 5661 De
867 5605 1029 5682 (chus
1057 5609 1195 5676 suis,
1224 5625 1281 5682 v,
1315 5610 1439 5681 445,
1473 5614 1532 5666 et
1557 5625 1719 5682 seqq.

461 5679 489 5734 b
541 5678 639 5733 Or.
673 5678 759 5746 43,
784 5694 844 5733 n.
882 5679 972 5733 25.

462 5681 513 5824 ei
538 5750 574 5805 9
600 5750 758 5824 Maii,
790 5767 850 5824 p.
882 5751 972 5808 371

440 5750 510 5825 (ο)
538 5750 574 5805 9
600 5750 758 5824 Maii,
790 5767 850 5825 p.
882 5751 1011 5808 371.

2113 4765 2297 4836 misit,
2329 4764 2379 4821 si
2411 4764 2608 4819 minus
2638 4763 2696 4817 in
2733 4761 3012 4830 oratione,
3048 4775 3165 4832 qua
3198 4760 3466 4831 parentes
3485 4753 3769 4822 laudavit,

2114 4856 2321 4913 saltem
2352 4855 2413 4909 in
2445 4853 2702 4909 carmine
2739 4856 2815 4907 De
2848 4852 2967 4907 Vita
2994 4866 3116 4904 sua.
3150 4848 3237 4903 lbi
3278 4845 3433 4903 enim
3492 4859 3773 4911 narrans,

2114 4945 2409 5019 quomodo
2441 4960 2550 5000 sua
2579 4958 2713 4999 eum
2746 4944 2933 4995 mater
2962 4938 3160 4996 statim
3196 4937 3267 4993 ab
3301 4939 3466 4992 utero
3490 4930 3774 4989 obtulerit

2114 5038 2267 5104 Deo;
2303 5051 2370 5091 ac
2409 5032 2619 5089 deinde
2653 5034 2865 5087 iterum
2892 5030 3163 5095 offerens,
3198 5044 3331 5083 cum
3354 5026 3482 5097 jam
3523 5020 3774 5078 rationis

2117 5129 2272 5182 esset
2322 5123 2635 5196 particeps,
2695 5118 3056 5176 consecratis
3110 5107 3416 5173 sacrorum
3482 5112 3774 5168 librorum

2115 5218 2274 5272 tactu
2303 5212 2495 5286 ipsius
2524 5211 2819 5281 manibus,
2843 5209 3058 5280 quibus
3089 5205 3285 5263 verbis
3335 5219 3470 5260 eum
3522 5200 3776 5259 allocuta

2117 5305 2313 5371 fuerit,
2346 5303 2430 5359 sic
2462 5300 2841 5375 prosequitur
2872 5298 2942 5371 (e)
2968 5315 2981 5354 :

2186 5414 2309 5471 Iam
2337 5426 2527 5468 carum
2559 5409 2743 5481 ﬁlium
2770 5407 2975 5478 aliquis
3004 5404 3273 5461 divin-itus
3306 5398 3775 5546 datuml

3513 5486 3777 5546 optimus,

2192 5610 2271 5681 (ά)
2302 5611 2373 5662 v.
2405 5607 2598 5681 307st
2625 5605 2751 5681 398.

2192 5672 2268 5755 (ej
2297 5684 2487 5737 Carm.
2515 5680 2585 5736 De
2613 5678 2775 5735 rebus
2806 5677 2946 5748 suis,
2974 5691 3029 5731 v.
3064 5672 3169 5730 442
3198 5675 3257 5730 et
3285 5686 3409 5743 seq.
