4080 6432
3620 400 3744 463 158

1353 537 1527 610 ﬁeret,
1560 538 1636 597 ad
1663 556 1822 597 aram
1866 539 1965 596 ad-
1995 539 2051 607 Α
2080 540 2309 599 nullum
2336 540 2960 613 fuisse,quamcunque
2981 533 3323 610 religionem
3348 533 3745 607 profiteretur,

239 394 327 458 lli?
1641 406 1828 468 VITA
1874 404 1940 467 S.
1990 405 2392 470 GREGORII.

295 532 727 605 Properantem
758 539 831 592 ut
866 552 1069 595 sacra
1096 538 1309 595 victima

654 678 668 694 _
1754 612 1957 685 [duxitl

318 677 473 753 Sara?
506 678 857 751 tardaparae
889 682 1147 753 prolem.
1223 722 1236 738 .
1316 723 1329 738 .
1411 724 1425 738 .
1506 724 1520 739 .

2081 630 2183 705 qui
2215 631 2342 703 ejus
2365 612 2840 697 sermonibus,ad
2860 643 3007 700 quos
3030 641 3322 683 concursu
3343 640 3558 697 magno
3581 641 3745 681 acce-

2081 721 2295 753 Ληιπη-μι
2342 738 2455 753 “nn
2488 719 2882 753 achanim-mh".
2922 717 3067 753 ﬁniri
3104 716 3151 753 αἱ
3188 714 3589 753 ΩΑΑἰΑρμῖτηιηι
3612 713 3745 753 αμο-

330 713 481 829 si;
507 713 1347 824 arsias‘szz‘auag,
1378 724 1440 811 ..ἰ
1462 724 1718 829 sam...
2081 721 2318 821 debent,
2480 719 2901 829 ροιεοιαι-εεξιξ
2922 717 3071 829 οιξά
3104 716 3159 829 ei
3185 714 3590 829 semesae
3612 713 3750 829 αξξε-

344 801 606 895 ὸῇέξ-οξν
650 801 701 807 ’⁷
747 801 958 810 ””””
990 801 1098 812 ’⁷⁷
1133 801 1347 824 ’””’”””
1382 801 1438 811 ’⁷⁷
1462 801 1718 829 λ””””””
2082 812 2337 884 gorium,
2370 814 2685 883 postquam
2734 806 2936 863 relicta
2983 801 3489 876 Constantinopoli
3535 803 3595 859 in
3627 802 3747 859 otia

2083 905 2214 957 tuta
2245 900 2506 967 recessit,
2530 898 2773 971 longum
2805 898 2877 952 De
2911 898 3028 952 Vita
3056 911 3161 950 sua
3182 893 3746 965 carmen,hujusque

2082 990 2363 1048 carminis
2392 988 2571 1045 veluti
2596 986 2917 1060 quamdam
2940 983 3435 1057 appendicem(sic
3467 982 3621 1038 enim
3647 1000 3746 1039 no-

2079 1080 2171 1137 bis
2186 1079 2479 1152 appellare
2502 1077 2636 1133 licet
2650 1075 2954 1131 conditum
2972 1074 3031 1129 in
3047 1073 3350 1146 episcopos
3373 1088 3575 1129 eorum
3594 1076 3743 1127 tem-

2080 1169 2576 1243 porum),carmen
2601 1166 2718 1221 acri
2737 1182 2802 1220 ac
2825 1163 3155 1220 vehementi
3182 1161 3480 1235 stylo,imo
3501 1161 3747 1217 immen—

2080 1275 2207 1315 sam
2241 1258 2491 1314 aliorum
2525 1255 2879 1321 carminum,
2913 1271 3041 1326 quae
3073 1275 3101 1303 «
3135 1252 3409 1308 Carmina
3446 1268 3681 1325 cygni—ea
3709 1273 3738 1303 »

2077 1352 2308 1414 vocant,
2340 1346 2569 1420 copiam
2600 1344 2935 1401 condidisse
2957 1347 2979 1399 Ρ
3000 1341 3309 1411 Deinde,ut
3341 1345 3546 1397 caetera
3566 1340 3740 1397 omit-

2076 1441 2220 1504 tam,
2252 1436 2586 1510 Gregorius,
2620 1434 2718 1507 qui
2752 1450 2905 1489 anno
2932 1433 3038 1488 362
3082 1433 3153 1487 ad
3199 1431 3618 1487 sacerdotafem
3653 1428 3742 1485 di-

2078 1527 2361 1601 gnitatem
2394 1530 2626 1582 evectus
2655 1528 2743 1581 est
2764 1541 2881 1579 una
2902 1539 3037 1579 cum
3084 1520 3319 1591 Basilio,
3352 1536 3539 1575 annos
3570 1536 3742 1575 sexa-

2077 1618 2241 1691 ginta
2270 1622 2389 1673 tres
2416 1615 2723 1671 habuisset
2751 1630 2820 1670 ex
2849 1613 3041 1669 Suidas
3073 1608 3604 1668 calculo.videlicet
3634 1626 3739 1665 ua-

2078 1712 2175 1763 tus
2217 1724 2369 1762 anno
2397 1705 2522 1760 299.
2559 1704 2835 1773 Queritur
2862 1708 3061 1758 tamen
3098 1700 3389 1756 maturius
3429 1716 3491 1755 se
3518 1699 3737 1755 factum

2078 1797 2462 1864 sacerdotem,
2520 1795 2581 1850 in
2626 1794 2890 1851 oratione
2941 1791 3219 1848 secunda.
3285 1809 3306 1837 α
3348 1790 3429 1845 Ne
3476 1792 3739 1844 extrema

2078 1887 2313 1960 quidem
2346 1888 2639 1952 senectus,
2693 1883 2888 1955 inquit
2922 1884 3021 1955 (ὁ),
3070 1880 3209 1936 huic
3255 1880 3340 1935 rei
3389 1878 3739 1951 prastituta,

2073 1974 2315 2046 longum
2346 1979 2582 2044 tempus
2604 1970 2827 2028 censeri
2860 1970 3089 2026 debet.»
3122 1968 3347 2033 Quibus
3378 1967 3573 2023 verbis
3605 1983 3736 2022 ma-

2072 2064 2283 2120 nifeste
2312 2064 2458 2119 satis
2488 2063 2709 2117 indicat
2735 2059 3110 2132 sejuniorem
3142 2059 3323 2114 fuisse
3354 2073 3532 2129 quam
3558 2072 3739 2128 opor-

2072 2154 2323 2221 tuisset;
2376 2156 2691 2225 posteaque
2740 2150 2883 2217 hinc,
2935 2150 3007 2205 ad
3065 2147 3537 2204 conﬁrmandum
3577 2146 3733 2217 quod

2070 2244 2316 2313 dixerat,
2342 2244 2507 2298 ali‘ert
2535 2241 2712 2297 verba
2751 2239 3120 2296 Salomonis:
3155 2260 3183 2288 ‹‹
3218 2237 3307 2294 Vae
3356 2236 3464 2291 tibi
3508 2235 3733 2304 civitas,

2070 2334 2243 2405 cujus
2276 2348 2375 2387 rex
2396 2331 2601 2403 junior
2628 2338 2712 2387 est
2742 2330 2807 2384 δι.
2841 2350 2869 2380 ››
2900 2328 3003 2383 Vir
3032 2331 3184 2384 certe
3216 2324 3593 2397 sexagenario
3616 2340 3738 2381 ma-

2062 2423 2160 2494 jor
2190 2421 2355 2494 queri
2385 2438 2502 2477 non
2541 2424 2754 2492 potest,
2788 2434 2894 2474 nec
2927 2417 3117 2484 debet,
3150 2432 3212 2472 se
3259 2415 3433 2472 citius
3466 2415 3733 2471 sacerdo-

2069 2511 2184 2567 tale
2218 2526 2435 2566 munus
2468 2508 2820 2581 suscepisse.

293 933 464 990 Suam
490 946 757 1003 namque
813 936 1082 990 matrem
1137 935 1435 991 conferens
1486 934 1800 1008 Gregorius
1833 951 1967 991 cum

299 1023 579 1094 tardipara
604 1022 785 1094 Sara,
821 1040 963 1079 eam
996 1039 1244 1095 quoque,
1274 1029 1339 1079 ut
1369 1024 1558 1097 ipsius
1587 1025 1781 1082 verbis
1812 1028 1967 1095 utar,

304 1110 562 1185 ὸψίτοκον,
595 1112 979 1184 tardiparam
1010 1112 1191 1169 fuisse
1220 1114 1367 1171 satis
1399 1115 1642 1171 indicat.

296 1220 438 1277 XVI.
460 1221 523 1275 In
565 1221 849 1275 sententia
900 1218 1238 1294 Tillemontii
1291 1223 1625 1291 gravissima
1674 1224 1758 1279 est
1814 1222 1966 1294 difﬁ-

1043 1293 1240 1348 cultas.

362 1382 587 1437 Verum
616 1379 736 1436 alia
763 1379 944 1453 longe
989 1382 1213 1454 gravior
1262 1386 1351 1438 est
1400 1382 1460 1438 in
1491 1383 1766 1454 opinione
1797 1383 1971 1439 Tille-

300 1471 517 1527 montii
544 1471 885 1539 difﬁcultas,
920 1487 1048 1542 quae
1099 1472 1349 1528 maxime
1391 1473 1738 1545 scrupulum
1778 1478 1969 1529 movet

300 1560 725 1632 Papebrochio,
798 1577 907 1616 nec
983 1560 1297 1629 immerito,
1351 1565 1527 1634 atque
1575 1563 1752 1618 etiam
1800 1563 1969 1619 nobis

310 1651 466 1723 psis.
491 1650 601 1705 Vix
629 1649 795 1705 enim
817 1650 1028 1705 adduci
1052 1656 1463 1722 possumus,ut
1484 1656 1649 1722 patre
1670 1653 1968 1725 episcopo,

285 1740 393 1812 qui
430 1738 940 1811 quinquagenario
964 1740 1153 1809 major
1181 1746 1305 1795 erat
1335 1757 1469 1796 cum
1500 1741 1831 1813 episcopale
1846 1760 1971 1797 mu-

281 1846 406 1885 nus
474 1828 743 1900 suscepit
801 1833 1008 1882 natum
1058 1844 1187 1884 esse
1236 1830 1544 1885 credamus
1595 1830 1961 1903 Gregorium.

281 1917 453 1973 Nihil
483 1916 603 1972 tale
624 1916 782 1989 apud
813 1933 1016 1972 omnes
1040 1917 1219 1988 hujus
1252 1918 1452 1973 saeculi
1494 1919 1829 1991 scriptores,
1865 1921 1964 1992 qui
1996 1923 2043 1988 B

293 2007 371 2063 de
418 2006 699 2079 Gregorio
742 2006 915 2062 verba
970 2007 1174 2076 fecere,
1243 2008 1550 2080 reperitur.
1598 2009 1756 2064 Nihil
1806 2011 1960 2083 apud

292 2096 749 2168 Hieronymum,
775 2096 877 2167 qui
900 2094 1081 2166 hujus
1104 2097 1356 2153 doctoris
1378 2099 1800 2155 consuetudine
1819 2117 1963 2156 usus

282 2188 403 2249 est,
439 2202 556 2257 quo
606 2184 785 2240 etiam
835 2184 1115 2257 magistro
1168 2201 1229 2242 se
1275 2185 1611 2258 Scripturas
1650 2203 1848 2245 sacras
1879 2189 1963 2245 di-

276 2274 515 2331 dicisse
577 2273 884 2346 gloriatur.
936 2275 996 2330 Si
1037 2278 1199 2347 patre
1244 2276 1519 2349 episcopo
1568 2280 1746 2333 natus
1808 2282 1965 2334 esset

276 2364 637 2437 Gregorius,
669 2363 963 2434 quomodo
1005 2363 1414 2437 Hieronymus,
1448 2366 1550 2438 qui
1600 2365 1660 2422 id
1706 2368 1962 2439 profecto

290 2468 422 2509 non
452 2454 801 2525 ignorasset,
833 2453 929 2509 his
958 2453 1149 2509 verbis
1180 2453 1555 2511 Pammachio
1584 2456 1956 2528 scripsisset:

301 2564 334 2591 α
370 2541 666 2613 Episcopi,
696 2542 1303 2614 presbyteri,diaconi,
1335 2548 1438 2600 aut
1465 2545 1719 2618 virgines
1739 2546 1962 2619 eligun-

298 2636 545 2696 tur,aut
563 2631 732 2702 vidui,
750 2635 854 2688 aut
866 2635 1020 2688 certe
1032 2636 1167 2704 post
1180 2634 1574 2691 sacerdotium
1591 2635 1653 2691 in
1673 2639 1958 2693 aternum

284 2720 503 2793 pudici
524 2720 583 2774 ?n
599 2720 893 2785 Quomodo
916 2721 1071 2777 idem
1096 2726 1337 2779 sanctus
1360 2724 1565 2781 doctor
1582 2724 1958 2783 Jovinianum

281 2812 373 2867 sic
402 2810 626 2882 alloqui
651 2827 837 2866 ausus
867 2810 1077 2867 fuisset
1101 2812 1180 2884 (a)
1205 2829 1218 2867 :
1253 2834 1283 2864 «
1314 2816 1477 2869 Certe
1516 2814 1814 2871 conﬁteris
1840 2832 1957 2871 non

292 2916 466 2969 posse
494 2916 625 2955 esse
653 2899 1019 2971 episcopum,
1047 2900 1148 2972 qui
1196 2902 1256 2957 in
1300 2902 1641 2976 episcopatu
1681 2904 1833 2960 filios
1873 2906 1958 2960 fa-

294 2991 447 3057 ciat;
476 2990 764 3064 alioquin,
798 2990 849 3047 si
880 2991 1280 3063 deprehensus
1311 2994 1511 3066 fuerit,
1534 3011 1650 3051 non
1680 2996 1849 3066 quasi
1871 2997 1960 3053 vir

2141 2601 2304 2665 Quod
2356 2602 2579 2671 spectat
2626 2596 3043 2668 Bollandistas,
3076 2596 3138 2651 in
3196 2612 3307 2651 sua
3354 2593 3732 2665 Chronologiae

2070 2691 2206 2749 Vita
2257 2689 2313 2746 S.
2369 2688 2627 2760 Gregorii
2673 2703 2915 2760 expensa
2960 2694 3012 2742 et
3053 2687 3337 2751 innovata,
3371 2682 3561 2740 Suida:
3605 2682 3731 2755 opi-

2068 2782 2303 2838 nionem
2336 2778 2773 2852 amplectuntur
2796 2795 2810 2846 ;
2834 2793 3013 2849 quam
3035 2780 3103 2831 ut
3128 2778 3425 2844 tueantur,
3450 2772 3731 2829 omnibus

2067 2871 2260 2927 nervis
2292 2870 2657 2926 contendunt
2684 2868 2745 2923 in
2771 2865 3065 2923 vertendis
3098 2863 3577 2937 explicandisque
3598 2862 3732 2935 qui-

2067 2960 2317 3017 busdam
2350 2957 2608 3030 Gregorii
2654 2955 3030 3025 testimoniis,
3066 2972 3189 3026 quae
3236 2955 3381 3026 ipsis
3411 2954 3733 3009 incommo-

2066 3050 2245 3118 dant;
2280 3064 2385 3104 nec
2415 3052 2614 3105 tamen
2648 3046 2908 3115 feliciter,
2944 3045 2993 3102 si
3026 3045 3265 3118 quidem
3312 3042 3440 3099 vela
3470 3044 3606 3098 dare
3635 3056 3730 3097 re-

294 3079 720 3147 tenebitur,sed
742 3079 912 3152 quasi
929 3079 1157 3137 adulter
1185 3082 1563 3139 damnabitur
1580 3084 1609 3139 ?
1636 3106 1665 3135 ››
1686 3084 1801 3141 Nec
1823 3102 1956 3144 vero

286 3168 717 3243 Hieronymum
749 3170 819 3225 de
848 3170 1274 3228 consuetudine
1300 3176 1537 3229 tantum
1569 3173 1956 3232 Occidentalis

591 3258 776 3365 loqui.
802 3260 1152 3332 respondere
1195 3260 1356 3329 licet,
1390 3262 1440 3319 si
1480 3262 1720 3335 quidem
1750 3269 1956 3321 contra
1984 3296 2028 3365 ϐ

267 3348 677 3421 Vigilantium
722 3347 1068 3421 disputans:
1120 3371 1151 3401 «
1210 3351 1359 3415 Quid
1424 3352 1668 3421 faciunt,
1735 3353 1950 3426 inquit,

271 3437 540 3495 Orientis
571 3437 860 3508 Ecclesiae,
897 3440 1038 3512 quid
1064 3442 1379 3515 Egypti,et
1408 3445 1567 3500 sedis
1596 3445 1950 3519 apostolicis,

274 3544 406 3599 quas
439 3532 548 3583 aut
575 3527 835 3601 virgines
870 3529 1110 3589 clericos
1162 3532 1481 3605 accipiunt,
1510 3538 1611 3591 aut
1649 3535 1952 3592 continen-

282 3621 536 3686 tes;aut
580 3618 633 3674 si
678 3635 886 3675 uxores
936 3619 1292 3690 habuerunt,
1343 3624 1542 3679 mariti
1592 3640 1721 3682 esse
1770 3626 1956 3682 desie-

288 3708 470 3763 runt?
494 3731 515 3757 ι
556 3708 909 3765 Innumeros
938 3710 1318 3768 conciliorum
1355 3730 1630 3784 canones,
1660 3718 1955 3772 veterum-

289 3810 401 3864 que
451 3794 693 3849 Patrum
734 3796 1073 3854 testimonia
1120 3799 1207 3854 fas
1275 3799 1370 3855 hic
1436 3806 1591 3858 esset
1642 3805 1951 3877 subjicere,

287 3880 501 3951 quibus
532 3884 868 3939 sacerdotes
896 3888 1105 3958 quarto
1138 3887 1350 3943 saeculo
1371 3888 1443 3944 ab
1468 3890 1750 3947 uxoribus
1772 3891 1954 3948 absti-

286 3971 495 4027 nuisse
518 3973 904 4029 manifestum
936 3979 1046 4044 est,
1081 3976 1297 4048 quique
1341 3994 1457 4034 non
1489 3978 1692 4036 sinunt
1723 3982 1954 4038 credere

288 4062 635 4131 Gregorium
665 4067 830 4135 patre
859 4064 1133 4137 episcopo
1184 4069 1390 4123 natum
1442 4085 1589 4125 esse.
1613 4070 1655 4124 E
1679 4071 1872 4128 medio
1903 4072 1954 4127 si

290 4147 529 4204 abesset
560 4149 626 4216 is,
660 4152 764 4223 qui
796 4156 886 4208 est
918 4153 978 4208 in
1008 4153 1368 4211 Tillemontii
1405 4158 1954 4233 opinione,scrupu-

277 4236 404 4307 Ins,
440 4237 595 4295 hanc
623 4257 728 4311 per
770 4242 1075 4299 obstantes
1122 4243 1496 4303 difficultates
1549 4265 1951 4321 sequeremur,

271 4346 411 4401 qua
448 4330 682 4401 quidem
732 4328 974 4388 leviores
1016 4338 1156 4389 sunt
1208 4350 1385 4406 quam
1445 4353 1571 4408 quis
1612 4338 1669 4393 in
1702 4337 1950 4396 aliorum

281 4417 669 4490 opinionibus
701 4426 1038 4477 occurrunt.

493 4526 671 4582 XVII.
709 4526 1020 4586 Contraria?
1049 4531 1328 4599 opinionis
1357 4533 1742 4592 incommoda.

2064 3142 2345 3208 trorsum,
2379 3152 2675 3209 novasque
2706 3136 2957 3192 subinde
2988 3132 3499 3206 interpretationes
3524 3131 3731 3187 afferre

2066 3231 2377 3300 coguntur,
2429 3243 2557 3299 qua
2606 3225 2695 3281 vel
2748 3225 2894 3298 ipsis
2934 3240 3052 3280 non
3104 3222 3422 3279 admodum
3474 3219 3726 3292 placent.

2068 3319 2433 3389 Quapropter
2480 3315 2593 3371 sibi
2646 3332 2761 3370 non
2812 3316 3105 3379 constant,
3157 3311 3271 3367 nisi
3326 3310 3387 3366 in
3446 3326 3536 3377 eo,
3570 3308 3727 3381 quod

2062 3406 2406 3479 Gregorium
2452 3408 2617 3477 patre
2662 3404 2935 3476 episcopo
2984 3406 3189 3458 natum
3248 3403 3585 3457 constanter
3623 3414 3725 3456 ne-

2062 3501 2223 3569 gent.
2258 3495 2516 3551 Candide
2547 3495 2761 3550 fatetur
2811 3490 3249 3565 Papebrochius
3297 3490 3492 3563 (cujus
3543 3488 3726 3544 animi

2063 3584 2337 3643 candoris
2386 3583 2501 3640 alia
2546 3582 2719 3639 laude
2771 3582 2951 3655 digna
3002 3581 3289 3637 habemus
3340 3577 3722 3649 testimonia),

2062 3691 2198 3731 cum
2253 3672 2672 3730 eruditioribus
2740 3671 3101 3744 quibusdam
3167 3668 3373 3725 amicis
3439 3666 3726 3723 nonnulla

2062 3780 2289 3833 eorum,
2325 3780 2451 3837 quae
2482 3760 2788 3835 proposuit
2809 3760 3154 3817 innovandos
3178 3757 3567 3830 chronologiae
3592 3757 3725 3812 fun-

2063 3854 2359 3921 damenta,
2394 3851 2929 3920 communicasset;
2966 3868 3029 3907 se
3058 3866 3175 3905 non
3206 3864 3411 3904 omnes
3444 3863 3609 3918 aeque
3630 3863 3729 3902 as-

2063 3942 2383 3999 sentientes
2413 3941 2713 3997 habuisse.
2751 3962 2779 3991 ‹‹
2811 3941 3007 4008 Erant,
3038 3939 3233 4012 inquit
3276 3938 3370 4009 (ε),
3401 3936 3620 4009 quibus
3642 3935 3732 3990 vi-

2063 4033 2314 4089 debatur
2342 4031 2750 4103 superstitiosa
2779 4029 3118 4087 sollicitudo
3144 4027 3409 4095 cavendi,
3441 4043 3513 4082 ne
3537 4043 3606 4082 ex
3626 4042 3729 4097 pa-

2062 4124 2150 4176 tre
2188 4121 2312 4191 jam
2361 4119 2633 4191 episcopo
2681 4123 2857 4176 natus
2902 4119 3236 4174 crederetur
3282 4116 3727 4182 Nazianzenus;

2064 4210 2525 4281 metuebantque
2574 4226 2646 4266 ne
2698 4227 2767 4266 ex
2816 4213 3029 4265 nostrae
3077 4224 3143 4263 ac
3193 4206 3367 4279 paulo
3408 4205 3729 4278 superioris

2064 4298 2252 4355 aetatis
2283 4299 2624 4372 pro'ejudicio
2656 4300 2993 4372 procederet
3042 4298 3166 4368 illa,
3199 4296 3487 4353 haereticis
3518 4300 3731 4366 nuptu-

2063 4390 2350 4446 rientibus
2384 4389 2571 4445 risum
2613 4394 2865 4455 motura,
2898 4410 2927 4439 »
2973 4392 3081 4444 etc.
3133 4388 3383 4443 Demum
3415 4390 3728 4458 postquam

2063 4479 2165 4534 diu
2197 4478 2540 4550 disputavit,
2577 4480 2747 4534 modo
2778 4477 3095 4547 huc,modo
3122 4476 3264 4532 illuc
3298 4474 3729 4546 inclinans,ipsi

2063 4566 2380 4623 alternanti
2458 4568 2577 4622 fere
2627 4567 2818 4640 potior
2873 4568 3104 4623 videtur
3154 4565 3389 4622 Baronii
3441 4564 3733 4621 sententia

364 4632 574 4732 §uidas
609 4634 815 4734 scribit
844 4636 1188 4734 Gregorium
1236 4642 1629 4734 nonagenario
1663 4645 1949 4716 majorem
1980 4669 2027 4734 Ι)
2062 4679 2090 4707 ‹‹
2124 4657 2388 4726 Interim,
2423 4632 2747 4730 inquit-(ci),
2784 4657 2885 4729 qui
2926 4656 3073 4711 nihil
3105 4659 3399 4712 mutatum
3432 4653 3605 4719 volet,
3638 4670 3726 4719 eo,

280 4722 521 4789 abiisse,
559 4724 823 4796 adeoque
871 4731 1077 4782 natum
1126 4745 1279 4785 anno
1325 4731 1471 4797 299;
1504 4748 1574 4788 ex
1608 4750 1721 4806 quo
1754 4751 1952 4806 seque-

277 4820 448 4872 retur
467 4816 817 4890 Gregorium
840 4820 1279 4891 octogenarium
1302 4822 1649 4894 fuisse,cum
1672 4827 1952 4883 Constan-

281 4906 598 4978 tinopolim
621 4907 692 4963 ad
716 4907 1141 4965 defendendam
1177 4911 1525 4969 catholicam
1558 4915 1734 4971 ﬁdem
1758 4917 1950 4988 profe-

282 5001 412 5051 ctus
436 4996 669 5052 est.Sed
695 4996 828 5069 quis
849 4998 1046 5053 credat
1066 4999 1256 5056 virum
1279 5004 1719 5075 octogenarium
1740 5004 1862 5061 illic
1883 5023 1952 5064 ea

280 5087 783 5159 praestitisse,qua2
807 5088 1112 5162 praestitit;
1134 5107 1424 5164 paresque
1447 5094 1627 5149 tantis
1648 5094 1949 5153 laboribus

279 5176 604 5235 subeundis
634 5177 746 5233 hac
778 5182 947 5234 astate
976 5178 1127 5235 vires
1150 5179 1618 5252 habuisse,tanta
1644 5185 1695 5240 vi
1717 5185 1949 5242 dicendi

280 5267 530 5326 valuisse
559 5274 613 5326 et
648 5268 935 5338 efﬁcacia,
970 5274 1034 5324 ut
1063 5271 1359 5329 auditores
1390 5291 1741 5344 omnes,non
1774 5278 1948 5333 modo

286 5358 565 5416 catholicae
596 5358 738 5415 ﬁdei
787 5358 1072 5428 addictos,
1106 5361 1204 5416 sed
1252 5362 1412 5435 ipsos
1440 5364 1615 5421 etiam
1648 5365 1949 5425 haereticos

286 5446 387 5503 sibi
415 5450 743 5508 devinciret
766 5447 795 5502 ?
828 5448 909 5504 Ex
949 5448 1074 5520 ipso
1124 5451 1280 5508 enim
1330 5453 1607 5527 Gregorio
1638 5457 1945 5528 discimus,

342 5568 604 5641 “Eccli.,
647 5584 705 5637 ι,
743 5566 800 5622 3.

314 5690 391 5765 (a)
422 5692 631 5765 Lib.)
663 5683 805 5744 adv.
836 5681 1028 5739 Jovin.

304 5762 381 5842 (ὁ)
410 5766 483 5826 Ν.
521 5762 623 5819 72.

2063 4748 2219 4818 quod
2252 4746 2494 4816 Ἐτήσιαι
2528 4747 2642 4819 ipsi
2692 4764 2809 4803 non
2859 4747 3169 4802 videantur
3214 4762 3317 4817 pro
3360 4767 3389 4795 ‹‹
3419 4744 3556 4799 anni
3590 4759 3728 4797 cur-

2061 4836 2244 4891 riculo
2276 4857 2305 4885 »
2357 4853 2530 4908 posse
2576 4854 2679 4908 per
2724 4836 3128 4908 metaphoram
3187 4834 3393 4906 accipi,
3446 4837 3730 4904 sequatur

2062 4947 2091 4976 «
2126 4925 2358 4982 Baronii
2390 4926 2764 4982 sententiam.
2801 4948 2829 4977 »

2500 5069 2700 5125 XVIII.
2731 5070 2964 5126 Baronii
2991 5069 3283 5125 sententia.

2131 5195 2211 5249 Ea
2241 5197 2437 5249 autem
2471 5198 2560 5250 est
2591 5194 2901 5250 Annalium
2952 5194 3213 5267 parentis
3258 5194 3587 5259 sententia;
3621 5208 3726 5264 per

2058 5282 2415 5356 hyperbolen
2447 5283 2710 5340 locutum
2745 5285 2928 5341 fuisse
2953 5284 3297 5357 Gregorium
3330 5287 3725 5355 patrem,cum

2058 5373 2153 5430 his
2182 5373 2394 5444 verbis,
2429 5397 2458 5423 ‹‹
2512 5375 2774 5430 nondum
2825 5380 2911 5430 tot
2958 5392 3167 5445 annos,
3209 5377 3344 5445 etc.,
3394 5394 3423 5425 »
3477 5372 3725 5429 suadere

2058 5461 2177 5518 ﬁlio
2209 5468 2542 5529 conaretur,
2575 5470 2640 5519 ut
2684 5465 3051 5537 pastoritiam
3104 5481 3303 5520 curam
3352 5462 3720 5535 susciperet;

2130 5696 2204 5840 ἓσ)
2232 5697 2381 5779 App.
2417 5696 2489 5752 ad
2520 5700 2562 5751 t.
2594 5697 2695 5752 VII
2728 5696 2889 5770 Maii,
2918 5715 2975 5771 p.
3007 5699 3134 5753 844.

2154 5768 2211 5839 d)
2242 5767 2415 5837 Ibid.,
2444 5768 2572 5840 845,
2605 5767 2714 5826 col.
2754 5771 2806 5826 1.

2154 5768 2211 5839 d)
2242 5767 2415 5837 Ibid.,
2444 5768 2572 5840 845,
2605 5767 2714 5826 col.
2754 5771 2806 5826 1.
