4080 6426
449 422 564 491 159

447 560 744 636 quomodo
772 578 924 637 saepe
973 580 1088 621 non
1138 562 1392 622 multum
1427 563 1768 640 grandiores
1799 583 1936 623 nam
1970 570 2097 623 tan-
2130 568 2185 636 Α

445 651 573 708 tillo
604 669 667 709 se
691 654 1028 724 ,unioribus
1056 654 1279 725 dicunt,
1314 673 1374 713 se
1408 657 1463 712 id
1514 657 1584 712 de
1617 674 1733 730 quo
1764 658 1957 729 agitur
1988 655 2099 713 sci-

447 741 601 799 visse
630 741 979 814 priusquam
1009 750 1391 801 nascerentur
1420 745 1667 801 alii.Hac
1698 747 1921 802 ratione
1938 763 2098 802 scru-

448 830 657 903 pulum
689 830 761 887 iis
800 849 869 887 ex
899 833 1095 889 animo
1128 834 1341 905 evellit,
1375 836 1472 906 qui
1509 842 1570 890 ut
1615 837 1854 891 credant
1887 836 2099 907 Grego-

448 919 604 975 rium
638 926 797 991 patre
828 921 1098 994 episcopo
1149 930 1351 979 natum
1400 942 1527 980 esse
1576 926 1788 980 adduci
1819 942 1933 980 non
1968 941 2099 996 pos-

450 1012 612 1065 sunt.
645 1009 850 1065 Censet
872 1010 948 1081 (a)
978 1028 1229 1084 namque
1277 1030 1411 1068 eum
1458 1014 1632 1068 etiam
1674 1034 1694 1062 ι
1750 1018 1911 1085 patre
1951 1030 2101 1068 non-

449 1097 592 1152 dum
624 1096 950 1154 Christiano
983 1105 1206 1155 natum.
1245 1124 1271 1149 ››
1303 1102 1517 1158 Verum
1544 1102 1829 1159 Baronius
1862 1120 2104 1174 scrupu-

447 1184 575 1243 lum
604 1185 781 1242 simul
813 1205 923 1244 sua
951 1188 1427 1262 interpretatione
1457 1192 1637 1248 donat
1657 1196 1713 1248 et
1744 1193 1949 1249 aufert.
1984 1191 2103 1247 Illis

450 1275 689 1348 quidem
721 1277 926 1347 aufert,
959 1278 1059 1350 qui
1114 1286 1355 1337 censent
1396 1282 1741 1355 Gregorium
1774 1287 1938 1355 patre
1977 1282 2105 1354 epi-

448 1381 625 1437 scopo
657 1369 861 1422 natum
910 1385 1027 1424 non
1071 1385 1237 1438 esse;
1271 1371 1451 1427 donat
1502 1376 1699 1427 autem
1742 1372 1894 1441 aliis,
1930 1375 2105 1444 atque

446 1452 742 1525 imprimis
762 1454 1157 1522 Tillemontio,
1180 1459 1278 1529 qui
1311 1460 1652 1532 Gregorium
1686 1462 1908 1533 absque
1940 1478 2103 1516 men-

452 1542 618 1599 dacio
651 1543 734 1599 sic
763 1543 923 1617 loqui
955 1563 1071 1601 non
1102 1548 1383 1618 potuisse,
1416 1554 1472 1605 et
1498 1549 1597 1605 tali
1630 1550 1942 1623 hyperbole
1972 1567 2102 1623 gra-

451 1630 601 1687 viter
622 1632 833 1688 offendi
868 1635 1170 1691 veritatem
1204 1637 1478 1713 affirmat.

452 1738 599 1818 ΧΙξςτ
662 1742 935 1818 Qua’libet
976 1744 1162 1813 opinio
1216 1746 1335 1799 suis
1391 1746 1615 1803 laborat
1664 1747 2102 1818 difﬁcultatibus.

521 1813 823 1892 Minoribus
870 1824 1096 1892 urgetur
1129 1831 1268 1892 gum
1322 1820 1516 1892 statuit
1577 1813 1896 1889 Gregorium
1945 1829 2109 1892 patre

524 1883 848 1955 christiano,
876 1885 966 1939 sed
994 1883 1237 1941 nondum
1266 1891 1512 1961 episcopo
1540 1883 1756 1947 natum.

526 1988 699 2045 Nulla
726 2006 795 2046 ex
825 1990 915 2047 his
948 1993 1223 2049 omnibus
1268 1999 1358 2051 est
1384 1996 1781 2068 opinionibus,
1814 2014 1942 2069 quae
1993 2016 2107 2055 non

453 2078 658 2135 multis
670 2080 1062 2153 gravibusque
1084 2081 1533 2141 difficultatibus
1547 2085 1860 2143 lahoret.Ill
1872 2105 1904 2142 a
1916 2105 2108 2159 porro,

450 2168 622 2224 nobis
652 2169 852 2225 omnia
880 2172 1304 2228 meditantibus
1350 2173 1746 2243 incommoda,
1782 2176 2109 2234 minoribus

451 2258 649 2329 urgeri
697 2258 820 2314 visa
868 2263 976 2327 est,
1027 2277 1154 2331 quae
1213 2260 1560 2335 Gregorium
1624 2270 1787 2336 patre
1846 2266 2109 2322 nondum

451 2348 749 2419 episGOpo,
780 2348 882 2403 sed
908 2350 1029 2418 jam
1060 2349 1389 2407 Christiano
1437 2357 1641 2409 natum
1688 2371 1842 2410 anno
1872 2356 1978 2410 325
2009 2358 2111 2411 aut

449 2437 691 2495 ineunte
721 2437 824 2493 326
854 2439 1061 2494 statuit
1081 2455 1151 2496 ex
1180 2439 1370 2512 ipsius
1401 2442 1660 2515 Gregorii
1693 2445 1905 2501 verbis.
1938 2466 1959 2497 ε
1992 2447 2109 2500 An-

456 2542 573 2581 nus
604 2526 770 2595 mihi,
800 2549 828 2578 »
863 2527 1055 2599 inquit
1086 2529 1160 2601 (b)
1181 2552 1207 2580 ‹‹
1232 2531 1360 2602 jam
1383 2549 1529 2604 pene
1558 2533 1891 2590 tricesimus
1923 2539 2063 2605 erat,
2083 2558 2103 2585 ι

454 2630 590 2671 eum
618 2615 884 2688 Athenis,
915 2632 1069 2673 anno
1117 2619 1223 2673 355
1264 2620 1351 2676 vel
1393 2622 1518 2690 356,
1552 2622 1850 2679 discedere
1893 2623 2109 2697 cogita-

453 2704 575 2760 bat.
626 2704 797 2761 Nasci
850 2722 987 2779 ergo
1043 2708 1248 2763 debuit
1306 2728 1459 2766 anno
1517 2713 1623 2766 325
1680 2716 1951 2781 exeunte,
2009 2719 2113 2771 aut

455 2793 697 2850 ineunte
716 2795 842 2863 326,
875 2800 941 2851 ut
987 2797 1328 2870 trigesimus
1376 2799 1460 2855 illi
1501 2818 1693 2856 annus
1739 2807 1889 2858 esset
1916 2801 1968 2858 is
1995 2820 2111 2875 quo

457 2882 721 2938 Athenas
742 2883 1145 2958 reliquit.Ejus
1165 2892 1329 2960 pater
1350 2890 1610 2945 nondum
1633 2896 1756 2947 erat
1775 2893 2109 2965 episcopus;

458 2971 559 3027 sed
593 2986 727 3027 eum
753 2972 1151 3030 Christianum
1184 2980 1326 3033 tunc
1377 2978 1575 3046 fuisse,
1611 2982 1879 3051 quamvis
1911 2986 2115 3036 contra

456 3061 671 3117 sentiat
702 3062 1007 3131 Baronius,
1041 3064 1374 3138 colligimus
1405 3085 1471 3121 ex
1494 3070 1751 3124 carmine
1774 3070 1977 3141 quinto
2012 3071 2111 3125 ubi

457 3148 542 3207 ait
571 3148 888 3223 Gregorius
919 3168 981 3207 se
1012 3158 1217 3210 natum
1263 3157 1461 3212 statim
1496 3175 1529 3213 a
1558 3157 1763 3214 Nonna
1799 3160 1916 3215 Deo
1950 3158 2112 3216 obla-

454 3242 585 3295 tum
611 3254 624 3293 ε
657 3239 866 3296 deinde
895 3242 1077 3310 addit,
1118 3261 1140 3290 σ
1169 3248 1225 3300 et
1254 3262 1288 3300 a
1335 3247 1676 3317 parentibus
1723 3249 1982 3321 suscepit
2012 3251 2114 3304 do-

1782 430 1969 495 VITA
2013 428 2076 492 S.
2125 426 2526 493 GREGORII.

3711 424 3810 485 160

2286 561 2541 621 Nondum
2571 568 2781 619 tantam
2810 574 3057 618 emensus
3086 574 3142 616 es
3170 558 3360 623 vitam,

2290 637 2566 705 Quantum
2598 634 2879 709 praeteriit
2907 633 3051 689 mihi
3076 631 3475 704 sacrificiorum
3502 636 3709 703 tempus.

2210 748 2338 801 Non
2390 743 2470 800 ait
2521 741 2835 815 Gregorius
2888 741 3040 797 facta
3085 758 3118 795 a
3158 756 3241 806 se,
3292 739 3407 795 sive
3451 742 3510 794 ut
3539 738 3817 803 sacerdote,

2212 834 2331 889 sive
2364 838 2426 888 ut
2474 832 2768 904 episcopo,
2820 830 3141 898 sacriﬁcia;
3197 829 3291 883 sed
3324 827 3500 883 tilium
3533 844 3689 883 suum
3719 832 3819 881 tan-

2211 929 2333 979 tam
2370 923 2629 978 nondum
2663 920 2842 975 vitam
2897 936 3025 975 esse
3076 934 3399 986 emensum,
3434 921 3701 988 quantum
3730 916 3816 970 sibi

2212 1011 2325 1083 ipsi
2386 1010 2809 1067 sacrificiorum
2855 1013 3090 1081 tempus
3142 1031 3169 1057 ‹‹
3231 1006 3608 1077 praeteriisset.
3638 1025 3662 1055 ιι
3698 1005 3815 1071 Quid

2212 1117 2384 1174 porro
2416 1104 2571 1156 vetat
2600 1098 2921 1171 quominus
2972 1098 3242 1153 dicamus
3290 1094 3572 1152 sacriﬁcia
3615 1110 3675 1148 ea
3720 1108 3821 1147 esse

2214 1206 2381 1245 sacra.
2429 1188 2729 1261 mysteria,
2764 1187 2980 1259 quibus
3031 1191 3166 1259 post
3217 1188 3546 1256 susceptum
3576 1182 3821 1254 baptisma

2212 1279 2579 1347 interfuerat,
2639 1293 2890 1350 quorum
2949 1278 3240 1349 particeps
3294 1275 3499 1339 fuerat,
3564 1272 3672 1326 imo
3724 1286 3819 1342 quae

2212 1368 2409 1440 etiam,
2443 1368 2493 1423 si
2526 1367 2723 1423 minus
2750 1370 2814 1422 ut
2845 1366 3142 1433 sacerdos,
3177 1364 3382 1421 saltem
3413 1367 3476 1419 ut
3505 1360 3818 1417 Christianus

2213 1476 2319 1515 suo
2352 1458 2526 1514 modo
2557 1474 2660 1530 per
2687 1456 2910 1528 aliquot
2941 1472 3125 1510 annos
3157 1452 3468 1521 obtulerat,
3494 1450 3824 1523 quemadnm'

2215 1549 2357 1604 dum
2394 1546 2595 1603 fideles
2628 1546 2832 1602 offerre
2857 1544 3239 1616 solent,juxta
3269 1543 3388 1598 haec
3421 1542 3602 1598 Missa!
3622 1537 3822 1595 canonis

2212 1638 2428 1693 verba:
2463 1637 2726 1692 Memento
2773 1636 2962 1701 etiam,
3023 1634 3315 1689 Domine...
3364 1637 3414 1687 et
3463 1631 3693 1688 omnium
3739 1629 3823 1682 cir-

2215 1727 2630 1793 cumstantium,
2664 1740 2900 1797 quorum
2949 1725 3053 1779 tibi
3100 1722 3233 1795 ﬁdes
3278 1722 3497 1794 cognita
3539 1728 3612 1775 est
3643 1721 3689 1773 ct
3722 1720 3823 1772 nota

2216 1817 2443 1883 devotio,
2470 1832 2570 1885 pro
2602 1816 2796 1886 quibus
2843 1814 2949 1870 tibi
2993 1814 3301 1886 offerimus,
3335 1812 3419 1867 vel
3466 1811 3559 1882 qui
3601 1807 3699 1865 tibi
3729 1806 3823 1877 θηε-

2219 1912 2354 1962 runt
2385 1907 2484 1962 hoc
2528 1906 2863 1975 sacriﬁcium
2910 1903 3090 1959 laudis
3111 1905 3137 1956 .9
3184 1906 3291 1958 etc.
3325 1902 3407 1956 Ex
3435 1915 3546 1972 quo
3574 1913 3696 1970 ergo
3722 1911 3824 1950 sus-

2222 2000 2454 2069 ceperat
2502 1994 2803 2067 baptisma
2846 1992 3183 2065 Gregorius,
3222 1991 3406 2047 sacris
3455 1986 3722 2061 mysteriis
3755 1985 3824 2039 in-

2218 2089 2523 2157 terfuerat,
2553 2087 2765 2144 horum
2800 2087 3092 2160 particeps
3124 2085 3336 2150 fuerat,
3366 2081 3567 2139 exinde
3595 2102 3620 2130 ‹‹
3646 2075 3824 2134 sacrifi-

2220 2176 2445 2234 ciorum
2479 2199 2505 2227 n
2529 2181 2767 2249 tempus
2798 2175 2908 2248 ipsi
2943 2175 3122 2230 fluere
3154 2177 3424 2246 coeperat,
3459 2172 3521 2226 ut
3547 2169 3650 2240 ipsi
3676 2166 3825 2221 dicere

2218 2267 2451 2323 licuerit
2476 2267 2661 2322 filiuni
2695 2266 3044 2338 alloquendo
3070 2281 3122 2319 :«
3143 2263 3416 2319 Nondum
3440 2263 3647 2316 tantam
3669 2270 3822 2311 emen-

2221 2374 2323 2413 sus
2355 2373 2417 2412 es
2440 2356 2936 2428 vitam,quantum
2969 2353 3250 2427 prreteriit
3282 2351 3428 2407 mihi
3458 2346 3821 2406 sacrificiorum

2218 2449 2477 2518 tempus.
2516 2469 2536 2495 ι
2586 2446 2748 2510 Quod
2800 2444 3036 2515 quidem
3088 2442 3260 2514 longe
3309 2439 3666 2497 verissimum
3708 2434 3819 2490 erat.

2219 2536 2395 2603 Quin,
2430 2534 2765 2606 Theologus
2795 2534 2941 2605 ipse,
2975 2532 3236 2587 carmine
3271 2532 3343 2586 De
3386 2531 3509 2586 Vita
3536 2543 3629 2584 sua
3655 2524 3736 2596 (ἀ),
3761 2520 3823 2575 sic

2223 2626 2404 2681 Deum
2436 2626 2680 2679 affatur:
2717 2646 2745 2673 «
2780 2621 3060 2691 Precor,si
3086 2620 3325 2693 quando
3344 2625 3399 2675 te
3430 2623 3589 2691 pater
3615 2620 3663 2671 et
3685 2624 3816 2705 vene:

2220 2715 2404 2770 renda
2435 2718 2622 2768 mater
2653 2717 2752 2768 aut
2778 2712 3037 2766 victimis
3059 2710 3223 2781 puris
3253 2715 3313 2765 et
3337 2708 3555 2765 sanctis
3584 2702 3809 2795 munerati

2222 2807 2399 2870 sunt;
2437 2825 2464 2853 »
2497 2802 2868 2857 victimarum
2900 2800 3136 2855 nomine
3159 2798 3254 2870 pia
3279 2815 3458 2870 opera
3484 2813 3549 2852 ex
3575 2790 3811 2849 charitatis

2222 2893 2429 2949 affectu
2463 2892 2578 2946 Deo
2605 2889 2800 2946 oblata
2829 2889 2987 2944 haud
3020 2888 3196 2943 dubie
3224 2886 3563 2959 intelligens
3586 2887 3653 2951 ;et
3676 2890 3817 2932 carm.

2219 2999 2279 3038 xx
2328 2981 2419 3053 (e),
2479 2981 2693 3036 animas
2749 2979 3018 3034 victimas
3078 2978 3422 3032 incruentas
3469 2997 3496 3026 »
3553 2968 3821 3028 memorati

2223 3071 2363 3143 quid
2392 3070 2572 3142 igitur
2600 3070 2818 3134 obstat,
2851 3067 3171 3139 quominus
3217 3066 3426 3122 eodem
3458 3078 3624 3121 sensu
3651 3059 3820 3125 Grego-

2223 3160 2349 3215 rius
2370 3163 2535 3231 pater
2576 3174 2775 3214 sacras
2819 3156 3089 3213 victimas
3137 3154 3527 3219 intellexerit;
3577 3150 3729 3219 idque
3752 3158 3824 3197 so-

2223 3247 2349 3303 lum
2380 3246 2647 3302 versibus
2697 3244 2814 3300 illis
2863 3242 3283 3311 declaraverit;
3342 3242 3604 3297 videlicet
3645 3250 3741 3292 non
3763 3232 3823 3284 tot

459 3345 642 3385 num:
680 3350 707 3380 »
738 3327 827 3383 καὶ
882 3328 942 3383 ἐκ
986 3332 1188 3387 τοκέων
1234 3331 1495 3390 ὑπέδεκτο
1543 3332 1740 3412 δῶρον.
1775 3319 1959 3411 Igitur
1986 3339 2111 3411 ipse

2225 3337 2353 3391 vitae
2383 3352 2570 3391 annos
2592 3334 2924 3389 decurrisse
2946 3332 3324 3404 filium,quod
3345 3332 3469 3402 ipse
3494 3330 3552 3385 in
3572 3319 3822 3384 efferendis

456 3433 691 3491 quoque
716 3418 1032 3493 Gregorius
1064 3426 1229 3494 pater
1257 3424 1443 3481 filium
1470 3442 1603 3483 vero
1633 3429 1750 3484 Deo
1798 3428 2112 3493 obtulerat,

458 3507 824 3582 proindeque
882 3526 1017 3565 eum
1077 3515 1220 3568 tunc
1288 3514 1532 3571 colebat.
1619 3517 1888 3574 Carmine
1936 3518 2113 3573 etiam

458 3596 572 3654 alio
603 3596 693 3668 (c),
722 3604 1032 3671 postquam
1060 3604 1320 3659 narravit
1346 3607 1633 3677 quomodo
1663 3608 1757 3662 vix
1787 3612 1961 3663 natus
1998 3608 2113 3663 Deo

460 3686 689 3742 dicatus
721 3687 898 3743 fuerit
943 3692 1000 3744 et
1048 3690 1302 3763 oblatus,
1361 3694 1551 3749 instar
1590 3695 1758 3751 vituli
1808 3696 1895 3752 vel
1937 3696 2111 3769 agni;

465 3796 494 3829 α
522 3792 637 3831 non
670 3775 827 3832 enim
849 3777 1038 3834 dicere
1055 3781 1260 3848 audeo,
1286 3787 1549 3840 utnovus
1581 3786 1819 3858 quidam
1854 3784 2114 3851 Samuel,

458 3865 572 3922 nisi
603 3866 672 3920 ad
707 3882 908 3922 eorum
943 3869 1041 3939 qui
1063 3870 1347 3927 dederunt
1375 3874 2116 3947 desideriumrespiciam.»

460 3990 570 4048 ΧΧ.
604 3991 732 4072 Alia
780 3992 1072 4072 verborum
1122 3993 1371 4072 Gregorii
1414 4000 1590 4069 patris
1639 4002 2019 4072 interpretatio
2048 4018 2121 4057 ea:

675 4062 894 4118 Memor.
931 4066 1078 4122 Trev.
1112 4062 1242 4139 Apr:
1269 4062 1428 4141 1707,
1460 4075 1566 4126 art.
1601 4088 1652 4137 L,
1681 4089 1738 4144 ρ.
1767 4062 1893 4128 711.

534 4168 668 4224 Jam
699 4183 834 4225 vero
858 4169 906 4227 si
939 4187 1108 4244 roges
1148 4191 1265 4245 qua
1321 4176 1546 4233 ratione
1587 4179 1847 4251 Gregorii
1896 4183 2121 4236 textum

465 4257 940 4330 interpretemur,
971 4277 1040 4316 ex
1071 4277 1187 4334 quo
1218 4262 1317 4319 alii
1346 4281 1480 4322 eum
1511 4271 1673 4339 patre
1715 4269 1986 4341 episcopo
2020 4288 2121 4326 na-

464 4350 594 4402 tum
625 4346 929 4420 colligunt,
962 4351 1179 4423 accipe.
1212 4353 1403 4411 Verba
1428 4355 1556 4428 ipsa
1584 4355 1698 4413 huc
1729 4360 2048 4415 revocanda
2069 4364 2126 4416 et

466 4435 652 4492 oculis
684 4436 1071 4509 subjicienda.

541 4556 710 4643 ρέίπω
739 4565 997 4643 τοσοὲτον
1032 4563 1445 4643 ἐκμεμέιςρηξιας
1483 4568 1622 4643 βίον,

541 4633 708 4694 ’Όσος
738 4634 987 4711 παρῆλθε
1019 4633 1215 4701 θυοιῶν
1249 4633 1372 4712 {uel
1404 4633 1627 4716 χρὸνοςξ

539 4724 794 4802 Nondum
825 4730 908 4802 tot
935 4744 1109 4785 annos
1137 4732 1248 4785 vita
1273 4736 1549 4802 percurrit
1579 4739 1695 4802 tua,

542 4797 683 4865 Quot
710 4798 794 4853 mi
822 4799 883 4853 in
904 4802 1081 4857 sacris
1098 4802 1222 4874 jam
1248 4797 1378 4859 sunt
1400 4809 1621 4877 peracti
1646 4797 1908 4864 victimis.

469 4931 728 5001 Gregorii
757 4934 936 4989 verba
965 4934 1048 4990 sic
1073 4938 1327 4994 reddunt
1360 4941 1461 5012 qui
1493 4957 1629 4997 eum
1660 4947 1824 5013 patre
1853 4943 2126 5015 episcopo

467 5023 673 5075 natum
703 5035 831 5076 esse
860 5026 1221 5082 contendunt
1243 5042 1464 5084 :verum
1486 5029 1546 5084 hi
1570 5031 1794 5087 addunt
1827 5033 1886 5087 in
1909 5050 2017 5088 sua
2037 5034 2127 5087 in-

465 5110 902 5180 terpretatione,
935 5115 1091 5183 quod
1140 5116 1201 5171 in
1252 5116 1445 5173 Graeco
1494 5122 1653 5174 textu
1706 5138 1821 5176 non
1861 5126 2125 5193 apparet,

470 5214 683 5268 nempe
721 5218 745 5247 ‹
777 5202 1015 5271 peracti.
1054 5224 1081 5253 »
1114 5204 1291 5260 Porro
1325 5208 1505 5263 textui
1560 5208 1706 5263 nihil
1739 5212 1993 5266 addatur
2021 5227 2128 5265 nec

469 5287 835 5356 detrahatur,
869 5292 972 5345 sed
1020 5292 1093 5346 ad
1146 5295 1389 5350 verbum
1438 5296 1737 5353 reddatur.
1772 5300 1867 5355 Sic
1908 5300 2129 5371 optime

468 5376 728 5432 reddidit
756 5383 961 5433 auctor
998 5381 1279 5452 epistolae,
1314 5385 1370 5439 in
1419 5387 1861 5443 commentariis
1889 5388 2127 5444 Trevol-

467 5465 673 5536 tianis,
703 5481 771 5523 ex
798 5484 916 5539 qua
945 5468 1067 5524 haec
1098 5471 1444 5530 hausimus:

541 5625 620 5771 Sa)
649 5627 685 5683 9
714 5627 870 5699 Maii,
904 5646 958 5701 p.
992 5628 1117 5702 375,
1152 5630 1259 5688 col.
1294 5634 1346 5707 1,
1383 5652 1441 5693 n.
1473 5637 1526 5692 9.

566 5700 618 5771 b)
649 5697 840 5757 Carm.
880 5705 959 5757 De
987 5704 1161 5760 anim.
1192 5721 1313 5765 sua:
1340 5709 1523 5766 catam

566 5700 618 5779 ὁ)
649 5697 861 5779 (ξεινίης
880 5697 959 5779 _De
987 5697 1161 5779 anim.
1192 5697 1565 5779 suaz'calamq
1595 5725 1649 5766 v.
1682 5712 1805 5767 199.

551 5774 620 5846 (α)
648 5771 840 5833 Carm.
871 5772 947 5832 De
972 5775 1086 5833 vita
1109 5792 1229 5850 sua,
1260 5794 1314 5838 v.
1345 5779 1435 5836 88.

2222 3431 2336 3481 Deo
2366 3424 2718 3481 Christianis
2749 3423 3027 3494 operibus
3058 3418 3474 3492 impenderat?

2256 3540 2396 3597 XXI.
2431 3539 2677 3611 Gregorii
2694 3538 2871 3593 verbis
2893 3535 3168 3592 mendacii
3197 3544 3331 3592 nota
3352 3552 3463 3593 non
3492 3535 3637 3591 debet
3660 3525 3801 3587 inuri.

2293 3651 2739 3714 Praeterea,cum
2770 3645 3015 3701 Baronio
3038 3643 3173 3700 licet
3210 3643 3427 3713 dicere,
3473 3659 3573 3717 per
3600 3633 3834 3711 hyperbo-

2222 3735 2318 3793 len
2350 3737 2435 3793 sic
2466 3736 2727 3792 locutum
2762 3734 2942 3789 fuisse
2986 3733 3334 3806 Gregorium
3365 3760 3377 3803 ;
3403 3733 3555 3808 quod
3577 3729 3736 3785 illwsa

2226 3827 2397 3883 ritate
2429 3826 2618 3898 potuit
2646 3830 2834 3897 poeta.
2870 3828 3030 3878 Certe
3064 3824 3381 3895 Gregorius
3404 3826 3565 3896 pater
3584 3818 3665 3875 his
3682 3812 3837 3909 verbis

2227 3932 2334 3971 nec
2364 3914 2568 3970 fefellit
2599 3913 2807 3984 filium,
2841 3929 2948 3967 nec
2999 3910 3197 3967 fallere
3249 3911 3523 3981 intendit,
3549 3912 3641 3966 aut
3667 3901 3836 3997 petii-lt.

2228 4020 2335 4061 nec
2366 4003 2528 4060 aliud
2561 4003 2800 4058 demum
2832 4001 3163 4071 signiﬁcare
3192 4001 3371 4057 voluit
3395 4017 3570 4073 quam
3592 3993 3721 4070 quod
3742 3989 3835 4085 filio

2230 4092 2612 4150 notissimum
2644 4096 2787 4148 erat.
2822 4091 3037 4147 Mirum
3072 4090 3329 4163 profecto
3362 4095 3451 4145 est
3496 4090 3587 4145 his
3624 4085 3838 4153 Gregorll

2228 4184 2421 4239 verbis
2449 4180 2741 4237 mendacii
2794 4184 2994 4236 notam
3038 4178 3193 4235 inuri
3252 4179 3324 4235 ab
3382 4180 3476 4246 iis,
3510 4178 3607 4251 qui
3634 4170 3840 4229 fatentur

2231 4290 2366 4329 cum
2399 4269 2778 4328 Bollandistis
2820 4269 3097 4343 Gregorio
3143 4268 3384 4326 licuisse
3434 4268 3620 4323 dicere
3662 4261 3831 4343 absque

2233 4362 2817 4431 mendacio,matrem
2836 4341 3005 4414 suam
3019 4363 3373 4414 coaetaneum
3391 4358 3570 4414 fuisse
3582 4350 3734 4427 patri,
3755 4341 3833 4396 ἴσον

2232 4448 2406 4520 πολιή
2449 4470 2506 4505 τε
2557 4449 2648 4504 καὶ
2696 4449 2865 4518 ἤθεσι,
2919 4449 3188 4521 quamvis
3246 4449 3418 4504 annis
3467 4448 3656 4503 decem
3711 4440 3848 4506 atque

2236 4542 2415 4599 etiam
2450 4539 2706 4611 amplius
2741 4555 2871 4595 eam
2896 4538 3196 4610 juniorem
3228 4537 3413 4594 fuisse
3443 4530 3757 4593 concedant.

2157 4697 2204 4763 D
2273 4658 2437 4714 XXII.
2473 4660 2636 4713 Patre
2660 4656 2908 4713 nondum
2935 4658 3186 4727 episcOpo
3232 4665 3398 4710 natus
3438 4662 3515 4710 est
3542 4645 3815 4719 Gregorius.

2307 4765 2409 4820 His
2457 4764 2734 4820 omnibus
2791 4762 3083 4835 expensis,
3136 4763 3492 4818 arbitramur
3544 4750 3841 4828 Gregorium

2236 4859 2401 4927 patre
2414 4854 2677 4909 nondum
2692 4853 2965 4924 episcopo
2986 4856 3277 4921 natum,et
3298 4848 3633 4921 Gregorium
3658 4845 3844 4927 patrem

2234 4925 2337 5014 per
2366 4942 2719 5014 hyperbolen
2750 4942 3014 4998 locutum
3047 4941 3361 5007 fuisse,nec
3376 4942 3503 5008 ejus
3533 4934 3712 4993 verbis
3732 4925 3850 4982 ulla-

2236 5038 2411 5089 tenus
2439 5032 2745 5087 veritatem
2779 5032 3075 5086 attentari.
3108 5033 3188 5084 An
3237 5046 3372 5085 vero
3419 5023 3716 5097 Gregorius
3740 5020 3851 5069 Gor-

2237 5121 2412 5194 gonia
2442 5137 2639 5177 sorore
2660 5120 2884 5190 junior,
2911 5120 3175 5174 seniorve
3219 5118 3411 5186 fuerit,
3444 5114 3705 5171 dubitant
3730 5116 3846 5194 non-

2236 5192 2407 5274 nulli,
2439 5226 2543 5265 nec
2573 5209 2742 5265 facile
2771 5214 2859 5264 est
2890 5209 3232 5274 deﬁnire,ut
3260 5203 3644 5277 Papebrochio
3671 5192 3846 5289 placet-

2236 5322 2267 5350 «
2301 5299 2494 5356 Potuit
2522 5304 2695 5369 certe,
2730 5298 2945 5370 inquit,
2980 5299 3169 5369 primo
3199 5300 3371 5369 partu
3404 5299 3539 5351 nata
3568 5289 3848 5370 femina,_ln

2235 5393 2422 5445 matre
2453 5367 2689 5444 acuisse
2709 5367 3066 5444 desiderium
3090 5367 3273 5458 prolis
3302 5381 3592 5441 masculae.
3615 5400 3641 5432 »
3660 5372 3759 5433 Sed
3783 5367 3849 5465 le-

2234 5477 2566 5544 vissimam,
2597 5477 2716 5535 imo
2744 5476 2969 5533 nullam
3000 5476 3149 5533 hanc
3178 5492 3309 5533 esse
3336 5470 3723 5531 difﬁcultatem
3742 5469 3851 5532 qmﬁ

2312 5640 2386 5711 (d)
2417 5638 2486 5693 v.
2520 5639 2643 5711 416,
2678 5638 2800 5695 419.

2310 5706 2383 5783 (c)
2416 5711 2608 5767 Carm.
2628 5706 2715 5768 'De
2744 5712 2858 5767 div.
2891 5710 3016 5767 vita
3044 5710 3322 5782 generib.,
3352 5724 3406 5778 v,
3438 5706 3524 5762 40.
