4080 6438
215 368 294 428 161
1609 366 1793 434 VITA
1849 373 1911 432 S.
1963 362 2364 432 GREGORII.

3575 366 3689 433 162

210 520 302 560 non
329 501 657 577 intelligat
678 503 712 559 τι
751 506 852 561 An
883 520 1034 562 vero
1062 502 1118 559 in
1162 506 1349 571 Anna,
1371 518 1549 576 quam
1580 520 1714 561 cum
1740 510 1927 561 matre
1956 510 2010 573 Α
2041 504 2215 559 certis
2246 505 2700 576 cogitationibus
2747 503 2995 558 formam
3027 501 3257 575 accipit.
3300 504 3401 558 His
3431 505 3691 577 Gregorii

213 611 302 651 sua
329 594 618 651 conferre
658 594 1212 669 solet3Gregorius,
1246 598 1301 650 et
1331 593 1448 651 illic
1482 594 1718 667 quidem
1746 593 1925 667 potis-

217 683 706 756 simum,¢primo
742 689 942 756 partu
972 689 1107 741 nata
1135 682 1351 741 femina
1382 685 1540 741 acuit
1569 684 1926 741 desiderium

223 774 392 848 prolis
420 774 773 830 masculae?
813 797 847 823 »
885 774 967 830 Ut
998 790 1130 846 ergo
1174 778 1287 830 stet
1321 774 1678 847 comparatio
1709 774 1927 831 Nonum

238 882 363 922 cum
394 867 584 933 Anna,
619 864 874 920 rectius
908 864 1255 933 Gergouiam
1277 863 1564 934 juniorem
1589 864 1761 919 fratre
1786 863 1927 919 Gre-

251 955 399 1029 gorio
422 955 605 1010 fuisse
640 953 1021 1023 inferretur;
1056 953 1207 1026 quod
1241 952 1439 1026 plures
1471 952 1813 1010 Scholiasta:
1842 953 1927 1026 (α)

258 1045 613 1102 conﬁrmant.

260 1153 435 1209 XXIII.
468 1154 795 1223 Gregorius
856 1152 1130 1276 nascilpr.
1164 1152 1357 1207 Prima
1404 1149 1652 1207 educatio
1682 1153 1738 1205 in
1773 1150 1928 1207 domo

976 1239 1225 1276 vaerna.

972 1239 1225 1294 paterna.

325 1314 519 1386 Itaque
550 1316 739 1370 natus
771 1313 1008 1370 videtur
1053 1310 1365 1384 Gregorius
1386 1311 1529 1383 (sive
1559 1312 1773 1381 senior,
1808 1312 1929 1368 sive

257 1403 453 1475 junior
507 1403 814 1476 Gorgonia
872 1401 1066 1474 fuerit)
1090 1418 1243 1458 anno
1296 1402 1403 1458 325
1460 1401 1544 1459 vel
1603 1403 1727 1475 326,
1762 1407 1928 1475 patre

270 1494 525 1549 nondum
554 1494 861 1566 episcopo,
895 1494 996 1550 sed
1026 1492 1374 1561 Christiano,
1399 1497 1465 1549 ut
1487 1494 1613 1565 jam
1646 1493 1923 1561 diximus.

269 1584 355 1638 Ah
389 1582 528 1654 ipsis
561 1582 929 1639 incunabilis
960 1582 1052 1656 pie
1084 1599 1117 1638 a
1138 1583 1249 1655 piis
1280 1583 1622 1656 parentibus
1645 1583 1926 1640 educatus

261 1675 368 1741 est,
403 1672 501 1744 qui
532 1674 805 1745 regendae
834 1672 1022 1745 ipsius
1061 1672 1321 1744 pueritiae
1353 1689 1553 1730 curam
1587 1672 1699 1745 ipsi
1734 1688 1927 1729 susce-

253 1777 415 1833 pere.
440 1763 589 1818 Cum
613 1778 745 1817 eam
775 1765 1207 1834 a2tatem,quam
1230 1762 1435 1818 dicunt
1455 1762 1699 1819 rationis
1722 1778 1922 1833 exper-

250 1857 396 1917 tem,
449 1853 897 1923 pertransisset,
931 1868 1066 1906 eum
1121 1856 1326 1921 mater,
1362 1868 1535 1923 quem
1559 1854 1688 1923 jam
1720 1853 1920 1907 statim
1954 1888 2002 1953 B

256 1942 331 1995 ab
364 1946 495 1996 ortu
528 1941 650 1997 Deo
685 1940 988 2009 obtulerat,
1022 1946 1194 2013 atque
1242 1943 1417 1997 etiam
1451 1942 1795 2013 priusquam
1829 1959 1926 1997 na-

262 2035 526 2085 sceretur
556 2031 873 2097 dicaverat,
904 2029 1114 2085 iterum
1149 2030 1359 2087 obtulit
1388 2036 1447 2086 et
1466 2030 1681 2086 dicavit
1703 2049 1717 2100 ;
1742 2033 1925 2088 sacris

261 2119 476 2175 litteris
507 2120 679 2190 pueri
710 2136 920 2173 manus
950 2118 1238 2185 lustravit,
1260 2119 1440 2175 libros
1463 2121 1689 2177 divinos
1711 2122 1927 2179 teneris

256 2209 548 2265 manibus
582 2209 920 2264 tractandos
963 2208 1310 2276 exhibendo;
1346 2211 1563 2280 quibus
1612 2227 1746 2266 eum
1777 2213 1929 2268 votis

251 2297 688 2355 obstrinxisset
717 2298 1083 2370 signiﬁcavit,
1120 2303 1288 2369 atque
1333 2298 1562 2356 hortata
1590 2306 1679 2356 est
1713 2306 1775 2356 ut
1802 2318 1929 2357 ma-

254 2390 374 2444 tris
409 2387 705 2459 promissa
732 2387 898 2443 factis
922 2386 1198 2459 expleret.
1232 2388 1361 2459 Ipse
1400 2389 1669 2460 protinus
1698 2392 1927 2461 annuit,

269 2478 553 2549 quamvis
573 2478 631 2531 in
659 2482 863 2533 tenera
890 2481 1075 2543 aetate,
1108 2481 1349 2549 rataque
1379 2479 1576 2534 omnia
1607 2480 1834 2549 habuit,
1862 2497 1929 2537 ac

271 2566 566 2638 perﬁcere
593 2581 814 2636 semper
845 2567 1072 2621 studuit
1101 2566 1197 2638 (b).
1250 2566 1501 2638 Optimis
1532 2568 1589 2622 in
1623 2569 1796 2625 domo
1827 2586 1929 2641 pa-

267 2660 470 2723 terna,
508 2656 603 2710 ubi
657 2655 934 2727 praeclara
962 2657 1248 2711 virtutum
1298 2656 1565 2729 exempla
1607 2675 1721 2730 pra:
1746 2659 1931 2715 oculis

257 2745 511 2808 habeat,
573 2745 876 2816 przeceptis
929 2744 1301 2813 informatus,
1362 2747 1668 2817 gravitatis
1721 2765 1930 2804 senum

259 2834 495 2906 aliquid
530 2834 893 2905 praeferebat,
920 2838 1085 2889 aetate
1106 2835 1283 2890 simul
1316 2841 1373 2891 et
1394 2837 1619 2892 ratione
1641 2854 1931 2896 crescens.

266 2926 582 2979 Crescebat
612 2929 668 2978 et
700 2924 833 2978 boni
856 2923 1679 2996 cupiditas,quemadmodum
1721 2943 1790 2983 ex
1820 2946 1932 2983 nu-

272 3013 450 3068 bibus
482 3014 673 3068 nubes
716 3012 867 3067 coire
901 3011 1110 3069 solent.
1169 3014 1495 3086 Librorum,
1531 3016 1630 3087 qui
1660 3015 1728 3072 de
1761 3017 1934 3073 rebus

275 3101 489 3158 divinis
520 3106 804 3167 tractant,
845 3100 1090 3157 lectione
1148 3103 1566 3162 oblectabatur.
1601 3106 1745 3161 Cum
1791 3107 1935 3163 viris

2036 593 2230 649 verbis
2261 593 2643 649 manifestum
2676 595 2784 661 est,
2818 592 2873 648 id
2901 592 3218 666 contigisse
3240 610 3374 649 cum
3408 593 3600 650 adhuc
3629 594 3690 650 in

2037 684 2210 739 domo
2241 687 2503 757 paterna,
2528 700 2642 738 non
2668 688 2866 739 autem
2898 699 3028 739 cum
3056 684 3181 754 jam
3218 683 3464 741 Athenis
3491 700 3693 740 versa-

2037 776 2219 841 retur,
2248 775 2305 828 et
2334 772 2584 827 Ruﬁnus
2617 787 2923 844 perperam
2956 772 3211 844 scripsit.

2036 879 2202 936 XXV.
2243 881 2424 937 Visum
2469 883 2801 936 nocturnum
2826 895 2928 951 quo
2966 880 3243 937 castitatis
3292 897 3477 939 amore
3502 897 3691 940 accen-

2781 952 2950 1007 ditur.

2108 1040 2373 1113 Virgines
2397 1041 2544 1097 duas
2573 1040 2771 1097 videre
2793 1040 2903 1097 sibi
2927 1040 3235 1097 videbatur
3259 1042 3501 1115 propius
3534 1046 3694 1100 stan-

2037 1132 2146 1200 tes,
2172 1129 2552 1200 candidisque
2569 1130 2830 1185 vestibus
2862 1128 3446 1198 collucentes,ambas
3478 1132 3695 1189 formo-

2039 1236 2159 1290 sas,
2194 1220 2574 1291 ejusdemque
2596 1219 2803 1293 aetatis,
2831 1220 3051 1293 quibus
3072 1225 3415 1278 ornamento
3450 1226 3576 1278 erat
3604 1222 3694 1278 in-

2037 1312 2247 1365 ornata
2276 1310 2482 1365 forma.
2516 1309 2809 1375 Quaerenti
2867 1309 3143 1383 Gregorio
3177 1328 3443 1383 quaenam
3476 1317 3695 1383 essent,

2035 1403 2091 1456 et
2122 1399 2279 1456 unde
2308 1398 2627 1470 venissent,
2677 1399 2860 1456 altera
2889 1416 2952 1456 se
3008 1400 3337 1462 castitatem
3368 1418 3497 1458 esse
3528 1402 3695 1474 dixit,

2036 1489 2219 1545 altera
2237 1490 2709 1562 temperantiam:
2731 1489 3185 1562 cumqueipsum
3211 1490 3452 1547 hortata:
3475 1496 3693 1563 essent,

2035 1581 2101 1633 ut
2132 1578 2429 1634 mentibus
2453 1582 2709 1634 mentem
2730 1582 2788 1633 et
2812 1578 2996 1635 facem
3030 1578 3255 1635 facibus
3273 1581 3693 1653 jungeret,quo

2034 1683 2167 1724 eum
2201 1668 2349 1723 miro
2382 1667 2608 1741 fulgore
2665 1667 3069 1740 splendentem
3102 1670 3160 1724 in
3212 1669 3421 1726 ccelum
3454 1671 3693 1741 ferrent,

2033 1757 2304 1829 protinus
2333 1758 2393 1813 in
2426 1757 2638 1814 cmlum
2670 1758 2991 1815 evolarunt.
3027 1762 3171 1815 Cum
3204 1759 3385 1832 igitur
3440 1761 3561 1817 viso
3589 1777 3694 1816 no-

2034 1851 2243 1903 cturno
2277 1847 2555 1904 incensus
2604 1853 2761 1904 esset
2820 1847 3155 1920 Gregorius,
3188 1866 3354 1905 amor
3383 1850 3694 1923 castitatis,

2038 1938 2209 2008 cujus
2246 1937 2439 2009 fulgor
2462 1937 2687 1993 intimis
2720 1937 2900 1994 animi
2926 1939 3254 1994 recessibus
3275 1940 3694 1997 continerinon

2036 2029 2282 2099 poterat,
2316 2027 2373 2081 in
2407 2044 2472 2082 eo
2504 2025 2824 2099 splenduit.

2125 2115 2317 2171 XXVI.
2359 2118 2590 2173 Piorum
2620 2119 2866 2172 virorum
2891 2116 3346 2173 consuetudinem
3368 2121 3592 2185 expetit.

2037 2204 2301 2260 Primum
2334 2206 2512 2278 igitur
2568 2220 2950 2279 congressum
3010 2205 3242 2279 piorum
3301 2205 3559 2262 virorum
3593 2224 3695 2281 ap-

2038 2293 2258 2366 petivit,
2293 2296 2391 2367 qui
2442 2296 2800 2351 matrimonii
2860 2294 3092 2351 vincula
3130 2295 3419 2367 fugerant,
3454 2311 3633 2369 seque
3665 2313 3700 2353 a

2037 2383 2285 2439 terrenis
2306 2384 2647 2442 hominibus
2670 2386 3066 2457 sejunxerant,
3091 2389 3157 2441 ut
3183 2384 3481 2442 Christum
3500 2402 3697 2460 regem

2042 2471 2222 2529 animi
2253 2474 2461 2545 pennis
2487 2480 2875 2547 sequerentur
2919 2476 3003 2548 (Γ).
3038 2474 3155 2531 Hos
3187 2474 3373 2531 unicae
3403 2492 3610 2533 amans
3642 2481 3700 2535 et

2038 2566 2160 2619 toto
2218 2563 2389 2619 corde
2433 2563 2846 2636 complectens,
2905 2562 3030 2635 spei
3087 2563 3337 2620 coelestia
3382 2565 3561 2622 duces
3591 2565 3697 2622 ha-

2040 2655 2170 2712 buit
2200 2655 2298 2728 (g).
2333 2654 2539 2710 Postea
2568 2669 2745 2726 grave
2777 2653 3143 2708 matrimonii
3168 2654 3379 2726 jugum
3413 2654 3694 2725 excussit,

2042 2745 2380 2819 praclaram
2412 2759 2636 2815 eorum,
2670 2742 2769 2815 qui
2828 2746 3109 2815 perpetua
3160 2742 3493 2814 virginitate
3524 2744 3700 2801 ﬂore-

2043 2841 2173 2892 rent
2203 2840 2419 2892 sortem
2453 2838 2753 2904 exoptans.
2787 2832 2910 2888 Non
2937 2832 3217 2899 convivia,
3237 2838 3293 2888 et
3314 2849 3700 2907 quacumque

2037 2924 2359 2997 juvenibus
2392 2940 2543 2979 cura:
2602 2939 2730 2978 esse
2781 2921 2990 2992 solent,
3022 2922 3133 2994 ipsi
3195 2922 3503 2995 placebant
3535 2942 3549 2995 ;
3585 2942 3700 2980 non

2044 3014 2233 3069 mollis
2266 3013 2465 3080 vestis,
2496 3029 2610 3067 non
2671 3011 2942 3083 petulans
3001 3012 3177 3084 risus,
3212 3029 3327 3068 non
3386 3013 3613 3086 scopuli
3644 3018 3703 3072 et

2046 3108 2296 3168 montes,
2333 3120 2445 3158 non
2466 3103 2599 3173 equi
2634 3106 2690 3157 et
2713 3119 2887 3157 canes
2926 3102 3195 3157 venatici.
3226 3104 3305 3158 Ea
3336 3104 3534 3158 omnia
3557 3104 3699 3159 mis-

266 3192 475 3263 probis
507 3192 790 3261 frequens
822 3195 965 3246 erat.
1002 3190 1094 3246 Sic
1123 3194 1321 3249 tenera
1350 3210 1519 3250 mens
1550 3194 1787 3266 Optimis
1818 3197 1935 3252 im-
1979 3261 2008 3266 ὼ
2045 3210 2109 3250 sa
2142 3194 2295 3262 fecit,
2327 3193 2697 3265 projectaque
2719 3191 2877 3246 omni
2908 3192 3038 3247 vitae
3071 3192 3249 3263 hujus
3281 3192 3571 3260 felicitate,
3593 3210 3703 3249 au-

256 3261 570 3335 huebatur
604 3278 887 3351 moribus,
942 3279 1304 3353 formamque
1359 3261 1605 3356 pietatis.
1631 3284 1931 3357 induebat,
1967 3261 2009 3329 Ο
2048 3290 2213 3340 sterae
2246 3261 2642 3355 temperantia:
2688 3280 2903 3337 collum
2961 3261 3257 3337 submisit.
3302 3282 3383 3338 Ea
3412 3282 3702 3355 singulari

254 3370 457 3425 donec
516 3374 757 3440 tempus
824 3369 1074 3439 adesset,
1135 3371 1287 3441 quod
1348 3389 1482 3428 eum
1548 3390 1715 3429 sacro
1775 3375 1935 3431 fonte

252 3458 639 3514 abluendum
664 3474 792 3514 esse
813 3458 1076 3515 Christus
1097 3466 1299 3516 notum
1331 3462 1572 3532 faceret;
1608 3463 1709 3534 qui
1730 3464 1934 3536 singu-

252 3546 368 3602 lari
405 3546 706 3603 beneﬁcio
734 3564 967 3603 servum
1006 3566 1182 3604 suum
1210 3549 1424 3621 affecit,
1456 3568 1711 3623 eumque
1739 3554 1934 3610 verbis

264 3636 627 3710 compellare
658 3637 931 3708 dignatus
961 3644 1052 3694 est
1082 3639 1171 3711 (ο).
1204 3639 1466 3697 Castitati
1494 3642 1774 3714 alligavit,
1809 3660 1933 3699 car-

262 3743 402 3781 nem
461 3727 736 3794 frenavit,
770 3727 1115 3800 ﬂagrantem
1173 3730 1472 3801 sapientiae
1530 3730 1735 3786 divinae
1768 3749 1933 3788 amo-

263 3832 391 3869 rem
427 3815 763 3887 inspiravit,
824 3833 890 3871 ac
923 3816 1048 3872 vitas
1107 3819 1465 3886 monasticae,
1531 3820 1785 3896 μονάχου
1822 3818 1936 3895 βιὸ-

261 3922 411 3970 toto,
447 3922 573 3976 qua
606 3904 733 3960 vitae
770 3905 978 3961 futurae
1010 3905 1359 3978 praeludium
1394 3913 1500 3964 est.

594 4008 762 4067 XXIV.
796 4012 974 4068 Ardor
1003 4013 1281 4069 servanda
1308 4015 1619 4086 pudicitiae.

350 4098 600 4155 Divinus
626 4100 868 4173 quidam
914 4102 1157 4157 incessit
1178 4104 1415 4173 juvenis
1467 4105 1733 4162 animum
1766 4109 1940 4164 ardor

266 4192 577 4244 servandae
606 4190 922 4261 pudicitia,
955 4208 1128 4262 quem
1186 4194 1376 4249 visum
1432 4195 1668 4251 cmleste
1719 4198 1833 4268 ipsi
1879 4199 1937 4254 in

253 4278 506 4333 somnis
550 4285 854 4335 ostensum
911 4279 1102 4352 magis
1159 4281 1466 4354 magisque
1505 4284 1777 4341 ﬁrmavit.
1809 4285 1941 4344 Haec

250 4374 430 4436 sunt,
468 4373 534 4423 ut
566 4383 668 4438 ego
701 4369 939 4439 quidem
974 4370 1201 4441 opinor,
1235 4371 1540 4440 miracula,
1573 4375 1741 4445 queis
1764 4381 1939 4444 Deus,

262 4456 370 4524 qui
392 4458 486 4511 sic
517 4458 649 4529 pias
668 4463 896 4514 mentes
918 4459 991 4514 ad
1015 4457 1259 4515 salutem
1285 4461 1538 4533 trahit,ej
1550 4480 1618 4518 us
1649 4465 1940 4522 desiderio

271 4544 469 4599 calcar
496 4547 744 4616 addidit,
779 4551 845 4602 ut
901 4547 1026 4618 ipse
1060 4548 1265 4604 scribit
1290 4551 1606 4623 Gregorius
1630 4553 1729 4625 (ἀ),
1766 4555 1937 4610 dubi-

2043 3373 2167 3441 illo,
2218 3389 2395 3445 quem
2462 3376 2599 3427 tunc
2655 3369 2857 3427 hausit
2912 3371 3129 3441 animo,
3158 3372 3444 3429 castitatis
3503 3388 3703 3429 amore

2045 3462 2277 3519 condita
2305 3461 2682 3535 postmodum
2737 3463 2809 3517 ab
2841 3478 2906 3518 eo
2935 3462 3117 3518 fuisse
3147 3462 3248 3518 illa
3285 3462 3540 3535 insignia
3568 3480 3704 3535 poe-

2044 3566 2225 3630 mata,
2258 3560 2475 3633 quibus
2526 3559 2727 3616 laudes
2778 3560 3135 3633 virginitatis
3175 3565 3232 3618 et
3287 3567 3575 3635 praecepta
3633 3563 3708 3618 ad

2045 3650 2296 3723 virgines
2327 3649 2721 3717 continentur,
2756 3654 2910 3705 recte
2951 3666 3085 3705 cum
3119 3649 3511 3722 Papebrochio
3543 3649 3708 3706 colli-

2043 3756 2167 3813 gas.

2116 3847 2333 3904 XXVII.
2368 3846 2621 3919 Gregorii
2643 3845 2829 3902 studia
2857 3855 3018 3902 extra
3048 3847 3216 3903 limen
3244 3848 3629 3918 proferuntur.

2126 3941 2443 4007 Postquam
2476 3938 2634 3992 intra
2683 3936 2926 3991 domum
2967 3942 3272 4009 paternam
3318 3937 3401 3992 sic
3453 3937 3708 4009 primum

2045 4026 2320 4082 instituta
2351 4026 2461 4081 fuit
2488 4025 2753 4099 Gregorii
2803 4026 3077 4098 pueritia,
3112 4044 3529 4099 sacrarumque
3560 4027 3713 4085 litte-

2050 4133 2249 4171 rarum
2283 4115 2499 4171 studiis
2531 4122 2589 4170 et
2635 4115 2795 4170 omni
2838 4116 3124 4171 virtutum
3157 4134 3367 4189 genere
3397 4117 3715 4175 informata

2047 4212 2208 4262 extra
2239 4204 2420 4260 limen
2469 4203 2695 4276 prolata
2726 4210 2867 4259 sunt
2897 4208 3026 4276 ejus
3074 4205 3273 4260 studia
3303 4205 3403 4279 (Ιι).
3436 4205 3714 4272 Quamvis

2049 4297 2208 4351 enim
2240 4293 2386 4349 nihil
2416 4310 2679 4366 unquam
2713 4294 3012 4365 antiquius
3034 4295 3219 4350 sacris
3250 4294 3462 4351 litteris
3492 4295 3714 4353 habue-

2050 4388 2146 4455 rit,
2180 4389 2452 4441 externas
2481 4391 2680 4440 tamen
2739 4386 3089 4457 investigare
3120 4391 3179 4441 et
3224 4402 3566 4458 comparare
3598 4402 3714 4442 non

2049 4478 2139 4527 est
2170 4471 2547 4544 dedignatus,
2571 4488 2636 4526 eo
2668 4471 2951 4527 nimirum
2983 4471 3247 4541 consilio,
3278 4478 3345 4528 ut
3373 4472 3524 4528 veris
3554 4472 3716 4528 litte-

2051 4560 2131 4616 ris
2164 4576 2267 4632 per
2297 4560 2509 4615 nothas
2540 4560 2718 4615 ferret
2749 4576 2916 4631 opem
2946 4577 2958 4627 ;
2995 4578 3068 4617 ne
3098 4561 3350 4633 superbe
3371 4561 3717 4632 jactitarent

268 4637 413 4688 tans
446 4651 511 4689 an
534 4651 606 4690 ea
634 4639 831 4707 tegere
860 4637 1090 4707 debeat,
1126 4638 1278 4710 quod
1309 4641 1490 4695 animi
1544 4658 1754 4713 parum
1786 4645 1934 4717 grati
1968 4640 2015 4705 D
2048 4666 2129 4717 se,
2163 4648 2264 4721 qui
2324 4648 2472 4704 nihil
2532 4654 2741 4721 praeter
2792 4649 3029 4704 inanem
3062 4649 3460 4721 eloquentiam
3491 4651 3552 4706 in
3580 4654 3714 4721 gut-

260 4728 381 4792 est,
441 4740 514 4779 an
572 4726 913 4795 praedicare,
948 4726 1104 4797 quod
1158 4727 1377 4783 fastum
1425 4729 1656 4786 videtur
1711 4749 1936 4803 sapere.

260 4816 413 4867 Bern
450 4817 646 4868 tamen
670 4814 796 4884 ipse
829 4818 1010 4870 totam
1042 4816 1229 4886 aperit
1258 4816 1318 4871 in
1349 4818 1607 4875 carmine
1628 4824 1714 4876 De
1732 4823 1941 4880 animo?

265 4917 383 4957 suae
413 4904 845 4960 calamitatibus
874 4904 971 4975 (e),
997 4908 1471 4978 nocturnumque
1502 4907 1692 4963 visum
1717 4915 1937 4980 narrat,

272 5006 391 5063 quo
458 4993 611 5049 Deus
665 4993 777 5065 ipsi
835 4993 1104 5050 castioris
1160 4993 1291 5051 vitae
1349 5011 1609 5054 amorem
1665 4999 1935 5071 immisit,

273 5106 299 5129 ιε
333 5099 471 5137 cum
524 5081 722 5139 adhuc
751 5098 898 5154 puer
926 5083 1205 5155 parvulus
1245 5090 1420 5155 esset,
1452 5103 1559 5143 nec
1590 5090 1788 5145 tamen
1819 5106 1937 5145 om-

271 5171 414 5227 nino
467 5172 772 5245 parvulus,
808 5194 837 5222 ››
880 5173 983 5228 sed
1029 5190 1099 5229 ea
1147 5179 1316 5230 aetate
1358 5192 1473 5246 qua
1510 5177 1650 5233 boni
1692 5183 1748 5234 et
1797 5179 1937 5236 mali

273 5258 559 5335 imagines
591 5262 653 5318 in
688 5260 887 5317 animo
916 5262 1637 5338 inscribuntur,mensque
1669 5271 1935 5327 nondum

338 5421 411 5500 (ᾳ)
438 5422 599 5500 Elius
626 5421 909 5500 Cgetu‘in
942 5423 1080 5480 edit.
1114 5422 1273 5500 Bill_.,
1302 5428 1345 5482 t.
1377 5427 1454 5497 II,
1485 5444 1543 5500 p.
1574 5428 1701 5485 761.

350 5494 399 5573 b)
428 5497 630 5573 Carm.
667 5496 750 5573 Qa
780 5496 897 5573 vita
924 5512 1049 5564 sua,
1078 5496 1239 5573 ῃθὸ
1265 5504 1319 5555 et
1350 5494 1476 5573 seq.

342 5568 392 5640 τ)
419 5572 624 5630 Carm.
666 5568 751 5625 De
777 5568 967 5637 rebus,
998 5584 1054 5625 v.
1088 5568 1212 5626 455.

350 5495 399 5569 b)
428 5497 630 5555 Carm.
667 5496 750 5552 De
780 5496 897 5551 vita
924 5512 1049 5564 sua,
1078 5512 1136 5553 ν.
1167 5496 1239 5553 95
1265 5504 1319 5555 et
1350 5495 1505 5573 seq.—

342 5570 392 5640 ε)
419 5572 624 5630 Carm.
666 5568 751 5625 De
777 5568 967 5637 rebus,
998 5584 1054 5625 v.
1088 5568 1212 5626 455.

306 5495 387 5721 ἐι)
416 5650 627 5706 Carm.
663 5640 701 5721 1
731 5642 813 5698 De
833 5642 950 5721 gift}
976 5656 1100 5714 sua,
1133 5657 1188 5701 v.
1224 5642 1326 5700 105
1355 5644 1411 5702 et
1440 5659 1561 5719 seq.

290 5712 375 5800 (ε)
400 5725 620 5784 Carm.
659 5714 723 5791 5,
757 5728 815 5773 ν.
839 5712 969 5771 205-

2048 4744 2180 4794 ture
2205 4742 2261 4793 et
2290 4737 2573 4795 suavibus
2625 4754 2833 4794 vocum
2876 4738 3041 4793 sonis
3072 4739 3246 4795 sitam
3282 4746 3537 4809 norunt;
3571 4755 3715 4795 neve

2049 4827 2478 4899 sophismatum
2514 4826 2760 4883 nexibus
2791 4828 3215 4900 implicaretur.
3246 4828 3469 4900 Itaque,
3504 4852 3532 4880 «
3566 4828 3712 4885 Cum

2048 4922 2214 4972 astate
2234 4916 2363 4987 jam
2400 4915 2980 4989 adolevisset,inquit
3010 4919 3139 4990 ejus
3171 4918 3311 4974 Vita)
3346 4918 3599 4991 scriptor
3627 4918 3715 4992 (ἰ),

2045 5006 2371 5062 Caesaream
2430 5005 2749 5077 profectus.
2812 5006 3047 5079 illicque
3105 5023 3239 5064 cum
3299 5006 3717 5079 praestantibus

2047 5095 2404 5167 quibusdam
2426 5095 2723 5169 magistris
2744 5097 3170 5153 consuetudine
3190 5097 3713 5165 habita,doctrina-

2047 5202 2160 5257 que
2191 5202 2309 5241 non
2363 5185 2573 5257 exigua
2631 5185 2890 5257 collecta,
2924 5187 2986 5243 in
3045 5186 3417 5245 Palaestinam
3476 5188 3714 5261 naviga-

2043 5274 2150 5332 vit.
2187 5296 2216 5325 »

2119 5437 2187 5509 (ί)
2219 5435 2326 5505 1b.,
2356 5452 2409 5493 v.
2440 5436 2570 5494 281.

2230 5509 2339 5593 Lb"
2370 5523 2424 5563 ν.
2456 5509 2585 5593 ξΟΒ.
2608 5582 2639 5593 __
2844 5540 2847 5543 ι

2119 5581 2199 5727 ἷξε)
2231 5580 2422 5665 carm.
2456 5582 2532 5636 De
2560 5582 2675 5638 vita
2704 5598 2830 5656 sua,
2863 5600 2916 5641 v.
2954 5584 3056 5643 112
3107 5588 3289 5661 etseq.

2142 5660 2179 5727 τ)
2218 5653 2335 5710 Vita
2369 5652 2505 5727 Greg
2533 5698 2550 5727 ,
2582 5671 2638 5727 p.
2671 5655 2723 5713 4.

2142 5652 2187 5727 ἱ)
2218 5653 2335 5710 Vita
2369 5652 2505 5729 Greg
2533 5698 2550 5728 ,
2582 5671 2638 5729 p.
2671 5655 2723 5713 4.
