4080 6446
389 412 505 477 163

519 549 766 605 XXVIII.
802 548 1107 605 Caesaream
1140 546 1496 619 Cappadocia:
1519 545 1916 617 proﬁciscitur.

459 638 669 695 Nullus
701 642 853 694 certe
885 637 1220 709 ambigendi
1266 636 1451 707 locus,
1484 640 1677 690 utram
1722 636 2044 690 Caesaream

381 728 615 802 petierit
635 726 969 800 Gregorius.
1002 725 1229 781 Etenim
1261 725 1610 791 Caesaream,
1641 740 1765 795 quae
1796 723 1856 777 in
1897 723 2044 794 Cap-

380 817 626 889 padocia
677 816 790 872 sita
848 819 956 884 est,
988 831 1107 869 non
1164 813 1535 869 Palaestinam
1587 814 1687 868 ubi
1746 811 1929 867 altera
1956 814 2045 866 est

384 910 664 975 Caesarea,
694 912 836 961 tunc
895 904 1208 977 navigavit.
1241 903 1364 959 Viri
1423 908 1623 958 tamen
1656 901 1810 957 docti
1845 900 2042 972 plures

386 1001 700 1054 Caesaream
736 994 1055 1051 Palzestinze
1085 992 1440 1065 intelligunt,
1486 990 1779 1063 imprimis
1814 990 2040 1057 Billius,

384 1087 692 1153 Baronius,
728 1090 900 1157 atque
931 1084 1107 1140 etiam
1136 1082 1261 1155 ipse
1310 1081 1757 1147 Tillemontius;
1788 1096 2040 1151 quorum

383 1176 716 1248 opinionem
778 1177 980 1229 auctor
1038 1173 1166 1227 Vitae
1224 1171 1422 1226 Basilii
1476 1170 1556 1242 (p.
1616 1171 1704 1237 40,
1739 1170 1849 1240 41),
1883 1186 2040 1224 novae

381 1264 623 1322 editioni
655 1280 897 1336 operum
947 1262 1133 1318 sancti
1193 1260 1447 1316 doctoris
1482 1260 1727 1331 praevias,
1757 1258 2041 1315 validissi-

378 1356 493 1411 mis
527 1354 835 1410 momentis
865 1352 1175 1423 impugnat
1205 1354 1262 1405 et
1289 1348 1519 1405 refellit.

374 1445 561 1501 XXIX.
583 1445 646 1499 In
670 1441 1008 1515 Cappadocia
1034 1442 1285 1511 primum
1333 1438 1647 1494 amicitiam
1678 1454 1800 1493 cum
1830 1438 2038 1494 Basilio

931 1531 1132 1601 junxit
1164 1527 1472 1599 Gregorius.

450 1622 661 1679 Narrat
690 1619 1003 1692 Gregorius
1029 1618 1428 1674 Nazianzenus
1450 1618 1530 1688 (a)
1552 1633 1614 1673 se
1643 1620 1700 1672 et
1728 1615 2032 1684 Basilium,

380 1735 408 1764 ‹‹
444 1712 639 1768 Veluti
666 1710 889 1765 ﬂuxum
920 1708 1235 1780 quemdam
1285 1706 1566 1774 ﬂuminis,
1601 1723 1668 1762 ex
1696 1706 1901 1761 eodem
1932 1722 2033 1777 pa-

380 1801 505 1857 triae
539 1802 693 1856 fonte
725 1800 785 1853 in
817 1798 1077 1853 diversas
1106 1797 1374 1868 regiones
1404 1795 1681 1851 doctrinae
1710 1795 2032 1867 cupiditate

1724 406 1905 472 VITA
1957 412 2019 471 S.
2074 406 2471 471 GREGORII.

2072 547 2129 609 Α
2159 544 2332 597 rebus
2356 543 2709 614 quibusdam
2736 544 2989 600 visendis
3013 552 3231 601 ornatae
3252 552 3411 615 sunt;
3437 548 3590 604 hanc
3608 552 3817 605 contra

3697 415 3815 475 164

2153 635 2219 686 ut
2249 649 2413 687 arma
2441 632 2529 687 vel
2581 634 2894 706 tragmdias
2954 640 3101 689 notas
3150 636 3418 706 quaedam
3468 642 3646 710 atque
3676 637 3818 695 insi-

2153 720 2310 793 gnia,
2345 721 2429 777 sic
2459 721 2788 779 litterarum
2846 723 3030 795 gloria
3087 724 3357 782 nobilitat
3402 725 3816 799 illustremque

2153 810 2362 865 reddit.
2398 833 2427 861 »

2225 899 2385 956 ΧΧΧ.
2418 902 2675 958 Caesarea
2709 900 3069 973 Cappadociae
3107 904 3309 959 litteris
3336 907 3449 977 fuit
3470 906 3737 977 insignis.

2221 990 2379 1044 Nihil
2404 995 2493 1047 est
2523 992 2581 1046 in
2611 991 2704 1047 his
2751 991 2965 1059 verbis,
2999 997 3064 1048 ut
3120 994 3389 1049 observat
3432 1000 3633 1052 noster
3662 1001 3811 1051 Pru-

2152 1079 2385 1135 dentius
2418 1081 2617 1136 Maran
2642 1081 2733 1152 (ε),
2763 1082 2917 1154 quod
2953 1098 3069 1138 non
3103 1084 3321 1155 Optime
3351 1086 3663 1142 conveniat
3693 1088 3811 1142 Csa-

2149 1187 2326 1225 sarem
2360 1171 2791 1243 Cappadocum.
2814 1172 2954 1243 Apte
2975 1171 3214 1243 quidem
3237 1174 3551 1247 Gregorius
3574 1176 3807 1243 urbem,

2149 1260 2210 1315 in
2241 1276 2358 1331 qua
2384 1259 2750 1332 loquebatur,
2784 1264 2842 1315 et
2868 1276 3005 1317 voce
3052 1265 3110 1317 et
3138 1278 3319 1319 manu
3367 1264 3689 1338 designans
3721 1266 3807 1322 di-

2148 1348 2352 1405 cebat:
2415 1370 2444 1399 ‹‹
2492 1352 2676 1415 Hanc,
2727 1348 2994 1421 inquam,
3056 1350 3349 1410 illustrem
3398 1354 3718 1422 civitatem,
3749 1360 3803 1413 et

2148 1443 2448 1495 nostram:
2485 1460 2514 1489 »
2566 1436 2779 1509 Ταύτην
2838 1434 2897 1493 δὲ
2944 1436 3089 1515 λέγω
3139 1442 3241 1510 τήν
3286 1445 3559 1521 περιφανῆ
3603 1464 3663 1498 τε
3717 1442 3807 1498 καὶ

2145 1526 2437 1604 ἡμετέραν.
2465 1528 2591 1585 Non
2623 1534 2791 1601 putat
2847 1529 3260 1588 Tillemontius
3300 1533 3449 1589 hanc
3481 1536 3806 1590 Caesaream

2146 1636 2180 1674 a
2200 1619 2413 1675 studiis
2431 1618 2850 1689 litterarum,ut
2869 1636 2904 1675 a
2924 1621 3216 1693 praecipuo
3245 1622 3411 1678 urbis
3432 1628 3805 1691 ornamento,

2143 1707 2371 1764 laudari
2402 1708 2683 1780 potuisse.
2717 1709 2855 1777 Sed,
2879 1713 2947 1765 ut
3007 1710 3275 1766 omittam
3324 1712 3668 1778 Eusebium,
3701 1712 3808 1784 qui

2142 1798 2514 1870 Cappadociae
2544 1797 2822 1870 praesules
2853 1798 3118 1855 doctrina
3158 1799 3313 1855 inter
3342 1800 3487 1857 alios
3519 1802 3806 1857 enituisse

371 1892 677 1957 dissectos,
712 1904 941 1953 rursus,
963 1885 1123 1942 velut
1143 1902 1212 1940 ex
1244 1885 1597 1957 composito,
1624 1884 1741 1940 Deo
1764 1882 2033 1984 videlicet
2062 1920 2109 1986 B
2141 1890 2390 1943 testatur
2410 1887 2499 1959 (Γ),
2533 1886 2657 1958 ipse
2681 1886 2934 1943 Basilius
2967 1889 3227 1961 Gregorii
3253 1890 3590 1946 testimonio
3623 1907 3804 1946 suum

374 1980 456 2035 ita
479 1977 838 2049 impellente,
868 1974 1112 2030 Athenis
1144 1974 1414 2030 coivisse.
1447 1995 1475 2024 ››
1523 1973 1773 2044 Uterque
1802 1989 1940 2045 ergo
1969 1971 2030 2027 in
2062 1971 2108 1986 "
2140 1974 2431 2046 adjungit,
2464 1977 2522 2029 et
2541 1973 2920 2031 litterisinter
2949 1977 3153 2048 patria
3179 1983 3527 2034 ornamenta
3553 1979 3653 2034 dat
3674 1979 3808 2051 pal-

374 2066 739 2141 Cappadocia
767 2066 1119 2137 conjunctus
1160 2064 1372 2131 fuerat,
1404 2062 1558 2134 quod
1590 2079 1895 2135 perperam
1929 2078 2031 2117 ne-

371 2163 473 2232 gat
496 2154 926 2229 Papebrochius
953 2155 1052 2225 (b),
1087 2153 1185 2224 qui
1219 2153 1395 2208 etiam
1446 2153 1659 2209 asserit
1685 2152 2029 2225 Gregorium

373 2253 430 2303 et
460 2245 743 2303 Basiliam
773 2243 1033 2317 primum
1086 2242 1331 2297 Athenis
1390 2245 1597 2297 mutuo
1656 2257 1717 2297 se
1763 2240 2025 2297 novisse:

368 2342 615 2409 uterque
644 2336 779 2391 inde
802 2334 861 2389 in
891 2333 1081 2389 varias
1114 2332 1378 2403 regiones
1408 2332 1704 2404 profectus
1735 2349 1849 2387 non
1882 2331 2029 2388 alter

364 2444 396 2484 e
428 2427 631 2493 Ponto,
662 2424 809 2480 alter
838 2439 868 2478 e
900 2422 1284 2495 Cappadocia.
1319 2422 1379 2477 Id
1415 2422 1796 2477 confirmatur
1831 2421 2027 2478 verbis

364 2516 629 2590 Gregorii
662 2515 723 2569 in
760 2514 969 2569 eadem
1026 2512 1289 2568 oratione
1345 2511 1436 2584 (ι),
1469 2510 1571 2567 ubi
1626 2511 1883 2567 Athenas
1913 2511 2027 2568 sibi

371 2630 392 2658 ιι
429 2622 561 2663 vere
592 2621 820 2675 aureas,
854 2602 1018 2669 dicit,
1073 2618 1139 2657 ac
1167 2602 1216 2657 si
1274 2602 1548 2673 cuiquam
1580 2599 1699 2669 alii,
1734 2603 2025 2658 bonorum

368 2699 661 2770 parentes.
693 2694 841 2750 Nam
873 2692 983 2747 illa:
1014 2691 1161 2747 mihi
1187 2690 1513 2758 hominem,
1545 2708 1661 2747 non
1694 2690 1860 2746 illum
1893 2692 2023 2764 qui-

366 2786 499 2841 dem
532 2789 665 2839 ante
693 2781 981 2855 ignotum,
1016 2781 1119 2836 sed
1148 2784 1347 2836 tamen
1378 2780 1610 2852 plenius
1659 2781 2022 2836 noscendum

360 2874 761 2947 praebuerunt.
810 2894 838 2923 »
892 2871 1123 2924 Ἐκεῖναι
1168 2869 1269 2944 γάρ
1324 2889 1416 2941 μοι
1462 2869 1555 2923 τὸν
1609 2864 1776 2943 ἄνδρα
1828 2873 2019 2924 τοῦτον

361 2961 650 3039 ἐγνώρισαν
682 2958 1034 3035 τελεώτερον,
1070 2954 1195 3012 οὐδὲ
1224 2957 1349 3034 πρὶν
1378 2957 1767 3033 ἀγνοούμενον.

429 3054 591 3109 Idem
623 3050 875 3108 efficitur
889 3050 981 3106 vel
1008 3064 1077 3105 ex
1099 3048 1247 3121 ipsis
1270 3049 1531 3122 Gregorii
1555 3049 1768 3118 verbis,
1802 3050 2021 3121 quibus

361 3147 495 3217 post
523 3140 763 3197 Billium
794 3144 851 3196 et
878 3138 1197 3195 Baronium
1254 3138 1665 3195 Tillemontius
1695 3139 2019 3197 Caesaream

358 3235 419 3289 in
452 3229 1024 3287 Paleastinaindicari
1046 3228 1388 3284 arbitratur.
1422 3229 1551 3285 Haec
1582 3234 1722 3285 sunt
1750 3230 2012 3303 Gregorii

2140 2080 2321 2119 mam.
2351 2063 2446 2120 Sic
2476 2063 2635 2119 enim
2689 2063 2949 2135 loquitur
3005 2066 3082 2139 (g)
3112 2067 3185 2123 de
3236 2084 3303 2123 eo
3343 2072 3501 2123 statu
3532 2068 3592 2123 in
3625 2084 3807 2140 quem

2140 2152 2425 2209 divisione
2445 2152 2820 2226 Cappadociae
2850 2155 3085 2211 redacta
3113 2161 3277 2213 erat:
3328 2179 3358 2207 ‹‹
3388 2157 3806 2229 Spectaculum

2138 2241 2530 2299 fmdissimum
2562 2243 2717 2299 facta
2760 2247 2868 2311 est,
2901 2260 3024 2315 quae
3055 2245 3220 2317 prius
3257 2249 3387 2301 tum
3418 2246 3491 2302 de
3520 2246 3801 2304 litteratis

2135 2332 2344 2389 viris...
2377 2332 2756 2405 gloriabatur.
2816 2333 3099 2390 Similiter
3154 2335 3216 2391 in
3250 2334 3365 2391 alia
3415 2335 3666 2408 epistola
3696 2337 3799 2410 (ἡ),

2136 2420 2466 2478 litterarum
2492 2423 2688 2479 studia
2744 2423 2898 2479 inter
2954 2439 3022 2481 ea
3060 2442 3190 2497 quae
3236 2425 3456 2481 civitati
3490 2442 3708 2482 nomen
3744 2431 3803 2483 et

2135 2512 2354 2571 famam
2385 2516 2747 2585 pepererant,
2774 2512 3059 2587 precipue
3076 2519 3513 2571 commemorat.
3546 2517 3633 2571 An
3664 2532 3805 2573 vero

2135 2601 2470 2674 Gregorius,
2497 2602 2877 2673 pronuntiato
2909 2603 3149 2660 nomine
3180 2602 3801 2669 Caesareae,admonere

2135 2694 2365 2762 poterat
2396 2692 2710 2762 auditores,
2752 2691 3099 2762 Caesaream,
3142 2693 3215 2749 de
3272 2711 3391 2764 qua
3421 2693 3792 2766 loquebatur,

2134 2797 2252 2836 non
2279 2796 2407 2835 eam
2438 2796 2567 2836 esse
2619 2781 2679 2835 in
2712 2797 2830 2851 qua
2860 2781 3183 2837 orationem
3217 2781 3491 2851 habebat,
3526 2782 3618 2838 sed
3650 2781 3787 2837 illu-

2132 2873 2314 2925 strem
2375 2869 2537 2925 illam
2591 2870 2649 2923 in
2705 2869 3002 2926 Palestina
3068 2870 3390 2927 Caesaream
3451 2871 3793 2944 designari?

2131 2961 2295 3015 Certe
2325 2959 2373 3015 si
2405 2960 2475 3016 de
2506 2963 2763 3019 Caesarea
2791 2960 3095 3016 Palestinae
3129 2960 3363 3017 locutus
3421 2962 3625 3017 fuisset
3655 2960 3801 3017 Gre-

2130 3048 2695 3122 gorius,auditorum
2720 3049 2949 3106 animos
2980 3049 3341 3119 offendisset,
3368 3052 3584 3106 nedum
3612 3051 3798 3107 bene-

2125 3138 2440 3195 volentiam
2473 3140 3123 3211 captasset,meritoque
3150 3140 3560 3210 expostulandi
3579 3156 3796 3196 ansam

2129 3228 2479 3302 praebuisset
2500 3228 3069 3300 Cappadocibus,qui
3086 3228 3411 3283 litterarum
3437 3234 3492 3284 et
3513 3229 3794 3301 eloquen-

355 3320 613 3379 verbain
635 3319 907 3377 Oratione
928 3320 1000 3375 De
1028 3319 1231 3375 Basilii
1260 3319 1511 3375 laudibus
1541 3319 1638 3391 (ά),
1672 3291 2012 3377 Ιὶαῦἱῐᾶυϐεο-
2042 3291 2086 3360 C
2124 3291 2217 3374 tiaa
2246 3317 2483 3374 laudem
2524 3291 2639 3373 nec.
2658 3291 3115 3373 Caesariensibus
3164 3318 3488 3387 Palestinas,
3519 3291 3784 3375 nec-aliis

354 3428 537 3469 sarem
569 3428 583 3466 :
612 3407 736 3466 Ἐπὶ
766 3408 867 3477 τὴν
901 3406 1209 3482 Καισαρέων
1238 3406 1401 3463 πόλιν
1436 3406 1728 3483 ἐπείγεται,
1757 3413 1865 3464 τῶν
1913 3412 2013 3484 τῇ·

357 3499 415 3556 δε
448 3499 685 3574 μεθέξων
716 3494 1143 3572 παιδευτηρίων·
1172 3496 1373 3567 ταύτην
1409 3495 1465 3552 δὲ
1513 3494 1663 3573 λέγω
1710 3498 1810 3567 τὴν
1859 3520 2013 3575 περι-

361 3596 497 3669 φανῆ
556 3610 614 3644 τε
660 3588 752 3644 καὶ
799 3587 1091 3664 ἡμετέραν,
1142 3584 1257 3642 ἐπεὶ
1303 3586 1393 3642 καὶ
1452 3591 1560 3642 τῶν
1627 3586 1774 3661 ἐμῶν
1835 3586 2014 3664 λόγων

358 3679 494 3751 αὕτη
526 3678 851 3755 καθηγεμὼν
881 3676 973 3732 καὶ
1030 3673 1376 3749 διδάσκαλος,
1406 3678 1505 3747 τήν
1552 3675 1659 3753 οὐχ
1704 3678 1868 3746 ἦττον
1920 3675 2018 3732 λό-

352 3792 463 3847 γων
519 3766 864 3845 μητρόπολιν
913 3768 949 3837 ἢ
998 3771 1103 3821 τῶν
1155 3764 1395 3838 πολεων,
1420 3767 1494 3821 ὧν
1539 3766 1866 3843 ὑπέρκειται,
1899 3765 2019 3821 καὶ·

350 3860 470 3915 καθ’
500 3858 574 3913 ὦν
626 3856 743 3934 ἔχει
789 3858 889 3927 τὴν
942 3854 1270 3911 δυναστείαν*
1319 3857 1380 3925 ἣν
1428 3852 1587 3919 εἷ’τις
1615 3861 1712 3911 τοῦ
1745 3855 1796 3911 ὲν
1832 3854 2021 3932 λόγοις

348 3949 581 4026 κράτους
649 3948 1089 4022 ἀποστερήσειεν,
1168 3945 1462 4023 ἀφῃρηκὼς
1528 3941 1674 4000 ἔσται
1764 3945 1895 4001 αὐτὸ
1956 3946 2037 4001 τὸ-

355 4036 652 4094 κάλλιστόν
700 4056 760 4090 τε
804 4033 896 4090 καί
938 4032 1282 4092 ΐδικώτατον.
1329 4032 1536 4090 ’Άλλαι
1593 4034 1688 4107 μὶν
1752 4034 1854 4110 γὰρ
1916 4040 2023 4090 τῶν

357 4125 575 4183 πόλεων
639 4124 836 4188 ἄλλοις
904 4122 1237 4200 ἀγάλλονται
1305 4121 1786 4197 καλλωπίσμασιν,
1836 4126 1873 4193 ἢ
1921 4125 2020 4180 παὶ

360 4216 542 4277 λαιοῖς
567 4216 603 4285 ἢ
636 4213 801 4286 νέοις,
835 4211 985 4276 ὅπως
1020 4213 1105 4285 ἂν,
1132 4213 1309 4286 οἶμαι,
1339 4216 1447 4267 τῶν
1481 4210 1842 4288 διηγημάτων
1872 4213 2015 4289 ἔχω-

364 4327 466 4376 σιν,
513 4306 549 4376 ἢ
598 4309 707 4359 τῶν
766 4302 1083 4381 ὁρωμένων·
1132 4306 1201 4377 τῇ
1254 4299 1313 4357 δὲ
1359 4301 1541 4378 λόγοι,
1591 4302 1654 4357 τὸ
1709 4304 2016 4380 γνώρισμα,

364 4395 544 4473 ὥσπερ
593 4394 645 4450 ἐν
709 4399 827 4456 τοῖς
893 4390 1088 4455 ὅπλοις
1140 4393 1175 4462 ἢ
1222 4396 1341 4454 τοῖς
1404 4389 1637 4467 δράμασι
1694 4394 1761 4447 τὰ
1828 4393 2017 4464 ἐπίση-

365 4506 459 4560 μα.
499 4508 528 4537 ‹‹
558 4487 900 4551 Caesaream,
935 4487 1002 4539 ut
1032 4483 1367 4540 scholarum
1397 4482 1560 4539 illius
1590 4483 1840 4540 civitatis
1887 4501 2019 4557 par-

358 4577 544 4648 ticeps
575 4579 751 4640 esset,
810 4571 1140 4641 contendit;
1194 4573 1367 4641 hanc,
1400 4572 1665 4644 inquam,
1729 4571 2017 4630 illustrem

2124 3408 2459 3465 civitatibus
2490 3407 2903 3463 concedebant.
2927 3406 3228 3471 Quomodo
3258 3407 3432 3463 etiam
3464 3409 3788 3464 Caesaream

2126 3497 2431 3555 Palestinae
2483 3520 2511 3549 «
2547 3497 2839 3553 civitatem
2896 3500 3161 3553 nostram
3194 3519 3222 3547 ››
3254 3497 3447 3553 dicere
3493 3496 3787 3568 licuisset,

2126 3588 2246 3643 imo
2277 3610 2306 3638 «
2346 3588 2598 3660 patriam
2620 3605 2648 3640 ι
2709 3585 3025 3659 appellare,
3060 3586 3161 3642 ubi
3191 3587 3272 3642 ait
3297 3587 3382 3659 (ἰ),
3412 3609 3441 3638 ‹‹
3476 3603 3545 3642 ex
3579 3588 3790 3644 eodem

2128 3677 2330 3749 patriae
2362 3676 2612 3732 fontem.
2646 3675 3024 3732 dissectos....
3053 3675 3297 3732 Athenis
3328 3675 3592 3732 coivisse.

2197 3766 2376 3822 Addit
2404 3767 2468 3838 (7')
2500 3765 2624 3822 haec
2678 3765 2855 3821 verba
2908 3765 3250 3837 Gregorius,
3284 3781 3415 3836 quae
3447 3764 3610 3821 litem
3646 3764 3799 3820 diri-

2130 3859 2341 3912 munt:
2374 3878 2403 3905 «
2433 3855 2566 3911 Jam
2593 3872 2720 3927 quae
2777 3858 3129 3926 sequuntur,
3164 3855 3203 3909 ii
3251 3859 3564 3927 exponant,
3598 3854 3701 3926 qui
3738 3859 3803 3912 et

2129 3962 2265 4002 eum
2299 3945 2453 4017 apud
2481 3961 2542 4001 se
2568 3943 2936 4013 erudierunt,
2966 3948 3024 3999 et
3055 3944 3312 3999 fructum
3344 3961 3412 4000 ex
3445 3944 3633 4016 ipsius
3652 3960 3798 3999 eru-

2131 4035 2351 4091 ditione
2372 4040 2651 4106 ceperunt
2672 4039 2953 4106 ;quantus
2980 4033 3248 4089 videlicet
3270 4033 3798 4106 magistris,quan-

2129 4130 2227 4181 tus
2257 4122 2581 4197 aequalibus
2612 4127 2786 4180 esset.
2822 4146 2851 4173 »
2884 4123 3026 4188 Quis
3056 4123 3391 4195 ambigendi
3422 4122 3605 4189 locus,
3638 4124 3804 4181 utris

2129 4213 2586 4272 Caesariensibus
2608 4213 2899 4270 narranda
2928 4213 3238 4285 Gregorius
3259 4212 3585 4285 relinquat?
3610 4211 3793 4285 Iisne,

2132 4307 2233 4379 qui
2256 4306 2425 4378 longe
2451 4305 2658 4361 remoti
2680 4309 2865 4372 erant,
2901 4320 3007 4360 nec
3029 4306 3313 4376 majorem
3341 4320 3410 4360 ex
3429 4302 3631 4359 Basilii
3654 4319 3788 4359 eru-

2131 4394 2353 4451 ditione
2378 4394 2690 4450 utilitatem
2718 4409 2895 4465 quam
2927 4393 3053 4448 alite
3085 4394 3345 4449 civitates
3367 4393 3789 4465 perceperant;

2131 4501 2205 4540 an
2238 4483 2312 4539 iis
2337 4500 2485 4554 quos
2515 4482 2946 4555 alloquebatur,
2979 4482 3199 4567 quique
3238 4487 3295 4538 et
3335 4482 3535 4537 Basilii
3568 4480 3802 4537 studio-

2130 4590 2263 4629 rum
2294 4572 2637 4628 meminisse
2690 4575 2979 4643 poterant,
3014 4576 3071 4627 et
3100 4572 3201 4643 qui
3232 4572 3361 4642 ejus
3392 4570 3660 4627 doctrina
3691 4586 3807 4642 per

361 4666 677 4731 civitatem,
738 4668 797 4720 et
826 4667 1087 4719 nostram
1116 4680 1129 4718 :
1164 4679 1301 4718 nam
1346 4676 1611 4718 meorum
1644 4679 1876 4735 quoque
1905 4668 2026 4719 stu-
2053 4670 2100 4735 D
2131 4668 2219 4719 tot
2249 4678 2435 4717 annos
2475 4661 2686 4716 imbuti
2744 4661 2976 4717 fuerant
3005 4660 3032 4715 ?
3060 4662 3205 4717 Cum
3264 4660 3446 4733 igitur
3473 4659 3568 4715 his
3597 4660 3804 4715 verbis

359 4757 593 4812 diorum
623 4755 741 4809 dux
772 4758 830 4809 et
861 4752 1149 4825 magistra
1210 4751 1465 4820 exstitit;
1498 4768 1627 4823 quis
1671 4768 1786 4806 non
1820 4752 2020 4809 minus

358 4844 687 4901 litterarum
721 4848 895 4915 atque
946 4841 1244 4907 doctrinae,
1279 4857 1456 4912 quam
1514 4840 1774 4909 urbium,
1808 4842 2020 4913 quibus

360 4933 636 5006 praecedit
667 4936 723 4988 et
771 4932 1130 4997 dominatur,
1166 4930 1545 5002 metropolis;
1598 4946 1775 5002 quam
1806 4930 1855 4985 si
1886 4932 2018 5002 quis

359 5022 635 5079 doctrinae
669 5020 864 5093 palma
890 5020 1248 5094 spoliaverit,
1278 5035 1403 5074 rem
1436 5020 1699 5074 omnium
1743 5020 2019 5091 pulcher-

360 5112 573 5170 rimam
604 5111 836 5184 ipsique
885 5111 1139 5166 maxime
1168 5108 1467 5181 propriam
1513 5109 1810 5181 eripuerit.
1848 5110 2017 5182 Nam,

360 5218 496 5259 cum
521 5198 645 5258 alia:
701 5201 964 5257 civitates
1017 5198 1151 5255 aliis
1200 5196 1579 5267 ornamentis,
1612 5197 1703 5256 vel
1734 5199 2015 5271 antiquis,

356 5292 445 5351 vel
476 5290 642 5349 novis
672 5289 1219 5364 glorientur,prout,
1253 5287 1479 5360 opinor,
1512 5286 1602 5343 vel
1634 5285 2016 5359 historiis,vel

453 5490 507 5560 a)
540 5490 635 5547 Or.
668 5490 756 5560 113,
790 5487 962 5545 11.15.

454 5556 510 5633 b)
542 5564 577 5617 9
608 5556 765 5631 Maii,
797 5579 854 5634 p.
888 5560 1011 5635 379,
1046 5557 1152 5618 col.
1188 5556 1245 5635 2,
1278 5558 1397 5614 not.

450 5640 499 5763 ἓ
530 5635 628 5718 Or:
662 5634 751 5704 43,
786 5651 844 5689 n.
880 5634 967 5688 14.

492 5708 507 5763 l
536 5707 710 5763 Ibld..
738 5722 798 5763 n.
836 5705 922 5763 13.

536 5706 710 5776 Ibid.,
738 5722 798 5763 η.
836 5705 922 5765 13.

452 5708 485 5763 d
536 5708 710 5776 Ibid.,
738 5722 798 5763 n.
836 5708 922 5765 13.

452 5708 507 5854 ei
537 5780 681 5841 Vite
708 5779 910 5853 Desit,
941 5775 1085 5839 ibid.

2132 4751 2442 4807 manifeste
2462 4750 2726 4805 Caesarea
2751 4750 3163 4822 Cappadocum
3182 4748 3803 4822 dignoscatur,imme-

2131 4841 2244 4897 rito
2271 4840 2481 4913 quaerit
2501 4838 2935 4907 Tillemontius,
2971 4840 3128 4911 quod
3158 4856 3299 4911 pace
3328 4838 3477 4894 tanti
3499 4838 3605 4893 viri
3638 4838 3802 4893 dixe-

2130 4930 2264 5001 rim,
2299 4946 2405 4985 cur
2451 4928 2788 5002 Gregorius,
2837 4928 2936 5002 qui
2968 4930 3237 4985 Caesareae
3267 4928 3597 5000 perorabat,
3628 4926 3804 4982 Basi-

2128 5019 2274 5074 lium
2305 5018 2366 5073 in
2397 5017 2549 5074 hanc
2591 5019 2798 5074 urbem
2829 5018 3060 5074 venisse
3118 5018 3415 5090 conceptis
3449 5017 3643 5073 verbis
3673 5032 3805 5073 non

2128 5110 2307 5177 dicat;
2342 5126 2446 5163 cur
2476 5125 2591 5164 non
2623 5125 2753 5164 eam
2785 5108 3074 5179 designet,
3104 5107 3219 5163 nisi
3264 5106 3559 5179 ejusmodi
3608 5106 3802 5172 notis,

2131 5215 2259 5271 quas
2288 5196 2497 5253 saltem
2529 5196 2579 5253 ei
2604 5213 2739 5253 cum
2773 5198 2955 5253 altera
2985 5203 3243 5253 Caesarea
3272 5212 3619 5252 communes
3650 5194 3803 5253 sint.

2129 5289 2293 5355 Quod
2323 5291 2523 5343 autem
2553 5286 2761 5359 objicit
2785 5286 3198 5345 Tillemontius
3243 5303 3312 5345 ex
3362 5301 3427 5343 eo
3460 5286 3615 5359 quod
3646 5284 3806 5343 Gre-

2302 5485 2430 5569 Kita
2451 5484 2669 5569 ‘Colznstq
2702 5502 2752 5543 c.
2785 5485 2874 5556 43,
2906 5503 2963 5561 p.
2991 5485 3119 5547 548.

2197 5562 2273 5686 (ι)
2523 5558 2617 5685 zi-

2195 5629 2516 5855 ¥i3)0r€lsl1ii,
2545 5671 2614 5758 n:

2220 5790 2239 5849 φ
2289 5772 2465 5847 Ιδιὰη
2497 5787 2557 5832 n.
2590 5774 2617 5832 1

2220 5700 2385 5851 01f.
2427 5702 2516 5769 .13,
2545 5717 2606 5758 n.
2639 5701 2727 5761 15.

2220 5790 2239 5849 φ
2289 5772 2465 5847 Ima,
2497 5787 2557 5832 ιι.
2590 5773 2679 5832 13.

2220 5772 2263 5849 φ)
2289 5772 2465 5847 Ibid.,
2497 5787 2557 5832 η.
2590 5773 2679 5832 13.
