4080 6478
243 460 330 522 165
1699 464 1880 531 VITA
1935 470 1997 531 S.
2049 466 2447 531 GREGORII.

3678 472 3791 533 166

250 597 452 668 gorius
484 603 938 679 Caesaream,
977 607 1064 662 de
1094 622 1200 677 qua
1228 603 1503 677 loquitur,
1537 625 1566 655 «
1600 606 1892 661 civitatem
1925 620 2027 659 no-
2059 606 2115 671 Α
2144 613 2232 659 est
2287 611 2626 675 tempestas,
2679 621 2857 677 quam
2918 603 3151 678 egregio
3201 609 3386 663 metro
3440 607 3650 663 cecinit
3698 610 3791 680 (c).

260 692 442 747 stram
485 712 521 745 ι
566 696 927 768 appellet,
969 695 1120 770 quia
1149 721 1174 747 ‹‹
1208 695 1392 768 ipsius
1421 694 1756 751 studiorum
1800 695 1919 749 dux
1974 697 2032 750 et

272 780 578 854 magistra
611 786 915 856 exstitit;
962 807 990 837 ι
1031 786 1205 859 quod,
1238 786 1501 858 inquam,
1546 784 1749 856 objicit
1791 784 1880 840 vir
1928 784 2028 840 do-

292 875 446 941 ctus,
472 877 549 930 ut
575 876 831 947 probet
863 878 1011 933 haec
1040 875 1215 933 verba
1245 892 1358 931 non
1401 892 1529 931 esse
1575 875 1912 948 accipienda
1960 874 2031 930 de

311 964 575 1022 Caesarea
623 966 1089 1039 Cappadociae,
1136 982 1308 1037 quam
1367 965 1641 1037 Gregorio
1699 988 1727 1016 ‹‹
1786 982 1953 1020 suam
2001 985 2029 1014 »

334 1055 462 1112 aliis
487 1057 559 1112 de
592 1056 845 1123 causis,
884 1061 1072 1129 atque
1094 1056 1385 1127 imprimis
1406 1056 1560 1127 quod
1583 1072 1701 1111 suae
1723 1054 2031 1128 provinciae

348 1145 691 1219 metropolis
722 1150 924 1213 esset,
960 1145 1254 1219 appellare
1282 1144 1517 1212 licebat,
1547 1144 1609 1200 in
1640 1145 1837 1216 ipsum
1870 1160 2031 1215 rege-

361 1237 521 1294 ritur.
545 1237 820 1303 Etenim,
857 1252 1004 1291 cum
1054 1238 1371 1291 Caesaream
1405 1234 1720 1306 Gregorius
1750 1234 1821 1291 ob
1855 1232 2032 1289 disci-

360 1327 572 1400 plinas,
602 1343 756 1398 quas
787 1325 878 1381 ibi
911 1326 1210 1393 hauserat,
1244 1342 1359 1380 non
1390 1324 1583 1380 solum
1606 1325 1677 1381 ob
1696 1322 2034 1396 metropoli-

362 1417 479 1473 tica
491 1418 649 1489 jura,
664 1438 693 1466 α
710 1432 895 1472 suam
917 1435 949 1467 »
972 1414 1243 1484 disceret;
1267 1414 1553 1471 rationem
1577 1415 1789 1472 addere
1810 1413 2032 1483 debuit,

373 1525 476 1564 cur
503 1524 628 1563 eam
660 1505 962 1580 singulari
1004 1504 1175 1561 modo
1208 1521 1377 1561 suam
1428 1502 1765 1577 appellaret,
1816 1504 2036 1577 alioqui

380 1614 546 1655 nemo
575 1615 692 1654 non
724 1598 1126 1655 existimasset
1142 1614 1277 1654 eum
1307 1596 1380 1654 ad
1404 1597 1545 1669 jura
1574 1596 1914 1670 metropolis
1946 1612 2036 1654 re-

378 1689 599 1761 spicere
628 1689 731 1761 (a).

409 1796 603 1853 XXXI.
627 1798 970 1853 Litterarum
999 1811 1193 1852 amore
1222 1795 1281 1851 in
1310 1795 1658 1852 Palestinam
1687 1811 1743 1853 se
1772 1797 1998 1867 confert.

444 1906 610 1961 Idem
644 1905 976 1960 litterarum
1006 1921 1188 1975 amor,
1207 1904 1307 1976 qui
1326 1903 1607 1960 Basilium
1626 1908 1681 1960 et
1695 1904 2039 1977 Gregorium

372 1996 603 2051 Casare
624 1996 1039 2067 Cappadocum
1071 1995 1467 2066 conjunxerat,
1486 1993 1735 2050 alterum
1758 1994 1829 2050 ab
1860 1993 2041 2049 altero
2072 1991 2119 2056 B

376 2085 677 2140 distraxit.
710 2083 961 2140 Basilius
992 2100 1242 2154 namque
1285 2083 1420 2139 inde
1452 2084 1745 2156 profectus
1777 2088 1865 2140 est
1893 2087 2039 2139 Con-

373 2174 860 2247 stantinopolim,
888 2174 1203 2247 Gregorius
1232 2190 1369 2229 vero
1395 2173 1455 2228 in
1478 2173 1844 2231 Palaestinam
1872 2173 2042 2230 navi-

372 2265 544 2339 gavit
598 2283 611 2321 :
668 2284 692 2313 ι
744 2263 829 2319 Ob
878 2263 1020 2319 artis
1052 2263 1314 2319 oratoriae
1355 2280 1615 2319 amorem
1648 2264 1708 2319 in
1740 2264 2041 2319 Palestina

369 2354 629 2422 scholis,
672 2358 801 2409 tum
860 2352 1222 2420 ﬂorentibus,
1282 2358 1547 2409 moratus
1592 2354 1684 2429 (ὁ).
1720 2376 1747 2404 ‹‹
1782 2353 2045 2409 Illustres

374 2446 547 2503 enim
576 2448 747 2500 erant
775 2443 985 2500 scholae
1014 2443 1127 2499 illae
1158 2461 1222 2500 ac
1252 2444 1707 2515 ﬂorentissimae,
1743 2447 1803 2500 in
1826 2444 2045 2518 quibus

388 2551 465 2590 ex
504 2533 856 2590 Christianis
894 2532 1054 2603 olim,
1087 2534 1428 2607 Pamphilus
1460 2538 1700 2607 martyr,
1734 2534 2045 2601 Eusebius,

400 2623 626 2695 aliique
671 2623 992 2680 doctissimi
1020 2623 1125 2679 viri
1156 2624 1402 2695 professi
1433 2624 1692 2693 fuerant;
1726 2624 1821 2680 his
1849 2627 2047 2679 autem

400 2711 779 2784 temporibus,
812 2712 1201 2785 Thesperium
1233 2713 1567 2786 Gregorius,
1600 2718 1665 2769 ut
1693 2714 1897 2769 scribit
1920 2713 2047 2768 Hie-

382 2819 695 2871 ronymus,
728 2802 1043 2869 rhetorem,
1085 2802 1429 2874 eloquentiae
1478 2808 1889 2875 praeceptorem
1945 2804 2048 2858 ha-

388 2891 564 2959 buit;
601 2892 754 2947 inter
783 2891 970 2947 socios
1002 2892 1302 2960 Euzoium,
1337 2893 1435 2965 qui
1470 2898 1690 2965 postea,
1726 2893 2053 2966 imperante

388 2981 653 3049 Valente,
688 2980 1010 3053 patrocinio
1039 2980 1386 3037 Arianorum
1438 2986 1667 3038 creatus
1716 2982 2052 3055 episcOpus,

400 3070 817 3128 Casariensem
850 3071 1044 3126 sedem
1071 3072 1393 3141 occupavit.

816 3176 1029 3234 XXXII.
1061 3177 1460 3235 Alexandriam
1488 3181 1643 3253 petit.

464 3282 832 3357 Aliquandiu
863 3287 1259 3339 commoratus
1298 3286 1359 3340 in
1390 3286 1699 3343 Palaestina
1743 3288 2057 3362 Gregorius

2140 693 2351 749 Omnia
2386 698 2731 766 praesentem
2781 695 3055 751 omnibus
3095 700 3345 752 mortem
3376 696 3745 753 intentabant
3779 714 3792 753 :

2141 784 2414 857 Gregorio
2446 789 2642 840 autem
2674 802 2834 841 mors
2857 785 3065 842 animae
3096 785 3267 859 longe
3297 788 3579 859 majorem
3601 788 3799 844 formi-

2142 873 2338 929 dinem
2371 875 2666 931 aﬂ‘erebat.
2707 894 2728 923 α
2764 876 2825 930 In
2858 874 3187 948 periculum
3218 878 3375 933 enim
3418 877 3598 934 miser
3633 894 3800 934 vene-

2140 962 2490 1035 ram,inquit
2519 964 2617 1035 (d),
2651 982 2722 1020 ne
2754 982 2870 1021 non
2903 966 3192 1023 initiatius
3222 982 3252 1022 e
3282 967 3400 1022 vita
3417 967 3803 1040 discederem,

2143 1052 2508 1125 spiritualem
2560 1071 2775 1126 aquam
2822 1054 2977 1111 inter
3024 1056 3301 1112 exitiosas
3345 1060 3402 1112 et
3472 1057 3803 1113 mortiferas

2144 1144 2335 1199 undas
2368 1143 2728 1200 desiderans.
2770 1165 2798 1195 ››
2851 1144 3175 1214 Clamabat,
3217 1146 3583 1217 obsecrabat,
3630 1148 3804 1203 breve

2145 1232 2442 1304 quoddam
2474 1234 2754 1306 temporis
2786 1234 3045 1306 spatium
3077 1234 3413 1307 expetebat;
3457 1238 3652 1293 tantos
3703 1237 3803 1293 de-

2146 1339 2312 1378 mum
2339 1323 2572 1395 genitus
2593 1324 2822 1397 edebat,
2856 1328 2922 1380 ut
2953 1325 3168 1397 caeteri,
3214 1326 3369 1398 quod
3393 1325 3486 1383 vix
3522 1326 3806 1384 credibile

2147 1415 2255 1485 est,
2302 1412 2539 1470 omissis
2570 1412 2823 1487 quisque
2874 1414 3127 1487 propriis
3167 1415 3628 1483 calamitatibus,
3665 1434 3805 1473 suas

2147 1501 2411 1575 Gregorii
2433 1502 2750 1575 ejulatibus
2782 1520 2981 1576 preces
2995 1505 3469 1577 jungerent,ejus
3484 1504 3807 1561 infortunio

2148 1591 2541 1649 condolenles.
2567 1592 2804 1663 Omnes,
2841 1595 3021 1650 etiam
3062 1594 3163 1667 qui
3194 1595 3375 1650 Deum
3398 1598 3530 1651 ante
3554 1612 3667 1651 non
3699 1612 3804 1651 no-

2148 1685 2301 1749 rant,
2336 1684 2520 1739 Deum
2568 1683 2937 1751 invocabant,
2985 1687 3051 1740 ut
3098 1683 3303 1740 scribit
3353 1686 3666 1757 Gregorius
3696 1686 3805 1756 (e);

2152 1773 2305 1844 quod
2339 1776 2492 1828 certe
2523 1776 2867 1844 argumento
2916 1777 3006 1829 est
3036 1772 3234 1845 plures
3265 1773 3325 1829 in
3356 1790 3424 1829 ea
3453 1774 3583 1829 navi
3626 1774 3810 1830 fuisse

2150 1861 2353 1917 ﬁdeles
2384 1861 2768 1931 Christianos,
2804 1862 3099 1935 baptismo
3142 1862 3419 1931 initiatos,
3444 1880 3477 1919 a
3504 1864 3720 1935 quibus
3753 1867 3812 1919 et

2150 1951 2277 2023 ipse
2300 1951 2613 2023 Gregorius
2648 1951 2995 2008 necessitate
3016 1950 3359 2025 compulsus
3382 1968 3512 2009 eum
3538 1957 3732 2025 petere
3755 1956 3813 2009 et

2152 2040 2449 2113 suscipere
2502 2046 2731 2113 poterat
2758 2042 2823 2113 (Γ)
2857 2058 2871 2097 :
2907 2042 3061 2113 quod
3095 2041 3332 2114 quidem
3384 2041 3557 2098 licere
3601 2044 3813 2099 docent

2152 2129 3003 2203 Tertullianus,Hieronymus,
3032 2132 3423 2203 Augustinus,
3459 2131 3676 2202 allique
3708 2132 3811 2187 do-

2153 2224 2360 2287 ctores,
2406 2224 2581 2291 atque
2634 2220 2813 2275 etiam
2860 2220 3145 2291 approbat
3180 2218 3455 2275 Ecclesia.
3508 2220 3813 2286 Quomodo

2154 2326 2290 2382 ergo
2316 2309 2428 2380 ipsi
2458 2308 2518 2364 in
2552 2313 2805 2365 mentem
2837 2326 2953 2365 non
2984 2309 3162 2378 venit,
3197 2313 3316 2365 uta
3343 2313 3643 2365 vectorum
3666 2326 3815 2381 quo-

2154 2399 2313 2471 piam
2344 2398 2707 2469 baptismum
2751 2398 3017 2471 peteret?
3047 2398 3333 2454 Validitas
3381 2397 3661 2470 baptismi
3712 2414 3817 2470 per

2153 2486 2334 2543 laicos
2364 2486 2559 2543 collati
2591 2504 2706 2543 non
2736 2488 2881 2542 satis
2934 2490 3073 2543 nota
3107 2487 3291 2543 fuisse
3322 2488 3535 2543 Graecis
3564 2486 3814 2543 videtur.

2156 2577 2251 2633 Sic
2282 2576 2553 2644 Basilius,
2612 2581 2747 2648 post
2791 2575 3148 2649 Cyprianum
3181 2580 3237 2631 et
3268 2576 3697 2643 Firmilianum,
3756 2577 3817 2632 in

2158 2665 2406 2739 epistola
2458 2654 2760 2733 canonica,
2822 2681 3045 2720 canone
3089 2666 3145 2719 1°
3204 2681 3218 2718 :
3274 2667 3505 2730 «Quare
3560 2681 3684 2732 eos,
3734 2665 3820 2719 in-

2160 2756 2289 2827 quit
2318 2756 2415 2827 (g),
2439 2756 2538 2827 qui
2567 2755 2638 2810 ab
2670 2754 2933 2826 ipsorum
2959 2754 3228 2825 partibus
3249 2754 3511 2822 stabunt,
3534 2758 3819 2825 tanquam

2161 2862 2196 2900 a
2224 2845 2389 2901 laicis
2421 2844 2767 2915 baptizatos,
2792 2846 3103 2915 jusserunt
3131 2854 3264 2898 vero
3314 2843 3582 2898 Ecclesia:
3629 2842 3821 2914 bapti-

2163 2940 2352 2991 smate
2390 2935 2462 2990 ad
2494 2933 2808 2989 Ecclesiam
2840 2933 3139 2989 venientes
3169 2932 3515 3005 expugnari.
3542 2952 3567 2984 ι)
3596 2934 3821 2999 Quibus

2163 3026 2357 3081 verbis
2399 3024 2585 3095 liquet
2625 3023 2904 3078 collatum
2956 3040 2990 3079 a
3032 3022 3200 3079 laicis
3248 3024 3541 3095 baptisma
3585 3022 3822 3079 irritum

2166 3116 2323 3188 apud
2354 3114 2581 3170 Graecos
2611 3113 2878 3168 habiturn
2912 3112 3114 3169 fuisse.

2166 3220 2624 3278 XXXV-XXXVI.
2673 3222 2961 3277 Promittit
2994 3219 3288 3289 Gregorius
3317 3236 3373 3275 se
3402 3220 3513 3275 Deo
3546 3222 3825 3275 victurum

2239 3297 2290 3349 si
2318 3310 2495 3365 sospes
2522 3292 2731 3349 evadat.
2764 3324 2831 3333 -—
2861 3297 3164 3349 Parentum
3193 3309 3249 3349 se
3278 3293 3530 3365 precibus
3547 3301 3828 3350 servatum

388 3373 816 3431 Alexandriam
848 3389 911 3429 se
948 3372 1214 3443 contulit,
1247 3376 1418 3446 cujus
1457 3376 1621 3433 urbis
1651 3378 1881 3435 scholas
1913 3378 2055 3435 olim
2086 3368 2130 3435 C
2237 3368 2501 3439 agnoscit-

389 3464 775 3520 illustrarant
802 3463 1093 3532 Clemens,
1124 3464 1411 3537 Origines,
1443 3465 1659 3539 aliique
1689 3467 1795 3523 viri
1845 3468 2059 3541 pietate

391 3561 456 3611 et
489 3552 746 3609 scientia
767 3553 1236 3620 commendandi,
1260 3559 1317 3610 et
1339 3572 1488 3627 quas
1519 3557 1758 3612 demum
1778 3558 2059 3631 Didymus

398 3642 765 3699 celebriores
794 3642 1066 3698 reddidit.
1099 3643 1305 3700 Adhuc
1336 3649 1534 3701 noster
1566 3647 1901 3719 Gregorius,
1926 3648 2062 3704 licet

398 3750 467 3787 ex
496 3737 631 3788 voto
662 3732 782 3787 Deo
826 3730 1076 3803 oblatus,
1121 3737 1246 3788 erat
1286 3734 1763 3805 catechumenus,
1811 3753 1877 3792 ex
1925 3754 2059 3809 usu,

398 3838 501 3876 seu
521 3821 730 3894 potius
755 3822 941 3877 abusu
966 3821 1201 3877 illorum
1222 3830 1577 3896 temporum,
1593 3826 1852 3897 antiquis
1873 3826 2063 3883 Eccle-

396 3913 496 3965 siae
527 3911 803 3967 moribus
824 3911 1360 3984 traditionibusque
1390 3914 1728 3986 apostolicis
1745 3917 2059 3973 adversan-

407 4005 482 4071 te,
535 4017 713 4072 quem
773 4000 899 4072 ipse
956 4003 1333 4073 postmodum
1392 4003 1729 4076 Gregorius,
1786 4005 2060 4085 Basilius,

398 4090 713 4160 Gregorius
746 4089 1048 4162 Nyssenus
1079 4091 1334 4162 graviter
1364 4092 1637 4150 insectati
1668 4102 1829 4151 sunt.

408 4194 1187 4278 X.‘i."{l_ll_-XXX1V."A_th_eaas
1214 4201 1439 4278 τιαυὶραί
1466 4204 1519 4278 et
1547 4204 1707 4278 gravi
1751 4208 2066 4278 tempestate

464 4270 737 4340 jactatur.
774 4300 843 4310 —
902 4270 1162 4342 Validitas
1216 4272 1479 4341 baptismi
1522 4270 1625 4342 per
1672 4270 2067 4336 laicos'coltati

470 4356 581 4397 non
610 4343 745 4396 satis
771 4343 905 4397 nota
936 4340 1157 4398 Grecis.

473 4446 623 4504 Dem
633 4464 730 4503 um
757 4448 985 4505 haustis
1004 4450 1314 4523 utriusque
1338 4453 1608 4511 Caesareae
1625 4458 1683 4511 et
1704 4454 2067 4516 Alexandria;

396 4537 791 4594 scientiarum
825 4540 1107 4609 fontibus,
1141 4540 1350 4611 majori
1381 4542 1563 4598 animi
1594 4545 1800 4603 ardore
1823 4548 2071 4606 Athena-

400 4644 534 4682 rum
556 4628 808 4684 ﬂumina
822 4628 1049 4697 sitiens,
1074 4646 1367 4702 morteque
1388 4631 1724 4707 impatiens,
1748 4652 2071 4696 conscensa

2241 3474 2348 3530 Per
2365 3472 2571 3545 viginti
2594 3472 2717 3528 dies
2748 3471 2932 3528 saaviit
2957 3475 3303 3545 tempestas,
3322 3472 3685 3544 totidemque
3706 3470 3829 3527 die-

2168 3564 2281 3619 bus
2340 3563 2749 3637 gemebundus
2781 3579 2961 3635 supra
2991 3563 3235 3635 puppim
3266 3562 3455 3634 jacuit
3486 3561 3823 3633 Gregorius,

2169 3653 2353 3710 Deum
2388 3652 2633 3724 supplex
2663 3668 2928 3722 exorans,
2961 3651 3256 3723 pollicitus
3275 3652 3321 3707 si
3355 3651 3533 3707 maris
3564 3650 3825 3723 periculo

2168 3741 2537 3811 liberaretur,
2580 3744 2756 3812 atque
2786 3740 3035 3812 expetito
3076 3741 3369 3813 baptismo
3407 3741 3715 3807 frueretur,
3749 3739 3827 3807 ei,

2172 3850 2206 3889 a
2265 3848 2379 3903 quo
2440 3830 2689 3886 salutem
2748 3829 3087 3901 accepisset,
3145 3846 3273 3885 sese
3322 3832 3826 3884 consecraturum.

2171 3923 2397 3977 «Tuus
2455 3937 2611 3986 sum,
2671 3918 3029 3974 inclamabat
3084 3919 3163 3991 (h)
3197 3936 3210 3975 :
3245 3924 3418 3975 antea
3456 3920 3583 3991 jam
3641 3935 3826 3987 eram,

2172 4016 2230 4068 et
2260 4026 2417 4065 nunc
2446 4008 2679 4065 iterum.
2711 4008 2798 4063 Tu
2830 4024 2922 4064 me
2950 4008 3044 4064 bis
3075 4009 3344 4081 accipies,
3379 4007 3696 4081 pretiosam
3722 4006 3832 4063 tibi

2173 4100 2630 4175 possessionem,
2667 4102 2831 4154 terra:
2864 4098 3161 4169 marisque
3186 4116 3429 4171 munus,
3458 4098 3566 4154 tibi
3622 4115 3834 4154 conse-

2173 4196 2403 4248 cratum
2432 4193 2566 4244 voto
2598 4188 2857 4261 parentis
2884 4192 2940 4243 et
2969 4192 3129 4244 metu
3162 4188 3540 4261 gravissimo.
3582 4188 3712 4243 Tibi
3744 4187 3833 4242 vi-

2174 4298 2329 4350 vam,
2363 4280 2411 4335 si
2445 4280 2658 4351 duplex
2698 4278 3025 4350 periculum
3058 4278 3335 4350 effugero.
3390 4278 3453 4335 Si
3503 4294 3597 4333 me
3646 4277 3837 4350 perire

2177 4370 2401 4439 siveris,
2435 4369 2644 4435 cultor,
2680 4368 2785 4423 tibi
2819 4369 3047 4440 peribit.
3086 4368 3495 4441 Expergiscere
3535 4367 3700 4436 mihi,
3735 4371 3837 4422 aut

2176 4462 2439 4533 gradere,
2473 4464 2529 4515 et
2575 4463 2799 4514 metum
2849 4475 3175 4531 compesce.
3213 4481 3241 4508 ››
3273 4459 3383 4513 Vix
3414 4458 3537 4513 haec
3586 4458 3834 4527 dixerat,

2177 4568 2311 4608 cum
2344 4549 2545 4605 statim
2573 4549 2778 4603 sedata
2809 4554 2899 4603 est
2928 4554 2984 4603 et
3003 4552 3364 4605 commutata
3384 4548 3441 4603 in
3476 4564 3681 4605 auram
3703 4563 3837 4619 pro-

2180 4640 2347 4697 cella.
2382 4638 2688 4694 Servatum
2720 4654 2783 4693 se
2818 4638 3088 4709 agnoscit
3128 4638 3445 4711 Gregorius
3476 4638 3541 4710 (i)
3564 4636 3838 4710 precibus

402 4716 535 4771 navi
560 4716 809 4789 Eginea
838 4719 993 4775 circa
1022 4719 1283 4775 medium
1315 4723 1723 4791 Novembrem,
1770 4742 1885 4797 quo
1916 4731 2064 4784 tem-
2097 4746 2144 4810 D
2176 4733 2509 4803 parentum,
2547 4727 2647 4800 qui
2678 4727 2736 4781 in
2769 4727 2995 4782 somnis
3018 4728 3304 4782 admoniti
3332 4744 3507 4800 quem
3538 4728 3598 4782 in
3632 4742 3838 4782 casum

391 4821 541 4878 pore
569 4805 1089 4878 periculosissimas
1120 4813 1499 4882 tempestates
1529 4814 1741 4869 exoriri
1772 4816 1980 4885 solent,
2004 4817 2064 4874 in

395 4894 691 4951 Greciam
718 4912 822 4967 per
850 4913 1011 4953 mare
1034 4897 1447 4955 Parthenicum
1474 4900 1728 4974 navigat.
1752 4903 1953 4977 Itaque
1972 4908 2068 4964 vix

389 4983 523 5054 jam
553 4984 867 5056 paululum
900 4988 1066 5043 navis
1087 4994 1473 5061 processerat,
1489 5008 1625 5047 cum
1654 4994 1849 5064 gravis
1869 5001 2068 5053 exorta

476 5110 554 5185 (ᾳ)
589 5110 945 5185 Scrupulum
976 5112 1234 5185 aliquem
1266 5114 1412 5170 mihi
1443 5115 1717 5185 injiciunt
1734 5120 1913 5176 verba
1934 5123 2066 5179 Gre-

476 5133 554 5180 υι)
589 5133 945 5183 ocrupumm
976 5133 1234 5185 aliquem
1266 5133 1412 5170 mlm
1443 5133 1501 5170 1n
1533 5133 1717 5173 lcxunt
1734 5133 1913 5176 verba
1934 5133 2065 5179 Gre-

398 5182 554 5265 gorii
611 5188 757 5238 orat.
791 5184 867 5265 _in
924 5186 1157 5265 laudem
1206 5186 1438 5265 Cesarii
1489 5133 1597 5261 (lor.
1647 5191 1702 5257 7,
1738 5209 1811 5265 An.
1851 5194 1930 5265 6),
1965 5195 2065 5251 ubi

400 5259 721 5335 postquam
772 5256 844 5339 de
894 5257 1126 5339 prima“
1155 5256 1504 5339 educatione
1543 5256 1809 5339 Cesarii,
1843 5256 2068 5339 suaque

402 5328 597 5395 ipsius
623 5328 985 5410 mentionem
999 5329 1153 5396 fecit,
1179 5330 1265 5387 sic
1291 5332 1700 5410 prosequitur:
1725 5357 1755 5386 «
1778 5328 1921 5393 Cum
1938 5328 2068 5410 jam

404 5400 897 5481 peregrinationis
917 5405 1155 5481 tempus
1181 5400 1668 5481 essédvideretur,
1700 5423 1768 5463 ac
1795 5412 1923 5465 tum
1938 5400 2069 5481 'pri-

404 5483 575 5552 mum
606 5469 753 5552 alter
776 5472 856 5552 ab
880 5469 1063 5552 altero
1085 5473 1352 5531 distracti
1370 5547 1380 5552 _
1396 5493 1626 5552 sumus;
1649 5469 1765 5552 ego
1788 5469 2069 5539 nimirum

407 5539 485 5622 pb
546 5543 691 5622 artis
738 5545 1005 5622 oratoria
1054 5562 1344 5622 amorem,
1366 5547 1427 5604 in
1476 5539 1792 5608 Palaestinae
1827 5553 2068 5622 scholis,

404 5614 543 5691 tum
565 5613 932 5691 ﬂorentibus,
965 5623 1252 5691 moratus,
1283 5618 1383 5675 ille
1429 5623 1628 5678 autem
1654 5613 2070 5683 Alexandriam

398 5686 718 5765 profectus.
749 5711 778 5740 ››
808 5690 868 5747 Si
901 5686 1041 5765 cum
1069 5686 1325 5765 primum
1355 5691 1670 5765 Gregorius
1700 5700 1758 5752 et
1785 5697 2070 5756 Caesarius

396 5754 564 5837 alter,
580 5760 651 5818 ab
667 5761 849 5837 altero
882 5754 1154 5837 distracti
1176 5767 1338 5831 sunt,
1358 5754 1673 5837 Gregorius
1694 5754 2072 5830 Palmstinam

396 5830 592 5909 petiit,
615 5836 743 5897 etin
762 5834 994 5898 scholis
1019 5839 1111 5897 est
1138 5830 1424 5913 moratus,
1447 5830 1708 5900 C'essarea
1725 5839 2072 5919 Palaestina,

2175 4820 2465 4875 adductus
2495 4820 2650 4872 esset
2681 4816 3244 4887 ﬁlius,orationibus
3265 4833 3331 4872 ac
3353 4816 3629 4889 lacrymis
3652 4820 3838 4871 Deum

2176 4910 2620 4967 obsecraverant
2652 4911 2717 4961 ut
2750 4905 3105 4978 periclitanti
3156 4923 3327 4978 opem
3360 4907 3557 4963 ferret.
3600 4905 3750 4969 Quin
3783 4908 3841 4961 et

2174 5002 2235 5056 in
2266 5000 2398 5071 ipsa
2428 4994 2675 5069 periculi
2708 4996 3191 5068 ﬂamma,juveni
3224 4997 3458 5053 cuidam
3490 5013 3559 5052 ex
3592 4995 3839 5052 vectori-

2176 5139 2292 5179 non
2326 5122 2731 5193 Cappadocum
2769 5125 2861 5177 est
2899 5122 3298 5192 intelligenda,
3357 5122 3469 5179 nisi
3519 5120 3840 5178 dixerimus

2177 5200 2491 5264 utrumque
2542 5199 2683 5267 tunc
2730 5200 3040 5267 versatum!
3079 5196 3350 5251 Caesareae
3396 5195 3835 5267 Cappadocum,

2179 5268 2335 5340 unde
2370 5265 2959 5340 alterAPalaastinam,
2992 5265 3139 5323 alter
3194 5265 3614 5326 Alexandriam
3645 5265 3837 5340 petiit.

2274 5338 2322 5411 b)
2356 5340 2453 5393 Or.
2488 5338 2576 5411 10,
2608 5356 2665 5409 p.
2699 5339 2824 5407 163,
2855 5343 2922 5394 A.

2271 5411 2321 5486 ο)
2351 5411 2544 5486 Carm.
2576 5412 2651 5467 De
2674 5411 2793 5486 Vita
2822 5427 2944 5480 sua,
2974 5427 3029 5467 v.
3066 5411 3159 5469 13|
3199 5416 3257 5469 et
3282 5428 3403 5486 seq.

2358 5482 2453 5538 Or.
2484 5483 2571 5546 18.Ι
2603 5500 2664 5539 n.
2701 5484 2821 5538 131.

2251 5481 2329 5622 (d;
2358 5482 2453 5538 Or.
2484 5483 2571 5546 18.
2603 5500 2664 5539 ιι.
2701 5484 2821 5538 131.

2251 5557 2322 5627 (εί
2355 5553 2525 5627 13011.,
2554 5554 2590 5608 9
2620 5554 2776 5624 Maii,
2812 5572 2871 5627 p.
2901 5555 3025 5612 379.

2250 5626 2332 5700 (Γ)
2360 5626 2614 5700 Tinam”
2644 5631 2688 5681 t.
2721 5626 2903 5700 IX,’p.
2935 5629 3061 5684 326.

2252 5698 2329 5774 (9),
2357 5699 2426 5774 Ἱξ,
2460 5698 2537 5754 ΙΙΙ
2568 5715 2727 5774 npvzs
2758 5698 2922 5774 edit,
2944 5719 3003 5774 p.
3032 5701 3159 5759 270.

2252 5770 2337 5849 (It)
2358 5770 2563 5849 Carm.
2594 5772 2671 5828 De
2708 5772 2828 5849 [ita
2854 5770 2976 5849 sua}
3009 5789 3065 5833 v.
3098 5773 3204 5832 194
3234 5776 3290 5833 et
3318 5788 3446 5847 seq.

2252 5841 2325 5923 (i)
2351 5841 2449 5904 Or.
2482 5843 2572 5920 18,
2613 5861 2673 5904 n.
2713 5844 2804 5906 31.
