4080 6422
286 402 399 465 187

1612 396 1798 466 VlTA
1858 407 1921 466 s.
1973 396 2373 466 GaEGomI.

3578 402 3693 466 168

278 540 413 606 bus,
447 538 546 610 qui
565 536 841 610 Gregorio
864 536 1255 593 ebarissimus
1276 540 1420 607 erat,
1440 537 1561 592 visa
1582 537 1745 593 estin
1771 554 1929 594 som-
1960 540 2015 607 Α
2044 538 2456 595 XXXVlll-XL.
2480 540 2690 596 Statilio
2719 540 2856 594 ritui
2901 540 3155 595 subducit
3197 539 3472 595 Basiliam
3503 537 3698 607 Grego-

274 629 368 685 nis
401 632 588 683 mater
617 627 743 699 ejus
764 627 887 682 Non
900 644 971 681 na
995 643 1151 682 mare
1173 626 1587 695 conscendere,
1610 632 1932 699 arreptam-

278 735 392 792 que
442 717 633 773 navim
685 717 756 773 ad
805 720 1021 772 terram
1082 716 1419 788 protrahere
1474 732 1487 771 :
1541 733 1658 788 qua
1714 716 1936 774 visione

276 810 583 881 perspecta
630 808 687 860 et
730 809 982 876 narrata,
1035 804 1236 861 statim
1279 808 1591 861 consecuta
1635 809 1725 861 est
1768 809 1935 862 tran-

280 896 541 969 quillitas
566 894 834 967 (a).Tum
866 899 1125 951 vectores
1154 912 1378 965 omnes,
1414 898 1698 967 quotquot
1729 894 1934 950 inﬁde-

275 985 361 1041 les
386 989 570 1054 erant,
600 999 663 1039 se
688 982 805 1053 Dei,
845 999 1019 1053 quem
1046 982 1272 1039 colebat
1294 982 1630 1054 Gregorius,
1666 983 1934 1055 benigni-

277 1079 395 1131 tate
425 1078 681 1130 servatos
715 1075 1097 1144 agnoscentes
1126 1077 1183 1127 et
1234 1073 1595 1141 conﬁtentes,
1651 1072 1935 1129 Christia-

276 1181 414 1219 nam
473 1162 814 1235 religionem
875 1178 943 1216 ex
1003 1160 1199 1217 animo
1244 1161 1580 1233 amplexati,
1640 1161 1933 1233 daplicem

278 1254 430 1309 nacti
465 1257 601 1309 sunt
652 1250 921 1306 salutem.
957 1274 984 1300 «
1018 1252 1207 1321 Hujus
1256 1252 1367 1323 ipsi
1422 1252 1684 1323 periculi,
1736 1252 1933 1323 inquit

276 1342 589 1415 Gregorius
620 1341 717 1414 (ὁ),
752 1341 971 1395 donum
1002 1340 1333 1396 exstitimus
1368 1356 1383 1397 :
1409 1345 1474 1397 ut
1504 1341 1661 1396 enim
1696 1358 1801 1397 nos
1821 1346 1934 1397 Deo

274 1448 641 1497 voveramus,
675 1430 721 1486 si
752 1430 1068 1485 discrimen
1100 1431 1531 1503 ell'ugeremus;
1566 1431 1645 1485 ita
1673 1429 1932 1503 periculo

275 1522 525 1591 liberati,
556 1536 664 1576 nos
695 1519 871 1575 etiam
902 1523 1062 1591 ipsos
1093 1519 1437 1575 obtulimus.
1473 1542 1502 1569 ››
1533 1520 1757 1585 Quibus
1804 1536 1932 1575 ver-

277 1614 368 1669 bis
400 1610 737 1683 Gregorius,
771 1608 820 1663 si
872 1608 1119 1663 Baronio
1152 1607 1295 1663 ﬁdes
1327 1609 1422 1679 (c),
1471 1623 1532 1665 se
1578 1612 1635 1664 et
1676 1612 1935 1665 vectores

278 1718 442 1759 sacro
472 1699 828 1772 baptismate
850 1701 977 1752 tum
1012 1696 1190 1753 fuisse
1221 1697 1480 1754 initiatos
1511 1697 1823 1770 signiﬁcat.

428 1806 695 1864 XXXVII.
726 1804 968 1860 Athenas
996 1803 1215 1859 advenit
1242 1806 1395 1860 circa
1423 1822 1634 1860 annum
1654 1805 1779 1859 350.

348 1896 587 1954 Interim
620 1894 783 1949 navis
827 1892 1214 1964 tranquillum
1264 1910 1367 1965 per
1421 1911 1618 1965 aequor
1662 1893 1932 1949 Rhodum
1966 1917 2013 1981 Β

278 1986 526 2061 appulit,
560 1984 761 2040 Rhodo
792 1983 1082 2055 1Eginam,
1116 1983 1370 2054 indeque
1400 1982 1629 2039 solvens
1662 1984 1937 2039 secundis

278 2076 554 2133 ﬂuctibus
583 2074 816 2129 tandem
845 2073 1128 2142 expetitas
1160 2072 1473 2141 Gregorius
1504 2072 1767 2127 Athenas
1815 2089 1939 2143 per-

272 2166 449 2223 venit.
483 2166 606 2229 Quo
637 2168 833 2219 autem
877 2179 1030 2217 anno
1077 2160 1419 2232 pervenerit,
1478 2166 1633 2216 certo
1690 2161 1936 2216 deﬁnire

275 2254 513 2311 difﬁcile
546 2252 737 2308 fuerit.
770 2250 1203 2307 Tantummodo
1228 2267 1295 2305 ex
1318 2250 1445 2321 ipso
1468 2250 1775 2318 discimus,
1800 2266 1936 2306 eum

273 2344 595 2401 imberbem
620 2342 810 2397 adhuc
842 2339 1047 2411 fuisse,
1081 2356 1217 2396 cum
1247 2338 1580 2395 litterarum
1626 2356 1824 2396 amore
1854 2339 1939 2395 in-

282 2451 498 2495 census
526 2432 784 2489 Athenas
814 2430 1001 2500 petiit,
1028 2428 1122 2485 his
1152 2428 1308 2484 enim
1348 2428 1540 2484 verbis
1571 2445 1809 2484 narrare
1842 2429 1938 2484 in-

272 2526 413 2598 cipit
441 2525 873 2594 tempestatem,
920 2536 1048 2589 quae
1089 2518 1149 2574 in
1184 2517 1337 2574 hanc
1370 2518 1576 2574 urbem
1618 2535 1761 2574 nave
1807 2522 1934 2575 ten-

268 2613 431 2673 denti
463 2608 799 2684 supervenit
832 2626 845 2664 :

406 2712 485 2785 (d)
516 2711 739 2785 Lanugo
767 2706 1013 2763 nondum
1040 2722 1208 2778 genas
1239 2714 1477 2785 texerat,
1507 2707 1694 2762 tamen

523 2783 602 2839 Me
632 2781 950 2837 litterarum
979 2786 1196 2851 ceperat
1224 2780 1439 2849 fervens
1467 2794 1647 2847 amor,
1681 2780 1789 2833 etc.

343 2883 409 2939 In
439 2879 701 2937 oratione
732 2893 968 2948 quoque
996 2891 1160 2945 mn,
1194 2893 1252 2929 n.
1307 2874 1399 2945 25,
1450 2878 1535 2930 ait
1565 2892 1627 2931 se
1683 2879 1742 2929 et
1772 2872 1935 2929 Basi-

270 2971 417 3027 lium
448 2966 691 3024 Athenis
720 2967 780 3022 in
812 2964 1064 3036 patriam
1095 2963 1339 3019 reduces
1372 2985 1399 3012 ‹‹
1446 2978 1516 3017 ex
1568 2961 1935 3017 imberbibus

269 3061 426 3117 viros
470 3056 675 3124 factos,
719 3078 747 3104 ››
778 3052 867 3107 καὶ
898 3050 1162 3123 τελοῦμεν
1198 3048 1273 3112 εἷς
1307 3047 1501 3125 ἄνδρας
1536 3048 1589 3121 ἐξ
1654 3048 1931 3124 ἀγενείων.

275 3149 439 3216 Quod
496 3154 648 3202 certe
704 3142 971 3199 funditus
1028 3142 1233 3197 evertit
1296 3158 1499 3197 eorum
1557 3138 1931 3211 Opinionem,

279 3238 380 3311 qui
409 3254 546 3293 eum
589 3234 829 3307 triginta
858 3249 1043 3288 annos
1072 3230 1319 3286 Athenis
1358 3228 1555 3286 studio
1585 3228 1931 3299 eloquentia!

2116 613 2234 665 rius
2254 643 2322 651 —
2347 610 2511 682 Opem
2537 615 2644 681 [ert
2697 615 2888 665 contra
2938 612 3243 666 Armenios.
3276 641 3345 650 —
3376 610 3701 667 Arctzssima

2115 684 2391 738 Basilium
2421 684 2568 737 inter
2606 693 2657 739 et
2686 683 3015 751 Gregorium
3046 683 3410 739 necessitudo.

2114 806 2400 864 Omnibus
2430 807 2817 863 humanitatis
2858 808 3065 864 ofﬁciis
3111 806 3393 863 Basilium
3437 806 3703 878 suscepit

2044 895 2381 969 Gregorius;
2411 901 2758 969 gratamque
2814 897 3107 967 imprimis
3138 896 3190 953 ei
3235 912 3472 968 operam
3527 896 3698 951 adve-

2044 985 2225 1041 nienti
2260 985 2525 1057 prebuit,
2557 985 2749 1041 virum
2780 1002 3013 1059 gravem
3038 990 3095 1041 et
3125 985 3453 1041 modestum
3474 984 3699 1040 subdu-

2044 1076 2226 1131 cendo
2258 1073 2480 1131 stolidae
2502 1073 2885 1130 ludiﬁcationi
2910 1074 3150 1130 Athenis
3183 1074 3409 1130 usitatae
3425 1088 3564 1145 erga
3595 1088 3699 1127 no-

2041 1180 2143 1219 vos
2173 1162 2515 1236 discipulos,
2548 1165 2649 1235 qui
2679 1164 2739 1219 in
2769 1164 2921 1219 hanc
2952 1164 3159 1220 urbem
3204 1181 3267 1220 se
3295 1163 3696 1219 conferebant.

2044 1257 2325 1308 Insanum
2360 1253 2515 1308 hunc
2547 1253 2748 1321 ritum,
2782 1253 2842 1309 in
2867 1254 3128 1310 oratione
3152 1254 3227 1310 De
3254 1254 3460 1309 Basilii
3504 1252 3702 1308 laudi-

2043 1342 2161 1414 bus,
2194 1342 2488 1415 eleganter
2517 1343 2792 1400 describit
2822 1344 3165 1417 Gregorius;
3199 1344 3301 1415 qui
3336 1360 3472 1399 mox
3501 1341 3699 1397 adver-

2042 1449 2145 1487 sus
2176 1432 2481 1489 Armenios
2511 1434 2795 1505 quosdam
2829 1451 2943 1489 non
2976 1433 3284 1490 mimorem
3308 1433 3495 1488 amico
3527 1446 3699 1503 epem

2041 1520 2194 1576 tulit.
2229 1522 2297 1575 Hi
2330 1522 2610 1578 nimirum
2641 1523 2901 1579 Armenii
2934 1522 3136 1579 Basilii
3170 1522 3311 1578 olim
3354 1521 3465 1577 sub
3510 1519 3703 1592 ipsius

2042 1615 2205 1684 patre
2262 1611 2669 1682 condiscipuli,
2704 1610 2919 1667 invidis
2949 1611 3131 1668 oculis
3166 1613 3293 1683 ejus
3319 1610 3525 1666 laudes
3556 1625 3705 1664 con-

2041 1699 2673 1772 spicientes.tanquam
2697 1701 2943 1756 Athenis
2966 1699 3193 1756 diutius
3224 1698 3591 1761 commorati.
3624 1704 3707 1753 te-

2042 1804 2201 1845 mere
2232 1787 2597 1845 lacessebant
2613 1788 2961 1855 Basililium,
2987 1808 3019 1845 a
3036 1806 3149 1861 quo
3172 1786 3339 1844 facile
3362 1785 3707 1843 refelleban-

2042 1881 2157 1932 tur.
2182 1877 2497 1949 Gregorius
2530 1879 2788 1951 quidem,
2812 1878 3173 1934 Athenarum
3202 1876 3707 1947 amans,ipsarum

2047 1966 2493 2022 aestimationem
2526 1967 2581 2022 in
2616 1968 2909 2024 Armeniis
2940 1986 2973 2023 a
3002 1965 3214 2023 Basilio
3266 1963 3581 2036 superatis
3608 1978 3707 2034 pe-

2047 2054 2289 2111 riclitari
2320 2073 2469 2129 aegre
2500 2056 2936 2125 ferens;veritus
2958 2073 3029 2111 ne
3058 2056 3259 2111 civitas
3292 2052 3511 2125 aliquid
3536 2052 3712 2107 dede-

2046 2145 2199 2201 coris
2230 2146 2608 2217 acciperet,si
2645 2163 2831 2201 novus
2870 2143 3065 2201 accola
3086 2143 3447 2216 antiquiores
3469 2156 3713 2212 supera-

2047 2237 2137 2289 ret
2165 2234 2353 2306 primo
2382 2234 2674 2290 Armeniis
2705 2251 2876 2307 opem
2911 2233 3154 2299 terebat;
3187 2236 3247 2287 at
3276 2230 3376 2287 ubi
3408 2230 3709 2302 perﬁdum

2045 2337 2248 2378 eorum
2279 2338 2409 2379 esse
2439 2321 2751 2379 consilium
2782 2321 3094 2395 perspexit,
3145 2324 3334 2377 totum
3380 2335 3443 2376 se
3486 2318 3559 2374 ad
3603 2318 3714 2373 Ba-

2045 2409 2245 2467 silium
2276 2410 2469 2483 Vertit,
2500 2427 2684 2483 eoque
2708 2411 2954 2483 juvante
3000 2408 3264 2467 Armenii
3305 2407 3542 2481 penitus
3575 2422 3713 2479 pro-

2045 2499 2249 2573 ﬂigati.
2301 2524 2330 2551 ‹‹
2382 2500 2448 2573 (Ι)
2493 2500 2624 2557 Haec
2651 2500 2857 2568 altera,
2884 2498 3102 2556 Basilio
3134 2503 3191 2555 et
3221 2497 3519 2571 Gregorio,
3549 2494 3714 2552 ami-

2045 2589 2196 2646 citiae
2217 2606 2334 2646 non
2358 2590 2483 2661 jam
2524 2588 2802 2661 scintilla,
2836 2590 2937 2646 sed
2985 2589 3079 2645 fax
3108 2587 3269 2643 clara
3322 2591 3379 2642 et
3433 2583 3713 2642 sublimis

2046 2679 2403 2735 accenditur.
2447 2702 2475 2731 »
2506 2678 2609 2735 His
2640 2695 2896 2752 namque
2926 2677 3197 2734 amicitiae
3246 2675 3460 2732 ofﬁciis
3490 2674 3707 2746 Grego-

2044 2768 2169 2825 rius
2199 2768 2343 2825 adeo
2376 2768 2487 2825 sibi
2519 2767 2801 2824 Basilium
2833 2766 3185 2836 conciliavit,
3218 2764 3476 2820 Basilius
3507 2766 3698 2819 autem

2045 2875 2279 2913 morum
2313 2857 2596 2930 gravitate
2628 2857 2771 2913 adeo
2801 2855 3141 2927 Gregorium
3176 2853 3455 2920 devinxit,
3478 2857 3537 2907 ut
3554 2866 3701 2906 una-

2045 2946 2235 3003 nimes
2266 2946 2444 3003 simul
2476 2947 2684 3017 ell'ecti,
2716 2946 2829 3003 sibi
2862 2945 3108 3017 quisque
3138 2942 3517 3000 felicissimus
3545 2940 3709 2995 vide-

2044 3041 2205 3092 retur
2228 3038 2378 3108 quod
2402 3036 2579 3092 talem
2616 3040 2966 3106 tantumque
3002 3041 3207 3090 nactus
3239 3036 3394 3088 esset
3424 3030 3712 3087 amicum.

2047 3127 2173 3181 llaec
2205 3130 2347 3181 sunt
2397 3124 2739 3181 arctissimas
2772 3123 3050 3181 Basilium
3084 3123 3237 3178 inter
3270 3127 3327 3177 et
3356 3120 3715 3193 Gregorium

2043 3215 2313 3271 amicitias
2338 3212 3069 3270 fundamenta.Perfectissi
3082 3229 3239 3266 mum
3266 3210 3419 3266 istud
3446 3215 3534 3263 est
3556 3207 3712 3263 ami-

278 3290 639 3400 ijmpendisse
668 3323 952 3379 sentiunt.
986 3320 1181 3376 Verba
1209 3324 1404 3375 tamen
1438 3319 1723 3391 Gregorii,
1751 3324 1813 3372 ut
1843 3334 1934 3373 ve-

2052 3305 2198 3360 citiaa
2230 3303 2575 3359 Christianae
2635 3303 2953 3373 exemplar,
3014 3319 3130 3374 quo
3185 3300 3305 3355 noti
3340 3317 3407 3355 ac
3448 3298 3708 3353 celebres

278 3434 410 3475 rum
444 3416 647 3481 fatear,
672 3413 756 3468 sic
787 3409 971 3483 accipi
1003 3414 1060 3465 et
1089 3409 1328 3481 quidem
1370 3413 1525 3465 recte
1567 3411 1837 3480 possunt,
1870 3410 1936 3462 ut

276 3505 601 3563 imberbem
626 3502 810 3557 fuisse
850 3498 1278 3569 existimemus,
1302 3513 1435 3552 cum
1459 3496 1714 3567 primum
1742 3501 1935 3567 pater-

278 3612 414 3652 nam
449 3594 690 3650 domum
724 3588 960 3661 reliquit
989 3591 1054 3644 ut
1084 3587 1374 3660 plurimas
1412 3586 1585 3641 urbes
1608 3586 1937 3657 perarraret

224 3716 231 3719 ι
276 3685 607 3743 studiorum
661 3698 861 3747 causa,
913 3679 1235 3734 Caesaream
1298 3682 1629 3747 utramque,
1689 3672 1932 3728 Alexan-

277 3775 489 3843 driam,
522 3779 579 3831 et
608 3772 846 3828 tandem
878 3768 1136 3823 Athenas
1187 3784 1337 3839 quas
1368 3764 1745 3837 potissimum
1775 3763 1935 3818 adire

275 3866 568 3938 cupiebat,
589 3867 873 3932 tanquam
889 3857 1218 3913 litterarum
1236 3856 1437 3912 sedem
1469 3858 1527 3911 et
1548 3850 1933 3924 domicilium,

274 3957 391 4014 Has
437 3953 641 4026 igitur,
673 3956 737 4005 ut
783 3947 1099 4005 verisimile
1151 3950 1262 4014 est,
1314 3944 1461 4000 adiit
1515 3943 1667 3999 circa
1713 3957 1935 3997 annum

274 4047 400 4113 £50;
434 4046 482 4099 si
516 4042 755 4114 quidem
785 4037 1027 4093 Athenis
1078 4036 1207 4107 jam
1258 4033 1621 4101 versabatur,
1683 4049 1820 4087 cum
1869 4048 1935 4088 eo

272 4132 451 4200 venit,
478 4148 632 4188 anno
662 4128 788 4195 351,
813 4125 1089 4195 Basilius,
1122 4125 1294 4195 cujus
1311 4122 1623 4178 adventum
1642 4122 1767 4191 jam
1783 4120 1939 4177 fama

274 4221 609 4287 nuntiabat,
668 4230 1067 4289 magnamque
1123 4212 1401 4269 omnibus
1446 4210 1938 4281 exspectationem

277 4316 558 4376 moverat,
602 4305 892 4380 praecipue
944 4308 1142 4359 autem
1192 4299 1491 4371 Gregorio,
1532 4298 1631 4370 qui
1682 4298 1939 4353 Athenas

278 4400 475 4460 Basilii
498 4400 751 4453 adventu
772 4417 799 4444 ‹‹
833 4409 1041 4448 aureas
1062 4413 1091 4441 »
1126 4390 1235 4445 sibi
1265 4390 1450 4444 factas
1472 4386 1757 4459 singulari
1790 4403 1943 4442 amo-

278 4491 361 4548 ris
393 4486 786 4544 declaratione
827 4480 1196 4554 signiﬁcabat
1228 4494 1241 4533 :
1284 4498 1305 4525 ι
1338 4477 1595 4532 Athenas
1635 4475 1782 4530 mihi
1813 4492 1942 4532 vero

279 4594 513 4645 aureas,
539 4575 749 4645 inquit,
774 4572 867 4643 (θ),
913 4586 1001 4636 ac,
1063 4566 1113 4623 si
1170 4566 1447 4637 cuiquam
1502 4565 1620 4632 alii,
1656 4565 1941 4619 bonorum

2043 3394 2224 3464 fuere,
2250 3397 2375 3448 tum
2410 3391 2751 3448 hominibus
2771 3408 2891 3448 sua:
2919 3392 3126 3458 aetatis,
3163 3397 3286 3446 tum
3318 3388 3599 3444 omnibus
3618 3402 3706 3441 re-

2044 3489 2131 3540 tro
2164 3481 2414 3539 saeculis.

2044 3605 2368 3662 XLI—XLII.
2398 3606 2601 3661 Crescit
2638 3605 2889 3659 amicitia
2920 3606 3065 3659 inter
3094 3602 3417 3671 Gregorium
3444 3610 3499 3657 et
3536 3601 3710 3655 Basi-

2117 3678 2277 3732 lium.
2335 3678 2451 3733 Una
2507 3678 2728 3746 utrique
2748 3678 2941 3730 anima
2996 3692 3111 3732 esse
3157 3675 3472 3730 videbatur.
3528 3674 3717 3731 Unum

2116 3749 2339 3820 utrique
2366 3746 2611 3802 studium
2638 3751 2755 3803 erat
2780 3749 2975 3803 virtus.

2118 3856 2305 3910 Crevit
2361 3854 2552 3909 adhuc
2610 3871 2921 3926 progressu
2984 3856 3266 3926 temporis
3322 3858 3442 3909 tam
3503 3854 3716 3908 sancta

2046 3944 2304 4002 amicitia
2322 3942 2691 3998 voluntatum
2715 3960 2779 3999 ac
2801 3944 3131 3999 studiorum
3156 3943 3711 3998 consentione.Cum

2047 4035 2205 4089 enim
2251 4037 2523 4088 mutuum
2546 4032 2696 4087 inter
2713 4050 2775 4087 se
2792 4033 3043 4088 confessi
3066 4033 3320 4087 fuissent
3348 4029 3714 4087 desiderium

2048 4121 2337 4179 sectandae
2368 4120 2773 4193 philosophiae,
2807 4127 2934 4176 tum
2968 4128 3215 4191 uterque
3263 4119 3435 4176 alteri
3478 4116 3720 4190 quidvis

2048 4216 2191 4275 erat,
2227 4211 2684 4278 contubernalis,
2718 4212 3035 4277 convictor,
3064 4226 3334 4275 concors,
3359 4225 3545 4264 unum
3576 4223 3719 4279 spe-

2050 4305 2239 4366 etans,
2260 4299 2469 4354 iisdem
2502 4299 2678 4355 rebus
2706 4300 2991 4369 gaudens.
3032 4299 3173 4363 Quis
3204 4299 3382 4370 digne
3412 4294 3718 4369 scripserit

2050 4388 2361 4462 praeclaros
2376 4393 2497 4443 tam
2525 4388 2751 4443 eximia:
2769 4387 3229 4444 necessitudinis
3252 4386 3519 4443 fructus?
3539 4383 3719 4442 Eccui

2053 4484 2216 4534 tanta
2246 4476 2508 4532 discendi
2533 4478 2719 4548 copia,
2754 4480 2819 4531 ut
2851 4477 3159 4547 utriusque
3189 4482 3319 4533 tum
3363 4477 3424 4531 in
3478 4473 3721 4544 litteris,

2053 4574 2180 4624 tum
2230 4567 2289 4621 in
2319 4566 2533 4638 pietate
2566 4582 2915 4637 progressus
2946 4582 3224 4622 enarrare
3270 4570 3451 4638 queat
3472 4565 3500 4620 ?
3551 4563 3725 4619 Unus

281 4673 578 4742 parentes.
613 4663 760 4717 Nam
791 4660 901 4715 illae
943 4657 1090 4713 mihi
1123 4655 1445 4742 hominem,
1477 4671 1591 4709 non
1626 4652 1794 4707 illum
1818 4652 1944 4722 qui-
1974 4659 2021 4725 Β
2054 4658 2112 4712 id
2144 4660 2342 4727 posset
2369 4655 2607 4726 exsequi
2655 4654 2989 4727 Gregorius.
3025 4679 3052 4706 «
3085 4658 3199 4710 Par
3228 4672 3364 4729 spes
3413 4654 3721 4719 doctrina,

282 4741 417 4814 dem
452 4760 586 4811 ante
616 4753 905 4824 ignotum,
941 4747 1042 4803 sed
1092 4750 1289 4801 tamen
1322 4741 1552 4816 plenius
1582 4742 1943 4797 noscendum

282 4844 765 4920 praebueruntAc
794 4838 1123 4894 doctrinam
1153 4834 1487 4905 exquirens,
1520 4830 1943 4887 beatitudinem

283 4917 497 5006 reperi;
522 4930 786 5000 mihique
812 4924 1034 4998 dispari
1068 4923 1241 4978 modo
1282 4922 1434 4976 idem
1468 4921 1621 4992 quod
1656 4917 1814 4973 Sauli
1849 4934 1943 4973 ac-

285 5020 565 5091 cidit,qui
596 5018 778 5091 patris
800 5017 1304 5082 asinasquasrens,
1330 5026 1574 5081 regnum
1608 5007 1942 5062 invenit.....

286 5110 592 5169 Habebant
624 5124 729 5162 nos
775 5105 1039 5168 Athenae,
1067 5100 1228 5156 velut
1248 5099 1478 5154 ﬂuxum
1504 5097 1820 5169 quemdam
1837 5095 1947 5150 ﬂu-

288 5200 493 5266 minis,
525 5213 595 5253 ex
624 5196 829 5252 eodem
863 5193 1063 5265 patriis
1095 5190 1253 5245 fonte
1282 5189 1343 5244 in
1390 5188 1652 5242 diversas
1681 5184 1947 5256 regiones

288 5287 567 5349 doctrinis
599 5284 919 5358 cupiditate
960 5281 1265 5346 dissectos,
1290 5292 1650 5347 rursumque
1695 5272 1855 5329 velut
1881 5289 1949 5329 ex

286 5377 634 5452 composito,
658 5374 776 5434 Deo
795 5370 1066 5432 videlicet
1082 5369 1165 5426 ita
1184 5366 1552 5441 impellente,
1585 5366 1882 5423 coeuntes.
1915 5383 1947 5415 »

382 5539 437 5607 a)
471 5536 554 5594 Vit
582 5540 744 5607 Greg.
776 5552 833 5607 p.
861 5534 916 5590 5.

468 5610 563 5665 0r.
598 5610 685 5676 18,
718 5624 777 5661 n.
809 5607 900 5662 31.

383 5614 413 5667 b
468 5612 563 5665 0r.
598 5612 685 5676 18,
718 5624 777 5661 n.
809 5612 900 5662 31.

383 5612 497 5811 ᾤΩ
525 5680 761 5809 Μειὶἱ,8.
1324 5744 1332 5755 η

424 5756 439 5811 l
470 5756 658 5810 Carm.
739 5766 769 5808 e
802 5753 927 5810 Vita
957 5762 1078 5811 sua,
1110 5762 1165 5806 v.
1199 5742 1327 5811 112.

361 5742 439 5831 td")
470 5742 769 5810 Carmibe
802 5750 927 5810 Vita
957 5762 1078 5821 sua,
1110 5762 1165 5806 v.
1199 5742 1327 5817 112;

358 5541 377 5756 ἒ

2051 4745 2249 4815 inquit
2269 4743 2367 4813 (g),
2392 4742 2502 4798 hoc
2527 4747 2633 4814 est,
2667 4743 2749 4797 rei
2780 4744 3046 4799 omnium
3079 4744 3591 4807 individiossimta,
3612 4757 3727 4797 nos

2053 4833 2340 4889 ducebat:
2365 4836 2424 4886 et
2455 4836 2649 4887 tamen
2682 4833 2884 4887 aberat
2909 4832 3153 4901 invidia,
3176 4832 3475 4888 aemulatio
3520 4838 3726 4887 autem

2054 4923 2116 4978 in
2166 4919 2350 4991 pretio
2398 4919 2741 4976 habebatur.
2779 4922 2894 4976 Hoc
2942 4923 3176 4993 utrique
3219 4928 3543 4985 certamen,
3604 4936 3729 4975 non

2055 5016 2187 5067 uter
2218 5008 2438 5079 primas
2469 5010 2662 5075 ferret,
2706 5010 2806 5064 sed
2831 5018 2962 5065 uter
3010 5010 3182 5065 alteri
3216 5027 3315 5066 eas
3347 5010 3725 5076 concederet,

2055 5104 2303 5168 uterque
2323 5098 2479 5152 enim
2504 5097 2721 5152 alterus
2743 5098 2987 5171 gloriam
3006 5116 3109 5170 pro
3141 5116 3251 5156 sua
3271 5100 3546 5155 ducebat.
3599 5097 3733 5154 Una.

2056 5186 2293 5257 utrique
2317 5186 2515 5241 anima
2568 5186 2892 5253 videbatur,
2926 5189 3041 5243 duo
3072 5205 3318 5259 corpora
3363 5190 3736 5244 ferens.......

2056 5282 2253 5333 Unum
2285 5275 2518 5345 utrique
2547 5292 2695 5346 opus
2726 5280 2783 5331 et
2812 5276 3079 5332 studium
3128 5277 3317 5333 virtus
3347 5282 3493 5347 erat,
3545 5281 3604 5333 et
3654 5276 3735 5333 ad

2055 5366 2287 5423 futuras
2345 5380 2480 5436 spes
2529 5364 2741 5431 vivere,
2793 5381 3019 5438 nosque
3074 5364 3158 5424 ita
3216 5381 3587 5442 comparare,
3639 5369 3735 5437 ut,

2152 5524 2201 5594 e)
2232 5522 2326 5578 Or.
2359 5523 2447 5593 43,
2480 5539 2538 5579 n.
2574 5524 2641 5578 14
2664 5526 2724 5580 et
2755 5524 2841 5583 15.

2153 5597 2197 5666 ῃ
2230 5594 2403 5666 ima,
2435 5611 2493 5650 n.
2528 5593 2731 5662 15,17.

2155 5665 2205 5740 ρ)
2238 5665 2408 5733 Ibid.,
2441 5681 2497 5722 n.
2529 5666 2617 5724 20.
