4080 6478
279 357 363 420 169

1761 377 1937 437 VITA
1987 377 2050 436 S.
2099 376 2495 436 GBEGORII.

3724 380 3840 440 1'70

273 496 381 548 ante
420 496 857 561 discessum
891 523 983 564 ex
1010 509 1144 565 hac
1168 510 1299 577 vita,
1330 509 1461 564 hinc
1484 510 2068 581 migraremus.Quod
2102 514 2154 574 Α
2186 514 2356 577 est,et
2376 506 2738 565 carminibus
2761 507 2917 581 leges
2940 508 3296 579 praescribit;
3322 510 3440 565 sive
3467 509 3524 564 in
3556 512 3836 568 omnibus

270 584 509 654 quidem
533 594 759 651 nobis
782 597 882 652 ob
914 600 1165 656 oculos
1189 604 1477 671 ponentes,
1494 601 1671 656 vitam
1692 601 2070 673 actionesque

272 688 471 733 omnes
526 686 829 741 nostras
905 688 1367 761 dirigebamus,
1399 694 1525 745 tum
1571 689 1751 746 divini
1798 690 2067 762 praacepti

275 762 522 822 ductum
547 779 987 843 sequentes,
1012 782 1158 832 tum
1186 778 1327 833 alter
1354 778 1519 834 alteri
1536 779 1769 834 virtutis
1802 780 2065 834 studium

284 865 657 914 exacuentes
688 880 706 929 ;
745 870 1009 936 atque,
1041 867 1171 921 nisi
1225 867 1328 923 hoc
1358 868 1729 939 arrogantius
1759 868 1950 923 dicere
1980 868 2065 922 vi-

295 943 451 1009 dear,
487 953 779 1018 uterque
820 954 1036 1009 alteri
1075 973 1284 1011 norma
1303 961 1358 1012 et
1387 956 1643 1011 amussis
1672 973 1929 1023 eramus,
1949 973 2066 1027 qua

305 1042 529 1090 rectum
574 1054 614 1091 a
650 1056 873 1110 prevo
914 1044 1321 1100 discernitur.
1370 1045 1498 1103 Non
1529 1045 1683 1100 enim
1725 1061 1859 1100 cum
1891 1047 2062 1101 soda-

301 1119 444 1178 lium
480 1132 883 1185 nostrarum
914 1132 1444 1203 petulantissimis
1464 1138 1520 1189 et
1549 1134 2059 1206 impudicissimis,

301 1212 404 1266 sed
442 1230 592 1295 cum
637 1218 1069 1276 castissimis
1120 1222 1606 1278 consuetudinem
1656 1222 2058 1292 habebamus;

307 1317 415 1356 nec
445 1319 590 1358 cum
628 1309 1189 1378 pugnacissimis,
1224 1311 1324 1366 sed
1361 1328 1493 1365 cum
1519 1311 1935 1383 pacatissimis,
1958 1310 2059 1367 iis-

320 1407 461 1462 que,
487 1409 763 1463 quorum
802 1399 1210 1454 consuetudo
1266 1399 1552 1455 maximos
1599 1400 1822 1455 fructus
1863 1400 2060 1455 affere-

333 1481 445 1536 ‘nat
471 1499 487 1538 ε
514 1482 662 1538 iilud
698 1485 1028 1543 nimirum
1085 1487 1449 1560 exploratum
1493 1488 1799 1559 habentes,
1834 1488 2059 1545 facilius

357 1587 480 1626 esse
507 1572 718 1627 vitium
755 1577 1163 1641 contrahere,
1199 1594 1375 1649 quam
1408 1578 1685 1633 virtutem
1718 1577 2003 1650 impertiri
2040 1595 2053 1647 ;

364 1662 881 1730 quemadmodum
938 1666 1128 1720 etiam
1184 1666 1413 1720 facilius
1462 1682 1591 1721 esse
1621 1667 1825 1722 morbo
1869 1665 2058 1722 alieno

364 1748 539 1818 inﬁci,
572 1767 760 1821 quam
821 1752 1156 1808 sanitatem
1207 1754 1425 1826 largiri.
1482 1755 1816 1826 Disciplinis
1859 1772 2055 1826 porro,

372 1854 485 1892 non
518 1842 639 1893 tam
667 1841 1176 1907 jucundissimis,
1232 1859 1408 1914 quam
1454 1843 1693 1914 optimis
1724 1843 2054 1899 oblectaba-
2085 1878 2131 1943 B

378 1943 509 1981 mur
541 1946 555 1983 :
591 1945 736 1983 nam
772 1930 918 1985 hinc
952 1947 1209 2001 quoque,
1243 1931 1331 1987 vel
1382 1932 1453 1987 ad
1493 1932 1792 1997 virtutem,
1843 1932 1933 1989 vel
1980 1935 2051 1990 ad

380 2015 604 2081 vitium,
632 2018 897 2086 juvenes
930 2019 1347 2075 informantur.
1382 2042 1411 2071 ››

380 2121 745 2178 XLIII-XLV.
801 2127 868 2180 In
931 2127 1105 2183 sacris
1148 2127 1401 2181 domibus
1448 2128 1676 2183 assidui.
1749 2128 2058 2183 Christiani

448 2198 730 2270 etessect
764 2199 1056 2251 nominari
1086 2197 1290 2270 volunt.
1326 2200 1615 2270 Pestiferw
1642 2200 1774 2254 aliis
1803 2201 2051 2269 Athenae,

450 2265 606 2320 nihil
639 2267 763 2321 illis
794 2271 1010 2336 nocent,
1038 2268 1133 2324 sed
1161 2270 1231 2323 ad
1259 2269 1419 2340 ﬁdem
1449 2265 1804 2341 conﬁrmant.

455 2396 483 2421 ι(
522 2374 656 2427 Dus
713 2374 889 2429 nobis
938 2374 1038 2429 viae
1087 2380 1238 2431 notae
1287 2382 1489 2432 erant:
1524 2377 1708 2433 altera
1758 2379 1948 2451 prima
1999 2382 2056 2433 et

378 2462 779 2532 praestantior,
815 2461 999 2519 altera
1030 2465 1286 2519 secunda
1316 2470 1371 2521 et
1399 2466 1694 2523 inferioris
1726 2467 1894 2538 pretii
1920 2467 2055 2523 :illa

386 2564 619 2619 nempe,
648 2566 772 2620 quae
804 2551 877 2605 ad
912 2567 1108 2606 sacras
1143 2558 1373 2609 nostras
1405 2554 1639 2624 domos,
1688 2571 1905 2626 eosque
1952 2556 2050 2627 qui

388 2636 514 2691 illic
546 2643 732 2692 errant
770 2640 1327 2710 doctoresJ‘ersbat;
1375 2643 1496 2697 haec
1535 2647 1755 2714 autem,
1807 2661 1935 2716 quae
1978 2646 2050 2700 ad

381 2731 656 2781 externos
678 2734 1089 2798 przsceptores.
1119 2730 1367 2787 Crateras
1398 2748 1760 2803 omnes,quaa
1781 2734 1851 2787 ad
1884 2734 2050 2804 festa,

379 2815 753 2885 spectacula,
788 2816 1047 2873 celebres
1097 2825 1437 2890 conventus,
1489 2822 1693 2891 epulas
1740 2823 2049 2893 ducebant,

376 2920 549 2973 aequo
581 2920 651 2958 ac
680 2904 887 2959 libenti
935 2906 1134 2961 animo
1183 2906 1309 2962 aliis
1359 2907 1881 2980 reliqueramus....
1925 2911 2048 2980 jam

381 3008 517 3045 cum
550 2992 688 3047 aliis
722 2994 837 3048 alia
869 2995 1137 3064 quaedam
1169 3002 1555 3067 cognomenta
1584 2999 1724 3066 sint,
1755 2998 1843 3054 vel
1874 3016 1908 3054 a
1945 3016 2047 3070 pa-

378 3080 645 3136 rentibus
678 3081 1034 3153 accepta,ve1
1068 3099 1136 3138 ex
1170 3084 1400 3154 scipsis,
1428 3086 1533 3141 hoc
1578 3092 1668 3141 est
1698 3104 1766 3143 ex
1796 3087 2049 3159 propriis

373 3167 498 3223 vitae
528 3170 752 3225 studiis
782 3169 1159 3227 institutione
1207 3179 1548 3245 comparata
1582 3193 1594 3231 :
1630 3175 1799 3231 nobis
1847 3180 2049 3233 contra

2179 594 2564 667 philosophiae
2588 596 2885 668 partibus:
2909 612 2981 652 ne
3001 596 3378 668 geometriam
3405 598 3643 669 quidem
3668 600 3740 654 ab
3763 614 3831 655 eo

2180 685 2503 757 neglectam
2538 686 2740 751 fuisse,
2777 703 2880 742 nec
2910 688 3351 753 astromoniam,
3375 703 3481 743 nec
3514 689 3833 744 arithmeti-

2179 790 2348 840 cam;
2382 776 2480 830 sed
2517 774 2589 831 iis
2636 776 2877 843 relictis,
2927 792 3056 847 quis
3104 777 3177 831 ad
3228 776 3504 848 pietatem
3553 778 3832 848 prodesse

2178 881 2292 919 non
2316 869 2606 934 poterant,
2640 870 2870 920 tantum
2912 882 2983 919 ex
3024 865 3097 920 iis
3143 865 3473 937 disciplinis
3502 864 3616 922 sibi
3664 883 3828 922 sum-

2174 952 2384 1023 psisse,
2418 957 2707 1024 quantum
2740 953 2885 1009 satis
2918 958 3063 1021 erat,
3097 959 3161 1010 ut
3204 954 3276 1010 ab
3327 953 3422 1021 iis,
3466 954 3567 1025 qui
3608 971 3736 1011 sese
3766 955 3827 1011 in

2172 1041 2282 1097 hoc
2313 1057 2523 1113 genere
2552 1043 2953 1109 venditabant,
2986 1043 3267 1115 exagitari
3298 1059 3413 1098 non
3445 1048 3667 1113 posset.

2314 1129 2505 1184 XLVI.
2535 1132 2902 1202 Praeceptor“
2932 1132 3129 1202 quibus
3166 1148 3299 1187 usus
3327 1140 3407 1188 est
3437 1132 3685 1188 Athenis.

2242 1216 2650 1289 Praaceptores,
2689 1216 2905 1290 quibus
2936 1234 3082 1273 usus
3127 1224 3216 1274 est
3244 1219 3490 1275 Athenis
3518 1218 3831 1291 Gregorius

2167 1306 2323 1378 apud
2348 1311 2431 1362 tot
2461 1306 2736 1363 homines
2758 1306 3015 1363 celebres
3044 1311 3229 1375 erant,
3255 1308 3408 1379 apud
3434 1309 3830 1379 quotAthenm

2171 1395 2330 1465 ipsis.
2382 1396 2450 1448 Hi
2505 1394 2663 1451 fuere
2714 1395 3008 1451 Himerius
3054 1400 3111 1451 et
3158 1396 3555 1451 Proaaresius:
3601 1397 3830 1469 primus

2169 1482 2404 1555 gentilis
2434 1487 2577 1553 erat,
2612 1483 2757 1539 alter
2784 1500 2918 1539 vero
2949 1482 3422 1555 Christianus.ls,
3455 1485 3530 1540 ob
3562 1486 3827 1542 discendi

2170 1571 2685 1643 copiam,primum
2707 1570 2768 1627 in
2799 1571 3183 1639 Gallias,inde
3207 1572 3453 1627 Romam
3486 1590 3519 1628 a
3539 1573 3826 1630 Constan-

2168 1660 2249 1715 tio
2280 1661 2522 1728 missus,
2575 1660 2695 1715 illic
2742 1677 2811 1716 ex
2858 1660 3371 1717 senatusconsulto
3428 1662 3679 1718 donatus
3736 1666 3827 1719 est

2168 1754 2363 1806 statua
2384 1751 2673 1820 ejusmodi
2702 1749 3085 1821 inscriptione
3114 1750 3457 1806 nobilitata:
3490 1767 3691 1807 REGINA
3714 1768 3817 1806 ns-

2167 1855 2295 1893 nUM
2328 1856 2481 1894 noua
2514 1856 2649 1893 nam
2672 1840 3471 1901 ELOQUEN'rus.Cbristianum
3493 1839 3652 1895 hunc
3675 1839 3821 1896 dixi-

2164 1943 2321 1994 mus,
2350 1928 2641 1999 quidquid
2690 1927 2992 2000 scripserit
3036 1928 3360 1999 Eunapius,
3406 1928 3509 2000 qui
3558 1928 3716 1984 hunc
3756 1934 3824 1985 ut

2164 2015 2444 2087 gentilem
2475 2016 2590 2071 sibi
2611 2016 2886 2072 vindicat.
2910 2017 3258 2073 Proaaresius
3287 2017 3444 2072 enim
3477 2016 3824 2073 Christianae

2165 2104 2431 2176 religioni
2473 2105 2558 2161 sic
2604 2106 2875 2161 addictus
2906 2106 3040 2177 fuit,
3078 2110 3144 2161 ut
3187 2124 3321 2162 cum
3350 2105 3645 2172 Julianus,
3696 2106 3825 2179 lege

2165 2193 2302 2248 data
2361 2211 2433 2249 ne
2484 2193 2800 2250 Christiani
2873 2193 3207 2250 liberalium
3276 2194 3495 2250 artium
3551 2195 3820 2251 doctores

2165 2285 2381 2351 essent,
2402 2282 2517 2354 ipsi
2539 2282 2902 2339 Christianos
2934 2284 3140 2339 docere
3169 2282 3824 2356 permisisset,scholam

2166 2375 2374 2441 sponte
2413 2371 2737 2428 deseruerit
2767 2387 2781 2427 :
2825 2372 2980 2443 quod
3013 2388 3083 2427 ex
3112 2372 3464 2445 Hieronymo
3512 2371 3823 2428 discimus.

2164 2460 2313 2525 Quin
2345 2460 2471 2532 ipse
2504 2462 2802 2533 Eunapius
2830 2463 3052 2529 scribit,
3106 2462 3488 2518 Proaaresium
3534 2462 3825 2518 sententia

2161 2549 2380 2604 Juliani
2404 2567 2437 2604 a
2454 2549 2703 2605 lectione
2726 2556 3017 2605 remotum
3042 2551 3244 2607 fuisse.
3261 2559 3349 2605 An
3367 2567 3503 2607 vero
3523 2549 3818 2621 Julianus,

2163 2638 2529 2693 ethnicorum
2554 2638 3041 2711 philosophorum
3063 2639 3561 2708 studiosissimus,
3584 2644 3819 2694 senten-

2163 2729 2243 2782 tia
2297 2744 2407 2782 sua
2462 2744 2495 2782 a
2551 2727 2798 2783 lectione
2853 2729 3196 2783 removisset
3243 2727 3641 2796 Proseresium,
3702 2727 3817 2781 nisi

2161 2816 2554 2872 Christianam
2586 2816 2929 2887 religionem
2960 2815 3169 2872 fuisset
3198 2816 3495 2888 professus
3516 2815 3544 2871 ‘I

2390 2905 2607 2961 XLVII.
2641 2908 2716 2961 De
2741 2906 2963 2962 Iuliano
2990 2906 3235 2977 Gregorii
3264 2906 3584 2977 augurium.

2231 2994 2450 3049 Habuit
2464 2993 2709 3049 Athenis
2723 2994 3149 3066 Gregorium,in
3161 2999 3251 3050 ter
3271 2994 3602 3051 studiorum
3622 2992 3815 3051 socios

2158 3082 2459 3139 Julianum
2494 3086 2942 3154 exaequatorem,
2977 3100 3152 3154 quem
3185 3084 3243 3139 in
3294 3083 3554 3140 oratione
3586 3082 3819 3140 decima

2159 3188 2313 3227 nona
2346 3174 2425 3240 (n.
2460 3172 2527 3225 12
2557 3176 2613 3226 et
2660 3172 2746 3243 16)
2776 3170 3131 3243 alloquitur;
3165 3170 3411 3228 alterum
3446 3171 3585 3226 item
3634 3170 3816 3226 Julia-

375 3274 604 3330 magna
634 3275 730 3313 res
761 3263 819 3314 et
850 3274 1128 3331 magnum
1160 3277 1372 3316 nomen
1412 3267 1557 3329 erat,
1598 3264 1959 3322 Christianos
1991 3271 2048 3323 et
2075 3246 2118 3312 C
2158 3276 2299 3316 num
2325 3259 2494 3331 longe
2525 3259 2917 3316 famosiorem.
2945 3261 2994 3316 Is
3028 3264 3150 3316 erat
3178 3259 3472 3328 Julianus,
3492 3259 3816 3315 Constantii

369 3362 511 3402 esse
541 3352 601 3402 et
630 3347 991 3402 nominari...
1030 3354 1231 3420 Atque,
1263 3354 1327 3404 ut
1358 3367 1479 3406 rem
1512 3352 1570 3406 in
1604 3370 1787 3424 pauca
1820 3358 2042 3410 contra-

360 3434 537 3500 ham,
574 3436 865 3506 pestiferae
895 3437 1128 3506 quidem
1163 3437 1314 3509 aliis,
1349 3441 1502 3510 quod
1541 3442 1606 3495 ad
1642 3441 1848 3497 animae
1888 3441 2044 3498 salu-

358 3527 489 3577 tem
520 3522 756 3589 attinet,
784 3524 1018 3578 Atheme
1050 3528 1433 3583 sunt...nobis
1465 3535 1657 3584 autem
1693 3530 1837 3585 nihil
1868 3531 2046 3585 detri-

368 3611 562 3665 menti
598 3613 671 3666 ab
705 3613 778 3666 iis
811 3612 1051 3666 allatum
1089 3620 1401 3687 est,utpote
1425 3617 1526 3689 qui
1553 3618 1749 3673 animo
1781 3636 2046 3677 commu-

370 3700 485 3753 niti
519 3704 579 3754 et
613 3701 843 3772 obsepti
875 3718 1129 3757 eramus.
1164 3703 1312 3766 Quin
1348 3708 1543 3775 potius
1585 3706 1721 3761 hinc
1762 3709 1834 3762 ad
1867 3709 2043 3763 fidem

368 3789 717 3843 conﬁrmati
748 3806 975 3845 sumus.
1000 3813 1027 3838 »
1064 3792 1199 3846 Inde
1222 3793 1556 3863 contigit,ut
1575 3797 1875 3867 egregium
1897 3797 2045 3853 illud

369 3893 487 3947 par
515 3877 868 3948 amicorum,
904 3897 1013 3935 non
1047 3880 1106 3934 in
1147 3882 1421 3937 universa
1451 3885 1667 3939 Graecia
1696 3885 1908 3954 solum,
1942 3888 2044 3942 sed

371 3971 543 4020 extra
571 3966 854 4021 Graeciam
887 3968 1310 4037 celebraretur;
1345 3978 1401 4026 et
1432 3988 1566 4027 cum
1597 3990 1798 4028 eorum
1832 3975 2046 4045 magis-

376 4052 461 4107 tri
490 4055 687 4110 fanam
720 4055 1080 4112 Athenarum
1115 4058 1635 4133 adaequarentﬁpsi
1664 4064 2046 4135 quoque,ubi-

389 4157 621 4213 cunque
654 4144 774 4198 noti
808 4150 971 4199 erant
1021 4146 1306 4218 magistri,
1356 4148 1413 4203 in
1449 4148 1756 4206 hominum
1784 4168 1881 4207 ore
1914 4170 2042 4209 ver-

374 4235 681 4298 sarentur,
743 4237 798 4288 et
846 4232 1031 4290 Oresti
1078 4251 1143 4291 ac
1193 4236 1375 4292 Piladi
1425 4237 1595 4311 longe
1652 4241 1723 4295 ab
1765 4242 2042 4298 omnibus

366 4320 819 4392 praeferrentur.

452 4410 754 4481 Quidquid
781 4416 1049 4483 praeterea
1074 4414 1142 4470 de
1164 4413 1379 4471 Basilio
1412 4416 1701 4487 privatum
1726 4418 2041 4491 Gregorius

362 4497 701 4553 honorifice
725 4500 1013 4570 praedicat,
1046 4503 1117 4558 de
1149 4504 1276 4574 ipso
1308 4520 1540 4575 quoque
1567 4507 1841 4577 Gregorio
1873 4508 2041 4563 intel-

2153 3350 2400 3421 Augusti
2436 3366 2758 3418 successor,
2794 3366 2902 3404 sua
2934 3366 2967 3403 a
3016 3349 3293 3421 religione
3342 3349 3669 3405 Christiana
3713 3349 3817 3404 de-

2154 3439 2402 3493 fectione
2459 3438 2842 3508 notissimus,
2920 3438 3314 3509 omnibusque
3373 3450 3525 3493 retro
3583 3437 3814 3493 saeculis

2156 3527 2567 3582 exsecrandus.
2601 3531 2743 3581 Cum
2792 3526 3050 3582 Athenas
3101 3527 3358 3582 venisset
3404 3527 3559 3582 circa
3589 3542 3811 3582 annum

2155 3617 2262 3670 355
2294 3615 2577 3685 medium,
2612 3616 2712 3669 ubi
2746 3615 3003 3685 primum
3052 3632 3187 3669 cum
3237 3631 3303 3671 eo
3343 3631 3695 3686 congressus
3725 3618 3815 3671 est

2156 3703 2493 3776 Gregorius,
2526 3704 2826 3774 hominem
2860 3703 3059 3771 novit;
3090 3708 3147 3759 et
3177 3704 3462 3775 quidquid
3499 3710 3702 3775 postea
3729 3703 3815 3759 in-

2156 3793 2291 3848 telix
2320 3793 2720 3863 comprobavit
2745 3798 2985 3847 eventus
3012 3792 3305 3864 perspexit
3335 3796 3391 3848 et
3421 3791 3813 3863 praenuntiam

2156 3899 2271 3937 non
2321 3881 2608 3936 dubitavit
2637 3880 2730 3935 his
2776 3880 2968 3936 verbis
2999 3880 3074 3951 (b)
3124 3905 3152 3931 ιι
3203 3881 3382 3946 Quale
3411 3885 3811 3937 Romanorum

2154 3970 2311 4041 regio
2341 3968 2563 4024 malum
2597 3967 2736 4024 alit!
2787 3989 2815 4019 ι)
2852 3968 2980 4024 Οἷον
3015 3966 3177 4021 κακὸν
3211 3968 3246 4037 ἡ
3280 3964 3565 4041 Ῥωμαίων
3622 3965 3808 4044 τρέφει

2153 4054 2340 4119 πόλις.

2357 4145 2592 4201 XLVIII.
2629 4146 2887 4202 Raditum
2918 4148 2975 4202 in
3008 4148 3248 4218 patriam
3281 4147 3597 4203 meditatur.

2222 4242 2348 4291 Non
2372 4235 2470 4290 diu
2508 4239 2640 4306 post
2666 4234 2886 4291 Juliani
2918 4236 3255 4305 adventum,
3280 4236 3595 4308 Gregorius
3625 4239 3681 4291 et
3708 4235 3811 4291 Ba—

2151 4326 2344 4397 silius,
2379 4325 2549 4397 plena
2580 4325 2853 4381 doctrinae
2884 4325 3177 4381 mercibus
3234 4342 3398 4394 nave,
3450 4326 3705 4381 reditum
3748 4326 3807 4381 in

2149 4414 2421 4486 patriam,
2480 4418 2545 4467 ut
2600 4413 2815 4467 initum
2848 4414 3158 4469 sanctioris
3189 4414 3444 4469 instituti
3492 4414 3807 4469 consilium

2150 4503 2845 4578 perﬁciant,meditantur
2875 4502 3007 4573 (c).«
3039 4504 3252 4558 Aderat
3274 4504 3572 4559 discessus
3600 4504 3812 4567 dies,et

368 4585 682 4657 ligendum
718 4604 843 4643 esse
893 4591 1112 4645 nemini
1146 4592 1413 4647 dubitare
1457 4594 1610 4664 licet,
1672 4597 1939 4666 quamvis
1979 4598 2037 4652 id
2074 4615 2115 4677 D
2151 4592 2436 4666 quidquid
2498 4592 2569 4646 ad
2602 4592 2930 4645 discessum
2980 4592 3327 4662 pertinebat,
3373 4599 3643 4647 extremas
3675 4591 3811 4647 allo—

372 4674 615 4730 silentio
640 4679 1045 4746 praetermittat
1064 4681 1281 4735 Virtam
1307 4684 1817 4755 modestus,ut(a)«
1836 4686 2037 4742 laudes

372 4780 519 4818 suas
557 4781 629 4819 ne
662 4767 733 4820 ab
765 4767 875 4822 alio
909 4769 1145 4839 quidem
1179 4786 1441 4841 unquam
1476 4774 1777 4843 praedicari
1814 4779 2036 4846 patere-

373 4858 539 4908 tur.»
573 4852 772 4909 Dicere
803 4872 937 4927 ergo
962 4858 1153 4922 liceat,
1178 4875 1310 4913 cum
1341 4859 1480 4913 Vitas
1512 4859 1699 4930 ipsius
1732 4863 2035 4934 scriptore,

377 4940 455 4993 de
485 4939 786 5011 Gregorio,
820 4944 975 5014 quod
1007 4944 1132 5014 ipse
1158 4944 1469 5016 Gregorius
1504 4953 1702 5002 noster
1732 4950 1802 5002 de
1828 4951 2037 5005 Basilio

372 5030 658 5099 scripsit;
719 5048 927 5102 nempe
979 5032 1323 5103 Gregorium
1372 5034 1467 5088 his
1513 5036 1822 5105 praeditum
1856 5040 2038 5095 fuisse

375 5118 670 5184 moribus,
704 5120 804 5190 qui
834 5121 1010 5176 etiam
1061 5124 1187 5177 sine
1219 5122 1486 5177 doctrina
1522 5122 1759 5181 laudem
1791 5127 2040 5184 habuis-

376 5210 511 5261 sent
536 5223 549 5274 ;
584 5208 687 5264 scd
710 5210 781 5263 ad
804 5208 913 5265 hos
934 5227 1126 5266 mores
1144 5214 1200 5266 et
1220 5211 1511 5283 egregiam
1538 5212 1791 5270 indolem
1814 5220 2035 5274 tantam

377 5296 703 5354 accessisse
733 5298 1013 5353 doctrinae
1045 5299 1296 5372 copiam,
1324 5305 1389 5356 ut
1420 5317 1591 5357 nemo
1624 5319 1756 5359 cum
1790 5321 1856 5361 eo
1887 5322 2041 5363 com-

377 5388 677 5459 parandus
711 5393 892 5457 esset,
925 5388 1045 5445 sive
1074 5389 1134 5444 in
1167 5389 1478 5460 rhetorica,
1512 5407 1638 5464 quas
1670 5391 1936 5467 linguam
1966 5397 2039 5454 ad

373 5478 756 5537 Grecismum
786 5479 1025 5552 format,
1056 5478 1364 5537 historiam
1388 5479 1631 5556 colligit,
1665 5485 1869 5542 metris
1899 5502 2042 5561 prae-

455 5624 513 5690 α)
543 5628 640 5684 Or.
677 5626 775 5690 43,
811 5641 875 5680 n.
910 5624 1005 5679 22.

455 5640 495 5683 α
543 5628 640 5684 Or.
677 5626 775 5690 43,
811 5641 851 5680 n

425 5621 513 5782 (b)
530 5700 631 5762 Or.
666 5701 730 5757 5.
762 5698 863 5754 21.

630 5831 933 5899 Parnm“
970 5822 1080 5888 Gn.
1123 5820 1366 5890 XXXV.

2146 4683 2434 4746 cutiones,
2458 4679 2917 4750 prosecutiones,
2942 4679 3807 4751 revocationes,gemitus,com-

2147 4772 2373 4843 plexus,
2422 4768 2711 4839 lacrymm.
2764 4787 2790 4818 ii
2844 4768 2993 4822 Tum
3070 4785 3169 4823 eos
3242 4768 3586 4823 circumstat
3635 4768 3807 4823 soda-

2148 4861 2292 4916 lium
2324 4859 2423 4929 (d),
2478 4856 2817 4927 aequalium,
2867 4873 2933 4911 ac
2985 4857 3400 4928 magistrorum
3447 4856 3624 4911 etiam
3658 4873 3806 4911 non-

2147 4947 2442 5002 nullorum
2476 4946 2709 4999 chorus:
2741 4948 2956 5015 negant
2978 4961 3039 4999 se
3057 4945 3140 4999 eis
3164 4943 3416 4999 abeundi
3449 4946 3802 5015 potestatem

2147 5037 2442 5101 facturos;
2476 5034 2806 5096 obsecrant,
2841 5032 2953 5087 vim
2989 5034 3230 5100 faciunt,
3257 5032 3587 5104 hortantur,
3622 5049 3800 5104 spon-

2148 5126 2289 5183 dent
2309 5140 2371 5179 se
2391 5120 2633 5179 calculis
2649 5121 2773 5177 suis
2787 5122 3029 5177 daturos
3050 5120 3393 5194 eloquentia
3410 5121 3808 5194 principatum

2149 5213 2426 5287 Gregorio
2461 5230 2474 5268 :
2512 5210 2655 5267 nihil
2692 5228 2805 5265 non
2837 5210 3100 5266 efficiunt
3144 5215 3206 5265 ut
3245 5210 3500 5266 reditum
3531 5209 3809 5266 interclu-

2149 5307 2311 5361 dant.
2360 5300 2571 5358 Omnia
2618 5300 2944 5373 perrumpit
2986 5298 3278 5369 Basilius;
3321 5301 3422 5355 sed
3472 5299 3809 5372 Gregorius,

2149 5392 2363 5470 partim
2416 5390 2742 5447 amicorum
2793 5389 3066 5462 precibus
3115 5388 3437 5462 emollitus,
3482 5388 3697 5462 partim
3736 5388 3810 5445 ab

2148 5484 2278 5559 ipso
2309 5479 2523 5540 Basilio
2552 5479 2843 5553 proditus,
2878 5478 2962 5536 sic
2994 5479 3148 5535 enim
3181 5479 3305 5554 ipse
3337 5478 3622 5535 Basilium
3651 5477 3815 5535 incu-

2222 5625 2293 5698 (ο)
2324 5624 2419 5680 Or.
2452 5622 2541 5690 43,
2567 5638 2628 5698 n,
2660 5621 2757 5698 24.

2220 5695 2300 5774 (ά)
2328 5698 2521 5755 Carm.
2556 5697 2635 5752 De
2662 5695 2771 5752 vita
2804 5710 2929 5769 sua,
2961 5712 3018 5754 v.
3048 5695 3155 5753 248
3186 5698 3244 5754 et
3271 5710 3398 5769 seq.

3475 5826 3514 5891 6
