4100 6406
480 376 588 432 171

1823 370 2004 429 VI'l‘A
2056 368 2119 425 S.
2169 368 2567 427 GllEGURII.

3729 375 3829 433 1⁸12

475 510 587 574 sat,
618 505 806 561 victus
837 509 952 571 est,
973 508 1030 561 et
1060 504 1280 560 invitus
1310 504 1557 560 Athenis
1589 502 1888 559 remansit.
1912 502 2124 557 Verum
2159 504 2215 566 Α
2244 504 2477 554 cturum
2510 516 2603 554 me
2651 513 2982 569 receperam
3016 504 3081 554 ut
3108 503 3300 555 tecum
3332 497 3456 555 vitai
3502 504 3828 559 consuetudi-

476 610 607 651 oum
633 594 734 649 diu
757 595 828 649 ab
852 594 1060 649 animae
1088 611 1206 650 suae
1229 594 1473 649 dimidio
1493 593 1746 665 separari
1767 607 1915 664 aegre
1933 590 2128 656 ferret,

477 687 535 739 et
565 686 843 754 praeterea
875 684 1079 754 patrias
1126 688 1553 755 parentumque
1584 670 1871 737 desiderio
1901 684 2131 734 tenere-

474 777 592 837 tur,
618 771 792 843 paulo
823 776 956 843 post
987 772 1189 826 furtim
1214 788 1276 827 se
1298 772 1579 827 subduxit
1608 776 1664 826 et
1684 771 1753 826 ad
1788 787 1925 825 suos
1948 784 2131 823 rever-

475 878 579 916 sus
612 864 719 915 est.
754 883 781 911 «
814 860 929 916 Nec
971 864 1167 915 tamen
1202 860 1260 915 in
1305 859 1566 930 longum,
1600 858 1794 929 inquit
1841 858 1939 930 (a),
1983 855 2128 911 mihi

474 949 759 1021 producta
805 953 893 1005 est
941 949 1061 1005 haec
1106 948 1505 1006 calamitas...
1539 950 1649 1004 Sed
1683 966 1797 1003 non
1830 947 1911 1001 ita
1944 945 2128 1001 multo

472 1042 734 1109 tempore
781 1037 1027 1094 Athenis
1077 1042 1279 1109 postea
1327 1042 1747 1106 commoratus,
1798 1036 1957 1092 velut
2011 1052 2127 1107 pra:

473 1125 656 1181 animi
686 1126 976 1182 desiderio
1008 1143 1226 1198 equum
1259 1126 1425 1182 illum
1482 1127 1855 1183 Homericum
1905 1124 2124 1194 imitor,

471 1214 892 1287 perfractisque
920 1231 1145 1285 eorum,
1179 1233 1213 1272 a
1243 1216 1459 1287 quibus
1510 1215 1822 1282 retinebar,
1852 1213 2123 1281 vinculis,

470 1318 711 1375 campos
741 1303 991 1375 pedibus
1036 1304 1227 1376 pulso.
1264 1310 1439 1377 atque
1489 1305 1563 1360 ad
1612 1303 1875 1360 sodalem
1923 1318 2125 1359 meum

469 1391 693 1465 impetu
741 1394 912 1450 feror.
957 1413 983 1445 ι
1041 1394 1103 1449 Id
1143 1394 1387 1467 contigit
1435 1410 1587 1450 anno
1639 1394 1766 1464 356,
1798 1401 1897 1450 aut
1928 1393 2124 1449 forsan

468 1482 709 1538 ineunte
734 1482 857 1538 357.

468 1568 663 1627 XLIV.
690 1571 771 1626 Ad
797 1580 1054 1641 parentes
1083 1588 1208 1628 cum
1248 1573 1423 1643 fratre
1471 1572 1710 1629 Caesarie
1756 1572 1926 1628 simul
1956 1570 2121 1627 redit.

540 1659 854 1733 Digressus
902 1661 1147 1717 Athenis
1195 1661 1507 1734 Gregorius
1557 1660 2122 1733 Constantinopolim

469 1752 626 1804 terra
655 1749 860 1821 petiit;
896 1766 1074 1822 quam
1105 1750 1163 1805 in
1198 1750 1403 1806 urbem
1435 1751 1721 1807 Caesarius
1770 1752 1896 1821 ejus
1948 1751 2127 1806 frater

468 1836 819 1893 Alexandria
848 1839 1164 1911 profectus,
1188 1840 1391 1895 eodem
1415 1844 1677 1912 tempore
1707 1839 2121 1911 appulit.Quod

471 1927 711 1998 quidem
740 1927 1054 2000 Gregorius
1086 1944 1201 1983 non
1233 1933 1451 1984 temere
1485 1946 1551 1983 ac
1578 1929 1836 1996 fortuito,
1870 1929 1971 1983 sed
2013 1928 2129 1983 sin-

469 2013 665 2087 gulari
695 2015 798 2072 Dei
830 2017 1539 2088 providentia,parentum
1571 2020 1721 2073 votis
1743 2018 2128 2083 favente,con-

470 2102 675 2175 tigisse
706 2105 981 2160 observat
1012 2104 1111 2178 (b).
1141 2128 1168 2156 «
1202 2106 1306 2160 Pia
1338 2123 1593 2177 namque
1622 2112 1829 2175 mater,
1863 2112 2125 2160 materno

470 2193 731 2263 quodam
762 2198 917 2263 voto,
949 2197 1126 2267 atque
1159 2195 1379 2250 amoris
1429 2211 1566 2266 ergo
1610 2194 1762 2250 ﬁlios
1793 2194 1983 2266 pleno,
2016 2194 2126 2251 hoc

469 2281 731 2353 optabat,
783 2284 1283 2355 quemadmodum
1334 2285 1540 2340 ambos
1600 2285 1799 2340 eodem
1864 2289 2124 2356 tempore

468 2369 763 2444 emiserat,
797 2371 881 2428 sic
913 2372 1117 2429 ambos
1165 2389 1399 2445 quoque
1430 2373 1607 2429 simul
1654 2373 1964 2428 redeuntes
1994 2389 2123 2428 cer-

468 2463 653 2515 neret.
680 2483 708 2510 »
742 2460 944 2533 Itaque
974 2462 1285 2529 Caesarius,
1310 2462 1522 2535 spretis
1553 2461 1876 2517 honoribus
1906 2462 2121 2533 quibus

466 2548 738 2622 princeps
788 2549 990 2606 civitas
1033 2551 1277 2623 ipseque
1325 2552 1641 2623 imperator
1687 2568 1821 2607 eum
1874 2552 2121 2607 retinere

467 2638 829 2709 nitebantur,
849 2640 1149 2712 proposito
1183 2640 1363 2696 nobili
1397 2642 1775 2696 matrimonio
1807 2640 2121 2713 oblataque

466 2728 759 2783 senatoria
789 2728 1333 2800 dignitate,itineris
1355 2731 1579 2785 socium
1612 2746 1678 2783 ac
1708 2730 1981 2785 comitem
2004 2731 2118 2785 fra-

464 2816 540 2870 tri
571 2832 632 2871 se
677 2817 965 2886 adjunxit,
1017 2821 1192 2888 atque
1244 2818 1326 2872 ita
1374 2819 1445 2873 ad
1494 2822 1797 2889 paternam
1849 2819 2115 2889 domum,

468 2905 623 2960 unde
653 2904 831 2960 simul
864 2905 1067 2961 emissi
1099 2908 1353 2977 fuerant,
1386 2906 1562 2962 simul
1596 2906 1838 2962 rediere.

466 3030 530 3085 L.
568 3029 651 3084 LI.
689 3032 921 3099 Rogatus
949 3047 983 3085 a
1025 3030 1350 3101 parentibus
1393 3038 1443 3085 et
1490 3031 1726 3099 civibus,
1760 3031 1962 3087 mundo
2010 3032 2120 3087 ati-

538 3102 867 3173 quantulum
896 3104 1159 3173 temporis
1191 3104 1478 3173 impendit.
1499 3105 1685 3158 Pietas
1706 3118 1837 3173 erga
1862 3109 2117 3170 parentes

534 3171 688 3227 domi
716 3175 910 3228 retinet
943 3171 1288 3244 Gregorium,
1321 3174 1506 3245 ibique
1545 3171 1905 3230 monasticam
1943 3177 2115 3231 vitam

533 3245 674 3314 agit.

536 3349 739 3405 Bedux
770 3349 827 3404 in
859 3348 1109 3421 patriam
1140 3349 1547 3422 Gregorius,ut
1566 3350 1820 3408 Basilius
1841 3351 1898 3406 in
1919 3369 2110 3421 suam,

463 3439 687 3493 mundo
713 3443 769 3493 et
798 3456 982 3494 scenas
1022 3437 1456 3511 aliquantulum
1488 3440 1770 3512 temporis
1800 3441 2110 3512 impendit,

465 3526 736 3598 quamvis
770 3528 841 3582 ab
874 3526 1195 3582 ambitione
1221 3530 1278 3582 et
1306 3527 1588 3584 theatrica
1612 3528 1830 3599 ingenii
1854 3536 2112 3585 ostenta-

463 3614 622 3670 tione
642 3630 819 3685 quam
844 3614 1095 3669 maxime
1117 3615 1455 3670 abhorreret
1480 3632 1493 3683 ;
1520 3616 1618 3670 sed
1645 3615 1868 3670 civibus
1892 3622 1949 3670 et
1972 3618 2115 3671 ami-

467 3704 551 3759 cis
578 3704 1017 3775 rogantibus,ut
1033 3719 1157 3759 com
1165 3709 1425 3777 portatas
1450 3705 1523 3758 ab
1540 3704 1755 3760 exteris
1775 3705 2112 3777 regionibus

458 3810 598 3865 opes
631 3798 943 3865 promeret,
969 3792 1188 3865 ingenii
1219 3792 1311 3849 sui
1342 3793 1665 3865 specimina
1686 3794 1973 3865 denegare
1998 3812 2111 3850 non

453 3881 623 3938 licuit
648 3902 661 3949 ;
695 3886 772 3950 et,
806 3888 873 3938 ut
902 3882 1092 3955 ipsius
1121 3883 1315 3937 verbis
1345 3888 1479 3937 utar
1507 3886 1599 3954 (c),
1643 3884 1837 3938 amicis
1865 3885 2107 3953 saltavit,

451 3974 570 4031 τοῖς
617 3966 801 4045 φίλοις
844 3968 1208 4046 ὠρχησάμην.
1261 3970 1633 4042 Pr0positum
1686 3989 1942 4043 namque
1998 3973 2111 4044 ipsi

453 4063 578 4115 erat
608 4061 678 4114 ab
724 4060 911 4127 initio,
950 4061 1223 4132 projectis
1266 4059 1563 4127 omnibus,
1598 4060 1770 4115 etiam
1824 4062 2109 4117 facundiae

451 4146 777 4215 laboribus,
801 4148 902 4203 uni
929 4146 1313 4219 philosophiae
1343 4164 1579 4218 operam
1612 4149 1770 4215 dare,
1800 4166 1899 4203 seu
1927 4150 2109 4204 vitam

453 4237 841 4291 monasticam
887 4235 1184 4307 amplecti.
1236 4236 1295 4290 Si
1349 4235 1559 4290 Ruﬁno
1620 4236 1695 4306 (ά)
1728 4239 2108 4309 credendum,

388 4363 392 4367 ε
455 4325 756 4380 rhetoricae
833 4341 1052 4379 munus
1136 4324 1445 4396 magnifice
1500 4324 1753 4380 Basilius
1832 4327 2106 4395 exercuit,

452 4412 766 4484 Gregorius
809 4429 942 4468 vero
975 4412 1444 4484 magnificentius
1485 4413 1859 4484 contempsit.
1895 4414 2109 4470 Basilio

451 4502 652 4573 etiam,
709 4519 845 4557 cum
891 4502 1134 4557 Athenis
1180 4506 1575 4567 versarentur,
1621 4503 1994 4576 promiserat,
2046 4520 2108 4559 se

450 4608 586 4647 cum
610 4591 755 4647 eoin
779 4591 1045 4647 eamdem
1074 4590 1452 4646 solitudinem
1485 4594 2103 4648 recessurum.Verum
2134 4610 2181 4674 Ι)

447 4680 506 4736 in
539 4680 693 4736 aedes
727 4686 999 4753 paternas
1047 4696 1344 4735 reversum
1376 4684 1515 4735 aetas
1559 4679 1762 4736 senilis
1793 4687 2102 4752 parentum

448 4770 605 4826 domi
640 4786 873 4826 manere
920 4768 1224 4839 compulit,
1259 4773 1323 4823 ut
1353 4785 1553 4823 eorum
1601 4786 1803 4824 curam
1838 4770 2100 4843 haberet,

446 4860 766 4931 datamque
795 4859 983 4913 amico
1024 4858 1196 4912 fidem
1249 4856 1454 4911 debitae
1505 4858 1850 4929 parentibus
1900 4859 2101 4930 pietati

446 4948 797 5019 posthabere
826 4948 1033 5019 coegit.
1073 4969 1099 4996 «
1135 4946 1446 5001 Promissis
1478 4964 1591 5001 non
1643 4947 1799 5016 steti,
1834 4948 2033 5015 fateor,
2067 4970 2096 4999 »

447 5037 643 5109 inquit
667 5036 918 5108 querelis
942 5036 1139 5090 Basilii
1166 5036 1527 5105 respondens
1547 5036 1617 5106 (ε)
1644 5052 1657 5091 :
1689 5057 1709 5086 ι
1743 5036 2099 5108 quippejam

446 5125 585 5181 inde
602 5126 674 5181 ab
690 5126 931 5181 Athenis
952 5125 1233 5196 illiusque
1277 5124 1387 5179 loci
1412 5124 1674 5179 amicitia
1690 5130 1746 5179 et
1767 5126 2098 5181 animorum

447 5214 807 5273 connexione
838 5219 967 5287 (nec
1015 5214 1172 5271 enim
1203 5212 1400 5285 aptius
1429 5214 1671 5270 verbum
1704 5215 1979 5287 occurrit)
2013 5215 2096 5270 fa-

516 5412 595 5487 (a)
630 5412 835 5487 Qr.t3,
869 5429 928 5469 n.
963 5413 1056 5469 24.

543 5484 594 5555 b)
625 5484 721 5541 Or.
753 5487 809 5556 7,
842 5502 899 5540 n.
937 5487 990 5539 8.

543 5488 594 5555 b)
625 5488 721 5541 Or.
753 5488 809 5556 7,
842 5502 899 5540 η.
937 5488 990 5539 8.

516 5488 596 5693 i2)
618 5556 920 5693 tari-13:
941 5558 1208 5693 lff“..“3f’
1238 5572 1293 5616 ν·
1324 5553 1457 5631 ²⁷⁴ε

579 5629 596 5699 )
624 5629 786 5698 Hist.,
817 5627 920 5683 lib.
953 5644 1015 5699 ιι,
1048 5645 1098 5685 c.
1129 5628 1186 5687 9.

515 5700 586 5781 (θ)
615 5699 802 5775 Epist.
831 5699 903 5760 al.
932 5700 987 5763 5.

2240 604 2374 643 nem
2409 587 2706 653 haberem,
2742 586 3039 659 simulque
3070 586 3520 659 philosopharer.
3547 588 3725 645 Fidem
3752 609 3832 648 au-

2241 681 2357 732 tem
2392 676 2585 743 fefelli,
2621 677 2775 731 haud
2810 681 3017 747 sponte
3062 693 3129 731 ac
3158 676 3402 732 libenter
3434 695 3446 732 :
3476 694 3661 733 verum
3702 683 3829 751 quod

2239 765 2328 821 lex
2362 766 2547 837 legem
2578 768 2893 837 superarit,
2918 782 2985 820 ea
3007 764 3308 833 nimirum,
3336 782 3459 837 quas
3490 771 3732 837 parentes
3752 786 3828 825 co-

2238 852 2355 909 lere
2376 854 2567 924 jubet,
2587 854 2773 926 legem
2806 854 3133 910 sodalitatis
3165 870 3229 909 ac
3260 853 3670 911 familiaritatis.
3705 880 3721 905 -
3756 859 3829 912 ln-

2236 947 2394 997 terea
2419 946 2617 998 tamen
2658 943 2996 1015 Gregorius,
3029 947 3313 1013 quantum
3350 942 3457 1013 ipsi
3502 942 3671 1011 licuit,
3700 947 3829 1017 quod

2237 1031 2353 1086 Deo
2384 1034 2753 1103 promiserat,
2786 1030 2916 1087 vita:
2949 1048 3132 1101 genus
3185 1035 3274 1087 est
3324 1036 3587 1100 secutus;
3618 1049 3831 1105 cumque

2236 1119 2350 1191 ipsi
2385 1120 2442 1174 in
2472 1120 2852 1175 solitudinem
2877 1136 3005 1176 sese
3037 1120 3350 1192 recipiendi
3382 1120 3614 1176 facultas
3633 1138 3735 1177 non
3754 1122 3834 1178 da-

2236 1214 2417 1277 retur,
2452 1210 2525 1265 ab
2556 1209 2730 1265 amici
2777 1208 3069 1265 consortio
3117 1209 3444 1266 abstractus
3498 1209 3578 1265 sic
3604 1209 3759 1266 vitam
3782 1210 3830 1267 in

2239 1298 2501 1370 paternis
2534 1298 2759 1355 sedibus
2783 1298 3058 1368 instituit,
3084 1304 3147 1354 ut
3178 1299 3369 1355 media
3397 1298 3639 1369 quadam
3669 1298 3831 1355 viain-

2236 1388 2472 1456 cedens,
2506 1404 2641 1443 cum
2673 1388 2888 1443 actioni
2937 1392 3063 1443 tum
3117 1386 3585 1459 contemplationi
3619 1391 3829 1444 vacaret.

2236 1477 2460 1549 Quippe
2492 1477 2689 1533 media
2717 1476 2841 1533 haec
2890 1476 3002 1547 via,
3040 1476 3271 1533 tametsi
3317 1476 3462 1532 illud
3513 1477 3632 1532 vitae
3677 1492 3829 1549 genus

2235 1582 2351 1621 non
2383 1570 2553 1629 esset,
2587 1568 2739 1637 quod
2775 1583 2836 1622 se
2867 1566 2923 1621 in
2959 1565 3277 1622 solitudine
3308 1582 3437 1621 cum
3470 1565 3667 1622 Basilio
3696 1571 3830 1621 actu-

2234 1672 2363 1710 rum
2398 1655 2769 1727 promiserat,
2794 1656 3039 1710 minime
3066 1661 3265 1711 tamen
3297 1672 3328 1710 a
3358 1657 3654 1727 propositae
3683 1655 3829 1727 philo-

2233 1744 2449 1815 sophiae
2482 1760 2657 1816 scopo
2691 1744 2880 1800 aliena
2908 1749 3052 1799 erat.
3088 1749 3210 1801 Imo
3240 1746 3359 1800 vita
3401 1744 3527 1816 ipsa
3555 1745 3831 1800 monastica

2180 1838 2376 1941 Berat,
2411 1834 2460 1888 si
2496 1834 2692 1889 minus
2723 1850 2962 1904 corpore
2986 1834 3045 1888 in
3068 1835 3299 1889 deserto
3317 1840 3372 1889 et
3388 1834 3685 1889 solitudine
3711 1838 3830 1898 acta,

2235 1922 2441 1977 saltem
2474 1928 2668 1978 mente
2697 1928 2755 1978 et
2788 1923 3072 1977 moribus.
3110 1944 3132 1972 α
3167 1922 3395 1977 Merum
3435 1922 3586 1978 enim
3630 1929 3708 1977 est
3739 1922 3833 1976 vita

2235 2010 2581 2074 monastica,
2624 2028 2738 2065 non
2771 2027 3106 2083 corporum,
3144 2033 3164 2061 ι
3198 2016 3264 2066 ut
3296 2013 3420 2084 ipse
3450 2010 3735 2083 Gregorius
3761 2010 3833 2063 his

2232 2098 2425 2155 verbis
2457 2103 2707 2155 testatur
2736 2100 2825 2171 (ι’),
2867 2099 2965 2155 ubi
2994 2099 3147 2156 viam
3182 2099 3347 2156 illam
3389 2100 3627 2156 mediam
3655 2097 3832 2155 descri-

2234 2188 2321 2243 bit
2351 2206 2364 2243 :
2397 2186 2620 2259 Τρόπων
2655 2187 2758 2262 γὰρ
2792 2187 2923 2241 εἶναι
2954 2189 3051 2255 τὴν
3089 2209 3128 2261 μ
3157 2188 3306 2257 ονὴν,
3361 2188 3422 2243 οὗ
3454 2187 3717 2260 σωμάτων.
3758 2187 3830 2242 Sic

2233 2276 2406 2331 etiam
2442 2277 2819 2345 Sozomenus,
2853 2274 3306 2353 φιλοσοφοῦντας,
3345 2278 3650 2334 monachos
3678 2274 3829 2348 appel-

2232 2364 2314 2420 lat
2337 2382 2449 2421 non
2472 2371 2703 2421 tantum
2722 2383 2820 2422 eos
2839 2388 2867 2416 «
2889 2366 2989 2439 qui
3020 2368 3080 2422 in
3114 2366 3433 2423 solitudine
3455 2367 3787 2433 delituerant,
3805 2384 3827 2412 »

2227 2470 2431 2509 verum
2462 2455 2638 2509 etiam
2674 2472 2793 2522 eos,
2828 2478 2855 2505 «
2891 2455 3012 2527 qui,
3045 2456 3179 2511 licet
3228 2455 3288 2511 in
3345 2455 3535 2511 media
3575 2455 3829 2511 civitatum

2228 2544 2418 2609 turba,
2450 2543 2697 2599 vixerint
2726 2543 2871 2599 viles
2904 2549 2962 2600 et
2989 2545 3224 2614 abjecti,
3260 2561 3369 2601 nec
3399 2563 3433 2600 a
3458 2546 3625 2616 vulgo
3663 2542 3829 2598 ullate-

2229 2649 2341 2688 nus
2383 2632 2784 2704 discrepantes
2815 2634 2911 2706 (g).
2935 2633 3156 2689 Verum
3190 2634 3371 2703 igitur
3397 2634 3655 2711 monachi
3682 2631 3824 2685 vitam

2226 2720 2286 2775 in
2318 2722 2492 2777 domo
2524 2728 2784 2793 paterna,
2820 2724 3081 2778 nondum
3131 2723 3189 2796 in
3242 2738 3463 2790 eremo,
3504 2723 3690 2795 agebat
3713 2720 3822 2775 Gre~

2227 2811 2464 2881 gorius;
2499 2828 2747 2882 vereque
2796 2813 3142 2879 monachus,
3178 2829 3294 2867 non
3341 2829 3596 2885 corpore,
3627 2811 3707 2866 sed
3732 2808 3825 2861 vita

2229 2905 2286 2955 et
2314 2900 2581 2956 moribus
2612 2901 2740 2957 fuit.
3184 2904 3187 2907 ’

2233 3061 2354 3115 LII.
2394 3062 2569 3116 Vitam
2600 3063 2958 3144 monasticam
2976 3078 3031 3144 se
3058 3061 3643 3144 ampiexurum,etiam
3666 3069 3765 3117 voto
3787 3072 3831 3113 se

2861 3141 3233 3190 astrinxerat.

2145 3240 2188 3305 (ἶ
2302 3256 2443 3322 Quis
2473 3256 2766 3312 enimvero
2800 3257 2991 3329 plura,
3025 3274 3202 3328 quam
3235 3274 3370 3330 quae
3404 3257 3694 3332 praestitit
3718 3254 3823 3310 Gre-

2223 3346 2447 3416 gorius,
2483 3346 2739 3417 requirat
2769 3349 2835 3400 ut
2864 3346 2997 3417 quis
3040 3347 3218 3401 vitam
3252 3350 3635 3404 monasticam
3674 3345 3822 3417 egisse

2221 3435 2510 3499 credatur,
2542 3440 2600 3488 et
2633 3434 2958 3488 monachus
2989 3434 3422 3494 existimandus
3454 3439 3548 3506 sit,
3584 3453 3645 3492 eo
3674 3432 3825 3490 maxi-

2222 3540 2315 3578 me
2343 3529 2604 3593 tempore
2636 3539 2751 3593 quo
2784 3523 3045 3577 nondum
3069 3528 3193 3579 erat
3240 3525 3299 3578 in
3324 3542 3438 3582 usu
3473 3525 3731 3581 solemnis
3752 3537 3825 3575 vo-

2219 3615 2414 3666 torum
2447 3612 2563 3666 Deo
2596 3613 2957 3683 nuncupatio
2978 3612 3005 3665 ?
3037 3613 3156 3667 Sua
3185 3630 3321 3669 eum
3361 3621 3544 3671 mater
3574 3615 3678 3670 Deo
3705 3611 3829 3666 dica-

2219 3701 2325 3768 vit,
2346 3718 2381 3755 a
2410 3716 2526 3770 quo
2559 3705 2897 3771 acceperat;
2932 3718 3296 3774 quaecunque
3319 3709 3512 3760 mater
3542 3705 3712 3759 fuerat
3734 3696 3832 3772 pol-

2220 3788 2399 3855 licita,
2435 3789 2748 3860 Gregorius
2799 3799 2926 3845 rata
2970 3790 3194 3846 habuit.
3249 3793 3383 3863 Ipse
3433 3812 3544 3849 non
3593 3788 3751 3847 semel
3782 3802 3832 3841 se

2219 3877 2335 3933 Deo
2366 3876 2579 3932 obtulit
2609 3882 2666 3933 et
2695 3878 2951 3947 addixit;
3007 3878 3185 3935 vitam
3220 3884 3604 3938 monasticam
3642 3876 3831 3949 ample-

2216 3983 2429 4020 xurum
2462 3966 2637 4021 etiam
2670 3971 2801 4022 voto
2829 3984 2891 4022 se
2914 3968 3205 4040 astrinxit,
3226 3985 3363 4025 cum
3397 3973 3723 4043 tempestate
3735 3967 3833 4036 jac-

2217 4059 2377 4110 tatus
2410 4056 2467 4108 in
2502 4054 2782 4126 periculo,
2830 4057 2983 4127 quod
3020 4058 3289 4127 precibus
3318 4065 3377 4114 et
3405 4068 3537 4115 voto
3570 4054 3831 4131 propulsa-

2216 4145 2317 4209 vit,
2350 4148 2699 4199 versaretur.
2736 4144 3028 4200 Promissa
3059 4145 3305 4201 ﬁdeliter
3336 4148 3575 4218 perfecit
3605 4146 3695 4217 (h).
3724 4142 3832 4197 Om-

2218 4235 2333 4299 nia,
2359 4233 2537 4288 etiam
2572 4233 2857 4288 facundiae
2890 4233 3140 4300 labores,
3166 4238 3520 4307 contempsit
3555 4252 3662 4291 non
3693 4243 3828 4287 secus

2218 4338 2283 4376 ac
2314 4322 2399 4375 illi
2427 4323 2542 4376 duo
2573 4322 2930 4393 philos0phi,
2955 4340 3206 4394 quorum
3232 4324 3380 4380 alter
3401 4326 3614 4397 praedia
3638 4338 3733 4379 sua
3757 4320 3829 4373 de-

2218 4409 2475 4482 reliquit,
2502 4410 2648 4465 alter
2679 4412 2988 4466 collcctum
3012 4429 3080 4467 ex
3102 4414 3353 4469 venditis
3380 4416 3538 4487 agris
3562 4416 3831 4484 argentum

2216 4499 2277 4554 in
2309 4517 2468 4554 mare
2515 4499 2758 4570 projecit
2805 4501 2891 4571 (ἱ).
2945 4501 3194 4557 Missum
3241 4503 3352 4557 fuit
3401 4501 3832 4560 matrimonium.

2216 4588 2546 4643 castitatem
2578 4589 2754 4656 vovit,
2789 4605 2967 4659 quam
2999 4591 3274 4662 amplecti
3306 4594 3490 4648 fixum
3521 4593 3630 4665 ipsi
3660 4591 3832 4645 immo-

2212 4682 2457 4747 tumque
2488 4694 2720 4748 semper
2748 4677 2858 4733 fuit
2890 4696 2902 4733 :
2939 4676 3115 4732 Πάλαι
3150 4676 3481 4754 δεδογμένον
3518 4682 3567 4736 τ’
3596 4681 3658 4748 ἦν
3679 4698 3701 4745 ;
3728 4691 3830 4732 om-

2211 4765 2388 4820 nibus
2419 4787 2445 4813 ‹‹
2482 4764 2695 4818 Caetera
2725 4767 2983 4837 quidem,
3016 4767 3211 4839 inquit
3236 4770 3321 4841 (ί),
3348 4771 3625 4825 mandato
3656 4774 3707 4823 et
3726 4761 3830 4835 Spi-

2211 4853 2347 4907 ritui
2380 4853 2625 4925 reliqui;
2661 4872 2725 4909 ac
2758 4856 3074 4927 pretiosam
3101 4859 3477 4929 margaritam
3513 4876 3645 4915 cum
3674 4849 3833 4912 omni-

2210 4942 2322 4997 bus
2354 4942 2446 5013 iis,
2477 4959 2601 5013 qua:
2633 4945 2926 5013 quondam
2969 4945 3280 5015 habebam,
3315 4946 3703 5013 commutavi;
3732 4943 3832 4996 fac-

2208 5036 2423 5103 tusque
2454 5048 2610 5097 sum,
2652 5040 2777 5099 aut,
2809 5040 2873 5088 ut
2902 5035 3117 5089 rectius
3150 5035 3377 5107 loquar,
3411 5038 3539 5092 fieri
3570 5040 3698 5108 opto
3726 5046 3832 5087 ma-

2208 5136 2356 5191 gnus
2386 5120 2483 5175 ille
2515 5121 2859 5193 negotiator,
2910 5123 3007 5194 qui
3041 5124 3267 5195 exiguis
3315 5125 3492 5181 rebus
3531 5130 3699 5198 atque
3724 5133 3832 5176 om-

2208 5208 2347 5265 nino
2378 5210 2657 5281 perituris
2684 5227 2899 5283 magna
2928 5217 2985 5267 et
3014 5222 3230 5270 aeterna
3262 5214 3423 5271 emit.
3461 5238 3490 5267 »

2298 5409 2346 5480 f)
2376 5409 2566 5464 Carm.
2595 5408 2678 5480 De
2695 5409 2813 5464 vita
2839 5425 2959 5475 sua,
2990 5426 3047 5478 v,
3080 5411 3207 5467 329.

2297 5478 2351 5552 g)
2384 5480 2639 5554 ξοΖοιῐι.2
2667 5478 2706 5534 l.
2741 5498 2827 5547 ιιι,
2860 5498 2909 5537 c.
2946 5481 3033 5548 17,
3064 5498 3122 5554 p.
3154 5483 3282 5540 528.

2301 5551 2576 5628 Ii)_(_larm.
2610 5553 2687 5628 De
2706 5554 2824 5628 uita
2851 5570 2976 5628 sua,
3008 5551 3221 5613 vf272.

2298 5624 2341 5695 ἱ)
2371 5623 2543 5695 1pm.,
2573 5640 2628 5678 v.
2659 5625 2784 5681 283.

2296 5693 2345 5772 1)
2374 5693 2470 5754 Or.
2502 5695 2557 5772 6,
2592 5711 2650 5757 n.
2681 5696 2738 5758 5.
