4100 6470
320 432 395 491 "3
1796 450 1980 511 Vl'l‘A
2025 452 2089 510 s.

2209 451 2536 511 'tEGORIl.
3755 454 3873 513 174

360 564 504 623 U11.
539 574 905 643 Baptism
939 580 1252 652 suscipit.
1286 584 1398 651 Quo
1418 589 1650 653 tempore
1672 597 1783 637 non
1810 590 2039 638 constat.
2131 584 2189 647 Α
2218 583 2493 638 omnibus
2524 599 2586 639 se
2623 583 2867 649 exuerit,
2899 585 3056 655 quod
3101 585 3325 637 dudum
3360 587 3668 654 statuerat,
3701 602 3873 655 πρου-

382 675 540 732 Tam
576 682 989 750 perfectum
1016 688 1176 742 vitae
1210 704 1390 759 genus
1420 688 1575 743 haud
1596 689 1773 745 dubie
1793 704 2089 761 aggressus

2215 667 2384 742 θέμην
2420 668 2594 745 ῥίψαι,
2627 677 2692 726 ut
2720 671 3019 727 Christum
3051 676 3209 727 totus
3237 672 3526 728 indueret.

340 770 822 877 est—Gregorius
849 777 1730 877 post.susceptumbaptisma
1749 796 1763 846 ;
1804 778 1958 849 quod
1989 794 2105 877 (11.1.0
2215 804 2326 858 LV.
2359 805 2477 859 Non
2509 804 2710 876 affectu
2740 809 2976 868 tantum,
3010 804 3107 877 sed
3149 806 3336 877 reipsa
3378 821 3438 861 se
3488 812 3645 862 exuit
3676 805 3870 877 Grego-

351 859 623 930 tempore
664 866 1100 936 susceperit,
1138 868 1296 921 inter
1325 866 1632 937 scriptores
1666 885 1782 922 non
1815 868 2101 923 convenit.
2544 859 2574 876 ”
2959 859 3109 933 rius.

372 948 707 1003 Arbitratur
746 954 1100 1010 Baronius
1132 956 1213 1027 (a)
1243 954 1298 1009 id
1322 956 1634 1028 contigisse
1663 972 1795 1011 cum
1845 956 2102 1011 Athenas

383 1037 514 1092 navi
558 1044 826 1109 peteret,
886 1046 1239 1115 postquam
1272 1060 1303 1099 e
1343 1044 1601 1116 periculo
1640 1044 1923 1100 liberatus
1970 1045 2099 1100 fuit.

402 1152 421 1176 ι
452 1127 613 1191 Quod
646 1133 870 1184 autem
916 1131 1017 1186 ait
1049 1132 1413 1205 (Gregorius)
1445 1149 1474 1187 e
1508 1133 1762 1205 periculo
1791 1133 2101 1189 liberatum

403 1235 463 1273 ex
492 1223 627 1272 voto
660 1220 885 1273 statim
924 1237 999 1277 se
1056 1226 1174 1277 Deo
1207 1222 1509 1291 obtulisse,
1544 1222 1697 1277 haud
1741 1222 1895 1277 aliud
1933 1227 2100 1293 puta-

2283 982 2399 1037 Nec
2426 998 2560 1037 vero
2593 981 2802 1037 aﬁectu
2840 986 3092 1051 tantum,
3130 987 3194 1038 ut
3238 984 3629 1056 quisbusdam
3668 984 3865 1041 visum

2213 1075 2321 1139 est,
2356 1071 2456 1126 sed
2492 1070 2683 1142 reipsa
2712 1071 2990 1126 omnibus
3012 1088 3072 1127 se
3107 1072 3277 1128 bonis
3317 1072 3480 1129 exuit
3528 1073 3865 1146 Gregorius.

2214 1158 2368 1216 Nihil
2404 1164 2605 1215 contra
2634 1176 2703 1215 ex
2734 1159 2921 1232 ipsius
2954 1164 3301 1217 testamento
3333 1161 3505 1232 objici
3541 1167 3750 1235 potest;
3786 1166 3865 1219 si-

402 1324 532 1362 mus
548 1307 607 1361 id
624 1323 786 1370 esse,
821 1325 1025 1379 quam
1051 1311 1208 1381 quod
1236 1310 1592 1381 baptismum
1612 1315 1913 1381 tantopere
1930 1327 2101 1383 expe-

405 1398 574 1451 titum
595 1399 674 1451 sit
706 1402 1048 1454 assecutus
1076 1440 1087 1451 .
1116 1420 1142 1447 ››
1161 1399 1419 1470 Gregorii
1444 1400 1573 1453 vitae
1596 1399 1848 1470 scriptor
1876 1405 2096 1464 censet,

424 1503 553 1541 eum
581 1486 907 1541 distulisse
939 1488 1245 1559 baptisma
1277 1504 1461 1558 usque
1491 1489 1561 1541 ad
1581 1487 1943 1543 tricesimum
1968 1493 2105 1543 aeta-

432 1577 507 1631 tis
534 1592 772 1645 annum,
809 1593 961 1630 cum
996 1576 1239 1631 Athenis
1271 1581 1360 1631 est
1406 1592 1672 1632 reversus
1721 1576 1783 1632 in
1828 1578 2099 1648 patriam.

432 1688 458 1714 ιι
489 1665 618 1727 Nos,
671 1665 885 1735 inquit
943 1664 1378 1734 Papebrochius
1426 1666 1524 1736 (b),
1575 1681 1765 1736 neque
1801 1666 1873 1720 ad
1923 1665 2102 1721 ﬁnem

426 1755 922 1809 commorationis
976 1753 1354 1809 Atheniensis
1415 1754 1772 1826 baptismum
1850 1754 2100 1811 dilatum

424 1844 605 1898 fuisse
639 1849 959 1914 putamus,
996 1858 1183 1913 neque
1205 1844 1406 1897 statim
1426 1846 1766 1914 susceptum
1792 1849 1922 1914 post
1947 1860 2101 1898 nau-

2212 1249 2474 1321 quidem,
2507 1266 2606 1320 pro
2636 1254 2970 1321 temporum
3002 1249 3235 1306 illorum
3270 1251 3714 1319 consuetudine,
3759 1269 3864 1325 pa-

2212 1339 2447 1389 rentum
2479 1334 2877 1390 hzereditatem
2908 1335 3018 1407 ipsi
3044 1336 3204 1393 adire
3227 1336 3439 1393 licebat
3459 1338 3556 1409 (ο).
3584 1338 3867 1396 Praeterea

2214 1439 2326 1477 non
2361 1422 2576 1478 idcirco
2615 1422 3012 1480 hereditatem
3056 1425 3221 1493 adiit,
3268 1430 3334 1480 ut
3375 1442 3503 1482 eam
3532 1426 3642 1482 sibi
3677 1444 3867 1484 serva-

2213 1516 2334 1580 ret;
2368 1513 2467 1568 sed
2498 1516 2563 1566 ut
2587 1511 2815 1584 piorum
2847 1517 3177 1585 parentum,
3220 1515 3319 1586 qui
3370 1515 3677 1572 facultates
3726 1533 3866 1572 suas

2212 1601 2574 1672 pauperibus
2604 1602 2930 1674 erogandas
2962 1602 3335 1676 reliquerant,
3353 1608 3644 1661 extremas
3668 1604 3867 1661 volun-

2212 1694 2361 1745 tates
2393 1695 2826 1761 exsequeretur.
2861 1691 3236 1758 Quinimo,ne
3265 1692 3324 1747 in
3359 1694 3700 1767 episcopatu
3731 1695 3863 1766 qui-

2213 1777 2344 1833 dem
2378 1780 2576 1833 minus
2606 1794 2830 1851 pauper
2854 1780 3095 1835 exstitit.
3124 1781 3332 1836 Factus
3354 1781 3716 1838 Sasimorum
3744 1783 3869 1855 epi-

2212 1882 2571 1938 scopus,nec
2595 1884 2803 1939 panem
2846 1869 3083 1940 quidem
3108 1869 3321 1925 habere
3352 1887 3414 1926 se
3445 1871 3528 1925 ait
3557 1870 3660 1943 (h),
3692 1888 3864 1943 quem

428 1933 590 2003 fragii
626 1932 996 2003 periculum,
1022 1932 1120 1987 sed
1146 1936 1276 2002 post
1306 1930 1596 1986 alternum
1625 1932 1754 1987 vitae
1783 1933 2089 1988 discrimen

2214 1930 2685 2027 bospitivoﬂ'er-at,
2718 1930 3058 2028 μήδ’-ἄρτον
3104 1952 3239 2028 ἕξων
3268 1961 3347 2029 τῷ
3381 1955 3515 2031 ξένῳ
3556 1930 3864 2016 smul-aiam.

436 2038 465 2075 a
495 2026 659 2076 terrze
708 2027 905 2076 motu.
938 2042 963 2072 ιι
1002 2020 1157 2075 Idem
1194 2020 1634 2092 Papebrochius
1662 2021 1754 2092 (ε),
1789 2022 1848 2076 in
1880 2038 2098 2093 appen-

433 2112 555 2165 dice
586 2112 658 2165 ad
693 2110 861 2165 diem
897 2126 1113 2165 nonam
1147 2110 1302 2177 Maii,
1328 2109 1496 2181 ﬁngit
1534 2109 1879 2182 Gregorium
1924 2111 2098 2167 Athe-

426 2202 520 2256 nis
569 2200 917 2255 excurrisse
966 2198 1348 2270 Antiochiam,
1380 2204 1445 2253 ut
1495 2200 1801 2254 Libanium
1847 2202 2098 2272 audiret,

423 2307 615 2361 eaque
668 2289 987 2344 occasione
1027 2288 1311 2343 Nazianzo
1343 2289 1453 2342 iter
1480 2288 1760 2344 habuisse
1806 2294 1872 2345 ut
1900 2306 2099 2346 susce-

422 2384 594 2450 ptum
615 2377 1245 2450 patrizeepiscopatum
1267 2375 1415 2449 patri
1427 2377 2100 2450 gratularetur,ejusque

432 2469 710 2521 manibus
746 2467 1108 2535 baptismum
1133 2467 1483 2535 suscepisse,
1500 2467 1675 2537 atque
1696 2469 1907 2523 iterum
1934 2470 2101 2524 Athe-

441 2573 553 2609 nas
600 2572 663 2610 se
705 2555 1052 2610 contulisse.
1111 2555 1218 2608 Sed
1262 2554 1543 2626 ﬁgmenta
1591 2556 1715 2611 haec
1760 2562 1918 2623 sunt,
1972 2574 2097 2629 quas

444 2645 611 2698 nullo
642 2646 868 2715 penitus
903 2645 1173 2697 nituntur
1198 2644 1601 2709 fundamento,
1630 2646 1905 2701 Praeterea
1926 2647 2097 2701 Liba-

438 2733 576 2787 nius
606 2733 971 2787 Anthiochiae
1003 2749 1117 2787 non
1152 2731 1263 2785 nisi
1312 2738 1444 2803 post
1487 2751 1707 2788 annum
1739 2734 1834 2789 351
1876 2735 2096 2791 docuit.

434 2824 641 2893 Itaque
682 2823 961 2876 standum
1013 2825 1121 2888 est,
1176 2826 1239 2874 ut
1295 2821 1464 2875 nobis
1522 2822 1772 2893 videtur,
1834 2823 2095 2895 Gregorii

435 2912 759 2983 presbyteri
817 2910 1139 2978 sententiae,
1188 2909 1287 2980 qui
1346 2909 1551 2965 scribit
1609 2913 1691 2979 (ά)
1751 2910 2093 2983 Gregorium

438 3006 703 3055 nostrum
742 2998 939 3070 patriae
972 3000 1331 3063 restitutum,
1368 2998 1623 3069 primum
1679 3000 1875 3055 divino
1904 3002 2093 3073 bapti-

440 3094 621 3144 smate
649 3089 923 3153 tinctum,
948 3087 1000 3140 vi
1033 3092 1089 3142 et
1132 3087 1401 3142 facultate
1424 3088 1550 3159 jam
1608 3093 1743 3144 ante
1784 3089 2094 3146 collustra-

437 3182 579 3233 tum.

465 3266 609 3322 LIV.
640 3268 938 3336 Nunquam
955 3265 1198 3337 jurandi
1227 3266 1404 3338 legem
1431 3267 1541 3321 sibi
1570 3267 1764 3323 indicit
1781 3276 1833 3323 et
1850 3276 2048 3324 servat.

500 3357 658 3411 Tum
693 3354 807 3409 sibi
856 3354 1037 3425 legem
1089 3371 1392 3424 nunquam
1435 3356 1698 3425 jurandi,
1731 3359 1991 3428 quandiu
2027 3358 2085 3414 in

424 3446 543 3500 bac
571 3445 696 3497 vita
726 3450 1073 3505 versaretur,
1109 3459 1286 3514 quam
1334 3443 1510 3498 etiam
1550 3462 1739 3515 usque
1786 3448 1858 3500 ad
1897 3453 2087 3502 extre-

427 3550 598 3588 mum
634 3533 793 3587 diem
826 3531 1090 3599 servavit,
1122 3532 1349 3587 indixit.
1399 3537 1545 3587 Tum
1595 3535 1707 3589 sibi
1748 3535 2085 3607 consulens,

431 3623 548 3677 Deo
581 3639 645 3677 se
679 3620 913 3683 obtulit,
948 3627 1010 3673 ut
1040 3638 1071 3673 a
1106 3620 1322 3675 mundo
1345 3622 1671 3691 sejunctus,
1715 3640 1849 3678 cum
1889 3641 1955 3680 eo
1985 3625 2083 3696 qui

439 3711 602 3766 solus
635 3709 996 3782 purissimus
1029 3716 1119 3763 est
1156 3708 1283 3763 vitae
1306 3711 1732 3765 consuetudine
1755 3712 2087 3784 jugeretur,

428 3806 606 3871 atque
638 3815 710 3854 ex
760 3814 1059 3853 sacrorum
1093 3797 1372 3853 librorum
1406 3798 1681 3854 familiari
1715 3799 1959 3856 lectione
1994 3820 2085 3858 ve-

430 3890 626 3944 ritatis
661 3886 1033 3959 splendorem
1084 3885 1367 3955 hauriret,
1415 3889 1569 3958 quod
1617 3888 1791 3944 etiam
1828 3906 1929 3961 per
1960 3908 2085 3947 om-

430 3996 566 4033 nem
614 3978 793 4031 vitam
846 3976 1031 4030 facere
1080 3992 1193 4029 non
1237 3976 1478 4031 destitit.
1521 3999 1549 4026 ‹‹
1581 3978 1909 4034 monachus
1956 3996 2086 4036 esse

432 4067 622 4138 potius
657 4066 897 4135 habens,
933 4087 960 4112 »
992 4064 1183 4135 inquit
1211 4066 1338 4135 ejus
1368 4065 1512 4119 Vitae
1544 4068 1814 4138 scriptor,
1850 4090 1877 4117 «
1907 4085 2081 4139 quam

434 4156 797 4221 mundanus,
827 4158 885 4208 et
943 4170 1163 4225 pauper
1200 4171 1376 4225 quam
1409 4155 1821 4226 quastuarius.
1863 4178 1892 4206 »
1920 4158 2083 4214 Tunc

425 4244 501 4309 ei,
536 4245 633 4316 qui
669 4258 805 4298 eum
852 4241 911 4296 in
944 4246 1158 4297 sortem
1200 4243 1424 4315 accepit
1462 4248 1518 4298 et
1565 4246 1833 4310 servavit,
1886 4247 2086 4302 omnia

420 4335 578 4389 dono
610 4332 795 4397 dedit,
826 4347 985 4403 opes,
1024 4330 1419 4402 splendorem,
1460 4336 1570 4389 etc.
1623 4354 1645 4383 ι
1681 4334 1827 4389 Nam
1860 4336 2083 4392 ceteris

418 4425 479 4477 in
533 4422 738 4488 rebus,
798 4420 989 4491 inquit
1035 4419 1127 4491 (e),
1179 4437 1271 4475 me
1320 4420 1525 4492 quovis
1585 4421 1823 4478 homine
1854 4425 2083 4494 segnio-

422 4527 544 4567 rem
578 4527 647 4565 ac
666 4509 1094 4581 languidiorem
1119 4524 1246 4564 esse
1268 4525 1380 4565 non
1404 4509 1654 4577 inﬁcior,
1674 4528 1907 4567 omnem
1924 4513 2081 4569 enim

426 4600 809 4670 cupiditatem
853 4597 1059 4667 abjeci,
1093 4613 1162 4651 ex
1192 4614 1307 4668 quo
1339 4598 1568 4654 Christo
1615 4616 1826 4654 nomen
1861 4601 2017 4667 dedi,
2050 4625 2074 4655 ι

2208 2044 2409 2117 Neque
2449 2044 2624 2100 ditior
2653 2046 2762 2100 fuit
2791 2046 3312 2119 Constantinopoli.
3338 2070 3365 2099 «
3390 2048 3695 2119 Pecunias,
3718 2072 3746 2100 »
3778 2050 3867 2106 in-

2210 2134 2338 2204 quit
2377 2134 2464 2206 (i),
2515 2156 2542 2184 «
2576 2134 2866 2206 eripient?
2922 2135 2980 2191 Si
3028 2151 3190 2191 meas
3221 2138 3482 2209 quidem,
3516 2138 3627 2209 ipsi
3661 2139 3867 2195 eadem

2208 2239 2385 2293 opera
2415 2239 2638 2294 pennas
2669 2222 2869 2293 etiam,
2902 2224 3120 2296 quibus
3152 2224 3395 2282 minime
3433 2225 3676 2282 indutus
3708 2244 3866 2296 sum,

2210 2311 2577 2367 abscindant.
2612 2336 2634 2364 ι
2676 2313 2734 2367 In
2770 2313 3055 2384 carmine,
3077 2328 3189 2384 quo
3212 2313 3515 2371 Julianum
3538 2319 3870 2387 exaequato-

2208 2416 2330 2455 rem
2364 2405 2549 2473 rogat,
2583 2406 2646 2456 ut
2678 2418 2797 2457 rem
2832 2402 3181 2458 familiarem
3215 2404 3602 2477 vectigalibus
3625 2405 3863 2473 eximat,

2210 2490 2366 2562 ait(j)
2385 2507 2524 2545 suas
2547 2508 2608 2546 se
2630 2506 2771 2563 opes
2799 2493 3177 2564 pauperibus,
3210 2494 3406 2550 studio
3442 2495 3692 2551 ferendae
3732 2511 3865 2550 cru-

2208 2578 2314 2647 cis,
2336 2596 2630 2651 erogasse,
2656 2596 2871 2651 easque
2901 2597 3275 2637 communem
3306 2582 3718 2654 navigantibus
3739 2600 3869 2655 por-

2206 2673 2332 2723 tum
2364 2685 2512 2739 esse,
2546 2685 2859 2724 commune
2889 2669 3292 2741 indigentibus
3326 2670 3630 2726 auxilium.
3654 2671 3781 2725 Alio
3804 2671 3864 2727 in

2207 2758 2467 2814 carmine
2497 2757 2572 2829 (lc)
2606 2774 2666 2813 se
2700 2758 2823 2830 ipse
2866 2757 3235 2829 interrogans
3279 2758 3377 2813 ubi
3412 2759 3532 2814 sint
3574 2776 3738 2830 opes,
3767 2776 3866 2816 re-

2206 2848 2457 2919 spondet
2484 2863 2497 2903 :
2523 2870 2549 2897 ‹‹
2567 2848 2794 2903 Partem
2826 2849 2973 2903 Deus
2995 2847 3192 2915 habet,
3219 2853 3446 2919 partem
3475 2849 3717 2903 alteram
3746 2865 3865 2905 sce-

2204 2935 2428 2991 leratus
2461 2936 2605 2991 livor
2627 2935 2938 3008 rapacibus
2961 2936 3236 2992 manibus
3269 2936 3567 2992 tradidit.»
3589 2937 3863 2994 Scribens

2206 3026 2393 3080 amico
2423 3025 2521 3096 qui
2558 3024 2870 3080 nonnullos
2900 3024 2971 3080 ab
3003 3041 3070 3080 eo
3119 3025 3301 3081 libros
3350 3031 3717 3098 poposcerat,
3769 3026 3864 3083 bis

2203 3132 2338 3171 eum
2374 3115 2567 3171 verbis
2600 3113 2922 3186 alloquitur
2953 3114 3013 3184 ll)
3049 3130 3061 3169 :
3100 3135 3128 3164 «
3164 3115 3325 3180 Quod
3379 3114 3428 3171 si
3476 3114 3585 3171 tibi
3632 3114 3865 3171 videtur

2204 3205 2448 3261 minime
2478 3203 2951 3277 philosophicum
2984 3220 3113 3259 esse
3144 3203 3426 3260 librorum
3461 3205 3716 3276 pretium
3749 3222 3858 3278 po-

2120 3306 2162 3373 C
2204 3294 2439 3362 stulare,
2475 3298 2537 3348 tu
2563 3293 2705 3347 mihi
2741 3292 3050 3364 pecuniam
3092 3293 3269 3360 solve,
3321 3293 3709 3364 objectionem
3756 3311 3858 3350 au-

2199 3389 2316 3440 tem
2351 3386 2515 3439 tuam
2549 3382 2774 3437 solvent
2802 3398 3107 3452 pauperes.
3140 3402 3165 3432 ι
3205 3384 3338 3447 Quae
3372 3383 3609 3455 quidem
3660 3383 3861 3438 omnia

2198 3472 2543 3546 Gregorium
2576 3470 2853 3527 omnibus
2881 3487 2945 3527 se
2977 3470 3352 3527 facultatibus
3382 3471 3857 3544 exuisseliquido

2198 3564 2621 3619 demonstrant.

2199 3660 2512 3715 LVI-LVII.
2549 3659 2767 3723 Omnia,
2804 3658 3023 3713 litteras
3064 3673 3293 3730 quoque,
3355 3658 3567 3715 Christo
3601 3657 3844 3730 dimisit.

2268 3732 2392 3786 Alia
2422 3747 2586 3795 vana,
2621 3730 2741 3783 alia
2772 3734 2850 3783 est
2879 3731 3036 3783 utilis
3063 3727 3393 3799 eloquentia,
3425 3727 3650 3799 famula
3676 3731 3845 3785 verbi.

2271 3808 2427 3857 Hanc
2450 3802 2558 3856 sibi
2584 3805 2633 3854 et
2661 3802 2861 3854 amicis
2890 3804 3106 3870 exoptat
3138 3802 3447 3868 Gregorius.
3486 3805 3642 3855 Hanc
3669 3802 3845 3857 solam

2265 3874 2658 3943 complectitur:
2679 3873 2781 3926 hac
2808 3887 2973 3942 quam
2996 3872 3240 3926 maxime
3264 3871 3582 3926 delectatur.

2266 3978 2421 4034 Nihil
2453 3978 2608 4033 enim
2641 3977 2749 4031 sibi
2782 3993 2851 4032 ex
2879 3976 3156 4032 omnibus
3200 3977 3450 4032 servavit
3480 3981 3690 4049 praeter
3729 3978 3851 4035 elo-

2196 4067 2519 4139 quentiam,
2565 4082 2742 4138 quam
2773 4070 2936 4121 tanto
2970 4066 3187 4136 labore,
3233 4067 3560 4138 peragratis
3579 4066 3849 4138 pluribus

2194 4156 2447 4213 Orientis
2466 4160 2641 4226 atque
2658 4154 2987 4210 Occidentis
3010 4154 3228 4227 regioni
3238 4155 3799 4224 buscomparaverat
3829 4174 3844 4213 :

2194 4268 2224 4295 «
2259 4245 2446 4300 Unum
2498 4244 2641 4298 mihi
2696 4243 2754 4297 in
2788 4244 3090 4298 amoribus
3149 4244 3276 4307 fuit,
3309 4245 3504 4315 inquit
3531 4245 3654 4315 (m),
3685 4244 3845 4302 litte-

2193 4350 2389 4388 rarum
2425 4333 2625 4398 decus,
2677 4348 2824 4402 quas
2873 4332 3018 4386 mihi
3072 4338 3493 4403 compararunt
3538 4333 3741 4389 Oriens
3788 4339 3849 4390 et

2192 4422 2498 4487 Occidens,
2529 4425 2587 4475 et
2629 4420 2858 4476 Gracia
2898 4426 3331 4487 ornamentum,
3366 4423 3624 4478 Athenas.
3658 4425 3719 4479 In
3751 4423 3846 4479 his

2192 4512 2291 4567 diu
2327 4513 2696 4579 multumque
2718 4509 2996 4576 laboravi;
3020 4510 3122 4564 sed
3154 4515 3213 4565 et
3241 4510 3372 4565 illas
3396 4528 3611 4581 pronas
3649 4528 3845 4567 coram

2191 4600 2420 4655 Christo
2435 4598 2663 4664 demisi,
2693 4597 2976 4667 humique
3008 4597 3187 4667 afﬁxi,
3211 4599 3483 4654 cedentes
3501 4616 3714 4672 magno
3744 4601 3843 4656 Dei

423 4687 515 4764 ἀφ’
571 4687 633 4741 οὗ
696 4688 911 4760 Χριστῷ
961 4684 1368 4756 «marcidum;
1425 4704 1611 4759 neque
1682 4704 1750 4743 ex
1803 4674 2157 4746 omnibusD
2192 4690 2402 4752 Verbo,
2446 4688 2598 4759 quod
2646 4703 2879 4743 omnem
2937 4686 3210 4742 humanae
3257 4689 3472 4743 mentis
3511 4689 3739 4744 varium
3791 4697 3850 4745 et

422 4780 623 4843 rebus,
658 4794 789 4848 quae
832 4775 960 4831 aliis
1003 4776 1284 4847 jucundze
1322 4782 1378 4830 et
1402 4779 1734 4849 expetenda;
1766 4779 1947 4834 videri
1978 4797 2078 4835 so-

419 4867 564 4932 lent,
596 4866 719 4921 ulla
748 4870 965 4933 teneor,
1000 4882 1115 4919 non
1149 4864 1381 4935 opibus,
1418 4887 1444 4913 »
1487 4873 1593 4920 etc.
1658 4865 1916 4922 Plurima
1965 4870 2080 4925 alia

422 4956 511 5011 fas
542 4955 637 5009 hic
671 4969 801 5009 esse
833 4954 1040 5008 referre
1072 4953 1142 5007 de
1172 4952 1289 5007 vita
1320 4954 1619 5024 gestisque
1657 4957 1916 5028 Gregorii
1951 4965 2081 5029 post

421 5047 769 5115 susceptum
828 5041 1149 5113 baptisma,
1207 5041 1379 5111 cujus
1449 5042 1636 5113 gratia
1702 5060 1768 5098 eo
1847 5045 2080 5101 uberior

421 5134 531 5189 fuit
554 5132 640 5204 (l),
665 5130 819 5204 quod
852 5129 1030 5185 simul
1063 5145 1124 5184 se
1154 5128 1414 5185 asceticae
1443 5131 1570 5186 vitae
1618 5134 1975 5189 consecrarit
2024 5142 2080 5191 et

490 5332 567 5439 s22
596 5327 1108 5439 20.9.2.9
1141 5326 1263 5394 πει
1443 5329 1493 5384 ί·

489 5400 567 5476 (b)
596 5405 631 5459 9
659 5402 811 5474 Maii,
847 5400 1063 5476 p._3_.79_.

487 5470 557 5547 (ei
582 5477 745 5532 Tom.
784 5470 884 5533 νιί
915 5471 1078 5539 Maii,
1111 5487 1169 5541 p.
1202 5470 1326 5540 659,
1358 5471 1467 5527 col.
1505 5473 1530 5527 1
1566 5479 1623 5529 et
1651 5476 1709 5529 2.

507 5551 569 5621 τί)
600 5552 697 5607 Vit.
731 5568 789 5624 p.
823 5548 883 5602 8.

507 5556 569 5621 αι)
600 5556 697 5607 Vit.
731 5568 789 5624 p.
823 5556 883 5602 δ.

480 5556 548 5697 ἐι)
578 5624 670 5682 0r.
704 5616 998 5697 Ἅμα-ξε

464 5687 535 5774 ('0'
560 5698 757 5774 om.
782 5687 1043 5774 'ngita
1068 5700 1197 5774 iung,
1224 5700 1279 5743 v.
1310 5687 1435 5745 270.

450 5756 524 5859 ᾤ)
554 5772 714 5848 Τωη
748 5774 793 5829 ι.
826 5761 933 5835 Ix,
974 5775 1034 5834 p.
1068 5756 1199 5819 337.

2190 4775 2530 4833 mutabilem
2562 4790 2892 4831 sermonem
2926 4773 3096 4847 longe
3129 4780 3387 4846 superat.
3414 4798 3442 4825 ››
3468 4780 3683 4832 Caetera
3716 4779 3845 4848 qui-

2189 4869 2320 4921 dem
2353 4864 2551 4921 omnia
2595 4863 2928 4919 volentibus
2960 4862 3213 4934 reliquit,
3263 4880 3425 4935 opes,
3457 4865 3687 4939 generis
3740 4884 3844 4922 no-

2189 4955 2499 5021 bilitatem,
2532 4952 2802 5027 gloriam,
2825 4956 2960 5018 etc.;
2985 4952 3448 5025 ateloquentiam
3474 4953 3657 5011 solam
3682 4972 3844 5011 com-

2189 5044 2390 5115 plexus
2418 5046 2525 5111 est,
2561 5059 2666 5097 nec
2709 5042 2992 5115 suscepti,
3026 5046 3091 5096 ut
3139 5058 3264 5097 eam
3301 5042 3413 5097 sibi
3453 5050 3842 5117 compararet,

2190 5133 2408 5189 laboris
2458 5147 2591 5188 eum
2641 5146 2904 5203 unquam
2955 5130 3242 5203 pcenituit.
3300 5130 3374 5187 Ut
3419 5133 3577 5189 enim
3607 5150 3758 5190 vana
3786 5140 3844 5191 et

2259 5328 2342 5401 (Ιι)
2373 5329 2563 5401 Carm.
2597 5327 2671 5383 De
2704 5327 2823 5401 Vita
2849 5341 2973 5396 sua,
3002 5340 3057 5380 v.
3090 5325 3215 5381 470.

2258 5399 2331 5471 (ἱ)
2354 5401 2452 5455 Or.
2482 5400 2576 5465 26,
2606 5415 2665 5471 n.
2704 5399 2787 5454 16.

2353 5472 2545 5550 Carm.
2578 5470 2654 5550 al_.
2685 5471 2774 5550 4A9,
2806 5468 2878 5550 ad
2907 5466 3101 5550 Julian

2280 5540 2332 5613 It)
2364 5548 2552 5601 Carm.
2586 5542 2660 5597 al.
2683 5542 2749 5613 _8.
2782 5540 2850 5594 ad
2887 5540 3172 5611 seipsum.

2255 5610 2322 5687 (1)
2492 5613 2567 5670 al.
2600 5610 2724 5669 199.
2939 5681 2952 5694 _
2978 5610 2993 5611 ί

2255 5687 2358 5760 (m)
2434 5703 2577 5743 arm.
2610 5685 2684 5742 De
2710 5684 2828 5740 reb.
2857 5697 2998 5756 suis,
3026 5698 3080 5741 v.
3110 5680 3183 5741 98
3206 5686 3265 5743 et
3293 5701 3421 5767 seq.
