4100 6470
407 503 415 509 ’
496 520 609 575 475
1838 516 2011 572 Vl'l‘A
2062 515 2127 574 s.
2176 515 2571 575 Giinconll.
3713 546 3798 609 ne

492 651 725 706 inutilis
756 655 845 707 est
875 650 1227 724 eloquentia,
1262 668 1387 722 quae
1412 651 1469 704 in
1500 648 1691 737 verbis
1713 648 1995 737 duntaxat
2029 648 2140 737 sita
2167 651 2223 715 Α
2257 654 2313 737 et
2345 650 2520 705 vitam
2555 653 2877 710 solitariam
2930 667 3142 733 ageret,
3181 668 3237 719 et
3265 670 3571 737 parentibus
3606 675 3803 737 debitam

488 745 596 806 est,
630 757 804 810 quam
842 745 1187 811 aspernatur
1217 744 1269 794 et
1292 736 1889 829 damnatGrcgorius;
1923 735 2004 829 sic
2030 734 2142 790 alia
2252 736 2593 829 charitatem
2657 748 2852 811 posset
2897 748 3201 821 exhibere;
3255 734 3317 809 ac
3376 734 3801 829 praeterea'datani

485 835 574 884 est
595 829 763 899 cujus
789 829 1105 883 utilitatem
1131 827 1416 901 agnoscit,
1447 830 1499 881 et
1519 824 1913 913 patrocinium
1934 824 2138 913 adver-
2251 825 2423 881 ﬁdem
2461 827 2673 885 Basilio
2694 841 2969 902 servaret,
2991 854 3162 909 quem
3191 845 3326 899 utin
3347 824 3480 903 hanc
3500 824 3804 913 solitudinem

485 934 590 974 ns
618 916 919 973 Julianum
953 915 1220 987 suscipit,
1253 932 1424 987 quem
1459 914 1517 968 in
1550 912 1712 1003 nulla
1732 930 1793 1003 re
1824 912 2136 985 magisini-
2248 931 2310 970 se
2342 918 2627 973 conferret
2648 920 2860 977 litteris
2887 925 3169 985 invitavit.
3207 932 3347 988 Illud
3373 938 3567 994 venisse
3585 912 3802 1003 Basiliam

484 1023 670 1078 quum
701 1010 759 1061 et
788 1006 1132 1061 sceleratum
1174 1021 1235 1060 se
1266 1004 1583 1075 praebuisse
1613 1002 1923 1091 existimat,
1957 1017 2133 1091 quam
2245 1005 2560 1061 verisimile
2596 1014 2704 1074 est,
2739 1015 3006 1082 quamvis
3038 1016 3242 1089 longas
3275 1040 3385 1078 non
3416 1002 3805 1091 duxerit‘moras.

487 1112 620 1151 cum
654 1110 952 1151 sermones
983 1095 1204 1166 eripere
1225 1093 1572 1148 Christianis
1614 1090 1876 1146 tentavit.
1912 1090 2135 1191 «.Unde
2244 1092 2413 1149 Novae
2443 1096 2717 1153 editionis
2748 1102 3130 1173 epistolarum
3150 1110 3347 1166 Basilii
3376 1121 3556 1171 auctor
3579 1124 3790 1191 agnoscit

483 1185 683 1255 igitur,
736 1205 762 1234 η
813 1184 1006 1255 inquit
1048 1183 1349 1238 Julianum
1408 1180 1839 1252 alloquenua),
1879 1198 1901 1227 α
1956 1178 2132 1235 homo
2242 1183 2430 1253 primo
2454 1168 2815 1244 Basiliumin
2839 1192 3174 1251 Tiberinum
3200 1168 3805 1280 reciperesesevtoliiisse‘:

481 1274 747 1328 omnium
781 1271 1093 1339 levissime,
1128 1271 1236 1327 hoc
1288 1270 1394 1325 tibi
1429 1270 1486 1324 in
1538 1274 1793 1323 mentem
1835 1268 2014 1338 venit,
2067 1273 2132 1322 ut
2241 1273 2395 1341 quod
2432 1274 2522 1329 his
2552 1276 2718 1347 epist.
2772 1279 2837 1333 14
2880 1284 3074 1339 verbis
3124 1268 3444 1347 comfirmat
3486 1295 3585 1367 (d):
3617 1319 3641 1345 «
3683 1268 3809 1356 Nam;

479 1378 778 1417 sermones
816 1360 1163 1415 Christianis
1203 1359 1497 1430 eriperes?
1532 1380 1560 1407 n
1592 1358 1683 1412 Sic
1736 1356 2128 1460 Christianam
2238 1359 2421 1432 igitur
2452 1363 2753 1437 intelligis,
2783 1384 2898 1439 quo
2927 1387 3031 1443 ego
3066 1375 3309 1445 periculi
3359 1356 3554 1439 stultus
3591 1389 3811 1460 venerim,

475 1450 870 1523 eloquentiam
904 1454 1103 1505 tuetur
1145 1453 1349 1505 contra
1395 1449 1764 1519 Apostatam;
1813 1446 1962 1501 hanc
2015 1444 2127 1501 sibi
2238 1449 2337 1521 qui
2373 1449 2567 1507 locum
2601 1455 2891 1525 ejusmodi
2926 1444 3381 1537 cumiTiberina,
3411 1472 3554 1529 orbis
3582 1444 3811 1533 terrarum

475 1544 530 1596 et
559 1540 764 1595 amicis
796 1543 1030 1611 exeptat
1064 1557 1076 1593 :
1111 1560 1139 1589 ‹‹
1172 1538 1246 1606 (b)
1287 1539 1472 1609 Atque
1501 1537 1726 1592 unitam
1769 1536 1937 1601 mihi,
1980 1535 2124 1591 ami-
2236 1538 2533 1610 barathro,
2570 1550 2931 1605 commutare
2961 1535 3383 1613 contenderim.
3421 1582 3446 1609 ››

472 1629 674 1700 eisque
704 1627 851 1683 meis
874 1625 1828 1739 sermonumroburadsit!nHane
1856 1624 2038 1681 solam
2056 1641 2125 1739 Ise
2235 1645 2515 1703 LXIX”.
2568 1650 2717 1705 Nihil
2764 1654 2947 1710 nimus
2995 1672 3110 1712 ϐεδε
3155 1661 3443 1719 videbatur
3488 1666 3736 1739 Gregorius
3773 1673 3816 1727 in

478 1717 776 1739 _____l-_12
829 1721 1025 1739 -_1__L-
1084 1715 1241 1739 --..ι.ε
1290 1716 1445 1739 l‘--.--
1479 1732 1567 1739 -..Α
1629 1731 1732 1739 ..-Α
1764 1731 2023 1739 ...η-...ωι
2076 1715 2089 1739 ζ
2312 1719 2458 1739 ,1---ΑΑ
2517 1737 2567 1739 μί
2590 1726 2604 1739 1
3128 1730 3137 1739 .
3256 1737 3264 1739 -

474 1717 800 1789 complecti,
829 1721 1029 1789 utpote
1084 1715 1244 1806 verbi
1290 1714 1593 1781 famulam,
1629 1731 1734 1806 nec
1764 1731 2027 1806 unquam
2051 1714 2123 1769 li-
2303 1719 2460 1806 domo
2488 1726 2761 1806 [pater-ria,
2795 1741 2958 1806 quam
2997 1714 3269 1806 quadret:
3290 1714 3817 1806 tingui;

468 1805 678 1861 benter
733 1806 1135 1878 neglecturum
1187 1805 1338 1860 hanc
1390 1805 1825 1876 possessionem
1866 1805 2117 1871 fatetur;

471 1894 614 1965 quin
646 1894 840 1966 potius
874 1910 1003 1949 eam
1036 1900 1093 1949 et
1129 1893 1316 1949 colere
1346 1898 1403 1948 et
1426 1893 1772 1960 exosculari,
1806 1895 2118 1963 majorem-

470 1999 585 2053 que
616 2000 685 2038 ex
723 1998 791 2038 ea
827 1983 1189 2055 voluptatem
1242 1998 1466 2053 capere,
1515 1998 1692 2052 quam
1740 1999 1809 2037 ex
1842 1983 2117 2040 omnibus

466 2074 598 2127 aliis
630 2073 805 2127 rebus
835 2072 895 2127 in
929 2089 1113 2127 unum
1143 2071 1423 2139 collectis,
1454 2072 1670 2141 quibus
1700 2071 1965 2144 plerique
2021 2074 2115 2128 de-

463 2160 787 2217 lectantur:
811 2162 962 2217 hanc
992 2162 1105 2217 sibi
1135 2161 1317 2216 totius
1342 2161 1471 2215 vitae
1492 2160 1732 2231 sociam,
1768 2166 1833 2215 ut
1861 2161 2112 2233 probum

460 2249 859 2319 consiliarum,
893 2254 1067 2321 atque
1097 2266 1536 2321 congerronem,
1571 2254 1627 2303 et
1648 2249 1854 2305 ducem
1896 2250 1998 2305 viae
2029 2253 2111 2307 in-

460 2338 673 2394 coelum
705 2339 964 2407 ferentis,
989 2356 1055 2395 ac
1077 2342 1414 2411 promptum
1438 2336 1893 2394 commilitonem
1919 2340 2108 2395 adsci-

459 2444 638 2483 scere.
674 2429 744 2484 Et
762 2428 902 2500 quia
917 2427 1348 2499 jucunditatem
1374 2442 1609 2482 omnem
1633 2426 1795 2481 humi
1822 2427 1995 2483 sitam
2014 2446 2108 2484 as-

2297 1794 2463 1870 perz't_
2482 1792 2736 1870 Gregorio
2758 1792 2846 1850 rei
2872 1792 3177 1867 familiaris
3204 1792 3355 1861 cura.

2301 1866 2358 1915 ut
2390 1864 2463 1917 ad
2484 1880 2540 1918 se
2573 1869 2783 1936 veniat,
2825 1864 2887 1923 ul
2920 1875 3107 1928 omnia
3134 1877 3249 1932 sint
3278 1864 3597 1940 communiri.

2298 1958 2423 2023 Quo
2454 1976 2589 2033 ergo
2623 1967 2885 2036 tempore
2916 1968 3230 2042 Gregorius
3278 1979 3655 2037 eonfectorum
3682 1982 3819 2038 annis

2224 2053 2535 2119 parentum
2568 2068 2769 2109 curam
2800 2058 3002 2128 gessit,
3030 2060 3173 2116 nihil
3201 2064 3399 2123 minus
3430 2086 3551 2126 esse
3570 2070 3822 2127 videbatur

2224 2140 2585 2232 quamquod
2618 2142 2811 2232 reipsa
2842 2151 2983 2202 erat.
3018 2148 3158 2207 Pars
3190 2169 3444 2227 namque
3466 2159 3583 2229 ejus
3609 2159 3821 2232 philoso-

2226 2226 2375 2298 phiae
2408 2227 2527 2285 haec
2550 2230 2678 2302 fuit,
2708 2252 2735 2284 α
2768 2234 2835 2305 (e)
2866 2235 2991 2292 Non
3024 2240 3209 2298 videri
3231 2226 3520 2315 primariae
3556 2226 3673 2304 vita
3696 2249 3822 2304 labo-

2227 2330 2318 2371 res
2349 2317 2979 2397 exantlare,magisque
3002 2344 3130 2384 esse
3170 2348 3350 2401 quam
3374 2336 3552 2392 videri
3587 2343 3687 2394 Deo
3715 2338 3822 2392 ami-

2218 2420 2372 2459 cum.
2404 2407 2514 2461 Sed
2548 2410 2737 2478 major
2766 2428 2900 2467 eum
2948 2418 3181 2473 tenebat
3218 2425 3632 2482 monachorum
3677 2444 3829 2494 amor,

2217 2496 2455 2565 quamvi
2486 2496 2778 2554 videretur
2808 2501 2960 2558 inter
3004 2506 3224 2565 multos
3254 2514 3493 2569 versari.
3538 2538 3564 2566 ››
3595 2516 3695 2571 Nec
3742 2514 3825 2569 mi-

454 2518 832 2589 pernabatur,
865 2518 1058 2573 omnis
1088 2516 1250 2572 illius
1280 2532 1444 2572 amor
1496 2521 1627 2587 post
1658 2517 1842 2572 Deum
1889 2518 1948 2571 in
1988 2518 2106 2573 elo-
2217 2516 2376 2595 qua".

2217 2601 2330 2639 nus
2362 2590 2583 2641 interea
2624 2591 2969 2659 parentibus
3003 2612 3237 2653 omnem
3270 2601 3585 2660 exhibebat
3602 2604 3836 2660 sollicitu-

454 2609 758 2679 quentiam
794 2607 1193 2669 Christianam
1243 2608 1465 2661 elfusus
1498 2610 1605 2673 est,
1655 2605 1743 2660 vel
1775 2607 1972 2677 potius
2015 2606 2105 2662 in-

449 2702 633 2753 Deum
666 2714 914 2769 quoque,
942 2697 1422 2768 quandoquidem
1454 2696 1526 2751 ad
1557 2696 1741 2751 Deum
1772 2712 1923 2751 ‘cum
1974 2714 2108 2768 pru-

452 2787 653 2841 dentia
682 2788 853 2858 rapit,
887 2803 990 2858 per
1019 2802 1199 2856 quam
1230 2783 1406 2839 etiam
1436 2789 1588 2840 Deus
1610 2786 1835 2841 sincere
1857 2786 2103 2857 percipi-

448 2880 565 2942 tur,
589 2880 646 2929 et
674 2880 1075 2943 conservatur,
1106 2881 1280 2945 atque
1307 2874 1367 2929 in
1400 2875 1568 2929 nobis
1614 2874 1912 2932 adolescit.

453 2963 640 3020 LVlll.
671 2963 863 3021 Fidem
891 2963 1080 3038 datam
1110 2964 1380 3038 Περ-ποίῃ
1403 2963 1601 3038 fefellit
1632 2963 1919 3035 Gregorius
1949 2985 1967 3020 :
1999 2984 2102 3038 quo

815 3035 969 3090 modo
991 3034 1177 3090 datam
1204 3035 1412 3090 Basilio
1438 3034 1727 3106 fefellerit.

519 3125 628 3181 Sed
665 3141 779 3196 quo
819 3141 925 3179 nos
965 3125 1115 3196 rapit
1146 3124 1349 3190 oratio,
1385 3124 1456 3178 de
1505 3125 1764 3195 Gregorii
1814 3126 1997 3182 eﬂ‘uso
2039 3128 2099 3183 in

2217 2672 2436 2745 dinem,
2472 2692 2673 2731 eorum
2706 2685 3000 2737 senectam
3034 2684 3254 2756 fovens,
3289 2690 3441 2746 nihil
3495 2694 3669 2766 magis
3695 2692 3829 2764 pium

2217 2766 2379 2818 ratus
2394 2781 2567 2834 quam
2589 2767 2847 2837 primum
2869 2775 2999 2841 post
3021 2777 3199 2830 Deum
3218 2781 3567 2849 parentibus
3589 2782 3829 2838 honorem

2215 2855 2509 2922 praestare.
2543 2854 2965 2914 Verumtamen
3015 2863 3095 2917 rei
3147 2864 3461 2925 familiaris
3516 2887 3698 2927 curam
3736 2868 3828 2923 sibi

2213 2941 2500 3031 maximas
2535 2944 2748 3000 fatetur
2789 2948 3055 3005 attulisse
3088 2953 3416 3013 molestias.
3454 2982 3482 3010 α
3513 2961 3577 3031 (f)
3601 2960 3837 3013 Parentes

2214 3029 2445 3099 quidem
2480 3032 2795 3090 observans
2814 3042 2868 3090 et
2892 3038 3087 3095 fovens
3109 3041 3476 3117 laborantes,
3502 3029 3704 3120 spebus
3732 3046 3838 3102 ani-

2212 3135 2375 3173 mum
2408 3120 3007 3197 deliniebam,inquit,
3033 3135 3096 3182 ut
3125 3132 3420 3201 optimum
3440 3137 3659 3208 aliquid
3681 3137 3842 3192 adim-

441 3216 834 3286 eloquentiam
869 3229 1066 3269 amore
1096 3212 1478 3267 disserentes?
1509 3214 1592 3267 Ad
1638 3214 1834 3284 ipsum
1874 3216 2120 3287 Grogo-'
2211 3208 2397 3280 plens,
2427 3216 2484 3265 et
2514 3214 2787 3283 imposito
2835 3217 3087 3289 fungens
3119 3237 3151 3275 a
3180 3228 3399 3281 natura
3449 3228 3657 3283 officio.
3704 3229 3842 3280 Certo

445 3306 601 3359 rium
634 3310 1012 3371 revertamur,
1046 3319 1221 3374 quem
1253 3303 1500 3357 Athenis
1531 3304 1800 3358 reducem
1835 3305 1890 3358 in
1924 3307 2097 3365 domo
2211 3306 2442 3355 constat
2472 3302 2763 3360 harathris
2793 3308 3065 3363 refertam
3099 3326 3226 3367 esse
3257 3313 3677 3387 improborum
3691 3318 3838 3381 viam,

445 3386 689 3466 paterna
728 3392 1097 3463 reliquimus,
1131 3391 1326 3445 media
1373 3391 1737 3447 incedentem
1766 3394 1859 3448 via
1914 3412 2093 3465 quam
2125 3386 2167 3453 C
2208 3391 2687 3460 quandoquidem
2722 3394 2865 3448 mihi
2895 3397 3073 3452 etiam
3104 3416 3173 3454 ex
3198 3386 3367 3459 bonoﬁ
3392 3406 3618 3461 malum
3667 3405 3840 3461 evenit.

442 3484 676 3547 inierat,
702 3488 767 3537 ut
794 3482 973 3537 simul
1002 3482 1118 3536 voti
1150 3482 1548 3552 sponsionem,
1583 3498 1699 3552 qua
1726 3482 1840 3537 Deo
1873 3485 2095 3557 obliga-

2213 3477 2353 3532 Nam
2385 3480 2579 3534 multa:
2596 3498 2687 3537 me
2716 3487 2772 3536 et
2802 3484 3060 3541 molestae
3084 3487 3545 3563 sollicitudines,
3567 3513 3692 3568 qum
3716 3508 3848 3549 men-

446 3578 542 3627 tus
598 3577 746 3643 erat,
796 3570 1088 3641 impleret,
1119 3573 1177 3624 et
1234 3568 1437 3623 debitae
1496 3570 1837 3639 parentibus
1893 3574 2094 3644 pietati

2213 3572 2324 3621 tem
2358 3584 2424 3622 ac
2457 3570 2722 3625 membra
2752 3573 2845 3627 die
2870 3591 2935 3628 ae
2967 3581 3134 3632 nocte
3183 3580 3433 3654 rodunt,
3472 3600 3504 3640 e
3556 3585 3693 3640 coelo
3742 3581 3853 3637 ani-

441 3662 655 3717 faceret
684 3661 851 3731 satis,
884 3659 969 3715 sic
999 3658 1244 3730 agendo,
1277 3659 1574 3730 vitamque
1620 3659 1979 3718 instituendo
2029 3670 2093 3720 ut
2208 3672 2364 3710 mam
2395 3655 2455 3711 in
2476 3660 2972 3731 teI‘I‘ESdejiCiunt,
3000 3664 3259 3723 Primum
3285 3672 3538 3739 quidem
3566 3672 3743 3729 servis
3764 3672 3854 3725 im-

440 3750 690 3805 alterum
744 3747 913 3805 alteri
962 3764 1078 3803 non
1154 3751 1554 3819 postponeret,
1606 3748 1707 3803 sed
1760 3753 2090 3823 utrumque;
2204 3760 2407 3834 pertire
2438 3747 2609 3817 qnale
2640 3749 2794 3803 exitii
2830 3752 3002 3806 rete?
3040 3754 3141 3826 qui
3191 3761 3443 3816 acerbos
3496 3762 3732 3834 quidem
3772 3760 3861 3815 do-

442 3838 717 3911 expleret.
753 3836 951 3894 Basilii
983 3836 1221 3909 quidem
1262 3835 1513 3908 querelis
1553 3837 1913 3908 respondens
1958 3842 2093 3899 Gre-
2203 3833 2394 3889 minos
2444 3852 2674 3908 semper
2715 3839 2983 3911 Oderunt:
3034 3843 3162 3913 Ρίοε
3232 3853 3441 3905 alitem
3497 3833 3859 3922 iimPUdenter

441 3932 662 4002 gorius,
700 3932 913 3987 fatetur
941 3946 1002 3985 se
1033 3928 1339 4000 promissis
1372 3944 1486 3983 non
1519 3928 1777 3997 stetisse,
1810 3935 1867 3985 et
1912 3932 2086 3989 fidem
2198 3923 2580 3993 conculcant;
2616 3942 2722 3981 nec
2753 3928 2926 3984 malis
2957 3930 3315 4001 placidi,nec
3340 3938 3530 3996 bonis
3564 3938 3861 3996 dociles...

437 4018 736 4074 fefellisse.
761 4023 976 4073 Verum
1010 4016 1304 4088 promissa
1328 4015 1517 4070 haecet
1551 4016 1721 4071 ﬁdem
1755 4017 1951 4072 datam
1977 4018 2089 4074 Ba-
2202 4012 2415 4069 Deinde
2444 4031 2577 4070 VBPO
2608 4032 2726 4071 rem
2762 4016 3107 4075 familiarem
3124 4024 3582 4097 administrare,
3616 4035 3674 4084 et
3689 4028 3859 4081 Caesa-

434 4106 568 4161 silio
598 4106 893 4178 intelligit,
929 4106 1023 4160 cui
1056 4104 1291 4159 Athenis
1322 4120 1383 4159 se
1412 4120 1547 4159 eum
1578 4104 1707 4176 ipso
1738 4108 1796 4159 in
1819 4106 2085 4163 solitudi-
2195 4101 2275 4155 Pis
2326 4104 2558 4171 Ρθηάυε
2600 4104 2863 4160 humeris
2894 4124 3127 4179 semper
3165 4115 3501 4183 sustinere.
3539 4136 3608 4174 80
3664 4118 3865 4173 duram

430 4200 675 4265 nem,ut
704 4196 881 4251 vitam
916 4198 1114 4265 ageret
1152 4192 1497 4260 solitariam,
1533 4210 1896 4249 recessurum
1950 4214 2079 4268 pro-
2192 4191 2394 4246 audire
2426 4193 2709 4248 exaetoris
2734 4210 3000 4251 vocem...
3034 4201 3283 4255 Posthac
3321 4212 3544 4261 autem
3576 4207 3731 4261 circa
3761 4205 3863 4257 fre-

427 4282 687 4339 miserat.
713 4284 813 4338 His
836 4282 1166 4353 promissis,
1199 4282 1404 4351 utjam
1431 4287 1819 4337 memoratum
1842 4289 1931 4339 est
1960 4303 2075 4343 non
2188 4280 2418 4350 quentia
2448 4281 2555 4336 ΪοΓί
2603 4282 2948 4349 tumtutum:
2981 4291 3037 4340 et
3084 4289 3253 4344 εθάθε
3284 4293 3600 4365 θιαθὶδοοε,
3644 4290 3869 4350 miseris

2183 4366 2387 4424 litibus
2409 4368 2689 4426 sollicitos
2707 4372 2943 4441 versari,
2968 4378 3023 4429 et
3041 4392 3388 4435 sermonum
3418 4383 3864 4458 delitigantium

2181 4458 2425 4546 strepitu
2461 4458 2729 4529 obtundi,
2756 4478 2821 4515 ac
2866 4460 3063 4534 legum
3090 4464 3474 4527 volubilibus
3500 4472 3745 4546 laqueis
3762 4486 3874 4527 mo-

421 4565 547 4618 quw
578 4554 851 4621 parentes
881 4548 1067 4604 colere
1090 4549 1278 4619 jubet,
1314 4546 1499 4619 legem
1528 4548 1855 4606 sodalitatis
1886 4569 1953 4609 ac
1984 4554 2066 4609 fa-
2176 4545 2377 4601 lestias
2401 4547 2540 4618 pati;
2566 4547 2888 4621 ubipugnaa
2906 4554 2962 4605 et
2984 4551 3237 4621 labores,
3263 4574 3329 4613 ac
3368 4561 3567 4617 malis
3588 4545 3744 4635 "plus
3775 4560 3871 4614 tri-

417 4637 797 4696 miliaritatis.
835 4661 861 4688 ››
896 4638 1007 4694 Sed
1039 4638 1213 4693 ﬁdem
1244 4638 1442 4693 datam
1474 4636 1588 4693 Deo
1620 4638 1957 4697 nullatenus
1988 4644 2065 4699 fe-
2176 4636 2378 4690 buifUI‘
2410 4652 2585 4707 quam
2625 4637 2812 4703 bonis,
2839 4638 3071 4711 ipsique
3102 4641 3298 4716 legum
3323 4649 3567 4706 arbitri
3602 4651 3877 4723 utrisque

409 4727 577 4794 fellit,
610 4727 1033 4800 promissisque
1061 4727 1243 4796 stetit,
1274 4744 1400 4783 eam
1435 4727 1692 4799 primum
1722 4729 1781 4785 in
1837 4732 2061 4789 aedibus
2095 4753 2139 4817 ι)
2172 4724 2428 4817 γεξηθῐθε;
2453 4725 2834 4817 θιὶξηρτοῢυε
2866 4728 2915 4783 Si
2946 4730 3124 4786 ditior
3161 4734 3262 4804 sit,
3283 4735 3334 4791 is
3370 4740 3671 4809 optimus
3705 4744 3807 4796 est.
3844 4760 3871 4788 ι)

403 4820 663 4885 paternis
709 4818 883 4874 vitam
917 4818 1164 4889 agendo,
1184 4817 1436 4887 quamin
1454 4817 1768 4875 solitudine
1790 4827 2058 4877 acturum
2095 4811 2104 4817 ’

2213 4811 2333 4867 ηἱοθι
2385 4817 2507 4866 tota
2564 4812 2686 4867 haec
2739 4814 3000 4887 Gregorii
3045 4820 3194 4875 ratio
3251 4822 3310 4876 in
3380 4827 3535 4881 vitae
3565 4828 3876 4892 instituto,

401 4918 461 4957 se
494 4906 684 4961 fuerat
708 4906 1040 4977 pollicitus;
1091 4922 1156 4960 ac
1188 4905 1397 4959 deinde
1447 4907 1504 4959 in
1539 4922 1753 4978 eremo,
1788 4908 1845 4962 in
1879 4926 2056 4980 quam
2170 4901 2342 4956 Ῐεὶυάθ
2373 4906 2545 4973 atque
2603 4892 2989 4960 admiratione
3029 4908 3209 4979 digna
3254 4912 3584 4988 “deatur,
3646 4918 3878 4973 ἀυδίῒθῑ

396 4992 497 5045 ubi
534 4996 793 5063 primum
825 4995 990 5050 licuit
1019 5012 1082 5049 se
1112 4993 1345 5063 recepit.
2165 4995 2359 5044 tamen
2390 4990 2478 5043 vir
2510 4997 2749 5046 sanctus
2780 4992 2877 5062 (g),
2910 5010 2980 5047 an
3016 4995 3151 5051 hinc
3183 4998 3297 5053 sibi
3329 5005 3563 5060 omnis
3600 5006 3742 5061 vitae
3766 5002 3878 5059 dif—

582 5084 762 5159 lfitam,
792 5100 1006 5159 quoque,
1057 5084 1375 5159 solitariam
1422 5084 1597 5151 egisse
1645 5084 1960 5159 Gregorium
1992 5092 2054 5145 in
2162 5077 2371 5133 ﬁcum-‘3
2402 5080 2805 5152 asperitasque
2849 5080 3098 5152 ﬂuxerit:
3135 5102 3239 5156 Per
3270 5104 3481 5159 quam
3519 5095 3883 5151 incommo-

431 5152 705 5251 Tiberina,
743 5152 937 5226 iri—qua
958 5157 1129 5251 silum
1150 5156 1602 5251 Mutinensi-im,
1634 5152 1884 5213 redibile
1905 5171 2008 5216 est.
2160 5167 2300 5221 dum
2335 5183 2400 5221 ac
2430 5166 2790 5223 salebrosum
2823 5170 2891 5224 ad
2926 5152 3367 5245 philosophiam
3396 5180 3530 5237 iter
3563 5182 3881 5251 habuerit,

462 5240 611 5347 Quin
643 5244 821 5299 etiam
855 5242 1132 5343 credibile
1154 5242 1779 5347 est‘Cregori'um,cum
1802 5248 2044 5306 Athenis
2156 5270 2262 5310 nec
2284 5255 2571 5311 desiderio
2592 5273 2699 5312 suo
2722 5240 3019 5331 animique
3050 5240 3355 5335 proposito
3394 5272 3571 5329 satis
3592 5240 3888 5347 dignan

384 5328 444 5385 in
471 5331 623 5387 aedes
655 5337 929 5426 paternas
953 5330 1386 5426 rediisset,hine
1412 5331 1470 5386 in
1492 5332 1684 5389 Tiberi
1696 5351 1827 5390 nam
1853 5338 2039 5410 regio-
2153 5345 2339 5410 Quare
2368 5343 2581 5400 Basilio
2604 5345 2868 5403 scribens
2891 5328 3230 5419 objec—tan-ti,
3264 5359 3444 5426 quod

381 5434 519 5516 nem
552 5437 615 5477 se
645 5421 988 5516 contulisse,
1023 5422 1123 5477 ubi
1138 5421 1463 5516 Arianzum
1513 5438 1636 5516 rus,
1668 5425 1797 5495 ejus
1844 5427 2037 5484 natale
2148 5432 2207 5489 in
2239 5432 2619 5491 solitudinem
2650 5452 2779 5492 sese
2801 5453 2917 5493 non
2936 5421 3895 5516 recepissem—quemadmodum

375 5507 588 5579 solum,
623 5509 804 5567 situm
836 5516 961 5567 erat
990 5527 1107 5568 non
1138 5509 1309 5583 longe
1340 5526 1375 5566 a
1402 5509 1722 5584 Nazianzo;
1759 5516 1825 5573 ut
1852 5515 2031 5573 simul
2108 5560 2116 5569 .
2145 5524 2215 5580 ab
2267 5523 2511 5579 Athenis
2562 5541 2623 5580 se
2674 5525 2931 5584 facturos
2988 5507 3195 5589 mutuo
3244 5507 3891 5616 promiserant,“da-

466 5632 522 5698 ᾳ)
554 5626 650 5682 Or.
684 5628 737 5698 4,
772 5646 831 5684 n.
866 5628 990 5686 101.

464 5696 514 5837 ὸῖ
544 5696 729 5768 1ὺὶᾱ.,’
752 5717 808 5756 n.
849 5700 974 5756 400.

464 5784 488 5822 c
540 5769 640 5837 Ep.
675 5770 749 5827 al.
780 5772 834 5825 5.

460 5784 488 5822 ο

458 5839 491 5894 d

540 5769 640 5827 En.
675 5770 749 5827 al.
780 5772 834 5825 5.

494 5787 507 5837 )
541 5787 581 5824 is
626 5810 640 5826 .
675 5787 749 5827 a1.
780 5787 834 5825 ξ).

492 5840 513 5923 )
548 5787 663 5901 Vita
690 5843 889 5918 Basil.,
920 5858 977 5919 p.
1013 5842 1102 5901 46.

424 4371 609 4438 stetit,
634 4372 783 4427 hanc
805 4374 976 4427 tidem
1018 4370 1263 4426 fefellit:
1299 4393 1319 4419 α
1374 4374 1443 4440 (ο)
1477 4370 1642 4425 Haud
1676 4380 1883 4443 sponte
1908 4392 1974 4430 ac
2005 4376 2074 4429 li-

420 4458 646 4529 benter;
664 4463 763 4516 sed
793 4460 948 4532 quod
991 4459 1078 4515 lex
1107 4459 1293 4530 legem
1314 4459 1625 4531 superarit,
1659 4478 1727 4516 ea
1765 4462 2067 4521 nimirum.

2235 5639 2283 5711 εν)
2314 5639 2504 5711 Carm.
2539 5643 2617 5696 De
2640 5642 2756 5698 vita
2784 5658 2912 5711 sua,
2939 5661 2994 5701 ν.
3027 5646 3152 5703 323.

2229 5710 2278 5799 [λ
2306 5710 2510 5799 Carm;
2533 5712 2604 5768 De
2630 5713 2743 5799 νξρ.
2776 5710 2911 5791 suis,
2943 5733 2997 5776 v.
3031 5718 3137 5777 437
3165 5724 3223 5781 et
3253 5736 3397 5799 seq.

2227 5784 2281 5853 g)
2314 5781 2409 5840 0r.
2443 5784 2530 5853 43,
2561 5800 2617 5840 n.
2650 5786 2741 5844 25.
