4100 6458
376 369 487 429 ΠΤ

1842 377 2026 442 VITA
2077 377 2141 439 S.
2189 379 2586 443 GREGORII.

3811 384 3936 445 178

375 505 646 576 tamque
678 505 900 565 ﬁdem
942 510 1373 582 fefellisset,id
1400 512 1548 570 ultro
1580 512 1885 581 fatetur,ac
1916 511 2159 586 promit-
2191 516 2240 581 Α
2275 515 2579 587 agebatur,
2615 520 2671 572 et
2702 531 2880 589 quam
2908 514 3034 588 ipse
3064 514 3344 581 traduxit,
3392 531 3527 573 cum
3580 515 3747 589 panis
3778 517 3924 575 adeo

376 590 456 648 tit
489 594 815 671 deinceps
858 616 938 657 se
975 603 1179 659 ﬁdem
1229 609 1614 660 servaturum.
1670 625 1697 654 «
1726 604 1928 659 Fidem
1962 602 2154 672 fefelli,

387 685 602 756 inquit
635 688 750 757 (α).
809 732 824 744 .
882 733 899 746 .
959 734 974 746 .
1020 710 1149 748 non
1190 698 1383 749 autem
1416 709 1657 766 prorsus
1702 693 1924 759 fallam,
1968 692 2158 764 siqui-

402 776 543 829 dem
578 777 699 831 hoc
734 784 1022 849 gratum
1059 783 1178 837 tibi
1214 784 1475 838 futurum
1508 783 1839 858 est.Partim
1873 782 2029 838 enim
2054 798 2160 836 nos

414 870 618 921 tecum
644 867 1184 943 erimus,partim
1220 873 1344 943 ipse
1361 872 1668 927 nobiscum
1689 887 1817 927 esse
1839 888 2159 943 ne,quaeso,

438 956 719 1028 graveris,
758 964 833 1012 ut
870 961 1107 1015 omnia
1140 963 1261 1016 sint
1288 961 1708 1027 communia,et
1737 961 1974 1031 aequalis
2006 960 2159 1015 ami-

447 1046 594 1100 citia.
626 1046 727 1101 Sic
762 1049 949 1104 enim
992 1051 1199 1117 ﬁet,ut
1221 1068 1325 1106 nec
1357 1055 1627 1122 parentes
1660 1066 1906 1105 maerore
1939 1050 2156 1105 afﬁcia-

454 1154 606 1202 mus,
638 1141 695 1191 et
727 1141 791 1192 te
828 1138 1150 1195 fruamur.
1188 1162 1216 1189 »
1254 1140 1337 1195 Ita
1368 1140 1683 1213 Gregorius
1716 1140 1973 1195 amicum
2008 1138 2153 1194 invi-

460 1230 542 1281 tat
569 1230 635 1280 ut
658 1227 734 1281 ad
770 1244 839 1283 se
871 1227 1423 1294 veniat,scilicetin
1458 1228 1837 1285 solitudinem
1869 1228 2156 1283 Tiberinae

466 1316 741 1387 regionis,
778 1334 918 1389 quae
957 1335 1102 1373 cum
1159 1318 1442 1374 Nazianzo
1490 1318 1680 1374 vicina
1729 1321 1902 1389 esset,
1936 1317 1989 1371 id
2030 1334 2155 1373 mo—

475 1406 613 1461 leste
641 1422 756 1462 non
795 1406 1035 1462 ferrent
1070 1407 1587 1479 parentes,quibus
1619 1408 1792 1462 etiam
1820 1409 2015 1480 posset
2045 1406 2155 1462 sol-

484 1494 845 1551 licitudinem
882 1495 1328 1568 impendere,et
1358 1496 1535 1551 simul
1569 1513 1699 1551 cum
1734 1496 1920 1551 amico
1953 1496 2152 1551 solita-

496 1584 629 1638 riam
659 1584 838 1638 vitam
880 1600 1082 1655 agere,
1119 1588 1183 1639 ut
1231 1583 1524 1655 pollicitus
1579 1585 1783 1639 fuerat.
1818 1584 1943 1639 Non
1974 1583 2155 1655 igitur

489 1672 732 1727 Basilius
779 1674 1096 1744 Gregorio,
1152 1678 1216 1727 ut
1263 1674 1451 1729 visum
1518 1672 1891 1728 Bollandistis
1920 1673 2016 1744 (ὁ).
2050 1673 2151 1727 sed

488 1762 801 1832 Gregorius
834 1762 1059 1818 Basilio
1094 1763 1338 1818 suadere
1369 1766 1614 1818 conatus
1660 1766 1749 1817 est
1780 1768 1843 1816 ut
1887 1762 1944 1816 in
1980 1761 2149 1816 Tibe-

486 1851 677 1905 rinam
711 1850 1020 1923 regionem
1071 1852 1383 1906 secederet.
1439 1851 1611 1905 Recte
1663 1854 1854 1905 tamen
1889 1850 2055 1905 aiunt
2088 1867 2150 1905 se
2186 1888 2231 1951 B

489 1956 599 1994 non
629 1939 1080 2011 dubitare,quin
1112 1939 1424 1996 Arianzum
1459 1940 1778 1995 excurrerit
1808 1939 2058 1995 Basilius
2081 1939 2151 1994 ad

493 2029 805 2084 visendum
839 2030 1118 2085 amicum.

492 2135 686 2191 LXIII.
747 2138 1016 2206 Basilius,
1076 2144 1328 2193 extructo
1401 2136 1756 2202 monasterio,

1071 2210 1294 2264 allicere
1328 2213 1575 2263 conatur.

555 2300 795 2351 Interea
826 2296 1095 2364 Basilius,
1126 2298 1222 2369 qui
1257 2297 1498 2352 docendi
1527 2314 1743 2351 munus
1777 2296 1930 2368 apud
1962 2296 2150 2352 Caesa-

487 2386 715 2441 rienses
748 2386 1066 2457 abjecerut,
1102 2388 1171 2441 ad
1204 2388 1355 2458 quod
1391 2403 1525 2441 eum
1559 2385 1817 2458 piissime
1841 2403 2004 2441 soror
2029 2386 2149 2441 Ma-

493 2476 678 2543 crina,
724 2491 833 2530 nec
900 2492 1013 2530 non
1086 2475 1400 2547 Gregorius
1457 2475 1837 2546 impulerant,
1886 2475 2046 2531 varia
2089 2478 2146 2531 in

498 2563 725 2619 Oriente
754 2568 811 2619 et
839 2566 1082 2636 Egypto
1116 2564 1313 2619 invisit
1343 2564 1717 2633 monasteria,
1753 2568 1807 2619 et
1856 2564 2007 2619 circa
2046 2582 2146 2620 an-

494 2669 638 2706 num
688 2654 788 2707 358
838 2654 897 2706 in
948 2653 1199 2725 patriam
1251 2669 1538 2723 reversus,
1592 2652 1755 2706 nulla
1803 2654 2150 2724 interposita

488 2756 677 2804 mora,
709 2740 767 2795 in
803 2740 1183 2796 solitudinem
1242 2756 1369 2796 sese
1421 2740 1649 2811 recipit.
1710 2742 1921 2796 ardens
1953 2742 2148 2797 studio

487 2828 768 2897 praeclara
796 2829 1081 2883 virtutum
1116 2829 1822 2900 exemplaimitandi,quaa
1853 2830 1910 2883 in
1946 2848 2147 2885 mona-

484 2918 685 2971 steriis
716 2918 967 2989 eEgypti,
1007 2917 1341 2989 Palaestinae,
1371 2918 1689 2983 Coelesvriae
1730 2925 1787 2972 et
1819 2919 2148 2990 MBSOpota-

488 3006 635 3077 miae,
673 3024 792 3061 non
826 3007 951 3062 sine
983 3012 1219 3078 stupore
1244 3008 1931 3080 conspexerat.ldoneum
1964 3026 2151 3065 seces-

490 3094 577 3148 sui
606 3096 805 3150 locum
840 3097 908 3150 ad
946 3096 1129 3168 ripam
1178 3096 1351 3152 Iridis
1398 3096 1579 3165 fluvii,
1628 3097 1726 3168 qui
1780 3114 1849 3152 ex
1874 3098 2150 3154 Armenia

486 3188 650 3238 estus
686 3184 940 3239 Pontum
975 3184 1196 3257 irrigat,
1246 3185 1315 3240 ab
1348 3186 1503 3240 omni
1561 3202 1803 3257 prorsus
1838 3186 2144 3242 hominum

1832 2134 2152 2207 Gregorium

2274 606 2457 662 durus
2489 610 2903 678 apponeretur,
2949 609 3015 660 ut
3046 606 3251 661 dentes
3285 606 3617 678 frangeret;
3649 610 3930 680 tantaque

2269 697 2393 751 erat
2423 711 2616 749 rerum
2658 695 2920 749 omnium
2953 693 3174 765 inopia,
3221 697 3286 747 ut
3334 694 3448 748 nisi
3502 698 3692 750 mater
3718 695 3923 752 Basilii

2271 786 2555 853 oportune
2606 782 3017 850 succurrisset,
3066 781 3437 837 moriendum
3490 782 3714 840 fuisset.
3749 787 3921 841 Com-

2270 875 2558 927 memorat
2586 871 2758 925 etiam
2795 871 3111 943 Gregorius
3154 870 3417 927 laborem
3467 888 3775 939 manuum,
3810 876 3924 929 Au-

2268 960 2374 1033 giee
2407 961 2613 1015 fimum
2662 976 2691 1014 e
2733 961 2906 1015 domo
2956 963 3327 1031 exportatum
3387 964 3452 1015 ut
3503 960 3657 1016 horti
3705 962 3926 1019 fertiles

2268 1050 2667 1116 redderentur,
2705 1066 2770 1105 ac
2798 1048 3058 1104 immane
3101 1048 3430 1121 plaustrum
3483 1067 3590 1106 sua
3637 1054 3695 1107 et
3726 1051 3923 1107 Basilii

2269 1139 2486 1194 cervice
2517 1137 2910 1211 manibusque
2949 1141 3225 1193 tractum.
3260 1138 3361 1193 His
3411 1138 3572 1195 addit
3623 1139 3918 1213 lignorum

2267 1228 2763 1301 comportationes
2788 1231 2843 1284 et
2877 1226 3532 1299 lapicidinas.arborum
3566 1229 3920 1286 consitiones

2267 1321 2323 1373 et
2354 1318 2743 1391 irrigationes.

2266 1424 2419 1482 LXV.
2472 1424 2676 1499 Stuilio
2711 1440 2997 1499 sacrarum
3032 1423 3383 1499 _li_llerarum_
3416 1424 3705 1499 incumbit.
3755 1442 3923 1499 eoque

2529 1495 2708 1550 studio
2742 1497 2981 1565 miriﬁce
3012 1495 3315 1550 delectatur
3347 1495 3653 1567 Gregorius.

2337 1586 2501 1650 Quod
2551 1588 2854 1656 supererat
2900 1584 3001 1639 otii
3053 1584 3126 1638 ab
3180 1583 3443 1639 asceticaa
3492 1584 3621 1639 vitae
3674 1586 3914 1654 muniis;

2265 1675 2701 1745 Scripturarum
2757 1672 3123 1727 meditationi
3173 1672 3615 1743 impendebant.
3652 1674 3709 1727 Id
3744 1674 3917 1746 longe

2263 1763 2667 1835 gratissimum
2722 1767 2846 1816 erat
2883 1760 3180 1831 Gregorio,
3216 1760 3310 1815 cui
3359 1761 3430 1815 de
3486 1761 3615 1816 vitae
3647 1761 3915 1818 instituto

2262 1850 2617 1906 consultanti
2648 1867 2713 1905 ac
2744 1849 3052 1904 ﬂuctuanti
3086 1853 3285 1903 utrum
3318 1848 3574 1922 eligeret,
3621 1849 3763 1905 illud
3798 1869 3914 1923 prae

2266 1940 2397 1995 aliis
2429 1939 2762 2012 eligendum
2785 1938 2976 1994 visum
3010 1937 3285 2007 fuerat,in
3318 1955 3432 2011 quo
3464 1938 3830 2012 frequentius
3853 1958 3917 1996 ac

2263 2029 2507 2085 liberius
2536 2045 2735 2083 sacros
2768 2027 2949 2083 libros
2998 2043 3229 2083 versare
3278 2044 3344 2084 ac
3394 2028 3663 2083 meditari
3696 2032 3911 2100 posset.

2263 2119 2451 2173 Ambo
2484 2118 2657 2189 igitur
2687 2116 3074 2172 concordibus
3106 2116 3339 2187 animis,
3374 2115 3499 2189 pari
3532 2116 3725 2172 studio
3757 2116 3915 2189 pari-

2266 2224 2376 2280 que
2409 2224 2686 2263 successu
2713 2222 2889 2262 sacrae
2922 2205 3059 2261 huic
3081 2204 3316 2261 lectioni
3348 2205 3910 2279 incumbunt,atque

2262 2314 2362 2352 eos
2396 2297 2620 2351 fructus
2649 2294 3101 2367 percipiunt,qui
3138 2312 3250 2350 non
3277 2295 3450 2350 modo
3482 2294 3541 2349 in
3567 2296 3909 2367 suamipso-

2262 2403 2416 2453 rum,
2450 2400 2653 2440 verum
2685 2384 2862 2440 etiam
2896 2384 2953 2438 in
2977 2383 3244 2439 Ecclesiae
3274 2384 3457 2440 totius
3489 2384 3800 2440 utilitatem
3832 2401 3915 2439 re-

2263 2475 2622 2530 dundarunt.
2687 2472 2899 2528 Nullus
2954 2472 3161 2527 dubito
3193 2472 3336 2544 quin
3396 2472 3517 2528 haec
3550 2473 3620 2528 ad
3653 2474 3911 2545 primum

2263 2563 2523 2636 Gregorii
2554 2578 2849 2618 secessum
2885 2561 3235 2633 pertineant,
3269 2578 3375 2617 nec
3407 2562 3677 2616 dubitare
3709 2563 3915 2618 sinunt

2261 2654 2381 2708 hmo
2428 2653 2603 2707 verba
2646 2651 2835 2723 ipsius
2885 2650 3148 2720 Gregorii
3200 2649 3414 2705 Basilio
3466 2651 3804 2720 scribentis,
3852 2657 3909 2707 et

2260 2746 2393 2816 post
2424 2742 2647 2813 aliquot
2670 2757 2851 2795 annos
2876 2738 3160 2811 pristinas
3184 2738 3313 2794 illas
3337 2737 3755 2811 delicias,quas
3779 2757 3912 2795 cum

2260 2833 2387 2904 ipso
2422 2831 2479 2885 in
2539 2847 2777 2886 secessu
2836 2830 3263 2900 degustaverat,
3324 2827 3716 2883 desiderantis
3775 2829 3902 2902 ((ἰ);

2262 2921 2439 2987 «Quis
2474 2936 2563 2974 me
2596 2919 2920 2974 secundum
2971 2917 3359 2988 pristinorum
3412 2916 3649 2973 illorum
3680 2918 3909 2975 dierum

2260 3014 2483 3065 statum
2511 3008 2855 3078 constituet,
2876 3006 2933 3061 in
2959 3006 3173 3079 quibus
3198 3023 3302 3078 ego
3328 3009 3521 3062 tecum
3538 3006 3911 3063 afflictionem

2259 3116 2361 3171 pro
2397 3097 2620 3154 deliciis
2653 3097 2943 3152 habebam
2983 3096 3101 3150 ‘?....
3139 3094 3279 3161 Quis
3308 3095 3667 3167 psalmodias
3696 3095 3823 3152 illas
3855 3102 3912 3153 et

2256 3188 2486 3261 vigilias
2518 3187 2696 3251 dabit,
2727 3190 2903 3257 atque
2935 3186 3005 3240 ad
3040 3185 3224 3241 Deum
3258 3201 3361 3257 per
3391 3185 3711 3240 orationem
3744 3202 3909 3259 pere-

480 3273 915 3328 consuetudine
948 3278 1234 3329 remotum
1262 3274 1435 3346 elegit
1458 3290 1486 3329 e
1512 3274 1745 3347 regione
1775 3276 2139 3345 monasterii,
2177 3260 2218 3325 C
2256 3260 2638 3351 grinationes,
2691 3275 2971 3346 illamque
3025 3273 3183 3329 velut
3235 3274 3476 3329 materia
3524 3279 3827 3330 vacantem
3852 3280 3912 3331 et

479 3362 639 3431 quod
677 3363 748 3416 ad
783 3362 1025 3417 alteram
1049 3363 1313 3435 ejusdem
1338 3363 1495 3418 fluvii
1526 3364 1714 3436 ripam
1732 3365 1990 3421 Macrina
2013 3382 2144 3421 con-

478 3455 802 3505 struxerat.

480 3556 679 3612 LXIV.
710 3558 769 3612 In
803 3558 1159 3613 soliludinem
1191 3558 1265 3614 ad
1306 3560 1577 3615 Basiliam
1607 3576 1663 3614 se
1692 3563 1905 3631 confert
1934 3578 1952 3615 :
1983 3562 2141 3618 ambo

554 3632 730 3683 vitam
762 3633 1053 3685 asceticam
1084 3636 1273 3701 agunt.
1310 3632 1441 3687 Vitae
1468 3634 1783 3697 austeritas,
1806 3649 1994 3687 rerum
2028 3636 2141 3688 ino-

552 3703 674 3772 pia,
708 3718 976 3756 manuum
1011 3704 1183 3770 labor,
1208 3708 1316 3757 etc.

551 3807 681 3861 Illic
712 3807 941 3878 primus
968 3808 1231 3862 omnium
1264 3808 1319 3862 in
1354 3809 1717 3881 Cappadocia
1746 3809 1919 3864 vita'n
1955 3828 2140 3866 cerno—

477 3896 747 3960 biticam,
783 3912 957 3966 quam
992 3896 1263 3951 solitariae
1298 3897 1467 3968 longe
1498 3898 1913 3968 praeferendam
1948 3900 2140 3956 existi-

484 3984 967 4050 mabat,instiluit
1000 3985 1586 4056 Basilius.0ptaverat
1612 3987 1844 4041 fratrem
1879 3987 2129 4057 aliquem

484 4073 759 4143 reperire,
798 4072 897 4143 qui
946 4073 1126 4128 vitam
1160 4074 1471 4129 asceticam
1495 4075 1886 4145 profiteretur,
1920 4082 1985 4129 ut
2014 4093 2133 4131 una

484 4176 614 4216 cum
660 4177 727 4216 eo
780 4162 1006 4217 brevem
1060 4162 1242 4229 huius
1291 4162 1415 4216 vitae
1467 4163 1707 4218 ﬂuctum
1753 4167 2136 4235 pertransiret

478 4248 826 4321 Speraverat
844 4266 905 4304 se
927 4266 1055 4305 cum
1084 4250 1355 4321 Gregorio
1370 4250 1692 4319 victurum;
1726 4253 1825 4307 sed
1860 4253 2137 4325 imposita

474 4338 673 4394 amico
704 4338 963 4393 fovendae
996 4344 1303 4411 parentum
1332 4341 1655 4396 senectutis
1678 4342 1998 4398 necessitas
2029 4343 2134 4397 im-

472 4427 818 4500 pedimento
853 4427 978 4497 fuit,
1014 4444 1160 4499 quos
1196 4428 1391 4483 minus
1424 4428 1480 4482 id
1517 4430 1669 4497 quod
1702 4429 1856 4485 inter
1887 4446 1947 4485 se
1999 4448 2132 4486 cum

475 4515 725 4571 Athenis
756 4522 1146 4588 versarentur,
1183 4517 1335 4589 pacti
1365 4517 1619 4586 fuerant,
1651 4530 2127 4590 exsequerentur.

474 4606 843 4676 Quapropter
872 4621 937 4659 eo
964 4606 1283 4660 destitutus
1316 4606 1938 4679 prnesidio,postquam
1974 4611 2133 4665 varia
2163 4630 2208 4693 D

474 4693 750 4748 lustravit
782 4695 1158 4763 monasteria,
1195 4695 1354 4749 solus
1386 4696 1442 4749 in
1478 4695 1854 4752 solitudinem
1892 4715 1952 4753 se
1982 4700 2127 4754 reci-

476 4784 594 4854 pit;
630 4784 802 4853 cujus
837 4782 1080 4837 delicias
1113 4784 1211 4837 ubi
1248 4784 1504 4855 primum
1539 4784 1835 4857 delibavit,
1869 4786 2022 4842 datis
2056 4790 2125 4843 ad

473 4872 813 4943 Gregorium
870 4870 1099 4937 litteris,
1168 4872 1532 4942 perjucunda
1580 4872 1689 4927 loci
1740 4874 2129 4946 descriptione

474 4976 601 5015 eum
636 4959 871 5016 allicere
894 4966 1143 5016 conatus
1172 4960 1606 5033 est.Gregorius
1631 4963 1799 5017 amici
1826 4969 1883 5017 et
1906 4965 2128 5019 sollitu-

471 5050 621 5106 diuis
650 5050 947 5108 desiderio
994 5049 1271 5120 ﬂagrans,
1307 5066 1486 5120 quam
1537 5051 1797 5122 primum
1848 5051 2033 5122 licuit,
2066 5054 2125 5109 in

471 5137 701 5197 Pontum
736 5141 809 5198 ad
847 5137 1140 5195 Basilium
1173 5154 1233 5191 se
1265 5139 1532 5208 contulit,
1581 5156 1734 5194 anno
1765 5141 1871 5195 358
1903 5141 1991 5195 vel
2021 5143 2127 5197 359

461 5230 539 5303 (ι’).
568 5230 694 5291 Illic
724 5231 999 5289 miratur
1034 5230 1093 5281 et
1124 5226 1323 5281 laudat
1355 5227 1632 5285 eximiam
1673 5228 1942 5300 fratrum,
1978 5246 2125 5301 quos

441 5326 508 5383 ad
528 5326 823 5403 pietatem
860 5315 1138 5375 Basilius
1172 5315 1914 5385 instituebat,concordiam
1948 5335 2123 5375 :sua-

424 5436 538 5479 rem
562 5420 977 5497 psalmorum
1005 5404 1443 5476 ethymnorum
1465 5411 1852 5480 cantum,quo
1883 5425 2123 5481 magno-

394 5534 535 5595 pere
562 5493 973 5572 vdelectatus
1030 5493 1181 5563 fuit;
1213 5493 1389 5551 vitam
1439 5512 1777 5569 pauperem,
1832 5513 1958 5569 quae
2004 5497 2124 5554 illic

432 5669 529 5817 ((3))
550 5650 819 5793 ξ
839 5645 932 5793 εἶ’
954 5682 1097 5776 385,
1133 5705 1241 5763 col.
1281 5709 1332 5777 1,
1366 5711 1485 5763 not.
1519 5709 1581 5765 B.

2252 3368 2652 3439 incorporeum
2684 3365 2865 3420 vitam
2887 3364 2915 3417 ?
2941 3363 3082 3429 Quis
3116 3363 3366 3419 fratrum
3399 3378 3622 3431 eorum,
3659 3364 3755 3436 qui
3791 3382 3823 3419 a
3852 3369 3908 3420 te

2251 3457 2331 3512 dii
2362 3456 2764 3511 efficiebantur
2794 3457 2970 3525 atque
3002 3453 3061 3507 in
3096 3450 3279 3507 altum
3314 3452 3729 3524 evehebantur,
3764 3471 3906 3509 con-

2250 3546 2507 3601 cordiam
2546 3544 2991 3612 animorumque
3018 3541 3491 3613 conjunctionem
3510 3542 3537 3594 ?
3557 3541 3695 3608 Quis
3717 3543 3907 3597 virtu-

2248 3635 2325 3688 tis
2357 3638 2671 3700 certamen,
2706 3637 2761 3686 et
2792 3632 2861 3686 ad
2879 3647 3001 3685 eam
3028 3630 3641 3700 incitationem,quam
3672 3630 3905 3702 scriptis

2250 3723 2479 3794 legibus
2512 3738 2577 3775 ac
2606 3719 2826 3792 regulis
2872 3718 3363 3772 obﬁrmavimus?
3396 3718 3536 3782 Quis
3569 3718 3900 3775 divinorum

2248 3810 2618 3867 oraculorum
2656 3807 3257 3879 studium,lucemque
3282 3806 3335 3859 in
3358 3806 3502 3877 ipsis
3524 3806 3702 3861 ductu
3727 3812 3904 3880 atque

2250 3897 2531 3970 auspiciis
2564 3897 2817 3968 Spiritus
2851 3895 3039 3951 sancti
3089 3895 3385 3948 inventam
3416 3895 3443 3949 ‘I
3474 3919 3494 3946 ι
3535 3898 3677 3949 Cum
3705 3900 3901 3951 autem

2249 3991 2308 4044 in
2360 3987 2796 4058 Scripturarum
2845 3984 3041 4041 studio
3106 3983 3239 4057 plus
3298 3983 3559 4056 antiquis
3608 3984 3906 4057 scriptori-

2252 4079 2362 4134 bus
2413 4092 2591 4149 quam
2648 4075 2880 4145 ingenio
2948 4072 3183 4147 proprio
3254 4074 3596 4140 tribuerent,
3647 4073 3904 4145 plurima

2250 4184 2318 4221 ex
2349 4164 2591 4234 Origene
2641 4162 3000 4234 collegerunt
3062 4161 3465 4216 observatione
3525 4161 3722 4235 digna,
3772 4181 3899 4235 quae

2244 4256 2303 4310 in
2355 4268 2537 4309 unum
2595 4268 2810 4323 corpus
2882 4252 3119 4306 redacta
3193 4251 3559 4306 Philocaliam
3635 4252 3899 4325 appella-

2243 4347 2401 4399 runt.

2242 4451 2434 4507 LXVI.
2465 4447 2780 4506 Philocalia
2828 4452 2877 4504 et
2910 4448 3137 4518 Regulae
3183 4449 3503 4521 monasticae
3534 4457 3662 4505 sunt
3690 4451 3902 4521 fructus

2598 4521 2908 4576 studiorum
2938 4521 3147 4574 Basilii
3174 4528 3225 4574 et
3258 4518 3526 4588 Gregorii.

2313 4614 2374 4667 In
2428 4609 2760 4666 ediscendis
2809 4608 3130 4680 Scripturis
3180 4608 3430 4663 Basilius
3484 4612 3541 4662 et
3583 4609 3897 4679 Gregorius

2240 4705 2511 4757 mutuam
2546 4699 2655 4755 sibi
2690 4714 2926 4770 operam
2956 4697 3333 4767 praestabant,
3370 4694 3688 4751 familiares
3720 4698 3895 4752 etiam

2241 4791 2310 4845 de
2342 4790 2433 4845 bis
2466 4789 2616 4843 inter
2645 4804 2706 4843 se
2738 4802 3039 4841 sermones
3079 4785 3453 4854 conferendo,
3487 4800 3623 4838 cum
3673 4785 3732 4838 in
3768 4802 3893 4841 ere-

2240 4895 2355 4950 mo,
2390 4877 2489 4933 ubi
2538 4880 2833 4931 testantur
2880 4890 2979 4929 eas
3029 4890 3089 4929 se
3139 4872 3437 4939 didicisse,
3489 4878 3885 4929 versarentur.

2239 4967 2348 5021 Sed
2385 4966 2740 5039 praecipuum
2792 4964 2850 5018 in
2904 4963 3235 5018 divinorum
3288 4961 3657 5017 oraculorum
3696 4964 3891 5019 studio

2238 5056 2589 5127 magistrum
2616 5054 2873 5108 habuere
2901 5051 3181 5124 Spiritum
3209 5053 3680 5123 sanctum,cujus
3712 5053 3889 5108 ductu

2236 5150 2291 5200 et
2322 5144 2601 5216 auspiciis
2628 5143 2819 5198 lucem
2869 5143 2927 5195 in
2975 5141 3121 5213 ipsis
3170 5157 3203 5195 a
3247 5155 3308 5195 se
3369 5140 3666 5196 inventam
3700 5141 3891 5197 decla-

2237 5237 2387 5288 rant.
2424 5234 2632 5288 Prseter
2664 5232 3050 5297 Philocaliam,
3086 5230 3235 5285 alius
3264 5233 3451 5285 exstat
3484 5230 3709 5285 fructus
3732 5248 3890 5287 com-

2237 5322 2583 5377 morationis
2615 5320 2876 5393 Gregorii
2911 5320 2970 5375 in
3003 5336 3212 5375 monas
3240 5319 3386 5375 terio
3411 5319 3609 5376 Basilii
3640 5325 3697 5375 et
3726 5338 3886 5377 com-

2235 5428 2413 5467 mune
2444 5412 2753 5481 utriusque
2806 5427 2975 5482 opus,
3019 5414 3083 5463 ut
3113 5425 3182 5465 ex
3225 5409 3352 5481 ipso
3403 5408 3677 5482 Gregorio
3711 5410 3887 5467 disci-

2233 5516 2389 5567 mus,
2422 5516 2633 5571 nempe
2667 5500 2824 5571 leges
2855 5498 3193 5555 monasticae
3226 5502 3282 5556 et
3311 5498 3545 5572 regulae.
3569 5522 3596 5549 ‹‹
3629 5500 3768 5565 Quis
3794 5502 3893 5557 da-

2308 5641 2378 5713 (c)
2406 5642 2703 5713 Greg.,ep.
2737 5640 2813 5695 al.
2844 5641 2899 5695 9.

2306 5713 2385 5781 (ἁ)
2416 5719 2515 5784 Ep.
2553 5712 2628 5769 al.
2648 5712 2713 5767 ⁷9.
