4100 6440
332 428 433 487 181
890 462 899 463 ί
1772 437 1953 498 VITA
2002 438 2066 498 S.

2193 438 2509 497 lEGORIl.

3738 438 3853 500 182

328 559 513 631 elapsi
552 566 834 622 creatus
870 567 1128 626 fuisset
1156 570 1467 643 presbyter.
1502 570 1779 626 Secunda
1810 570 1869 624 in
1928 572 2078 624 Poc-
2108 569 2163 636 Α
2194 572 2306 639 cat,
2342 569 2441 623 sed
2474 567 2689 624 similis
2728 569 3011 639 dicerent,
3045 565 3387 640 ὄμοιοῦσιον,
3420 569 3529 625 hoc
3580 573 3670 627 est
3718 588 3856 628 con-

327 654 457 705 tum
483 653 946 722 profectionis
973 664 1043 714 et
1069 660 1298 714 reditus
1319 676 1524 714 causas
1549 659 1675 731 ipse
1698 659 1757 715 in
1802 660 2082 729 oratione,

332 754 458 810 qua
495 741 800 811 primum
832 745 1035 818 olim,
1070 765 1230 803 nunc
1256 749 1575 803 secundum
1600 754 1848 820 occupat
1867 748 2082 812 locum,

336 830 771 901 prosequitur.
802 833 952 889 Cur
975 852 1129 891 vero
1146 841 1307 909 pater
1331 852 1462 892 eum
1485 854 1516 892 e
1547 836 1748 893 Basilii
1790 840 2083 891 monaste-

346 918 433 972 rio
453 921 818 989 extraxerit,
852 927 923 977 et
956 924 1331 980 Nazianzum
1374 926 1562 980 redire
1604 942 1755 981 anno
1790 925 1891 979 361
1925 941 2084 980 com-

356 1007 591 1079 pulerit,
624 1009 912 1080 perinde
956 1029 1086 1067 non
1135 1018 1221 1068 est
1253 1013 1648 1085 perspicuum.
1682 1013 1839 1067 Nihil
1890 1028 2087 1067 moror

368 1113 488 1168 qua
510 1097 917 1154 Baroniusin
952 1118 1077 1156 sua
1097 1102 1357 1173 Gregorii
1390 1102 1519 1157 Vita
1555 1101 1809 1173 scripsit.
1844 1103 1895 1157 Is
1925 1101 2082 1156 enim

371 1190 684 1257 utramque
747 1187 1055 1261 Gregorii
1119 1191 1302 1246 nostri
1360 1191 1419 1246 in
1479 1192 1719 1247 Pontica
1770 1189 2085 1247 solitudine

373 1277 933 1333 commorationem
953 1281 1420 1346 confundens,et
1432 1281 1783 1353 perturbans
1796 1284 2080 1351 tempora,

381 1366 531 1436 quod
557 1364 971 1423 Bollandista
1000 1385 1125 1423 non
1152 1369 1330 1424 semel
1358 1371 1690 1437 observant,
1710 1369 1781 1424 ad
1820 1367 2082 1425 Valentis

392 1469 577 1525 usque
594 1454 969 1526 imperium,
994 1457 1123 1529 «(a)
1151 1457 1257 1522 Qui
1299 1459 1524 1513 Arianae
1563 1458 1820 1531 perﬁdia
1860 1458 2079 1527 favens,

406 1543 669 1598 adversus
687 1544 1054 1602 Catholicos
1078 1546 1391 1602 concitavit
1420 1547 1644 1601 turbas.
1679 1547 1938 1619 Gregorii
1995 1563 2083 1601 re-

409 1632 583 1687 ditum
616 1638 961 1705 promovet.
1004 1635 1134 1690 Fuit
1164 1636 1222 1689 id
1260 1637 1315 1689 in
1342 1652 1539 1700 causa,
1564 1636 1758 1707 inquit
1778 1635 2078 1706 Baronius,

412 1727 471 1775 ut
491 1727 652 1793 pater
684 1721 970 1795 Gregorii
1007 1724 1407 1780 vehementius
1446 1728 1662 1797 ageret,
1698 1729 1761 1779 ut
1790 1725 1977 1779 ﬁlium
2010 1726 2079 1779 ab

412 1826 600 1865 eremo
631 1817 965 1868 revocaret.
1004 1814 1140 1868 Erat
1171 1813 1327 1869 enim
1353 1815 1479 1885 jam
1514 1814 1687 1886 longo
1719 1814 1881 1869 senio
1904 1814 2081 1869 hebe-

416 1900 541 1965 tior,
573 1907 632 1955 et
661 1906 733 1955 ut
766 1902 1106 1957 subeundis
1126 1902 1425 1957 laboribus
1448 1903 1640 1974 impar
1660 1920 1793 1958 eum
1810 1903 2079 1974 precibus

424 1990 685 2060 urgebat,
713 1994 782 2044 ut
813 1991 1214 2063 paterjussis,
1258 2008 1322 2059 ac
1362 1992 1616 2063 denique
1661 1995 1725 2046 ut
1772 1992 2083 2064 episcopus

427 2079 661 2150 cogebat
691 2077 972 2149 imperio.
995 2080 1146 2135 Licet
1167 2081 1322 2136 enim
1345 2081 1567 2136 diutius
1592 2081 1792 2148 surdo,
1817 2086 1880 2135 ut
1900 2081 2085 2150 aiunt,

421 2166 681 2223 fabulam
715 2168 1092 2240 ingessisset,
1127 2169 1282 2224 ﬂexit
1310 2170 1570 2236 tandem,
1605 2171 1791 2243 coegit
1813 2171 2084 2226 extorsit-

417 2272 532 2328 que
564 2259 640 2311 ab
672 2257 883 2326 invito,
919 2262 1265 2331 revocatque
1316 2259 1502 2314 tilium
1552 2259 1926 2314 Nazianzum.
1978 2258 2085 2324 Qui

417 2361 692 2401 reversus
728 2345 788 2399 in
825 2348 1099 2418 patriam,
1133 2347 1339 2403 habuit
1368 2347 1659 2419 egregiam
1687 2347 1847 2402 illam
1873 2348 2085 2403 oratio-

423 2451 583 2498 nem,
627 2452 756 2506 qua
819 2436 1163 2491 inscribitur
1208 2438 1657 2509 Apologelicus...
1709 2436 1863 2491 Dixit
1909 2437 2081 2491 etiam

430 2528 575 2578 tunc
604 2524 945 2594 praeclaram
982 2542 1109 2580 eam
1143 2526 1487 2591 orationem,
1521 2527 1691 2597 cujus
1724 2530 1813 2581 est
1851 2525 2079 2596 titulus,

432 2612 712 2667 Insancta
752 2615 1054 2668 lumina.»
1109 2618 1218 2670 etc.
1288 2619 1416 2669 Hac
1474 2615 1776 2671 Baronius.
1838 2615 2084 2687 Egregia

428 2702 639 2766 oratio,
665 2719 790 2774 qua
811 2702 1157 2758 inscribitur
1175 2704 1577 2775 Apologetz’cus,
1609 2704 1814 2760 habita
1853 2710 1941 2758 est
1971 2704 2080 2759 sub

421 2790 683 2857 Juliaco,
714 2808 829 2846 non
874 2807 1009 2846 vero
1057 2793 1169 2847 sub
1216 2792 1493 2861 Valente;
1541 2792 1725 2847 oratio
1775 2798 1969 2847 autem
2018 2794 2081 2847 In

422 2886 627 2934 sancta
658 2882 893 2947 lumina,
921 2896 1037 2935 non
1070 2904 1097 2931 ‹‹
1134 2885 1292 2947 tunc,
1329 2904 1358 2930 ››
1394 2886 1457 2936 ut
1487 2881 1611 2936 vult
1642 2882 1945 2952 Baronius,
1980 2883 2079 2936 sed

429 2984 578 3023 anno
611 2985 761 3038 pene
792 2967 1007 3040 elapso.
1382 2983 1391 2987 ‘

501 3058 665 3112 Haud
700 3059 1033 3130 negaverim
1069 3058 1271 3115 turbas
1303 3060 1373 3114 ab
1404 3058 1635 3115 Arianis
1688 3058 1967 3115 excitatas
2018 3058 2078 3115 in

430 3162 604 3201 causa
649 3148 834 3202 fuisse
887 3164 991 3202 cur
1038 3147 1354 3219 Gregorius
1400 3149 1755 3204 Nazianzum
1806 3148 2077 3216 redierit;

424 3237 546 3304 sed,
574 3240 643 3291 ut
662 3236 719 3290 id
740 3238 1078 3301 concedam,
1104 3241 1255 3293 certe
1276 3254 1390 3295 non
1424 3238 1530 3293 has
1571 3254 1700 3293 esse
1748 3238 1952 3293 turbas
1984 3255 2076 3293 ar-

2196 657 2449 714 similem
2474 657 2630 712 Patri
2646 662 2831 714 etnon
2853 658 3418 714 consubstantialem
3439 659 3849 731 praedicarent.

2196 746 2382 802 «Erat
2411 752 2632 815 autem,
2692 747 2885 819 inquit
2942 747 3258 820 Gregorius
3316 748 3414 819 (b),
3464 747 3523 802 in
3573 754 3849 821 promptu

2195 839 2610 901 atramentum,
2644 840 2701 891 et
2733 835 3120 891 calumniator
3150 853 3182 889 a
3212 840 3396 908 tergo.
3443 836 3524 890 Ea
3575 854 3667 893 res
3715 854 3852 911 per-

2195 922 2415 979 multos
2446 940 2475 977 e
2506 924 2696 989 nobis,
2731 924 2980 980 invictos
3013 924 3273 996 alioquin
3305 925 3481 986 viros.
3501 924 3559 980 in
3581 926 3850 982 fraudem

2194 1012 2432 1083 impulit
2460 1030 2472 1079 ;
2507 1012 2608 1084 qui
2642 1013 2913 1084 quamvis
2944 1017 3138 1068 mente
3172 1030 3546 1086 nequaquam
3594 1015 3852 1088 prolapsi

2194 1102 2433 1167 fuerint,
2465 1106 2662 1157 tamen
2696 1102 3126 1175 subscriptione
3156 1103 3472 1159 transversi
3522 1105 3640 1159 acti
3692 1110 3851 1171 sunt,

2195 1195 2409 1247 etcum
2444 1190 2582 1259 illis,
2620 1194 2869 1262 utroque
2900 1192 3140 1246 nomine
3172 1191 3490 1259 sceleratis,
3540 1209 3854 1250 consense-

2194 1283 2331 1336 runt
2360 1304 2374 1349 ;
2406 1296 2471 1335 ac
2504 1278 2553 1335 si
2585 1297 2698 1335 non
2736 1280 3009 1344 ﬂamma,
3037 1280 3182 1335 fumi
3207 1284 3362 1336 certe
3382 1280 3696 1354 participes
3721 1284 3851 1339 fue—

2192 1372 2351 1424 runt.
2390 1392 2411 1421 ι
2445 1369 2633 1423 Tanta
2660 1368 2798 1424 inde
2851 1373 3050 1425 secuta
3097 1372 3186 1425 est
3232 1368 3503 1426 Ecclesia
3548 1371 3850 1427 catholica

2192 1460 2537 1528 tempestas,
2569 1458 2750 1529 utqui
2774 1458 3128 1513 videbantur
3149 1474 3276 1513 esse
3302 1458 3505 1529 templi
3530 1458 3841 1526 columna,

2192 1546 2495 1618 prostrati,
2555 1546 2641 1601 vel
2696 1546 2906 1602 saltem
2954 1547 3225 1602 concussi
3287 1547 3425 1615 sint,
3495 1546 3545 1602 si
3606 1549 3849 1619 quidem

2191 1634 2362 1689 etiam
2399 1634 2664 1689 nolentes
2696 1635 2918 1691 seducti
2954 1639 3135 1704 sunt;
3170 1640 3366 1707 atque,
3412 1640 3478 1691 ut
3509 1637 3850 1710 Hieronymi

2188 1724 2382 1779 verbis
2415 1728 2565 1794 utar,
2592 1724 2946 1795 ingemuerit
2977 1724 3157 1795 orbis,
3189 1729 3248 1780 et
3276 1725 3561 1781 Arianum
3602 1741 3664 1781 se
3714 1741 3847 1782 esse

2192 1810 2442 1866 miratus
2474 1812 2570 1866 sit.

2192 1917 2425 1976 LXXVI.
2468 1919 2743 1973 Formula
2788 1919 3130 1975 Arimz'nemi
3170 1921 3289 1990 post
3333 1918 3583 1976 medium
3639 1937 3852 1977 annum

2549 1991 2655 2043 362
2685 1990 3006 2062 subscripsit
3038 1991 3294 2063 Theologi
3317 1999 3490 2062 pater.

2267 2077 2330 2132 In
2345 2093 2547 2133 eorum
2568 2082 2766 2133 tamen
2791 2095 3057 2148 numero,
3084 2078 3182 2151 qui
3207 2079 3564 2135 Ariminensi
3589 2080 3850 2135 formula

2192 2170 2319 2222 tum
2354 2167 2853 2238 subscripserunt,
2889 2167 3110 2224 scilicet
3132 2168 3847 2241 Constantiiimperatoris

2192 2260 2474 2327 tempore,
2508 2273 2625 2311 non
2656 2256 2839 2312 fuisse
2871 2256 3235 2329 Gregorium,
3268 2273 3373 2312 nec
3396 2274 3531 2313 eum
3565 2258 3675 2315 nisi
3714 2264 3847 2332 post

2194 2345 2456 2399 medium
2490 2361 2710 2399 annum
2736 2346 2843 2400 566
2874 2345 3318 2417 subscripsisse,
3353 2350 3659 2419 ortamque
3715 2363 3847 2403 esse

2193 2433 2345 2487 inter
2373 2433 2712 2505 episcopum
2745 2438 2802 2489 et
2836 2434 3157 2490 monachos
3188 2434 3584 2491 Nazianzenos
3625 2436 3849 2493 discor-

2192 2521 2350 2576 diam
2381 2524 2503 2577 tam
2538 2521 2745 2577 multis
2778 2524 3060 2593 probatur
3080 2522 3420 2590 momentis,
3440 2528 3505 2579 ut
3524 2524 3752 2580 nullum
3778 2525 3852 2581 de

2192 2627 2259 2665 ea
2291 2627 2349 2665 re
2380 2610 2625 2665 dubium
2654 2628 2778 2665 esse
2809 2611 3017 2682 possit.
3042 2611 3237 2666 Primo
3270 2611 3509 2682 quidem
3530 2614 3847 2685 Gregorius

2191 2690 2537 2754 nosternon
2570 2699 2653 2754 ait
2699 2700 2791 2771 (c),
2840 2700 3014 2770 jussa
3069 2699 3393 2755 Constantii
3450 2699 3845 2770 imperatoris,

2192 2792 2295 2842 ant
2324 2804 2519 2842 rerum
2553 2788 3081 2859 perturbationem,
3116 2805 3245 2859 qua
3274 2792 3416 2842 tunc
3442 2804 3681 2843 summa
3709 2789 3840 2862 fuit,

2190 2877 2595 2932 subscribendi
2630 2894 2869 2933 causam
2902 2893 3009 2932 suo
3054 2876 3236 2932 fuisse
3268 2876 3439 2948 patri,
3474 2877 3575 2932 sed
3608 2876 3845 2934 deside-

2189 2966 2341 3019 rium
2376 2966 2534 3035 pacis
2566 2970 2622 3021 et
2654 2982 2787 3021 cum
2824 2965 3124 3021 nonnullis
3162 2964 3434 3020 ineunda
3479 2968 3844 3022 communio-

2187 3054 2296 3109 nis.
2336 3055 2604 3111 Secundo
2639 3059 2773 3111 ante
2802 3055 2959 3111 istud
2993 3054 3332 3121 dissidium,
3366 3054 3687 3110 Ecclesiam
3731 3056 3849 3111 Na-

2188 3143 2522 3199 zianzenam
2554 3161 2749 3199 arcam
2782 3149 2901 3199 Noe
2930 3144 3122 3199 vocari
3158 3142 3393 3198 solitam
3425 3159 3576 3213 esse,
3608 3148 3674 3199 ut
3716 3160 3846 3216 qua

2188 3232 2445 3287 universi
2475 3232 2635 3287 orbis
2694 3232 2983 3288 diluvium
3037 3231 3164 3288 sola
3222 3232 3542 3304 effugisset,
3595 3236 3851 3288 testatur

420 3326 633 3394 bitror,
669 3342 797 3398 qua
824 3344 858 3380 ει
886 3325 1123 3381 Valente
1157 3332 1297 3382 sunt
1326 3327 1605 3395 excitata,
1640 3332 1707 3382 ut
1752 3328 1941 3382 visum
1991 3332 2080 3382 est
2110 3309 2152 3376 C
2191 3320 2504 3393 Gregorius
2535 3320 2633 3392 (ἀ).
2663 3322 2854 3377 Testis
2876 3322 3133 3395 profecto
3156 3321 3410 3376 mendax
3432 3322 3599 3387 foret,
3643 3322 3691 3377 si
3732 3322 3847 3377 Na-

419 3414 699 3470 Baronio.
734 3416 840 3471 Vix
871 3415 1045 3471 etiam
1079 3417 1288 3472 adduci
1322 3434 1564 3490 possum
1600 3422 1663 3472 ut
1680 3418 1912 3473 credam
1939 3433 2075 3473 cum

420 3504 772 3560 doctissimo
793 3504 1182 3575 Tillemontio,
1200 3506 1541 3579 Gregorium
1566 3511 1792 3579 patrem
1814 3506 2075 3563 formula

421 3594 784 3649 Ariminensi
819 3598 941 3649 tum
977 3596 1421 3666 subscripsisse,
1450 3601 1506 3651 et
1527 3597 1651 3667 jam
1672 3596 1743 3651 ab
1766 3598 1894 3667 ejus
1916 3614 2076 3651 com-

423 3682 709 3738 munione
740 3682 1133 3739 Nazianzenos
1166 3685 1485 3740 monachos
1526 3686 1891 3753 discessisse,
1941 3701 2074 3741 cum

420 3772 552 3841 ejus
589 3771 773 3841 ﬁlius,
804 3771 1023 3828 relictis
1052 3773 1301 3828 Pontica
1334 3772 1674 3828 solitudinis
1697 3774 1939 3838 deliciis,
1965 3774 2075 3829 Na-

422 3861 698 3915 zianzum
734 3861 906 3915 rediit
934 3879 1085 3917 anno
1118 3863 1217 3916 361
1248 3887 1262 3928 ;
1291 3862 1469 3933 idque
1500 3879 1692 3918 causa
1742 3864 1923 3918 fuisse
1971 3880 2076 3917 cur

425 3950 663 4016 rediret,
697 3955 765 4003 ut
794 3966 958 4020 Opem
993 3952 1167 4006 ferret
1198 3950 1454 4024 longavc
1495 3952 1666 4024 patri,
1713 3952 1810 4023 qui
1860 3952 2073 4006 Arimi-

428 4038 591 4092 nensi
628 4038 893 4095 formula
925 4040 1390 4112 subscripsisset,
1436 4057 1552 4112 quo
1581 4058 1612 4098 e
1646 4042 1765 4096 luto
1815 4058 2073 4115 emerge-

429 4130 535 4179 ret.

421 4231 891 4290 LXXIII-LXXV.
918 4234 1127 4291 Turbas
1152 4235 1348 4291 Ariani
1386 4238 1651 4292 excitant.
1701 4241 1877 4293 Fraus
1907 4238 2072 4293 Aria-

667 4322 885 4362 norum.
922 4307 1119 4362 Multos
1149 4308 1206 4360 in
1235 4307 1498 4380 fraudem
1527 4309 1840 4379 impellunt.

494 4394 745 4465 Magnas
772 4394 1007 4466 quidem
1030 4395 1231 4451 turbas
1261 4413 1413 4452 anno
1443 4397 1548 4452 360
1569 4397 1890 4452 excitarant
1910 4397 2073 4453 Aria-

419 4484 502 4555 ni,
540 4482 644 4555 qui
678 4490 811 4556 post
860 4485 1160 4540 luctuosas
1209 4487 1485 4558 synodos,
1534 4487 1960 4542 Ariminensem
2012 4487 2072 4541 in

420 4572 761 4639 Occidente,
794 4572 1194 4629 Seleucianam
1228 4574 1288 4629 in
1334 4574 1584 4645 Oriente,
1636 4575 1868 4631 habitas
1919 4593 2071 4632 anno

2189 3410 2503 3465 zianzenus
2535 3410 2847 3481 episcopus
2874 3410 3025 3467 dolis
3056 3409 3406 3465 Arianorum
3440 3411 3849 3482 deceptusfuit

2189 3511 2452 3580 tempore
2483 3506 2844 3573 Constantii;
2908 3505 3171 3579 falsoque
3230 3507 3475 3566 dixisset
3531 3524 3845 3564 commune

2189 3596 2446 3651 universi
2476 3597 2635 3651 orbis
2667 3594 2953 3651 diluvium
2986 3596 3262 3667 effugisse
3294 3596 3716 3652 Nazianzenam
3742 3597 3850 3652 Ec-

2188 3685 2449 3753 clesiam,
2484 3686 2657 3755 cujus
2689 3682 2957 3739 Ecclesia
2990 3685 3304 3756 episcopus
3338 3685 3466 3756 ipse
3513 3684 3850 3741 artificiosis

2186 3774 2378 3829 verbis
2411 3773 2893 3843 circumscriptus
2916 3771 2976 3825 in
2996 3788 3233 3843 pravam
3258 3773 3599 3829 societatem
3620 3777 3846 3845 pertra-

2186 3867 2313 3918 ctus
2342 3862 2568 3917 fuisset.

2184 3967 2745 4025 LXXVIl-LXXVIII.
2787 3967 3033 4023 Schisma
3074 3968 3466 4023 monachorum
3498 3967 3561 4023 ob
3599 3966 3842 4023 subscri-

2255 4042 2500 4111 ptionem
2526 4039 2771 4107 Gregorii
2789 4040 2988 4111 patris,
3014 4054 3125 4094 non
3165 4041 3399 4111 contigit
3436 4039 3533 4095 sub
3575 4039 3846 4096 Constan-

2254 4114 2351 4168 tio.
2385 4112 2583 4167 Brevis
2610 4112 2722 4180 fuit
2747 4111 2860 4165 haec
2888 4110 3191 4167 discordia.

2254 4221 2325 4275 At
2354 4218 2526 4291 longe
2559 4217 2825 4287 graviora
2856 4221 3179 4289 suppetunt
3200 4221 3519 4274 momenta.
3545 4222 3688 4273 Cum
3706 4218 3846 4275 Gre-

2184 4309 2386 4381 gorius
2414 4324 2443 4362 e
2475 4311 2658 4361 Ponto
2689 4305 3040 4361 Nazianzum
3093 4323 3361 4362 reversus
3409 4310 3498 4362 est
3554 4307 3625 4363 ad
3687 4308 3843 4364 diem

2184 4400 2398 4455 festum
2422 4397 2657 4453 Pascha
2682 4396 2820 4454 anni
2838 4398 2963 4468 362,
2991 4414 3228 4453 summa
3254 4415 3397 4471 pace
3417 4398 3847 4455 fruebaturEc-

2183 4491 2361 4546 clesia
2386 4490 2771 4555 Nazianzena,
2804 4506 2978 4562 quam
3031 4491 3263 4562 magnis
3318 4492 3482 4546 effert
3535 4489 3841 4547 laudibus:

2183 4596 2287 4635 nec
2318 4583 2554 4635 veretur
2610 4579 2802 4634 dicere
2858 4577 2932 4649 (ε)
2990 4595 3051 4633 se
3109 4594 3226 4633 non
3288 4595 3732 4648 concessurum,
3780 4583 3848 4634 ut

416 4662 705 4726 359,item
729 4662 900 4717 etiam
940 4662 1434 4734 Constantinopoli
1457 4681 1607 4720 anno
1629 4665 1753 4719 360.
1786 4666 2073 4721 Constan-
2105 4675 2151 4738 Ι)
2186 4691 2215 4720 ‹‹
2249 4668 2629 4741 amplissima
2661 4667 2945 4734 civitates,
2978 4682 3304 4739 gregesque
3363 4667 3843 4723 numerosissimi

418 4750 492 4804 tii
526 4750 772 4821 Augusti
806 4751 1075 4822 prasidio
1108 4752 1257 4819 freti,
1290 4752 1343 4807 vi
1383 4757 1439 4807 et
1469 4758 1587 4809 arte
1620 4770 1741 4809 rem
1794 4756 2069 4825 agebant;

418 4855 743 4911 omnesque
774 4840 1097 4912 episcopos,
1136 4841 1193 4895 in
1225 4845 1347 4897 tota
1378 4858 1552 4913 quam
1574 4842 1687 4898 late
1710 4844 1943 4914 patebat
1963 4845 2074 4900 Ec—

420 4928 622 4996 clesia,
657 4927 942 4997 formula,
975 4946 1102 5001 qua
1130 4929 1393 5001 ipsorum
1424 4930 1746 5003 impietatis
1775 4936 1963 4988 totum
1989 4934 2071 4988 vi-

419 5033 525 5071 rus
558 5016 873 5072 artiﬁciose
900 5021 1116 5072 tectum
1150 5017 1502 5085 continebat,
1526 5019 1895 5075 subscribere
1912 5037 2075 5093 coge-

415 5105 581 5159 bant.
618 5105 752 5160 Fuit
782 5105 939 5160 enim
974 5122 1042 5161 ea
1073 5105 1301 5162 fallacia
1335 5110 1392 5162 et
1421 5106 1592 5163 dolus
1612 5108 1985 5177 Arianorum,
2006 5113 2073 5164 ut

415 5191 734 5263 ὁμοιοῦσιον
766 5194 1261 5251 subscribendum
1312 5212 1378 5251 ac
1434 5198 1827 5268 profitendum
1876 5200 2068 5254 trade-

416 5290 563 5347 rent,
584 5286 764 5341 unius
789 5283 1059 5339 litterulae
1075 5284 1397 5341 mutatione
1413 5302 1688 5359 magnam
1712 5303 1922 5342 sensus
1945 5286 2068 5343 dis-

418 5376 776 5446 crepantiam
810 5373 1205 5441 adducentes;
1239 5374 1450 5431 Filium
1482 5392 1692 5447 nempe
1750 5393 1864 5432 non
1913 5378 2071 5449 ejus-

420 5463 542 5521 dem
575 5463 937 5524 substantia
966 5480 1102 5520 cum
1126 5464 1310 5535 Patre,
1338 5464 1492 5537 quod
1529 5462 1821 5537 ὁμοούσιον
1841 5466 2067 5538 signiﬁ-

490 5628 547 5699 α)
578 5627 810 5697 9Maii,
844 5641 907 5697 p.
942 5624 1066 5699 ass.

490 5630 547 5699 α)
578 5628 810 5697 9Maii,
844 5641 907 5697 p.
942 5628 1042 5679 388

459 5628 535 5777 ((1))
565 5705 665 5761 Οτ-
700 5702 807 5777 2!»
844 5714 912 5751 η·
950 5696 1042 5777 2.3-

558 5778 658 5835 Or.
701 5774 802 5842 18,
841 5786 904 5824 n.
945 5769 1030 5823 18.

2186 4758 2309 4814 ulla
2366 4758 2426 4813 in
2477 4774 2537 4813 re
2594 4756 2969 4811 Nazianzena
3028 4755 3296 4811 Ecclesia
3380 4757 3836 4827 praeferantur.»

2184 4846 2353 4903 Nulla
2385 4862 2521 4919 ergo
2554 4845 2825 4903 Nazianzi
2873 4844 3166 4900 discordia
3215 4845 3324 4899 fuit
3368 4861 3519 4899 anno
3562 4844 3688 4917 362,
3734 4860 3841 4900 nec

2184 4936 2308 4992 ulla
2336 4936 2511 4991 etiam
2556 4933 2817 5007 Gregorii
2851 4934 3034 5005 patris
3090 4937 3230 4989 tunc
3277 4937 3401 4990 erat
3461 4933 3839 5006 subscriptio,

2182 5042 2212 5081 θ
2236 5042 2352 5096 qua
2369 5023 2685 5080 dissidium
2716 5024 2928 5094 erupit.
2953 5022 3205 5089 Quinino
3226 5039 3429 5079 recens
3463 5026 3585 5078 erat
3614 5022 3839 5078 tumul-

2185 5118 2304 5179 tus,
2331 5130 2465 5169 cum
2490 5113 2805 5185 Gregorius
2828 5112 3292 5185 nosterprimam
3314 5116 3515 5169 contra
3538 5111 3841 5168 Julianum

2183 5203 2504 5258 orationem
2542 5203 2848 5268 scriberet,
2881 5205 2948 5257 ut
2976 5201 3071 5257 his
3100 5202 3293 5257 verbis
3325 5202 3705 5257 manifestum
3753 5206 3845 5258 est

2183 5293 2254 5365 (1)
2282 5309 2294 5346 :
2330 5315 2357 5342 «
2381 5293 2572 5363 Atque
2606 5291 2834 5346 utinam
2869 5290 2966 5345 ille
2998 5307 3231 5362 quoque
3262 5296 3446 5347 coetus
3480 5292 3548 5348 ad
3600 5291 3846 5347 chorum

2192 5385 2462 5438 nostrum
2500 5397 2561 5437 se
2593 5381 2956 5453 adjungeret,
2991 5381 3111 5453 qui,
3148 5397 3283 5437 cum
3320 5381 3485 5453 prius
3516 5380 3847 5437 cantionem

2196 5471 2664 5542 haudquaquam
2687 5468 2974 5526 adulteria
2986 5486 3079 5527 am
3112 5475 3288 5544 atque
3310 5470 3630 5544 ignobilem
3651 5470 3849 5529 nobis-

2257 5629 2335 5701 (ά)
2371 5629 2544 5698 lbid.,
2578 5647 2637 5686 n.
2672 5631 2760 5686 17.

2277 5706 2327 5768 ε)
2359 5701 2453 5756 Or.
2488 5702 2542 5769 Ξ,
2579 5718 2635 5758 n.
2669 5703 2721 5755 8.

2277 5706 2327 5768 ε)
2359 5702 2453 5756 Or.
2488 5702 2542 5769 Ξ,
2579 5718 2635 5758 n.
2669 5703 2721 5755 8.

2255 5702 2325 5844 ll)
2354 5779 2449 5829 Or.
2484 5773 2535 5843 4,
2569 5790 2626 5828 n.
2657 5774 2745 5828 10.
