4100 6392
475 442 588 505 183

1813 439 2000 499 Vl'l‘A
2047 439 2112 497 S.
2162 435 2558 498 GBEGORII.

3748 437 3847 497 184

476 591 612 633 cum
644 573 760 631 Deo
793 569 1102 640 accineret,
1135 587 1201 627 ac
1234 569 1434 628 dextro
1465 570 1763 643 quondam
1796 571 1997 628 ordine
2049 570 2131 626 di-
2162 570 2214 637 Α
2243 567 2523 633 Ecclesia,
2556 563 2862 637 Gregorius
2897 564 3213 633 obmutuit,
3247 568 3311 621 ut
3335 564 3457 637 ipse
3475 568 3722 622 testatur.
3740 566 3847 625 Non

479 681 635 738 gnus
665 662 1000 733 haberetur,
1033 665 1209 733 atque
1241 661 1414 716 etiam
1440 660 1618 726 brevi,
1644 665 1707 715 ut
1738 661 1986 725 conﬁdo,
2020 660 2121 716 ha-

471 753 727 818 bebitur,
756 751 916 807 haud
950 750 1068 806 scio
1101 767 1216 822 qua
1249 766 1307 803 re
1339 757 1691 817 commotus,
1728 755 1964 821 repente
1994 767 2122 804 can-

474 848 602 898 tum
633 842 693 896 in
726 841 1021 895 diversum
1055 844 1262 910 mutat,
1300 837 1529 909 alioque
1571 840 1751 911 gradu
1809 845 1984 909 atque
2031 857 2119 893 0r-

472 931 607 986 dine
637 946 764 986 sese
787 928 1168 994 collocat;ac
1219 945 1289 982 ne
1340 928 1410 983 ob
1460 945 1832 983 communem
1885 928 2120 999 quidem

474 1019 756 1087 laetitiam,
778 1019 931 1089 quod
956 1017 1131 1072 etiam
1153 1019 1338 1088 magis
1376 1018 1573 1080 miror,
1601 1018 1811 1070 adduci
1845 1021 2032 1086 potest
2060 1024 2124 1072 ut

473 1107 778 1164 nobiscum
794 1107 1203 1177 conjungatur.
1222 1128 1248 1154 »
1276 1107 1404 1159 Haec
1431 1106 1684 1176 profecto
1706 1107 1898 1174 verba,
1937 1128 1963 1153 ‹‹
1989 1123 2122 1160 cum

473 1197 639 1269 prius
672 1196 1069 1250 cantionem...
1117 1194 1422 1249 nobiscum
1465 1194 1580 1249 Deo
1624 1194 1979 1249 accineret...
2031 1211 2125 1250 re-

472 1289 641 1356 pente
670 1288 906 1339 cantum
933 1284 989 1338 in
1014 1284 1311 1338 diversum
1367 1287 1573 1347 mutat,
1596 1308 1616 1333 ι
1648 1283 1959 1338 dissidium
1999 1299 2125 1338 mo-

473 1373 788 1427 nachorum
822 1389 1021 1428 recens
1051 1377 1247 1426 ortum
1282 1371 1459 1425 fuisse
1491 1370 1752 1425 indicant
1784 1370 1925 1426 satis
1955 1391 1967 1440 ;
2023 1388 2125 1427 nec

473 1478 588 1516 non
620 1478 759 1532 spes
789 1460 1025 1514 illorum
1063 1460 1306 1529 reditus,
1342 1459 1554 1514 lenitas
1584 1477 1701 1530 qua
1731 1478 1828 1516 eos
1854 1467 1914 1514 ut
1940 1479 2124 1516 mem-

472 1551 578 1605 bra
603 1566 711 1604 sua
732 1548 1470 1620 complectiturGregerius
1491 1549 1566 1618 (α)
1586 1567 1604 1612 ;
1621 1565 1685 1602 ac
1705 1549 1942 1603 demum
1969 1550 2124 1620 quod

475 1656 594 1694 non
626 1637 804 1692 semel
828 1638 907 1691 ait
928 1638 1001 1707 (ὁ)
1028 1618 1621 1691 ιηοῖηιο1ωεοη1ηἱυω
1645 1642 1970 1708 postremos
2002 1639 2126 1693 dis-

475 1725 743 1781 cessisse.
778 1727 860 1780 Ex
889 1724 984 1778 bis
1013 1725 1188 1778 etiam
1224 1725 1437 1793 pariter
1481 1725 1786 1779 conﬁcitur
1833 1730 2124 1783 recentem

476 1831 705 1886 quoque
767 1814 945 1867 fuisse
986 1813 1244 1884 Gregorii
1281 1813 1795 1884 subscriptionem,
1828 1814 1910 1868 vel
1974 1821 2127 1872 certe

475 1919 610 1958 eum
645 1919 760 1957 non
794 1901 963 1972 longe
995 1906 1166 1956 antea
1196 1902 1639 1973 subscripsisse.
1676 1905 1899 1959 Etenim
1934 1906 1980 1960 si
2015 1906 2124 1961 sub

473 1989 836 2056 Constantio,
866 2006 1018 2045 anno
1048 1990 1152 2043 368
1183 1989 1269 2044 vel
1309 1990 1437 2055 36ft,
1499 1991 1946 2063 subscripsisset
2004 1994 2125 2066 epi-

473 2096 686 2152 scopus
717 2079 1136 2147 Nazianzenus,
1163 2081 1452 2147 quomodo
1473 2080 1739 2134 monachi
1771 2082 2126 2152 indignatio-

483 2183 618 2223 nem
651 2184 819 2223 suam
855 2168 924 2222 ad
945 2184 1167 2223 annum
1192 2184 1380 2239 usque
1401 2169 1506 2222 363
1521 2169 1693 2223 corde
1724 2171 2127 2241 pressissent?

475 2258 594 2313 Aut
624 2257 672 2312 si
697 2255 902 2311 tandiu
925 2259 1395 2327 presserunt,cur
1416 2255 1832 2312 discessionem
1857 2259 2048 2315 subito
2071 2265 2129 2316 et

483 2344 767 2417 precipiti
799 2344 1043 2399 consilio
1071 2344 1278 2399 tribuit
1307 2346 1662 2416 Gregorius?
1693 2349 2012 2415 Quomodo,
2039 2349 2127 2404 in-

475 2451 677 2506 quam,
702 2433 1165 2505 indignationem
1182 2450 1350 2488 suam
1372 2437 1489 2488 tam
1507 2433 1677 2507 longo
1696 2443 1958 2507 tempore
1972 2455 2128 2508 pres-

478 2523 700 2580 sissent
733 2521 1024 2592 monachi,
1073 2539 1216 2594 quos
1241 2523 1363 2593 ipse
1398 2523 1465 2595 (c)
1493 2545 1518 2571 ››
1562 2524 1965 2581 ferventiorem
2021 2527 2124 2582 Ec-

477 2610 666 2667 clesiae
696 2615 921 2683 partem
954 2610 1256 2682 appellat?
1288 2611 1416 2678 Qui,
1453 2633 1480 2660 »
1505 2617 1569 2667 ut
1599 2612 1753 2669 idem
1813 2616 2124 2688 Gregorius

475 2699 558 2756 ait
587 2699 648 2754 in
679 2699 794 2754 alia
821 2700 1083 2755 oratione
1108 2700 1215 2771 (d),
1251 2723 1278 2750 «
1311 2701 1543 2756 tametsi
1580 2701 1797 2773 alioqui
1830 2704 2018 2774 pacati
2060 2722 2126 2760 ac

476 2787 763 2842 moderati
793 2787 932 2853 sint,
964 2787 1073 2843 hao
1104 2791 1302 2843 tamen
1337 2789 1393 2843 in
1427 2805 1486 2842 re
1509 2788 1669 2844 lenes
1700 2794 1756 2845 et
1780 2791 1976 2848 faciles
1999 2809 2126 2849 esse

475 2891 591 2930 non
623 2874 936 2941 sustinent,
969 2891 1100 2929 cum
1134 2876 1579 2946 per,silentium
1613 2885 1669 2933 et
1725 2880 1979 2950 quietem
2024 2882 2125 2937 Dei

477 2980 658 3019 causa
676 2962 981 3034 proditur;
1006 2980 1206 3018 verum
1231 2963 1326 3019 hic
1349 2965 1667 3021 admodum
1692 2967 1941 3024 bellaces
1965 2975 2124 3038 sunt,

472 3055 650 3123 atque
680 3052 739 3105 in
770 3051 1133 3124 confligendo
1172 3054 1351 3107 "acres
1384 3058 1440 3108 et
1489 3054 1727 3120 feroces,
1786 3055 2126 3128 bujusmodi

478 3139 636 3196 enim
668 3138 773 3195 zeli
807 3143 984 3195 estus
1043 3143 1152 3210 est,
1202 3140 1493 3212 citiusque
1523 3141 1770 3215 aliquid,
1799 3147 1952 3215 quod
2010 3165 2125 3202 non

477 3233 759 3301 oporteat,
791 3228 1161 3296 tentaverint,
1187 3244 1362 3301 quam
1387 3231 1542 3302 quod
1575 3248 1641 3287 ex
1665 3233 1855 3289 ofﬁcio
1886 3235 1960 3291 sit
1981 3253 2126 3307 prae-

2233 660 2370 714 dum
2407 673 2543 728 ergo
2578 655 2827 711 discissa
2858 661 3001 726 erat,
3035 673 3168 711 cum
3203 655 3424 727 primos
3456 660 3571 711 tres
3599 657 3662 710 ad
3693 674 3850 728 popu-

2232 747 2352 801 lum
2389 762 2689 802 sermones
2720 746 2927 801 habuit
2956 763 3107 801 anno
3139 747 3267 802 362.
3302 745 3480 816 quue
3519 745 3683 800 etiam
3731 747 3849 802 inde

2234 842 2410 908 patet,
2438 836 2592 906 quod
2627 852 2742 890 non
2775 836 2947 890 modo
2980 834 3123 889 nihil
3162 835 3218 890 in
3247 833 3339 889 his
3371 834 3720 890 orationibus
3739 852 3850 890 con-

2235 930 2324 978 tra
2356 923 2692 990 dissidium,
2729 923 2875 977 nihil
2909 923 2978 977 de
3002 939 3142 995 pace
3177 922 3333 977 dicat
3363 922 3688 995 Gregorius,
3718 925 3850 994 quod

2236 1014 2490 1083 profecto
2524 1029 2638 1066 non
2672 1012 2968 1066 omisisset
2998 1016 3191 1066 orator
3207 1010 3368 1082 pacis
3400 1011 3851 1082 amantissimus;

2234 1117 2434 1154 verum
2468 1100 2641 1154 etiam
2674 1099 3098 1154 Nazianzenam
3134 1098 3452 1154 Ecclesiam
3485 1101 3564 1171 (ἢ)
3587 1122 3612 1149 ‹‹
3646 1117 3751 1155 uno
3772 1117 3851 1156 co-

2234 1189 2486 1259 demque
2517 1189 2710 1242 animo
2746 1204 2928 1242 unum
2975 1188 3248 1259 idemque
3302 1188 3645 1243 sentientem
3672 1210 3697 1239 ››
3745 1188 3852 1244 lau-

2235 1277 2353 1332 det.

2237 1383 2472 1440 LXXIX.
2508 1383 2613 1438 Sub
2644 1385 2872 1440 Juliani
2901 1383 3069 1451 ﬁnem
3101 1384 3429 1454 subscripsit
3463 1385 3645 1454 impiae
3671 1392 3853 1454 formu-

2604 1456 2694 1522 lae,
2727 1455 2819 1509 sed
2853 1454 3097 1510 illaesum
3129 1471 3221 1509 cor
3249 1458 3510 1510 servavit.

2308 1543 2432 1600 Non
2463 1543 2643 1614 igitur
2674 1544 2783 1598 sub
2807 1542 3167 1612 Constantio,
3196 1545 3295 1599 sed
3319 1548 3591 1615 vergente
3613 1545 3677 1599 ad
3703 1545 3852 1600 linem

2232 1630 2449 1686 Juliani
2486 1632 2753 1703 imperio,
2793 1631 3053 1687 formulaa
3077 1632 3275 1688 minus
3298 1634 3625 1688 orthodoxae
3655 1634 3855 1688 videtur

2236 1720 2660 1791 subscripsisse
2677 1721 3007 1793 Gregorius,
3033 1722 3310 1793 deceptus
3335 1722 3675 1777 Arianorum
3707 1721 3852 1786 dolis,

2237 1810 2356 1879 qui,
2382 1810 2619 1864 absente
2638 1810 2777 1876 filio,
2811 1809 2964 1865 nacti
2992 1815 3384 1881 opportunam
3408 1826 3606 1866 senem
3633 1811 3853 1865 circum-

2235 1899 2502 1953 veniendi
2536 1901 2922 1966 occasionem,
2956 1900 3146 1970 specie
3178 1899 3604 1970 pacificationis
3643 1915 3762 1954 eum
3805 1899 3854 1953 in

2238 2003 2474 2058 pravam
2535 1985 2872 2042 societatem
2931 1991 3355 2059 pertraxerunt.
3426 1989 3572 2059 Dixi,
3649 1988 3857 2043 absente

2235 2073 2377 2140 filio,
2413 2075 2512 2144 qui
2546 2075 2843 2130 interdum
2877 2079 3131 2146 paternas
3165 2077 3375 2132 domus
3408 2076 3774 2134 sollicitudini
3807 2090 3857 2130 se

2235 2166 2612 2228 subtrahens,
2645 2166 2701 2218 in
2739 2164 2985 2218 amicam
3022 2165 3185 2219 Ponti
3220 2165 3602 2221 solitudinem
3655 2166 3722 2221 ad
3769 2165 3858 2219 Ba-

2235 2251 2434 2307 silium
2468 2252 2693 2307 evolare
2724 2252 2980 2321 solebat;
3009 2271 3313 2325 nunquam
3337 2256 3497 2310 enim
3523 2271 3587 2310 eo
3611 2256 3858 2327 praesente

2243 2342 2394 2413 patri
2429 2341 2674 2396 insidias
2706 2347 2931 2397 struere
2962 2343 3089 2396 ausi
3125 2343 3392 2413 fuissent.
3426 2346 3663 2415 Magnas
3691 2343 3744 2397 in
3771 2343 3858 2397 Ec-

2235 2429 2413 2485 clesia
2442 2430 2801 2485 Nazianzena
2821 2431 3024 2486 turbas
3049 2431 3599 2504 excitavitGregorii
3631 2431 3856 2487 subscri-

2237 2519 2376 2590 ptio,
2402 2523 2454 2573 et
2472 2520 2670 2574 statim
2695 2519 2963 2574 monachi
2987 2521 3057 2576 ab
3080 2521 3206 2590 ejus
3229 2521 3642 2576 communione
3665 2521 3855 2576 disces-

2237 2613 2474 2675 serunt;
2515 2612 2658 2679 quot
2709 2625 2860 2664 anno
2907 2609 3014 2663 363
3058 2610 3322 2681 contigit,
3374 2610 3424 2665 si
3471 2611 3702 2682 quidem
3734 2625 3854 2663 non-

2235 2697 2374 2752 dum
2405 2697 2815 2766 discesserant,
2851 2713 2983 2752 cum
3025 2716 3178 2753 anno
3225 2700 3331 2754 362
3370 2700 3730 2754 Nazianzena
3765 2698 3854 2751 Ec-

2235 2785 2422 2840 clesiae
2454 2787 2824 2840 concordiam
2856 2786 3124 2840 laudaret
3172 2788 3485 2860 Gregorius
3511 2813 3525 2856 ;
3555 2803 3741 2843 recens
3771 2801 3856 2839 au-

2236 2879 2354 2930 tem
2395 2878 2520 2929 erat
2551 2873 2852 2941 discessio,
2897 2891 3028 2930 cum
3064 2875 3313 2946 primam
3349 2881 3559 2932 contra
3591 2875 3858 2933 Julianum

2227 2963 2353 3035 jam
2377 2964 2730 3018 exstinctum
2753 2964 3096 3018 invectivam
3121 2964 3416 3020 scriberet.
3443 2966 3699 3036 Denique
3719 2961 3862 3019 dissi-

2236 3052 2352 3118 dio,
2390 3053 2543 3122 quod
2578 3051 2920 3108 diuturnum
2957 3069 3071 3107 non
3104 3053 3312 3121 fuerat,
3345 3054 3569 3124 sedato,
3600 3049 3862 3124 composi-

2237 3145 2316 3209 to,
2350 3145 2487 3207 etc.,
2520 3141 2842 3196 instaurata
2861 3145 2949 3197 est
2979 3141 3293 3196 concordia
3329 3159 3484 3197 anno
3521 3144 3644 3198 364.
3693 3145 3862 3195 Mona-

2237 3231 2378 3286 chos
2400 3231 2556 3285 enim
2579 3247 2613 3286 a
2638 3246 2698 3286 se
2727 3254 2752 3280 «
2780 3231 2853 3285 ob
2879 3231 3113 3302 pietatis
3137 3232 3326 3287 zelum
3352 3254 3378 3281 »
3404 3233 3750 3288 dissidentes
3768 3228 3856 3284 sibi

479 3317 854 3374 termiserint.
888 3340 915 3369 »
946 3318 1211 3388 Videant,
1240 3320 1339 3392 qui
1371 3320 1712 3393 Gregorium
1735 3304 2126 3395 patrem,_sub
2158 3304 2200 3369 (ἶ
2242 3324 2297 3374 et
2323 3321 2542 3374 cateris
2588 3320 2980 3375 reconciliavit
3010 3321 3343 3393 Gregorius,
3395 3327 3526 3377 tum
3582 3323 3653 3377 ob
3700 3319 3852 3392 ipsius

479 3407 836 3476 Constantio,
867 3407 1221 3464 Ariminensi
1245 3409 1504 3466 formulae
1529 3411 1952 3485 subscripsisse
1974 3415 2127 3470 arbi-

475 3498 726 3567 trantur,
757 3512 825 3551 ex
857 3513 970 3568 quo
1001 3501 1345 3568 sequeretur
1375 3499 1694 3556 monachos
1718 3517 1821 3572 per
1841 3503 1988 3559 duos
2028 3509 2130 3559 aut

473 3583 651 3640 etiam
668 3589 784 3640 tres
809 3602 996 3642 annos
1019 3585 1482 3659 indignationem
1498 3605 1668 3645 suam
1691 3590 2124 3663 dissimulasse,

467 3674 761 3744 quomodo
784 3674 906 3730 haec
937 3675 1249 3732 conciliare
1271 3676 1537 3743 valeant;
1566 3679 1962 3736 maximevero
1990 3698 2123 3736 cum

469 3779 536 3816 ex
563 3763 847 3833 Gregorio‘
877 3765 1050 3819 breve
1086 3766 1258 3820 fuerit
1279 3766 1618 3822 dissidium.
1643 3790 1670 3816 ‹‹
1699 3773 1802 3824 Eos
1826 3769 2004 3837 enim,
2024 3771 2123 3842 qui

463 3851 535 3905 ob
568 3850 798 3922 pietatis
834 3853 1026 3909 zelum
1085 3853 1471 3922 dissidebant,
1516 3855 1709 3927 inquit
1765 3858 1856 3928 (e),
1915 3863 1970 3913 et
2011 3859 2121 3912 sibi

463 3943 520 3994 et
550 3941 773 3994 ceteris
805 3941 1199 3997 reconciliavit
1221 3943 1556 4014 (Gregorius
1580 3947 1764 4014 pater)
1797 3950 2123 4016 postremos

468 4042 501 4080 a
533 4027 705 4081 nobis
739 4028 1058 4098 sejunctos,
1092 4033 1150 4084 et
1182 4029 1369 4100 primo
1401 4048 1684 4088 reversos.
1714 4056 1739 4082 ››
1772 4035 2124 4090 Brevissima

472 4113 736 4184 inquam,
770 4114 870 4169 illa
903 4117 1013 4172 fuit
1047 4117 1276 4187 divisio,
1309 4122 1458 4173 teste
1482 4121 1778 4192 Gregorio,
1805 4123 1903 4194 qui
1936 4145 1964 4172 ‹‹
1997 4139 2126 4179 eam

467 4200 860 4258 calamitatem
919 4204 1206 4260 hactenus
1237 4207 1481 4262 durasse
1528 4208 1731 4263 scribit
1762 4210 1867 4280 (f');
1910 4215 1974 4264 ut
2023 4229 2123 4282 per

470 4289 581 4344 hoc
611 4290 949 4359 dissidium,
982 4297 1267 4363 quantum
1300 4295 1459 4365 pacis
1517 4297 1737 4351 bonum
1797 4305 1972 4366 esset,
2019 4299 2120 4370 qui

477 4378 646 4433 divisi
672 4379 921 4450 fuerant,
957 4381 1371 4454 intelligerent,
1410 4386 1730 4456 statimque
1752 4387 1950 4442 odium
1975 4387 2118 4443 illud

479 4466 611 4522 odio
644 4467 928 4523 haberent
957 4487 1023 4525 ac
1055 4471 1449 4527 detestationi.
1485 4475 1608 4538 Qua
1638 4475 1799 4545 pacis
1830 4475 2121 4533 celeritate

473 4555 822 4626 subreptum
849 4557 991 4614 bene
1025 4558 1133 4613 fuit
1160 4563 1216 4614 et
1248 4561 1811 4633 obscuratum,quod
1847 4563 1905 4617 in
1926 4566 2118 4618 medio

469 4645 782 4716 contigit.»
808 4645 1228 4717 Ecquisautem
1258 4651 1603 4705 resarcitum
1623 4654 1742 4706 tam
1771 4652 2116 4708 «celeriter»
2152 4664 2196 4725 [)

460 4728 518 4776 et
549 4725 1032 4796 redintegratum,
1065 4728 1160 4782 vix
1191 4732 1257 4782 ut
1287 4730 1582 4785 exstitisse
1609 4732 1899 4794 credatur,
1945 4737 2120 4802 atque

462 4812 637 4866 etiam
671 4814 839 4868 breve
871 4815 1189 4870 dissidium
1223 4821 1392 4887 putet
1423 4819 1577 4888 quod
1613 4820 1782 4874 annis
1812 4819 2001 4873 tribus
2047 4821 2119 4875 ad

464 4899 776 4955 minimum
813 4908 914 4956 aut
945 4911 1199 4975 quatuor
1229 4908 1720 4976 perseveraverit?
1750 4907 1890 4971 Quis
1923 4910 2122 4964 credat

463 4986 549 5039 tot
579 4988 750 5042 annis
771 4988 1238 5062 indignationem
1265 5010 1430 5048 suam
1458 4995 1743 5064 pressisse
1775 4997 2119 5063 monachos,

467 5087 613 5143 quos
646 5097 674 5123 ‹‹
721 5078 1039 5134 admodum
1097 5080 1350 5136 bellaces
1417 5090 1588 5153 atque
1636 5084 1696 5138 in
1753 5086 2118 5156 confligendo

465 5176 630 5217 acres
661 5167 718 5218 et
741 5165 958 5222 feroces
990 5191 1017 5218 »
1055 5168 1258 5224 scribit
1288 5169 1592 5241 Gregorius
1624 5177 1825 5227 noster
1845 5174 1967 5243 (g)?

536 5252 680 5315 Quid
719 5251 888 5323 plura
917 5256 945 5308 ?
993 5257 1261 5322 Quandtu
1315 5257 1563 5315 discissa
1593 5261 1703 5315 fuit
1758 5261 2120 5318 Nazianzena

2239 3409 2637 3474 reverentiam,
2670 3413 2796 3464 tum
2829 3410 2900 3465 ob
2928 3411 3219 3481 dogmatis
3259 3410 3601 3481 puritatem.
3654 3432 3681 3459 «
3713 3407 3855 3463 Solus

2239 3515 2514 3570 namque,
2539 3502 2603 3553 ut
2624 3498 2703 3553 ait
2725 3498 3038 3570 Gregorius
3072 3503 3267 3554 noster
3299 3499 3390 3569 (ἰ),
3422 3498 3666 3554 illazsam
3717 3512 3856 3551 men-

2237 3591 2376 3655 tem,
2413 3586 2774 3658 minimeque
2817 3586 2996 3642 simul
3043 3603 3176 3642 cum
3227 3593 3561 3644 atramento
3613 3588 3859 3642 infectam

2237 3675 2495 3729 animam
2519 3675 2731 3730 habere
2754 3675 3008 3730 creditus
3032 3681 3141 3741 est,
3171 3677 3402 3730 tametsi
3419 3692 3524 3747 per
3546 3675 3720 3732 animi
3740 3673 3862 3729 sim-

2236 3764 2553 3833 plicitatem
2605 3765 2880 3835 abreptus
2935 3765 3165 3832 fuisset,
3224 3765 3548 3836 dolumque
3597 3767 3666 3821 ob
3705 3759 3862 3817 animi

2235 3852 2631 3906 sinceritatem
2661 3853 2732 3906 ob
2765 3852 2922 3906 omni
2953 3853 3084 3908 dolo
3119 3853 3370 3907 alienam
3406 3853 3652 3908 minime
3697 3850 3860 3906 cavis-

2234 3944 2393 3993 set.»
2431 3940 2514 3993 Ita
2571 3940 2762 4011 gravis
2817 3941 3085 3995 Ecclesiae
3135 3941 3511 3996 Nazianzenae
3571 3941 3862 4011 tempestas

2233 4028 2434 4081 sedata
2463 4032 2551 4081 est
2581 4028 2843 4099 Gregorii
2875 4029 3130 4100 episcopi
3168 4030 3440 4100 precibus
3461 4037 3516 4083 et
3542 4025 3865 4084 admonitio-

2234 4114 2427 4182 nibus,
2460 4120 2595 4170 nato
2646 4116 2876 4171 interim
2923 4117 3156 4188 pietatis
3205 4122 3260 4172 et
3307 4134 3495 4188 opera
3553 4119 3738 4182 socio;
3779 4111 3864 4184 qui

2231 4219 2364 4257 cum
2399 4203 2547 4274 patri
2581 4205 2650 4258 ad
2685 4220 2856 4259 omne
2887 4205 3107 4259 bonum
3140 4221 3334 4259 comes
3366 4209 3423 4259 et
3451 4207 3688 4277 adjutor
3708 4205 3864 4262 esset,

2232 4307 2297 4345 ac
2351 4292 2512 4346 velut
2564 4310 2598 4346 a
2654 4292 2834 4347 latere
2903 4298 3186 4359 curreret,
3271 4293 3366 4348 hic
3429 4295 3524 4349 Dei
3607 4289 3864 4347 beneﬁcio

2234 4379 2419 4435 multo
2452 4381 2767 4435 maximam
2804 4381 3021 4436 laboris
3053 4382 3351 4453 studiique
3401 4387 3630 4453 partem
3685 4383 3866 4436 contu-

2232 4469 2321 4523 lit.

2231 4574 2440 4648 LXXX.
2504 4576 2799 4648 Theologu:
2849 4577 3092 4648 loquitur
3138 4578 3369 4647 perinde
3406 4593 3469 4632 ac
3505 4581 3557 4632 si
3607 4593 3727 4632 reus
3771 4574 3870 4645 ipse

2298 4646 2461 4716 feret,
2496 4647 2636 4718 quod
2667 4649 2870 4716 pietati
2899 4646 3026 4716 ergo
3051 4646 3268 4718 patrem
3300 4650 3653 4704 tribuendum
3683 4655 3770 4703 est.

2304 4734 2548 4788 Miretur
2579 4734 2822 4788 forsitan
2857 4735 3152 4806 quispiam
3187 4753 3290 4790 cur
3321 4738 3654 4809 Gregorius,
3692 4737 3758 4788 de
3789 4747 3868 4786 se-

2229 4821 2449 4876 ditione
2490 4823 2769 4878 adversus
2818 4829 3045 4895 patrem
3103 4841 3278 4880 suum
3327 4826 3576 4880 excitata
3604 4842 3636 4880 a
3664 4826 3866 4878 ferven-

2227 4910 2372 4964 tiore
2430 4910 2699 4964 Ecclesiae
2747 4916 2908 4982 parte
2955 4913 3133 4966 verba
3182 4913 3421 4982 faciens,
3497 4913 3730 4984 perinde
3794 4908 3865 4962 lo-

2229 5003 2444 5068 quatur
2501 5015 2566 5054 ac
2615 4999 2661 5055 si
2713 5000 2838 5071 ipse
2895 5017 3029 5056 reus
3085 5005 3241 5056 esset
3296 5006 3354 5056 et
3406 5018 3538 5056 cum
3601 5005 3757 5071 patre
3811 4996 3863 5048 in

2228 5104 2465 5156 pravam
2524 5089 2865 5144 societatem
2953 5094 3282 5160 pertractu
3365 5090 3600 5144 fuisset:
3654 5111 3682 5137 ‹‹
3732 5086 3864 5140 Nam

2227 5191 2383 5241 cum,
2415 5176 2606 5247 inquit
2625 5177 2708 5246 (ᾔ),
2744 5194 2778 5231 a
2800 5177 3150 5232 ferventiore
3173 5178 3437 5233 Ecclesiae
3457 5184 3619 5249 parte
3645 5177 3715 5231 ob
3748 5186 3863 5228 eam

2229 5279 2465 5319 causam
2501 5266 2708 5321 seditio
2740 5266 2804 5321 in
2835 5282 2943 5321 nos
2970 5266 3222 5322 excitata
3251 5272 3438 5334 esset;
3469 5266 3623 5338 quod
3666 5262 3866 5332 scripto

2297 5459 2314 5528 (
2347 5460 2362 5530 )
2395 5458 2489 5514 Or.
2524 5460 2579 5525 6,
2613 5477 2670 5515 n.
2703 5464 2737 5516 8
2766 5464 2824 5516 et
2856 5461 2946 5516 12.

2304 5465 2624 5600 (moi-.21,
2657 5549 2716 5587 n.
2747 5532 2839 5586 25.

2321 5529 2378 5654 ἕ)
2407 5529 2501 5584 0r.
2533 5531 2624 5601 2t,
2657 5549 2716 5587 n.
2747 5532 2839 5586 25.

2361 5602 2376 5670 )
2409 5600 2508 5657 Or.
2547 5601 2602 5669 3,
2635 5619 2693 5657 n.
2725 5604 2780 5657 6.

2295 5606 2376 5670 (h)
2409 5606 2508 5657 Ur.
2547 5606 2602 5669 3,
2635 5619 2693 5657 η.
2725 5606 2780 5657 6.

2298 5673 2364 5752 (Ξ)
2392 5672 2488 5752 9“
2525 5674 2613 5752 ἐξ»
2646 5691 2703 5729 ηο
2741 5674 2828 5752 .1?-

2300 5743 2363 5812 (7‘)
2387 5741 2482 5798 0r.
2518 5743 2604 5810 18,
2637 5761 2695 5799 η.
2733 5745 2820 5798 18.
