4100 6464
367 430 497 503 ηδ

1786 451 1971 525 VITA
2015 450 2082 521 S.
2129 450 2525 523 GBEGORII.

3738 446 3856 511 186

398 576 658 653 quedam
685 584 745 639 et
770 585 1147 649 artiﬁciosis
1176 592 1361 652 verbis
1399 590 1848 671 circumscripti,
1877 592 1934 655 in
1961 615 2095 675 pra-
2125 598 2175 671 Α
2211 595 2338 677 quit
2367 596 2677 680 Gregorius
2709 600 2800 679 (ο),
2832 600 2941 661 hac
2970 600 3027 660 in
3077 618 3139 661 re
3169 593 3605 659 consultoribus
3636 611 3701 653 ac
3731 586 3852 653 sin-

408 686 541 727 vam
563 672 925 735 societatem
960 685 1251 753 pertractl
1273 686 1605 743 fuissemus.
1645 711 1665 737 ι
1702 688 1917 746 Verum
1950 672 2104 748 absit

426 767 495 819 ut
520 762 881 823 arbitremur
912 773 1271 844 Gregorium
1313 779 1889 843 nostrum,doctrinas
1903 782 2101 838 catho-

434 850 555 908 licae
587 854 855 925 pugilem
879 862 1216 934 egregium,
1235 865 1554 922 simulcum
1581 874 1743 939 patre
1765 870 1836 925 ad
1869 870 2100 928 Arianis

449 941 744 1030 deceptum
778 946 992 1005 fuisse.
1028 952 1091 1007 Id
1124 954 1279 1008 enim
1312 956 1510 1025 pietati
1554 973 1692 1030 erga
1721 963 2019 1030 parentem
2042 965 2101 1017 et

454 1029 1023 1095 hunianitatidatum
1054 1042 1239 1098 videri
1257 1044 1444 1112 debet,
1470 1029 1735 1118 quoddel
1759 1047 1931 1119 culpa
1946 1049 2101 1105 velut

448 1124 743 1179 communi
783 1125 1083 1199 loquatur.
1117 1134 1260 1187 Cum
1301 1141 1497 1189 autem
1531 1152 1646 1191 non
1678 1134 1961 1208 seipsum,
1996 1138 2096 1195 sed

442 1210 632 1268 solum
663 1218 893 1286 patrem
928 1227 1185 1287 excuset,
1218 1245 1244 1272 ‹‹
1276 1223 1352 1294 (α)
1386 1224 1484 1295 qui
1530 1224 1690 1281 solus
1720 1225 1969 1282 illaesum
2002 1244 2100 1283 cor

441 1298 676 1369 habere,
714 1320 823 1360 nec
855 1307 1031 1363 simul
1064 1309 1319 1367 animam
1345 1329 1476 1367 cum
1511 1319 1835 1371 atramento
1853 1317 2097 1373 fcedasse

441 1392 704 1448 creditus
737 1398 849 1465 est,
886 1418 913 1443 ››
944 1396 1163 1453 indicat
1212 1398 1469 1472 seipsum
1503 1419 1617 1458 non
1649 1404 2095 1476 subscripsisse,

447 1479 709 1551 adeoque
741 1499 846 1538 nec
878 1491 1116 1542 externa
1137 1489 1361 1545 actione
1401 1507 1644 1547 errasse.
1680 1493 1960 1550 Praeterea
1989 1496 2095 1551 ob-

452 1570 830 1635 servandum,
865 1572 1096 1645 culpam
1129 1579 1579 1651 subscriptionis
1610 1588 1861 1653 paterna:
1894 1586 2095 1655 praeci-

449 1671 561 1726 pue
592 1656 918 1717 derivatam
942 1662 1002 1717 in
1037 1664 1243 1734 ﬁlium,
1276 1670 1431 1738 quod
1464 1686 1596 1725 cum
1632 1676 1814 1742 patre,
1850 1677 1914 1727 ut
1942 1674 2097 1729 vide-

442 1745 640 1809 batur.
674 1747 844 1820 lapso
871 1755 1339 1810 communionem
1373 1759 1666 1827 retineret,
1701 1777 1805 1816 nec
1821 1762 1972 1817 abeo
2004 1778 2094 1817 se-

442 1850 527 1901 se,
564 1837 650 1890 uti
683 1840 1078 1909 ferventiores,
1113 1852 1428 1915 separaret.

2211 694 2358 749 ceris
2380 695 2771 751 monitoribus
2789 712 2953 762 usus,
2969 693 3271 750 nobiscum
3298 692 3357 745 in
3383 691 3626 746 Pontum
3650 685 3853 785 pr‘ot‘u-

2209 783 2312 856 git.
2350 805 2378 834 ι)
2410 785 2806 841 Secessionem
2833 783 2992 840 illam
3027 800 3179 839 anno
3209 783 3313 837 361i
3343 783 3605 845 exeunte.
3634 780 3852 875 “Ut-19'

2199 878 2383 929 eunte
2407 875 2531 939 365,
2571 874 2969 931 collocandum
3028 890 3155 930 esse
3208 871 3417 946 probat
3465 872 3666 923 auctor
3724 865 3852 919 Vita:

2207 964 2386 1017 sancti
2404 964 2625 1029 Basilii,
2668 980 2793 1035 cap.
2825 964 2879 1027 9,
2914 979 2970 1018 n.
3025 964 3059 1016 6
3093 980 3106 1018 :
3138 962 3338 1032 itaque
3386 959 3511 1031 jam
3567 955 3851 1013 exstincto

2207 1050 2525 1107 schismate
2556 1051 2914 1107 Nazianzeno
2946 1049 3209 1122 contigit.

2275 1136 2558 1195 Basilium
2580 1144 2773 1196 autem
2805 1138 3163 1213 presbyterio
3181 1138 3441 1195 nondum
3473 1135 3855 1201 initiatum,et

2205 1228 2265 1283 in
2295 1228 2608 1285 solitudine
2632 1234 2920 1302 agentem,
2967 1246 3119 1284 anno
3150 1230 3273 1283 363.
3304 1227 3616 1299 Gregorius
3647 1240 3851 1280 conve-

2207 1321 2406 1373 nerat:
2443 1318 2673 1373 sublato
2704 1318 2923 1374 scilicet
2954 1334 2983 1374 e
3041 1317 3187 1373 vivis
3214 1316 3450 1373 Juliano
3480 1318 3777 1387 Apostata,
3802 1316 3859 1369 et

2206 1407 2398 1462 adhuc
2434 1407 2712 1479 ﬂagrante
2741 1408 3102 1463 Nazianzeno
3135 1407 3453 1463 schismate
3477 1423 3489 1475 ;
3509 1404 3707 1476 ibique
3738 1420 3858 1459 am-

2206 1494 2312 1551 bas
2342 1496 2401 1550 in
2425 1500 2767 1567 Apostatam
2827 1498 3120 1553 orationes
3179 1496 3509 1568 scripserat,
3544 1494 3856 1565 adjuvante

2206 1599 2309 1638 seu
2334 1583 2677 1640 consiliante
2708 1584 2942 1652 Basilio,
2974 1588 3039 1639 ut
3065 1601 3133 1640 ex
3161 1584 3255 1638 his
3288 1583 3555 1638 secundae
3578 1578 3856 1635 Steleuti-

2206 1689 2283 1728 cae
2315 1672 2420 1745 (sic
2453 1673 2737 1729 enimillae
2758 1676 3201 1746 nuncupantur)
3220 1669 3853 1740 verbiscolliguntcru-

2205 1760 2311 1816 diti
2339 1778 2399 1815 :«
2424 1762 2553 1817 Haec
2582 1762 2691 1818 tibi
2723 1762 2976 1819 Basilius
3032 1767 3088 1818 et
3137 1760 3471 1834 Gregorius,
3508 1781 3535 1809 »
3582 1762 3689 1813 etc.
3725 1757 3852 1813 Non

2204 1848 2629 1921 imprudenter,
2670 1856 2737 1907 ut
2766 1853 2930 1908 Petro
2979 1852 3175 1907 Guneo
3224 1849 3474 1914 videtur,
3526 1846 3853 1918 Julianum,

493 1941 746 1997 LXXXI.
781 1945 1064 2002 Prxclara
1086 1947 1332 2021 Gregorii
1352 1953 1409 2006 in
1447 1953 1591 2009 hanc
1618 1971 1734 2010 rem
1763 1959 2055 2013 sententia.
2127 1973 2173 2037 Β
2211 1944 2548 2037 “Utanqu‘fm
2581 1940 2865 2037 ilffcenﬁi
2894 1940 3087 2037 Palem
3110 1939 3388 2037 omnibus
3418 1937 3736 2037 ludibrium
3770 1936 3852 1989 fe-

510 2029 659 2085 Huic
682 2038 900 2087 nostra:
933 2040 1002 2090 de
1033 2036 1277 2092 dissidio
1309 2040 1680 2097 Nazianzcnze
1715 2045 1980 2100 Ecclesiae
2038 2051 2094 2102 et

439 2118 772 2175 instaurata
803 2138 942 2192 pace
964 2125 1357 2195 disquisitioni
1373 2130 1546 2185 ﬁnem
1563 2132 1936 2203 imponamus
1952 2151 2092 2206 prai-

435 2205 600 2262 clara
627 2209 689 2263 in
724 2208 878 2265 hanc
899 2229 1017 2267 rem
1060 2214 1317 2287 Gregorii
1353 2220 1641 2274 sententia
1672 2238 1684 2275 :
1729 2240 1751 2269 α
1775 2205 1995 2290 Nihil,»
2031 2229 2097 2278 ut

434 2296 712 2351 observat
742 2298 829 2353 vir
848 2306 1087 2357 sanctus
1118 2303 1175 2357 in
1208 2306 1467 2363 oratione
1509 2324 1683 2380 quam
1718 2312 1789 2366 de
1820 2329 1959 2383 pace
1990 2313 2092 2367 ha-

440 2384 686 2456 buit(b),
728 2410 748 2433 α
783 2404 902 2453 eos,
930 2390 1028 2459 qui
1060 2392 1287 2448 sincero
1331 2395 1509 2469 animi
1544 2399 1751 2454 affectu
1784 2401 1966 2457 Deum
2000 2419 2096 2457 co-

445 2471 599 2539 lunt,
630 2491 800 2545 aeque
820 2477 975 2532 inter
1004 2496 1067 2534 se
1095 2482 1384 2553 conciliat,
1420 2489 1594 2557 atque
1624 2490 1996 2546 consentiens
2026 2493 2097 2548 de

453 2561 569 2616 Deo
599 2563 859 2619 doctrina
893 2584 905 2621 :
940 2570 1433 2637 quemadmodum
1460 2579 1661 2631 contra
1677 2578 1824 2632 nihil
1846 2580 1915 2633 ad
1932 2580 2099 2636 dissi-

452 2652 615 2705 dium
651 2653 727 2707 ita
757 2663 1093 2729 promptum
1127 2676 1191 2713 ac
1222 2667 1494 2731 paratum
1528 2669 1637 2730 est,
1673 2672 1736 2722 ut
1778 2668 2006 2726 diversa
2035 2673 2093 2726 in

450 2738 557 2793 hac
582 2758 638 2795 re
664 2744 997 2800 animorum
1031 2752 1338 2806 sententia.
1387 2752 1488 2807 Hic
1546 2754 1725 2822 enim,
1785 2759 1961 2815 etiam
1994 2760 2094 2830 qui

442 2828 577 2882 aliis
610 2831 667 2883 in
703 2831 878 2887 rebus
909 2834 1288 2905 aequissimus
1318 2845 1374 2895 et
1394 2840 1709 2899 facillimus
1740 2852 1847 2912 est,
1882 2828 2097 2905 ferven-

439 2916 717 2973 tissimus
749 2920 939 2976 existit
972 2940 984 2989 ;
1018 2940 1083 2978 ac
1116 2934 1463 2985 mansuetus
1484 2947 1616 2986 vere
1648 2950 1883 3007 pugnax
1922 2937 2097 2992 effici-

437 3010 552 3069 tur,
591 3024 728 3062 cum
761 3025 825 3064 se
846 3027 948 3081 per
976 3012 1274 3071 lenitatem
1289 3019 1696 3088 Deijacturam
1730 3024 2093 3097 facere,imo,

438 3099 500 3146 ut
532 3096 753 3151 rectius
786 3097 1013 3170 loquar,
1046 3118 1150 3173 per
1178 3106 1608 3177 prolapsionem
1656 3128 1848 3180 suam,
1882 3096 2091 3183 Deum,

435 3182 533 3251 qui
568 3200 679 3238 nos
712 3190 768 3239 et
799 3203 901 3257 pro
923 3189 1138 3246 divitiis
1168 3192 1627 3253 habetetdivites
1658 3200 2094 3268 reddit,damno

430 3271 673 3327 afficere
704 3275 1005 3345 conspicit.
1038 3279 1129 3333 Sic
1158 3281 1355 3353 igitur,
1398 3300 1506 3340 nos
1554 3286 1613 3340 in
1673 3288 1803 3360 ipsa
1860 3306 2094 3363 quoque

2203 2028 2281 2083 cit
2305 2053 2318 2095 ;
2349 2051 2368 2076 υ
2387 2030 2487 2084 sed
2522 2029 2724 2084 multis
2750 2034 2805 2085 et
2826 2030 3024 2102 magni
3050 2028 3324 2084 momenti
3350 2026 3675 2082 rationibus
3700 2029 3847 2097 Apo-

2203 2120 2420 2171 statam
2453 2118 2680 2189 publice
2711 2118 3085 2190 proscindere
3116 2116 3452 2189 compulsus
3483 2119 3591 2171 est.
3644 2112 3848 2168 Prazci-

2204 2220 2352 2275 puas
2382 2209 2612 2261 tantum
2670 2208 2913 2274 caateris,
2948 2207 3247 2263 brevitatis
3291 2223 3467 2261 causa
3498 2202 3849 2277 praetermis-

2205 2294 2309 2360 sis,
2368 2294 2730 2351 exhibemus.
2782 2296 2858 2368 (d)
2899 2296 3091 2351 Primo
3129 2295 3311 2368 igitur
3358 2294 3682 2366 oportebat,
3742 2290 3852 2347 hoc

2206 2383 2469 2455 exemplo
2501 2401 2599 2441 eos
2628 2386 2685 2439 in
2717 2384 3324 2451 veritateconﬁrmari,
3349 2383 3598 2454 quicum
3631 2380 3855 2436 univer-

2207 2488 2405 2527 sarum
2438 2473 2673 2543 quidem
2708 2491 2903 2530 rerum
2926 2474 3108 2530 Deum
3132 2474 3539 2543 confiteantur,
3567 2475 3763 2525 tamen
3782 2469 3854 2525 ob

2207 2560 2417 2615 animae
2448 2578 2564 2615 suae
2586 2561 2900 2632 levitatem,
2936 2563 3307 2633 superbiente
3332 2560 3537 2632 impio,
3555 2558 3856 2629 cogitatio-

2209 2649 2382 2704 nibus
2414 2649 2829 2717 incenduntur,
2864 2655 3232 2721 peccatorum
3256 2666 3456 2721 pacem
3489 2665 3605 2704 non
3639 2649 3852 2712 ferunt,

2207 2754 2311 2793 nec
2344 2738 2443 2795 Dei
2476 2738 2786 2795 consilium
2817 2743 3148 2811 exspectare
3180 2737 3496 2793 sustinent.
3534 2736 3602 2808 (ε)
3633 2735 3854 2791 Deinde

2205 2826 2424 2882 Juliani
2456 2828 2781 2884 facinorum
2805 2827 3171 2884 enarratione
3194 2826 3510 2901 gentilibus
3536 2826 3853 2883 ostenden-

2206 2916 2347 2971 dum
2380 2920 2525 2983 erat,
2564 2938 2591 2969 α
2612 2918 2751 2988 quid
2776 2918 2907 2973 illos
2938 2919 3234 2973 daemones
3256 2917 3523 2971 doceant.
3560 2938 3585 2965 »
3612 2916 3678 2985 (Γ)
3703 2915 3856 2969 Tan-

2206 3004 2337 3059 dem
2371 3006 2481 3076 ipsi
2507 3006 2936 3077 lideles,eorum
2964 3024 3088 3078 quae
3107 3005 3264 3077 passi
3306 3005 3536 3061 fuerant
3556 3002 3863 3076 expositio-

2206 3109 2298 3163 ne,
2323 3096 2733 3151 commonendi
2788 3097 3047 3162 fuerunt,
3076 3112 3153 3151 ne
3196 3094 3564 3167 tempestatis
3596 3093 3653 3146 in
3699 3095 3860 3147 tran-

2207 3182 2495 3253 qmllitate
2525 3184 3020 3256 obliviscerentur,
3059 3206 3085 3235 «
3123 3201 3228 3241 nec
3258 3183 3445 3239 morbi
3496 3183 3553 3237 in
3586 3181 3855 3247 sanitate,

2206 3289 2311 3328 nec
2326 3274 3071 3345 captivitatis,incolumnes
3086 3274 3141 3329 in
3156 3273 3479 3330 Jerusalem
3507 3270 3857 3334 reversi,nec

850 3336 866 3345 -
1179 3336 1213 3353 υ
1341 3336 1355 3350 τ
1402 3336 1501 3340 ηη
1558 3336 1613 3340 ---
1675 3336 1803 3360 τυ-
1863 3336 2091 3363 -ιυννιωθ

433 3362 811 3418 contentione
843 3366 1197 3423 moderatius
1247 3388 1352 3426 nos
1384 3372 1545 3443 ipsos
1573 3377 1868 3446 gessimus
1898 3396 1913 3447 ;
1949 3381 2091 3436 adeo

2204 3336 2430 3434 Egypti
2452 3368 2583 3435 post
2611 3336 2943 3437 Egyptum.
2981 3386 3008 3413 ››
3070 3364 3148 3418 Ex
3199 3362 3292 3419 his
3342 3361 3705 3417 orationibus
3736 3360 3851 3416 duo

433 3454 501 3502 ut
535 3451 847 3506 concordia
878 3453 1273 3523 disiunctione
1293 3459 1648 3530 ipsaclarior
1677 3466 1872 3537 fuerit,
1905 3486 1971 3523 ac
1994 3484 2095 3540 per

432 3552 520 3601 ea,
554 3554 689 3608 quae
712 3540 985 3612 utrinque
1019 3543 1150 3599 laeta
1177 3550 1231 3601 et
1257 3551 1580 3607 commoda
1609 3555 1976 3625 exstiterunt,
2008 3558 2091 3624 id,

432 3626 592 3695 quod
617 3627 679 3681 in
714 3629 905 3686 medio
936 3633 1349 3706 contigit,pene
1370 3640 1715 3713 subreptum
1738 3648 1794 3700 et
1816 3646 2093 3705 obscura-

429 3718 587 3769 tum.
624 3738 653 3763 ι)

430 3821 722 3903 LXXX_1B
742 3828 1008 3903 Nomenti
1036 3831 1098 3883 in
1151 3830 1389 3887 Ecclesia
1429 3835 1761 3895 Cwsariensi
1800 3828 2095 3903 discordia:

497 3894 941 4020 ηἷειέενέἐςαίαριί
972 3899 1277 3973 Gregorius,
1311 3910 1365 3959 et
1393 3910 1678 3965 orationes
1710 3912 1769 3967 in
1804 3894 2093 3972 £52th;

500 3981 531 4019 ε
553 3982 591 4019 α
627 3981 691 4020 ar
755 4009 768 4020 .

500 3981 768 4020 elaborat.

503 4052 626 4115 Quo
655 4057 921 4125 tempore
951 4057 1199 4116 discissa
1226 4069 1351 4118 erat
1401 4065 1765 4126 Nazianzena
1811 4072 2086 4147 Ecclesia,

439 4138 592 4195 aliud
624 4142 886 4199 schisma
919 4164 1033 4202 non
1068 4150 1264 4207 minus
1294 4154 1876 4216 exitialeCeesariensi
1902 4163 2089 4220 Eccle-

433 4228 532 4284 size
563 4230 959 4301 impendebat,
995 4240 1053 4290 et
1072 4237 1323 4309 jamjam
1347 4248 1470 4298 erat
1491 4245 1779 4303 oriturum
1793 4264 1863 4303 ex
1878 4251 2087 4307 simul-

426 4318 676 4387 tatibus,
710 4337 856 4391 quas
886 4324 1175 4383 Eusebius
1202 4328 1577 4388 Cresariensis
1608 4334 2086 4412 episcopus,prm-

426 4406 521 4460 sul
557 4406 693 4463 licet
724 4426 953 4467 morum
977 4413 1280 4473 honestate
1300 4418 1495 4475 clarus
1517 4426 1573 4476 et
1587 4406 2083 4500 pietateinsig-nis,

425 4495 712 4551 adversus
742 4499 1018 4556 Basilium
1051 4507 1389 4575 exercebat;
1416 4511 1584 4580 cujus
1614 4512 1696 4567 rei
1729 4530 1907 4571 causa
1932 4495 2085 4589 opti-

427 4599 659 4640 morum
696 4602 1081 4661 quorumque,
1098 4594 1386 4667 praecipue
1407 4615 1539 4655 vero
1572 4602 2083 4678 monachorum,in

2205 3453 3066 3524 praetereadiscimus,quorum
3088 3453 3250 3523 prius
3271 3453 3339 3506 ad
3370 3449 3676 3506 historiam
3710 3449 3853 3505 Gre-

2203 3541 2350 3616 gorii
2382 3545 2439 3597 et
2472 3542 2671 3598 Basilii
2703 3543 2953 3614 pertinet
2987 3540 3273 3608 ;alterum
3299 3538 3709 3610 tidelibus,qui
3743 3538 3853 3595 sub

2202 3630 2383 3705 impio
2407 3647 2541 3704 rege
2569 3632 2793 3697 vivunt,
2820 3629 3157 3686 erudiendis
3186 3629 3466 3683 idoneum
3510 3633 3617 3682 est.
3654 3628 3855 3699 Itaque

2200 3720 2483 3794 Gegorius
2497 3736 2558 3775 se
2571 3724 2628 3774 et
2651 3718 2931 3775 Basiliam
2951 3723 3282 3790 postremos
3294 3718 3362 3771 ad
3389 3714 3850 3787 persecutionem

2202 3828 2236 3867 a
2258 3810 2492 3865 Juliano
2523 3812 2848 3864 reservatos
2876 3823 3004 3863 esse
3035 3807 3221 3874 docet,
3284 3804 3366 3860 sic
3410 3820 3543 3859 eum
3595 3803 3850 3875 compel-

2201 3897 2331 3953 lans
2357 3897 2472 3969 (g):
2508 3919 2537 3946 «
2569 3895 2697 3950 Haec
2735 3895 2839 3949 tibi
2873 3892 3122 3949 Basilius
3180 3896 3238 3948 et
3288 3889 3669 3961 Gregorius...
3703 3906 3850 3959 quos

2201 4002 2337 4042 cum
2368 3991 2425 4042 et
2447 3986 2563 4040 vita
2584 3990 2642 4040 et
2671 3999 2961 4051 sermone,
2992 3988 3050 4038 et
3080 3990 3286 4037 mutua
3323 3978 3630 4035 concordia
3662 3978 3851 4033 claros

2198 4081 2256 4131 et
2275 4075 2527 4131 celebres
2549 4075 2671 4146 jam
2702 4074 2837 4129 inde
2868 4089 2902 4127 a
2949 4072 3168 4129 Graecia
3207 4085 3478 4126 nosses...
3524 4071 3851 4139 postremos

2198 4165 2269 4220 ad
2296 4164 2755 4236 persecutionem
2779 4162 3138 4217 reservabas.
3175 4161 3480 4214 nFortunze
3509 4155 3798 4229 templum
3821 4173 3854 4211 a

2196 4252 2651 4307 Caesariensibus
2673 4249 3047 4322 Cappadociae
3065 4249 3174 4304 sub
3188 4246 3420 4305 Juliano
3435 4261 3822 4316 eversum,pce
3837 4274 3851 4282 -

2196 4357 2300 4395 nas
2330 4341 2552 4395 factum
2585 4340 2657 4395 ob
2688 4338 2830 4393 illud
2863 4338 3030 4394 abeis
3044 4340 3313 4409 sumptas
3344 4337 3702 4390 memoratet
3718 4350 3850 4404 pro-

2195 4429 2385 4500 priam
2416 4446 2481 4484 eo
2514 4430 2585 4484 de
2615 4429 2848 4499 negotio
2880 4425 3301 4482 sententiamin
3324 4424 3513 4495 prima
3541 4422 3852 4477 Steleutica

2195 4518 2508 4591 Gregorius
2531 4517 2718 4591 aperit
2749 4518 2857 4573 hoc
2890 4518 3061 4571 modo
3093 4516 3173 4609 (hi
3280 4516 3471 4609 {Quae
3500 4535 3522 4563 υ
3576 4511 3851 4609 Julianus

2196 4628 2224 4658 «
2262 4607 2317 4661 in
2349 4607 2731 4663 Caesarienses
2762 4609 2993 4661 nostros
3015 4604 3274 4673 admisit,
3306 4602 3436 4672 hos,
3457 4601 3851 4671 inquam,ani-

424 4688 485 4727 se
507 4673 710 4728 odium
752 4679 1079 4735 concitavit.
1113 4681 1181 4737 Hi
1215 4700 1490 4757 namque.
1529 4688 1733 4761 iniquo
1771 4693 1969 4751 animo
2000 4673 2078 4752 i‘e-
2112 4702 2158 4766 D
2192 4695 2273 4750 mi
2306 4695 2709 4767 magnitudine
2740 4694 3032 4767 praeditos,
3058 4709 3124 4748 ac
3146 4692 3378 4763 pietatis
3399 4690 3592 4744 studio
3626 4689 3849 4742 ferven-

425 4767 621 4816 rentes
652 4763 859 4820 ducem
891 4783 1066 4823 suum
1111 4769 1397 4829 Basilium
1429 4775 1501 4831 ab
1538 4778 1799 4834 Ecclesiaa
1839 4783 2088 4839 admini-

426 4849 710 4904 stratione
742 4856 1018 4910 removeri
1053 4863 1227 4932 atque
1283 4861 1501 4933 injuria
1529 4864 1703 4936 afﬁci,
1750 4869 1947 4924 statim
1980 4888 2084 4927 au-

426 4937 553 4991 daci
582 4939 833 4999 facinore
863 4946 935 5001 ab
958 4947 1211 5021 episcopi
1235 4951 1645 5008 communione
1667 4957 1934 5013 recedere
1965 4965 2084 5016 sta-

425 5031 947 5106 tuunt,secumque
980 5041 1205 5107 partem
1230 5038 1416 5109 plebis
1448 5045 1505 5095 et
1526 5041 1945 5103 honoratorum
1968 5066 2081 5105 non

421 5118 689 5187 exiguam
720 5120 1090 5180 abstrahunt.
1125 5130 1198 5179 At
1230 5127 1868 5204 Basilius,filiuspacis,
1894 5152 2009 5191 non
2030 5138 2081 5195 is

419 5212 567 5273 erat,
596 5208 697 5280 qui
728 5226 838 5266 sua
867 5227 1043 5267 causa
1093 5214 1414 5272 Ecclesiam
1459 5216 1703 5275 lacerari
1736 5225 2033 5292 pateretur
2064 5252 2078 5295 ;

420 5297 754 5354 consiliario
786 5302 842 5355 et
884 5300 1182 5358 hortatore
1234 5305 1513 5377 Gregorio
1544 5312 1738 5377 utens,
1793 5328 1911 5367 una
1942 5330 2077 5371 cum

416 5383 513 5440 illo
546 5385 604 5441 in
638 5387 939 5445 Ponticam
964 5390 1343 5450 solitudinem
1377 5397 1654 5455 secessit:
1682 5422 1711 5451 ι(
1747 5400 1950 5474 Nobis,
1985 5401 2079 5460 in-

505 5566 566 5640 a)
600 5564 774 5640 Boll.,
806 5566 841 5620 9
870 5566 1029 5637 Maii,
1063 5585 1120 5640 p.
1152 5570 1277 5626 385.

506 5638 557 5707 b)
587 5638 684 5694 Or.
699 5639 759 5707 6,
792 5654 849 5692 n.
879 5640 965 5693 12.

503 5710 549 5779 ε)
577 5711 675 5766 Or.
695 5710 793 5779 43,
827 5725 889 5764 n.
911 5710 1001 5765 29.

503 5724 532 5763 c
577 5711 675 5766 Or.
695 5710 793 5779 43,
827 5710 955 5764 n.21

475 5709 549 5855 id;
580 5782 679 5839 Or.
716 5781 773 5853 4,
808 5797 870 5837 n.
898 5781 955 5835 8.

2195 4788 2305 4849 tes,
2338 4783 2417 4839 ita
2447 4785 2517 4839 ab
2550 4801 2616 4839 eo
2646 4787 2991 4856 exagitatos,
3024 4798 3088 4836 ac
3115 4797 3216 4853 per
3237 4777 3849 4874 contumeliam‘vexa-

2198 4878 2310 4945 tos,
2345 4873 2593 4929 fortasse
2652 4891 2724 4928 ne
2776 4872 3028 4943 objicere
3080 4870 3313 4941 quidem
3364 4884 3597 4939 zequum
3653 4865 3851 4919 fuerit.

2193 4962 2423 5019 Etenim
2454 4962 2526 5017 ob
2560 4962 2897 5027 Fortunam,
2934 4957 3302 5015 fortunatiori
3316 4961 3577 5026 tempore
3607 4953 3857 5008 infortu-

2193 5053 2293 5108 nio
2314 5052 2604 5121 affectam,
2618 5051 2784 5122 justa
2806 5048 3206 5122 indignatione
3229 5049 3582 5113 commotus,
3607 5042 3679 5097 ad
3702 5043 3852 5097 hanc

2192 5140 2476 5196 ultionem
2492 5156 2838 5211 progressus
2852 5154 2980 5193 esse
3004 5136 3310 5192 videbatur
3335 5151 3347 5189 :
3374 5130 3852 5203 quandoquidem

2193 5227 2495 5299 injustitiaz
2528 5226 2855 5282 dominanti
2904 5222 3172 5279 nonnihil
3205 5221 3643 5279 concedendum
3675 5224 3784 5275 est.
3822 5239 3849 5266 »

2190 5318 2475 5373 Caeterum
2509 5317 2568 5371 in
2602 5314 3030 5388 proscindendo
3055 5315 3334 5385 Apostata
3350 5309 3694 5381 Gregorium
3719 5307 3849 5362 nul-

2190 5404 2422 5462 latenus
2436 5405 2678 5461 modum
2698 5400 3173 5475 excessisse,etin
3191 5399 3429 5458 Monitis
3452 5399 3580 5471 jam
3602 5398 3852 5453 demon-

2285 5584 2333 5651 θ)
2364 5583 2461 5639 Or.
2492 5584 2549 5652 5,
2581 5602 2638 5638 n.
2667 5584 2760 5638 se.

2284 5657 2331 5727 ῃ
2362 5656 2537 5723 1bid.,
2571 5671 2627 5710 η.
2662 5656 2751 5727 34.

2267 5727 2345 5799 (g)
2377 5728 2473 5799 ΟΡ.
2506 5727 2562 5799 5,
2586 5744 2643 5781 n.
2676 5726 2766 5799 39.

2270 5727 2349 5869 (αὶ
2377 5728 2473 5781 Or.
2506 5727 2562 5792 5,
2586 5744 2643 5781 n.
2676 5727 2766 5780 39.

2270 5799 2325 5869 (h
2380 5797 2476 5853 Or.
2507 5797 2565 5870 5,
2600 5815 2656 5852 n.
2688 5798 2778 5857 92.
