4100 6442
265 428 380 489 187

1599 436 1780 496 VlTA
1829 436 1889 495 S.
1940 436 2337 498 GREGORII.

3559 438 3678 499 188

265 566 514 617 stratum
550 563 678 628 fuit,
712 567 764 619 et
797 565 997 636 siquid
1016 571 1279 638 superest
1311 567 1907 640 dicendum,inprole-
1940 572 1986 638 Α
2023 569 2216 641 ipsum
2252 573 2512 642 tempore
2544 569 2933 637 mollitum,ut
2961 569 3177 639 ferrum
3211 569 3424 641 igne,et
3451 569 3521 624 ad
3548 570 3670 625 red-

263 651 530 724 gomenis
558 654 699 706 tomi
733 655 970 708 secundi
1005 657 1269 713 addetur.

337 741 840 797 Orationibusillis
863 745 932 798 ad
955 745 1128 800 tinem
1154 748 1469 817 perductis,
1505 749 1579 821 (a)
1602 749 1915 804 cumBasi-

265 829 380 884 lius
412 833 727 885 Caesaream
762 833 1038 899 venisset,
1073 839 1247 905 atque
1277 837 1348 890 ab
1385 838 1635 893 Eusebio
1668 837 1915 893 civitatis

265 919 557 991 episcopo,
596 936 794 976 mense
842 922 1165 992 Septembri
1232 926 1368 979 anni
1428 928 1552 991 364,
1618 928 1919 999 presbyter

267 1012 499 1061 creatus
531 1013 705 1078 esset,
741 1010 996 1065 dolorem
1058 1012 1192 1067 inde
1245 1023 1611 1086 conceptum,
1661 1015 1814 1070 datis
1847 1016 1917 1069 ad

267 1095 609 1165 Gregorium
644 1097 1240 1171 litteris,significavit
1266 1104 1384 1169 ;cui
1403 1103 1717 1174 Gregorius
1743 1105 1918 1158 itare-

271 1185 510 1256 spondit
540 1186 612 1255 (ὴ)
641 1203 652 1241 :
693 1208 711 1234 α
749 1188 1014 1259 Epistolas
1034 1193 1508 1261 tumprommium
1542 1193 1736 1248 laudo.
1773 1192 1918 1256 Quid

269 1276 465 1329 autem
499 1277 732 1329 tuorum
754 1293 867 1330 non
900 1282 989 1332 est
1012 1277 1370 1335 laudandum
1399 1281 1594 1336 ?Actu
1619 1287 1917 1354 captuses,

272 1363 764 1434 quemadmodum
791 1383 896 1421 nos
915 1383 1144 1439 quoque
1167 1368 1622 1442 circumscripti:
1657 1372 1918 1442 quando-

273 1451 509 1522 quidem
544 1453 612 1506 ad
639 1454 956 1526 presbyteri
1017 1457 1265 1527 gradum
1313 1459 1586 1530 pertracti
1645 1476 1917 1514 sumus...

272 1540 388 1595 Hoc
406 1559 518 1595 non
540 1541 659 1596 fieri
681 1543 924 1597 fortasse
939 1545 1177 1614 quidem
1196 1547 1603 1617 prestitisset..
1619 1548 1922 1611 .Quoniam

272 1634 465 1684 autem
492 1631 707 1685 factum
740 1637 847 1699 est,
897 1633 1040 1688 ferre
1081 1650 1318 1691 necesse
1365 1640 1473 1703 est,
1528 1642 1591 1690 ut
1625 1636 1766 1690 mihi
1801 1637 1923 1707 qui-

271 1719 402 1773 dem
435 1719 680 1785 videtur,
715 1737 781 1774 ac
814 1723 1132 1791 praesertim
1169 1725 1241 1778 ob
1292 1729 1522 1796 tempus
1554 1726 1731 1793 istud,
1767 1725 1920 1797 quod

273 1807 490 1862 multas
525 1809 693 1863 nobis
752 1809 1153 1866 haereticorum
1189 1813 1419 1884 linguas
1461 1813 1699 1869 invehit.
1734 1836 1762 1862 »
1807 1818 1923 1868 Hoc

273 1903 504 1967 tempus
537 1898 608 1951 ad
640 1897 899 1953 Valentis
955 1900 1321 1971 imperatoris
1361 1903 1525 1958 initia
1557 1904 1922 1958 referendum

271 2001 417 2051 esse,
453 2003 583 2041 cum
609 1986 828 2042 scilicet
863 1988 1056 2044 Ariani
1085 1991 1211 2061 ejus
1234 1992 1552 2064 patrocinio
1585 1992 1926 2048 fretiomnia

271 2090 340 2130 ex
369 2075 610 2130 arbitrio
642 2093 746 2131 suo
777 2093 1122 2133 successura
1152 2085 1473 2151 sperarent,
1532 2087 1736 2136 auctor
1789 2083 1926 2137 Vitae

271 2167 455 2219 sancti
470 2166 752 2237 Basitiz'(cl
767 2167 1112 2223 certissimis
1127 2187 1266 2241 argu
1278 2171 1489 2225 mentis
1509 2187 1632 2225 com
1645 2170 1922 2242 probavit.

271 2253 397 2310 Non
427 2253 609 2308 multo
644 2260 774 2325 post
799 2258 1247 2312 evenereBasilii
1281 2276 1411 2314 cum
1437 2260 1684 2315 Eusebio
1703 2260 1925 2332 episco-

275 2359 349 2414 po
363 2360 469 2398 suo
485 2343 1011 2410 simultates,antea
1034 2353 1366 2402 memorata:
1389 2375 1401 2416 ;
1424 2366 1672 2422 quarum
1691 2349 1927 2421 quidem

278 2434 816 2504 componendarum
847 2434 968 2490 hinc
1001 2435 1109 2490 fuit
1131 2438 1378 2492 occasio.

281 2538 571 2595 LXXXIII.
607 2540 684 2595 Ad
711 2542 1063 2614 :piritualem
1091 2551 1412 2598 conventum
1442 2546 1556 2600 sive
1583 2545 1655 2599 ad
1684 2543 1831 2599 diem
1846 2546 1928 2614 fe-

518 2619 659 2666 stum
689 2613 760 2666 ab
793 2614 1030 2668 Eusebio
1060 2616 1332 2669 invitatur
1372 2615 1688 2686 Gregorius.

349 2699 662 2772 Gregorius
694 2701 766 2755 ab
789 2701 1036 2757 Eusebio
1070 2703 1138 2758 ad
1169 2702 1422 2774 aliquem
1448 2703 1930 2775 conventumspi-

277 2787 574 2858 ritualem,
607 2789 725 2845 sive
767 2790 922 2845 diem
967 2793 1198 2856 festum,
1242 2792 1661 2862 perhonoriﬁce
1693 2797 1932 2847 vocatus

277 2876 580 2946 rescripsit
609 2877 707 2948 (ἀ),
741 2881 798 2932 et
827 2879 896 2933 de
925 2878 1088 2934 illata
1118 2879 1331 2934 Basilio
1351 2880 1567 2950 injuria
1599 2880 1778 2935 libere
1795 2898 1932 2935 con-

281 2965 526 3032 questus
541 2967 649 3016 est.
691 2984 711 3008 α
730 2968 956 3019 Honore
969 2966 1203 3036 quidem
1222 2983 1316 3021 me
1344 2967 1448 3022 abs
1463 2973 1515 3021 te
1533 2967 1683 3022 afﬁci
1704 2968 1928 3022 laetor...

277 3049 495 3105 Verum
528 3053 943 3108 contumeliam
976 3054 1322 3111 charissimo
1341 3056 1504 3110 fratri
1533 3056 1745 3113 Basilio
1778 3075 1809 3112 a
1834 3061 1936 3112 tua

280 3140 495 3212 pietate
527 3140 750 3196 illatam
809 3158 956 3209 esse,
1000 3151 1174 3215 atque
1222 3144 1545 3200 etiamnum
1577 3147 1776 3201 inferri
1807 3163 1933 3202 mo-

281 3228 426 3285 leste
451 3231 636 3285 fero...
669 3236 750 3286 Tu
784 3234 925 3287 dum
960 3251 1024 3289 eo
1062 3239 1395 3305 contempto
1429 3252 1534 3290 nos
1568 3235 1785 3291 honore
1807 3236 1932 3290 affi-

2024 659 2275 714 dendam
2300 658 2511 714 Basilio
2545 659 3006 714 benevolentiam
3041 658 3419 729 propendere,
3452 658 3569 712 imo
3607 659 3678 713 ad

2025 748 2402 803 scribendum
2438 751 2498 802 ut
2528 764 2660 803 eum
2697 747 2974 819 placaret,
2999 746 3155 801 haud
3189 746 3386 801 dubiis
3416 746 3679 802 testimo-

2027 837 2142 891 niis
2173 836 2574 903 intellexisset,
2607 837 2662 890 id
2705 837 2890 891 amico
2925 834 3274 907 quantocius
3307 835 3680 907 significavit,

2027 928 2199 996 atque
2230 941 2362 979 eum
2393 925 2662 979 hortatus
2719 929 2807 979 est
2839 924 3172 996 Gregorius,
3225 928 3288 978 ut
3337 925 3680 995 episcopum

2027 1018 2355 1083 occuparet,
2389 1019 2488 1068 aut
2520 1014 2877 1068 adveniendo
2903 1018 3002 1066 aut
3033 1015 3362 1074 scribendo.
3388 1013 3685 1083 simulque

2029 1102 2258 1158 itineris
2289 1119 2350 1158 se
2379 1103 2650 1158 comitem
2683 1103 2944 1156 futurum
2982 1102 3304 1172 pollicetur.
3338 1101 3557 1155 Annuit
3583 1102 3685 1156 Ba-

2030 1191 2218 1257 silius,
2253 1195 2309 1246 et
2338 1191 2638 1246 confeSIim
2671 1207 2803 1246 eum
2828 1190 3141 1262 Gregorius
3172 1192 3247 1262 (g)
3269 1208 3299 1245 e
3328 1191 3561 1246 Pontica
3591 1207 3683 1246 so-

2029 1279 2278 1334 litudine
2301 1280 2359 1334 in
2387 1297 2620 1335 arenam
2647 1279 2982 1334 certaminis
2997 1279 3209 1334 educit.
3243 1281 3384 1334 Tam
3416 1278 3685 1351 prudenti

2032 1368 2294 1435 consilio,
2332 1369 2400 1422 de
2436 1367 2662 1438 Basilio,
2696 1369 2766 1422 de
2797 1367 3063 1436 Eusebio,
3099 1369 3169 1423 de
3216 1367 3474 1422 Ecclesia
3501 1370 3687 1421 Ctesa-

2036 1456 2208 1512 riensi
2234 1457 2452 1527 optime
2470 1456 2810 1512 meritusest
2825 1455 3170 1528 Gregorius;
3206 1454 3498 1510 exstinctae
3523 1470 3688 1508 nam-

2034 1563 2146 1618 que
2168 1548 2306 1600 sunt
2337 1545 3374 1613 simultates,instaurataconcordia,
3403 1542 3689 1615 proﬂigati

2033 1635 2257 1705 Ariani,
2291 1634 2389 1705 qui
2421 1650 2555 1688 cum
2589 1633 2731 1688 alias
2756 1635 2879 1704 jam
2914 1633 3200 1688 Ecclesiae
3232 1633 3530 1699 vicissent,
3548 1630 3692 1686 alias

2033 1723 2479 1795 Oppugnabant,
2513 1722 2657 1778 alias
2688 1722 2943 1777 victuros
2988 1738 3049 1776 se
3071 1722 3385 1794 sperabant
3411 1745 3424 1790 ;
3449 1737 3552 1775 nec
3572 1719 3694 1775 ulla

2034 1830 2095 1868 re
2129 1812 2314 1884 magis
2352 1813 2422 1866 ad
2467 1829 2628 1883 spem
2661 1813 2981 1866 evertendze
3032 1811 3322 1874 Caesarea,
3358 1810 3449 1865 cui
3476 1808 3690 1864 Valens

2034 1901 2353 1972 imperator
2381 1901 2610 1973 agmine
2627 1900 2975 1955 Arianorum
3004 1900 3409 1972 episcoporum
3435 1899 3690 1970 stipatus

2035 1993 2380 2048 imminebat
2441 2009 2590 2047 anno
2630 1993 2754 2062 365,
2817 1991 3210 2063 erigebantur,
3264 2007 3440 2060 quam
3490 1987 3689 2044 Basilii

2036 2080 2300 2136 absentia
2331 2081 2576 2136 etducis
2627 2079 2937 2151 imperitia.
2989 2081 3297 2150 Reportata
3336 2094 3404 2132 ex
3462 2077 3693 2132 Valente

2036 2171 2381 2241 Arianisque
2411 2169 2973 2241 episcopisvictorie,
2993 2170 3163 2239 cujus
3199 2185 3331 2239 pars
3350 2184 3562 2238 magna
3585 2165 3695 2220 fuit

2036 2259 2162 2331 ipse
2194 2260 2527 2330 Gregorius,
2561 2259 2840 2314 Basilium
2874 2275 3006 2313 cum
3067 2257 3316 2312 Eusebio
3365 2261 3484 2310 tam
3535 2259 3692 2309 arcte

2039 2347 2361 2418 conjunxit,
2396 2350 2460 2400 ut
2490 2363 2595 2401 nec
2626 2347 2898 2417 episcopo
2952 2344 3264 2399 molestum
3316 2346 3471 2398 esset
3501 2343 3573 2396 ab
3607 2358 3694 2408 eo,

2039 2453 2214 2508 quem
2239 2436 2524 2508 dignitate
2557 2435 2888 2506 superabat,
2921 2433 3167 2489 scientia
3195 2437 3252 2488 et
3283 2431 3618 2501 eloquentia
3643 2435 3699 2485 et

2041 2525 2284 2581 consilio
2316 2529 2372 2579 et
2402 2525 2613 2578 virtute
2646 2523 2904 2595 superari
2944 2539 2956 2589 ;
3001 2539 3104 2576 nec
3139 2520 3389 2576 Basilius
3422 2520 3549 2574 ideo
3572 2518 3695 2588 epi-

2041 2631 2283 2685 scopum
2320 2616 2512 2670 minus
2545 2612 2757 2668 coleret
2797 2617 2853 2666 et
2905 2613 3258 2675 observaret,
3311 2609 3462 2681 quod
3507 2624 3572 2662 eo
3614 2610 3697 2660 tot

2042 2709 2196 2757 esset
2210 2702 2476 2774 partibus
2503 2702 2842 2773 superiorac
2857 2698 3241 2770 praestantior.
3266 2695 3635 2752 Tillemontiu
3647 2712 3693 2763 s,

2043 2791 2439 2855 Hermantius,
2465 2783 3530 2861 Pagius,Baronius,.Bollandistae,alii
3564 2783 3693 2838 aliis

2042 2881 2214 2936 annis
2244 2880 2365 2934 hanc
2395 2878 2710 2950 contigisse
2742 2876 3240 2931 arbitrantur.Nos
3271 2891 3404 2929 vero
3435 2891 3568 2928 cum
3595 2889 3696 2926 no-

2041 2969 2284 3024 vissimo
2321 2966 2515 3022 Basilii
2548 2965 2928 3037 epistolarum
2961 2964 3199 3030 editore,
3234 2962 3513 3018 Basilium
3547 2977 3696 3015 anno

2041 3058 2169 3126 364,
2220 3055 2303 3111 vel
2335 3056 2570 3110 ineunte
2617 3055 2742 3120 365,
2777 3052 3110 3122 secessisse,
3168 3055 3226 3106 et
3283 3051 3483 3106 eodem
3547 3066 3698 3104 anno

2044 3144 2304 3217 Gregorii
2336 3160 2571 3216 operam
2605 3147 2659 3197 et
2690 3141 2933 3197 consilio
2964 3143 3285 3197 Caesaream
3341 3139 3602 3205 rediisse,
3635 3153 3699 3192 ac

2047 3237 2117 3290 de
2138 3234 2379 3290 Valente
2409 3234 2739 3304 Arianoque
2770 3230 3002 3303 agmine
3045 3229 3344 3286 victoriam
3378 3232 3700 3299 reportasse

283 3319 388 3385 cis,
423 3306 661 3390 perinde
693 3321 835 3376 mihi
887 3323 1073 3379 facere
1129 3323 1363 3389 videris,
1398 3341 1462 3379 ac
1494 3325 1543 3380 si
1577 3326 1711 3395 quis
1759 3326 1936 3380 unius
1967 3307 2009 3373 (ἶ
2046 3323 2453 3379 existimanus.

282 3407 391 3462 viri
415 3414 592 3481 caput
614 3409 796 3466 altera
828 3427 1004 3466 manu
1030 3412 1374 3479 demulceat,
1410 3413 1592 3469 altera
1619 3414 1826 3469 malam
1853 3415 1935 3469 fe-

286 3497 399 3553 riat
433 3516 446 3565 ;
481 3500 767 3553 autetiam
782 3500 1074 3556 convulsis
1097 3501 1309 3557 domus
1341 3503 1740 3558 fundamentis
1756 3503 1937 3575 parie-

285 3593 375 3643 tes
405 3588 629 3659 pingat,
663 3594 837 3659 atque
868 3595 1135 3646 externas
1171 3595 1365 3662 partes
1398 3598 1650 3649 exornet.
1689 3594 1939 3648 Proinde

289 3679 337 3733 si
371 3679 512 3750 quid
537 3679 677 3733 mihi
711 3680 1633 3752 obtemperandumputabis,hoc
1663 3684 1941 3740 facies.Ut

288 3773 482 3823 autem
517 3769 905 3840 obtemperes,
941 3771 1044 3824 abs
1094 3777 1147 3824 te
1181 3778 1310 3841 peto
1370 3780 1545 3844 atque
1603 3774 1887 3828 contendo
1923 3790 1935 3827 :

286 3874 518 3929 aequum
543 3863 634 3913 est
663 3858 838 3912 enim.
866 3859 924 3913 Si
950 3858 1138 3932 illum,
1172 3865 1236 3914 ut
1257 3879 1362 3932 par
1392 3867 1498 3930 est,
1523 3861 1788 3931 colueris,
1813 3863 1942 3934 ipse

289 3961 518 4018 quoque
549 3947 622 4001 ab
653 3963 718 4001 eo
749 3946 1004 4002 vicissim
1037 3948 1458 4005 observaberis.
1485 3950 1600 4005 Nos
1631 3957 1827 4006 autem
1859 3967 1942 4006 se-

290 4037 1068 4106 quemur,quemadmodum
1092 4038 1313 4092 umbrae
1338 4044 1804 4112 corpora,utpote
1818 4057 1944 4112 par-

289 4123 344 4177 vi
378 4128 435 4178 et
464 4125 534 4177 ad
569 4140 770 4195 pacem
802 4126 1231 4197 prepensiores.
1270 4151 1291 4179 »
1325 4127 1384 4182 In
1418 4128 1834 4184 contumeliam
1854 4146 1944 4184 ac-

294 4212 446 4282 cepit
471 4212 753 4267 Eusebius
784 4212 1111 4268 Iibertatem
1128 4215 1407 4284 Gregorii,
1425 4217 1944 4288 quirescripsit(e),

295 4317 356 4356 se
390 4317 503 4355 non
527 4302 970 4372 contumeliose,
1006 4304 1107 4357 sed
1165 4305 1604 4360 accommodate
1654 4308 1728 4360 ad
1789 4306 1946 4376 leges

295 4390 558 4460 spiritus,
584 4389 928 4460 scripsisse;
959 4408 1188 4462 aequum
1233 4393 1390 4447 enim
1423 4409 1570 4459 esse,
1599 4399 1665 4449 ut
1693 4395 1804 4449 sibi
1828 4394 1948 4448 Eu-

295 4479 516 4544 sebius,
552 4480 820 4549 quamvis
843 4481 1025 4551 gradu
1060 4481 1324 4553 superior
1346 4482 1439 4549 sit,
1464 4483 1686 4552 justam
1717 4483 1951 4538 liberta-

294 4572 411 4622 tem
446 4569 745 4623 concedat.
780 4569 908 4624 Mox
967 4570 1024 4623 in
1075 4569 1190 4625 alia
1218 4571 1464 4642 epistola
1492 4575 1560 4643 (Γ)
1591 4573 1841 4628 Eusebio
1865 4573 1947 4627 si-

2047 3412 2309 3467 LXXXV.
2347 3412 2498 3466 Etas
2524 3414 2575 3466 et
2615 3410 2793 3464 morbi
2820 3410 3117 3534 parentum
3166 3407 3347 3463 abesse
3378 3406 3700 3475 Gregorium

2688 3497 2793 3534 non
2822 3497 2987 3534 smun
3021 3522 3032 3534 .

2688 3497 2793 3535 non
2822 3497 3032 3535 smum.

2117 3574 2241 3628 Non
2274 3571 2552 3627 diuturna
2582 3569 2690 3624 fuit
2720 3570 2841 3624 haec
2868 3573 3159 3638 postrema
3181 3566 3440 3639 Gregorii
3473 3567 3530 3620 in
3554 3571 3703 3621 Pon-

2047 3663 2163 3718 tica
2194 3661 2510 3717 solitudine
2541 3658 2946 3725 commoratio,
2987 3659 3158 3729 cujus
3192 3657 3504 3727 nequidem
3539 3671 3706 3710 men-

2049 3755 2267 3808 tionem
2304 3751 2438 3804 facit
2470 3750 2526 3804 in
2551 3750 2808 3803 carmine
2854 3749 2927 3801 De
2983 3749 3097 3802 vita
3150 3763 3271 3804 sua.
3323 3746 3522 3814 Neque
3549 3743 3705 3800 enim

2049 3848 2166 3898 tam
2194 3839 2521 3897 necessario
2556 3839 2656 3892 ﬁlii
2690 3836 2903 3892 auxilio
2937 3841 3202 3907 provecta
3233 3840 3542 3906 parentum
3567 3840 3706 3889 aetas

2050 3930 2224 4003 longo
2246 3935 2508 4000 tempore
2539 3927 2778 3982 destitui
2813 3925 3163 3997 patiebatur,
3196 3929 3371 3995 atque
3396 3923 3568 3979 etiam
3595 3925 3704 3978 fre-

2052 4024 2298 4094 quentes
2343 4016 2549 4082 morbi,
2595 4016 2809 4086 quibus
2858 4031 3059 4068 eorum
3106 4018 3374 4068 senectus
3426 4013 3706 4084 patebat;

2053 4107 2272 4180 quique
2299 4104 2640 4178 Gregorium
2687 4104 2858 4158 domo
2890 4103 3043 4158 exire
3102 4119 3215 4157 non
3270 4101 3542 4157 sinebant
3575 4119 3588 4168 ;
3620 4099 3705 4156 vel

2055 4213 2212 4265 eum,
2237 4196 2284 4250 si
2318 4194 2551 4266 quando
2584 4193 2807 4262 aberat,
2841 4192 3210 4247 revocabant.
3254 4190 3348 4246 Sic
3382 4190 3594 4245 Basilio
3622 4190 3710 4244 in-

2056 4285 2233 4340 stanti
2261 4290 2325 4338 ut
2354 4283 2413 4337 in
2465 4282 2844 4337 solitudinem
2899 4298 2961 4336 se
3019 4281 3326 4346 conferret,
3360 4283 3598 4334 excusat
3626 4295 3708 4342 se,

2058 4373 2332 4428 morbum
2347 4371 2552 4425 matris
2566 4369 3219 4425 afferens.«Assidemus
3232 4366 3709 4439 enim,inquit(h),

2059 4461 2310 4517 domina
2340 4460 2534 4526 matri,
2589 4458 2749 4530 gravi
2779 4459 3129 4529 jampridem
3166 4459 3368 4512 morbo
3402 4455 3708 4512 laboranti.

2059 4554 2243 4618 Quam
2276 4551 2324 4606 si
2349 4566 2465 4604 non
2489 4549 2664 4603 dubio
2697 4553 2753 4604 et
2781 4547 3020 4618 ancipiti
3039 4552 3194 4602 statu
3212 4546 3712 4614 relicturisumus,

298 4657 597 4729 gnificavit
618 4657 953 4729 Gregorius,
988 4676 1048 4714 se
1081 4659 1305 4715 nullam
1340 4660 1536 4715 animo
1569 4661 1933 4717 offensionem

2061 4645 2163 4696 tua
2183 4639 2490 4711 praesentia
2503 4637 2832 4692 mihicrede
2846 4636 3299 4707 haudquaquam
3326 4635 3713 4692 carebimus.»

297 4748 660 4818 suscepisse;
687 4749 784 4802 sed
810 4747 1040 4804 etiamsi
1086 4749 1464 4821 suscepisset,
1497 4749 1746 4806 libenter
1774 4752 1950 4822 depo-

299 4836 552 4891 siturum
587 4854 722 4892 cum
747 4838 940 4893 videat
972 4839 1120 4894 feras
1180 4838 1237 4893 in
1289 4838 1608 4894 Ecclesiam
1642 4840 1952 4908 irruentes,

299 4929 356 4978 et
388 4940 668 4994 generose
699 4926 1065 4982 resistentem
1103 4927 1414 4982 Eusebium
1451 4950 1465 4992 ;
1501 4928 1594 4983 cui
1646 4945 1707 4985 se
1749 4935 1953 4984 ventu-

300 5030 455 5080 rum,
488 5018 536 5071 si
572 5015 653 5071 ita
683 5015 807 5086 ipse
825 5017 1112 5082 videatur,
1145 5017 1454 5087 promittit,
1489 5023 1552 5072 ut
1582 5035 1717 5073 cum
1747 5035 1812 5074 eo
1852 5019 1954 5074 ad-

297 5120 502 5159 versus
533 5106 832 5161 haereticos
863 5111 1101 5178 pugnet.

302 5194 587 5250 LXXXIV.
620 5196 769 5251 Inter
806 5197 1102 5252 Eusebium
1134 5205 1183 5252 et
1231 5198 1500 5252 Basiliam
1525 5213 1716 5269 pacem
1743 5212 1956 5268 compo-

905 5272 992 5323 nit
1027 5271 1342 5340 Gregorius.

377 5358 499 5412 Non
525 5357 813 5428 ingratam
851 5359 967 5414 fore
997 5375 1235 5429 operam
1270 5373 1437 5413 suam
1472 5356 1717 5413 Eusebio
1745 5356 1958 5412 certior

303 5446 496 5502 factus
520 5448 856 5518 Gregorius,
892 5447 962 5502 ad
977 5464 1112 5503 eum
1134 5446 1289 5502 illico
1311 5445 1634 5504 secontulit
1667 5464 1680 5515 ;
1705 5462 1958 5518 cumque

377 5556 454 5628 (α)
480 5557 617 5628 Vita
642 5554 852 5628 BasiL,
885 5571 934 5610 c.
967 5556 1022 5622 9,
1059 5571 1116 5609 n.
1152 5555 1243 5610 lt.

384 5626 460 5700 (bl
489 5627 674 5700 Epist.
711 5626 785 5682 al.
824 5627 909 5683 14.

377 5699 443 5770 (ε)
476 5699 612 5771 Cap.
650 5701 699 5769 4,
734 5717 791 5771 u.
822 5701 871 5754 1.

379 5771 459 5844 (ά)
490 5770 670 5846 Epist.
704 5770 778 5828 al.
810 5772 899 5826 20.

2062 4731 2305 4787 Gravem
2339 4745 2571 4801 quoque
2605 4729 2786 4798 patris
2818 4725 3164 4780 morbumin
3197 4724 3459 4780 oratione
3489 4723 3717 4778 decima

2061 4825 2285 4888 octava,
2320 4835 2434 4889 qua
2480 4816 2683 4871 laudes
2736 4816 2864 4887 ejus
2907 4813 3299 4886 prosequitur,
3334 4817 3566 4879 narrat;
3601 4829 3715 4883 quo

2064 4908 2350 4982 singulari
2390 4906 2492 4962 Dei
2551 4904 2825 4961 beneﬁcio
2858 4908 3094 4974 repente
3125 4902 3406 4958 liberatus
3437 4907 3544 4970 est,
3574 4903 3715 4956 adeo

2065 5004 2263 5069 utquo
2296 4997 2388 5052 die
2413 4996 2736 5051 moriturus
2769 4992 3103 5064 putabatur,
3156 5008 3515 5063 consurgens
3548 5008 3716 5061 syna-

2069 5087 2187 5142 xim
2222 5103 2358 5140 cum
2391 5083 2605 5156 populo
2655 5081 3050 5137 celebraverit.
3085 5081 3144 5134 In
3203 5080 3404 5134 eadem
3439 5079 3718 5144 oratione,

2066 5180 2312 5231 matrem
2352 5174 2508 5245 gravi
2569 5172 2770 5226 morbo
2839 5170 3222 5233 laborantem,
3273 5169 3567 5239 insperato
3617 5184 3722 5222 nec

2067 5264 2280 5320 minori
2313 5260 2619 5326 miraculo,
2679 5264 2741 5313 ut
2784 5259 3077 5329 quoddam
3110 5256 3302 5312 visum
3335 5257 3385 5311 ei
3442 5256 3723 5312 divinitus

2070 5358 2374 5410 ostensum
2393 5349 2700 5414 docuit,ab
2716 5365 2784 5403 ea
2809 5347 3153 5419 aegritudine
3183 5363 3300 5418 qua
3329 5347 3721 5415 detinebatur,

2067 5444 2245 5499 refert
2275 5440 2664 5496 convaluisse.

2137 5552 2213 5620 (ε)
2237 5550 2338 5620 Ep.
2374 5548 2448 5604 al.
2484 5548 2609 5605 {69.

2137 5624 2204 5692 α)
2235 5621 2320 5675 Al.
2358 5621 2479 5692 17o.

2139 5691 2212 5764 (g)
2241 5696 2352 5764 ἱελρ.Δ
2371 5691 2446 5746 al.
2481 5692 2566 5764 t9.

2140 5762 2437 5838 (h)'5Epist.
2470 5762 2545 5819 al.
2580 5763 2631 5818 4.
