4100 6440
269 426 361 491 189

1668 516 1671 519 λ
1715 444 1906 507 νιτΑ
1950 447 2014 508 S.
2065 446 2460 510 GREGORII.

3679 443 3796 504 lOO

619 572 961 643 Ingentem
1018 578 1272 656 Gregorio
1310 579 1550 656 dolorem
1587 582 1737 656 parit
1792 581 2028 638 Caesarii
2058 583 2107 650 Α
2139 600 2314 656 opera
2337 581 2615 639 Basilium
2653 582 2913 638 Caesarea
2952 581 3288 654 episcopum
3322 578 3568 635 electum
3610 580 3796 636 fuisse

351 644 562 723 irati-is
604 662 782 701 mors
813 659 939 723 ζέει
969 657 1102 722 post
1126 644 1245 723 ejus
1273 653 1484 707 obitum
1515 644 1916 709 molestissimis
1946 658 2027 709 est

364 715 610 770 obrutus
641 722 947 789 negotiis.

380 839 442 894 Si
469 840 866 898 Parentibus
902 844 1079 901 senio
1124 846 1416 917 confectis,
1449 850 1618 919 atque
1667 847 1921 917 graviter
1945 846 2032 901 in-

329 928 557 983 terdum
592 933 1087 1003 aegrotantibus,
1105 950 1299 990 curam
1324 934 1896 1009 sollicitudinemque
1920 936 2027 992 fre-

340 1023 577 1090 quenter
632 1019 1009 1090 impendere
1053 1027 1286 1079 coactus
1329 1030 1416 1079 est
1465 1024 1808 1097 Gregorius;
1860 1024 2030 1096 longe

342 1109 631 1179 graviores
664 1126 880 1176 curis,
914 1128 1021 1166 seu
1070 1111 1366 1167 molestias
1400 1113 1510 1185 ipsi
1544 1113 1774 1168 Caesarii
1809 1113 2026 1185 fratris,

344 1198 769 1253 thesaurorum
818 1200 1122 1272 praepositi
1165 1202 1223 1256 in
1272 1202 1566 1274 Bithynia,
1597 1219 1755 1257 mors
1807 1202 2026 1257 attulit.

346 1286 488 1341 Cum
506 1286 732 1355 Nicaea,
752 1292 929 1343 terra:
956 1295 1117 1344 motu
1140 1289 1309 1363 longe
1334 1299 1455 1363 post
1482 1291 1786 1347 hominum
1812 1308 2030 1346 memo-

350 1377 497 1431 riam
525 1376 821 1442 maxime,
854 1381 980 1433 tota
1013 1395 1155 1451 pene
1186 1381 1465 1435 subversa
1492 1385 1577 1435 est
1606 1380 1697 1435 die
1718 1380 2030 1435 undecima

358 1464 624 1520 Octobris
660 1466 807 1520 anni
844 1467 972 1533 368,
1023 1467 1184 1522 solus
1233 1485 1302 1523 ex
1330 1469 1467 1523 viris
1516 1470 1871 1541 insignibus,
1928 1474 2031 1524 aut

367 1560 515 1608 certe
545 1571 681 1609 cum
718 1556 1044 1611 admodum
1069 1558 1290 1627 paucis,
1318 1558 1570 1613 mirabili
1594 1559 1804 1613 divinae
1837 1559 2027 1631 provi-

363 1642 569 1697 dentiae
585 1644 879 1701 beneﬁcio
892 1645 1176 1700 Caesarius
1193 1645 1382 1701 incolu
1395 1648 1505 1701 mis
1531 1653 1809 1702 evaserat.
1827 1650 1898 1703 At
1913 1664 2029 1703 non

357 1732 457 1786 diu
474 1732 661 1787 vitam
690 1734 985 1804 produxit,
1004 1736 1215 1807 quippe
1239 1740 1505 1790 mortuus
1527 1737 1727 1791 eodem
1752 1753 1903 1791 anno
1926 1737 2028 1791 de-

352 1820 616 1889 sinente,
652 1821 744 1875 vel
795 1821 1105 1894 incipiente
1151 1823 1433 1895 proximo,
1488 1841 1589 1879 seu
1638 1826 1710 1879 25
1764 1824 2030 1880 Januarii

354 1910 485 1975 369,
524 1914 592 1964 ut
635 1909 845 1965 volunt
892 1911 1280 1966 Bollandistae.
1314 1913 1544 1967 Caesarii
1583 1914 1765 1984 obitu,
1810 1915 2029 1985 Grego-

360 1998 507 2064 rius,
543 1998 645 2054 cui
677 1999 760 2053 rei
798 2000 1098 2055 familiaris
1123 2000 1903 2073 curaincumbebat,invisis
1932 2019 2030 2057 ne-

361 2089 543 2161 gotiis
572 2091 829 2143 obrutus
852 2089 978 2143 fuit.
1022 2089 1161 2142 Cum
1184 2089 1340 2144 enim
1366 2106 1609 2145 munere
1634 2090 1869 2162 publico
1904 2092 2031 2146 fun—

357 2182 602 2248 geretur
624 2177 938 2247 Caasarius,
972 2194 1088 2249 (luo
1109 2182 1371 2249 tempore
1387 2184 1655 2234 mortuus
1676 2185 1784 2244 est,
1806 2197 2031 2251 suaque

357 2265 572 2320 omnia
603 2265 966 2335 pauperibus
1004 2266 1291 2337 eroganda
1312 2266 1660 2338 reliquisset,
1688 2285 1819 2322 mox
1838 2273 1902 2322 ut
1932 2284 2029 2323 ex-

358 2360 625 2409 tremum
654 2352 903 2409 halitum
920 2355 1156 2424 efﬂavit,
1185 2379 1205 2406 ι
1232 2341 1551 2425 (a)Hosles,
1574 2378 1594 2406 ι
1619 2372 1829 2427 nempe
1847 2357 2031 2411 curia-

367 2443 963 2514 lesiliiharpagones,
993 2467 1013 2492 ιι
1044 2444 1327 2515 impetum
1362 2446 1641 2511 fecerunt,
1672 2446 1915 2515 ejusque
1947 2446 2029 2500 fa-

378 2531 621 2585 cultates
668 2531 965 2587 liberrime
1022 2525 1080 2588 et
1128 2532 1592 2588 insolentissime
1636 2534 2030 2605 diripuerunt.

380 2620 519 2674 Erat
549 2619 951 2675 thesaurorum
976 2625 1193 2691 custos,
1229 2644 1257 2670 ››
1281 2622 1361 2675 ait
1384 2621 1817 2694 Gregorius(b);
1852 2645 1880 2672 ‹‹
1910 2638 2031 2677 me-

369 2710 470 2764 dio
500 2714 695 2765 autem
726 2710 789 2763 in
822 2726 1066 2765 munere
1085 2711 1690 2782 moritur,canumque
1714 2710 2031 2767 multitudo

368 2799 567 2854 assilit
594 2799 652 2853 in
685 2799 947 2854 defuncti
965 2800 1291 2870 pecuniam;
1315 2801 1671 2871 etquidquid
1694 2799 2033 2872 reliquerat,

368 2889 568 2942 omnia
596 2888 921 2943 dilacerant
938 2888 1163 2953 famuli,
1189 2890 1473 2958 extranei,
1497 2888 1687 2944 amici.
1716 2888 1853 2952 Quis
1876 2889 2033 2945 enim

374 2976 695 3046 collapsam
730 2994 845 3032 non
879 2978 1173 3048 praedatur
1218 2980 1586 3049 quercum?»
1609 2978 1879 3046 Basilius,
1931 2979 2034 3050 qui

377 3083 463 3121 res
493 3065 763 3138 Gregorii
787 3082 927 3120 suas
948 3082 1077 3120 esse
1116 3066 1386 3131 ducebat,
1411 3068 1675 3122 scribens
1705 3066 2034 3139 Saphronio

371 3154 915 3225 Constantinopolis
961 3156 1227 3226 praefecto
1258 3156 1350 3227 (ε),
1400 3160 1597 3211 narrat
1642 3156 1857 3211 mortui
1904 3173 2032 3228 pre-

370 3243 705 3298 tiosissima
736 3260 977 3314 quisque
1008 3260 1203 3298 servos
1234 3244 1498 3315 aliosque
1539 3244 1810 3300 homines
1850 3244 2033 3299 servis

2139 677 2386 728 constat.
2411 673 2592 727 Nemo
2625 672 2862 743 quidem
2895 675 3057 726 tanta
3079 670 3215 725 sede
3265 668 3498 740 dignior
3526 672 3650 722 erat
3680 667 3796 721 Ba-

2138 760 2290 825 silio,
2324 763 2494 832 cujus
2512 760 2991 816 administrandae
3018 760 3137 829 jam
3170 758 3456 830 plurimas
3487 760 3681 827 partes
3721 756 3794 810 ab

2144 850 2396 905 Eusebio
2429 849 2539 905 sibi
2576 849 2923 904 commissas
2939 848 3317 903 sustinuerat.
3352 848 3578 909 Quanta
3607 844 3797 916 ipsius

2139 938 2344 1009 pietas,
2379 953 2557 1008 quam
2599 936 2813 991 eximia
2860 936 3149 999 doctrina,
3182 937 3402 1006 quanta
3433 934 3667 988 demum
3703 946 3793 985 es-

2139 1030 2270 1081 sent
2301 1026 2507 1080 merita
2536 1026 2594 1079 in
2646 1025 2963 1079 Ecclesiam
3014 1023 3447 1092 Caesariensem,
3498 1020 3793 1075 neminem

2140 1114 2377 1169 latebat.
2412 1113 2825 1168 Verumtamen
2874 1111 3437 1185 plurimaobstitere,
3465 1109 3664 1181 qumni
3690 1126 3797 1163 sua
3842 1135 3847 1145 ι

2139 1203 2452 1275 Gregorius
2506 1202 2817 1274 prudentia
2875 1202 3237 1268 removisset,
3283 1200 3340 1255 in
3398 1199 3631 1254 irritum
3700 1213 3795 1253 res

2138 1293 2431 1347 cessisset.
2464 1290 2716 1347 Basilius
2738 1291 2885 1362 ipse,
2914 1308 3045 1345 cum
3088 1290 3282 1345 media
3304 1290 3422 1360 jam
3459 1292 3645 1343 morte
3676 1288 3799 1342 Eua

2138 1381 2337 1436 sebius
2370 1384 2685 1448 teneretur,
2712 1397 2782 1433 ne
2819 1379 3152 1449 suspicatus
3182 1378 3413 1448 quidem
3448 1377 3504 1430 in
3539 1393 3601 1431 se
3651 1393 3793 1431 ocu-

2138 1468 2225 1524 los
2260 1471 2588 1539 conjectum
2623 1468 2715 1533 iri,
2750 1468 3005 1522 amicum
3030 1484 3203 1521 suum
3227 1467 3570 1537 Gregorium
3603 1480 3795 1520 accer-

2137 1557 2291 1625 sivit,
2335 1557 2429 1612 his
2458 1557 2650 1612 verbis
2691 1557 2975 1626 scribens,
3022 1573 3089 1611 ac
3130 1555 3309 1611 veluti
3340 1555 3465 1627 ipse
3507 1558 3798 1609 extremos

2139 1646 2388 1717 spiritus
2411 1649 2627 1718 ageret,
2660 1649 2836 1717 atque
2854 1661 3195 1716 supremum
3220 1643 3345 1700 vale
3370 1643 3624 1699 moriens
3647 1642 3790 1697 ami-

2140 1752 2205 1791 co
2238 1736 2429 1790 dicere
2459 1738 2714 1806 cuperet.
2752 1734 3089 1807 Gregorius,
3114 1733 3365 1805 acceptis
3401 1732 3632 1797 litteris,
3678 1731 3795 1785 vim

2138 1824 2533 1896 lacrymarum
2588 1822 2867 1895 profudit,
2910 1822 3218 1896 ingemuit,
3253 1827 3309 1878 et
3347 1822 3417 1877 ad
3469 1822 3579 1877 iter
3609 1838 3670 1875 se
3701 1838 3795 1876 ac-

2141 1914 2340 1968 cinxit.
2373 1913 2590 1968 Verum
2621 1929 2753 1969 cum
2788 1916 2989 1984 postea
3018 1912 3323 1984 episcopos
3354 1913 3425 1967 ad
3461 1912 3665 1966 urbem
3699 1927 3792 1965 ac-

2140 2019 2341 2058 curere
2372 2003 2676 2071 sensisset,
2724 2001 2920 2056 Basilii
2955 2001 3267 2057 consilium
3326 2000 3635 2066 intellexit,
3692 2017 3797 2054 na-

2138 2091 2276 2163 vigii
2327 2108 2559 2162 proram
2612 2090 2914 2159 convertit,
2964 2107 3031 2145 ac
3089 2090 3373 2162 proficisci
3434 2089 3795 2145 detrectavit.

2141 2181 2289 2235 Tum
2326 2182 2479 2235 datis
2512 2180 2581 2234 ad
2614 2179 2897 2234 Basilium
2954 2178 3185 2243 litteris,
3220 2196 3395 2251 quam
3445 2179 3679 2232 incaute
3736 2194 3797 2233 se

2142 2274 2369 2340 gereret
2400 2267 2577 2323 libere
2611 2268 2982 2340 significavit.
3008 2292 3029 2317 ι
3055 2267 3283 2323 Videris
3313 2272 3373 2321 tu
3409 2267 3645 2338 quidem
3682 2266 3795 2319 mi-

2140 2357 2224 2425 hi,
2257 2356 2447 2427 inquit
2475 2357 2574 2426 (d),
2618 2356 2722 2410 viri
2754 2357 3075 2412 constantis
3108 2362 3163 2410 et
3193 2355 3363 2411 solidi
3399 2360 3573 2428 atque
3614 2354 3795 2409 animi

2142 2445 2417 2500 firmitate
2476 2446 2702 2517 praediti
2752 2445 3241 2501 existimationem
3294 2445 3506 2499 habere
3554 2462 3566 2498 :
3614 2443 3798 2499 multa

2139 2538 2335 2588 tamen
2370 2533 2713 2604 simpliciter
2742 2534 2929 2606 magis
2958 2551 3133 2605 quam
3154 2539 3320 2589 caute
3345 2539 3403 2589 et
3423 2532 3797 2589 circumscri-

2143 2626 2237 2693 pte
2268 2621 2599 2676 consultare
2648 2626 2823 2693 atque
2863 2622 3121 2693 exsequi.
3170 2626 3316 2677 Nam
3360 2621 3457 2694 qui
3501 2639 3533 2676 a
3562 2621 3701 2676 vitio
3732 2620 3798 2675 li-

2144 2710 2246 2764 ber
2276 2714 2385 2777 est,
2417 2709 2468 2765 is
2499 2726 2731 2781 quoque
2762 2711 2830 2765 ad
2867 2709 3305 2781 suspiciendum
3332 2709 3539 2764 vitium
3562 2710 3799 2781 segnior

2142 2814 2272 2853 esse
2300 2799 2621 2853 consuevit.
2651 2798 2994 2869 Cujusmodi
3043 2798 3325 2870 quiddam
3358 2816 3513 2853 nunc
3563 2814 3799 2870 quoque

2144 2886 2407 2959 contigit.
2440 2887 2524 2941 Ad
2557 2887 3065 2958 metropolitanam
3119 2889 3321 2943 urbem
3358 2905 3463 2942 nos
3516 2887 3798 2957 accivisti,

2144 2992 2279 3030 cum
2312 2976 2383 3030 de
2412 2975 2689 3047 episcopo
2720 2978 2970 3032 creando
3000 2977 3353 3033 consultatio
3386 2978 3688 3049 proposita
3715 2994 3803 3032 es-

2144 3068 2250 3120 set.
2297 3088 2317 3113 »
2354 3065 2575 3130 Quibus
2620 3066 2963 3137 pra-missis,
3015 3067 3097 3121 sic
3142 3066 3516 3138 prosequitur
3555 3082 3801 3136 carpens

2144 3154 2295 3223 quod
2327 3153 2560 3209 incaute
2587 3171 2620 3209 a
2650 3154 2862 3209 Basilio
2886 3159 3081 3209 actum
3109 3155 3441 3210 videbatur:
3461 3177 3487 3204 ‹‹
3520 3154 3799 3209 Demirari

2146 3242 2311 3314 ccepi,
2360 3243 2614 3315 primum
2647 3244 2696 3298 si
2729 3243 2868 3315 quid
2901 3244 3129 3299 deceret
3160 3250 3333 3316 atque
3365 3244 3677 3299 honestum
3712 3259 3801 3297 es-

364 3350 485 3387 non
522 3330 795 3387 meliores
837 3331 1172 3404 diripuisse,
1210 3338 1268 3388 et
1298 3332 1656 3404 paucissima
1687 3334 2031 3404 parentibus
2062 3322 2105 3388 C
2145 3337 2233 3387 set
2265 3349 2377 3387 non
2414 3333 2830 3404 perspiciebas,
2868 3350 2969 3388 nec
2998 3334 3399 3404 improborum
3454 3333 3671 3404 linguis
3702 3348 3801 3387 oc—

362 3425 829 3492 reservata,qua2
845 3420 1041 3475 statim
1066 3422 1421 3492 pauperibus
1443 3426 1676 3493 erogata
1698 3424 1936 3477 fuerunt
1966 3440 2036 3478 ex

364 3510 585 3564 mortui
620 3509 937 3573 voluntate,
963 3510 1060 3580 qui
1091 3511 1346 3566 moriens
1381 3512 1648 3567 dixerat:
1679 3532 1707 3563 α
1737 3512 1860 3566 Mea
1902 3528 2033 3567 om-

360 3597 463 3653 nia
492 3597 626 3652 volo
656 3613 787 3652 esse
807 3614 1150 3668 pauperum.
1182 3620 1210 3648 ››
1246 3599 1423 3653 Addit
1454 3599 2035 3671 Basilius,plurimos

362 3686 664 3756 prodiisse
699 3686 1131 3742 commentitios
1163 3687 1499 3756 creditores,
1533 3689 1634 3759 qui
1661 3688 1976 3745 Caesarium
1998 3706 2032 3744 a

359 3792 426 3829 se
458 3774 770 3847 pecuniam
805 3775 1095 3847 accepisse
1116 3776 1393 3844 dicerent;
1417 3776 1633 3848 quibus
1655 3782 2030 3833 numeratum

362 3866 558 3919 fuerat
590 3864 877 3935 quidquid
914 3865 1207 3934 petebant,
1234 3866 1389 3921 unde
1410 3865 1728 3922 nonnullos
1748 3868 2034 3938 paenitue-

382 3958 473 4008 rat
529 3953 691 4025 quod
741 3952 874 4024 plus
905 3971 1019 4009 non
1068 3954 1378 4025 petiissent
1410 3971 1422 4010 :
1457 3960 1516 4010 at
1549 3960 1847 4011 crescente
1876 3956 2032 4027 ejus-

372 4042 521 4097 modi
539 4041 1033 4114 sycophantarum
1055 4059 1321 4113 numero,
1344 4059 1554 4116 negare
1579 4044 1736 4115 quod
1753 4044 2033 4115 petebant

374 4146 608 4186 necesse
664 4129 885 4195 fuisse;
932 4131 1228 4203 repulsam
1278 4150 1486 4204 passos
1541 4132 1675 4190 lites
1735 4132 2028 4203 intulisse,

373 4235 440 4273 ac
487 4218 834 4292 Gregorium
886 4220 946 4275 in
1005 4221 1290 4276 maximas
1336 4239 1629 4277 aerumnas
1676 4223 2030 4292 conjectum,

373 4326 411 4365 a
440 4308 662 4380 quibus
697 4312 760 4363 ut
789 4308 1102 4377 eximatur,
1138 4310 1532 4381 Sophronium
1557 4316 1725 4383 rogat
1756 4311 2030 4368 Basilius.

356 4397 443 4453 De
494 4396 725 4453 Casarii
786 4398 1021 4468 pietate,
1056 4400 1229 4454 rebus
1268 4400 1469 4470 gestis,
1504 4400 1853 4469 eruditione,
1890 4405 2026 4472 etc.,

364 4486 604 4541 dicendi
643 4487 832 4541 forsan
868 4488 958 4541 hic
989 4486 1153 4543 locus
1201 4494 1391 4556 esset;
1445 4490 1546 4543 sed
1609 4490 1679 4544 de
1731 4489 1821 4543 his
1880 4491 2031 4545 satis

364 4575 686 4648 Gregorius
714 4576 774 4629 in
797 4576 1057 4632 oratione
1088 4594 1266 4649 quam
1288 4578 1360 4634 de
1381 4594 1446 4633 eo
1478 4577 1687 4634 habuit
1709 4595 1905 4634 coram
1936 4596 2033 4651 pa-

370 4664 666 4761 rentibus.
690 4664 848 4719 Hanc
880 4664 1033 4737 legat
1063 4665 1265 4731 lector,
1305 4665 1353 4722 si
1372 4666 1529 4722 velit.
1554 4668 2030 4741 Gorgonimsoro-
2063 4696 2109 4761 Ι)

365 4754 485 4815 ris.
549 4752 847 4824 aliquanto
905 4758 1039 4826 post
1085 4755 1393 4811 Gaasarium
1458 4772 1488 4811 θ
1534 4756 1677 4812 vivis
1744 4756 2029 4824 sublatae,

372 4841 897 4912 praestantissimae
919 4843 1164 4900 virtutes
1214 4846 1474 4901 oratione
1501 4845 1728 4902 funebri
1762 4846 2033 4903 similiter

370 4930 621 4986 ornavit.

366 5091 684 5147 LXXXVII.
720 5092 1009 5161 Gregorius
1038 5095 1309 5149 Basiliam
1336 5097 1525 5151 minus
1571 5106 1728 5152 caute
1774 5098 2031 5154 electioni

441 5166 802 5221 ϐέεεαήθηδὶδ
831 5167 1072 5237 episcopi
1096 5167 1472 5237 providentem
1508 5170 1885 5240 reprehendit.

442 5309 607 5363 Anno
634 5307 761 5379 370,
794 5307 1106 5379 Gregorius
1140 5307 1500 5380 singularem
1558 5310 1618 5365 in
1671 5327 1731 5367 re
1791 5312 2031 5368 maximi

366 5396 646 5453 momenti
677 5394 1056 5470 prudentiam
1089 5397 1392 5470 animique
1410 5397 1814 5457 fortitudinem
1844 5405 2033 5457 osten-

363 5484 468 5553 dit,
494 5503 557 5542 ac
590 5483 893 5560 perruptis
926 5484 1203 5541 omnibus
1246 5503 1373 5558 quae
1419 5487 1750 5557 obstabant,
1784 5490 1856 5545 ad
1914 5488 2034 5544 feli-

361 5589 479 5632 cem
503 5577 729 5633 exitum
766 5590 889 5629 rem
922 5573 1209 5645 perduxit.
1247 5577 1441 5648 Ipsius
1470 5578 1627 5634 enim
1654 5578 2032 5651 potissimum

436 5726 495 5792 α)
524 5727 708 5792 Greg.
747 5732 844 5792 ep.
882 5716 971 5792 18.

436 5729 495 5792 α)
524 5727 708 5792 Greg.
747 5732 844 5788 ep.
882 5726 971 5770 18.

404 5726 483 5874 ἃ)
516 5798 729 5856 Carm.
766 5790 849 5847 De
880 5789 996 5843 vita
1024 5804 1143 5859 sua,
1176 5806 1229 5846 ν.
1261 5791 1369 5849 370
1396 5796 1453 5849 et
1482 5810 1601 5866 seq.

2145 3423 2503 3477 currendum
2539 3423 2810 3493 putabas,
2830 3440 2953 3494 quae
2987 3422 3445 3492 simplicissimis
3467 3422 3803 3493 quibusque

2144 3509 2447 3566 celerrime
2500 3510 2858 3566 calumniam
2918 3515 3176 3567 struunt.
3211 3511 3440 3578 Deinde,
3481 3513 3527 3565 si
3562 3527 3678 3565 non
3710 3527 3805 3565 eo-

2143 3600 2275 3655 dem
2309 3600 2415 3654 tibi
2449 3617 2514 3655 ac
2548 3599 2718 3655 nobis
2768 3616 3076 3655 convenire
3110 3600 3432 3668 existimas,
3484 3600 3701 3671 quibus
3748 3603 3804 3654 et

2142 3689 2261 3743 vita
2290 3693 2348 3743 et
2377 3688 2664 3752 doctrina,
2698 3692 2755 3743 et
2799 3688 3025 3760 reliqua
3068 3690 3265 3744 omnia
3296 3689 3589 3743 commnia
3641 3693 3802 3751 sunt,

2143 3777 2422 3832 nimirum
2456 3794 2489 3831 a
2523 3779 2634 3832 Deo
2669 3777 2749 3831 ita
2774 3777 2904 3847 jam
2946 3778 3079 3832 inde
3110 3796 3143 3832 a
3175 3777 3362 3848 prima
3392 3781 3559 3832 aetate
3590 3793 3805 3831 conso-

2142 3866 2330 3921 ciatis.
2372 3866 2584 3935 Tertio,
2635 3865 2807 3921 liceat
2851 3867 3005 3921 enim
3039 3866 3145 3921 hoc
3195 3882 3428 3937 quoque
3483 3865 3692 3936 dicere,
3754 3866 3805 3920 si

2143 3954 2371 4025 piorum
2406 3953 2624 4025 Deique
2657 3959 2813 4009 metu
2848 3955 3221 4027 praeditorum
3256 3955 3563 4009 hominum
3594 3954 3802 4025 hujus-

2144 4042 2301 4098 modi
2335 4042 2648 4098 electiones
2698 4060 2827 4098 esse
2869 4044 3175 4115 judicasti,
3210 4060 3325 4099 non
3359 4046 3555 4099 autem
3604 4048 3805 4114 poten-

2143 4133 2293 4188 tium
2325 4136 2382 4187 et
2411 4133 2563 4203 apud
2599 4133 2813 4204 vulgus
2843 4133 3258 4205 gratiosorum.
3297 4154 3324 4182 »
3369 4134 3467 4187 llis
3499 4133 3569 4187 de
3609 4131 3805 4188 causis

2143 4221 2457 4293 Gregorius
2490 4239 2552 4276 se
2574 4221 2788 4294 navigii
2823 4238 3052 4291 proram
3084 4221 3462 4288 convertisse,
3495 4225 3551 4276 et
3574 4221 3801 4293 proﬁci-

2144 4310 2226 4367 sci
2258 4312 2615 4366 detrectasse
2652 4310 2945 4383 signiﬁcat
2979 4310 3215 4382 Basilio,
3250 4310 3340 4367 cui
3375 4315 3577 4365 auctor
3606 4315 3694 4366 est
3741 4316 3804 4365 ut

2142 4400 2414 4471 prudenti
2447 4416 2678 4455 secessu
2728 4400 3023 4455 tumultus
3068 4404 3125 4454 et
3174 4417 3380 4472 pravas
3438 4399 3803 4471 suspiciones

2142 4489 2348 4560 fugiat.
2381 4489 2526 4543 Huic
2550 4489 2796 4544 consilio
2830 4489 3097 4562 paruisse
3130 4488 3522 4557 Basilium,ac
3548 4487 3804 4542 latebras

2144 4577 2466 4650 quassiisse,
2500 4579 2639 4633 dum
2672 4578 2877 4634 electio
2910 4584 3303 4651 perageretur,
3338 4577 3653 4634 verisimile
3686 4580 3797 4632 est.

2142 4746 2786 4803 LXXXVIII-LXXXIX.
2843 4747 3133 4816 Gregorius
3180 4755 3406 4817 uterque
3436 4761 3662 4813 operam
3689 4760 3799 4797 na-

2212 4823 2320 4882 vat,
2371 4824 2433 4873 ut
2484 4821 2719 4873 Basilius
2770 4820 3029 4875 Ecclesiae
3069 4818 3399 4873 Caesariensi
3444 4817 3799 4886 praeﬁciatur.

2209 4892 2370 5017 Nithit
2416 4891 2483 4946 ab
2534 4893 2602 4946 iis
2646 4892 3081 4962 praetermissum
3131 4894 3191 4945 ut
3240 4904 3331 4944 res
3374 4902 3603 4959 prapere
3650 4888 3802 4942 cede-

2212 4979 2271 5017 re
2302 5004 2314 5017 .

2212 5113 2328 5168 Nec
2360 5113 2560 5168 minus
2591 5112 2814 5167 interea
2868 5111 3181 5184 Gregorius
3235 5116 3482 5183 uterque
3512 5110 3801 5181 nituntur,

2141 5206 2206 5257 ut
2236 5202 2294 5257 in
2314 5203 2545 5258 Eusebii
2568 5202 2759 5257 locum
2785 5203 3138 5273 subrogetur
3160 5200 3431 5257 Basilius.
3457 5199 3804 5271 Gregorium

2142 5291 2479 5364 episcopum
2512 5291 2833 5347 Caesaream
2868 5290 3190 5345 invitarunt
3223 5288 3517 5360 pressules,
3551 5288 3651 5359 qui
3674 5288 3803 5359 jam

2143 5380 2200 5434 in
2236 5381 2441 5434 urbem
2470 5396 2597 5435 sese
2628 5379 3032 5450 contulerant;
3067 5380 3163 5434 sed
3199 5381 3343 5434 adeo
3388 5378 3695 5433 invenuste
3736 5393 3803 5432 ac

2141 5468 2427 5542 impolite,
2451 5473 2645 5525 utnec
2668 5468 2832 5523 illum
2860 5469 3067 5525 adesse
3088 5474 3372 5539 oportere,
3398 5484 3503 5522 nec
3526 5482 3699 5538 quam
3728 5467 3801 5522 ob

2141 5575 2403 5627 causam,
2440 5575 2543 5613 nec
2587 5575 2703 5630 quo
2733 5563 2996 5631 tempore
3042 5557 3520 5633 signiﬁcaverint.
3572 5554 3799 5615 Rescri~

2214 5722 2288 5793 (ε)
2313 5721 2415 5793 Ερ.
2448 5721 2518 5775 32
2549 5737 2678 5777 nov.
2700 5721 2853 5793 edit.

2215 5792 2293 5864 (ά)
2325 5791 2427 5865 Ep.
2463 5792 2631 5863 Greg.
2661 5791 2736 5849 al.
2766 5793 2857 5849 21.
