4100 6392
348 351 450 416 191

1683 359 1868 423 ἮΊἈ
1911 359 1974 421 S.
2024 358 2425 423 GREGOBII.

3639 355 3753 418 192

341 483 487 544 bene
513 484 589 562 (α)
621 486 910 563 episcopis
940 491 1308 547 venerandus
1327 508 1501 549 senex
1526 492 1734 550 factam
1771 491 1880 549 sibi
1902 491 1992 548 in-
2022 494 2075 563 Α
2105 508 2212 566 ope
2242 495 2415 564 atque
2437 488 2650 548 auxilio
2691 489 2893 547 fretus.
2925 508 2951 542 ι)
2988 486 3384 546 Proﬁciscenti
3432 485 3583 561 patri
3614 486 3755 545 Gre-

338 576 560 651 juriam
595 596 707 634 non
739 579 1150 650 dissimulavit,
1184 598 1290 639 nec
1320 586 1515 640 tamen
1567 584 1771 639 adesse
1803 584 1993 638 detre-

345 669 537 724 ctavit.
570 669 640 723 At
671 686 803 724 cum
836 669 996 725 varia
1028 672 1143 727 fore
1199 672 1504 727 hominum
1551 672 1748 729 studia
1790 673 1848 727 in
1893 672 1994 728 eli-

348 756 537 829 gendo
564 757 835 830 episcopo
866 776 980 813 non
1014 761 1323 828 dubitaret,
1359 768 1556 816 notum
1610 762 1742 816 fecit
1771 762 1995 834 episco-

298 847 302 851 ’
350 845 443 918 pis
476 846 767 902 neminem
802 864 863 902 se
887 848 1096 904 habere
1120 865 1293 921 quem
1333 851 1566 920 Basilio,
1604 850 1675 905 ob
1709 851 1838 920 ejus
1868 850 1995 905 vitae

349 935 719 990 sanctitatem
749 953 816 991 ac
846 937 1117 992 doctrina:
1141 940 1558 1010 praestantiam,
1580 941 1845 1011 praeferre
1863 956 1995 1011 pos-

347 1023 445 1092 sit;
467 1041 570 1079 nec
594 1041 726 1079 vero
752 1025 907 1081 illius
929 1028 1185 1098 corporis
1204 1028 1558 1083 delibitatem
1579 1029 1996 1101 impedimento

344 1129 473 1170 esse
496 1113 726 1181 debere,
749 1130 882 1170 cum
906 1115 1231 1188 episcopus,
1258 1134 1372 1172 non
1420 1117 1638 1173 athleta
1682 1122 1995 1190 quaeratur.

346 1201 639 1258 Promittit
669 1218 729 1258 se
758 1203 1124 1271 adfuturum,
1158 1206 1204 1259 si
1251 1207 1599 1278 suffragium
1650 1207 1808 1262 istud
1857 1206 1995 1262 reci-

346 1290 531 1365 piant,
557 1308 623 1347 ae
643 1308 875 1364 operam
908 1294 991 1349 eis
1022 1295 1297 1350 daturum
1331 1295 1416 1352 vel
1450 1297 1660 1369 spiritu
1683 1297 1770 1352 vel
1802 1313 1999 1368 corpo-

348 1396 431 1448 re;
466 1380 556 1437 sin
583 1384 776 1437 autem
810 1382 983 1438 certis
1014 1385 1450 1440 conditionibus
1498 1386 1590 1441 via
1643 1386 2001 1458 capessenda

350 1470 446 1537 sit,
469 1487 533 1525 ac
566 1470 844 1526 factiones
875 1475 1076 1527 contra
1096 1473 1430 1544 aequitatem
1463 1475 1806 1543 conflentur,
1841 1474 1998 1546 gavi-

345 1576 555 1615 surum
579 1576 641 1615 se
672 1560 826 1631 quod
863 1560 1035 1615 fuerit
1058 1565 1668 1634 contemptus.Eadem
1691 1564 2002 1635 episcopus

345 1649 745 1705 Nazianzenus
769 1650 838 1704 de
878 1649 1114 1717 Basilio,
1141 1667 1313 1722 quem
1339 1669 1453 1723 prae
1481 1653 1701 1708 caeteris
1724 1654 2001 1708 omnibus

342 1737 678 1811 eligendum
710 1738 990 1810 decernit,
1008 1740 1271 1795 Ecclesia:
1289 1741 1625 1797 Caesariensi
1650 1740 1997 1813 scripsit(b),

347 1843 475 1899 quas
504 1826 821 1883 honorifice
851 1844 984 1883 eum
1025 1828 1315 1885 invitaret.
1348 1830 1505 1886 Nihil
1537 1830 2000 1903 praetermissum

346 1916 419 1972 ab
450 1916 671 1987 optimo
698 1931 854 1987 sene,
880 1920 945 1972 ut
969 1933 1238 1991 prospere
1271 1935 1364 1974 res
1395 1920 1643 1975 cederet.
1680 1942 1708 1970 ‹‹
1761 1919 2001 1975 Litteras

349 2004 643 2061 scribebat
674 2005 851 2076 (quod
886 2010 1231 2079 argumento
1262 2012 1351 2062 est
1382 2007 1581 2079 plures
1627 2009 1698 2063 ab
1721 2025 1786 2063 eo
1820 2008 2003 2063 fuisse

351 2094 619 2164 scriptas,
636 2111 809 2165 quam
834 2096 1194 2169 supersunt),
1216 2097 1879 2166 monebat,oonciliabat
1909 2114 2005 2170 po-

352 2182 581 2255 pulum,
619 2184 971 2253 sacerdotes,
1005 2188 1061 2239 et
1082 2184 1359 2257 reliquos,
1384 2190 1673 2258 quotquot
1693 2190 1858 2242 erant
1888 2186 2001 2241 cle-

346 2270 472 2339 rici,
517 2272 937 2343 obtestabatur,
998 2274 1344 2347 suffragium
1402 2275 1639 2342 ferebat,
1695 2274 2003 2330 ordinabat

345 2360 521 2415 etiam
578 2360 770 2416 adhuc
812 2361 1047 2427 absens,
1088 2362 1333 2418 canitiei
1384 2380 1503 2420 suae
1543 2364 1653 2419 hoc
1706 2364 1901 2434 dabat,
1939 2367 2003 2418 ut

342 2449 496 2521 apud
522 2448 765 2520 alienos,
796 2454 1080 2522 tanquam
1115 2452 1267 2524 apud
1304 2470 1463 2521 suos,
1499 2453 1842 2508 auctoritate
1874 2457 2002 2508 ute-

344 2541 507 2594 retur
534 2538 625 2611 (c).
664 2561 683 2588 ιι
720 2543 881 2595 Hanc
928 2539 1385 2597 sollicitudinem
1419 2561 1452 2598 a
1500 2543 1775 2615 Gregorio
1806 2545 2003 2614 postu-

347 2625 470 2682 lare
527 2627 831 2684 videbatur
880 2628 1148 2685 Ecclesiae
1215 2630 1588 2687 Caesariensis
1643 2635 1869 2699 status,
1939 2630 2001 2684 in

350 2734 471 2790 qua
522 2717 855 2774 animorum
905 2736 1121 2793 magna
1176 2724 1300 2775 erat
1347 2720 1657 2777 dissensio.
1711 2720 2000 2776 Omnibus

351 2806 739 2880 praeferebant
790 2808 1088 2877 Basilium,
1148 2809 1347 2881 populi
1397 2826 1531 2881 pars
1594 2808 1999 2873 selectissima,

348 2895 657 2951 universus
689 2895 900 2966 clerus,
934 2902 1162 2953 ascetze.
1194 2898 1405 2954 Verum
1444 2898 1782 2953 invidebant
1826 2902 1880 2952 et
1906 2897 2003 2952 ob-

344 2984 685 3039 nitebantur
716 2984 1123 3057 magistratus,
1158 3002 1222 3041 ac
1265 2988 1480 3041 intimas
1511 2987 1698 3057 plebis
1729 2984 1999 3058 perditis-

342 3073 477 3130 simi
509 3073 729 3145 quique
761 3090 892 3129 cum
929 3074 1374 3146 magistratibus
1406 3075 1722 3145 conjuncti,
1745 3074 1863 3130 imo
1885 3073 1998 3147 ipsi

343 3161 621 3234 episcopi,
655 3164 808 3234 quod
832 3163 1073 3234 jocandi
1116 3163 1420 3219 materiam
1471 3163 1770 3237 religionis
1822 3163 2002 3220 hosti-

349 3251 463 3305 bus
494 3250 803 3322 praebebat.

384 3338 494 3395 XC.
524 3338 821 3394 Eusebium
846 3340 1280 3397 Samosatensem
1312 3346 1599 3397 accersunt
1627 3342 1695 3397 ab
1727 3340 1968 3397 Oriente.

425 3430 709 3483 Praeterea
738 3445 872 3483 cum
901 3430 974 3483 ab
1004 3430 1236 3485 Arianis
1265 3430 1592 3501 periculum
1625 3434 1798 3501 esset,
1831 3430 2007 3486 nela-

354 3516 658 3571 borantem
691 3516 955 3573 dissidiis
985 3517 1300 3573 Ecclesiam
1331 3519 1744 3575 Caesariensem
1768 3535 2012 3589 occupa-

354 3608 486 3660 rent
530 3609 705 3677 atque
734 3610 1075 3673 everterent,
1121 3607 1436 3680 Gregorius
1466 3609 1563 3680 (ά),
1612 3609 1708 3680 qui
1744 3609 2004 3663 nondum

351 3695 558 3751 adesse
592 3699 837 3765 poterat,
864 3712 1144 3767 magnum
1169 3714 1237 3752 ex
1266 3698 1498 3753 Oriente
1530 3698 1727 3753 lumen
1765 3698 2009 3753 accersit

352 3786 623 3839 sanctum
654 3784 972 3839 Eusebium
1004 3785 1499 3849 Samosatensem,
1534 3786 1733 3842 missis
1765 3802 1865 3857 per
1896 3787 2005 3840 Eu-

356 3872 643 3929 stathium
675 3872 987 3929 diaconum
1020 3874 1249 3941 litteris,
1275 3875 1334 3930 in
1365 3876 1580 3946 quibus
1620 3881 1841 3947 quanto
1890 3892 2008 3930 ver-

358 3967 586 4016 saretur
612 3963 672 4016 in
706 3962 963 4032 periculo
982 3963 1354 4019 Caesariensis
1378 3964 1628 4019 Ecclesia
1650 3964 2004 4019 declarabat.

354 4049 627 4103 Accurrit
655 4053 895 4106 sanctus
925 4056 1148 4122 martyr
1175 4051 1235 4105 in
1265 4053 1711 4122 Cappadociam,
1746 4053 1901 4123 quod
1921 4069 2010 4108 as-

358 4138 501 4192 serit
545 4136 794 4193 Basilius
844 4138 936 4210 (e),
986 4144 1043 4194 et
1072 4139 1382 4194 conﬁrmat
1427 4139 1744 4210 Gregorius
1775 4141 1864 4210 (Ι),
1910 4141 2006 4212 qui

357 4225 642 4297 Spiritum
682 4231 953 4282 sanctum
985 4228 1057 4282 ab
1098 4227 1308 4283 exteris
1340 4229 1675 4299 regionibus
1703 4228 1858 4284 viros
1889 4230 2009 4300 pie-

355 4319 475 4370 tate
504 4314 768 4388 insignes
795 4314 1035 4386 zeloque
1066 4314 1378 4387 flagrantes
1410 4317 1481 4372 ad
1524 4318 1866 4389 ungendum
1903 4318 2008 4372 Ba-

355 4404 553 4458 silium
586 4405 871 4460 excitasse
910 4409 1177 4461 testatur.

361 4513 503 4565 XCI.
537 4511 781 4566 Basilius
811 4509 1017 4585 electus
1055 4514 1135 4585 est
1161 4512 1517 4567 Caesariensis
1546 4513 1847 4585 episcopus,
1881 4512 2010 4569 Gre-

855 4584 999 4652 gorii
1018 4584 1309 4654 utriusque
1328 4600 1510 4654 opera.

432 4671 579 4735 Quid
629 4670 826 4742 plura?
873 4672 1017 4727 Cum
1066 4688 1269 4727 eorum
1299 4688 1539 4727 numero
1572 4672 2003 4745 episcoporum,

360 4761 461 4831 qui
494 4760 779 4816 Basiliam
809 4764 976 4816 erant
1018 4759 1455 4832 proclamaturi,
1485 4779 1639 4817 unus
1682 4762 1909 4818 deesset
1934 4763 2007 4817 ad

357 4849 696 4905 canonicam
747 4848 1132 4915 electionem;
1185 4849 1452 4904 Nazianzi
1500 4850 1829 4920 episcopus,
1864 4873 1891 4900 ‹‹
1926 4851 2006 4922 (g)

356 4954 471 4992 non
506 4937 695 4993 solum
728 4941 1047 5005 senectute,
1077 4938 1178 4993 sed
1204 4938 1381 4993 etiam
1428 4940 1631 4993 morbo
1663 4938 1905 5005 fractus,
1940 4955 2006 4993 ac

354 5042 503 5100 pene
535 5026 794 5081 animam
826 5042 1026 5097 agens,
1054 5026 1163 5081 iter
1180 5026 1413 5098 aggredi
1444 5043 1559 5081 non
1586 5027 1897 5089 dubitavit,
1944 5039 2008 5081 ut

356 5114 580 5171 calculo
612 5132 719 5170 suo
749 5115 1090 5169 electionem
1133 5116 1386 5186 juvaret,
1436 5114 1689 5187 Spiritus
1738 5114 2008 5171 videlicet

430 5258 508 5402 Ea)
539 5258 705 5328 Greg.
741 5256 845 5327 Ep.
882 5255 957 5312 al.
987 5257 1078 5312 23.

456 5330 509 5402 bi
539 5329 634 5402 0r.
673 5328 758 5402 μβ,
792 5345 849 5383 ιι.
881 5329 972 5402 ββ.

456 5328 509 5401 bii
539 5329 634 5401 0r.
673 5328 758 5401 18.
792 5345 849 5383 ιι.
881 5329 972 5401 36.

433 5400 501 5528 (3)
533 5400 629 5457 Or.
661 5400 750 5468 43,
784 5416 843 5482 n.
875 5400 965 5454 37.
1097 5470 1107 5480 .
1141 5470 1152 5482 θ

433 5474 447 5544 (
488 5479 507 5539 )
537 5473 642 5544 Ep.
674 5472 766 5544 47,
796 5476 951 5527 inter
977 5470 1323 5541 Basilianas,
1357 5488 1413 5544 p.
1448 5471 1569 5527 140.

452 5474 507 5539 d)
537 5474 642 5544 Ep.
674 5474 766 5539 47,
796 5474 951 5527 inter
977 5474 1323 5541 Basilianas,
1357 5488 1413 5544 p.

428 5474 506 5759 l3
532 5544 644 5670 a;
668 5542 765 5685 s,
795 5631 853 5669 η.
1418 5660 1419 5665 γ

435 5691 484 5758 (g
537 5684 632 5743 Or.
668 5686 755 5759 18,
778 5702 836 5743 n.
869 5686 967 5758 36;
1002 5701 1068 5741 or
1098 5685 1186 5757 43,
1217 5702 1275 5744 u.
1304 5686 1393 5743 37.

435 5684 506 5759 lg)
537 5684 632 5743 Or.
668 5684 836 5759 18,n.
869 5686 967 5758 36;
1002 5701 1068 5741 or
1098 5685 1186 5757 43,
1217 5702 1275 5744 u.
1304 5686 1393 5743 37.

2105 583 2302 655 gorius
2337 585 2534 637 noster
2563 580 2786 637 litteras
2809 580 2886 653 (ἡ)
2920 580 2989 635 ad
3026 578 3632 635 sanctumEusebium
3657 577 3758 632 de-

2106 673 2210 743 dit,
2233 673 2403 744 cujus
2425 670 2635 737 zelum,
2652 672 2916 738 sudores,
2933 674 3279 743 gratamque
3293 668 3407 723 Deo
3430 666 3760 723 libertatem

2104 761 2324 829 laudat,
2359 765 2529 832 atque
2556 760 2605 815 ei
2639 764 2934 832 acceptam
2971 759 3146 813 refert
3190 762 3523 812 renovatam
3577 756 3763 829 patris

2107 854 2484 920 senectutem,
2519 850 2673 905 unde
2704 850 2878 904 etiam
2904 864 3024 902 rem
3059 864 3125 901 ex
3149 846 3438 903 sententia
3459 862 3764 901 successu-

2109 956 2231 994 ram
2265 943 2478 1011 sperat.
2515 961 2542 988 «
2575 939 2857 993 Senectus
2889 941 3220 1004 renovatur,
3254 936 3494 991 mori-us
3528 952 3767 1007 suriera-

2109 1032 2228 1095 tur,
2256 1027 2404 1082 lecto
2439 1026 2625 1082 aﬂecti
2658 1023 3427 1096 exiliunt,infirmipotentia
3457 1025 3772 1096 accingun-

2107 1119 2223 1172 tur.
2279 1118 2411 1181 Quae
2445 1132 2536 1171 res
2586 1114 2728 1169 mihi
2773 1115 3170 1184 conjecturam
3228 1112 3498 1180 afferunt,
3532 1114 3769 1185 negotia

2110 1208 2309 1260 nostra
2339 1222 2408 1259 ex
2437 1203 2614 1259 animi
2645 1203 2940 1258 sententia
2980 1218 3330 1257 successura
3374 1216 3523 1257 esse.
3556 1202 3634 1257 Ac
3666 1218 3766 1273 pa-

2108 1297 2252 1349 trem
2287 1293 2693 1365 quidem,tum
2726 1308 2853 1359 suo,
2886 1295 3010 1346 tum
3062 1295 3263 1346 nostro
3293 1290 3528 1346 nomine
3563 1289 3766 1359 habes,

2113 1382 2424 1454 pulchrum
2446 1382 2726 1437 universae
2748 1381 2878 1436 vitae
2900 1384 2957 1436 et
2970 1380 3310 1435 venerandae
3328 1380 3558 1434 canitiei
3594 1380 3767 1434 finem

2114 1471 2554 1543 impositurum,
2580 1469 2853 1526 nimirum
2888 1472 3231 1541 praesentem
3264 1468 3414 1523 hanc
3438 1484 3541 1541 pro
3574 1468 3767 1523 Eccle-

2111 1548 2198 1615 sia
2230 1560 2686 1615 dimicationem.
2717 1562 2788 1613 At
2824 1562 3048 1615 certum
3082 1557 3265 1614 habeo
3305 1557 3445 1628 fore,
3479 1561 3545 1612 ut
3575 1556 3763 1628 preci-

2110 1650 2222 1705 bus
2261 1649 2490 1710 vestris.
2536 1648 2754 1720 quibus
2794 1648 2974 1703 fretus
3032 1663 3201 1702 nemo
3247 1663 3361 1702 non
3394 1645 3509 1702 sibi
3539 1644 3773 1718 quidvis

2111 1737 2372 1811 polliceri
2417 1737 2608 1809 debet,
2641 1737 2957 1792 firmiorem
2991 1752 3123 1792 eum
3149 1734 3650 1805 valentioremque
3680 1749 3768 1788 re-

2113 1827 2421 1899 cipiamus.
2458 1849 2485 1876 »
2517 1827 2662 1899 Spes
2692 1826 2952 1899 Gregorii
3003 1825 3166 1881 irrita
3219 1841 3334 1879 non
3383 1824 3513 1880 fuit.
3562 1842 3588 1875 α
3622 1822 3767 1878 Fieri

2111 1915 2280 1972 aliter
2309 1933 2424 1972 non
2479 1920 2727 1989 poterat,
2759 1920 2824 1971 ut
2879 1916 3006 1987 ipse
3063 1915 3144 1969 ait
3188 1914 3275 1986 (ἰ),
3310 1913 3453 1986 quin
3513 1912 3770 1984 Spiritus

2110 2008 2349 2061 sanctus
2378 2005 2632 2060 vinceret
2658 2030 2671 2074 ;
2695 2008 2869 2077 atque
2901 2004 3041 2059 adeo
3086 2003 3317 2059 abunde
3349 2001 3504 2057 vicit.
3542 2025 3562 2052 ι
3601 2000 3761 2056 Basi-

2110 2092 2282 2149 silius
2313 2093 2529 2149 electus
2552 2093 2664 2148 fuit
2687 2092 3061 2149 Caesariensis
3094 2091 3760 2164 episcopus,ordinatus,

2117 2186 2173 2238 et
2203 2182 2261 2236 in
2285 2183 2495 2237 throno
2544 2182 2881 2237 collocatus.
2906 2182 3129 2244 Quibus
3153 2180 3424 2252 peractis,
3443 2176 3758 2251 Gregorius

2111 2272 2211 2344 qui
2234 2271 2527 2341 profectus
2546 2272 2751 2342 fuerat,
2770 2294 2795 2320 ‹‹
2817 2271 2883 2343 (1')
2901 2270 3161 2325 vehiculo
3187 2287 3303 2325 non
3326 2284 3496 2324 secus
3519 2285 3583 2323 ac
3604 2283 3755 2322 mor-

2112 2365 2252 2416 tuus
2283 2361 2489 2415 feretro
2523 2360 2858 2431 impositus,
2879 2360 3112 2430 juvenis
3150 2357 3319 2426 redit,
3345 2357 3553 2412 firmus
3579 2372 3646 2413 ac
3677 2372 3766 2409 va-

2109 2448 2257 2520 lens,
2291 2448 2490 2505 oculos
2521 2452 2741 2503 erectos
2761 2448 3000 2515 habens,
3025 2465 3057 2501 a
3088 2463 3371 2501 manuum
3393 2445 3770 2517 impositione

2110 2544 2167 2594 et
2198 2538 2493 2605 unctione,
2532 2538 2684 2592 addo
2724 2539 2923 2603 etiam,
2956 2541 3014 2591 et
3043 2538 3115 2591 ab
3149 2534 3329 2600 illius,
3373 2536 3474 2607 qui
3507 2535 3766 2606 ungeba-

2108 2631 2225 2695 tur,
2259 2628 2446 2698 capite
2488 2628 2815 2682 roboratus.
2850 2626 2966 2681 Hoc
2995 2626 3175 2697 igitur
3204 2625 3277 2680 ad
3309 2624 3532 2696 priscas
3564 2640 3764 2677 narra-

2109 2716 2299 2772 tiones
2340 2716 2594 2782 accedat,
2620 2716 2775 2786 quod
2811 2714 3313 2770 labor'sanitatem
3344 2713 3533 2781 affert,
3566 2717 3622 2767 et
3645 2711 3766 2766 ani-

2110 2804 2189 2859 mi
2224 2804 2494 2859 alacritas
2528 2808 2757 2859 mortuo
2789 2805 3020 2869 excitat,
3035 2808 3092 2858 et
3148 2801 3310 2858 exilit
3354 2806 3623 2856 senectus
3642 2800 3765 2870 Spi-

2108 2893 2224 2948 ritu
2258 2893 2540 2957 delibuta,
2574 2914 2602 2943 »
2630 2893 2725 2948 Sic
2759 2892 3029 2957 Basilius,
3063 2890 3324 2963 Gregorii
3364 2890 3671 2960 utriusque
3711 2893 3768 2943 et

2110 2982 2307 3038 sancti
2346 2981 2580 3037 Eusebii
2601 2981 3033 3037 Samosatensis
3070 2996 3268 3053 opera,
3294 2978 3561 3034 Ecclesia:
3582 2982 3765 3032 (laesa-

2108 3070 2321 3126 riensis
2346 3071 2748 3142 episcopatum
2793 3069 3055 3141 suscepit
3090 3086 3241 3124 anno
3272 3070 3398 3135 2'70,
3448 3072 3511 3122 ut
3562 3065 3766 3121 multis

2109 3160 2474 3233 argumentis
2506 3162 2815 3215 contirmat
2848 3164 3047 3214 noster
3071 3158 3426 3213 Prudentius
3460 3157 3657 3211 Maran
3690 3154 3767 3227 (k)

2032 3235 2074 3303 C
2114 3253 2246 3320 post
2276 3248 2576 3304 Petavium
2607 3253 2665 3304 et
2695 3248 3131 3303 Tillemontium
3156 3262 3171 3301 :
3199 3263 3303 3301 nec
3325 3245 3597 3301 audiendi
3630 3248 3768 3299 sunt

2116 3336 2485 3393 Bollandistae
2533 3342 2590 3392 et
2627 3336 2934 3403 Baronius,
2980 3335 3081 3408 qui
3134 3334 3417 3390 Basilium
3463 3350 3617 3389 anno
3665 3333 3768 3387 369

2117 3427 2453 3483 ordinatum
2484 3426 2755 3481 scribunt
2785 3424 2970 3481 multo
3003 3429 3195 3480 autem
3238 3423 3428 3495 magis
3483 3420 3768 3493 repellen-

2116 3516 2229 3571 dus
2260 3520 2348 3571 est
2378 3516 2611 3589 Pagius,
2654 3515 2757 3585 qui
2803 3516 2932 3585 ejus
2978 3513 3409 3589 ordinationem
3441 3512 3513 3567 ad
3545 3526 3767 3567 annum

2117 3621 2306 3675 usque
2336 3605 2435 3658 371
2471 3604 2686 3659 differt.

2115 3712 2278 3767 XCII.
2315 3710 2603 3780 Gregorius
2658 3725 2757 3765 nec
2802 3695 3051 3764 εἰει)ιίοηὶ
3099 3709 3307 3763 Basilii
3352 3708 3623 3777 interfuit,
3672 3721 3774 3760 nec

2187 3800 2311 3839 eum
2340 3787 2457 3853 post
2486 3783 2800 3836 electionem
2830 3783 3023 3837 invisit
3040 3802 3059 3847 ,-
3081 3781 3290 3837 Basilio
3308 3780 3558 3850 querenti
3577 3794 3634 3832 se
3662 3793 3767 3833 ne-

2186 3856 2423 3925 glectum
2451 3853 2747 3925 respondit.

2186 3960 2415 4016 Nemini
2437 3960 2684 4015 dubium
2718 3959 2846 4027 fuit,
2863 3958 3003 4030 quin
3027 3956 3470 4027 Gregorius,qui
3502 3954 3771 4011 electioni

2117 4049 2315 4104 Basilii
2364 4065 2479 4104 non
2509 4047 2873 4116 interfuerat,
2927 4047 3109 4101 electo
3158 4045 3561 4117 gratulaturus
3591 4045 3775 4099 Casa-

2119 4154 2277 4194 ream
2303 4140 2654 4193 occurreret.
2673 4136 2889 4191 Verum
2930 4135 3270 4190 Christianae
3304 4133 3601 4188 modestiae
3632 4149 3768 4187 con-

2120 4225 2345 4294 sulens,
2368 4230 2543 4298 atque
2583 4226 2790 4280 borum
2838 4221 3470 4295 temporuminvidiam
3517 4220 3767 4291 fugiens,

2120 4330 2385 4387 represso
2408 4315 2665 4369 amicum
2685 4313 2921 4369 videndi
2959 4312 3267 4380 desiderio,
3301 4310 3457 4366 domi
3491 4326 3553 4364 se
3591 4307 3768 4364 conti-

2120 4402 2271 4474 nuit,
2303 4403 2454 4458 datis
2495 4402 2712 4459 interea
2762 4401 2972 4458 litteris
3004 4400 3221 4471 quibus
3267 4416 3330 4454 se
3378 4414 3614 4454 summa
3641 4413 3767 4468 per-

2119 4494 2319 4548 fusum
2370 4490 2569 4547 laetitia
2625 4490 2811 4546 fuisse
2868 4490 3079 4545 fatetur
3109 4488 3193 4559 (ι),
3231 4504 3361 4543 cum
3408 4486 3705 4542 lucernam
3737 4502 3773 4540 a

2038 4598 2087 4663 D
2120 4581 2341 4654 Spiritu
2374 4586 2579 4637 sancto
2613 4580 2825 4635 victore
2855 4596 3036 4651 supra
3065 4578 3484 4634 candelabrum
3516 4576 3772 4648 positam

2117 4671 2437 4739 intellexit;
2487 4670 2782 4741 simulque
2830 4685 3038 4723 causas
3091 4684 3194 4722 cur
3242 4666 3439 4721 statim
3470 4666 3542 4720 ad
3574 4667 3768 4737 ipsum

2116 4776 2233 4815 non
2278 4758 2653 4825 advolaverit,
2697 4757 2948 4830 exponit,
2986 4773 3052 4811 ac
3103 4772 3174 4811 ne
3223 4756 3279 4809 id
3321 4772 3354 4809 a
3401 4769 3464 4809 se
3495 4744 3774 4825 exposcat

2114 4855 2405 4922 precatur.
2441 4849 2704 4922 Gregorii
2732 4849 3049 4915 orationes,
3084 4862 3183 4901 seu
3226 4844 3627 4901 excusationes
3655 4860 3769 4897 non

2119 4940 2344 5010 accepit
2366 4937 2641 5003 Basilius,
2677 4953 2856 5007 seque
2880 4937 2951 4990 ab
2978 4952 3045 4990 eo
3078 4934 3417 5005 parvipendi
3449 4948 3515 4987 ac
3555 4930 3770 5003 negligi

2119 5031 2479 5097 conquestus
2501 5025 2812 5081 est.Basilii
2839 5022 3095 5095 querelis
3127 5014 3213 5077 sic
3246 5025 3521 5093 peracute
3539 5036 3775 5090 respon-

2115 5116 2201 5171 dit
2221 5114 2319 5187 (m)
2348 5131 2361 5171 :
2389 5136 2417 5165 ‹‹
2448 5115 2507 5171 Si
2540 5115 2709 5170 nobis
2767 5118 3072 5185 propterea
3127 5126 3458 5181 succenses,
3512 5107 3666 5181 quod
3716 5111 3773 5163 te

2188 5257 2268 5330 (Ιι)
2298 5258 2400 5330 Ep.
2433 5257 2506 5313 al.
2537 5257 2628 5312 29.

2186 5328 2255 5401 (ἱ)
2284 5328 2380 5401 Or.
2413 5330 2503 5399 48,
2536 5347 2594 5386 n.
2627 5328 2716 5385 37.

2185 5400 2251 5473 (j)
2283 5400 2430 5455 Ibid.

2189 5469 2264 5542 ('k')
2302 5474 2435 5527 Vita
2464 5471 2590 5527 Bas.
2625 5487 2674 5527 c.
2710 5469 2797 5539 13,

2212 5545 2252 5613 ι)
2285 5544 2387 5613 Ep.
2420 5542 2495 5598 al.
2528 5544 2619 5597 24.

2186 5545 2286 5686 lm)
2319 5615 2419 5686 Ep.
2454 5613 2529 5669 a1.
2567 5614 2652 5669 10.

2830 5484 2887 5543 p.
2918 5468 3007 5523 83.
