4100 6396
346 388 456 444 195

1683 379 1866 438 Vl'l‘A
1913 383 1976 437 S.
2026 381 2424 440 GREGURII.

3650 387 3765 446 196

342 515 706 585 disponenda
733 515 941 569 harum
977 531 1169 569 rerum
1223 513 1394 580 serie,
1436 529 1861 582 nonnunquam
1887 512 1987 567 ab-
2020 514 2077 579 Α
2103 513 2282 568 XCVI.
2333 513 2564 587 Operam
2586 531 2742 570 suam
2797 519 2952 588 offert
2997 518 3204 572 Basilio
3258 516 3514 573 adversus
3561 519 3761 574 Ληιὴί-

342 621 556 660 errare.
580 604 661 659 Ne
683 604 1091 659 Tillemontius
1121 603 1377 674 quidem,
1402 620 1516 673 quo
1541 619 1655 656 non
1684 601 1827 656 alter
1857 618 1993 656 cau-

343 695 456 749 tior
481 711 546 750 ac
577 694 915 766 diligentior
957 695 1028 748 ab
1096 692 1255 747 omni
1314 708 1506 746 errore
1565 691 1849 745 immunis
1881 695 1990 745 est.

343 784 531 839 Locus
563 785 803 855 quidam
835 783 1093 854 Gregorii
1129 783 1313 836 nostri
1345 780 1542 835 minus
1580 786 1734 834 recte
1765 779 1991 834 intelle-

343 881 474 929 ctus
506 875 560 927 in
597 873 880 927 maximas
910 871 1214 942 angustias
1238 871 1428 924 virum
1464 871 1695 924 doctum
1721 868 1990 938 conjecit.

340 963 656 1033 Postquam
687 962 999 1032 Gregorius
1029 960 1226 1014 retulit
1258 959 1557 1013 Valentem
1595 957 1785 1012 Basilii
1809 957 1994 1012 admi-

338 1052 560 1106 ratione
591 1050 946 1120 perculsum,
983 1047 1234 1102 vetuisse
1266 1064 1337 1101 ne
1363 1047 1448 1101 vis
1500 1047 1552 1101 ei
1582 1047 1914 1115 inferretur,
1938 1049 1995 1099 et

339 1140 480 1194 dum
514 1141 667 1192 dona
697 1139 926 1193 offerret
947 1137 1233 1190 mirumin
1257 1136 1493 1189 modum
1525 1135 1996 1202 titubasse,cum-

339 1246 450 1299 que
481 1245 684 1282 rursus
715 1227 776 1281 in
809 1225 1111 1281 ecclesiam
1145 1225 1417 1287 venisset,
1450 1224 1604 1277 intra
1626 1223 1814 1277 velum
1848 1223 1992 1276 divi-

340 1335 446 1373 nas
478 1315 858 1371 Basiliivoces
882 1313 1212 1380 audivisse;
1238 1317 1570 1384 postquam,
1602 1311 1994 1381 inquam,ha3c

339 1407 595 1461 narravit
625 1404 960 1475 Gregorius,
994 1403 1077 1457 sic
1114 1402 1490 1473 prosequitur
1521 1402 1597 1471 (α)
1634 1418 1645 1453 :
1679 1397 1826 1466 Αὐτὴ
1851 1398 1991 1473 γίνε-

333 1515 420 1548 ται
450 1499 550 1562 τῆς
582 1495 676 1546 τοῦ
713 1489 981 1566 βασιλέως
1031 1489 1155 1564 περὶ
1185 1491 1331 1560 ἡμᾶς
1380 1486 1787 1566 φίλανορωπίας
1821 1488 1989 1561 ἀρχὴ,

335 1584 425 1637 καὶ
483 1583 802 1641 κατάστασις
853 1579 1071 1654 πρώτη,
1128 1583 1288 1632 τοῦτο
1339 1579 1401 1631 τὸ
1460 1575 1662 1648 λῆμμα
1718 1583 1816 1644 τῆς
1869 1576 1992 1630 τότε

337 1671 674 1748 διοοίλοῦσης
727 1669 984 1744 ἐπηρείας
1039 1669 1101 1722 τὸ
1160 1665 1436 1736 πλεῖστον,
1497 1665 1675 1740 ὥσπερ
1718 1686 1771 1718 τι
1820 1663 1992 1740 ῥεῦμα

337 1758 579 1815 διέλυσεν
617 1780 628 1816 :
659 1786 685 1811 ‹‹
724 1763 837 1815 Hoc
859 1759 1082 1814 exstitit
1113 1758 1498 1829 imperatoria:
1557 1775 1694 1827 erga
1745 1773 1849 1810 nos
1881 1757 1988 1810 hu-

339 1851 637 1907 manitatis
669 1855 725 1904 et
749 1848 1070 1904 clementiae
1098 1847 1485 1918 principium;
1519 1846 1637 1900 haec
1669 1845 1858 1916 prima
1897 1862 1985 1900 re-

336 1958 468 1995 rum
495 1940 737 2006 sedatio,
775 1939 891 1993 haec
931 1938 1157 1993 occasio
1219 1936 1534 1990 maximam
1584 1934 1989 2005 impressionis

333 2030 513 2095 illius,
549 2047 664 2100 qua
693 2033 818 2082 tum
843 2029 1218 2093 vexabamur,
1264 2030 1506 2095 partem,
1554 2042 1665 2078 non
1700 2041 1868 2078 secus
1921 2039 1985 2076 ac

333 2119 546 2174 fluctus
578 2118 886 2188 quosdam,
916 2115 1086 2187 fregit
1116 2132 1180 2168 ac
1212 2113 1495 2168 dissolvit.
1532 2135 1559 2162 »
1592 2113 1721 2166 Haec
1771 2114 1842 2166 ad
1901 2130 1987 2168 se-

332 2208 593 2262 cundum
628 2205 880 2261 Valentis
901 2205 958 2259 in
983 2204 1286 2258 ecclesiam
1312 2203 1642 2275 ingressum
1677 2201 1982 2256 refertTil-

335 2294 933 2364 lemontius,indeque
953 2292 1175 2364 colligit
1191 2291 1466 2346 Basilium
1503 2309 1566 2345 ac
1589 2308 1790 2346 omnes
1808 2291 1985 2345 etiam

332 2383 710 2456 Cappadociae
741 2383 1029 2437 Ecclesiae
1062 2381 1282 2451 reliquo
1326 2380 1585 2434 Valentis
1618 2380 1986 2449 imperatoris

333 2479 618 2544 tempore,
653 2473 736 2526 vel
771 2471 979 2525 saltem
1014 2470 1113 2523 diu
1158 2469 1301 2523 satis
1357 2474 1489 2539 post
1545 2467 1800 2522 Valentis
1849 2483 1984 2522 cum

336 2561 549 2617 Basilio
582 2560 959 2631 colloquium,
986 2574 1187 2630 pacem
1230 2556 1564 2612 retinuisse.
1622 2555 1839 2611 Verum
1875 2573 1987 2628 pax

332 2652 431 2707 illa
465 2668 835 2722 nequaquam
859 2647 1155 2704 conciliari
1188 2651 1376 2718 potest
1398 2663 1528 2700 cum
1557 2645 1984 2716 persecutione,

333 2758 512 2812 quam
545 2745 676 2810 post
703 2738 1028 2793 secundum
1051 2733 1310 2790 Valentis
1331 2734 1389 2788 in
1421 2734 1724 2789 ecclesiam
1757 2733 1981 2804 ingres-

331 2844 464 2883 sum
497 2833 869 2882 consecutam
899 2843 1027 2880 esse
1057 2830 1258 2879 auctor
1287 2827 1376 2877 est
1415 2821 1750 2893 Gregorius.
1782 2822 1983 2890 Conje-

331 2917 514 2972 cturis
543 2915 952 2971 Tillemontius
982 2913 1134 2968 hanc
1163 2911 1566 2967 difficultatem
1597 2909 1818 2966 solvere
1849 2911 1981 2964 niti-

330 3010 452 3062 tur.
494 3005 604 3061 Sed
626 3005 763 3075 quid
796 3003 1146 3074 conjecturis
1174 3018 1320 3073 opus
1365 2991 1485 3068 est,
1507 3017 1642 3055 cum
1676 3017 1766 3054 res
1793 3017 1892 3071 per
1922 3016 1984 3056 se

330 3097 506 3168 plana
536 3094 612 3149 sit
640 3100 697 3150 et
721 3094 989 3165 expedita
1009 3093 1036 3147 ?
1065 3093 1195 3147 Haec
1249 3091 1406 3145 enim
1460 3092 1632 3145 verba
1671 3088 1932 3160 Gregorii
1964 3104 1979 3144 :

336 3204 358 3232 ι
393 3184 510 3239 Ηοο
527 3183 633 3238 fuit
652 3181 1026 3253 imperatoris
1048 3197 1185 3252 erga
1200 3197 1303 3234 nos
1317 3176 1703 3233 humanitatis
1721 3177 1845 3231 initi
1859 3194 1978 3246 um,

2023 1893 2070 1956 B

2675 605 2828 641 mum
2849 590 3198 659 Tyanensem.

2180 693 2277 748 llic
2298 694 2471 749 etiam
2505 695 2693 768 legere
2718 695 2912 752 licebit
2942 699 3168 770 egregie
3200 702 3446 754 tractata
3475 699 3534 754 in
3569 699 3758 770 capite

2101 783 2190 850 23,
2216 799 2600 855 quaecumque
2631 791 2895 856 spectant
2924 793 3069 852 orta,
3104 790 3236 858 post
3265 787 3526 844 Valentis
3541 788 3760 842 disces-

2105 887 2257 940 sum,
2282 871 2433 927 inter
2463 880 2729 928 sanctum
2752 874 3454 930 BasiliumetAnthimum
3487 877 3755 948 Tyanen-

2105 976 2227 1014 sem
2260 961 2598 1033 episcopum
2631 963 2890 1030 dissidia,
2924 981 2992 1018 ex
3039 963 3322 1019 divisione
3377 965 3757 1036 Cappadociae

2105 1049 2164 1102 in
2208 1050 2355 1105 duas
2415 1051 2741 1120 provincias
2776 1070 2788 1119 ;
2822 1057 2879 1106 et
2923 1069 3049 1123 quis
3091 1054 3273 1124 gessit
3325 1054 3658 1126 Gregorius,
3694 1057 3760 1108 ut

2105 1138 2276 1192 amici
2312 1145 2506 1210 partes
2536 1145 2879 1206 tueretur,et
2901 1142 3040 1212 jura
3067 1143 3403 1198 defenderet
3423 1147 3626 1197 contra
3642 1148 3756 1196 An-

2105 1228 2379 1282 thimum.
2414 1228 2517 1282 Ubi
2555 1229 2811 1300 primum
2842 1231 3154 1303 Gregorius
3185 1231 3372 1286 audiit
3401 1231 3614 1286 Basilio
3629 1247 3754 1286 mo-

2106 1315 2306 1371 lestias
2332 1315 2611 1383 exhiberi,
2645 1335 2813 1373 suam
2843 1318 2891 1374 ei
2918 1323 3124 1390 sponte
3144 1335 3383 1391 operam
3411 1318 3626 1374 obtulit
3655 1319 3756 1390 (b),

2105 1420 2284 1474 seque
2315 1403 2634 1460 Cesaream
2671 1406 2970 1477 pollicitus
3010 1412 3098 1462 est
3153 1414 3485 1475 venturum,
3517 1413 3641 1462 tum
3697 1411 3761 1462 ut

2104 1508 2236 1547 eum
2273 1494 2515 1548 consilio
2541 1495 2795 1564 juvaret,
2831 1500 2956 1550 tum
2991 1501 3053 1549 ut
3083 1495 3470 1550 contumelias
3522 1512 3654 1550 cum
3689 1512 3757 1551 eo

2105 1583 2439 1652 partiretur,
2474 1583 2740 1653 quamvis
2771 1601 2874 1655 pro
2906 1589 3059 1639 certo
3091 1585 3330 1639 haberet
3361 1584 3638 1639 Basilium
3665 1585 3754 1638 ni-

2103 1669 2183 1723 hil
2202 1688 2442 1741 prorsus
2458 1674 2748 1727 facturum
2777 1674 2930 1743 quod
2947 1673 3315 1744 philosophia
3328 1675 3403 1728 sit
3418 1674 3752 1745 indignum.

2101 1759 2234 1821 Quae
2259 1761 2431 1814 verba
2464 1761 2605 1815 satis
2634 1761 2895 1815 indicant
2925 1761 3232 1832 epistolam
3248 1761 3320 1816 al.
3347 1763 3436 1832 25,
3471 1762 3752 1833 scriptam

2101 1848 2282 1903 fuisse
2313 1849 2491 1918 hujus
2523 1850 2906 1904 dissensionis
2930 1867 3128 1919 causa,
3171 1851 3226 1905 in
3261 1868 3378 1914 qua
3409 1868 3523 1906 non
3555 1852 3754 1906 deiide

2100 1943 2201 1990 aut
2232 1939 2494 1992 doctrina
2524 1940 2823 2010 agebatur,
2849 1941 2949 1993 sed
2973 1940 3042 1994 de
3066 1940 3253 1994 reditu
3279 1945 3334 1994 et
3366 1940 3521 1995 sedis
3544 1939 3755 2011 ampli-

2099 2027 2322 2080 tudine.
2372 2027 2724 2082 Divisionem
2786 2027 3012 2082 civilem
3055 2029 3450 2099 Cappadociae,
3485 2047 3607 2099 quae
3640 2031 3753 2083 sub

2099 2115 2334 2169 initium
2368 2115 2578 2170 hiemis
2610 2117 2747 2169 anni
2778 2118 2884 2169 372
2929 2117 3198 2172 instituta
3248 2118 3375 2183 fuit,
3409 2134 3523 2172 non
3552 2118 3750 2173 statim

2097 2211 2298 2259 secuta
2331 2211 2418 2259 est
2448 2205 2854 2259 ecclesiasticas
2896 2207 3204 2276 provinciae
3236 2206 3461 2272 divisio,
3494 2225 3616 2278 quae
3633 2224 3749 2261 non

2097 2293 2209 2347 nisi
2245 2297 2374 2364 post
2391 2294 2640 2349 Valentis
2662 2294 3010 2360 discessum,
3027 2295 3178 2350 circa
3193 2312 3452 2351 mensem
3474 2296 3748 2350 Martium

2099 2381 2276 2452 hujus
2309 2383 2468 2446 anni,
2499 2383 2729 2438 videtur
2745 2384 3383 2453 contigisse.Tumvero
3405 2385 3741 2450 Anthimus,

2095 2470 2462 2541 Tyanensem
2487 2471 2801 2539 civitatem,
2864 2489 2990 2542 quae
3050 2474 3317 2527 secunda:
3369 2473 3748 2544 Cappadocia

2096 2558 2435 2629 metropolis
2460 2561 2610 2614 facta
2641 2561 2847 2624 fuerat,
2881 2561 3081 2615 eodem
3111 2562 3241 2629 jure
3271 2560 3329 2614 in
3364 2563 3537 2616 rebus
3559 2563 3746 2617 eccle-

2096 2647 2350 2701 siasticis
2386 2664 2514 2702 esse
2564 2648 2772 2702 debere
2827 2649 3144 2718 contendit,
3194 2666 3409 2720 easque
3440 2651 3741 2720 parcecias,

2095 2751 2222 2805 quae
2252 2752 2406 2789 novae
2429 2736 2734 2806 provinciae
2759 2753 2832 2790 nu
2846 2753 2943 2808 per
2965 2737 3251 2805 adjuncta;
3282 2739 3740 2809 fuerant,utjam

2095 2824 2208 2877 sibi
2242 2825 2558 2879 attinentes
2589 2829 2645 2879 et
2675 2841 2708 2879 a
2753 2825 2966 2880 Basilio
3025 2827 3358 2896 distractae,
3411 2828 3743 2883 vindicavit.

2093 2918 2297 2968 contra
2326 2912 2576 2968 Basilius
2606 2913 2785 2968 veteri
2812 2915 3246 2978 consuetudini,
3279 2920 3454 2986 atque
3484 2916 3619 2970 huic
3657 2918 3746 2972 di-

2091 2999 2324 3066 visioni,
2357 3017 2487 3071 quas
2514 3001 2652 3054 olim
2668 3001 2985 3056 aPatribus
3014 3005 3161 3057 facta
3193 3003 3744 3068 fuerat,inhaerebat.

2095 3089 2289 3144 Partes
2322 3089 2581 3143 Anthimi
2614 3091 3014 3161 sequebantur
3071 3091 3330 3162 plerique
3371 3093 3744 3164 Cappadociae

2093 3179 2348 3249 episcopi
2387 3194 2398 3231 :
2439 3199 2465 3227 ‹‹
2499 3179 2638 3233 Tres
2665 3179 2904 3249 quidem
2941 3185 3106 3234 erant
3135 3197 3344 3248 causae,
3382 3182 3573 3253 inquit
3605 3183 3743 3238 Gre-

329 3274 451 3328 haac
484 3272 673 3343 prima
706 3287 902 3325 rerum
935 3268 1180 3334 sedatio,
1216 3290 1244 3316 »
1289 3284 1401 3322 non
1433 3267 1503 3321 ad
1538 3266 1797 3321 Valentis
1828 3265 1982 3320 intra
2013 3260 2054 3325 C
2094 3268 2293 3338 gorius
2325 3267 2411 3338 (ε),
2447 3283 2551 3321 cur
2609 3267 2780 3322 multi
2839 3268 3016 3323 etiam
3067 3274 3198 3323 ante
3253 3287 3461 3341 parum
3520 3270 3636 3325 leni
3689 3275 3745 3327 et

328 3361 522 3417 velum
553 3377 686 3415 cum
719 3357 934 3413 Basilio
966 3356 1344 3426 colloquium,
1367 3356 1464 3410 sed
1492 3355 1564 3409 ad
1587 3354 1746 3410 illam
1782 3354 1979 3410 Basilii

330 3451 562 3506 virtutis
594 3447 1061 3512 admirationem,
1094 3461 1211 3516 qua
1242 3443 1548 3515 perculsus
1577 3443 1982 3498 Valensvctuit

330 3539 380 3595 ci
413 3538 527 3593 vim
559 3536 769 3603 afferri,
797 3534 1098 3590 referenda
1127 3537 1267 3589 sunt
1291 3550 1303 3588 :
1338 3533 1490 3604 quod
1517 3532 1752 3604 quidem
1772 3550 1840 3586 ex
1861 3537 1981 3586 tota

329 3645 523 3684 rerum
557 3627 704 3682 serie
737 3628 910 3697 patet.
945 3623 1170 3679 Etenim
1201 3621 1513 3693 Gregorius
1544 3622 1624 3676 ait
1653 3621 1975 3689 Valentem,

326 3717 546 3773 auditis
568 3733 694 3787 quae
725 3718 986 3787 gesserat
1017 3711 1285 3780 Basilius,
1303 3712 1595 3765 intantam
1619 3710 1779 3765 illius
1799 3710 1979 3764 virtu-

324 3808 400 3862 tis
433 3804 880 3862 admirationem
911 3801 1366 3868 venisse,utvim
1398 3799 1448 3854 ei
1479 3800 1675 3854 inferri
1709 3799 1977 3866 vetuerit,

323 3897 491 3967 eique
523 3893 920 3950 satisfaciendi
954 3909 1132 3947 causa
1180 3891 1239 3944 in
1270 3889 1572 3944 ecclesiam
1605 3891 1843 3958 venerit,
1879 3889 1979 3944 ubi

322 3987 392 4040 ad
415 3985 607 4039 solum
642 3981 841 4036 Basilii
872 3985 1252 4052 conspectum
1282 3979 1656 4043 contremuit,
1689 3995 1755 4032 ac
1783 3985 1982 4049 postea

324 4072 556 4128 rediens
585 4071 826 4141 longum
859 4068 1089 4124 videndi
1117 4067 1392 4123 Basilium
1410 4068 1764 4122 desiderium
1785 4067 1977 4138 exple-

320 4162 423 4215 vit.
456 4160 617 4224 Quod
633 4175 768 4229 ergo
793 4158 993 4212 statim
1021 4156 1695 4228 additGregorius,banc
1727 4157 1977 4225 primam

325 4249 508 4304 fuisse
529 4246 894 4317 tempestatis
926 4245 1316 4310 sedationem,
1339 4244 1539 4298 referri
1571 4243 1741 4297 debet
1770 4244 1978 4314 adjus-

324 4355 455 4394 sum
489 4337 772 4401 Valentis,
796 4335 896 4406 qui
920 4334 1167 4388 miratus
1190 4349 1483 4387 summam
1501 4331 1694 4386 Basilii
1715 4337 1981 4387 constan-

319 4427 464 4481 tiam
497 4426 555 4479 in
590 4423 909 4479 certamine
940 4424 1221 4477 adversus
1255 4421 1614 4492 praefectum,
1653 4439 1780 4490 qua:
1815 4422 1921 4491 ipsi
1946 4440 1980 4478 a

323 4515 589 4589 praefecto
615 4517 847 4567 narrata
881 4513 1088 4579 fuerat,
1125 4527 1196 4564 ne
1220 4510 1308 4564 vis
1339 4509 1419 4563 illi
1448 4510 1975 4578 inferreturvetuit,

2092 3357 2339 3411 candido
2363 3373 2500 3427 erga
2531 3373 2664 3410 eum
2697 3356 3020 3428 (Basilium)
3052 3358 3249 3413 animo
3283 3365 3500 3414 essent.
3527 3361 3743 3424 Prima,

2091 3445 2245 3517 quod
2278 3446 2334 3498 in
2371 3445 2501 3498 ﬁdei
2531 3446 2760 3517 negotio
2778 3463 2911 3501 cum
2926 3463 2991 3501 eo
3021 3446 3740 3520 minimeconsentiebant,

2090 3533 2202 3588 nisi
2233 3537 2521 3604 quantum
2554 3534 2610 3586 id
2635 3534 2804 3606 ipsis,
2831 3541 3070 3607 cogente
3111 3535 3510 3606 multitudine,
3545 3555 3740 3594 neces-

2089 3623 2244 3677 sario
2279 3621 2607 3676 faciendum
2641 3629 2782 3677 erat.
2833 3623 3044 3689 Altera,
3079 3625 3232 3696 quod
3266 3625 3526 3681 dolorem
3553 3643 3620 3682 ex
3655 3627 3738 3698 ip-

2089 3712 2212 3767 sius
2244 3711 2526 3766 electione
2549 3718 2892 3783 conceptum
2917 3713 3178 3767 nondum
3197 3715 3436 3768 omnino
3455 3732 3520 3769 ex
3535 3717 3748 3772 animis

2087 3803 2398 3872 ejecerant.
2433 3801 2756 3869 Postrema,
2791 3803 2944 3871 quod
2977 3819 3038 3857 se
3067 3803 3236 3874 longe
3271 3803 3642 3876 multumque
3673 3806 3745 3861 ab

2089 3905 2154 3945 eo
2186 3889 2371 3961 gloria
2411 3889 2672 3961 superari
2707 3891 3084 3946 acerbissime
3131 3893 3347 3947 ferrent
3375 3911 3388 3960 ;
3422 3895 3654 3948 tametsi
3688 3895 3745 3950 id

2089 3979 2350 4034 confiteri
2383 3978 2794 4049 turpissimum
2827 3984 3073 4036 esset....
3130 3981 3207 4034 Ex
3238 3981 3345 4035 hac
3373 3984 3744 4038 contentione

2090 4067 2383 4140 permulta
2415 4059 2570 4121 mala
2601 4067 2812 4138 partim
2837 4069 2962 4139 jam
2988 4069 3352 4137 accidebant,
3387 4070 3596 4142 partim
3630 4074 3741 4128 im-

2090 4157 2439 4228 pendebant.
2464 4157 2968 4212 Subtrahebantur
3007 4164 3324 4213 conventus
3357 4177 3390 4213 a
3438 4177 3585 4214 novo
3619 4177 3738 4216 me-

2088 4246 2383 4317 tropolita,
2421 4250 2732 4316 proventus
2759 4245 3208 4318 diripiebantur,
3250 4269 3270 4296 ι
3309 4252 3416 4302 etc.

2088 4352 2301 4407 XCVII.
2339 4351 2632 4420 Gregorius
2661 4351 2963 4407 Caesaream
3020 4355 3184 4406 venit.
3241 4355 3452 4410 Basilio
3506 4355 3658 4409 addit
3685 4371 3740 4409 se

2158 4426 2386 4548 exciam,
2419 4429 2471 4478 et
2502 4427 2728 4478 interest
2750 4441 2946 4495 pugna
2976 4441 3142 4495 prope
3170 4426 3390 4480 Sasima
3417 4430 3606 4481 contra
3639 4429 3742 4480 An-

2161 4505 2180 4548 t
2223 4511 2418 4548 imum.

2161 4505 2418 4549 tmmum.

321 4608 495 4674 atque
531 4602 586 4656 in
621 4600 930 4657 ecclesiam
962 4617 1024 4654 se
1055 4598 1314 4653 conferre
1330 4602 1393 4690 et
1424 4597 1711 4690 cumipso
1726 4597 1982 4671 colloqui
2014 4627 2060 4690 D
2132 4601 2264 4690 rHis
2280 4601 2518 4667 auditis,
2547 4600 2859 4672 Gregorius
2890 4602 3151 4658 debitum
3183 4603 3318 4658 huic
3339 4604 3585 4677 tempori
3609 4605 3743 4660 offi-

319 4692 545 4748 statuit.
582 4695 862 4745 Praeterea
891 4690 1045 4744 idem
1069 4686 1451 4759 probanthsac
1470 4683 1643 4741 verba
1673 4686 1965 4758 Gregorii:

311 4783 401 4836 καὶ
433 4780 748 4840 κατάστασις
779 4778 996 4854 πρώτη,
1027 4802 1056 4828 ‹‹
1120 4778 1239 4832 haec
1271 4778 1462 4847 prima
1503 4777 1746 4843 sedatio,
1784 4801 1811 4826 ››
1845 4797 1969 4850 qua;

311 4871 519 4927 Billius
545 4889 659 4925 non
691 4870 962 4925 reddidit.
989 4869 1220 4923 Certum
1255 4882 1507 4936 namque
1532 4871 1636 4931 est,
1677 4872 1814 4920 tunc
1847 4868 1968 4937 pri-

304 4976 464 5016 mum
499 4961 760 5014 sedatam
784 4959 1546 5027 fuissetempestatem,cum
1561 4953 1768 5008 Valens
1790 4957 1968 5010 vetuit

305 5066 377 5105 ne
411 5049 493 5102 vis
517 5046 732 5102 Basilio
767 5047 1099 5113 inferretur,
1119 5043 1272 5114 quod
1299 5042 1553 5113 profecto
1576 5045 1755 5097 vetuit
1779 5043 1967 5114 prius-

313 5154 490 5210 quam
524 5137 581 5191 in
606 5135 911 5191 ecclesiam
943 5151 1004 5188 se
1037 5134 1342 5188 conferret.
1385 5131 1515 5186 Haec
1549 5133 1848 5188 monuisse
1879 5136 1971 5188 sat

314 5232 420 5282 est.
455 5224 560 5292 Qui
582 5223 750 5296 plura
778 5224 949 5290 volet,
984 5220 1138 5291 legat
1196 5223 1376 5276 Vitam
1413 5221 1610 5274 Basilii
1642 5238 1796 5276 novae
1829 5238 1968 5294 ope-

313 5332 445 5370 rum
479 5313 665 5370 sancti
703 5311 964 5372 doctoris
1013 5311 1252 5368 editioni
1285 5309 1598 5384 praefixum,
1628 5325 1754 5383 cap.
1784 5309 1876 5382 20,
1907 5327 1964 5384 p.

320 5405 443 5473 104,
479 5422 536 5464 n.
562 5407 615 5460 8.

379 5636 574 5709 (a)0r.
608 5633 696 5701 43,
732 5653 788 5692 n.
821 5637 908 5694 53.

384 5710 462 5784 (ὁ)
493 5709 593 5782 Ep.
629 5709 700 5764 al.
733 5710 824 5770 25.

2091 4689 2248 4745 cium
2281 4707 2393 4744 non
2428 4691 2838 4760 praetermittit,
2880 4707 3170 4762 suamque
3201 4693 3489 4762 protinus,
3524 4699 3588 4748 ut
3611 4695 3738 4764 jam

2081 4779 2327 4847 dictum,
2353 4778 2560 4833 Basilio
2583 4795 2818 4850 Operam
2843 4782 3182 4850 profitetur;
3217 4783 3370 4851 quod
3404 4782 3590 4837 amico
3610 4800 3737 4854 per-

2081 4872 2314 4939 gratum
2350 4867 2477 4920 fuit.
2507 4866 2621 4922 Nec
2645 4885 2830 4934 mora,
2857 4869 3101 4923 Basilius
3124 4871 3648 4942 rogatGregorium
3674 4877 3739 4926 ut

2081 4956 2431 5028 quantocius
2464 4957 2531 5010 ad
2560 4973 2621 5011 se
2652 4958 2882 5021 veniat;
2910 4959 3008 5028 qui
3050 4976 3183 5012 cum
3238 4960 3513 5029 venisset,
3565 4961 3738 5014 ambo

2080 5044 2257 5099 simul
2283 5044 2519 5115 profecti
2553 5051 2690 5100 sunt
2737 5047 2807 5100 ad
2845 5052 3101 5101 montem
3136 5048 3414 5114 Taurum,
3451 5049 3549 5102 ubi
3573 5049 3736 5103 locus

2079 5133 2320 5203 quidam
2351 5134 2624 5202 erat,sive
2637 5135 2882 5189 ecclesia
2895 5136 3006 5190 sub
3024 5136 3208 5190 sancti
3242 5135 3464 5192 Orestis
3480 5137 3733 5204 nomine,

2079 5226 2356 5276 undeann
2369 5239 2472 5278 uos
2485 5222 2707 5277 reditus
2725 5223 2989 5294 capiebat
3005 5223 3378 5280 Caesariensis
3396 5226 3728 5296 episcopus.

2079 5306 2228 5367 Dum
2275 5311 2550 5380 redirent,
2597 5311 2937 5378 Anthimus,
2991 5330 3167 5384 quem
3220 5313 3450 5370 Taurici
3508 5314 3731 5371 reditus

2079 5400 2333 5457 maxime
2364 5401 2422 5457 in
2455 5401 2710 5458 furorem
2743 5403 3015 5475 agebant,
3041 5403 3256 5478 quippe
3279 5419 3426 5478 quos
3458 5405 3516 5460 in
3540 5407 3734 5463 trans-

2149 5633 2220 5712 (ε)
2251 5633 2346 5691 Or.
2379 5634 2466 5708 43,
2501 5652 2559 5693 n.
2600 5635 2690 5691 58.
