4100 6394
222 378 241 395 ⁴
340 359 450 420 {97

1685 350 1868 414 VITA
1913 355 1978 413 S.
2029 354 2424 416 GBEGOBII.

3650 364 3763 424 l98

335 489 421 547 itu
446 486 777 545 Caesaream
810 484 1027 559 portari
1068 483 1269 555 iniquo
1299 482 1494 539 animo
1527 484 1822 554 cernebat,
1856 472 1992 540 cum
2026 497 2078 559 Α
2110 504 2247 543 seno
2275 488 2497 553 habuit,
2530 488 2643 542 sibi
2672 488 2930 545 amicum
2952 489 3023 543 ab
3048 489 3234 547 amico
3256 491 3450 548 venire
3483 494 3651 563 dixit,
3684 497 3755 553 ab

337 577 690 652 praedatoria
721 592 905 632 manu
937 572 1237 646 angustias
1281 576 1526 645 occupat
1575 591 1588 642 ;
1639 573 2000 631 transeuntis

342 667 542 725 Basilii
577 665 781 737 mulis,
817 664 916 737 qui
942 664 1115 720 rebus
1139 678 1208 718 ex
1237 662 1452 719 Sancto
1484 661 1687 719 Oreste
1711 664 2000 736 perceptis

344 757 541 815 onusti
566 759 754 824 erant,
779 756 891 810 iter
906 752 1341 821 intercludit,ne
1362 752 1516 808 ultra
1529 754 1996 825 progrediantur.

346 846 675 905 Commissa
705 844 828 900 hac
860 858 1057 916 pugna
1089 858 1266 915 prOpe
1294 841 1541 897 Sazima.
1588 841 1732 897 Nam
1790 842 2002 914 Grego-

347 937 476 993 rius
502 938 574 1008 (a)
597 952 714 991 non
737 932 864 989 sine
884 931 1184 990 stomacho
1199 931 1435 1003 jocatur
1456 931 1514 986 in
1530 930 1998 1003 Basilium,quod

346 1044 409 1083 se
422 1025 787 1082 Sasimorum
802 1022 1142 1095 episcopum
1157 1021 1653 1088 constituisset,ut
1666 1020 2001 1076 cumAnthi-

345 1133 443 1171 mo
476 1113 697 1171 bellum
720 1115 965 1187 gereret,
991 1111 1039 1166 si
1062 1110 1297 1182 quando
1323 1109 1373 1164 is
1400 1108 1599 1165 Basilii
1622 1109 1814 1165 mulos
1849 1109 1999 1165 arri-

346 1208 509 1278 peret
538 1202 843 1276 angustias
874 1204 1100 1271 tenens,
1132 1202 1190 1254 et
1242 1197 1395 1254 velut
1443 1197 1675 1255 Amalec
1723 1198 1997 1255 Israelem

346 1308 643 1351 coercens.
678 1294 887 1347 Datum
920 1304 982 1346 se
1014 1288 1191 1344 etiam
1222 1286 1470 1344 Sasimis
1501 1286 1585 1344 ait
1628 1287 1688 1343 in
1739 1287 2000 1345 carmine

349 1384 423 1439 De
452 1384 560 1437 vita
592 1397 712 1449 sua,
746 1379 889 1451 quia
916 1377 1190 1435 bellicam
1234 1375 1634 1433 fortitudinem
1668 1378 1739 1433 ad
1796 1375 1997 1434 Basilii

357 1488 548 1528 causae
567 1468 962 1525 defensionem
978 1467 1347 1523 ostenderat:
1368 1466 1521 1538 quod
1542 1471 1887 1540 argumento
1910 1471 2000 1524 est

354 1576 490 1616 eum
522 1575 727 1631 pugnae
754 1573 932 1630 prope
960 1557 1191 1613 Sasima
1222 1555 1584 1613 interfuisse.

350 1665 596 1723 XCVIII.
618 1665 905 1733 Gregorius
940 1664 1281 1720 Sasimorum
1318 1665 1603 1735 episcopus
1647 1672 1999 1721 consecratur

636 1738 933 1803 Nazianzi,
964 1752 1073 1792 non
1107 1735 1387 1801 Caesarem,
1413 1752 1558 1791 anno
1579 1735 1705 1791 372.

421 1827 589 1882 Istud
611 1830 805 1882 tamen
826 1825 1139 1881 dissidium
1162 1826 1232 1881 ad
1250 1824 1518 1881 Ecclesiae
1536 1825 1845 1883 utilitatem
1866 1843 1999 1882 con-

343 1916 525 1972 vertit
551 1915 795 1970 Basilius
818 1914 1265 1985 multiplicando
1287 1914 1683 1986 episcopatus:
1704 1936 1732 1965 «
1756 1914 1834 1970 Ex
1856 1933 1993 1986 quo,

346 2005 548 2077 inquit
591 2004 901 2077 Gregorius
933 2003 1031 2073 (b),
1062 2007 1181 2058 tres
1213 2002 1671 2074 praeclarissimas
1704 2020 1795 2060 res
1828 2021 1995 2060 secu-

344 2098 419 2148 tae
433 2093 745 2148 sunt.Nam
778 2099 835 2147 et
858 2093 1185 2149 animarum
1212 2109 1353 2147 cura
1372 2093 1561 2162 major
1573 2096 1845 2165 suscepta
1867 2098 1955 2150 est
1978 2112 1991 2163 ;

348 2186 410 2240 et
438 2182 714 2256 qualibet
742 2181 941 2238 civitas
973 2186 1289 2251 proventus
1322 2198 1461 2237 suos
1490 2181 1735 2248 habuit;
1779 2187 1836 2238 et
1876 2182 1998 2239 bel-

348 2271 477 2328 lum
496 2269 619 2327 'hac
647 2270 872 2327 ratione
901 2286 1305 2342 compressum
1337 2274 1394 2325 et
1424 2270 1777 2326 exstinctum
1832 2275 1941 2328 est.
1969 2293 1997 2321 »

348 2360 573 2417 Harum
595 2359 655 2414 in
682 2376 921 2415 numero
947 2358 1175 2415 aedium
1198 2358 1793 2431 episcopalium,quas
1817 2361 2001 2416 erexit

350 2448 626 2519 Basilius,
652 2448 811 2504 fuere
826 2449 1074 2519 Sasima,
1099 2448 1374 2521 ignobilis
1406 2448 1642 2519 quidem
1677 2448 1862 2514 locus,
1905 2450 1999 2505 cui

348 2538 698 2612 Gregorium
729 2542 996 2594 nostrum
1028 2538 1319 2610 preficere
1349 2554 1693 2610 episcopum
1754 2541 1996 2608 statuit;

351 2644 609 2701 eumque
631 2627 1036 2693 reluctantem,
1060 2630 1234 2698 atque
1258 2625 1587 2699 episcopale
1627 2644 1777 2683 onus
1819 2629 1999 2684 refor-

352 2720 678 2776 midantem
703 2733 768 2772 ac
782 2733 1020 2789 prorsus
1037 2716 1357 2788 fugientem
1378 2717 1602 2783 cedere,
1627 2721 1702 2785 et,
1728 2718 1776 2772 si
1802 2719 2000 2776 minus

352 2808 645 2876 animum,
666 2806 877 2862 saltem
904 2804 1441 2877 caputordinationi
1462 2805 2001 2879 eubmittere,adju-

352 2903 525 2954 vante
543 2895 802 2968 Gregorii
828 2900 1009 2966 patre,
1034 2894 1336 2966 compulit.
1372 2894 1502 2949 Haec
1548 2896 1839 2952 ordinatio
1884 2914 2000 2954 non

355 2985 645 3055 Caesarea,
672 2988 732 3038 ut
765 2982 885 3038 vult
908 2983 1288 3038 doctissimus
1310 2981 1745 3052 Tillemontius,
1772 2985 1872 3041 sed
1896 2990 2003 3041 Na-

359 3074 533 3129 zianzi
556 3077 786 3146 peracta
805 3076 914 3142 est,
944 3071 1144 3141 utipse
1161 3075 1411 3127 testatur
1439 3072 1754 3144 Gregorius
1774 3073 1866 3147 (ο),
1900 3076 2001 3148 qui

354 3162 637 3219 Basilium
695 3161 924 3216 venisse
982 3160 1333 3215 Nazianzum
1395 3161 1707 3218 manifeste
1751 3164 1997 3221 asserit:

350 3252 511 3307 «Sed
536 3250 684 3306 venit
705 3250 775 3305 ad
797 3266 902 3305 nos
918 3248 1239 3305 amicorum
1253 3249 1638 3306 charissimus
1671 3252 1943 3321 Basilius,
1968 3276 1995 3305 ››
2030 3238 2072 3305 C

350 3346 464 3397 etc.
503 3336 657 3392 Ἀλλ’
684 3338 813 3407 ἧκεν
845 3340 981 3411 ἡμῖν
1013 3341 1119 3391 τῶν
1155 3335 1329 3413 φίλων
1359 3338 1387 3392 ὁ
1418 3335 1674 3416 φίλτατος
1704 3338 1999 3403 Βασιλέως.

350 3430 507 3486 Tum
539 3430 1105 3529 narrat,‘quomodo,
1138 3432 1301 3499 patre
1331 3428 1610 3484 Basilium
1665 3431 1999 3501 adjuvante,

352 3520 636 3590 deceptus
668 3517 862 3573 fuerit.
898 3517 1198 3584 Praeterea,
1234 3534 1347 3588 quo
1402 3517 1494 3573 die
1533 3518 1839 3576 ordinatus
1890 3529 2002 3590 est,

354 3609 681 3665 orationem
705 3622 899 3661 coram
924 3613 1085 3677 patre
1102 3610 1159 3661 et
1176 3604 1386 3661 Basilio
1409 3605 1657 3679 aliisque
1689 3608 2000 3682 episCOpis,

352 3698 456 3769 qui
488 3713 624 3752 eum
655 3695 1085 3764 ordinaverunt,
1119 3695 1348 3752 habuit.
1391 3696 1532 3762 Quis
1558 3697 1758 3752 credat
1787 3698 2002 3771 Grego-

351 3788 510 3841 rium
543 3790 765 3857 patrem
815 3785 977 3859 senio
1027 3785 1355 3840 confectum
1406 3784 1727 3841 Caesaream
1772 3788 2004 3844 venisse

352 3876 534 3945 hujus
551 3874 939 3930 ordinationis
961 3890 1167 3941 causa;
1210 3878 1310 3928 aut
1332 3874 1381 3929 si
1408 3874 1645 3944 venerit,
1682 3874 1736 3930 id
1771 3875 2003 3933 silentio

354 3963 889 4035 prmtermissurum
913 3963 1092 4018 fuisse
1106 3963 1476 4035 Gregorium,
1492 3963 1591 4034 qui
1607 3962 1799 4019 simile
1821 3965 2002 4036 patris

359 4052 688 4118 iter,Basilii
713 4069 891 4108 causa
911 4057 1272 4124 susceptum,
1299 4056 1364 4107 ut
1395 4069 1640 4108 summae
1677 4053 1855 4108 animi
1887 4055 2001 4110 for-

357 4142 627 4197 titudinis
646 4141 704 4197 in
726 4140 895 4197 ell‘eto
918 4158 1157 4213 corpore
1188 4141 1485 4213 specimen
1518 4142 1848 4199 admiratur
1868 4143 2004 4200 ?Or—

352 4232 593 4287 dinatus
621 4236 711 4287 est
738 4230 1051 4303 Gregorius
1100 4230 1465 4287 Sasimorum
1515 4230 1825 4305 episcopus
1869 4238 2003 4290 ante

348 4320 598 4385 Pascha,
624 4322 776 4392 quod
801 4336 954 4374 anno
969 4319 1074 4373 372
1095 4318 1305 4374 Incidit
1327 4321 1384 4375 in
1408 4320 1561 4375 diem
1601 4337 1703 4375 vm
1744 4321 1997 4394 Aprilis:

351 4410 647 4483 siquidem
680 4414 920 4465 sanctus
950 4408 1240 4463 Eusebius
1281 4409 1734 4478 Sainosatensis,
1788 4410 2000 4467 litteris

352 4498 527 4571 paulo
552 4502 681 4569 post
700 4497 922 4553 Pascha
940 4498 1077 4552 anni
1100 4496 1259 4551 illius
1283 4497 1435 4553 datis
1457 4499 1998 4569 respondens,hauc

350 4587 463 4643 sibi
497 4586 921 4642 ordinationem
954 4602 1067 4640 non
1102 4584 1395 4657 placuisse
1426 4586 1737 4659 significat.

348 4694 542 4750 XCIX.
590 4694 859 4749 Invisitur
903 4710 941 4749 a
990 4691 1255 4766 Gregorio
1302 4695 1573 4764 Nysseno,
1622 4709 1782 4766 quem
1850 4697 2003 4753 misit

1047 4765 1306 4819 Basilius.

422 4853 737 4925 Perpaucis
768 4857 901 4925 post
931 4852 1361 4908 ordinationem
1393 4852 1622 4923 diebus,
1654 4853 1998 4927 Gregorium

352 4950 621 5000 nostrum
646 4942 844 4999 invisit
863 4941 1174 5013 Gregorius
1188 4941 1509 5014 Nyssenus,
1532 4942 1604 4997 ab
1632 4943 1820 4998 amico
1862 4944 1999 4999 mis-

354 5050 479 5101 sus,
503 5037 570 5088 ut
590 5031 997 5105 cognominem
1016 5047 1189 5086 suum
1223 5029 1529 5087 solaretur.
1556 5032 1721 5087 Hunc
1742 5033 1999 5089 amicum

351 5139 482 5178 esse
509 5126 780 5178 senatum
802 5119 1118 5176 Eusebium
1136 5124 1582 5176 Samosatenum
1603 5127 1705 5176 aut
1728 5127 1998 5178 sanctum

352 5210 651 5267 Meletium
682 5208 1000 5265 arbitratur
1020 5207 1447 5264 Tillemontius:
1479 5226 1683 5265 verum
1705 5210 1756 5266 is
1774 5212 2001 5267 amicus

354 5318 469 5356 non
493 5299 643 5356 alius
664 5302 754 5354 est
782 5313 960 5370 quam
992 5296 1118 5370 ipse
1148 5297 1416 5354 Basilius.
1477 5298 1793 5371 Postquam
1841 5301 2000 5356 enim

353 5388 668 5464 Gregorius
692 5387 753 5446 in
783 5385 1065 5444 orationis
1094 5386 1350 5457 exordio,
1383 5403 1562 5459 quam
1608 5404 1804 5447 coram
1852 5389 2001 5463 Nys-

423 5621 500 5698 (ιτ)
530 5624 707 5693 lbid.,
734 5621 796 5698 ῃ
825 5621 918 5698 59,

424 5553 500 5623 (a)
531 5551 630 5609 0r.
664 5550 757 5623 43,
787 5567 847 5623 n.
872 5550 969 5623 _58.

424 5557 481 5623 (a
531 5553 630 5609 0r.
664 5553 757 5623 43,
787 5567 847 5606 n.
877 5553 969 5605 58.

423 5626 478 5698 (b
530 5624 707 5693 lbid.,
734 5639 796 5679 n.
825 5621 918 5678 59.

423 5553 500 5776 (ei
523 5700 717 5757 Carm.
744 5693 823 5774 De
848 5693 967 5755 vita
992 5707 1111 5768 sua,
1143 5708 1199 5767 ν,
1229 5692 1357 5756 389.

2111 574 2479 631 auditoribus
2509 573 2769 647 postulat
2800 591 2942 630 num
2970 591 3089 631 rem
3148 574 3363 634 clarius
3413 580 3621 652 exponi
3670 600 3758 638 ve.

2110 664 2241 735 lint,
2265 663 2527 720 etstatim
2554 664 2786 737 Moysen
2809 669 2865 719 et
2886 666 3074 720 Aaron
3101 665 3157 721 in
3201 668 3462 725 medium
3498 671 3717 742 profert
3743 691 3756 742 ;

2109 752 2300 823 iisque
2330 758 2602 824 peracute
2626 752 2778 807 inter
2807 769 2868 808 se
2899 755 3274 826 comparatis,
3309 755 3523 814 iterum
3555 766 3760 831 postu-

2113 840 2214 910 lat,
2233 858 2426 897 annon
2450 840 2756 914 perspicue
2778 843 3187 915 cognominem
3208 862 3405 919 suum,
3429 846 3487 903 id
3514 855 3601 905 est
3624 851 3758 905 Gre-

2115 931 2366 1004 gorium,
2400 935 2457 986 et
2480 931 2842 1001 unanimem,
2877 932 2934 987 id
2976 937 3066 989 est
3096 933 3401 1004 Basilium,
3448 938 3630 995 oratio
3679 940 3759 996 ef-

2110 1020 2376 1076 ﬁnxerit:
2408 1044 2434 1071 ‹‹
2469 1019 2687 1076 Horum
2717 1019 2880 1092 alter,
2929 1020 3122 1094 inquit
3169 1024 3268 1097 (εἰ),
3315 1042 3419 1082 nos
3469 1028 3653 1096 unxit,
3704 1034 3760 1086 et

2107 1108 2356 1165 latentes
2383 1109 2442 1164 in
2472 1108 2728 1164 medium
2755 1110 3089 1181 produxit...
3119 1129 3235 1169 non
3256 1118 3320 1169 ut
3344 1115 3589 1188 dignum
3614 1122 3757 1191 erat,

2107 1215 2173 1254 eo
2198 1197 2409 1271 spiritu
2432 1198 2529 1271 qui
2556 1198 2613 1254 in
2639 1198 2766 1270 ipso
2790 1203 2946 1256 est...
2987 1200 3145 1257 Alter
3191 1204 3347 1260 venit
3394 1210 3457 1261 ut
3483 1223 3590 1264 nos
3618 1225 3760 1264 con-

2108 1287 2348 1358 soletur,
2367 1304 2432 1344 ac
2446 1288 3131 1363 confirmet,spirituique
3148 1301 3538 1351 mansuescat.
3564 1320 3590 1346 ιι
3615 1297 3759 1355 Cum

2106 1394 2243 1451 ergo
2270 1377 2490 1434 missus
2514 1377 2591 1434 sit
2621 1395 2655 1433 a
2683 1377 2898 1435 Basilio
2921 1381 3234 1452 Gregorius
3255 1381 3574 1456 Nyssenus,
3600 1388 3756 1459 quod

2107 1466 2488 1524 manifestum
2518 1470 2609 1523 est
2637 1485 2705 1523 ex
2735 1468 2931 1540 dictis,
2962 1469 3233 1528 advenire
3264 1490 3380 1529 non
3411 1476 3606 1546 potuit
3654 1494 3757 1549 po-

2106 1557 2309 1614 stridie
2340 1556 2747 1626 ordinationis,
2784 1561 2848 1613 ut
2890 1558 3137 1615 Baronio
3186 1561 3376 1618 visum
3418 1570 3527 1635 est,
3583 1570 3757 1638 atque

2105 1663 2405 1719 perperam
2435 1645 2653 1719 legitur
2689 1647 2843 1719 apud
2903 1647 3134 1704 Billium
3166 1649 3224 1705 in
3277 1651 3755 1725 interpretatione

2105 1736 2263 1793 tituli
2287 1736 2567 1793 orationis
2585 1736 2938 1793 undecimae:
2955 1744 3354 1797 verumtamen
3379 1744 3754 1814 paucioribus

2107 1833 2240 1900 post
2270 1828 2696 1884 ordinationem
2728 1828 2937 1885 diebus
2969 1830 3217 1887 advenit.
3254 1834 3317 1888 In
3342 1833 3453 1889 ista
3473 1837 3752 1907 oratione,

2108 1922 2173 1973 ut
2195 1918 2252 1972 in
2281 1934 2347 1973 ea
2360 1934 2539 1989 quam
2562 1922 2695 1973 ante
2716 1934 2913 1974 coram
2936 1918 3152 1976 Basilio
3174 1921 3478 1991 habuerat,
3506 1927 3621 1980 vim
3647 1925 3758 1983 sibi

2108 2007 2332 2063 illatam
2367 2008 2765 2079 conqueritur,
2800 2008 2900 2063 sed
2932 2012 3129 2065 tamen
3183 2012 3531 2085 obsequium
3580 2033 3756 2072 suum

2109 2097 2436 2168 proﬁtetur.
2466 2096 2626 2151 Dolet
2648 2097 2797 2169 quod
2820 2095 3120 2170 Nyssenus
3143 2101 3330 2156 serius
3352 2104 3589 2173 venerit,
3642 2105 3757 2161 vel-

2109 2184 2195 2240 uti
2222 2190 2355 2257 post
2386 2185 2609 2241 cladem
2641 2185 2945 2257 auxilium,
2975 2192 3107 2259 post
3126 2192 3529 2261 tempestatem
3551 2194 3760 2264 guber-

2109 2279 2297 2343 nator,
2331 2279 2463 2346 post
2498 2274 2826 2331 cicatricem
2870 2276 3188 2333 medicina:
3244 2294 3443 2335 verum
3493 2298 3554 2338 se
3600 2299 3758 2339 nunc

2110 2364 2313 2420 cedere
2332 2368 2388 2419 et
2419 2364 2695 2419 ﬁduciam
2728 2366 3028 2437 concipere
3058 2367 3334 2437 declarat,
3388 2371 3543 2442 quod
3594 2388 3761 2445 argu-

2112 2457 2306 2508 mento
2327 2457 2417 2508 est
2446 2453 2594 2509 hanc
2616 2453 2878 2509 habitam
2902 2456 3222 2511 orationem
3242 2458 3592 2532 priusquam
3622 2461 3760 2535 fuga

2110 2540 2346 2613 elapsus
2379 2542 2439 2597 in
2468 2540 2847 2597 solitudinem
2883 2559 2944 2598 se
2975 2543 3308 2601 contulerit.

2110 2650 2170 2706 C.
2222 2648 2471 2716 Querelw
2509 2649 2720 2705 Basilii
2768 2656 2965 2728 contra
3010 2649 3349 2728 Gregorium,
3399 2663 3450 2710 ei
3515 2655 3764 2728 Gregorii

2672 2731 2866 2776 contra
2898 2723 3195 2777 Basiliam.

2180 2809 2289 2865 Vix
2313 2809 2615 2882 Nyssenus
2639 2809 2925 2864 Nazianzo
2957 2809 3329 2881 discesserat,
3367 2832 3501 2869 cum
3544 2817 3756 2890 Grego-

2112 2898 2236 2954 rius
2259 2900 2565 2970 deceptum
2587 2916 2647 2955 se
2679 2915 2807 2954 esse
2839 2899 3118 2968 sentiens,
3154 2900 3302 2974 fugit
3332 2903 3570 2973 iterum,
3619 2905 3759 2962 soli-

2111 2988 2455 3059 tudinisque
2485 2987 2711 3044 deliciis
2746 2988 3089 3060 perfruitur.
3108 2989 3360 3048 Basilius
3382 2992 3627 3050 consilia
3653 3012 3762 3051 sua

2112 3078 2478 3149 conspiciens
2512 3078 2767 3149 Gregorii
2823 3079 2958 3151 fuga
3009 3080 3243 3150 penitus
3284 3098 3573 3153 corruere,
3625 3100 3759 3141 cum

2111 3184 2178 3222 eo
2210 3167 2462 3239 graviter
2492 3166 2897 3239 expostulavit.
2928 3169 2999 3222 At
3037 3168 3350 3240 Gregorius
3401 3171 3526 3242 jam
3576 3173 3762 3231 altum

2113 3272 2324 3328 gerens
2371 3256 2530 3311 cordi
2588 3255 2878 3312 inﬂictum
2928 3256 3165 3329 vulnus,
3210 3274 3280 3313 ex
3327 3275 3444 3332 quo
3492 3279 3596 3334 per
3642 3263 3762 3320 vim

2113 3344 2418 3401 ordinatus
2453 3346 2641 3401 fuerat
2671 3362 2705 3400 a
2735 3344 2968 3415 Basilio,
3003 3363 3117 3402 non
3161 3347 3359 3405 minus
3419 3351 3625 3408 acriter
3674 3369 3761 3409 re-

2113 3434 2370 3506 spondit.
2409 3434 2549 3489 Hinc
2581 3433 2690 3489 illis
2722 3433 2946 3502 littera,
2983 3435 3140 3491 haud
3175 3437 3407 3509 quidem
3433 3440 3646 3512 jocosae
3697 3447 3763 3499 ut

2115 3533 2298 3594 anter,
2323 3524 2423 3578 sed
2465 3523 2849 3579 stomachosa
2882 3541 2948 3579 ac
2977 3524 3372 3595 vehementes,
3406 3528 3559 3586 ultro
3592 3532 3762 3588 citro-

2114 3628 2227 3682 que
2258 3612 2425 3683 datae,
2461 3612 2697 3684 quibus,
2729 3613 2871 3667 dum
2902 3630 3071 3668 suam
3104 3615 3353 3686 quisque
3369 3633 3608 3675 causam
3633 3624 3759 3677 tue-

2114 3704 2230 3768 tur,
2257 3716 2396 3756 suas
2416 3701 2593 3755 etiam
2616 3700 2832 3755 animis
2850 3700 3187 3758 coelestibus
3210 3720 3339 3759 esse
3371 3705 3490 3761 iras
3522 3706 3762 3781 docent;

2117 3806 2244 3861 quae
2277 3790 2324 3844 si
2358 3789 2591 3861 longius
2625 3790 3068 3862 processissent,
3105 3808 3221 3847 non
3264 3795 3385 3848 tam
3438 3796 3759 3867 perfectum

2114 3877 2451 3933 Christiana:
2484 3877 2755 3934 amicitiae
2785 3878 3080 3951 exemplar
3111 3880 3169 3935 in
3201 3881 3414 3938 Basilio
3445 3889 3502 3940 et
3546 3885 3760 3959 Grego-

2114 3968 2199 4024 rio
2231 3967 2604 4023 haberemus.

2114 4076 2199 4145 CI,
2250 4076 2363 4131 CII.
2416 4075 3020 4159 Querit'uruGregorius
3063 4079 3318 4159 fraude-{ri
3365 4082 3476 4139 sibi
3527 4086 3758 4159 factum,

2479 4147 2519 4202 Α
2545 4147 2803 4218 pluribus
2832 4149 3094 4220 culpatur
3124 4152 3384 4209 Basilius.

2183 4235 2448 4307 Acceptis
2480 4236 2676 4292 Basilii
2711 4236 2942 4307 litteris,
2976 4240 3277 4313 rescripsit
3310 4246 3483 4314 atque
3512 4244 3607 4302 his
3638 4266 3762 4304 ver-

2113 4323 2203 4379 bis
2234 4341 2477 4381 exorsus
2506 4330 2590 4379 est
2621 4324 2934 4397 Gregorius
2965 4326 3034 4399 (e)
3061 4343 3072 4382 :
3109 4352 3135 4379 ι(
3169 4329 3487 4389 Desiuesne
3525 4338 3762 4394 tandem

2112 4431 2219 4469 nos
2253 4413 2575 4469 maledictis
2599 4413 2911 4486 incessere,
2945 4422 3009 4470 ut
3039 4416 3296 4475 insulsos
3327 4436 3394 4477 ac
3418 4423 3695 4494 rusticos,
3710 4430 3767 4483 et

2111 4504 2182 4559 ab
2215 4503 2420 4559 amicis
2452 4502 2675 4574 inopes,
2693 4507 2750 4558 et
2770 4520 2839 4558 ne
2854 4503 2970 4560 vita
2988 4506 3226 4577 quidem
3249 4508 3761 4583 dignos,quoniam

2032 4611 2076 4675 D
2110 4609 2197 4660 ea,
2230 4609 2357 4664 quae
2390 4592 2545 4663 passi
2581 4609 2811 4661 sumus,
2845 4591 3171 4666 intelligere
3201 4614 3266 4652 ac
3287 4601 3609 4670 persentire
3631 4604 3762 4661 ausi

2111 4680 2429 4737 sumus?...
2464 4681 2750 4736 Fraudem
2784 4680 2841 4736 in
2878 4699 3052 4753 quam
3079 4683 3760 4755 inductisumus,serius

2111 4770 2347 4841 quidem
2380 4787 2559 4843 quam
2586 4770 2864 4841 oportuit,
2900 4773 2999 4827 sed
3023 4776 3220 4829 tamen
3244 4774 3558 4847 aliquando
3584 4797 3760 4853 agno-

2110 4859 2318 4915 vimus.
2360 4862 2541 4931 Atque
2588 4859 2769 4930 hujus
2826 4860 2905 4915 rei
2965 4859 3197 4933 culpam
3249 4863 3308 4918 in
3366 4866 3757 4941 episcopalem

2109 4947 2388 5003 thronum
2420 4948 2799 5020 conferimus,
2834 4952 3034 5022 utpote
3066 4951 3165 5022 qui
3206 4956 3260 5009 te
3292 4961 3528 5024 repente
3578 4976 3759 5034 supra

2110 5054 2217 5093 nos
2238 5036 2563 5106 evexerit...
2586 5036 2703 5093 Hoc
2725 5038 3010 5107 omnium,
3037 5056 3165 5111 qua
3188 5042 3466 5117 patimur,
3502 5051 3757 5111 maxime

2109 5126 2423 5183 ridiculum
2456 5131 2564 5192 est,
2610 5126 2695 5181 vel
2746 5127 2942 5199 potius
2998 5128 3421 5202 miserandum,
3473 5137 3755 5202 nimirum

2110 5215 2261 5284 quod
2299 5214 2475 5270 iidem
2506 5219 2563 5270 et
2592 5214 2807 5284 injuria
2832 5215 3192 5285 afﬁciuntur,
3216 5224 3274 5275 et
3321 5235 3696 5290 accusantur.
3725 5254 3755 5284 »ι

2109 5303 2609 5375 Vituperationem
2643 5320 2760 5359 non
2791 5304 2996 5377 effugit
3026 5306 3299 5377 Basilius,
3327 5314 3483 5384 quod
3529 5317 3753 5377 fidissi-

2110 5407 2275 5449 mum
2307 5392 2564 5450 amicum
2596 5408 2662 5449 ac
2692 5393 2910 5466 optime
2941 5395 3013 5452 de
3042 5411 3105 5453 se
3135 5398 3407 5460 meritum
3440 5402 3500 5461 in
3533 5408 3759 5481 episco-

2182 5554 2259 5623 (a)
2291 5552 2386 5609 Or.
2422 5554 2509 5620 11,
2542 5571 2600 5610 n.
2630 5554 2683 5610 3.

2182 5554 2259 5697 (ag
2291 5554 2386 5609 Or.
2422 5554 2509 5620 11,
2542 5571 2600 5610 n.

2182 5626 2232 5694 (e
2284 5625 2386 5697 Ep.
2419 5624 2492 5681 al.
2525 5625 2613 5681 3i.
