4100 6394
427 390 540 445 199

1755 387 1939 447 VITA
1987 389 2050 444 S.
2099 381 2470 446 GREGUIHI

3711 391 3842 454 200

420 519 582 590 pales
614 536 805 584 curas,
841 523 1044 590 prater
1075 518 1259 588 ipsius
1287 517 1667 589 voluntatem,
1691 518 2066 589 conjecisset:
2100 520 2154 585 Α
2183 517 2324 572 Ctll.
2347 517 2654 593 Gregorius
2687 518 2749 573 de
2776 519 3072 574 solitudine
3120 525 3399 576 revocatus
3442 539 3476 577 a
3515 528 3694 593 patre,
3732 526 3844 580 Ba-

421 609 662 679 etquod
722 607 918 662 minus
972 608 1344 662 excusatione
1385 607 1626 677 dignum
1680 614 1825 675 erat,
1877 606 2064 661 virum

423 697 635 768 pietate
665 701 720 751 et
753 695 1087 765 eloquentia
1118 695 1430 766 insignem,
1464 697 1560 766 qui
1593 695 1856 751 Ecclesia
1905 711 2066 765 egre-

421 786 578 857 giam
639 785 775 839 dare
833 801 1067 855 Operam
1129 789 1370 854 poterat,
1420 785 1502 838 in
1577 783 2065 838 obscurissimum

421 873 703 945 angulum
736 890 799 927 ac
833 872 1105 927 omnibus
1159 873 1286 926 vita
1345 873 1667 926 commodis
1717 871 2065 925 destitutum

420 963 755 1035 relegasset.
791 960 1153 1032 Objiciebant
1185 959 1280 1015 alii
1314 960 1468 1015 aliud
1513 959 1838 1031 quidpiam,
1893 962 2066 1029 prout

418 1051 502 1106 vel
539 1051 799 1105 moribus
831 1050 1151 1120 comparati
1212 1055 1398 1117 erant,
1447 1048 1530 1103 vel
1576 1049 1834 1119 Gregorii
1887 1064 2065 1102 causa

420 1137 848 1192 irascebantur:
867 1159 893 1185 «
919 1135 1325 1207 benignissimi
1343 1139 1533 1190 autem
1557 1135 1856 1205 nquidque
1877 1133 2065 1207 negle-

419 1231 575 1282 ctum
608 1230 664 1280 et
695 1205 1094 1296 contemptum
1125 1242 1156 1278 a
1177 1224 1390 1278 Basilio
1416 1224 1599 1279 fuisse
1621 1205 1982 1294 Gregorium,
2010 1225 2067 1278 et

417 1320 726 1388 postquam
759 1313 946 1386 ipsius
980 1331 1153 1384 Opera
1173 1330 1313 1367 usus
1336 1313 1544 1379 fuerat,
1570 1313 1747 1366 veluti
1774 1329 1871 1366 vas
1885 1311 2065 1383 quod-

416 1406 549 1458 dam
583 1403 838 1476 ignobile
871 1404 1214 1474 projectum.
1253 1401 1515 1456 Declarat
1549 1401 1862 1472 Gregorius
1893 1401 1967 1471 (τι)
2001 1416 2064 1455 se

415 1510 579 1548 arma
600 1493 745 1547 ferre
767 1509 880 1547 non
907 1507 1097 1562 posse,
1118 1497 1174 1545 et
1191 1514 1217 1540 ‹‹
1247 1508 1347 1559 pro
1371 1489 1723 1544 lactentibus
1767 1494 1823 1545 et
1856 1489 2062 1544 avibus

417 1587 695 1653 tanquam
734 1597 834 1651 pro
869 1580 1175 1634 animabus
1207 1582 1261 1634 et
1302 1579 1625 1634 canonibus
1676 1577 2004 1649 digladiari.
2030 1598 2058 1626 »

417 1670 600 1741 Rogat
634 1676 695 1724 ut
724 1669 847 1738 ipse
878 1685 1010 1722 cum
1044 1666 1318 1722 Anthimo
1353 1666 1569 1722 bellum
1603 1672 1786 1737 gerat,
1833 1683 1898 1720 ac
1949 1665 2059 1720 sibi

416 1758 681 1814 omnium
713 1773 907 1812 rerum
943 1757 1064 1810 loco
1099 1757 1352 1826 quietem
1373 1755 1670 1810 concedat.
1697 1754 1944 1809 Demum
1967 1753 2058 1809 his

414 1848 627 1918 verbis,
662 1864 791 1918 qua
821 1846 948 1917 ejus
979 1845 1237 1899 dolorem
1275 1844 1525 1898 maxime
1548 1843 1827 1908 indicant,
1854 1844 2058 1913 episto-

413 1937 532 1991 lam
564 1935 815 1990 claudit:
848 1957 874 1984 «
908 1933 1190 1997 Quocirca
1238 1939 1301 1988 tu
1356 1932 1595 2003 quidem
1645 1931 1888 1986 viriliter
1932 1948 2057 2003 age,

414 2030 469 2081 et
501 2025 848 2091 coniortare,
881 2023 1194 2094 omniaque
1225 2023 1295 2076 ad
1330 2028 1488 2076 tuam
1552 2021 1740 2092 ipsius
1787 2020 2056 2093 gloriam,

413 2115 911 2186 quemadmodum
943 2113 1100 2166 ﬂuvii
1133 2115 1441 2180 torrentes,
1477 2110 1671 2174 trahe;
1706 2127 1809 2164 nec
1863 2109 2061 2164 amici-

413 2206 577 2269 tiam,
615 2220 716 2258 nec
748 2203 876 2257 vita
934 2201 1418 2255 consuetudinem
1478 2206 1533 2254 et
1595 2199 2054 2254 familiaritatem

414 2295 625 2348 virtute
649 2309 712 2346 ac
739 2292 947 2363 pietate
972 2289 1254 2362 potiorem
1291 2289 1534 2356 habens,
1573 2305 1674 2343 nec
1713 2305 1836 2358 qua
1869 2305 1936 2343 ex
1967 2287 2058 2343 his

414 2383 588 2437 robus
619 2381 922 2436 hominum
956 2380 1026 2434 de
1058 2383 1110 2432 te
1143 2377 1334 2449 opinio
1367 2379 1564 2432 futura
1595 2378 1689 2446 sit,
1733 2377 2057 2448 quidquam

414 2488 646 2536 curans,
683 2487 783 2524 seu
817 2469 915 2524 uni
949 2469 1230 2522 duntaxat
1260 2473 1314 2520 te
1346 2466 1589 2536 Spiritui
1612 2466 1906 2521 addiceus.
1942 2472 2057 2522 Nos

410 2578 543 2616 vero
574 2560 628 2613 id
663 2560 940 2613 duntaxat
974 2555 1120 2611 lucri
1149 2572 1214 2610 ex
1266 2555 1527 2610 amicitia
1575 2559 1676 2610 tua
1733 2555 2054 2626 capiemus,

411 2653 475 2705 ut
505 2647 708 2704 amicis
741 2646 980 2719 posthac
1012 2645 1254 2699 minime
1287 2645 1560 2711 fidamus,
1597 2660 1699 2698 nec
1733 2649 1843 2698 Deo
1886 2643 2056 2715 quid-

409 2755 586 2810 quam
619 2737 1021 2810 praferamus.
1049 2756 1076 2783 »
1110 2733 1275 2788 Haud
1309 2733 1579 2803 equidem
1608 2733 1958 2788 crediderim
1991 2750 2058 2789 ea

414 2825 732 2898 ingessisse
764 2823 1044 2878 Basilium
1061 2821 1525 2893 maledicta,qua
1542 2821 1834 2892 prioribus
1849 2822 2060 2893 episto-

411 2915 478 2970 la
492 2914 684 2970 verbis
707 2913 1115 2980 continentur;
1142 2911 1240 2965 sed
1261 2927 1328 2965 ea
1349 2927 1415 2966 ex
1432 2911 1559 2981 ejus
1578 2910 1752 2966 dictis
1777 2909 2054 2982 consequi

412 3003 726 3075 Gregorius
754 3019 873 3074 pra
904 2999 1085 3056 nimio
1127 2998 1323 3054 dolore
1348 2998 1720 3054 existimavit.
1769 2999 2056 3071 Scriptam

411 3093 563 3148 hanc
578 3090 910 3163 epistolam,
931 3107 1046 3145 non
1079 3093 1308 3143 tantum
1331 3092 1464 3159 post
1495 3087 2054 3155 ordinationem,sed

411 3183 586 3238 etiam
621 3186 749 3254 post
781 3181 979 3251 fugam
1012 3177 1146 3233 inde
1180 3181 1356 3249 patet,
1390 3177 1541 3248 quod
1566 3177 1877 3248 Gregorius
1898 3176 2052 3232 frau-

409 3273 542 3326 dem
577 3271 682 3326 sibi
720 3272 929 3325 factam
961 3285 1023 3323 se
1053 3267 1308 3322 sensisse
1340 3266 1514 3332 dicat,
1563 3273 1736 3338 atque
1786 3267 2052 3321 omnium
2085 3246 2126 3314 C

409 3376 604 3416 rerum
639 3359 762 3415 loco
794 3357 1050 3430 quietem
1080 3355 1191 3410 sibi
1224 3373 1257 3410 a
1288 3354 1499 3410 Basilio
1522 3355 1754 3410 concedi
1777 3355 2048 3426 postulet.

409 3450 542 3520 Ipsa
572 3447 744 3503 etiam
782 3444 1112 3511 maledicta,
1145 3444 1363 3516 quibus
1395 3461 1456 3499 se
1499 3444 1743 3516 petitum
1778 3462 1806 3499 a
1839 3443 2052 3500 Basilio

409 3537 692 3610 queritur,
722 3553 855 3592 eum
879 3536 1005 3605 jam
1041 3520 1259 3605 fugisse
1282 3535 1549 3605 probant.
1576 3534 1802 3604 Scripta
1820 3550 2052 3605 quoque

406 3627 466 3681 in
499 3644 732 3682 secessu
765 3624 1014 3697 epistola
1043 3624 1341 3679 tricesima
1373 3624 1631 3677 secunda
1664 3622 1758 3693 (ὁ),
1823 3623 1877 3675 in
1936 3639 2054 3692 qua

405 3716 746 3788 indignatur
774 3714 1086 3786 Gregorius
1118 3730 1180 3768 se
1214 3711 1435 3767 inertia
1468 3712 1730 3767 accusari
1762 3711 1900 3782 quia
1947 3716 2047 3767 Sa-

406 3808 556 3862 sima
589 3822 700 3860 non
735 3803 974 3876 accepit,
1006 3802 1121 3857 otio
1154 3807 1210 3857 et
1239 3802 1434 3872 quiete
1467 3801 1634 3856 unice
1694 3816 1756 3855 se
1813 3800 2050 3872 gloriari

404 3896 734 3968 proﬁtetur.

479 4021 635 4074 Inter
661 4015 992 4087 hacjurgia
1009 4015 1286 4086 scriptam
1301 4014 1615 4069 arbitratur
1636 4011 2050 4070 Tillemontias

401 4107 708 4180 epistolam
743 4105 1003 4176 Gregorii
1034 4105 1105 4158 ad
1139 4102 1487 4159 Nicobulum
1517 4103 1629 4170 (c);
1675 4106 1775 4156 sed
1838 4104 2048 4156 imme-

400 4200 532 4253 rito.
555 4197 792 4250 Mittens
805 4194 1118 4265 Gregorius
1132 4191 1412 4246 Nicobule
1433 4191 1655 4244 litteras
1680 4191 1878 4244 Basilii
1912 4206 2047 4245 cum

403 4286 548 4345 suis.
583 4284 675 4338 his
705 4300 832 4353 qua
865 4280 1062 4335 Basilii
1092 4284 1259 4333 erant
1290 4279 1479 4349 priore
1510 4278 1632 4332 loco
1658 4279 1884 4349 positis,
1909 4296 2048 4334 suas

402 4375 728 4444 subjunxit,
764 4388 890 4426 sese
921 4370 1155 4441 quidem
1187 4383 1321 4422 cum
1373 4366 1586 4421 Basilio
1642 4367 1855 4438 ubique
1910 4384 2045 4422 con-

395 4463 568 4535 jungi
600 4461 816 4526 volens,
851 4459 949 4514 sed
985 4473 1117 4512 eum
1138 4457 1250 4511 sibi
1272 4459 1655 4527 anteponens.
1679 4456 1871 4510 Minus
1893 4456 2047 4512 vide-

401 4558 497 4606 tur
529 4549 882 4605 intellexisse
913 4544 1322 4600 Tillemontius
1352 4544 1429 4614 (d)
1461 4544 1583 4599 hac
1615 4547 1814 4599 verba:
1853 4550 2044 4599 «Cum

2305 590 2430 644 sitio
2459 592 2713 660 instante,
2737 606 2918 644 coram
2940 600 3172 662 utroque
3194 593 3362 648 habet
3387 590 3714 650 orationem.

2247 714 2287 768 E
2313 713 2650 780 solitudine,
2671 713 2727 767 in
2772 730 2948 784 quam
2980 732 3039 768 se
3064 722 3196 786 post
3215 717 3644 774 ordinationem
3682 737 3845 776 rece-

2175 808 2341 871 perat
2361 801 2696 871 Gregorius,
2731 802 2846 856 cito
2877 809 3162 858 retractus
3193 807 3547 875 estjubente
3585 814 3750 878 patre
3783 814 3841 864 et

2175 889 2432 944 instante
2468 890 2708 957 Basilio;
2743 899 3103 962 quapropter
3128 893 3187 946 in
3232 895 3493 949 oratione
3525 897 3618 965 (e),
3656 913 3838 968 quam

2176 983 2307 1048 post
2338 979 2589 1033 reditum
2625 995 2818 1034 coram
2855 985 3098 1051 utroque
3123 981 3350 1047 habuit,
3368 999 3432 1037 eo
3460 985 3646 1038 utitur
3667 1000 3837 1040 exor-

2174 1067 2305 1120 dio:
2329 1091 2355 1116 «
2390 1066 2546 1121 Nihil
2577 1073 2874 1122 senectute
2906 1068 3134 1125 fortius:
3169 1070 3312 1124 nihil
3342 1072 3602 1127 amicitia
3648 1090 3835 1128 vene-

2175 1155 2440 1210 rabilius.
2477 1157 2557 1210 Ab
2589 1157 2679 1211 his
2710 1173 2814 1228 ego
2846 1159 2917 1212 ad
2951 1174 3050 1212 vos
3081 1158 3293 1214 ductus
3326 1176 3482 1227 sum,
3515 1161 3751 1216 vinctus
3775 1163 3834 1216 in

2173 1243 2424 1312 Christo,
2460 1261 2574 1299 non
2599 1246 2802 1300 ferreis
2825 1246 3067 1314 catenis,
3088 1248 3186 1301 sed
3210 1248 3606 1304 tenacissimis
3646 1251 3838 1322 Spiri-

2173 1337 2269 1388 tus
2299 1333 2545 1388 vinculis
2594 1335 2968 1390 constrictus.
2996 1357 3023 1384 ››
3053 1337 3332 1392 Alicunde
3363 1354 3425 1392 se
3491 1339 3690 1394 venire
3740 1339 3835 1396 his

2171 1421 2363 1476 verbis
2396 1421 2650 1477 declarat
2679 1423 3027 1494 Gregorius;
3056 1424 3299 1494 proinde
3331 1427 3451 1481 hac
3483 1428 3668 1482 oratio
3709 1446 3827 1484 non

2171 1511 2369 1565 statim
2401 1517 2530 1582 post
2546 1512 2998 1576 ordinationem,
3021 1519 3084 1568 ut
3107 1514 3295 1568 visum
3313 1520 3402 1569 est
3423 1515 3826 1588 Tillemontio,

2170 1599 2390 1667 habita,
2423 1601 2524 1654 sed
2559 1606 2688 1670 post
2720 1601 2971 1655 reditum
3004 1619 3072 1656 ex
3105 1603 3258 1670 fuga.
3295 1603 3513 1659 Deinde
3545 1606 3711 1659 addit
3763 1625 3828 1663 se

2171 1694 2340 1743 antea
2369 1689 2499 1743 aliis
2531 1689 2728 1743 omnia
2759 1689 3085 1761 reliquisse,
3121 1696 3186 1745 ut
3214 1709 3413 1746 secum
3448 1693 3831 1765 philosopha-

2170 1783 2350 1842 retur,
2375 1785 2431 1832 et
2453 1778 2584 1832 Elia
2611 1779 2940 1832 Garmalum
2965 1795 3030 1832 ac
3051 1780 3301 1834 Joannis
3345 1783 3640 1836 desertum
3675 1785 3828 1854 cogi-

2090 1883 2135 1946 B
2170 1871 2360 1930 tasse;
2393 1868 2544 1938 quod
2579 1868 2628 1921 ei
2660 1867 2850 1921 dicere
2882 1884 2996 1921 non
3029 1867 3195 1923 licuit
3230 1887 3345 1939 quo
3378 1870 3467 1925 die
3517 1871 3828 1929 ordinatus

2169 1955 2279 2009 fuit
2311 1956 2673 2010 Sasimorum
2705 1956 3038 2026 episcopus,
3072 1958 3375 2028 siquidem
3411 1959 3560 2013 hanc
3585 1962 3827 2016 ordina-

2168 2045 2386 2098 tionem
2415 2061 2531 2098 non
2555 2044 2830 2108 solitudo,
2850 2046 2948 2099 sed
2977 2047 3280 2115 impensus
3306 2048 3360 2100 in
3379 2049 3640 2117 juvando
3659 2055 3825 2120 patre

2170 2133 2476 2187 sacerdotii
2509 2134 2673 2188 labor
2702 2134 3055 2188 subsecutus
3087 2141 3193 2188 est.
3263 2137 3542 2192 Praterea
3585 2139 3827 2194 disertis

2171 2222 2363 2276 verbis
2393 2221 2794 2286 solitudinem,
2828 2223 2886 2275 in
2918 2239 3092 2293 quam
3129 2240 3190 2277 se
3223 2231 3538 2295 receperat,
3575 2226 3821 2297 indicat,

2169 2328 2301 2365 cum
2327 2311 2494 2381 ait(/)
2517 2327 2598 2376 se,
2625 2334 2652 2359 «
2687 2327 2760 2364 ne
2783 2310 2873 2365 his
2905 2311 3141 2382 quidem
3176 2314 3265 2367 sui
3296 2315 3729 2370 amantissimis
3761 2332 3826 2372 ac

2171 2400 2450 2454 fratribus
2498 2415 2802 2455 sermones
2853 2399 3151 2471 impertire
3204 2403 3582 2468 sustinuisse,
3631 2411 3702 2458 ut
3754 2405 3826 2458 ab

2169 2488 2328 2543 omni
2380 2489 2610 2559 negotio
2671 2489 2914 2543 feriatus
2972 2505 3170 2543 secum
3233 2489 3822 2561 philosOpharetur.»

2167 2577 2312 2640 Quid
2348 2577 2514 2648 plura
2535 2577 2562 2630 ‘I
2593 2578 2874 2631 Recantat
2905 2577 2983 2648 [g]
3015 2577 3303 2648 quidquid
3339 2584 3467 2649 post
3494 2580 3817 2636 ordinatio-

2169 2683 2300 2720 nem
2327 2683 2441 2736 pra
2465 2665 2660 2720 dolore
2685 2666 2741 2718 in
2763 2666 3044 2720 Basilium
3068 2667 3334 2737 asperius
3355 2668 3607 2734 dixerat;
3635 2691 3662 2719 (ί
3686 2674 3818 2726 Jam

2167 2755 2321 2809 enim
2355 2755 2502 2808 iram
2537 2754 2767 2824 abjicio,
2800 2754 3034 2808 audiant
3064 2757 3344 2809 mansueti
3371 2760 3423 2810 et
3454 2757 3717 2813 laetentur
3735 2761 3816 2826 6‘;

2169 2859 2529 2912 manumque
2563 2841 2732 2910 hanc,
2767 2859 2894 2913 qua
2954 2842 3098 2897 mihi
3149 2845 3267 2898 vim
3319 2844 3532 2913 attulit,
3583 2846 3816 2916 placido

2165 2932 2330 2987 vultu
2363 2931 2679 3001 conspicio,
2707 2947 2771 2984 ac
2804 2930 3042 3000 Spiritui
3073 2932 3321 2998 arrideo,
3358 2933 3620 3005 mihique
3662 2952 3820 2991 com-

2167 3027 2391 3076 motum
2426 3025 2627 3091 pectus
2659 3019 2918 3082 sedatur,
2951 3021 3214 3090 reditque
3244 3023 3430 3086 ratio;
3467 3028 3638 3093 atque
3671 3026 3819 3079 ami-

2165 3111 2321 3176 citia,
2355 3110 2540 3163 instar
2572 3108 2820 3162 flamma
2852 3110 3163 3178 consopita
3196 3113 3586 3175 etexstincta,
3607 3130 3817 3168 rursus

2166 3216 2233 3254 ex
2265 3216 2438 3269 parvo
2471 3197 2726 3269 igniculo
2759 3197 3048 3251 reviviscit
3086 3206 3142 3253 et
3176 3200 3480 3254 excitatur.
3526 3201 3818 3256 ltenuerat

2166 3286 2453 3343 consolari
2482 3285 2679 3340 anima
2712 3302 2856 3352 mea,
2908 3290 2963 3340 et
3012 3287 3298 3341 anxietate
3348 3289 3717 3344 afﬁciebatur
3754 3292 3810 3346 in

2165 3393 2257 3431 me
2287 3376 2531 3447 spiritus
2564 3391 2732 3429 meus
2769 3375 2832 3428 °°.
2867 3374 3013 3438 Dixi,
3047 3392 3352 3444 nunquam
3403 3376 3462 3430 in
3513 3384 3811 3448 posterum

2164 3466 2432 3521 amicitia
2466 3465 2640 3518 fidem
2669 3463 2913 3517 habebo.
2936 3481 2961 3512 ι
2996 3462 3167 3516 Nulla
3196 3479 3338 3520 sane
3400 3469 3532 3519 ante
3581 3465 3812 3521 ordina-

2161 3555 2378 3608 tionem
2410 3552 2591 3623 jurgii
2627 3568 2804 3607 causa
2835 3551 3115 3606 Basilium
3149 3553 3304 3608 inter
3360 3557 3417 3607 et
3461 3555 3804 3626 Gregorium

2163 3643 2416 3709 exstitit;
2451 3641 2574 3696 sola
2613 3641 2901 3696 ordinatio
2961 3641 3114 3695 rixas
3165 3643 3374 3697 movit:
3437 3642 3558 3697 hac
3606 3645 3801 3710 verba,

2161 3749 2287 3804 qua
2319 3733 2537 3785 fatetur
2567 3746 2627 3784 se
2658 3730 2876 3783 dixisse
2933 3729 3269 3799 Gregorius,
3316 3753 3344 3780 «
3388 3748 3693 3802 nunquam
3746 3733 3802 3786 in

2159 3826 2457 3894 posterum
2490 3819 2758 3874 amicitia
2786 3818 2960 3872 fidem
2980 3818 3226 3886 habebo,
3245 3842 3272 3866 ››
3299 3819 3573 3889 leguntur
3590 3821 3659 3874 ad
3684 3820 3801 3875 cal-

2159 3928 2282 3966 cem
2301 3909 2558 3980 epistola
2577 3908 2879 3962 tricesima
2905 3908 3124 3977 prima,
3146 3924 3321 3978 quam
3349 3913 3477 3979 post
3506 3911 3798 3980 abjectum

2161 4002 2421 4070 regenda
2454 3998 2817 4052 Sasimorum
2863 3995 3126 4051 Ecclesia
3186 3997 3494 4052 consilium
3542 4000 3797 4070 scripsit.

2159 4091 2291 4153 Qua
2305 4087 2542 4158 quidem
2570 4084 2789 4150 omnia,
2813 4086 3136 4139 orationem
3161 4103 3314 4140 nunc
3332 4086 3618 4142 decimam
3642 4088 3801 4142 habi-

2158 4184 2277 4232 tam
2299 4194 2411 4232 non
2440 4177 2620 4231 fuisse
2653 4181 2785 4246 post
2814 4174 3265 4243 ordinationem,
3299 4179 3400 4232 sed
3432 4185 3738 4248 postquam
3772 4194 3800 4230 e

2158 4267 2297 4339 fuga
2324 4265 2496 4321 rediit
2523 4264 2860 4336 Gregorius,
2895 4265 3203 4320 manifeste
3235 4265 3654 4321 demonstrant.

2161 4391 2300 4446 CIV.
2336 4389 2627 4458 Gregorius
2673 4390 2731 4442 in
2777 4389 3027 4442 oratione
3071 4405 3173 4443 sua
3216 4394 3488 4444 mutatum
3535 4406 3591 4445 se
3631 4389 3796 4460 pro/t-

2225 4467 2387 4518 tetur.
2427 4461 2722 4514 Ant/timus
2749 4461 2805 4513 in
2836 4475 2961 4513 suas
2987 4466 3170 4530 partes
3210 4460 3531 4529 Gregorium
3582 4465 3798 4534 pertra-

2226 4534 2352 4588 here
2379 4535 2600 4602 frustra
2623 4541 2874 4585 conatur.

400 4641 681 4696 Basilium
710 4637 986 4707 Magnum
1014 4609 2051 4704 mihisemper'pratulerim,tametsi
2081 4609 2129 4673 D
2233 4641 2292 4693 In
2325 4654 2392 4693 ea
2422 4637 2682 4692 oratione
2717 4637 3003 4692 sinceram
3067 4639 3450 4694 mutationem
3501 4641 3804 4710 profitetur

399 4729 483 4783 illi
516 4727 872 4784 contrarium
906 4725 1206 4778 videatur:
1240 4727 1364 4776 tum
1410 4738 1565 4776 nunc
1616 4739 1847 4793 quoque
1899 4738 2048 4792 pra-

400 4819 542 4888 fero,
570 4823 746 4881 uetes,
771 4815 828 4868 id
855 4817 962 4879 est,
986 4812 1181 4882 inquit
1227 4809 1447 4875 Billius,
1493 4811 1778 4864 «tametsi
1816 4811 1910 4864 ille
1958 4827 2050 4864 me

401 4906 513 4960 sibi
541 4905 848 4958 anteferat.
884 4924 911 4949 ››
936 4901 1058 4955 Non
1083 4901 1234 4954 enim
1261 4899 1381 4953 hac
1405 4899 1576 4954 verba
1607 4899 1685 4952 ita
1714 4899 2050 4968 accipienda

401 4998 560 5054 sunt,
595 4995 762 5062 quasi
792 4990 1071 5044 Basilium
1102 4988 1395 5043 existimet
1419 4988 1735 5058 Gregorius
1771 4987 1902 5058 plus
1935 4986 2049 5042 sibi

401 5082 657 5135 tribuere
689 5096 862 5151 quam
899 5079 1034 5150 ipsi.

471 5274 514 5309 ⁸⁵
547 5273 696 5330 Psal.
728 5287 928 5342 χχχιιι,
961 5273 1014 5330 3.
1093 5273 1137 5309 ⁸⁸
1166 5272 1320 5331 Psal.
1357 5291 1542 5343 Lxxvr,
1574 5273 1629 5332 3.

471 5470 546 5616 Ea)
585 5468 764 5542 Epist.
798 5472 873 5526 al.
908 5471 996 5527 31.

497 5544 546 5616 υ)
577 5543 678 5616 ap.
713 5542 787 5616 ιιι.

497 5544 546 5614 b)
577 5543 678 5614 Ep.
713 5542 787 5597 al.
822 5544 908 5598 32.

577 5544 678 5614 Ep.
713 5544 787 5597 al.
822 5544 877 5596 32

527 5544 546 5758 ξ
577 5614 674 5686 Ep.
711 5614 786 5670 al.
821 5615 877 5668 2.

577 5685 637 5742 In
670 5686 815 5756 Bas.,
846 5701 877 5758 p

469 5619 522 5684 (e
577 5619 674 5686 Ep.
711 5619 786 5670 al.
821 5619 877 5668 2.

469 5619 545 5758 (di
577 5685 637 5742 In
670 5686 815 5756 Bas.,
846 5701 905 5760 p.
942 5684 1065 5740 179.

469 5684 525 5757 (d

2158 4727 2493 4798 Gregorius,
2529 4731 2771 4795 rataque
2801 4726 2999 4780 omnia
3032 4726 3230 4792 habet,
3263 4743 3327 4782 ac
3358 4729 3596 4782 tandem
3617 4727 3804 4782 Eccle-

2159 4818 2254 4872 sia
2271 4817 2380 4871 sibi
2397 4815 2724 4870 commissa
2741 4815 3134 4886 gubernacula
3152 4833 3453 4889 capescere
3469 4818 3521 4870 in
3540 4818 3802 4871 animum

2158 4905 2722 4960 videturinduxisse.
2753 4905 2947 4972 Itaque
2969 4905 3196 4960 Sasima
3218 4907 3301 4960 ire
3345 4907 3670 4971 constituit,
3703 4905 3803 4959 sed

2159 4995 2500 5066 priusquam
2537 4993 2608 5046 ad
2641 4993 2750 5046 iter
2774 5009 2834 5046 se
2858 4992 3203 5064 accingeret,
3233 4996 3452 5064 Doaris,
3489 5012 3613 5066 qua
3647 5011 3802 5049 nova

2157 5083 2529 5156 Cappadocia
2562 5081 2764 5138 civitas
2796 5086 2938 5150 erat,
2972 5081 3266 5139 Eulalium
3299 5085 3642 5156 episcopum
3688 5099 3805 5138 una

2255 5480 2302 5550 ε)
2325 5478 2419 5533 Or.
2449 5477 2532 5546 10,
2568 5496 2624 5534 n.
2661 5477 2709 5533 1.

2251 5553 2296 5618 ί)
2331 5550 2476 5604 lbid.

2252 5624 2308 5690 g)
2342 5621 2515 5690 lbid.,
2547 5636 2605 5677 n.
2638 5620 2693 5676 2.
