4100 6404
353 399 473 461 203

357 524 841 595 CVlIl.Gregorius
871 521 928 577 Νι

1698 371 1886 436 νιΤΑ
1929 372 1996 431 5.
2044 357 2444 430 GREGORII.

936 520 1243 574 izianzenae
1278 514 1538 571 Ecclesia:
1565 509 1812 578 regimen
1841 502 2009 578 susci-
2042 505 2088 567 Α
2125 493 2367 566 quidam
2401 485 2634 560 pietatis
2663 498 2874 540 nomen
2897 477 3289 546 habitumque
3319 489 3435 545 prae
3467 487 3532 526 se
3561 470 3780 525 ferens.

3655 340 3778 400 2οι

429 560 651 584 ῐιιι.υισ
693 560 839 578 Ullum!
871 560 1239 577 LI'uvvu-Iuvvvvw
1281 560 1411 571 uvv~~
1436 560 1532 569 vvvv
1565 560 1574 564 ν
1597 560 1677 578 νσ-
1728 560 1757 561 η
2042 560 2088 567 --
2144 560 2159 566 -

429 605 532 672 ptl,
553 560 783 669 Ῑαὺῖηεσ
808 597 986 672 patre,
1019 607 1084 646 ea
1113 589 1377 644 condione
1415 595 1474 639 ut
1524 599 1583 639 80
1630 585 1840 635 mortuo
1873 575 2010 629 liber
2121 583 2392 639 Nondum
2435 577 2504 631 ad
2542 572 2746 645 pocula
2777 574 3015 625 ventum
3047 571 3192 631 erat,
3224 579 3382 631 cum,
3436 566 3502 615 ut
3552 560 3608 614 in
3643 576 3780 614 con-

2346 671 2353 672 κ
2435 666 2445 672 .
2552 665 2565 672 -
2614 669 2621 672 .
2704 663 2718 672 ι
2868 659 2879 672 ι
2909 658 2921 669 ο
3176 671 3186 672 κ
3246 652 3525 672 _,‘_:‘_a--_
3581 648 3751 672 n..__:

433 665 505 727 tu
535 665 691 725 dbire
720 684 829 738 quo
857 665 1013 734 velit,

439 799 642 869 Itaque
671 790 1005 864 Gregorius,
1040 787 1286 856 abjectls
1334 779 1602 844 Sasimis,
1648 777 1709 830 in
1741 771 2014 830 solitudi-

369 904 504 943 nem
539 858 666 940 sese
698 858 960 952 recepit;
995 877 1095 932 sed
1133 875 1290 930 aliud
1346 871 1456 942 ipsi
1497 865 1872 923 subeundum
1908 858 2018 914 fuit

372 981 666 1031 certamen
699 987 831 1027 cum
881 974 1061 1034 patre,
1095 965 1192 1036 qui
1229 978 1358 1017 cum
1396 960 1466 1014 ab
1495 975 1562 1013 eo
1586 963 1650 1010 ut
1676 953 1908 1009 Sasima
1933 954 2017 1004 te-

373 1071 537 1122 neret
556 1063 816 1118 obtinere
840 1056 1174 1113 nullatenus
1198 1050 1502 1123 potuisset,
1522 1045 1730 1101 saltem
1751 1038 2021 1114 precibus

369 1154 677 1226 jussisque
723 1153 813 1204 est
860 1150 1208 1200 consecutus
1259 1145 1326 1194 ut
1372 1137 1727 1192 Nazianzum
1787 1127 2020 1190 rediret,

375 1257 622 1313 eamque
653 1235 987 1301 Ecclesium,
1020 1231 1112 1287 cui
1144 1228 1411 1300 regendae
1443 1240 1544 1297 per
1572 1227 1800 1276 aetatem
1835 1231 2027 1286 impar

376 1339 521 1394 erat,
554 1324 1081 1385 administrandam
1132 1317 1477 1389 susciperet.
1530 1314 1608 1367 Ea
1655 1315 1850 1366 autem
1903 1307 2027 1376 lege

376 1420 650 1476 vicariam
702 1418 1106 1488 praefecturam
1153 1407 1525 1463 Nazianzenae
1582 1398 1873 1458 Ecclesiae,
1934 1410 2027 1448 co-

378 1515 550 1583 gente
601 1483 782 1578 patre,
823 1501 1081 1572 suscepit
1120 1502 1184 1553 ut
1224 1492 1598 1551 tantummdo
1645 1488 1736 1544 his
1787 1483 2032 1540 nexibus

381 1580 678 1654 teneretur
710 1594 1029 1664 obligatus,
1054 1589 1194 1642 dum
1232 1591 1396 1657 pater
1425 1583 1727 1653 superstes
1757 1580 1913 1631 esset
1933 1590 1946 1640 ;
1966 1587 2032 1627 eo

386 1693 580 1743 autem
614 1701 644 1738 e
675 1682 820 1737 vivis
848 1663 1104 1743 sublato,
1129 1675 1242 1731 sibi
1273 1673 1521 1727 liberum
1553 1672 1709 1723 esset
1738 1663 1898 1719 abire
1921 1677 2035 1733 quo

387 1776 582 1832 vellet.
615 1773 713 1827 llis
746 1774 868 1843 ipse
912 1770 1162 1823 testatur
1211 1762 1403 1817 verbis
1452 1761 1508 1815 in
1544 1756 1826 1816 oratione,
1857 1767 2034 1824 quam

390 1865 460 1920 ad
497 1839 782 1936 populum
809 1858 1197 1914 Naziazenum
1233 1851 1439 1906 habuit
1482 1848 1558 1920 (a)
1592 1864 1604 1902 :
1639 1870 1666 1896 «
1708 1844 1873 1900 Nunc
1905 1839 2036 1912 qui-

393 1954 526 2008 dem
559 1968 690 2005 cum
727 1946 1002 2019 praeclaro
1037 1947 1272 2015 parente
1303 1955 1503 1995 curam
1552 1936 1701 1990 hanc
1743 1931 2042 2001 suscipere

395 2060 508 2098 non
546 2035 932 2102 recuso,velul
959 2049 1182 2105 magnae
1205 2028 1416 2101 aquilae
1439 2033 1497 2081 et
1518 2024 1805 2079 altissime
1823 2017 2039 2074 volanti

397 2129 592 2202 pullus
649 2143 763 2181 non
815 2121 1226 2178 incommodus
1276 2135 1305 2173 e
1356 2115 1683 2187 propinquo
1742 2109 2041 2165 advolans.

395 2196 604 2273 Postea
633 2231 766 2270 vero
813 2227 1061 2285 pennam
1107 2225 1290 2262 meam
1325 2202 1589 2276 Spiritui,
1622 2217 1736 2272 quo
1787 2196 1958 2260 volet,
1992 2198 2047 2248 et

398 2323 634 2380 quoquo
669 2305 839 2359 modo
868 2297 1343 2357 volet.ferendam
1376 2292 1558 2354 dabo;
1595 2307 1698 2344 nec
1729 2286 2046 2360 quisquam

398 2399 529 2457 erit.
551 2395 648 2465 qui
685 2409 774 2448 me
807 2407 1032 2462 cogere.
1055 2394 1157 2442 aut
1187 2385 1472 2441 aliorsum
1507 2381 1810 2435 traducere
1845 2373 2047 2447 possit,

401 2504 533 2542 cum
568 2502 635 2540 eo
665 2481 1186 2538 consultantem....
1235 2475 1364 2529 Haec
1397 2469 1622 2529 habuit.
1655 2467 1760 2521 viri
1812 2465 2027 2520 Naman

401 2576 550 2643 zeni,
576 2590 702 2645 qua:
729 2569 980 2640 simplici
1006 2566 1202 2620 animo
1227 2559 1756 2627 benevolentiaque
1788 2555 1955 2625 pleno
1980 2551 2051 2606 ad

403 2682 506 2719 vos
536 2663 990 2728 dicerem,atque
1022 2655 1131 2709 hoc
1162 2660 1250 2708 est
1283 2651 1460 2706 animi
1498 2647 1610 2702 mei
1643 2646 2054 2701 arcanum.»ln

406 2754 666 2809 carmine
718 2751 788 2804 De
835 2751 946 2802 vita
994 2762 1095 2800 sua
1157 2741 1576 2797 Nazianzenam
1629 2733 1943 2791 Ecclesiam
1995 2746 2056 2784 se

410 2840 743 2911 suscepisse
771 2840 938 2907 jussu
967 2831 1223 2905 parentis
1247 2829 1522 2893 declarat,
1551 2827 1632 2881 ita
1661 2840 1859 2880 secum
1887 2837 2056 2891 repu-

412 2937 633 2988 tantem
666 2945 731 2982 ac
763 2929 1048 2980 dicentem
1081 2924 1155 2992 (b)
1191 2938 1204 2975 :

486 3048 668 3116 Neque
690 3046 836 3098 enim
871 3056 953 3116 res
974 3040 1083 3116 ista
1114 3037 1354 3116 invitum
1382 3049 1471 3116 me
1489 3030 1854 3116 Iconstringet,

415 3122 520 3190 Qui
540 3101 649 3172 riae
679 3116 825 3169 ultra
848 3110 1392 3172 denuntiationemec
1412 3103 1532 3158 ullo
1554 3105 1818 3171 promissa
1839 3101 2024 3151 teneor
2048 3110 2060 3148 :

486 3223 564 3282 Οὐ
596 3221 699 3308 γᾲρ
730 3218 936 3290 καθέξει
966 3215 1135 3303 τοῦτ⁹ἐ
1167 3207 1324 3304 ξςξηνῖ
1353 3205 1550 3262 ἄκοντά
1584 3226 1669 3278 με,

487 3298 582 3353 Ὃν
611 3281 734 3348 cii/1e
763 3281 1041 3364 κήρῦγμα,
1076 3281 1506 3364 οὕθξ’ὑπόσχὶσις
1537 3281 1741 3353 κρατεῖ·

490 3310 582 3353 ”υν
611 3310 734 3348 ours
763 3310 1041 3415 κηρυέμα,
1076 3310 1172 3347 ouo
1214 3310 1348 3337 υποσ
1370 3310 1374 3316 λ
1399 3310 1505 3341 sou,

487 3367 671 3427 Οὕτως
696 3363 903 3437 ἀνήγαγ
965 3379 1030 3432 με
1071 3358 1296 3424 νικήσας
1331 3310 1522 3429 φ’ἓϐος.

490 3459 580 3514 Sic
608 3472 696 3511 me
722 3453 924 3509 victrix
952 3448 1190 3522 formido
1215 3445 1464 3500 reduxit.

492 3574 574 3629 Ex
608 3571 716 3625 hac
748 3563 1010 3638 Gregorii
1043 3562 1402 3635 praefectura,
1438 3574 1574 3629 qua,
1609 3560 1771 3626 patre
1800 3550 2074 3606 adniten-

421 3669 501 3732 te,
533 3659 749 3714 invitus
780 3652 1264 3711 administrandae
1285 3647 1554 3704 Ecclesiae
1572 3643 1947 3699 Nazianzenaa
1974 3656 2072 3693 cu-

425 3769 549 3808 ram
583 3746 863 3817 suscepit,
897 3760 1011 3797 non
1046 3740 1212 3813 pauci
1244 3755 1378 3793 eum
1412 3735 1590 3805 hujus
1622 3729 1888 3786 Ecclesiae
1920 3726 2073 3781 ordi-

431 3847 631 3896 natum
667 3816 846 3891 fuisse
877 3831 1216 3904 episcopum
1251 3825 1512 3881 arbitrati
1559 3827 1715 3876 sunt.
1750 3818 1860 3874 Sed
1912 3816 2076 3887 quid-

427 3929 565 4001 quid
595 3944 663 3981 ea
692 3925 763 3979 de
795 3939 854 3977 re
887 3918 1236 3990 scripserint
1265 3921 1485 3970 veteres
1519 3928 1584 3965 ac
1613 3904 2076 3970 recentiores,lo-

426 4014 716 4086 cupletior
745 4027 859 4065 non
893 4014 983 4064 est
1024 4005 1177 4060 alius
1201 4004 1367 4058 testis
1390 4016 1566 4072 quam
1587 3996 1937 4064 Gregorius:
1972 4009 2076 4047 nec

426 4104 522 4161 alii
568 4100 894 4169 ullimaior
936 4111 1114 4168 quam
1151 4092 1263 4163 ipsi
1296 4091 1442 4145 fides
1490 4086 1758 4142 habenda
1805 4089 1911 4139 est.
1946 4087 2078 4136 Haec

422 4191 612 4263 ipsius
663 4196 800 4244 sunt
857 4186 928 4241 ad
979 4180 1318 4253 Gregoriam
1371 4178 1697 4248 Nyssenum
1764 4171 2075 4227 scribentis

421 4281 597 4335 verba
625 4278 696 4350 (e)
727 4293 740 4331 :
779 4297 806 4325 ‹‹
841 4275 996 4330 Inter
1037 4285 1241 4325 omnes
1271 4267 1491 4322 etenim
1542 4266 1792 4324 constat,
1834 4276 1925 4314 me
1959 4274 2074 4313 non

421 4365 715 4430 Nazianzi,
736 4363 838 4419 sed
852 4361 1217 4417 Sasimorum
1242 4353 1566 4410 antistitem
1582 4358 1842 4405 creatum
1872 4348 2072 4417 fuisse,

421 4455 653 4512 tametsi
683 4470 742 4508 in
797 4449 982 4524 patris
1025 4447 1431 4507 reverentiam,
1467 4446 1523 4497 et
1553 4455 1755 4495 eorum
1791 4437 1885 4507 qui
1936 4453 2072 4507 sup-

423 4547 604 4620 plices
653 4544 761 4599 hoc
809 4559 842 4596 a
878 4555 970 4594 me
1019 4534 1466 4597 contenderunt,
1501 4530 1572 4584 ad
1620 4530 1788 4583 breve
1839 4535 2074 4597 tempus

422 4619 814 4707 prelccturam
847 4625 1013 4698 quasi
1045 4621 1306 4695 hospites
1338 4619 1731 4690 suscepimus,
1769 4638 1789 4665 ιι
1824 4620 1934 4670 etc.

418 4758 554 4815 ClX.
599 4754 889 4827 Greqorius
941 4750 1214 4827 Basilius}
1241 4745 1500 4827 defendit,
1534 4760 1569 4798 α
1602 4741 1847 4827 quodILm
1874 4755 2068 4795 mona-

486 4831 584 4887 cho
615 4814 949 4890 accusatum,
983 4822 1131 4895 quod
1165 4814 1434 4892 Spiritum
1461 4825 1716 4870 sanctum
1763 4814 1931 4867 Deum
1959 4826 2066 4865 non

489 4901 836 4973 appellasset.

489 5026 628 5080 Post
658 5024 989 5091 susceptam
1033 5033 1065 5070 a
1094 5012 1369 5086 Gregorio
1405 5010 1668 5066 Ecclesiae
1701 5008 2070 5062 Nazianzenae

417 5110 1013 5173 administrationem,
1045 5105 1427 5172 habitamque
1471 5099 1791 5153 orationem
1849 5097 2068 5151 duode-

419 5198 978 5269 cimam,contigisse
998 5194 1228 5249 videtur
1244 5190 1498 5261 iurgium
1525 5188 1678 5258 quod
1698 5186 1852 5241 inter
1875 5190 2068 5257 ipsum

419 5297 477 5347 et
508 5289 824 5361 quemdam
849 5283 1204 5340 monachum
1227 5277 1454 5335 exstitit
1483 5278 1553 5332 de
1577 5275 1960 5331 BasilioJiem
1985 5275 2070 5330 sic

420 5383 618 5435 narrat
632 5375 944 5447 Gregorius
963 5373 1020 5426 in
1045 5369 1293 5442 epistola
1307 5367 1358 5421 al
1371 5411 1380 5422 .
1393 5367 1516 5421 26m
1536 5363 1808 5420 Conviviu
1821 5382 1873 5417 m
1892 5363 2068 5435 quod-

418 5469 550 5522 dam
586 5471 728 5535 erat,
762 5465 819 5517 in
854 5479 969 5532 quo
1023 5456 1260 5530 plurimi
1300 5454 1614 5510 clarissimi
1648 5453 1754 5508 viri
1784 5452 2072 5522 nobisque

417 5554 674 5610 amicitia
703 5550 1000 5623 conjuncti
1031 5547 1658 5615 accumbebant,atque
1685 5543 1836 5598 inter
1866 5558 1965 5597 eos
1987 5539 2073 5595 vir

2122 672 2294 726 viviis
2327 666 2448 722 ﬁeri
2483 665 2651 727 solet,
2687 663 2759 717 de
2790 658 2958 715 nobis
3005 671 3197 711 sermo
3237 652 3544 708 excitatur.
3581 648 3785 704 Omni-

2125 763 2236 816 bus
2270 772 2439 830 porro
2471 755 2715 808 virtutes
2746 755 2880 804 tuas
2907 743 3295 816 amplissimis
3325 739 3606 794 laudibus
3644 736 3785 792 eﬂ'e-

2128 826 2416 914 renti—bus,
2456 857 2680 913 nosque
2708 838 2906 906 etiam,
2941 841 3007 890 ut
3034 833 3245 889 iisdem
3279 834 3409 885 vitis
3441 826 3655 883 studiis
3686 826 3788 881 de-

2128 939 2302 1002 ditos,
2337 930 2810 1004 adjungentibus.
2849 967 2860 980 .

2132 1027 2302 1099 phus.
2326 1024 2393 1078 Et
2422 1021 2704 1094 quidnam
2738 1017 2846 1071 hoc
2877 1007 3535 1083 est,inquit,admodum
3571 1005 3790 1060 furiose

2132 1093 2492 1176 exclamans,
2523 1126 2555 1163 o
2601 1106 2730 1169 viri,
2766 1119 2944 1175 quam
2977 1099 3143 1155 valde
3194 1096 3508 1152 mendaces
3551 1098 3608 1149 et
3637 1093 3791 1148 adu-

2133 1204 2349 1260 latores
2376 1197 2555 1255 estisl
2592 1196 2808 1250 Caetera
2849 1191 3086 1263 quidem
3133 1186 3450 1242 laudentur
3493 1199 3634 1239 sane
3681 1179 3793 1235 viri

2138 1292 2241 1356 illi,
2274 1307 2337 1346 se
2364 1289 2445 1343 ita
2475 1286 2657 1355 lubet,
2687 1281 2830 1338 nihil
2863 1293 3163 1350 repugno:
3197 1291 3396 1331 verum
3421 1273 3574 1344 quod
3605 1269 3794 1325 maxi-

2138 1399 2302 1438 mum
2333 1383 2442 1442 est,
2487 1375 2607 1430 illis
2639 1390 2752 1428 non
2787 1370 3123 1426 concedam.
3157 1363 3523 1421 Ortbodoxiae
3557 1360 3798 1416 nomine

2141 1473 2360 1526 frustra
2391 1466 2665 1522 laudatus
2696 1459 2972 1521 Basilius,
3024 1457 3243 1511 frustra
3272 1451 3588 1524 Gregorius
3617 1467 3632 1514 ς
3675 1447 3795 1512 ille,

2143 1561 2283 1633 quia
2314 1554 2686 1612 sermonibus
2717 1549 2841 1606 suis
2871 1546 3172 1603 veritatem
3225 1542 3458 1615 prodit;
3509 1539 3628 1601 hic,
3661 1537 3802 1606 quia

2147 1625 2430 1722 patientia
2477 1660 2585 1698 sua
2632 1639 2898 1696 eamdem
2947 1632 3126 1691 simul
3177 1631 3393 1704 prodit.
3444 1652 3464 1678 ι
3519 1629 3667 1684 Tum
3703 1625 3800 1680 his

2146 1735 2460 1808 Gregorius
2490 1729 2935 1787 conviciatorem
2963 1723 3157 1780 verbis
3189 1717 3488 1791 redarguit
3521 1735 3534 1774 :
3576 1740 3595 1766 α
3636 1715 3802 1771 Unde

2899 966 2911 981 .
2944 923 3186 993 indigne
3232 919 3368 975 tulit
3398 917 3493 972 hic
3528 916 3789 986 philoso-

2149 1829 2277 1892 hoc,
2311 1842 2343 1880 ο
2375 1824 2550 1878 homo
2580 1835 2745 1884 vane,
2776 1826 2948 1888 atque
2978 1811 3322 1883 arrogantia;
3367 1805 3622 1870 nomine,
3656 1819 3803 1859 nove

2152 1916 2379 1974 Dathan
2412 1919 2470 1968 et
2500 1908 2761 1966 Abiron?
2790 1905 2955 1963 Unde
2979 1903 3146 1959 nobis
3169 1903 3510 1971 dogmatum
3546 1892 3807 1968 promul-

2154 2011 2321 2080 gator
2376 2001 2536 2056 venis
2579 1999 2607 2054 ?
2671 1995 2896 2052 Siccine
2951 1995 3248 2047 tantarum
3311 2001 3503 2042 rerum
3538 1982 3806 2053 judicem

2154 2070 2408 2166 teipsum
2433 2089 2652 2146 el'licies
2671 2085 2698 2141 ‘l
2718 2086 2867 2140 Tum
2897 2082 2992 2136 ille
3017 2098 3030 2136 :
3061 2102 3088 2130 ‹‹
3110 2096 3179 2135 ex
3199 2073 3512 2149 Eupsychii
3534 2070 3809 2143 martyris

2157 2183 2378 2257 synodo
2412 2195 2567 2235 nunc
2588 2175 3032 2244 venio.eamque
3061 2167 3202 2222 dicti
3229 2166 3340 2220 mei
3378 2171 3588 2220 testem
3622 2159 3811 2214 habeo

2159 2272 2265 2344 (sic
2297 2270 2453 2326 enim
2488 2284 2579 2322 res
2610 2282 2704 2320 ses
2733 2280 2795 2318 se
2819 2257 3117 2329 habebat),
3151 2261 3327 2326 atque
3360 2252 3480 2307 illic
3528 2248 3811 2306 Basiliam

2166 2338 2437 2433 Magnum
2472 2353 2766 2418 audivi,de
2798 2351 2965 2406 Patre
2998 2346 3234 2418 quidem
3267 2349 3323 2398 et
3353 2341 3493 2397 Filio
3515 2338 3735 2410 Optime
3755 2340 3818 2391 et

2164 2446 2607 2522 perfectissime,
2642 2447 2817 2512 atque
2850 2445 2915 2494 ut
2943 2437 3037 2491 vix
3074 2433 3386 2506 quisquam
3439 2428 3591 2484 alius
3647 2423 3820 2480 facile

2164 2543 2359 2611 queat,
2393 2536 2776 2590 disserentem
2803 2526 3122 2598 :Spiritum
3156 2526 3426 2578 sanctum
3459 2523 3652 2573 autem
3677 2530 3816 2569 con-

2165 2603 2472 2682 vellentem
2508 2638 2571 2675 ac
2603 2619 3090 2686 distorquentem,
3127 2633 3154 2659 »
3185 2615 3294 2664 etc.
3339 2608 3520 2679 Igitur
3561 2603 3823 2676 philoso-

2168 2717 2322 2789 phus
2354 2713 2446 2767 ille
2478 2708 2760 2765 Basilium
2807 2701 3175 2772 vituperabat
3221 2714 3288 2753 eo
3329 2697 3480 2767 quod
3533 2693 3819 2766 Spiritum

2169 2809 2441 2861 sanctum
2475 2804 2652 2853 Deum
2688 2811 2802 2850 non
2849 2789 3202 2864 appellasset
3239 2783 3637 2842 concionando
3681 2800 3694 2842 ;
3753 2796 3823 2835 ac

2170 2892 2345 2948 veluti
2382 2907 2414 2945 a
2445 2887 2683 2944 veritate
2711 2882 3049 2945 declinaret,
3092 2891 3341 2946 eamque
3374 2872 3604 2945 politice
3635 2868 3828 2940 magis

2173 2998 2349 3054 quam
2377 2979 2467 3050 pie
2501 2966 3062 3048 pradicaretﬁasilii
3087 2971 3284 3038 partes
3305 2969 3544 3018 strenue
3566 2957 3831 3013 defendit.

2174 3049 2512 3142 Gregorius,
2547 3076 2875 3133 causasque
2922 3054 3174 3112 reddidit
3216 3069 3320 3107 cur
3362 3049 3644 3121 Spiritum
3686 3063 3831 3101 san-

2177 3167 2333 3215 ctum
2358 3169 2628 3225 expresse
2644 3157 2701 3207 et
2719 3148 2911 3221 palam
2939 3150 3117 3200 Deum
3144 3159 3258 3197 non
3281 3140 3535 3202 diceret,
3560 3134 3834 3208 quamvis

2097 3261 2139 3327 ρ
2178 3265 2310 3304 eum
2342 3261 2471 3301 esse
2502 3242 2708 3305 Deum,
2743 3255 2856 3292 non
2886 3251 3056 3291 secus
3087 3248 3153 3288 ac
3189 3231 3418 3294 Filium,
3451 3226 3730 3290 crederet,
3765 3238 3834 3277 ac

2182 3334 2374 3391 verbis
2420 3333 2596 3387 etiam
2649 3326 3005 3388 ostenderet,
3036 3319 3318 3376 nimirum
3351 3317 3408 3371 in
3440 3313 3673 3370 insidiis
3703 3326 3833 3366 esse

2184 3424 2507 3485 haereticos,
2533 3420 2910 3474 observantes
2931 3413 2980 3469 si
3013 3425 3190 3482 quam
3224 3424 3294 3463 ex
3323 3406 3451 3476 ejus
3480 3417 3579 3458 ore
3611 3402 3832 3455 nudam

2183 3529 2382 3568 vocem
2405 3512 2643 3580 possent
2662 3503 2937 3574 arripere,
2961 3503 3027 3553 ut
3047 3513 3112 3552 eo
3135 3498 3317 3566 ejecto
3332 3492 3645 3548 Ecclesiam
3669 3503 3838 3544 occu-

2186 3578 2422 3675 parent,
2446 3602 2798 3663 caaterasque
2828 3587 3114 3645 Ecclesias
3147 3583 3603 3657 popularentur;
3634 3578 3837 3648 itaque

2185 3689 2372 3747 satius
2405 3703 2534 3741 esse
2567 3698 2743 3738 unam
2776 3695 2998 3743 vocem,
3043 3673 3334 3730 sententia
3371 3673 3428 3725 in
3462 3674 3587 3724 tuto
3621 3665 3836 3738 posita,

2188 3776 2645 3852 praetermittere,
2681 3786 2857 3841 quam
2893 3763 3211 3822 Ecclesiam
3245 3763 3302 3816 in
3342 3765 3572 3814 tantum
3624 3753 3838 3809 discri-

2187 3844 2318 3924 men
2352 3865 2660 3921 adducere.
2694 3858 3250 3927 Temperamentum
3296 3849 3478 3912 istud,
3509 3844 3665 3916 quod
3703 3861 3840 3915 pro-

2187 3955 2343 4011 bavit
2373 3957 2573 4024 postea
2621 3948 2871 4018 Magnus
2915 3941 3293 4005 Athanasius,
3339 3938 3409 3991 iis
3460 3934 3560 4006 qui
3592 3933 3844 3987 aderant

2186 4021 2510 4116 displicuit,
2544 4040 2859 4110 ipsumque
2900 4030 3245 4102 Gregorium
3297 4023 3654 4082 clamoribus
3687 4021 3844 4075 inse-

2186 4109 2322 4189 ctati
2355 4109 2613 4196 sunt,.ut
2642 4123 2885 4198 ignaviae
2919 4120 3106 4192 magis
3138 4132 3317 4190 quam
3371 4129 3529 4170 sana
3558 4109 3838 4166 doctrinis

2184 4219 2611 4278 consulentem.

2184 4346 2294 4409 CX,
2325 4345 2460 4401 CXI.
2504 4342 2793 4410 Gregorius
2827 4337 3035 4394 Basilio
3063 4331 3496 4410 controversiam
3523 4327 3642 4410 ejus
3669 4335 3839 4410 causa

2254 4401 2563 4482 susceptam
2590 4401 2884 4482 signiﬁcat,
2920 4423 3133 4482 rogans,
3168 4413 3228 4459 ut
3278 4401 3609 4482 ipse_doceet
3637 4408 3841 4482 quam:

2253 4505 2359 4560 que
2399 4465 2562 4541 lrz'ceat
2585 4465 2688 4560 pii
2715 4465 3043 4560 ᾠρυηὸηξῑῖι,
3077 4465 3624 4560 πίηοοηξνυάίεεῃίεδ
3643 4465 3845 4538 possit

2257 4544 2541 4630 repellere.
2577 4555 2875 4630 Epp-totam
2922 4544 3169 4618 Gregorii
3215 4547 3460 4619 pejorem
3506 4544 3568 4596 in
3613 4546 3843 4611 partem

2102 4631 2149 4694 D
2249 4625 2451 4701 accipit
2499 4625 2773 4682 Basilius.

2257 4737 2413 4792 Datis
2445 4735 2515 4789 ad
2571 4731 2850 4788 Basilium
2891 4727 3126 4793 litteris,
3180 4741 3304 4780 rem
3335 4726 3521 4778 totam
3577 4715 3843 4773 narravit

2178 4824 2513 4897 Gregorius,
2548 4837 2759 4893 rogans
2795 4824 2860 4873 ut
2889 4819 3121 4872 doceret
3170 4826 3437 4886 quosque
3478 4809 3534 4863 in
3567 4807 3845 4877 disputa-

2178 4896 2335 4970 tione
2367 4914 2435 4968 de
2463 4911 2718 4983 Spiritus
2745 4906 2930 4963 sancti
2953 4904 3260 4960 divinitate
3282 4896 3843 4974 progredi,quasque

2178 5021 2349 5060 voces
2385 5015 2690 5073 usurpare,
2710 5004 2766 5054 et
2798 5011 3106 5069 quousque
3129 4990 3456 5047 teconomia
3484 4986 3568 5041 uti
3604 4984 3841 5049 liceret;

2180 5094 2335 5149 haud
2370 5090 2641 5163 equidem
2667 5104 2777 5143 sua
2806 5102 3004 5149 causa,
3029 5083 3129 5154 qui
3152 5080 3419 5137 omnium
3440 5079 3597 5132 esset
3629 5072 3837 5127 miser-

2181 5183 2368 5238 rimus
2399 5161 2454 5236 et
2488 5176 2938 5240 stolidissimus,
2971 5172 3020 5229 si
3054 5170 3352 5226 dubitaret
3376 5167 3450 5222 de
3478 5161 3675 5220 Basilii
3707 5176 3843 5216 sen-

2183 5271 2384 5340 tentia,
2437 5270 2538 5325 sed
2589 5272 2655 5323 ut
2700 5262 3239 5321 contradicentibus
3288 5254 3686 5329 responderet.
3721 5249 3843 5303 Has

2181 5359 2441 5431 Gregorii
2478 5358 2727 5417 litteras.
2761 5351 2996 5409 tametsi
3049 5348 3315 5405 adhibita
3361 5343 3628 5400 cautione
3658 5354 3841 5411 quam

2183 5446 2863 5517 maxima,omnibusque
2896 5440 3133 5497 honoris
3159 5442 3336 5508 atque
3367 5431 3586 5489 amoris
3617 5427 3846 5499 signillo

2184 5538 2516 5594 cationibus
2550 5538 2813 5600 refertas,
2847 5532 3100 5605 priorem
3133 5529 3192 5584 in
3219 5530 3447 5601 partem
3480 5529 3700 5589 accepit
3738 5515 3846 5571 Ba-

489 5694 561 5764 (ιι)
594 5694 690 5750 Or.
723 5696 810 5762 12,
843 5709 901 5750 n.
933 5691 970 5748 5
1001 5693 1058 5747 et
1098 5689 1154 5742 6.
1231 5687 1306 5755 (b)
1333 5687 1401 5742 V.
1430 5686 1557 5743 523.
1635 5684 1706 5758 (ο)
1754 5683 1940 5759 Epist.
1984 5681 2062 5740 al.
2096 5682 2185 5741 42.
