4100 6438
220 369 328 435 305

1577 373 1761 434 VITA
1804 372 1871 433 S.
1915 369 2315 433 GBEGORII.

3535 370 3658 433 200

222 503 424 571 silius;
450 501 557 574 qui
579 501 770 559 etiam
794 501 1069 575 Gregorio
1090 504 1470 575 respondens,
1502 504 1701 560 mirari
1729 521 1790 561 se
1811 503 1894 559 ait
1919 503 1976 571 Α
2011 521 2038 554 ι
2068 502 2178 557 Sed
2212 518 2329 557 non
2357 499 2874 572 video,inquit,cur
2892 500 3146 557 Basilius
3175 500 3352 556 etiam
3383 504 3518 574 post
3536 505 3660 559 tur-

226 610 333 649 non
350 591 505 663 quod
527 590 864 645 monachus
879 590 984 645 hoc
998 590 1258 657 dixisset,
1276 591 1372 646 sed
1395 592 1547 663 quod
1566 592 1888 663 germanis-

227 685 405 738 simos
424 696 569 736 suos
595 679 833 742 fratres,
854 695 993 734 suos
1010 683 1066 734 et
1087 679 1304 734 amicos
1328 680 1626 734 auditores
1656 679 1892 735 habuis-

232 778 320 827 set
349 788 413 825 ac
444 767 906 840 discipulos.His
929 769 1276 840 respondere
1295 769 1732 840 dedignatur,et
1755 786 1888 824 cum

230 858 506 932 Gregorio
537 856 1054 929 expostulat,quod
1077 858 1148 912 ad
1173 874 1235 913 se
1253 873 1366 912 non
1398 858 1629 925 veniat;
1664 858 1888 913 aditum

230 950 390 1004 enim
452 964 564 1002 non
608 945 915 1001 habituras
962 945 1310 1014 calumnias,
1364 947 1414 1002 si
1445 963 1718 1018 magnam
1751 947 1890 1002 anni

228 1043 457 1109 partem
492 1033 671 1091 simul
720 1036 1112 1090 traducerent.
1135 1035 1361 1100 Quanto
1390 1034 1449 1090 in
1489 1036 1709 1091 honore
1737 1040 1892 1092 esset

230 1127 384 1198 apud
421 1124 701 1180 Basilium
734 1123 1052 1194 Gregorius
1083 1139 1152 1179 ex
1180 1125 1289 1180 hac
1312 1124 1732 1195 perhonoriﬁca
1753 1141 1889 1180 eum

232 1213 517 1269 invitandi
574 1213 800 1268 ratione
848 1212 1069 1285 liquet:
1111 1236 1132 1262 ι
1167 1213 1227 1268 Si
1259 1213 1415 1268 enim
1445 1219 1674 1268 tantum
1706 1230 1890 1285 appa-

231 1319 381 1372 reas,
431 1302 647 1372 inquit,
699 1301 1034 1374 supprimes
1085 1300 1274 1372 ipsius
1315 1302 1624 1373 impetum.
1673 1317 1893 1373 eosque

231 1393 333 1463 qui
368 1392 437 1446 ad
472 1390 669 1463 patria:
701 1407 792 1445 res
817 1391 1160 1446 evertendas
1191 1391 1532 1462 conspirant
1550 1390 1888 1463 dissipabis,

235 1480 336 1535 ubi
368 1480 515 1551 ipsis
562 1485 764 1534 notum
816 1479 990 1534 fuerit
1037 1483 1096 1534 te
1138 1479 1237 1535 Dei
1269 1479 1458 1550 gratia
1490 1480 1673 1535 nostri
1706 1486 1892 1536 cretus

232 1569 445 1623 ducem
481 1585 625 1638 esse,
660 1591 682 1620 ι
715 1573 824 1623 etc.

229 1675 397 1730 CXII.
433 1675 721 1746 Gregorius
750 1674 959 1730 Basilio
987 1674 1181 1730 scribit
1208 1690 1331 1730 eum
1381 1676 1660 1732 immerito
1690 1677 1893 1732 litteris

835 1747 952 1802 suis
988 1746 1282 1817 offensum.

2004 592 2106 645 bas
2156 592 2524 647 Sasimenses
2585 589 2736 646 hanc
2794 590 3064 645 amicitiae
3101 606 3403 661 nunquam
3432 590 3657 647 violata

2002 678 2235 735 laudem
2270 679 2381 735 sibi
2417 679 2711 735 vindicare
2743 695 2856 734 non
2888 679 3310 748 potuerit.cum
3336 680 3660 751 praisertim

2000 767 2317 840 Gregorius
2347 768 2615 840 pluribus
2641 767 2784 823 locis
2824 769 2984 824 dicat
3021 768 3339 824 amicitiam
3372 768 3481 824 hac
3512 769 3569 822 in
3603 761 3668 825 re.

2000 856 2282 911 Basiliam
2317 857 2552 929 spiritui
2586 856 3022 928 posthabuisse.
3055 879 3084 906 »
3110 857 3203 913 Sic
3225 857 3284 912 in
3309 857 3571 914 oratione
3595 858 3666 914 De

2001 945 2266 1001 laudibus
2315 947 2520 1002 Basilii
2568 946 2818 1018 loquens
2865 947 2938 1001 de
2980 945 3171 1002 turbis
3200 947 3666 1015 Sasimensibus,

2001 1050 2150 1105 quas
2179 1033 2439 1088 nondum
2496 1045 2726 1106 pectore
2772 1038 3146 1089 excusserat:
3186 1056 3207 1081 ι
3261 1033 3384 1090 Nisi
3416 1033 3546 1104 quis
3576 1038 3669 1089 ta-

2002 1137 2159 1192 men,
2195 1121 2385 1193 inquit
2416 1122 2505 1193 (f),
2538 1121 2646 1177 hoc
2679 1139 2712 1176 a
2743 1138 2836 1177 me
2885 1139 2988 1194 pro
3027 1121 3187 1177 illius
3219 1121 3487 1194 apologis
3515 1121 3668 1178 acci-

2004 1210 2308 1283 piat,quod
2333 1211 2883 1282 sublimiora,quam
2906 1227 3008 1282 pro
3030 1210 3288 1266 hominis
3308 1211 3664 1281 conditione,

2004 1299 2472 1371 sentiens,atque
2501 1299 2639 1354 hinc
2664 1299 2827 1372 prius
2857 1300 3031 1355 etiam
3067 1316 3244 1372 quam
3279 1300 3395 1355 vita
3422 1301 3665 1356 excede-

2003 1395 2111 1458 ret,
2143 1391 2466 1464 digressus,
2500 1391 2700 1446 omnia
2729 1392 2799 1445 ad
2825 1390 3108 1462 Spiritum
3143 1392 3430 1447 referebat
3455 1409 3468 1458 ;
3492 1397 3667 1462 atque

2003 1478 2273 1535 amicitia
2324 1479 2537 1543 ofﬁcia,
2591 1495 2720 1550 quae
2772 1477 2991 1550 alioqui
3041 1485 3240 1536 sancte
3289 1478 3536 1546 colebat,
3571 1479 3667 1534 hic

2005 1566 2196 1623 solum
2213 1568 2658 1639 aspernabatur,
2674 1566 2773 1622 ubi
2787 1567 2970 1623 Deum
2990 1568 3265 1640 anteponi
3281 1569 3602 1640 oportebat.
3639 1589 3667 1617 »

2002 1656 2064 1712 In
2097 1655 2282 1712 altera
2311 1656 2571 1712 oratione
2593 1672 2788 1712 coram
2818 1655 3034 1712 Basilio
3061 1678 3125 1713 ια
3154 1655 3669 1727 Quandoquidem,

2000 1745 2193 1817 inquit
2224 1745 2540 1817 Gregorius
2573 1746 2674 1818 (g),
2720 1750 2785 1800 ut
2836 1762 2942 1801 nos
2975 1744 3160 1816 pluris
3190 1746 3457 1813 fortasse,
3493 1762 3670 1817 quam

298 1834 512 1891 Basilio
543 1835 848 1907 rescripsit
879 1835 1215 1908 Gregorius,
1247 1834 1443 1908 ipsum
1476 1837 1773 1893 immerito
1804 1838 1890 1894 of-
1922 1871 1970 1936 B
2005 1837 2152 1892 alios
2181 1853 2384 1894 omnes
2404 1837 2608 1904 ducis;
2634 1837 2714 1892 ita
2737 1853 2975 1893 rursum
2999 1836 3284 1909 Spiritum
3311 1837 3479 1892 nobis
3501 1835 3674 1908 longe

229 1924 463 1980 fensum
498 1926 678 1980 fuisse
709 1924 918 1980 litteris
948 1925 1094 1994 suis,
1145 1942 1262 1980 non
1308 1925 1461 1981 malo
1513 1930 1571 1981 et
1619 1927 1890 1996 subdolo,

227 2015 328 2068 sed
363 2013 620 2086 simplici
655 2013 872 2081 animo,
903 2019 960 2070 et
988 2029 1056 2069 ea
1087 2030 1203 2085 qua
1233 2013 1459 2070 solebat
1487 2016 1893 2073 benevolentia

227 2101 508 2173 scriptis;
542 2117 794 2174 eumque
823 2102 1134 2158 admonuit
1154 2104 1341 2158 satius
1366 2103 1547 2160 fuisse
1569 2104 1893 2160 incommo-

230 2191 321 2245 dis
357 2191 712 2246 medicinam
747 2193 970 2259 aﬂ‘erre,
1005 2208 1181 2263 quam
1213 2192 1525 2248 consilium
1557 2195 1720 2248 danti
1755 2210 1895 2250 suc-

232 2296 490 2335 censere.
519 2281 800 2336 Caeterum
830 2297 892 2337 se
923 2285 1231 2337 venturum
1254 2281 1561 2352 promittit,
1594 2288 1652 2338 et
1682 2283 1897 2339 Basilio

231 2369 382 2424 duce
413 2368 663 2425 libenter
691 2369 1109 2426 dimicaturum
1135 2386 1148 2426 :
1174 2393 1202 2421 α
1226 2371 1366 2437 Quis
1388 2371 1768 2443 enim,inquit
1796 2372 1899 2456 (a),

229 2457 532 2531 langueat,
595 2459 712 2515 imo
769 2459 904 2531 quis
950 2476 1062 2515 non
1125 2475 1339 2532 magno
1371 2465 1429 2515 et
1463 2461 1666 2516 ﬁdenti
1699 2462 1898 2516 animo

229 2547 474 2601 futurus
506 2547 602 2613 sit,
637 2552 690 2603 te
723 2547 871 2605 duce
900 2565 966 2604 ac
997 2547 1153 2604 socio
1184 2549 1256 2604 de
1287 2549 1531 2605 veritate
1561 2549 1898 2621 disputans,

231 2644 407 2710 atque
439 2639 799 2694 contendens
819 2639 847 2695 ?
877 2661 906 2688 »

305 2745 506 2801 CXIII.
542 2746 674 2814 Quis
706 2744 807 2801 ille
836 2746 907 2800 sit
938 2747 1128 2810 hostis,
1158 2755 1352 2802 contra
1381 2763 1543 2818 quem
1582 2755 1740 2818 rogat
1769 2747 1898 2804 Gre—

389 2819 612 2887 gorium
643 2818 881 2872 Basilius
911 2821 969 2872 ut
997 2820 1181 2873 veniat
1209 2819 1495 2873 auxilium
1525 2819 1760 2874 laturus.

309 2905 619 2961 Existimat
650 2906 738 2959 vir
766 2906 1135 2961 clarissimus
1161 2906 1778 2978 Tillemontius,quem
1814 2925 1906 2964 se-

245 2995 447 3065 quitur
469 3000 666 3049 noster
697 2994 1047 3050 Prudentius
1063 2999 1334 3051 Maranus
1355 2995 1448 3067 (b),
1476 2997 1906 3054 contentionem

242 3084 583 3155 Gregorium
619 3083 770 3138 inter
797 3089 854 3138 et
879 3084 1232 3139 monachum
1265 3084 1480 3140 basilio
1510 3086 1732 3142 crimen
1775 3103 1907 3158 pro-

2006 1926 2339 1999 anteponis.
2381 1926 2504 1982 Non
2550 1943 2763 1998 passus
2793 1943 2856 1981 es
2890 1925 3180 1981 talentum
3214 1927 3269 1981 in
3302 1931 3458 1982 terra
3489 1926 3676 1981 defos-

2003 2032 2136 2072 sum
2168 2021 2347 2087 atque
2376 2016 2658 2071 obrutum
2691 2015 2891 2083 latere,
2929 2037 2955 2064 ››
2981 2021 3090 2071 etc.
3121 2015 3319 2070 Potuit
3348 2031 3485 2088 ergo
3518 2014 3674 2073 Basi-

2006 2104 2142 2169 lius,
2176 2105 2352 2159 etiam
2387 2110 2516 2177 post
2543 2105 2912 2160 Sasimenses
2942 2104 3168 2173 turbas,
3222 2105 3414 2160 dicere
3457 2121 3518 2160 se
3549 2103 3674 2159 nul-

2005 2193 2121 2249 lius
2152 2194 2264 2249 sibi
2298 2195 2356 2248 in
2389 2194 2752 2263 Gregorium,
2779 2216 2806 2242 ‹‹
2839 2211 3027 2265 neque
3059 2194 3441 2265 parvi,neque
3472 2209 3674 2265 magni

2009 2282 2203 2338 delicti
2263 2299 2393 2338 esse
2442 2284 2758 2339 conscium.
2817 2306 2838 2331 ι
2902 2284 2972 2338 Et
3013 2289 3168 2338 certe
3197 2282 3254 2337 id
3287 2284 3478 2339 dicere
3507 2282 3678 2338 licuit

2010 2371 2285 2442 Gregorio
2316 2371 2411 2427 cui
2442 2371 2740 2428 acerbiora
2769 2371 2829 2426 in
2862 2371 3146 2427 Basilium
3177 2372 3352 2428 verba
3373 2372 3673 2428 excidere:

2011 2465 2230 2532 quanto
2263 2461 2448 2530 magis
2482 2460 2696 2515 Basilio
2718 2459 2746 2515 ?

2379 2548 2564 2604 CXIV.
2596 2549 2696 2603 Ille
2726 2548 2919 2613 hostis,
2951 2564 3058 2604 non
3094 2550 3304 2604 Valens.

2083 2643 2249 2694 Nunc
2277 2655 2410 2694 vero
2459 2638 2930 2709 expendendum,
2983 2654 3057 2693 an
3105 2638 3290 2692 hostis
3322 2637 3422 2708 qui
3457 2635 3678 2692 bellum

2015 2727 2300 2783 inferebat
2359 2725 2596 2788 Basilio.
2651 2726 2702 2782 is
2743 2725 2956 2781 Valens
3017 2726 3336 2797 imperator
3378 2730 3573 2792 esset;
3607 2742 3679 2780 an

2017 2823 2334 2877 certamen.
2364 2817 2435 2881 ad
2468 2815 2621 2887 quod
2659 2813 2911 2870 Basilius
2943 2815 3286 2886 Gregorium
3321 2817 3680 2879 accersebat,

2016 2913 2081 2962 ut
2142 2923 2260 2960 una
2317 2921 2516 2960 secum
2577 2909 2885 2976 pugnaret,
2946 2903 3092 2958 illud
3138 2905 3314 2959 fuerit
3363 2909 3678 2971 certamen,

2020 2995 2173 3068 quod
2237 2993 2548 3049 imminere
2604 2992 2715 3048 sibi
2766 3010 2833 3048 ex
2862 2993 3184 3048 adventuro
3215 2998 3533 3048 Caesaream
3569 2991 3680 3047 Va-

2019 3085 2175 3139 lente
2205 3082 2620 3139 arbitrabatur.
2673 3082 2733 3136 Id
2785 3083 3021 3153 quidem
3066 3082 3270 3137 volunt
3299 3081 3681 3137 doctissimus

253 3172 661 3227 ditaveritatis
685 3173 1376 3245 inferentem,contigisse
1397 3191 1550 3228 anno
1571 3175 1671 3230 371
1696 3193 1709 3230 :
1739 3192 1908 3231 suam
1955 3243 1966 3245 _
2018 3172 2430 3228 Tillemontius
2477 3176 2536 3227 et
2580 3177 2779 3227 noster
2803 3173 3176 3236 Prudentius,
3211 3189 3380 3243 quos,
3412 3172 3485 3226 ob
3517 3186 3681 3242 egre-

245 3262 520 3315 viridocti
540 3261 872 3332 opinionem
897 3243 1252 3317 conﬁrmant
1284 3261 1376 3317 his
1403 3262 1601 3318 Basilii
1626 3265 1816 3320 verbis
1839 3267 1909 3334 (ε)
1939 3243 1983 3309 (ἶ
2023 3261 2150 3333 gias
2181 3261 2422 3316 virlutes
2453 3265 2511 3315 et
2541 3260 2844 3316 scientiam
2895 3260 3277 3332 singularem,
3312 3259 3685 3316 observantia

242 3351 462 3422 quibus
493 3350 837 3422 Gregorium
873 3356 1037 3422 rogat
1071 3356 1133 3406 ut
1163 3351 1353 3406 veniat
1376 3351 1658 3407 auxilium
1683 3352 1912 3408 laturus

245 3447 456 3495 contra
489 3440 719 3494 hostem
766 3439 866 3511 qui
917 3439 1137 3495 bellum
1190 3438 1517 3496 inferebat:
1552 3463 1580 3490 ‹‹
1618 3443 1746 3513 Ipse
1778 3458 1913 3497 vero

248 3531 474 3584 exorari
508 3535 564 3584 te
597 3529 744 3596 sine,
783 3535 847 3585 ut
880 3530 1186 3586 nobiscum
1220 3531 1290 3585 ad
1325 3531 1691 3603 propositum
1725 3539 1913 3588 certa-

254 3635 386 3673 men
418 3618 728 3683 allabores,
760 3636 825 3675 ac
849 3618 1151 3675 nobiscum
1184 3637 1424 3676 occuras
1456 3621 1528 3689 ei,
1562 3621 1662 3693 qui
1695 3621 1913 3677 bellum

257 3707 641 3762 nobisinfert.
695 3707 753 3763 Si
795 3707 950 3762 enim
980 3711 1209 3763 tantum
1242 3726 1546 3781 appareas,
1581 3711 1917 3781 supprimes

255 3796 446 3863 ipsius
477 3796 820 3866 impetum,»
854 3796 1217 3853 etc.llostem
1251 3797 1408 3852 hunc
1438 3815 1551 3852 non
1585 3798 1765 3853 alium
1789 3815 1917 3855 esse

257 3902 434 3956 quam
468 3883 768 3939 Valentem
803 3885 1185 3942 contendunt.
1224 3907 1253 3936 «
1298 3885 1536 3941 Nullum
1570 3887 1726 3942 enim
1759 3888 1917 3943 aliud

258 3979 495 4045 tempus
527 3974 796 4039 occurrit,
839 3973 1032 4045 inquit
1082 3982 1280 4030 noster
1314 3975 1686 4040 Prudentius,
1715 3977 1772 4031 in
1806 3995 1920 4049 quo

264 4062 580 4117 instantem
606 4063 832 4118 hostem
851 4065 1272 4134 exspectaverit
1297 4063 1629 4132 Basilius,et
1649 4066 1921 4122 exsilium

264 4156 367 4206 aut
398 4150 617 4222 aliquid
652 4153 889 4225 gravius
917 4169 986 4207 ex
1018 4152 1213 4224 praelio
1245 4155 1924 4227 speraverit.Appropin-

263 4246 543 4314 quantum
575 4240 836 4297 Valentis
869 4243 1185 4298 adventum
1209 4243 1478 4315 designat
1508 4243 1824 4316 Gregorius
1847 4244 1924 4316 (d)

261 4348 400 4386 cum
433 4331 515 4385 ait
547 4330 603 4385 in
656 4331 938 4397 convivio,

269 4512 444 4572 terea,
479 4508 530 4562 si
554 4510 681 4579 jam
715 4508 966 4565 Basilius
997 4526 1129 4565 cum
1161 4509 1404 4565 Valente
1437 4515 1925 4582 pugnasset,num

2022 3368 2198 3424 quam
2234 3353 2492 3406 maxima
2521 3351 2791 3407 colimus.
2826 3351 2929 3407 Hic
2961 3357 3156 3407 tamen
3189 3352 3262 3407 ab
3294 3369 3498 3407 eorum
3558 3351 3685 3423 ορί-

2024 3444 2196 3500 nione
2226 3444 2626 3510 discedimus;
2659 3460 2847 3514 neque
2878 3443 3032 3498 enim
3079 3444 3342 3515 Gregorii
3373 3449 3430 3499 et
3487 3441 3686 3499 Basilii

2023 3535 2200 3590 verba
2229 3533 2300 3588 de
2335 3532 2570 3588 Valente
2601 3533 2811 3588 debere
2857 3531 3107 3604 intelligi
3165 3533 3335 3587 nobis
3392 3533 3686 3588 videntur.

2026 3623 2279 3679 Basilius
2311 3623 2380 3678 ad
2415 3627 2708 3678 certamen
2743 3626 2944 3676 contra
2974 3620 3206 3675 hostem
3239 3621 3530 3676 advocans
3556 3619 3693 3676 Gre-

2026 3712 2282 3784 gorium,
2325 3710 2417 3766 his
2449 3727 2580 3765 eum
2615 3710 2808 3764 verbis
2838 3709 3171 3780 compellat.
3218 3732 3246 3758 ‹‹
3279 3709 3338 3764 Si
3371 3709 3528 3763 enim
3559 3714 3687 3763 tan-

2026 3805 2152 3855 tum
2188 3815 2491 3871 appareas,
2524 3797 2712 3870 ipsius
2761 3797 3094 3868 supprimes
3125 3797 3436 3869 impetum,
3469 3812 3687 3868 eosque

2030 3889 2126 3959 qui
2159 3890 2233 3943 ad
2270 3887 2467 3960 patria:
2501 3904 2591 3942 res
2622 3888 2963 3943 evertendas
2981 3885 3687 3959 conspirant,dissipabis,

2032 3977 2129 4033 ubi
2161 3976 2307 4048 ipsis
2339 3981 2540 4031 notum
2603 3975 2779 4030 fuerit
2826 3981 2882 4030 te
2927 3977 3020 4030 Dei
3073 3978 3260 4047 gratia
3292 3976 3472 4030 nostri
3506 3980 3690 4029 enatus

2033 4067 2240 4121 ducem
2271 4081 2420 4120 esse.
2459 4087 2486 4114 »
2523 4066 2697 4131 Itane,
2731 4065 2959 4129 amabo,
3011 4065 3288 4129 scribere,
3347 4070 3405 4119 et
3459 4063 3579 4118 haec
3620 4065 3691 4118 de

2033 4155 2295 4210 Valentis
2325 4155 2547 4225 impetu
2579 4154 2771 4208 dicere
2816 4152 2982 4208 licuit
3012 4153 3224 4208 Basilio
3245 4153 3272 4208 ?
3303 4156 3386 4208 An
3418 4170 3550 4208 vero
3582 4153 3690 4208 Ba-

2036 4243 2205 4299 silius
2237 4258 2497 4314 unquam
2530 4241 2886 4296 existimavit
2915 4241 3282 4313 Gregorium,
3313 4241 3400 4296 vel
3440 4241 3693 4312 impera-

993 4355 1014 4380 α
1053 4332 1260 4404 ingens
1288 4332 1444 4387 circa
1484 4331 1766 4387 Basilium
1799 4349 1928 4388 esse
2036 4332 2166 4398 tori,
2226 4331 2312 4387 vel
2361 4332 2650 4403 praat'ecto,
2701 4330 2787 4384 vel
2835 4347 3157 4401 coquorum
3191 4331 3494 4402 magistro,
3553 4329 3696 4385 adeo

265 4419 730 4484 bellum,vicinis
762 4421 1035 4476 omnibus
1059 4422 1243 4493 captis
1265 4425 1322 4476 et
1339 4421 1694 4493 subjugatis.
1714 4444 1741 4469 ››
1775 4422 1927 4476 Prse-

2039 4427 2141 4476 aut
2169 4420 2492 4475 terribilem
2520 4426 2622 4474 aut
2653 4426 2952 4491 acceptum
2989 4425 3210 4483 esse,ut
3240 4421 3325 4475 vel
3355 4419 3702 4475 auctoritate

2039 4512 2125 4564 vel
2159 4510 2367 4581 gratia,
2399 4508 2518 4564 imo
2565 4508 2687 4563 sola
2735 4507 2826 4563 sui
2876 4509 3205 4580 praesentia,
3237 4515 3290 4565 et
3323 4525 3454 4564 cum
3487 4507 3703 4563 Basilio

272 4597 513 4668 ignaviae
568 4598 788 4654 crimen
841 4599 1017 4655 futuri
1081 4598 1260 4670 praelii
1296 4599 1684 4670 promissione
1716 4600 1933 4656 refelle-
1963 4609 2010 4673 D
2042 4597 2340 4665 societate,
2372 4603 2570 4652 tantos
2619 4598 2928 4652 confestim
2980 4598 3238 4670 impetus
3284 4598 3603 4660 retardare,
3634 4611 3706 4651 ne

273 4692 360 4740 ret
391 4686 462 4757 (ε)
485 4686 514 4740 ‘I
546 4686 770 4750 Quibus
800 4691 957 4744 enim
989 4687 1150 4743 illius
1193 4689 1364 4743 ﬁdem
1401 4689 1691 4759 prmterita
1749 4694 1932 4745 certa-

275 4775 438 4829 mina
455 4793 566 4830 non
584 4777 1011 4848 approbassent
1068 4777 1250 4833 multo
1273 4777 1471 4831 minus
1494 4777 1754 4832 nondum
1779 4795 1938 4835 com-

277 4865 466 4918 missa
498 4867 1110 4936 spprobarent.Aliam
1133 4867 1416 4922 rationem
1437 4866 1602 4921 addit
1619 4865 1939 4926 Tillemon-

2047 4687 2235 4743 dicam
2270 4709 2298 4736 ‹‹
2331 4685 2619 4758 dissipare
2652 4706 2680 4734 »
2704 4685 2937 4757 penitus
2965 4686 3208 4757 posset?
3237 4686 3386 4750 Quin
3411 4686 3505 4740 his
3527 4689 3710 4740 certa-

2050 4775 2308 4830 minibus
2340 4790 2473 4829 cum
2526 4773 2814 4844 praefectis
2869 4775 2941 4829 ab
2983 4776 3333 4846 imperatore
3365 4771 3708 4844 praemissis,

2051 4870 2107 4920 et
2136 4879 2268 4918 cum
2303 4863 2430 4934 ipso
2447 4861 2690 4917 Valente
2720 4862 2905 4916 adfuit
2934 4863 3284 4934 Gregorius:
3348 4861 3487 4933 quid
3542 4875 3713 4931 porro

278 4953 422 5017 tius,
457 4953 683 5010 scilicet
733 4955 1016 5011 Basilium
1080 4959 1212 5028 post
1242 4956 1610 5014 Sasimenses
1643 4955 1944 5011 molestias
2053 4952 2169 5008 tale
2198 4951 2486 5024 praestitit,
2520 4950 2692 5022 quale
2725 4951 3121 5022 praestiturum
3154 4949 3397 5006 conﬁdit
3421 4947 3718 5004 Basilius?

279 5041 475 5098 dicere
515 5060 628 5098 non
664 5045 922 5115 potuisse
950 5062 964 5101 :
998 5062 1061 5100 se
1094 5044 1315 5104 nullius
1347 5043 1457 5098 sibi
1489 5043 1546 5098 in
1574 5044 1943 5115 Gregorium,

288 5153 314 5179 ιι
342 5147 535 5201 neque
568 5132 948 5209 parvi,neque
981 5133 1177 5206 magni
1216 5131 1409 5188 delicti
1435 5150 1562 5188 esse
1585 5134 1944 5189 conscium.»

284 5218 504 5274 Verum
568 5221 716 5277 hanc
779 5223 1061 5279 rationem
1122 5223 1246 5295 ipse
1307 5227 1505 5277 noster
1573 5222 1948 5290 Prudentius,

288 5308 558 5382 quamvis
617 5311 771 5367 idem
828 5313 1044 5368 sentiat
1101 5327 1168 5366 ac
1224 5309 1656 5378 Tillemontius,
1691 5311 1948 5367 refellit:

359 5486 442 5559 (a)
472 5488 655 5558 Epist.
689 5489 768 5545 al.
807 5492 899 5546 27.

361 5559 442 5636 (_b_)
475 5561 594 5636 Vita
627 5563 824 5636 Basil.,
859 5580 912 5636 p.
947 5563 1039 5636 96.

365 5629 438 5773 β
473 5631 600 5714 Bas.
628 5650 722 5705 ep.
752 5629 933 5705 7t,'p.
967 5634 1092 5690 164.

433 5702 451 5773 )
488 5703 610 5759 Vita
637 5706 766 5762 Bas.
798 5722 858 5773 p.
887 5706 980 5761 96.

433 5702 451 5774 )
488 5703 610 5759 Vita
637 5702 766 5762 Bas.
798 5722 858 5777 p.
878 5702 980 5761 ⁷96.

2056 5059 2217 5116 CXV.
2282 5058 2602 5114 Eustathius
2652 5057 2968 5113 Sebaslenus
3012 5058 3403 5128 intelligendus
3448 5064 3526 5112 est
3573 5056 3723 5111 Basi-

2699 5130 2772 5184 lio
2808 5132 3072 5199 infensus.

2133 5224 2256 5275 Non
2307 5235 2442 5290 ergo
2491 5219 2562 5273 de
2613 5217 2855 5273 Valente
2909 5218 3290 5290 intelligenda
3337 5223 3480 5272 sunt
3522 5214 3723 5271 Basilii

2067 5312 2263 5374 verba,
2296 5308 2394 5364 sed
2429 5308 2500 5363 de
2533 5308 2661 5378 ejus
2694 5307 3082 5379 suifraganeis
3125 5307 3373 5378 aliisque
3412 5305 3726 5377 episCOpis.

2163 5489 2213 5560 θ)
2245 5487 2435 5560 Episl:
2454 5484 2530 5540 ³1⁸

2164 5557 2212 5633 Γ)
2244 5557 2341 5633 ρι’·
2374 5558 2463 5633 ’43..
2497 5573 2554 5611 ηε
2576 5557 2667 5633 5.9-

2168 5627 2224 5702 ά)
2253 5631 2351 5687 0r.
2385 5629 2474 5697 10,
2506 5645 2567 5684 n.
2597 5627 2653 5683 3.
