4100 6394
441 379 570 443 90⁸1

1785 361 1977 426 νπΑ
2018 359 2088 423 S.
2133 359 2530 422 GREGORII.

453 507 754 583 imprimis
782 499 1534 572 Enstathi‘Sebasteno,qui
1571 495 1806 554 Sabellii
1835 499 1893 551 et
1923 493 2104 566 Apo‘l-
2137 493 2186 560 Α
2215 491 2520 583 CX‘Y‘iirln
2551 491 2778 583 epistola
2825 491 2909 583 26‘
2941 489 3190 583 Gregorii
3243 487 3305 558 ﬁt
3351 490 3559 583 meatio
3599 492 3882 576 orationi:

450 599 658 657 linaris
688 612 915 654 errores
940 592 1154 649 Basilio
1177 591 1511 662 effingebat.
1547 589 1827 644 Praeterea
1857 585 1929 640 ob
1963 600 2115 656 eam,

449 706 569 763 qua
597 688 668 742 de
689 684 911 758 Spiritu
944 686 1146 739 sancto
1177 681 1352 736 verba
1383 678 1600 734 faciens
1642 677 1917 763 utebatur
1946 671 2115 728 Basi-

449 762 587 840 lius.
619 772 1028 838 oeconomiam,
1059 769 1159 825 alii
1199 766 1559 834 timiditatis,
1593 764 1692 821 alii
1731 762 1972 836 proditas
2013 764 2116 816 aut

450 866 627 924 etiam
666 863 957 920 innovatae
1001 859 1132 915 fidei
1169 863 1364 913 notam
1406 855 1760 920 inurebant;
1793 867 1972 924 quam
2007 850 2112 905 ad-

449 961 625 1012 ventu
657 970 765 1010 suo
811 947 1130 1020 Gregorius
1177 953 1234 1003 et
1282 944 1698 1003 communione
1730 957 1864 998 cum
1898 938 2112 996 Basilio

450 1046 783 1116 abstergere
832 1040 1065 1114 penitus
1095 1042 1152 1093 et
1181 1036 1375 1092 eluere
1403 1039 1649 1107 poterat,
1685 1033 1904 1104 quippe
1935 1045 2111 1101 quem

451 1131 772 1191 divinitatis
801 1129 1056 1203 Spiritus
1088 1125 1270 1183 sancti
1297 1124 1664 1180 liberrimum
1700 1126 1757 1177 et
1800 1137 1914 1191 pra:
1947 1123 2111 1173 caete-

451 1224 534 1280 ris
565 1237 767 1279 omnes
799 1220 1292 1292 pr0pugnatorem
1337 1214 1753 1285 agnoscebant.
1803 1209 2113 1280 PrOpterea

456 1311 705 1368 Basilius
736 1307 1081 1380 Gregorium
1132 1305 1399 1368 advocat,
1434 1303 1524 1358 his
1554 1299 1782 1356 verbis:
1817 1298 1932 1354 «Si
1981 1302 2111 1352 tan-

479 1417 576 1457 um
608 1413 916 1473 apparens,
947 1395 1134 1468 ipsius
1165 1392 1501 1466 supprimes
1529 1391 1837 1462 impetum,
1897 1400 2112 1457 eosque

458 1489 550 1562 qui
601 1489 671 1544 ad
722 1505 813 1543 res
862 1484 1065 1559 patriae
1094 1482 1435 1539 evertendas
1465 1479 1828 1552 conspirant,
1859 1476 2111 1547 dissipa-

453 1578 566 1643 bis,
601 1598 630 1626 »
662 1582 772 1632 etc.

523 1665 640 1722 Nec
670 1681 802 1720 vero
833 1679 901 1720 ex
932 1661 1312 1733 sequentibus
1350 1659 1592 1732 colligas
1642 1656 1906 1713 Valentis
1937 1677 1966 1706 «
1999 1654 2109 1709 im-

454 1761 653 1830 petum
701 1777 728 1803 »
777 1753 1118 1826 significari.
1181 1754 1524 1822 Exspectare
1556 1763 1810 1819 namque
1861 1743 2111 1800 Basilius

448 1845 624 1902 etiam
685 1849 808 1898 tum
841 1841 1050 1914 potuit,
1093 1845 1157 1894 ut
1190 1840 1262 1894 ab
1293 1837 1539 1894 ecclesia
1571 1835 1941 1909 paternisque
1971 1832 2108 1888 aedi-

450 1935 560 1989 bus
591 1932 918 2003 ejiceretur,
952 1945 1065 1984 non
1099 1934 1331 1983 tantum
1383 1929 1454 1983 ab
1492 1925 1746 1994 Arianis,
1783 1923 1881 1995 qui
1915 1922 1972 1976 id
2003 1937 2105 1976 an-

447 2039 523 2078 no
553 2023 678 2086 372,
730 2019 1062 2090 iterumque
1108 2032 1262 2072 anno
1310 2016 1418 2071 376
1460 2018 1801 2080 tentarunt;
1843 2025 2043 2067 verum
2075 2027 2110 2065 a

445 2108 760 2166 Catholicis
813 2107 990 2164 etiam
1042 2105 1334 2178 pluribus,
1387 2103 1490 2176 qui
1545 2108 1602 2159 et
1646 2102 1757 2176 ipsi
1809 2115 1956 2156 caeco
1986 2098 2108 2155 zelo

449 2198 675 2271 abrepti
743 2196 959 2252 Basilio
1021 2195 1503 2251 adversabantur.
1566 2192 1844 2246 Praeterea
1899 2189 2108 2243 Eusta-

447 2289 611 2344 thius
643 2287 1017 2350 Sebastenus,
1051 2283 1226 2340 homo
1260 2280 1605 2355 versipellis,
1658 2280 1758 2352 qui
1791 2295 1925 2334 cum
1952 2276 2108 2332 Aria-

449 2377 543 2434 nis
571 2381 698 2434 erat
729 2380 855 2431 tum
877 2373 1289 2431 communione
1319 2378 1376 2428 et
1403 2373 1462 2426 in
1495 2369 1779 2425 Basilium
1812 2367 1944 2423 odio
1977 2381 2110 2421 con-

441 2461 1375 2539 junctissimus,Eustathianique
1406 2459 1646 2516 famosis
1681 2456 1893 2513 llbellis
1923 2459 2106 2510 Caesa-

449 2555 700 2611 riensem
750 2554 1092 2626 episcopum
1144 2551 1515 2618 lacerabant;
1563 2549 1706 2605 adeo
1745 2551 1874 2602 uta
1902 2543 2107 2601 multis

445 2645 602 2702 male
631 2645 879 2711 audiret,
927 2641 1105 2699 etiam
1153 2639 1513 2708 orthodoxis,
1537 2642 1712 2711 atque
1742 2637 1870 2708 ejus
1901 2635 1961 2689 in
1995 2633 2107 2689 ﬁde

446 2734 628 2790 dubia
657 2737 812 2790 esset
843 2731 1177 2804 integritas.

497 2982 678 3039 CXVl.
711 2983 1044 3054 EpiscOpum
1075 2987 1208 3036 tunc
1235 2981 1407 3049 fuisse
1437 2978 1771 3050 Gregorium
1799 2980 2046 3033 constat.

515 3163 664 3228 Quin
695 3163 871 3219 etiam
902 3159 1245 3231 Gregorium
1287 3163 1556 3213 nostrum
1589 3160 1730 3211 tunc
1760 3154 2100 3226 episcopum

2295 565 2496 693 ἓξὲξ),
2537 563 2742 620 evastat
2786 571 2909 635 post
2953 564 3262 618 oralionem
3308 563 3572 632 scriptam
3614 579 3728 619 esse
3759 567 3881 637 epi-

2296 743 2536 814 Hisjam
2568 743 2639 798 ad
2671 740 2976 798 cumulum
3004 741 3244 797 accedat
3264 741 3442 813 (quod
3466 740 3726 812 opinioni
3754 759 3878 799 suis

2222 832 2660 888 incommodare
2694 849 2807 887 non
2840 830 3174 887 dissimulat
3199 830 3879 902 Tillemontius),oratio-

2223 939 2356 978 nem
2407 921 2679 994 Theologi
2715 921 2974 976 habitam
3021 937 3175 975 anno
3204 920 3328 986 3’72,
3363 925 3746 992 posteaquam
3779 921 3881 977 ab-

2213 1010 2388 1082 jectis
2419 1011 2666 1067 Sasimis
2705 1010 3078 1066 Nazianzenus
3113 1008 3378 1064 Ecclesia:
3408 1009 3874 1065 administratio-

2221 1117 2378 1167 nem,
2399 1102 2648 1172 jubente
2678 1105 2859 1172 patre,
2891 1099 3154 1171 suscepit
3183 1098 3519 1170 Gregorius,
3554 1099 3780 1156 laudari
3815 1099 3877 1155 in

2221 1191 2468 1264 epistola
2521 1192 2613 1258 26,
2671 1191 2742 1246 de
2813 1207 2930 1261 qua
3006 1190 3238 1260 agitur:
3310 1210 3339 1238 α
3398 1188 3724 1260 Simulque.
3785 1191 3878 1245 in-

2220 1281 2347 1353 quit
2391 1281 2492 1351 (b),
2541 1296 2739 1336 vocem
2793 1278 3112 1351 quamdam
3148 1293 3339 1333 meam
3398 1279 3880 1334 commemoravit

2221 1371 2569 1441 (monachus
2597 1369 2698 1442 qui
2727 1369 2785 1424 in
2820 1367 3100 1423 Basilium
3134 1367 3406 1423 atrociter
3446 1367 3876 1440 invehebatur),

2220 1477 2356 1516 cum
2400 1476 2527 1532 ego,
2569 1465 2634 1514 ut
2663 1460 2720 1513 in
2756 1457 3231 1530 frequentissimo
3262 1461 3433 1524 cmtn,
3465 1457 3537 1512 de
3568 1449 3878 1514 divinitate

2220 1551 2398 1608 verba
2431 1550 2649 1604 faciens
2679 1547 3088 1620 pervulgatum
3133 1545 3276 1600 illud
3315 1546 3388 1601 de
3415 1546 3634 1618 Spiritu
3671 1553 3878 1604 sancto

2221 1639 2532 1695 interfatus
2561 1653 2792 1694 essem:
2836 1638 3154 1707 Quousque
3204 1633 3504 1691 lucernam
3551 1637 3877 1692 absconde-

2221 1745 2355 1784 mus
2386 1727 2496 1784 sub
2531 1727 2723 1782 modio
2743 1725 2771 1780 ?
2803 1747 2832 1775 η
2855 1725 2993 1790 Quae
3023 1725 3268 1780 totidem
3299 1725 3494 1780 verbis
3523 1724 3582 1780 in
3611 1726 3878 1782 oratione

2221 1817 2531 1873 habentur.
2584 1817 2663 1871 Ex
2705 1831 2820 1887 quo
2865 1814 3129 1883 sequitur
3185 1814 3308 1869 haec
3365 1814 3685 1885 contigisse
3741 1820 3877 1887 post

2219 1908 2560 1973 orationem,
2612 1922 2741 1978 quas
2792 1903 2993 1959 habita
3027 1910 3116 1959 est
3146 1920 3299 1958 anno
3331 1903 3476 1968 372;
3513 1905 3878 1976 proindeque

2217 1997 2525 2071 epistolam
2571 1996 2642 2050 '26
2691 2011 2804 2051 non
2851 2010 3004 2050 anno
3062 1994 3188 2059 371,
3238 1993 3340 2048 sed
3387 2009 3541 2049 anno
3582 1995 3687 2048 372
3734 1995 3878 2049 scri-

2218 2094 2380 2162 ptam
2411 2103 2560 2151 esse,
2590 2085 2768 2158 idque
2790 2091 2920 2156 post
2949 2083 3558 2155 Septembrem,quem
3593 2084 3650 2138 in
3693 2101 3879 2140 mem-

2219 2196 2342 2236 sem
2375 2177 2582 2233 incidit
2614 2175 2766 2232 beati
2791 2173 3064 2247 martyris
3082 2173 3394 2246 Eupsychii
3424 2174 3542 2228 sive
3565 2173 3873 2242 memoria,

2218 2268 2338 2326 sive
2369 2272 2711 2331 conventus,
2757 2265 2914 2321 unde
2953 2263 3353 2319 calumniandi
3387 2263 3670 2318 Basilium
3704 2280 3876 2322 occa-

2218 2360 2444 2416 sionem
2493 2356 2817 2413 monachus
2865 2355 3211 2426 arripuerat.
3257 2353 3455 2423 Neque
3484 2353 3660 2408 etiam
3698 2353 3878 2410 citius

2217 2449 2326 2506 hoc
2377 2465 2529 2505 anno
2583 2445 2900 2508 Hellenius.
2951 2444 3050 2516 qui
3100 2443 3359 2515 Gregorii
3400 2442 3622 2498 litteras
3654 2442 3874 2500 Basilio

2215 2539 2488 2606 reddidit,
2522 2535 2899 2609 exmquandis
2929 2533 3199 2590 Nazianzi
3229 2525 3470 2589 tributis
3501 2533 3874 2606 praepositus,

2216 2632 2533 2686 Caesaream
2567 2626 2860 2697 profectus
2886 2628 2995 2679 est.

2285 2721 2568 2774 Ceterum
2600 2731 2718 2787 quo
2746 2718 3009 2785 tempore
3040 2711 3357 2784 Gregorius
3386 2727 3505 2768 una
3532 2728 3666 2768 cum
3699 2715 3868 2783 patre

2214 2808 2636 2865 Nazianzenam
2685 2803 3003 2859 Ecclesium
3054 2802 3526 2866 administrabat,
3560 2802 3680 2857 sive
3711 2806 3870 2873 ante,

2214 2900 2332 2956 sive
2347 2903 2477 2970 post
2489 2901 2746 2952 exortam
2761 2911 2891 2950 cum
2910 2893 3196 2950 monacho
3215 2895 3285 2949 de
3301 2893 3515 2950 Basilio
3539 2897 3873 2948 controver-

2211 2990 2708 3052 siam,Ctssaream
2743 3002 2805 3041 se
2851 2983 3122 3049 contulit,
3159 2983 3358 3056 ibique
3390 2981 3660 3038 eximiam
3698 2980 3866 3036 illam

2212 3082 2534 3134 orationem
2567 3077 2636 3147 (c)
2687 3074 2892 3130 habuit
2938 3090 3064 3144 quas
3116 3073 3188 3127 De
3223 3089 3530 3145 pauperum
3563 3087 3747 3126 amore
3778 3070 3874 3125 in-

2213 3167 2506 3224 scribitur.
2541 3165 2752 3221 Eorum
2787 3181 2967 3222 causa
2999 3161 3373 3235 potissimum
3407 3160 3607 3219 habita
3628 3165 3737 3226 est,
3763 3161 3868 3232 qui

446 3253 648 3318 fuisse.
699 3268 768 3306 ex
808 3249 901 3306 his
949 3248 1213 3319 ejusdem
1271 3245 1554 3318 epistola.
1611 3261 1787 3316 quam
1838 3246 1906 3298 ad
1967 3259 2102 3298 eum
2135 3243 2177 3309 C
2215 3256 2272 3312 in
2323 3253 2600 3327 hospitali
2647 3255 2843 3323 domo,
2895 3252 3123 3308 alendis
3173 3251 3530 3325 pauperibus
3583 3268 3615 3308 a
3647 3248 3865 3305 Basilio

448 3341 680 3412 scripsit
713 3339 967 3396 Basilius
998 3339 1096 3409 (a),
1147 3336 1341 3393 verbis
1385 3340 1540 3391 certo
1571 3333 1762 3406 colligi
1798 3349 1969 3406 posse
2001 3349 2102 3388 no-

447 3431 542 3488 bis
598 3429 876 3485 videtur:
919 3425 982 3481 Εἰ
1040 3425 1142 3499 γὰρ
1192 3425 1328 3479 κατὰ
1375 3423 1468 3483 τὰς
1527 3421 1758 3497 ἀρχαίας
1810 3421 2100 3491 συνθήκας,

446 3517 535 3575 καὶ
583 3518 721 3572 κατὰ
766 3516 865 3584 τὴν
918 3513 1282 3592 ὀφειλομινην
1330 3516 1442 3583 νῦν,
1473 3515 1593 3572 ταῖς
1631 3509 1948 3579 ἐκκλησίαις
1977 3509 2103 3581 παρ’

444 3610 606 3680 ἡμῶν
636 3605 975 3678 ἐπιμέλειαν,
1006 3604 1074 3657 τὰ
1103 3601 1290 3658 πολλᾶ
1330 3605 1429 3656 τοῦ
1481 3599 1726 3654 ἐνιαυτοῦ
1779 3600 1891 3672 μετ’
1925 3597 2102 3668 ἀλλή-

446 3697 558 3753 λων
593 3693 878 3772 διήγομεν
912 3719 940 3746 ‹‹
973 3695 1029 3749 Si
1084 3693 1240 3749 enim
1287 3709 1356 3748 ex
1403 3692 1580 3747 veteri
1623 3697 1810 3762 pacto,
1843 3706 1910 3745 ac
1933 3692 2105 3759 juxta

437 3804 569 3844 eam
602 3803 778 3859 quam
811 3801 970 3840 nunc
1000 3784 1284 3839 debemus
1315 3780 1599 3843 ecclesiis.
1623 3796 1822 3836 curam
1857 3784 1914 3834 et
1943 3779 2102 3834 solli-

437 3873 1008 3947 citudinem,szepius
1040 3889 1144 3945 per
1172 3887 1393 3927 annum
1426 3871 1957 3926 convenissemus.»
1987 3873 2099 3924 etc.

432 3966 564 4020 Haec
595 3971 750 4021 certe
784 3964 962 4019 verba
993 3962 1334 4033 Gregorium
1369 3977 1483 4014 non
1513 3977 1682 4015 secus
1706 3975 1769 4014 ac
1819 3957 2100 4014 Basiliam

430 4054 616 4109 fuisse
674 4053 1016 4124 episcopum
1067 4051 1374 4112 denotant.
1423 4065 1751 4118 novamque
1801 4064 1866 4102 ac
1900 4063 2098 4118 parem

426 4144 549 4213 jam
585 4159 742 4196 nunc
771 4140 1215 4197 incumbentem
1249 4138 1538 4192 ambobus
1581 4136 1962 4191 Ecclesiarum
1997 4153 2097 4190 cu-

430 4248 580 4287 ram.
614 4231 778 4286 Unde
834 4228 1124 4300 sequitur,
1175 4224 1242 4278 τὰ
1300 4221 1488 4278 πολλὰ
1543 4227 1643 4278 τοῦ
1693 4222 1939 4278 ἐνιαυτοῦ
1988 4242 2099 4295 μετ’

429 4315 697 4388 ἀλλήλων
746 4314 1038 4392 διήγομεν,
1090 4332 1217 4387 qum
1267 4319 1419 4370 recte
1466 4318 1637 4370 vetus
1682 4315 1968 4386 interpres
2015 4314 2099 4370 sic

432 4409 632 4465 Latine
663 4407 966 4463 reddidit:
996 4426 1017 4453 ι
1073 4403 1300 4476 Saepius
1350 4420 1454 4475 per
1482 4420 1702 4459 annum
1736 4402 2100 4459 convenisse-

430 4515 585 4566 mus,
617 4523 639 4551 ι
679 4498 836 4571 quod
871 4495 1184 4568 episcopos
1217 4496 1468 4550 maxime
1488 4495 1680 4565 juvat,
1729 4492 2098 4565 probantque

430 4589 765 4685 frequentes
805 4586 1042 4685 synodi:
1087 4588 1454 4685 Quapropter
1499 4583 1753 4639 Basilius
1804 4583 2094 4639 malorum
2129 4621 2172 4685 Β

427 4693 667 4733 causam
701 4677 834 4733 inde
865 4675 1095 4749 repetit,
1142 4673 1297 4746 quod
1352 4690 1468 4728 non
1532 4691 1650 4729 una
1705 4674 2090 4728 conveniant:

423 4764 632 4821 τούτων
690 4763 749 4822 δὶ
803 4763 974 4821 αἴτιον
1035 4762 1230 4819 ἐκεῖνο.
1285 4804 1298 4819 .
1356 4805 1369 4819 .
1427 4761 1489 4816 τὸ
1571 4762 1647 4835 μὴ
1709 4761 2091 4836 συντυγχάνειν

2212 3344 2423 3416 Magno
2452 3349 2984 3409 constructa,sacro
3019 3343 3220 3400 morbo
3251 3340 3615 3396 laborabant.
3649 3339 3729 3394 Ad
3755 3339 3868 3394 hoc

2211 3435 2384 3491 etiam
2418 3439 2653 3505 tempus
2686 3432 2978 3505 pertinent
3013 3431 3305 3488 orationes
3328 3434 3678 3500 sequentes;
3713 3427 3872 3484 vide-

2211 3523 2347 3579 licet
2376 3523 2604 3578 decima
2634 3521 2839 3594 quinta
2883 3523 2941 3575 in
2976 3519 3195 3578 laudem
3228 3518 3681 3581 Machabaeorum,
3717 3534 3868 3589 quo—

2211 3630 2342 3668 rum
2376 3611 2680 3684 passiones
2712 3627 2826 3666 non
2859 3626 2926 3666 ex
2955 3609 3123 3664 libris
3155 3608 3341 3664 sacris
3373 3607 3474 3682 qui
3511 3605 3872 3662 Machabaeo-

2211 3719 2342 3758 rum
2392 3719 2604 3758 nomen
2655 3700 2895 3766 habent,
2947 3698 3048 3754 sed
3097 3715 3165 3756 ex
3211 3697 3445 3771 .losephi
3479 3696 3626 3750 libro
3658 3696 3732 3750 De
3762 3697 3869 3749 im-

2208 3794 2486 3863 peratrice
2516 3788 2990 3856 ratione,exponit
3021 3792 3079 3844 et
3109 3786 3454 3860 eloquentiae
3482 3803 3598 3840 suae
3624 3785 3873 3840 ﬂoribus

2211 3886 2470 3938 exornat.
2535 3879 2766 3935 Decima
2815 3882 2997 3944 sexta,
3055 3878 3117 3932 in
3164 3885 3384 3948 patrem
3438 3879 3704 3929 tacentem
3743 3890 3873 3943 pro-

2209 3974 2332 4039 pter
2377 3971 2600 4042 plagam
2647 3966 2961 4038 grandinis,
3013 3983 3131 4040 qua
3181 3965 3458 4020 Tiberina
3505 3963 3684 4033 regio,
3731 3961 3872 4017 Gre-

2209 4060 2354 4131 gorii
2407 4060 2601 4115 natale
2649 4056 2866 4125 solum,
2901 4073 3055 4112 anno
3086 4055 3322 4111 circiter
3351 4053 3456 4108 373
3488 4052 3704 4109 altlicta
3740 4050 3872 4105 fuit.

2213 4149 2443 4204 liecima
2473 4148 2747 4220 septima,
2780 4146 2850 4203 ad
2898 4147 3039 4201 cives
3073 4147 3453 4202 Nazianzenos
3481 4144 3644 4214 gravi
3675 4143 3876 4196 timore

2206 4240 2504 4310 percuLcos,
2537 4238 2610 4292 ob
2640 4235 2920 4291 delictum
2954 4233 3101 4292 alias
3131 4232 3523 4306 incognitum,
3555 4239 3605 4287 et
3627 4230 3704 4286 ad
3719 4243 3874 4301 prx-

2205 4329 2410 4399 fectum
2440 4328 2794 4382 irascentem.

2205 4489 2445 4545 CXVIII.
2496 4493 2644 4545 Mors
2693 4486 2972 4629 Gregoriii
2999 4484 3234 4569 senioris
3263 4486 3316 4539 et
3345 4483 3562 4541 Nonnar
3591 4480 3708 4552 ejus
3737 4492 3874 4535 con-

2977 4573 3120 4627 ugzs.

2977 4573 3120 4627 αντε.

2275 4685 2602 4750 Quomodo,
2652 4682 2897 4754 abjectis
2947 4681 3210 4750 Sasimis,
3245 4677 3560 4751 Gregorius
3593 4675 3874 4732 solitudi—

2202 4790 2334 4829 nem
2369 4773 2578 4828 iterato
2610 4772 2867 4844 petierit.
2901 4788 3087 4842 eoque
3119 4775 3407 4826 retractus
3441 4765 3711 4822 Ecclesiae
3757 4763 3873 4818 Na-

425 4857 597 4927 ἡμᾶς.
629 4857 876 4913 Demum
905 4856 1028 4912 haec
1056 4855 1322 4926 ejusdem
1353 4852 1616 4924 epistolas
1645 4854 1841 4921 verba,
1863 4853 2095 4924 episco-

2220 4863 2486 4918 :ianzenaa
2543 4878 2746 4918 curam
2793 4861 3143 4934 susceperit.
3197 4863 3439 4933 rogante
3487 4855 3575 4911 vel
3619 4855 3874 4926 jubente

428 4960 570 5017 pum
603 4945 784 5001 fuisse
813 4949 952 5000 tunc
985 4942 1327 5016 Gregorium
1371 4942 1765 4997 confirmant:
1799 4940 1884 4996 ὅτι
1933 4940 2093 5003 αὐτὸς

428 5035 498 5106 τῇ
546 5036 642 5086 τοῦ
690 5037 822 5088 Θεοῦ
870 5031 1058 5108 χάριτι
1108 5033 1207 5084 τοῦ
1259 5030 1380 5092 καθ’
1409 5030 1557 5100 ἡμᾶς
1590 5027 1867 5102 συλλόγου
1897 5030 2094 5104 κατάρ-

431 5140 574 5196 χεις,
627 5122 712 5177 vel
765 5129 826 5177 ut
869 5129 1034 5178 vetus
1105 5121 1282 5175 editio
1333 5117 1632 5193 κατάρξειςο
1687 5141 1714 5168 ‹‹
1775 5119 2094 5174 Conventui

431 5216 651 5273 nostro.
687 5229 788 5267 seu
822 5212 1063 5285 synodo,
1095 5209 1470 5281 praesidebis;
1518 5231 1544 5257 ››
1576 5207 1661 5263 vel
1689 5215 1752 5262 ut
1782 5208 2094 5264 Tillemon-

430 5303 569 5367 tius,
611 5325 636 5356 α
667 5303 931 5360 Ecclesiae
965 5309 1178 5359 nostrae
1223 5305 1401 5372 caput
1449 5305 1505 5354 te
1539 5301 1796 5370 praebeas
1830 5317 1894 5356 ac
1927 5318 2092 5356 com-

433 5401 760 5450 monstres:
798 5417 823 5443 »
855 5395 1008 5465 quod
1043 5392 1334 5463 episcOpis
1365 5391 1650 5446 duntaxat
1688 5391 1919 5462 proprie
1951 5408 2092 5446 con-

432 5484 631 5538 venire
663 5500 833 5540 nemo
865 5483 1070 5538 nescit.

495 5644 576 5787 is;
603 5645 982 5787 eam
1034 5643 1158 5703 ιδε-

2203 4957 2385 5025 patre,
2423 4952 2552 5021 jam
2603 4951 2994 5009 narravimus.
3046 4951 3126 5007 Ea
3170 4953 3394 5016 autem,
3429 4950 3496 5002 ut
3521 4945 3744 5001 dictum
3779 4947 3876 4998 est

2202 5041 2537 5096 conditione
2566 5039 2842 5096 vicariam
2877 5039 3284 5112 praefecturam
3321 5034 3602 5105 suscepit,
3625 5037 3874 5098 ut,mor-

2201 5133 2256 5185 te
2287 5127 2520 5184 sublato
2549 5133 2736 5202 patre,
2793 5127 3092 5187 discedere
3123 5131 3181 5183 et
3212 5142 3327 5202 quo
3361 5123 3530 5180 vellet
3559 5121 3720 5178 abire
3752 5118 3872 5177 sibi

2203 5217 2426 5276 liceret.

2272 5306 2396 5363 Non
2452 5307 2532 5362 ita
2579 5306 2754 5379 longo
2805 5313 2936 5379 post
2982 5312 3247 5379 tempore
3277 5301 3594 5375 Gregorius
3646 5304 3871 5366 noster,

2202 5397 2461 5469 paren’is
2509 5397 2820 5470 utriusque
2859 5398 3044 5467 obitu,
3073 5397 3449 5452 Nazianzenze
3480 5391 3745 5449 Ecclesize
3778 5405 3870 5444 re-

2202 5487 2398 5558 gimen
2430 5485 2689 5542 excussit
2719 5503 2900 5558 seque
2930 5486 3045 5543 sibi
3074 5483 3412 5543 vindicavit.
3456 5483 3622 5540 Anno
3670 5475 3868 5549 siqui-

2274 5645 2349 5719 (c)
2376 5649 2474 5705 0r.
2509 5647 2600 5705 14.
