4100 6434
345 436 461 517 su

1689 433 1875 497 Vl’l‘A
1920 435 1989 495 8.
2034 432 2430 495 GREGORII.

3646 437 3775 497 2l2

350 567 632 641 gentibus
660 567 1322 641 Constantinopolitanis
1351 581 1414 622 se
1456 565 1787 622 contulerit.
1822 566 2003 622 Credo
2034 568 2088 633 Α
2116 564 2210 620 lus
2242 564 2361 633 ille,
2395 566 2646 621 obscura
2690 567 2749 620 et
2796 561 3041 635 ignobili
3092 563 3280 635 patria
3330 569 3527 630 natus,
3554 569 3623 622 ad
3670 586 3776 627 vos

351 657 623 729 equidem
674 657 979 728 episcopos
1038 656 1297 711 veritatis
1347 656 1698 718 defensores,
1759 655 1996 725 quibus,

351 752 664 819 postquam
698 746 830 800 fidei
860 744 1176 817 perduellis
1205 746 1529 800 exstinctus
1559 750 1649 800 est
1675 742 1998 805 Valens,ad

350 850 491 891 suas
523 832 801 889 ecclesias
834 834 1155 889 revertendi
1206 834 1539 888 facultatem
1580 833 1741 887 dedit
1769 831 1999 887 Gratia-

351 941 486 987 nus,
520 921 766 978 consilia
795 922 1017 987 iniisse,
1052 928 1116 977 ut
1146 922 1339 977 illatas
1390 921 1663 977 Ecclesiis
1696 921 1897 993 plagas
1929 920 2001 975 ab

347 1013 582 1070 Arianis
640 1017 937 1082 sanarent,
988 1011 1303 1082 tristesque
1360 1028 1561 1066 ruinas
1626 1014 2000 1082 repararent:

349 1102 522 1159 credo
552 1102 729 1156 etiam
777 1100 836 1155 in
885 1116 1011 1155 eam
1062 1116 1183 1155 rem
1236 1100 1471 1154 habitas
1519 1100 1701 1154 fuisse
1727 1099 2002 1171 synodos.

353 1190 519 1246 Haud
545 1194 743 1245 tamen
774 1188 1119 1245 crediderim
1144 1204 1275 1242 cum
1310 1188 1555 1243 Baronio
1576 1187 2005 1259 (a)Gregorium

354 1285 645 1340 nostrum,
694 1275 1065 1331 Antiochenaa
1114 1274 1321 1347 synodi
1379 1276 1634 1341 decreto,
1682 1275 1887 1330 eadem
1936 1274 2009 1329 de

354 1382 536 1424 causa
556 1365 794 1436 jussum
816 1379 945 1419 esse
964 1363 1532 1436 Constantinopolim
1563 1363 1882 1435 proficisci;
1906 1364 2008 1419 sed

356 1453 703 1512 accersitum
735 1453 808 1509 ab
833 1453 1127 1525 episcopis
1169 1452 1429 1508 Thracias
1460 1458 1517 1508 et
1546 1454 1617 1508 ab
1649 1452 2008 1523 orthodoxis,

356 1545 458 1616 qui
489 1544 549 1599 in
580 1544 726 1599 urbe
755 1543 915 1612 regia
942 1543 1412 1598 versabantur.ld
1447 1542 1570 1614 ipse
1603 1547 1853 1598 testatur
1872 1544 2009 1598 Gre-

357 1633 581 1706 gorius.
615 1632 785 1702 cujus
814 1632 990 1687 verba
1022 1646 1135 1686 non
1169 1631 1505 1703 significant
1535 1648 1668 1687 eum
1694 1632 1867 1702 jussu
1901 1634 2012 1687 An-

356 1721 640 1778 tiochense
670 1721 877 1793 synodi
906 1719 1475 1792 Constantinopolim
1518 1721 1780 1793 petiisse,
1814 1726 1878 1777 ut
1908 1721 2012 1777 Ba-

360 1812 523 1867 ronio
557 1809 766 1881 placet.

431 1898 703 1972 Ἐτςξμψεν
737 1898 888 1972 ἡμᾶς
919 1898 954 1965 ἡ
987 1895 1151 1972 χάρις
1179 1899 1282 1972 τοῦ
1315 1896 1656 1972 nudum-oc,

429 1968 665 2045 Πολλῷν
697 1968 1321 2045 καλούντῳέξποιμένῳν
1351 1968 1441 2045 καὶ
1466 1968 1825 2045 θρεμμάτων,

431 2045 578 2095 Λαοῦ
612 2040 852 2115 βοηθοὺς
881 2040 971 2094 καὶ
1003 2038 1170 2116 λόγοὺ
1200 2038 1607 2114 ουλλήπτοραἀ.

468 2130 547 2186 Ad
575 2132 670 2185 hos
698 2132 882 2199 gratia
909 2130 1169 2201 Spiritus.
1200 2131 1390 2185 multis
1420 2130 1815 2187 advocantibus

470 2203 535 2257 Et
561 2202 873 2273 pastoribus
900 2214 953 2256 et
980 2203 1187 2266 ovibus,
1219 2218 1317 2257 nos
1346 2204 1520 2272 misit,

471 2274 673 2344 Populi
701 2274 977 2341 adiutores
1006 2281 1057 2327 et
1076 2273 1345 2329 doctrinae
1374 2273 1680 2344 defensores
1710 2273 1806 2345 (b).

363 2360 625 2434 Gregorii
656 2362 1011 2434 biographus
1040 2361 1244 2417 eodem
1296 2378 1411 2433 quo
1462 2379 1569 2418 nos
1629 2379 1807 2419 sensu
1849 2364 2024 2419 verba

362 2448 528 2506 illius
556 2449 994 2523 interpretatur,
1028 2450 1297 2521 quamvis
1344 2455 1496 2506 erret
1541 2452 1598 2505 in
1658 2452 1869 2508 Basilio
1921 2452 2022 2524 qui

361 2539 492 2611 jam
524 2544 653 2595 tum
685 2539 1070 2605 obierat,cum
1103 2539 1375 2607 ait,nulla
1406 2540 1612 2611 synodi
1654 2541 2025 2598 Antiochenaa

371 2628 526 2684 facta
557 2627 875 2693 mentione,
907 2643 1039 2682 eum
1080 2628 1643 2700 Constantinopolim
1693 2631 1891 2685 statim
1924 2632 2025 2685 ad-

370 2717 577 2785 fuisse,
610 2738 639 2766 ‹‹
672 2715 887 2772 Basilio
920 2715 1198 2771 luminari
1232 2732 1468 2789 magno,
1500 2717 1689 2789 ipsius
1719 2720 2025 2791 cupiditati

371 2803 784 2876 alacritatique
814 2805 983 2876 quasi
1016 2804 1170 2861 faces
1202 2806 1485 2874 quasdam
1519 2807 1827 2875 subdente,
1851 2814 2027 2880 atque

372 2893 446 2949 ad
478 2892 814 2964 spiritualia
842 2894 1164 2949 certamina
1193 2893 1388 2965 ipsum
1422 2895 2027 2969 inungente,aliisque

372 2980 780 3053 compluribus
809 2980 1126 3053 episcopis,
1163 2982 1562 3054 principisque
1592 2985 1755 3039 urbis
1777 2986 2027 3056 civibus,

372 3068 509 3126 ﬁdei
544 3068 757 3141 pietate
788 3069 1148 3140 praditis,ab
1177 3085 1244 3125 eo
1275 3070 1485 3125 obnixe
1517 3074 2027 3143 contendentibus,

375 3162 442 3215 ut
470 3156 616 3228 ipsis
646 3156 859 3213 auxilio
891 3157 1198 3229 egentibus
1231 3158 1521 3215 malorum
1562 3177 1625 3216 se
1655 3161 2026 3234 depulsorem

2048 1936 2095 2002 B

2109 654 2350 723 accessi,
2380 655 2559 726 idque
2607 670 2721 709 non
2756 652 2933 721 ultro,
2967 669 3073 709 nec
3117 670 3205 708 me
3250 654 3445 725 ipsum
3498 657 3776 725 offerens,

2111 748 2174 797 ut
2205 744 2383 798 moris
2412 750 2501 799 est
2532 744 2701 799 hodie
2735 741 3049 815 plerisque,
3086 746 3187 814 qui
3238 745 3309 798 ad
3368 745 3632 800 Ecclesia:
3666 764 3774 818 gu-

2112 830 2428 887 bernacula
2457 838 2673 887 temere
2706 831 3037 903 prosiliunt,
3064 833 3163 886 sed
3189 834 3411 887 accitus
3442 850 3509 889 ac
3546 835 3596 887 vi
3620 852 3779 890 com-

2113 921 2344 991 pulsus,
2376 926 2433 975 et
2462 921 2658 976 timori
2718 920 3081 993 Spirituique
3140 922 3477 978 obsecutus.
3533 925 3695 988 Quod
3725 925 3775 979 si

2114 1007 2262 1063 falsa
2292 1007 2517 1079 loquor,
2538 1009 2647 1064 hoc
2679 1008 2825 1064 mihi
2859 1026 2961 1080 pro
2993 1010 3229 1065 sceleris
3261 1027 3429 1081 paena
3462 1012 3778 1083 imprecor,

2115 1102 2180 1151 ut
2209 1097 2433 1151 diutius
2466 1098 2559 1153 hic
2586 1098 2720 1153 belli
2754 1098 3057 1153 molestias
3090 1100 3389 1154 incassum
3424 1101 3779 1173 sustineam,

2117 1201 2222 1240 nec
2254 1201 2425 1257 quem
2436 1202 2609 1257 quam
2623 1202 2820 1241 errore
2837 1185 3209 1256 liberem,sed
3226 1188 3338 1242 voti
3365 1189 3455 1242 sui
3479 1205 3605 1243 com
3616 1196 3781 1260 potes

2118 1274 2281 1340 ﬂant,
2314 1274 2413 1345 qui
2445 1276 2654 1330 animas
2688 1291 2827 1331 mea
2878 1275 3249 1331 sterilitatem
3297 1275 3717 1348 imprecantur.
3748 1301 3781 1328 η

2189 1381 2402 1437 CXXII.
2438 1382 2756 1453 Deploratus
2796 1382 3423 1509 Clitnstantinopolitanz
3450 1384 3709 1442 Ecclesiae

2895 1472 2929 1508 α
2959 1471 3041 1509 us.

2895 1461 3041 1509 atus.

2191 1541 2482 1597 Luctuosa
2512 1546 2654 1597 tunc
2685 1542 2951 1597 omnium
3002 1541 3391 1599 Ecclesiarum
3440 1544 3641 1611 facies,
3673 1548 3779 1601 sed

2121 1629 2342 1685 nullius
2392 1630 2717 1687 luctuosior
2763 1647 2942 1701 quam
2987 1630 3673 1704 Constantinopolitanae,
3722 1634 3783 1689 in

2122 1722 2376 1791 quajam
2400 1721 2472 1774 ab
2486 1720 2656 1775 annis
2669 1720 3060 1792 quadraginta
3076 1727 3345 1792 grassata
3362 1723 3549 1776 fuerat
3571 1723 3787 1778 Ariana

2122 1806 2271 1874 lues,
2301 1810 2409 1863 sub
2460 1808 2835 1880 pontificibus
2895 1808 3300 1863 haereticorum
3354 1811 3782 1882 antesignanis,

2123 1901 2297 1967 atque
2314 1897 2487 1951 etiam
2512 1898 2659 1968 ipsis
2681 1913 2961 1952 novorum
2986 1897 3329 1968 dogmatum
3354 1898 3786 1960 conditoribus;

2125 1987 2236 2040 sub
2268 1984 2863 2057 principibus,quales
2888 1985 3048 2040 fuere
3068 1986 3450 2041 Constantius
3472 1993 3529 2042 et
3552 1987 3785 2061 Valens,

2126 2075 2227 2145 qui
2258 2074 2660 2129 haereticorum
2694 2083 2885 2146 partes
2916 2075 3595 2138 tuebantur,Catholicos
3615 2094 3787 2133 vexa-

2127 2162 2289 2230 bant,
2321 2167 2377 2218 et
2410 2178 2511 2234 pro
2560 2179 2752 2218 errore
2807 2168 3012 2219 contra
3067 2164 3367 2219 veritatem
3422 2170 3564 2229 toto,
3598 2171 3662 2220 ut
3710 2167 3793 2221 ita

2130 2251 2345 2315 dicam,
2376 2251 2609 2323 imperii
2642 2268 2882 2323 corpore
2909 2253 3425 2316 certabant.0uam
3452 2254 3794 2325 deploratus

2130 2346 2285 2396 esset
2331 2340 2596 2396 Ecclesia
2647 2341 3304 2413 Constantinopnlitanee
3356 2348 3564 2409 status,
3597 2344 3797 2413 quivis

2132 2429 2299 2485 facile
2320 2429 2557 2501 colliget
2581 2430 2802 2485 auditis
2833 2436 3061 2485 tantum
3093 2447 3295 2486 eorum
3322 2433 3799 2503 nominibus,qui

2134 2519 2332 2574 sedem
2366 2518 2528 2574 illam
2578 2523 2897 2574 tenuerunt
2926 2520 2998 2575 ab
3036 2536 3190 2575 anno
3219 2520 3346 2589 339,
3380 2537 3494 2591 quo
3536 2521 3797 2586 Arianis,

2135 2623 2283 2661 ceso
2313 2606 2538 2663 vindice
2587 2606 2721 2661 fidei
2769 2606 3106 2662 orthodoxa:
3155 2609 3428 2679 pontifice
3461 2609 3660 2673 Paulo,
3693 2610 3801 2664 im-

2136 2711 2289 2766 pune
2319 2696 2377 2749 in
2408 2711 2477 2750 ea
2506 2696 2761 2766 grassari
2797 2694 3022 2750 licitum
3063 2702 3171 2751 est.
3206 2695 3386 2762 Hanc,
3423 2697 3621 2752 relicta
3655 2700 3797 2753 sede

2135 2783 2787 2848 Nicomediensi,Ariani
2810 2785 2928 2840 dux
2941 2785 3194 2856 agminis
3216 2785 3522 2841 confestim
3546 2802 3612 2841 eo
3631 2803 3788 2841 anno

2136 2873 2349 2927 invasit
2381 2872 2688 2941 Eusebius,
2724 2879 2855 2943 post
2903 2890 3079 2946 quem
3113 2875 3171 2929 in
3233 2874 3553 2930 Macedonii
3588 2891 3805 2930 manus

2136 2946 2339 3016 infelix
2370 2960 2491 3017 haec
2520 2962 2774 3017 Ecclesia
2820 2962 3073 3018 devenit.
3107 2962 3359 3035 Expulso
3410 2964 3484 3018 ab
3530 2964 3807 3035 ipsismet

2135 3049 2389 3115 Arianis,
2422 3066 2578 3105 anno
2608 3050 2733 3118 360,
2766 3052 2839 3106 ob
2887 3051 3212 3107 inauditam
3259 3052 3668 3108 crudelitatem
3696 3054 3802 3108 do-

2137 3140 2456 3210 ctrinaaque
2487 3140 2945 3195 inconstantiam
2978 3140 3336 3209 Macedonio,
3372 3141 3664 3196 Eudoxius
3698 3142 3807 3195 faex

374 3226 679 3320 praeberet.
716 3268 739 3294 ι
775 3245 834 3301 ld
866 3226 990 3317 ipse
1033 3247 1347 3318 Gregorius
1394 3248 1452 3303 in
1504 3226 1761 3305 carmine
1811 3252 1885 3307 De
1918 3262 2031 3308 vita
2064 3302 2102 3320 η
2141 3226 2570 3320 Ῑῖίθῗίῗῑί-θίῖωων
2614 3227 3360 3320 ἰδέωῆυθΡθτᾳίίίξδίφίξδ
3392 3228 3805 3320 pateﬁant?“

376 3302 480 3392 ;ua
508 3336 578 3406 (ο)
609 3302 940 3399 confirmat,
973 3335 1072 3390 ubi
1122 3302 1328 3391 scribit
1359 3338 2027 3411 Constantinopolitano-

2142 3316 2288 3370 Astii
2319 3316 2665 3372 Arianorum
2701 3316 2870 3387 longe
2900 3315 3237 3388 impiissimi
3270 3316 3804 3389 discipulus,sufl‘e~

380 3441 513 3481 rum
544 3423 605 3479 in
639 3439 701 3479 se
748 3423 962 3478 civium
1012 3440 1270 3479 amorem
1319 3425 1455 3481 inde
1506 3433 1735 3495 natum,
1774 3431 1929 3501 quod
1961 3431 2033 3486 ab

380 3514 529 3587 ipsis
560 3511 805 3576 accitus,
838 3516 895 3567 et
924 3535 951 3562 ‹‹
985 3528 1187 3568 eorum
1220 3529 1368 3585 Opus
1402 3520 1589 3571 esset:
1623 3534 1652 3567 ι

455 3596 519 3655 Οἵ
549 3596 595 3655 δ’
626 3598 701 3661 ὡς
731 3600 932 3654 ὲαυτῶν
965 3595 1122 3675 ἔργον
1156 3598 1306 3676 εἶχον
1338 3601 1607 3675 ἀσμένως.

381 3691 446 3748 In
480 3690 660 3747 altero
691 3693 888 3745 autem
920 3690 1201 3757 carmine,
1237 3708 1484 3747 narrans
1527 3695 1821 3763 quomodo
1850 3713 1885 3751 a
1913 3698 2039 3753 suis

383 3779 609 3836 deliciis
640 3778 928 3851 bonisque
957 3779 1231 3835 omnibus
1261 3780 1541 3852 abreptus
1570 3786 1628 3837 et
1657 3782 1828 3857 longe
1857 3785 2008 3841 abdu
2027 3818 2039 3829 ο

383 3866 1114 3938 ctus,Constantinopolim
1129 3884 1190 3922 se
1208 3868 1469 3925 conferre
1482 3876 1718 3926 coactus
1731 3872 2043 3938 sit,memi-

384 3958 473 4015 nit
501 3958 737 4029 quidem
768 3955 1117 4027 Gregorius«
1140 3963 1537 4013 conventuum
1560 3962 1992 4032 episcoporum:
2014 3984 2041 4011 ››

455 4041 607 4119 Τὸβξ
639 4042 731 4119 o_5v
756 4040 1065 4119 πρόξηᾈον,
1100 4040 1367 4119 σύλλογοι
1395 4064 1454 4099 τε
1483 4048 1781 4118 ποιμένων,

457 4112 557 4168 Καὶ
590 4111 721 4174 λαὸς
747 4111 1112 4187 ὀρθόδοεος...

385 4203 604 4259 Verum
636 4201 783 4257 nihil
814 4219 964 4274 opus
994 4208 1082 4257 est
1110 4201 1232 4258 haec
1256 4205 1455 4273 verba,
1486 4210 1553 4260 ut
1596 4212 1749 4263 recte
1779 4209 2050 4265 observat

386 4290 801 4349 Tillemontius
834 4291 936 4361 (ά),
966 4291 1037 4346 de
1082 4292 1305 4361 synodo
1356 4292 1737 4361 Antiochena,
1770 4313 1897 4369 qua:
1931 4316 2045 4355 non

391 4379 505 4438 nisi
527 4383 772 4435 exeunte
789 4394 941 4434 anno
953 4379 1059 4435 379
1070 4384 1270 4435 coacta
1285 4385 1393 4447 est,
1414 4381 1805 4454 interpretari,
1821 4403 1951 4441 cum
1978 4389 2051 4443 de

393 4469 480 4526 Th
490 4467 654 4523 racia:
672 4466 1080 4539 episcoporum
1106 4470 1490 4525 conventibus
1507 4474 1810 4527 commode
1828 4478 1886 4529 et
1898 4481 2050 4532 recte

395 4557 627 4631 possint
656 4563 830 4627 atque
859 4554 1035 4611 etiam
1068 4555 1318 4612 debeant
1364 4558 1633 4630 intelligi.
1683 4560 1931 4618 Demum
1979 4566 2051 4619 ab

2145 3410 2274 3459 ctus
2304 3410 2411 3459 est.
2446 3404 2500 3459 Is
2533 3421 2683 3459 anno
2714 3404 2819 3459 370
2850 3405 3169 3475 impietatis
3201 3421 3439 3462 cursum
3475 3405 3745 3461 absolvit.

2216 3510 2455 3566 CXXIII.
2479 3510 2677 3565 Ariani
2709 3512 2816 3567 late
2842 3510 3203 3566 dominantur
3230 3514 3293 3566 in
3324 3512 3458 3566 urbe
3485 3530 3504 3566 :
3534 3514 3737 3584 templa

2375 3590 2678 3652 occupant:
2710 3584 2826 3638 alia
2854 3587 3187 3638 commutata
3217 3586 3275 3637 in
3304 3584 3581 3654 sepulcra.

2215 3678 2365 3733 Tum
2397 3695 2531 3733 vero
2565 3682 2851 3751 respirare
2875 3679 3181 3750 paululum
3206 3681 3311 3735 visi
3339 3685 3481 3735 sunt
3504 3679 3813 3746 Catholici,

2150 3767 2381 3839 sibique
2412 3767 2721 3840 Evagrium
2753 3770 3097 3841 episcopum
3124 3770 3249 3838 jam
3302 3773 3665 3840 coaptarant.
3700 3768 3811 3823 Sed

2152 3873 2286 3911 mox
2343 3854 2557 3911 Valens
2614 3856 2956 3929 imperator,
3005 3858 3230 3913 Arianie
3290 3856 3472 3911 tutela
3532 3856 3812 3928 perfidiae,

2153 3945 2323 4017 pulso
2354 3945 2412 3999 in
2444 3944 2715 3999 exsilium
2769 3945 3010 4016 Evagrio
3059 3962 3193 4001 cum
3228 3945 3534 4001 Eustathio
3574 3947 3817 4016 presby-

2152 4039 2298 4104 tero,
2326 4034 2427 4105 qui
2459 4034 2647 4105 ipsius
2696 4033 2998 4089 electionis
3056 4040 3263 4090 auctor
3315 4035 3524 4099 fuerat,
3559 4034 3817 4088 Eudoxio

2154 4122 2567 4194 Demophilum
2595 4139 2760 4194 aeque
2779 4122 3029 4195 impium
3055 4140 3121 4178 ac
3142 4124 3460 4178 nefandum
3485 4120 3817 4178 substituit.

2158 4213 2245 4266 Ita
2274 4211 2469 4266 Ariani
2501 4227 2737 4266 summa
2789 4228 2982 4269 rerum
3034 4212 3302 4267 Ecclesiae
3352 4210 3543 4282 potiti,
3575 4210 3668 4264 vix
3701 4210 3820 4280 pie-

2158 4300 2298 4356 tatis
2330 4323 2358 4349 ‹‹
2393 4300 2694 4371 reliquias,
2733 4325 2756 4353 ι
2816 4307 2875 4357 et
2926 4301 3242 4357 excitanda:
3293 4318 3327 4356 a
3378 4300 3653 4371 Gregorio
3685 4296 3820 4351 fidei

2163 4411 2191 4439 α
2221 4388 2447 4444 semina
2469 4389 3274 4461 nreliquerant.Templorum
3296 4389 3412 4444 alia
3440 4390 3512 4444 ab
3540 4385 3822 4442 haereticis

2160 4478 2643 4546 occupata,atque
2666 4476 2723 4530 in
2749 4475 2958 4546 primis
2973 4476 3412 4548 amplissimum
3435 4473 3826 4545 illud(g),«So-

2164 4563 2301 4636 phia
2332 4564 2831 4633 cognominatum,
2867 4585 2896 4613 »
2927 4570 3067 4619 tunc
3098 4588 3125 4614 α
3161 4565 3376 4620 diaboli
3414 4578 3825 4635 propugnacu-

396 4644 603 4703 amicis
631 4643 828 4710 etiam,
860 4644 1012 4699 inter
1062 4660 1229 4716 quos.
1282 4651 1489 4717 praeter
1536 4647 1841 4720 Basilium,
1892 4652 2052 4709 fuere
2085 4669 2129 4733 D
2161 4653 2283 4707 lum
2310 4672 2338 4700 »
2382 4651 2571 4723 magis
2602 4669 2778 4723 quam
2811 4652 3079 4717 ecclesia,
3108 4654 3208 4708 ubi
3241 4676 3269 4703 «
3304 4670 3443 4708 suos
3476 4652 3574 4706 ille
3608 4650 3826 4705 milites

396 4734 687 4802 Meletius,
722 4733 1053 4805 Bosphorus
1080 4733 1332 4789 Coloniae
1358 4736 1765 4809 episcopus,et
1793 4740 1891 4795 alii
1927 4741 2053 4813 plu-

396 4822 1191 4893 res,Constantinopolitanis
1223 4823 1506 4879 auxilium
1540 4826 1689 4882 ferre
1713 4830 2059 4900 compulsus

395 4912 508 4968 fuit
537 4912 872 4985 Gregorius.
892 4911 983 4966 Sic
1018 4911 1313 4982 profectus
1360 4912 1662 4985 aliquanto
1691 4922 1827 4986 post
1863 4906 2059 4973 Basilii

398 5008 647 5057 mortem
678 5005 962 5071 tempore,
1004 5018 1027 5047 α
1062 5016 1178 5054 non
1208 5016 1317 5055 sua
1346 5008 1574 5073 sponte,
1610 5004 1711 5059 sed
1744 5006 2000 5075 coacius,
2029 5029 2058 5057 »

397 5093 464 5145 ut
485 5088 611 5161 ipse
639 5091 895 5144 testatur
924 5087 996 5158 (e)
1021 5103 1034 5142 :

469 5173 623 5229 Οὕτω
659 5173 753 5247 μὶν
784 5172 955 5242 ἦλθον
990 5173 1098 5248 οὐχ
1128 5173 1291 5244 ἑκών,
1324 5181 1434 5232 etc.

400 5266 613 5323 Eadem
647 5264 867 5337 passim
900 5264 1127 5336 repetit,
1160 5265 1415 5321 maxime
1456 5268 1516 5322 in
1576 5267 1838 5324 oratione
1878 5286 2059 5341 quam

400 5360 532 5413 tum
564 5354 636 5410 ad
670 5353 911 5409 Arianos
940 5352 1186 5409 habuit:
1218 5377 1245 5404 ‹‹
1282 5355 1418 5427 Ego,
1462 5354 1657 5427 inquit
1702 5357 1792 5429 (Γ),
1849 5376 2061 5431 parvu-

501 5462 556 5533 a)
586 5462 735 5523 Bar.,
768 5460 875 5533 ib,,
908 5460 1122 5533 p.399,
1154 5461 1265 5516 col.
1301 5464 1351 5517 1.

507 5531 564 5601 b)
595 5533 788 5587 Carm.
820 5531 893 5586 De
928 5532 1047 5586 Vita
1073 5549 1202 5589 sua.
1236 5550 1291 5589 v.
1317 5534 1445 5589 598.

507 5606 561 5731 f2
594 5603 763 5667 Ibid.,
793 5603 1042 5686 v..4131.

557 5675 575 5731 l
603 5674 747 5728 Adv.
776 5689 958 5731 emsc.

557 5675 575 5744 )
603 5674 747 5728 Adv.
776 5674 958 5744 episc.

510 5746 563 5818 ο)
590 5744 785 5801 Carm.
812 5744 890 5800 De
926 5746 1043 5802 Vita
1069 5759 1191 5817 sua,
1221 5761 1276 5802 v.
1302 5746 1432 5804 610.

2167 4756 2234 4795 ac
2264 4740 2601 4795 defensores
2649 4740 2997 4809 collocarat;
3032 4763 3060 4789 »
3113 4742 3232 4796 imo
3283 4742 3381 4795 ubi
3420 4764 3440 4789 σι
3491 4742 3826 4793 daemonum

2168 4829 2477 4893 exercitus,
2513 4828 2913 4900 furiarumque
2945 4846 3011 4884 ac
3042 4830 3358 4902 spirituum
3392 4828 3650 4901 legiones
3691 4826 3829 4880 ade-

2166 4923 2300 4971 rant
2327 4915 2828 4973 immundorum.»
2859 4916 2988 4971 Alia
3017 4918 3155 4991 (h),«
3189 4935 3257 4974 ex
3286 4918 3522 4988 templis
3554 4916 3611 4969 in
3634 4912 3833 4985 sepul-

2167 5021 2266 5059 cra
2313 5010 2697 5073 commutata,
2757 5005 2871 5061 alia
2930 5022 3136 5061 cruore
3190 5010 3530 5062 sanctorum
3589 5019 3836 5074 aspersa

2167 5094 2587 5166 profanataque
2612 5110 2625 5148 :
2653 5094 2976 5166 presbyteri
3008 5094 3198 5149 exusti
3225 5112 3239 5161 ;
3266 5116 3291 5143 κ
3325 5092 3605 5149 Catholici
3639 5114 3665 5140 ‹‹
3691 5108 3835 5145 con-

2166 5182 2429 5237 tumeliis
2462 5204 2491 5231 ››
2524 5181 2732 5249 vexati,
2766 5204 2796 5231 «
2849 5183 3140 5237 bonorum
3199 5182 3549 5254 direptione,
3584 5178 3786 5234 exsilio
3818 5196 3833 5245 ;

2168 5270 2449 5337 ecclesiis,
2508 5270 2803 5337 domibus,
2836 5270 2983 5342 ipsis
3041 5271 3219 5325 etiam
3282 5269 3436 5342 pulsi
3496 5265 3837 5323 solitudini-

2169 5359 2353 5416 bus...
2387 5360 2453 5431 (i)
2485 5375 2625 5429 grex
2655 5359 2901 5430 exiguus
2932 5375 2999 5414 ac
3029 5375 3100 5414 ne
3139 5376 3275 5430 grex
3296 5358 3559 5430 quidem,
3584 5356 3683 5411 sed
3705 5370 3841 5425 par-

2266 5467 2312 5535 Γ)
2346 5464 2440 5520 0r.
2474 5464 2564 5530 33,
2594 5482 2652 5518 n.
2688 5465 2774 5519 13.

2267 5542 2321 5606 g)
2351 5538 2448 5590 Or.
2480 5536 2569 5603 35,
2606 5552 2662 5596 α.
2696 5536 2749 5590 3.

2248 5608 2329 5679 (ἡ)
2360 5608 2582 5679 OLV/1:3,
2615 5624 2673 5679 n_.
2704 5607 2795 5662 23.

2251 5677 2318 5752 (i)
2347 5678 2522 5751 lbid.,
2551 5694 2608 5733 ιι.
2642 5677 2698 5731 2.
