4100 6448
1715 401 1902 462 VITA
1949 402 2016 463 S.
2064 402 2461 466 GREGORII.

3670 416 3792 475 214

348 546 484 586 vum
518 529 830 602 quoddam
863 533 922 586 et
949 535 1120 587 tenue
1150 529 1343 603 gregis
1375 531 1712 602 vestigium,
1745 538 1848 588 aut
1882 533 2015 588 reli-
2050 541 2095 601 Α
2133 537 2262 592 dem
2300 539 2803 610 persecutionibus
2833 549 3094 599 vexatam
3129 549 3302 617 atque
3332 546 3610 603 afﬂictam
3638 549 3783 608 hau-

348 621 539 693 quiie;
574 618 860 692 praeclare
909 636 1108 676 secum
1157 621 1249 692 agi
1301 621 1607 692 putabant,
1656 622 1712 677 si
1762 622 2015 678 salutem

352 725 522 765 suam
557 708 857 779 surripere
890 708 1110 765 liceret.
1145 730 1174 758 ››

349 815 596 872 CXXIV.
650 817 836 873 Varie
885 815 1112 871 haereses
1173 815 1647 889 Constantinopoli
1690 819 2019 889 grassaban-

858 893 957 943 tur
982 893 1191 959 praeter
1217 889 1514 945 Arianam.

428 978 502 1048 (α)
552 976 756 1048 Neque
816 976 1010 1032 solum
1064 977 1280 1032 Ariana
1328 977 1454 1033 lues
1511 978 2014 1051 Constantinopoli

349 1067 761 1139 grassabatur,
791 1081 996 1121 verum
1022 1065 1102 1120 ibi
1133 1083 1365 1138 quoque
1395 1067 1724 1132 Novatiani,
1750 1067 2012 1124 Macedo-

353 1155 539 1218 niani,
587 1154 943 1220 Photiniani,
997 1155 1377 1223 Marcelliani,
1425 1156 1762 1222 Sabelliani,
1814 1158 2012 1212 Euno-

352 1244 556 1300 miani:
590 1245 954 1316 jamjamque
982 1244 1410 1316 Apollinaristaa
1456 1245 1836 1317 pullulantes,
1869 1247 2012 1302 veri-

353 1336 464 1389 tati
493 1350 560 1388 ac
592 1333 723 1390 ﬁdei
757 1350 874 1388 una
919 1350 1054 1388 cum
1098 1333 1413 1390 Catholicis
1456 1333 1746 1390 exsulanti
1787 1335 2008 1392 bellum

352 1421 703 1478 indixerant.
737 1421 838 1477 His
870 1423 1108 1488 etenim,
1145 1423 1336 1494 inquit
1367 1423 1651 1479 Barouius
1683 1424 1784 1496 (ὁ),
1815 1441 1846 1480 e
1877 1442 2009 1497 por-

348 1511 432 1565 tis
482 1509 646 1565 inferi
691 1511 920 1566 eductis
972 1510 1334 1583 legionibus,
1401 1518 1459 1568 et
1505 1513 2008 1586 Constantinopoli

346 1601 512 1654 velut
543 1599 600 1654 in
633 1600 859 1654 stativis
908 1599 1225 1670 collocatis,
1279 1602 1562 1673 antiquus
1612 1602 1800 1659 hostis
1832 1603 2006 1658 ﬁdem

347 1688 701 1744 catholicam
729 1689 1125 1761 Oppugnabat.

417 1777 566 1833 Tam
598 1778 744 1847 tisti,
777 1783 952 1849 atque
982 1778 1158 1834 etiam
1192 1801 1220 1829 «
1255 1777 1498 1834 tristiori
1525 1784 1705 1850 statu,
1741 1802 1768 1830 ››
1801 1780 1850 1836 si
1871 1786 2007 1835 Gre-

341 1866 578 1939 gorium
611 1871 801 1939 ipsum
832 1868 1038 1923 audias
1068 1868 1163 1939 (c),
1208 1869 1868 1940 Constantinopolitanae
1901 1871 1998 1925 Ec-

341 1956 540 2013 clesiae
573 1972 664 2013 res
693 1962 879 2026 erant,
912 1973 1046 2012 cum
1083 1957 1154 2012 ab
1185 1957 1475 2030 episcopis
1505 1965 1561 2013 et
1597 1976 1628 2012 a
1660 1959 1891 2030 populis
1922 1961 1995 2015 ob

341 2061 500 2112 eam,
536 2062 662 2117 qua:
696 2062 856 2101 mare
883 2046 1216 2113 transierat,
1252 2048 1508 2102 scientias
1555 2064 1620 2103 ac
1659 2049 1996 2104 sanctitatis

340 2137 588 2201 famam,
621 2152 739 2206 qua
773 2135 1064 2208 precibus,
1084 2153 1202 2208 qua
1232 2136 1725 2192 obtestationibus
1756 2144 1995 2194 vocatus

343 2224 710 2292 accitusque,
728 2224 1294 2296 Constantinoiiolim
1321 2227 1574 2298 antiquae
1598 2245 1836 2283 rursum
1861 2228 1994 2284 ﬁdei

340 2313 615 2368 conditor
642 2313 975 2386 Theologus
1004 2314 1181 2370 venit.

339 2417 562 2474 CXXV.
609 2419 817 2488 Quibus
863 2422 1037 2474 armis
1096 2425 1446 2492 pugnaturus
1482 2426 1672 2477 contra
1715 2421 1998 2479 hereticos

765 2493 1064 2547 instructus
1089 2496 1232 2548 venit
1264 2493 1574 2564 Gregorius.

413 2577 592 2634 Venit
624 2584 816 2635 autem
845 2602 873 2629 «
909 2596 1040 2636 cum
1074 2586 1360 2653 potestate
1408 2582 1650 2637 minime
1681 2599 1821 2638 sane
1854 2601 1996 2639 con-

337 2669 713 2732 temnenda,»
746 2686 998 2740 cumque
1030 2670 1309 2742 ipsius,ut
1337 2671 1579 2743 quidam
1612 2672 1998 2744 interpretan-

331 2757 804 2821 tur,auctoritate
825 2757 903 2812 im
915 2759 1585 2831 peratoris;quamquam
1605 2762 1832 2817 Uavidis
1858 2779 1997 2817 nos-

332 2847 408 2901 tri
443 2853 644 2902 contra
671 2847 898 2902 Goliath
932 2854 988 2902 et
1012 2848 1382 2904 Philistbaaos
1404 2866 1570 2904 arma
1598 2863 1706 2904 non
1741 2853 1996 2906 carnalia

334 2935 427 2991 sed
451 2938 698 3006 potentia
719 2942 824 2991 Deo
842 2937 1036 2992 ".Nec
1048 2938 1203 2992 enim
1226 2939 1535 3010 praesentia
1547 2933 1992 3012 corporis‘quid-

337 3042 509 3096 quam
537 3025 829 3081 infirmius
851 3025 926 3098 (εἰ)
957 3043 1022 3081 :«
1057 3026 1404 3099 Peregrinus
1431 3045 1616 3098 praeco
1647 3035 1703 3084 et
1735 3035 1989 3096 exterus;

338 3131 516 3185 parva
557 3114 786 3170 civilate
835 3131 902 3170 ac
952 3131 1022 3169 ne
1068 3114 1300 3170 civilate
1354 3116 1614 3187 quidem,
1670 3119 1768 3172 sed
1803 3119 1986 3176 arido.

332 3203 1009 3275 inammno,inl'requenti
1044 3203 1167 3260 loco
1201 3211 1396 3272 natus,
1416 3205 1662 3260 obscuro
1695 3213 1984 3261 terrarum

2130 626 2306 693 riret;
2343 644 2712 701 nequaquam
2749 633 2928 688 libere
2962 650 3066 688 nec
3098 634 3224 690 sine
3255 635 3566 706 periculo.»

2127 714 2394 770 CXXVII.
2447 722 2704 797 Exiguus
2771 723 2869 776 ille
2919 723 3088 787 locus,
3139 724 3203 778 ob
3256 727 3568 781 restitutam
3613 727 3780 797 ﬁdem

2569 794 2756 847 dictus
2783 800 2973 864 postea
3013 797 3331 851 Anastasio.

2198 876 2456 949 Exiguus
2486 886 2611 936 erat
2641 880 2738 937 ille
2771 881 2954 954 locus,
2990 883 3087 939 ubi
3119 889 3258 940 tunc
3291 886 3549 957 primum
3583 904 3785 944 conve-

2127 967 2215 1020 nit
2255 967 2531 1039 pepulus,
2563 975 2620 1026 et
2650 970 2708 1026 in
2741 971 2988 1028 ecclesia
3046 979 3336 1041 mutatus;
3382 975 3656 1047 idemque
3687 982 3778 1034 est

2125 1055 2224 1126 qui
2256 1055 2502 1128 laxatus,
2536 1059 2609 1114 ob
2645 1061 2976 1117 restitutam
3010 1079 3075 1117 ac
3101 1063 3306 1118 veluta
3337 1065 3588 1120 mortuis
3619 1067 3775 1122 exci-

2123 1149 2303 1200 tatam
2335 1146 2394 1201 in
2425 1164 2492 1202 ea
2531 1149 2878 1205 catholicam
2929 1151 3127 1218 ﬁdem,
3179 1152 3486 1209 Anastasis
3525 1156 3776 1212 subinde

2121 1240 2209 1289 est
2239 1235 2590 1306 appellatus.

2189 1322 2540 1400 :Avaqtusia,
2559 1329 2699 1400 vati
2734 1326 2762 1380 ὁ
2792 1327 3147 1400 τᾼιμιώτατος,

2189 1394 2256 1447 ’Ἡ
2288 1393 2465 1450 πίστιν
2499 1395 2781 1473 ἰξήγειρας
2815 1393 2866 1452 iv
2898 1403 2966 1472 τῇ
2997 1393 3277 1473 κειμένην.

2258 1487 2582 1562 4nustasia,
2611 1488 2941 1562 templorum
2967 1493 3211 1546 maxime
3231 1493 3561 1562 venerabile,

2263 1556 2392 1624 Quae
2409 1559 2691 1629 jucentem
2720 1556 2877 1615 humi
2904 1561 3062 1630 ﬁdem
3086 1566 3439 1618 exsuscitasti
3454 1564 3540 1635 (Γ).

2117 1646 2301 1711 Quam
2335 1648 2514 1702 etiam
2547 1648 2996 1720 appellationem
3043 1653 3446 1706 conﬁrmatam
3500 1653 3766 1708 nonnulli

2114 1733 2337 1802 volunt,
2391 1739 2546 1807 apud
2604 1737 3018 1806 Sozomenum,
3070 1741 3495 1796 resurrectione
3534 1742 3764 1796 feminas

2115 1825 2362 1895 ejusque
2394 1823 2749 1897 fetus,quem
2786 1834 2951 1883 utero
2982 1829 3331 1900 gestabat,et
3362 1838 3576 1884 sanctis
3608 1848 3762 1884 mar-

2031 1908 2077 1972 B
2109 1913 2251 1986 tyris
2287 1916 2606 1969 Anastasis!
2640 1915 2901 1988 reliquiis
2930 1924 3130 1988 postea
3158 1918 3440 1990 depositis
3480 1919 3551 1973 ad
3585 1930 3764 1974 rostra

2107 2003 2357 2065 Domini.
2391 2003 2532 2070 sive,
2568 2009 2630 2059 ut
2660 2004 2792 2059 aliis
2818 2005 3022 2077 placet,
3057 2008 3354 2073 porticum,
3387 2006 3486 2061 ubi
3521 2013 3760 2062 Anasta-

2103 2092 2204 2147 size
2222 2091 2506 2164 templum
2529 2094 2602 2148 ab
2619 2093 2865 2149 eruditis
2882 2094 3438 2150 collocatur.Verum
3467 2095 3753 2168 quidquid

2105 2181 2185 2236 sit
2215 2183 2284 2237 de
2341 2184 2764 2238 resurrectione
2813 2183 3041 2238 feminas
3085 2185 3330 2256 ejusque
3377 2186 3549 2251 fetus,
3584 2190 3641 2240 et
3685 2187 3755 2240 de

2104 2271 2388 2343 depositis
2419 2291 2451 2326 α
2483 2271 2784 2327 Gennadio
2835 2273 3168 2345 patriarcha
3210 2272 3269 2327 in
3322 2274 3428 2328 hac
3465 2275 3585 2328 aede
3619 2276 3758 2330 reli-

2105 2361 2292 2429 quiis;
2319 2366 2550 2416 constat
2583 2362 2953 2417 Anastasiam
2987 2362 3126 2417 inde
3167 2362 3385 2417 dictam
3418 2380 3570 2427 esse,
3604 2366 3755 2434 quod

2105 2448 2366 2521 collapsa
2398 2449 2540 2506 ﬁdes
2574 2450 2689 2505 illic
2723 2451 2971 2506 excitata
2999 2458 3124 2516 est;
3162 2455 3316 2522 quod
3343 2452 3554 2506 iterum
3587 2462 3759 2521 atque

2105 2538 2317 2594 iterum
2351 2545 2600 2595 testatur
2628 2540 2970 2611 Gregorius,
3003 2547 3057 2595 et
3097 2545 3215 2595 tam
3275 2543 3508 2603 diserte,
3543 2549 3603 2597 ut
3638 2542 3761 2596 nul-

2106 2627 2228 2684 lum
2252 2645 2377 2684 esse
2392 2629 2578 2700 possit
2599 2628 3004 2684 dubium..lam
3026 2647 3180 2684 nunc
3207 2647 3296 2685 res
3319 2631 3446 2698 ejus
3483 2631 3758 2701 praeclare

2106 2722 2300 2790 gestas
2331 2717 2833 2790 Constantinopoli
2864 2735 3308 2790 prosequamur.

2105 2807 2399 2863 CXXVIII.
2436 2810 2515 2862 Ita
2547 2809 2740 2862 cresrit
2769 2809 3076 2867 Anastasio,
3113 2818 3168 2862 ut
3203 2809 3351 2861 brevi
3401 2824 3588 2862 omne:
3616 2809 3752 2862 Con-

2174 2881 2696 2949 stantinoliolitanas
2726 2879 3103 2948 amplitudine
3130 2889 3179 2932 et
3229 2881 3640 2948 magniﬁcentia
3669 2898 3757 2934 su-

2171 2955 2324 3021 peret
2351 2952 2690 3006 cretesiaan
2719 2952 2822 3004 huc
2850 2967 2984 3006 nova
3018 2951 3331 3004 Bc'tlilehern
3360 2967 3544 3006 omnes
3579 2953 3756 3009 [iacre-

2174 3027 2302 3077 ticos
2334 3031 2616 3093 Oppugnut
2645 3023 2914 3093 fugatque
2943 3022 3262 3089 Gregorius.

2174 3112 2450 3183 Exiguus,
2504 3118 2565 3165 ut
2601 3113 2726 3182 jam
2795 3112 3074 3177 diximus,
3124 3113 3378 3183 primum
3433 3111 3597 3166 locus
3648 3111 3756 3167 fuit

2099 3201 2409 3256 Anastasia
2435 3199 2565 3266 ;sed
2599 3201 2936 3255 mutatusin
2962 3201 3267 3255 ecclesiam
3295 3202 3373 3254 ita
3397 3202 3574 3255 crevit
3597 3202 3754 3257 brevi

328 3292 550 3363 angulo
611 3293 846 3348 abditus
903 3293 1252 3365 hucusque;
1303 3294 1616 3349 contractis
1687 3303 1984 3352 senectute
2019 3274 2062 3338 Ο
2101 3296 2456 3362 tempore,ut
2478 3294 2603 3359 jam
2641 3291 2713 3344 ab
2746 3307 2898 3344 anno
2939 3292 3043 3342 3U8
3076 3307 3388 3357 marmora,
3423 3291 3635 3361 quibus
3663 3308 3752 3346 0P-

332 3381 639 3448 membris,
671 3390 723 3436 et
754 3388 991 3437 curvato
1023 3381 1189 3437 humi
1218 3383 1644 3455 corpore,vultu
1681 3384 1836 3440 haud
1868 3385 1979 3441 ele-

331 3467 517 3540 ganti,
552 3469 714 3528 rugis
744 3475 966 3536 aratus,
1001 3469 1138 3525 ﬁetu
1171 3471 1409 3526 tabidus
1453 3478 1512 3526 et
1563 3474 1732 3539 fame,
1767 3476 1981 3546 agresti

330 3572 466 3612 voce
517 3561 574 3611 et
623 3572 850 3628 aspera,
894 3557 1086 3612 viliori
1157 3563 1352 3626 veste;
1391 3561 1825 3631 pauperrimus,
1881 3579 1983 3617 nec

330 3644 580 3714 pecunia
609 3660 786 3715 quam
819 3646 929 3701 alis
959 3647 1359 3702 instructior.»
1396 3649 1490 3703 Sic
1521 3665 1583 3704 se
1615 3649 1740 3720 ipse
1772 3651 1829 3704 in
1856 3667 1979 3706 car-

327 3734 590 3788 minibus
618 3738 675 3788 et
705 3735 1068 3791 orationibus
1099 3736 1367 3809 depingit
1394 3737 1984 3810 Gregorius.Corpore

321 3821 412 3876 vir
441 3823 734 3886 tantulus.
765 3825 867 3878 sed
898 3824 1118 3894 Spiritu
1155 3830 1363 3895 potens
1394 3843 1569 3897 opere
1601 3831 1657 3881 et
1688 3843 1980 3897 sermone,

328 3911 662 3983 principum
691 3912 868 3982 hujus
896 3913 1088 3968 saeculi
1117 3919 1595 3985 potestatumque
1624 3917 1984 3971 munitiones

329 3999 601 4064 consilia,
633 4005 690 4054 et
721 4016 848 4071 quae
893 4001 1174 4056 adversus
1227 4001 1528 4058 scientiam
1582 4003 1678 4058 Uei
1711 4020 1772 4058 se
1803 4003 1982 4058 extol-

328 4085 510 4153 lebat,
545 4086 916 4144 altitudinem
958 4106 1192 4145 omnem
1243 4091 1652 4147 destructurus
1686 4093 1984 4165 progredi-

328 4176 544 4245 tur“,«
579 4176 862 4250 Theologi
894 4178 1208 4252 triumpale
1252 4197 1512 4244 nomem,
1547 4187 1611 4236 ut
1641 4198 1772 4236 cum
1809 4182 1982 4237 Baro-

328 4263 425 4318 nio
461 4264 688 4334 loquar,
718 4265 855 4321 inde
887 4266 1094 4323 merito
1125 4267 1236 4323 sibi
1269 4275 1740 4340 comparaturus.

325 4367 565 4424 CXXVI.
598 4371 638 4425 A
678 4373 922 4442 cognatis
969 4373 1204 4444 hospitio
1256 4384 1534 4444 exceptus.
1587 4378 1691 4430 Pi'a
1736 4385 1855 4431 erat
1884 4378 1984 4433 do-

550 4458 691 4513 mus,
727 4445 789 4498 in
819 4460 986 4516 quam
1024 4447 1424 4501 conveniebant
1454 4447 1761 4503 orthodoxi.

395 4529 966 4604 Constantinopolim
999 4533 1183 4605 igitur
1212 4534 1453 4590 veniens
1484 4536 1800 4607 Gregorius
1831 4554 1984 4592 anno

2096 3387 2358 3448 naretur,
2412 3385 2701 3450 quaereret
2746 3378 3075 3447 Nectarius,
3117 3387 3292 3446 atque
3346 3385 3520 3435 etiam
3557 3397 3755 3437 sacras

2093 3469 2242 3524 aedes
2271 3467 2958 3539 Constantinopolitanae
2993 3469 3430 3539 magnificentia
3460 3477 3516 3523 et
3548 3470 3754 3541 ampli-

2092 3557 2320 3625 tudine,
2352 3557 2609 3612 Socratis
2641 3561 2698 3611 et
2726 3556 3030 3612 Sozomeni
3053 3562 3314 3628 tempore
3346 3559 3754 3628 (g).superaret

2096 3646 2156 3701 In
2191 3646 2298 3701 hac
2327 3648 2521 3716 itaque
2547 3668 2573 3694 ‹‹
2608 3661 2752 3700 nova
2783 3644 3177 3708 Bethlehem,»
3204 3662 3318 3716 quo
3353 3647 3588 3702 nomine
3620 3665 3747 3702 eam

2093 3735 2348 3805 appellat
2378 3733 2791 3805 Gregorius,ob
2810 3740 3090 3805 angustos
3113 3733 3744 3794 lociambitus,Christi

2094 3826 2336 3894 antiqua
2368 3824 2510 3878 ﬁdes
2543 3822 2838 3888 revixit,et
2871 3824 3327 3876 «intermortua»
3366 3825 3436 3876 ad
3462 3823 3635 3878 vitam
3659 3842 3745 3879 re~

2093 3913 2222 3968 diit.
2259 3917 2499 3966 Demum
2535 3914 2592 3966 in
2630 3911 2735 3965 hac
2771 3934 2797 3961 ι(
2829 3911 2969 3975 Silo,
3005 3911 3394 3981 quadraginta
3427 3912 3598 3966 annis
3629 3913 3744 3967 cir-

2099 4007 2368 4057 cumacta
2411 4001 2468 4054 in
2535 4002 2787 4065 deserto,
2817 4000 3174 4071 incertisque
3227 4007 3433 4071 vagata
3480 4002 3743 4069 sedibus,

2095 4108 2225 4146 arca
2270 4091 2381 4144 ﬁxa
2421 4094 2531 4157 est,
2582 4105 2648 4143 ac
2711 4087 2994 4160 requievit
3043 4106 3177 4143 arca
3225 4089 3342 4142 Noe
3379 4090 3580 4156 altera,
3615 4091 3745 4145 novi

2095 4178 2371 4234 mundiet
2391 4178 3244 4232 orthodoxoruiuseminarium
3273 4179 3465 4233 ferens
3494 4202 3518 4226 ››
3541 4186 3597 4233 et
3619 4197 3749 4234 con-

2095 4285 2354 4325 servans.
2392 4290 2415 4319 «
2452 4269 2595 4323 Tam
2630 4274 2881 4339 angusto
2917 4269 3294 4335 foramine,ut
3324 4270 3542 4338 optime
3575 4274 3746 4324 Baro-

2095 4358 2230 4414 nius
2255 4357 2336 4428 (h)
2370 4358 2610 4429 perinde
2641 4374 2708 4412 ac
2731 4356 2778 4410 si
2813 4358 2868 4410 in
2897 4356 3183 4411 latissimo
3212 4374 3440 4428 campo,
3467 4359 3750 4413 adversus

2097 4446 2230 4502 ﬁdei
2263 4447 2459 4502 hostes
2491 4447 2751 4501 certabat
2784 4446 3116 4514 Theologus
3153 4471 3165 4511 ;
3203 4464 3316 4500 uno
3351 4453 3539 4501 rotatu
3574 4447 3751 4519 gladii

2097 4535 2477 4591 circumcirca
2511 4534 2729 4605 positos
2763 4534 3751 4596 haereticosArianos,Macedonia-

321 4618 447 4685 370,
474 4634 509 4673 a
538 4619 802 4691 cognalis
832 4622 1193 4692 quibusdam
1239 4623 1366 4679 suis
1397 4623 1653 4696 hospitio
1703 4633 1983 4698 exceptus
2017 4645 2060 4708 D
2095 4642 2226 4689 nos,
2260 4625 2668 4691 Photinianos,
2720 4623 3105 4688 Sabellianos,
3141 4623 3649 4695 Appollinaristas,
3683 4642 3750 4680 ac

322 4713 431 4761 est.
459 4706 632 4763 Nulla
662 4709 817 4764 enim
854 4713 980 4765 tum
1013 4710 1331 4766 Catholicis
1363 4713 1419 4766 in
1460 4729 1528 4768 ea
1560 4716 1701 4769 urbe
1733 4719 1858 4770 erat
1887 4731 1982 4768 ec-

327 4789 525 4861 clesia,
558 4795 702 4850 adeo
733 4795 1086 4852 Arianorum
1123 4799 1296 4853 factio
1320 4798 1754 4857 invaluerat.De
1785 4803 1982 4867 domo,

329 4897 456 4952 quae
490 4883 852 4957 Theologum
879 4887 1123 4959 excepit,
1156 4887 1277 4942 haec
1309 4888 1516 4943 scribit
1545 4890 1618 4961 (e)
1651 4907 1664 4945 :
1702 4913 1730 4940 «
1767 4896 1984 4947 Domus

330 4970 598 5041 quaedam
632 4973 747 5044 pia,
783 4991 983 5030 amore
1014 4975 1110 5030 Dei
1157 4975 1434 5049 ﬂagrans,
1461 4995 1574 5033 non
1610 4997 1780 5035 secus
1808 4987 1984 5051 atque

330 5058 586 5116 Eliseum
619 5062 1012 5118 Sunamitidis
1042 5065 1255 5120 domus
1276 5066 1456 5131 “,nos
1490 5067 1862 5136 refocillavit;
1889 5071 1984 5125 do-

329 5150 1076 5222 mus,inquam,bominum
1097 5154 1360 5225 corporis
1374 5154 1736 5229 spiritusque
1753 5175 1983 5212 mecum

328 5238 675 5309 cognatione
707 5242 1197 5312 conjunctorum;
1232 5243 1387 5314 apud
1420 5260 1568 5315 quos
1610 5246 1864 5317 populus
1891 5246 1984 5302 hic

329 5341 563 5398 quoque
594 5335 938 5402 compactus
969 5333 1077 5395 est,
1109 5345 1246 5385 cum
1280 5332 1482 5386 furtim
1502 5333 1881 5391 orthodoxam
1919 5337 1984 5390 ﬁ-

394 5425 437 5458 "
473 5423 520 5479 ΙΙ
552 5425 681 5481 Cor.
715 5443 770 5494 x,
811 5427 865 5482 4.
943 5427 987 5461 ⁸⁸
1020 5427 1164 5485 ibid.
1193 5427 1248 5482 5.
1326 5428 1372 5464 θ’
1395 5429 1469 5482 IV
1492 5430 1630 5504 Reg.
1666 5450 1742 5500 IV,
1775 5435 1826 5502 1,
1861 5450 2024 5505 seqq.

420 5535 479 5608 ᾳ)
507 5531 636 5608 30c.
668 5531 1011 5608 l.‘n_,_c._38.
1047 5533 1302 5608 Soaom.,
1337 5553 1393 5608 p.
1427 5535 1552 5591 571.

424 5603 476 5673 θ)
511 5603 938 5677 eoi1.,9_Maii,
975 5622 1028 5677 p.
1059 5606 1190 5677 403.

423 5678 475 5742 ο)
505 5674 698 5730 Carm.
732 5675 807 5731 al.
841 5677 893 5746 1,
921 5674 991 5731 vf
1007 5676 1134 5733 591.

424 5745 478 5818 ά)
509 5747 608 5803 Or.
637 5747 732 5815 33,
762 5764 824 5804 n.
857 5748 947 5803 13.

2095 4714 2450 4769 Novatianos
2484 4713 2836 4784 perurgebat
2863 4713 3394 4784 proﬁigabatque...
3430 4713 3745 4768 Erantmn-

2094 4819 2205 4858 nus
2235 4804 2362 4873 ejus
2393 4807 2591 4856 contra
2625 4816 2851 4866 omnes,
2888 4817 2953 4855 ac
3006 4817 3215 4855 manus
3247 4800 3510 4854 omnium
3546 4808 3748 4856 contra

2092 4908 2268 4958 eum;
2303 4891 2504 4964 sicque
2536 4890 2790 4945 exaltata
2825 4895 2965 4943 sunt
2998 4905 3171 4959 opera
3204 4889 3321 4954 Dei,
3355 4894 3419 4942 ut
3449 4906 3600 4944 unus
3633 4907 3747 4945 non

2093 4987 2322 5034 tantum
2357 4979 2513 5034 mille
2539 4981 2784 5051 fugaret,
2820 4979 2918 5033 sed
2944 4984 3001 5033 et
3031 4979 3233 5032 decem
3271 4977 3751 5035 iiiillia7°.l5xstat

2092 5068 2504 5139 adhuc,pergit
2531 5067 3042 5122 eminentissimus
3074 5068 3325 5136 scriptor
3367 5075 3750 5139 appensusin

2093 5157 2342 5212 ecclesia
2373 5157 2542 5227 pallio
2588 5156 2884 5211 involutus
2937 5161 3067 5227 post
3121 5155 3316 5225 Ephod
3367 5156 3599 5228 gladius
3632 5159 3751 5225 ille,

2094 5263 2209 5318 quo
2241 5253 2442 5302 noster
2470 5245 2811 5319 coryphaaus
2844 5261 3018 5299 manu
3058 5244 3222 5298 fortis
3255 5244 3750 5303 Philisthinnrum

2096 5344 2319 5390 turmas
2350 5335 2408 5390 in
2443 5335 2641 5406 fugam
2674 5334 2868 5389 vertit.
2905 5332 3439 5404 Exstant,inquam,
3465 5335 3750 5392 sublimes

2103 5433 2192 5489 ⁷⁰Ι
2226 5433 2364 5503 Reg.
2403 5450 2565 5497 xvm,
2593 5434 2648 5486 7.

2190 5543 2240 5607 e)
2273 5538 2370 5595 Or.
2402 5540 2496 5604 26,
2528 5555 2587 5593 n.
2629 5537 2714 5592 17.

2184 5607 2233 5681 Γ)
2264 5610 2458 5665 Carm.
2491 5610 2567 5664 De
2599 5611 2711 5665 vita
2735 5625 2861 5681 sua,
2894 5607 3137 5681 v.7108g'.

2228 5683 2245 5743 )
2276 5683 2457 5746 Socr.,
2487 5681 2524 5735 Ι.
2556 5697 2610 5749 ν,
2644 5677 2792 5752 c.77,
2815 5696 2873 5752 p.
2905 5679 3033 5752 263,
3069 5678 3222 5747 Soz.,
3251 5677 3291 5734 l.
3325 5695 3426 5750 vn,
3457 5697 3508 5738 ο.
3538 5683 3596 5739 5.

2228 5698 2457 5746 laocr.,
2487 5698 2524 5735 ι.
2556 5698 2610 5749 ν,
2644 5698 2692 5735 c.
2736 5698 2782 5746 ι,
2815 5698 2873 5752 p.
2906 5698 3070 5747 2.0.5,;

2188 5698 2248 5824 ἶ)
2277 5760 2388 5826 Δρ.
2419 5752 2567 5821 Bol.,
2594 5753 2631 5808 9
2661 5751 2820 5809 Maii.
2854 5767 2912 5822 p.
2943 5750 3070 5807 400.
