4100 6398
295 414 413 476 ω

1669 413 1859 478 VITA
1904 411 1973 476 ε.
2018 409 2423 478 GREGORII.

311 549 512 606 ctrinze
543 548 1042 615 ostentationem,
1076 548 1171 603 sed
1206 547 1276 602 ad
1309 547 1582 620 pietatem
1613 548 1977 604 excitandam
2015 547 2065 616 Α
2100 547 2830 620 lacessitus,vsrumetiam
2855 547 3500 621 adludiciumtribunal
3515 555 3748 624 raptus,

321 639 674 712 plebemque
710 639 1163 711 permovendam
1187 639 1474 693 tractabat
1503 638 1747 694 minime
1777 639 1982 693 fucatae

323 729 671 801 eloquentiae
703 729 779 784 vi.
831 733 962 784 Haec
1011 738 1131 784 erat
1170 727 1432 800 Gregorii
1481 728 1633 784 circa
1664 727 1984 784 institutio-

325 835 461 875 nem
495 834 729 874 morum
763 819 914 874 ratio
945 817 1173 872 dicendi
1219 822 1276 872 et
1305 817 1588 873 docendi:
1621 834 1691 873 ex
1722 833 1836 889 quo
1862 816 1984 873 col-

328 909 430 981 ligi
463 912 656 981 potest
689 907 1009 977 permultas
1040 907 1217 977 hujus
1251 907 1484 980 generis
1514 907 1806 964 orationes
1836 908 1983 963 Con-

327 996 710 1069 stantinopoli
743 996 974 1051 habitas
1005 995 1266 1068 periisse.

323 1121 614 1180 CXXXIV.
694 1119 952 1176 CXXXV.
1027 1120 1103 1174 Ad
1175 1121 1336 1176 verba
1408 1123 1643 1176 oratoris
1708 1121 1986 1176 accedente

395 1193 662 1261 maniplo,
695 1199 749 1247 et
779 1192 849 1266 ad
877 1194 1159 1266 orationes
1191 1198 1318 1249 vitae
1345 1195 1650 1266 sanctitate,
1685 1194 1857 1248 miros
1892 1193 1984 1246 ha-

400 1267 484 1320 bet
511 1269 742 1333 fructus
790 1265 892 1319 Hos
921 1279 976 1319 se
1018 1265 1602 1337 fructuahabitm'um
1649 1269 1980 1337 speraverat,

399 1340 613 1409 ipsique
647 1338 782 1391 Deus
811 1338 1044 1406 forsitan
1075 1335 1412 1393 ostenderat.

403 1444 548 1500 Cum
581 1450 772 1499 autem
819 1445 888 1498 ad
943 1444 1117 1499 verba
1164 1443 1523 1516 exemplum,
1575 1443 1645 1499 ad
1689 1445 1983 1499 orationes

329 1534 462 1589 vita
486 1532 762 1589 sanctitas
793 1533 1110 1600 accederet,
1165 1534 1454 1605 dictisque
1507 1536 1659 1589 facta
1701 1550 1984 1606 congrue-

328 1629 480 1685 rent.
535 1623 747 1678 mirum
799 1630 1050 1695 quantos
1096 1639 1405 1679 successus
1455 1623 1727 1678 habuerit
1768 1629 1984 1694 Grego-

326 1713 492 1779 rius;
526 1729 703 1784 quam
739 1712 956 1768 multos
977 1729 1006 1767 e
1032 1713 1345 1769 Catholicis
1372 1713 1441 1768 ad
1473 1712 1770 1768 meliorem
1806 1712 1983 1769 vitam

325 1806 384 1859 et
415 1802 717 1858 hmreticos
751 1803 823 1858 ab
863 1819 1056 1858 errore
1095 1804 1166 1858 ad
1201 1819 1403 1858 sanam
1454 1803 1778 1858 doctrinam
1814 1804 1985 1859 redu-

323 1891 515 1959 xerit;
567 1897 710 1962 quot
757 1908 893 1946 oves
945 1892 1203 1963 perditas
1259 1893 1331 1947 ad
1383 1891 1531 1948 ovile
1580 1892 1982 1964 reportaverit,

324 1988 472 2054 quot
504 1980 674 2052 lupos
704 1982 971 2053 deposita
1003 1982 1216 2038 saevitis
1250 1983 1401 2038 inter
1430 2000 1564 2038 oves
1603 1983 1984 2050 recensuerit,

325 2089 504 2144 quam
542 2073 896 2126 immensum
933 2072 1185 2142 denique
1228 2088 1462 2143 gregem
1516 2089 1583 2127 ex
1613 2073 1820 2139 exiguo
1852 2089 1987 2127 con-

326 2161 602 2233 spexerit.
645 2162 701 2216 Id
751 2162 1010 2232 quidem,
1065 2162 1406 2233 priusquam
1445 2162 1752 2228 accideret,
1789 2179 1990 2234 spera-

326 2256 508 2318 verat,
541 2268 674 2305 cum
714 2251 962 2307 Arianos
1003 2251 1510 2324 Constantinopoli
1558 2251 1670 2307 late
1701 2252 1990 2307 dominari

329 2347 629 2397 cerneret:
665 2357 863 2396 secum
914 2341 1070 2396 enim
1125 2343 1411 2413 cogitans,
1464 2341 1554 2396 his
1595 2358 1657 2396 se
1705 2341 1896 2396 verbis
1936 2345 1993 2396 et

332 2447 437 2502 spe
471 2429 725 2486 melioris
757 2431 1035 2502 temporis
1057 2430 1358 2486 solabatur
1387 2431 1464 2502 (a)
1488 2448 1502 2488 :
1529 2452 1556 2480 (ι
1589 2430 1801 2485 Domos
1832 2431 1994 2486 Aria-

334 2519 394 2575 ni
427 2519 661 2589 habent,
687 2536 793 2575 nos
818 2520 1110 2592 hospitem
1139 2545 1152 2586 ;
1177 2520 1235 2574 hi
1269 2518 1511 2592 templa,
1543 2537 1649 2575 nos
1673 2520 1878 2584 Deum,
1903 2520 1990 2575 id-

334 2625 450 2681 que
484 2615 758 2679 praeterea
805 2610 961 2680 quod
1015 2609 1141 2663 viva
1187 2609 1284 2664 Dei
1338 2609 1448 2662 vivi
1501 2610 1722 2678 templa
1759 2626 1988 2677 sumus,

336 2697 584 2752 victimae
622 2698 826 2752 vivae...
883 2699 946 2751 Hi
984 2696 1226 2769 populos
1277 2697 1513 2766 habent,
1564 2713 1669 2752 nos
1713 2697 1992 2769 angelos;

336 2787 395 2841 hi
431 2788 816 2842 temeritatem
850 2793 906 2841 et
937 2787 1264 2852 audaciam,
1299 2804 1404 2842 nos
1435 2787 1648 2842 fidem:
1684 2786 1742 2841 hi
1778 2788 1992 2856 minas,

335 2893 442 2932 nos
475 2892 671 2947 preces
700 2881 754 2932 et
799 2876 1130 2942 orationes;
1183 2876 1241 2932 hi
1297 2877 1538 2933 feriendi
1590 2876 1992 2942 insolentiam,

334 2983 438 3020 nos
464 2966 834 3037 patientiam;
873 2967 929 3021 hi
964 2983 1174 3020 aurum
1204 2972 1261 3021 et
1289 2976 1620 3038 argentum,
1646 2981 1753 3022 nos
1786 2983 1995 3038 purga.

335 3062 449 3111 tam
485 3057 619 3111 ﬁdei
651 3058 1047 3114 doctrinam...
1093 3060 1167 3115 At
1199 3059 1340 3114 mihi
1372 3075 1512 3130 grex
1557 3057 1851 3129 exiguus?
1880 3058 1992 3113 Sed

332 3146 401 3200 ad
437 3146 750 3217 praecipitia
784 3162 897 3202 non
951 3148 1152 3202 fertur.
1194 3149 1265 3202 At
1309 3153 1563 3217 angusta
1603 3146 1747 3201 mihi
1780 3146 1993 3202 caula?

332 3235 441 3290 Sed
477 3234 632 3305 lupis
683 3235 1048 3291 inaccessa...
1099 3235 1215 3290 Nec
1254 3236 1458 3292 dubito
1511 3236 1651 3307 quin
1685 3252 1810 3290 eam
1846 3252 1992 3306 quo-

331 3340 448 3394 que
480 3300 802 3394 aliquando
852 3323 1116 3380 latiorem
1172 3300 1590 3396 prospecturos
1637 3325 1772 3381 sim.
1825 3300 1992 3380 NIulti
2023 3300 2067 3368 C

331 3414 491 3467 enim
525 3413 693 3468 exiis
727 3414 824 3485 qui
859 3431 1011 3469 nunc
1058 3415 1116 3469 in
1151 3414 1423 3485 luporum
1477 3430 1721 3471 numero
1768 3419 1927 3483 sunt,
1960 3430 1996 3468 a

335 3518 429 3557 me
463 3502 614 3558 inter
642 3521 774 3559 oves
807 3504 1290 3571 recensebuntur,
1323 3519 1390 3558 ac
1423 3504 1671 3558 fortasse
1701 3503 1875 3558 etiam
1908 3503 1994 3557 in-

335 3595 424 3646 ter
457 3599 736 3662 pastores.
771 3615 798 3641 ι)
847 3593 1023 3648 Addit
1070 3591 1426 3664 Gregorius:
1464 3613 1491 3642 α
1538 3592 1657 3647 Hoc
1707 3591 1851 3646 mihi
1890 3608 1994 3647 an-

339 3681 570 3734 nuntiat
603 3679 847 3736 feliciter
895 3681 1083 3736 bonus
1131 3680 1230 3735 ille
1281 3680 1506 3745 Pastor,
1557 3684 1794 3751 propter
1823 3696 1994 3750 quem

337 3785 442 3841 ego
475 3771 732 3824 animam
767 3785 955 3825 meam
991 3787 1092 3840 pro
1131 3770 1339 3825 ovibus
1372 3786 1544 3840 pono.
1580 3789 1608 3819 »
1660 3768 1882 3834 Quibus
1917 3769 1994 3824 si-

335 3860 618 3930 gnificare
647 3859 876 3914 videtur
907 3877 967 3914 se
987 3859 1087 3915 Dei
1117 3858 1418 3929 beneﬁcio,
1444 3859 1839 3929 quorumdam
1872 3875 1996 3928 quin

337 3949 538 4004 futura
567 3956 764 4005 essent
794 3950 1079 4005 bonorum
1127 3949 1348 4006 visione
1379 3963 1444 4004 ac
1488 3946 1877 4020 promissione
1908 3965 1996 4003 re-

336 4044 601 4094 creatum
634 4039 839 4096 fuisse.

338 4162 617 4219 CXXXVI.
680 4162 750 4218 Hi
803 4165 1017 4232 fructus
1065 4179 1178 4218 non.
1235 4161 1580 4233 eloquentiae,
1639 4179 1757 4233 quae
1812 4165 1999 4233 tamen

409 4238 662 4290 maxima
687 4246 801 4289 erat
830 4235 922 4289 sed
950 4237 1185 4289 oratoris
1229 4232 1427 4304 pietati
1471 4236 1520 4288 et
1549 4235 1846 4304 patientia:
1892 4232 1996 4287 tri-

411 4308 632 4363 buendi.
668 4308 815 4361 Tales
835 4310 1044 4375 fructus
1065 4310 1233 4360 unius
1261 4307 1402 4373 iusti
1419 4307 1792 4377 persecutione
1813 4305 2001 4360 vexati

405 4381 664 4450 precibus
692 4379 988 4449 aliquando
1019 4380 1159 4434 Deus
1188 4378 1446 4434 concedit.

411 4486 555 4541 Tam
592 4485 786 4540 felices
813 4484 1001 4540 exitus
1033 4501 1148 4540 non
1181 4489 1299 4540 tam
1342 4483 1690 4555 eloquentiae
1717 4481 1997 4554 Gregorii,

341 4591 464 4646 qua;
499 4590 752 4629 maxuma
778 4580 920 4639 erat,
956 4590 1132 4645 quam
1164 4574 1352 4645 ipsius
1387 4574 1586 4644 pietati
1618 4578 1675 4628 et
1709 4572 1999 4644 patientia;

2098 654 2164 694 ac
2184 638 2356 694 veluti
2382 639 2556 695 caedis
2580 639 2982 704 reus,demum
3006 637 3499 710 saxisimpetitus,
3522 641 3745 712 patien-

2094 732 2184 784 ter
2211 729 2366 798 tulit,
2418 729 2620 784 dicens
2667 736 2798 784 eum
2850 727 3183 798 Stephano:
3237 729 3482 798 Domine,
3520 745 3589 785 ne
3629 737 3749 786 sta-

2094 825 2215 872 tuas
2245 817 2368 872 illis
2399 819 2497 872 hoc
2534 823 2813 889 peccatum
2839 817 2902 883 ⁷⁸,
2947 816 3156 872 uberes
3189 815 3621 874 benedictiones
3645 828 3747 890 pro

2094 904 2428 962 maledictis
2447 907 2732 978 rependit,
2748 921 2850 978 pro
2869 905 3339 977 persecutoribus
3362 922 3557 978 preces
3574 906 3746 965 fudit.

2095 996 2280 1051 Tanta
2331 996 2612 1068 patientia
2659 995 3052 1066 complurium
3104 996 3464 1067 perditorum
3515 993 3748 1054 animos

2094 1085 2204 1140 sibi
2239 1084 2590 1154 conciliavit,
2624 1085 2803 1158 idque
2832 1089 3188 1141 consecutus
3218 1091 3308 1141 est
3343 1091 3408 1141 ut
3435 1085 3618 1142 victos
3640 1085 3746 1142 ho-

2094 1177 2212 1229 stes
2235 1176 2306 1229 ad
2330 1174 2676 1230 catholicam
2697 1175 2868 1230 fidem
2892 1174 3360 1246 amplectendam
3386 1181 3745 1245 provocarat.

2092 1264 2226 1328 Quae
2261 1267 2514 1334 profecto
2539 1281 2629 1320 res
2650 1263 2988 1319 hominibus
3013 1264 3232 1320 nostris
3253 1261 3606 1321 documento
3619 1281 3747 1321 esse

2094 1354 2285 1419 debet,
2321 1354 2454 1410 licet
2493 1355 2562 1409 ad
2612 1355 3026 1409 convertendos
3075 1354 3147 1409 ad
3188 1353 3484 1409 Christum
3518 1354 3748 1411 animas

2093 1443 2311 1514 ingenii
2361 1460 2427 1499 ac
2475 1443 2749 1499 doctrinas
2801 1443 3072 1515 praesidia
3113 1448 3512 1514 requirantur,
3549 1448 3744 1499 tamen

2095 1539 2405 1604 conspecta
2435 1533 2560 1587 vitae
2594 1550 2944 1604 morumque
2994 1532 3332 1588 innocentia
3381 1539 3437 1587 et
3466 1532 3748 1603 patientia

2094 1622 2226 1693 plus
2258 1621 2442 1678 multo
2474 1639 2652 1695 quam
2682 1623 2893 1678 litteris
2917 1626 3018 1677 aut
3043 1619 3574 1677 concertationibus
3613 1636 3742 1692 pro-

2095 1710 2210 1766 fici.

2097 1871 2405 1929 CXXXVII.
2460 1873 2743 1930 Permotus
2793 1872 3040 1940 Gregorii
3079 1874 3233 1943 fama
3281 1869 3666 1943 Hieronymus,
3713 1886 3753 1943 Aa

2167 1947 2335 2072 byfia
2385 1945 2913 2017 Constantinopolim
2958 1940 3128 2013 venit,
3181 1952 3240 1998 ut
3279 1944 3399 2014 ejus
3450 1940 3544 1998 fiat
3586 1940 3750 1996 disci-

2170 2034 2243 2089 pu
2272 2034 2350 2073 us.

2169 2163 2279 2218 Tot
2309 2167 2365 2218 et
2394 2167 2515 2218 tam
2543 2160 2814 2234 praeclare
2864 2159 3073 2232 pieque
3105 2158 3281 2214 rebus
3323 2157 3504 2230 gestis
3536 2156 3752 2228 Grego-

2101 2253 2171 2308 rii
2209 2254 2360 2308 fama
2385 2253 2553 2324 longe
2587 2252 2816 2323 lateque
2838 2250 3052 2306 diffusa
3081 2253 3192 2312 est,
3214 2247 3357 2304 adeo
3382 2252 3445 2302 ut
3477 2246 3756 2317 Hierony-

2105 2360 2236 2399 mus
2268 2360 2298 2398 e
2327 2343 2510 2415 Syria,
2541 2347 2661 2398 tam
2693 2340 3011 2413 longinquo
3043 2345 3330 2394 terrarum
3364 2336 3576 2407 spatio,
3606 2338 3754 2390 Con-

2102 2431 2543 2504 stantin0polim
2559 2447 2622 2487 se
2645 2431 2976 2488 contulerit.
3002 2453 3025 2479 ‹·
3057 2429 3167 2484 Res
3181 2428 3352 2500 plane
3367 2427 3436 2481 ad
3449 2424 3757 2481 mirationo

2101 2522 2280 2594 digna
2305 2528 2414 2588 est,
2452 2543 2478 2569 »
2507 2526 2572 2575 ut
2600 2537 2731 2574 cum
2757 2519 2997 2575 Baronio
3020 2518 3230 2589 loquar
3257 2520 3349 2589 (c),
3382 2537 3408 2569 α
3429 2515 3751 2585 hominem,

2103 2628 2274 2684 quem
2307 2612 2380 2665 ob
2413 2611 2706 2681 insignem
2757 2607 3141 2663 eruditionem
3189 2603 3561 2660 consulerent
3591 2601 3754 2658 Occi-

2103 2701 2364 2757 dentales
2393 2698 2673 2770 episc0pi,
2707 2702 2805 2768 qui
2838 2698 3037 2752 orbem
3069 2697 3320 2759 doceret,
3349 2700 3470 2748 tam
3493 2692 3669 2764 longa
3696 2695 3756 2747 et

2104 2790 2364 2846 difficilia
2394 2789 2606 2844 itinera
2636 2802 2994 2860 peragrasse,
3031 2791 3095 2840 ut
3125 2782 3381 2856 Gregorii
3410 2786 3750 2848 mereretur,

2103 2897 2231 2937 esse
2263 2879 2514 2948 auditor;
2549 2895 2614 2934 ac
2636 2878 2746 2933 sub
2771 2879 2933 2931 tanto
2965 2874 3246 2946 magistro
3281 2876 3477 2944 posset
3499 2868 3756 2942 profiteri

2104 2969 2500 3040 discipulum:
2538 2967 2671 3020 inde
2703 2965 2812 3020 sibi
2845 2979 3147 3019 summum
3183 2961 3380 3033 gloriae
3413 2961 3591 3014 decus
3618 2974 3756 3013 con-

2103 3059 2301 3115 ciliatu
2312 3074 2375 3112 ru
2388 3073 2441 3111 m
2459 3055 2804 3110 existimans
2817 3067 2950 3108 cum
2975 3050 3305 3107 accessione
3319 3045 3498 3104 doctri
3511 3065 3614 3102 me.
3637 3043 3758 3101 Imo

2105 3165 2171 3203 eo
2202 3146 2462 3212 nomine,
2495 3150 2560 3199 ut
2591 3143 2885 3216 regalibus
2918 3139 3275 3213 quibusdam
3325 3138 3660 3208 insignibus
3692 3149 3758 3190 ac

2103 3236 2553 3310 praeclarissimo
2576 3235 2830 3304 quodam
2855 3235 3221 3292 ornamento,
3248 3225 3484 3299 gloriari
3519 3237 3760 3281 consue-

2103 3328 2203 3383 vit.
2241 3326 2408 3396 «Ego
2426 3341 2490 3379 eo
2517 3323 2797 3394 magistro
2819 3321 3036 3392 glorior
3056 3324 3111 3373 et
3133 3317 3377 3385 exsulto,
3405 3337 3433 3366 ››
3462 3315 3670 3387 inquit.
3692 3312 3762 3368 Et

2105 3418 2175 3471 ad
2209 3413 2650 3470 Pammachium
2683 3411 2945 3467 scribens
2975 3410 3075 3480 (ά),
3109 3425 3169 3463 se
3210 3424 3276 3462 eo
3309 3403 3636 3476 eXplicante
3668 3417 3760 3457 sa-

2106 3519 2234 3561 cras
2265 3503 2541 3559 didicisse
2573 3502 2906 3572 Scripturas
2938 3499 3215 3563 affirmat,
3246 3509 3500 3566 eumque
3545 3505 3764 3566 praece-

2106 3601 2334 3667 ptorem
2368 3607 2543 3648 suum
2575 3589 2849 3661 appellat.
2885 3591 3210 3657 Praeceptor
3239 3583 3537 3654 quondam
3572 3595 3760 3667 meus,

2107 3665 2422 3755 Gregorius
2472 3679 2891 3743 Nazianzenus,
2942 3675 3135 3745 inquit
3184 3677 3421 3755 rogatus
3467 3685 3500 3723 a
3547 3685 3640 3723 me
3697 3665 3762 3721 ut

2106 3753 2417 3843 exponeret
2443 3769 2583 3840 quid
2618 3767 2726 3821 sibi
2771 3764 2944 3818 vellet
2981 3763 3038 3816 in
3072 3763 3226 3816 Luca
3273 3761 3346 3831 (ε)
3389 3753 3765 3830 δευτερὸπρω-

2105 3881 2195 3916 τον
2231 3860 2528 3932 eleganter
2558 3856 2736 3922 lusit;
2769 3877 2796 3904 ‹‹
2832 3853 3061 3908 Docebo
3092 3856 3167 3921 te,
3203 3870 3227 3899 ι)
3264 3847 3562 3920 inquiens,
3603 3863 3629 3898 α
3659 3861 3764 3932 su-

2111 3967 2212 4024 per
2243 3930 2350 4004 hac
2379 3965 2437 4003 re
2485 3946 2543 4002 in
2575 3943 2839 4007 ecclesia,
2890 3942 2948 3996 in
2995 3955 3107 4012 qua
3160 3937 3303 3994 mihi
3339 3935 3497 3993 omni
3547 3930 3764 4006 pepulo

2110 4040 2487 4105 acclamante,
2521 4033 2746 4107 cogeris
2777 4033 2995 4087 invitus
3025 4030 3176 4085 scire
3206 4027 3362 4101 quod
3398 4024 3628 4081 nescis:
3665 4024 3766 4077 aut

2108 4135 2261 4187 certe
2293 4128 2340 4184 si
2372 4127 2532 4182 solus
2565 4123 2838 4188 tacueris,
2874 4120 3035 4176 solus
3067 4121 3138 4174 ab
3179 4117 3454 4172 omnibus
3504 4111 3765 4169 stultitia;

2108 4217 2611 4275 condemnaberis.
2646 4237 2666 4262 α
2693 4215 2815 4278 Quo
2848 4217 3110 4281 tempore
3132 4207 3466 4262 adhaerebat
3487 4201 3766 4273 Gregorio

2107 4310 2517 4380 Hieronymus,
2536 4308 2698 4359 tanto
2721 4303 2865 4356 duce
2888 4316 2953 4355 ac
2980 4298 3262 4369 magistro
3285 4291 3767 4351 obscurissimam

2108 4398 2389 4454 visionem
2420 4396 2580 4450 illam
2616 4393 2770 4448 Isaiaa
2803 4391 2873 4446 de
2903 4388 3204 4460 Seraphim
3236 4398 3543 4456 exponere,
3576 4382 3768 4435 tenta-

2107 4487 2207 4555 vit,
2244 4493 2306 4541 ut
2334 4487 2384 4540 is
2416 4485 2540 4556 ipse
2570 4481 2762 4537 verbis
2798 4482 3048 4534 testatur
3076 4477 3179 4547 (f):
3225 4496 3253 4524 «
3287 4474 3363 4528 De
3396 4472 3501 4526 hac
3548 4468 3769 4556 visione

2111 4554 2244 4634 ante
2277 4554 2462 4630 annos
2486 4572 2716 4628 circiter
2746 4567 3007 4640 triginta,
3040 4582 3172 4620 cum
3217 4577 3406 4618 essem
3436 4554 3769 4614 Constanti-

342 4645 670 4719 ascribendi
702 4669 861 4719 sunt.
895 4662 1012 4719 Hos
1044 4663 1373 4718 uberrimos
1407 4663 1839 4733 praedicationis
1881 4662 2001 4717 fru-
2035 4676 2079 4742 ι)
2111 4666 2327 4739 ηυροιὶ,
2363 4668 2420 4719 et
2450 4663 2601 4736 apud
2625 4661 2815 4715 virum
2842 4653 3390 4727 eloquentissimum
3423 4645 3769 4718 Gregorium

343 4759 470 4807 ctus
507 4753 783 4824 percepit,
812 4751 910 4808 illo
951 4753 1125 4808 dante
1173 4752 1691 4808 incrementum“.
1723 4774 1749 4801 ‹‹
1785 4752 1862 4823 (b)
1897 4751 1997 4822 qui

343 4858 656 4914 pauperem
685 4842 825 4896 facit
847 4847 904 4898 et
923 4842 1092 4909 ditat,
1118 4843 1216 4913 qui
1250 4842 1562 4896 mortiﬁcat
1581 4846 1639 4895 et
1659 4840 1910 4895 vivificat
1928 4841 1998 4908 ⁷³,

343 4932 443 5002 qui
478 4930 602 4986 sola
630 4931 928 4986 voluntate
958 4932 1157 4986 omnia
1189 4931 1325 4986 facit
1357 4935 1415 4984 et
1447 4931 1788 4985 immutat...
1823 4928 1999 5000 idque

340 5020 688 5093 plerumque
712 5019 1052 5090 uniusjueti
1077 5021 1363 5075 diuturna
1388 5018 1791 5090 persecutione
1813 5017 1999 5073 vexati

338 5111 612 5183 precibus
643 5122 964 5181 permotus.
1002 5129 1028 5157 n
1062 5107 1161 5163 Vir
1205 5108 1303 5164 ille
1334 5109 1458 5180 ipse
1507 5108 1618 5162 fuit
1646 5108 1999 5179 Theologus,

337 5199 438 5270 qui
473 5198 752 5253 diuturna
785 5197 1132 5252 Arianorum
1166 5195 1570 5268 persecutione
1591 5203 1864 5262 vexatus;
1898 5196 2000 5268 qui

334 5305 452 5343 non
469 5289 640 5343 modo
655 5287 939 5355 dicteriis,
955 5287 1407 5357 scommatibus,
1423 5285 2002 5356 calumniis,injuriis

408 5415 453 5451 τί
487 5415 508 5468 I
537 5413 665 5469 Cor.
711 5430 766 5481 ν,
796 5413 850 5466 6.
927 5412 974 5445 ’⁷³
1021 5410 1040 5466 Ι
1074 5416 1211 5484 Reg.
1274 5428 1337 5480 ιι,
1370 5412 1425 5467 7.
1501 5411 1547 5445 ⁷³
1579 5415 1706 5466 Act.
1756 5427 1881 5479 VIII,
1910 5411 2001 5467 59.

435 5561 500 5622 α)
529 5555 626 5610 0r.
656 5555 751 5621 33,
783 5569 842 5608 n.
878 5554 966 5609 15.

441 5629 493 5694 b)
525 5627 620 5683 0r.
654 5627 742 5688 42,
776 5643 833 5680 n.
866 5626 921 5678 5.

418 5695 493 5772 (ε)
515 5699 683 5772 apud
713 5696 884 5772 Bell:
912 5697 948 5750 9
979 5695 1141 5772 Maii,_
1166 5712 1222 5768 p.
1257 5696 1382 5751 402.

418 5767 502 5844 (ἁ)
529 5767 714 5844 Epist.
743 5769 820 5827 ad
849 5767 1188 5826 Pammach;

2108 4757 2562 4818 Nazianzenum,
2593 4757 2733 4805 tunc
2755 4749 2882 4818 ejus
2915 4743 3078 4799 urbis
3100 4742 3440 4813 episc0pum
3475 4741 3768 4802 sanctum,

2108 4847 2545 4918 scripturarum
2578 4837 2792 4893 studiis
2825 4835 3109 4899 erudirer,
3143 4829 3264 4884 scio
3299 4844 3391 4881 me
3424 4826 3654 4879 brevem
3683 4822 3772 4876 di-

2111 4944 2299 4994 ctasse
2331 4932 2714 4999 subitumque
2741 4928 3077 4987 tractatum,
3103 4925 3167 4974 ut
3187 4918 3651 4989 experimentum
3685 4927 3772 4965 ca-

2112 5041 2308 5101 perem
2354 5017 2634 5092 ingenioli
2686 5015 2823 5078 mei,
2875 5017 2931 5067 et
2989 5009 3194 5066 amicis
3235 5005 3584 5101 jubentibus
3637 5002 3774 5101 Ebe-

2113 5090 2321 5173 direm.
2357 5133 2388 5167 ιο
2428 5090 2764 5180 Episcopus
2798 5119 2934 5174 ergo
2965 5107 3104 5155 tunc
3137 5101 3260 5153 erat
3290 5094 3604 5165 Gregorius
3635 5090 3780 5145 Con-

2113 5201 2541 5274 stantinopolis,
2586 5210 2719 5251 cum
2753 5209 2820 5248 eo
2857 5190 3137 5261 magistro
3180 5201 3323 5241 usus
3356 5188 3446 5238 est
3493 5181 3773 5274 Hierony-

2114 5312 2268 5360 mus,
2303 5272 2390 5348 utﬁ
2423 5291 2549 5362 ipse
2606 5283 2856 5348 asserit;
2917 5279 3016 5350 qui
3052 5277 3099 5332 si
3150 5275 3208 5329 in
3263 5274 3412 5362 hunc
3463 5272 3665 5325 urbem
3719 5283 3780 5362 se

2113 5359 2428 5440 contulerit
2450 5359 2613 5434 anno
2646 5373 2770 5438 379,
2805 5374 2870 5425 ut
2903 5371 3068 5440 putat
3099 5360 3407 5428 Baronius,
3435 5373 3671 5414 necesse
3692 5359 3783 5411 est

2187 5548 2257 5616 (ο)
2287 5540 2549 5597 Primum
2602 5552 2635 5589 a
2665 5532 2796 5616 “die.
2822 5528 3081 5616 secundo
3129 5519 3655 5616 azvrqor‘ujniﬁa‘bm
3673 5517 3781 5616 hoc

2117 5591 2271 5672 enim
2288 5591 2639 5678 die—septem
2665 5603 2937 5667 Sabbata,
2963 5600 3082 5654 sive
3103 5591 3249 5667 sep't.
3275 5591 3655 5649 hebdomadis
3680 5605 3783 5643 nu-

2118 5685 2411 5744 meranda:
2444 5682 2629 5735 erant.
2906 5739 2908 5742 ν

2190 5760 2256 5831 (ι)
2289 5759 2511 5814 Comm.
2537 5751 2594 5805 in
2626 5749 2758 5816 Isa.,
2795 5759 2846 5799 c.
2878 5744 2933 5797 6.
