4100 6420
1644 405 1831 466 νιΤΑ
1879 406 1944 465 8.
1995 403 2399 466 GREGORII.

3613 403 3738 463 220

309 539 375 591 ut
403 535 594 590 tribus
643 534 762 590 fere
792 536 962 590 annis
1010 534 1067 589 in
1100 534 1208 590 hac
1257 536 1399 591 urbe
1446 539 1739 591 versatum
1775 535 1956 590 fuisse
1986 536 2034 601 Α
2066 538 2306 590 teretur.
2340 534 2550 590 Redux
2596 551 2665 590 ex
2712 533 2939 598 itinere,
2982 531 3405 603 benignissime
3446 531 3662 587 iterum
3702 551 3740 589 a

311 624 699 696 Hieronymus
770 625 1198 679 concedamne:
1280 641 1432 678 anno
1510 625 1799 696 siquidem
1852 624 1951 678 381

305 713 619 785 Gregorius
652 713 831 783 hujus
862 713 1022 767 urbis
1060 712 1321 768 Ecclesiae
1368 714 1673 785 praefectus
1717 719 1805 769 est
1834 713 1954 783 epi-

300 820 533 875 scopus.
572 803 632 856 Id
670 820 785 857 non
817 819 966 873 aegre
999 802 1244 857 Baronio
1262 804 1738 871 concederemus,
1766 804 1811 857 si
1838 820 1955 857 suae

303 891 594 963 Opinionis
644 892 842 947 ﬁrmas
894 892 1124 947 afferret
1173 892 1465 958 rationes;
1519 909 1719 948 verum
1765 892 1956 948 nullas

301 981 487 1037 affert.

368 1113 701 1171 CXXXVIII.
739 1113 859 1168 Ortt
884 1116 1028 1169 inter
1055 1114 1387 1169 orthodoxos
1416 1115 1635 1169 discidii
1653 1118 1954 1187 occasione,

369 1187 623 1261 licere/iri
676 1189 806 1261 ipsis
836 1186 1173 1261 __i_nsultandi
1214 1204 1405 1241 ansam
1451 1189 1766 1259 arripiunt,
1827 1186 1957 1261 quo:

374 1257 670 1327 Gregorius
698 1256 936 1330 refellit.

373 1383 598 1437 Interea
626 1380 938 1436 dissidium
974 1382 1125 1437 inter
1154 1382 1506 1437 orthodoxos
1537 1382 1954 1439 Constantino-

300 1469 415 1543 poli
447 1477 712 1526 exortum
743 1476 852 1533 est,
881 1471 1034 1525 unde
1056 1472 1202 1543 ipsis
1233 1472 1561 1527 insultandi
1587 1490 1788 1527 ansam
1810 1472 1955 1528 arri-

297 1559 538 1633 piebant
589 1559 866 1628 haeretici,
919 1577 1065 1631 quos
1115 1561 1345 1632 gemina
1393 1564 1650 1617 oratione
1706 1564 1776 1617 De
1819 1579 1955 1634 pace

297 1648 506 1703 refellit
532 1647 887 1719 Theologus.
915 1648 1234 1704 Dissidium
1271 1650 1412 1705 illud
1446 1668 1557 1705 non
1590 1651 1747 1707 aliud
1783 1653 1952 1707 nobis

296 1737 528 1793 videtur
559 1736 761 1804 fuisse,
807 1754 981 1808 quam
1032 1738 1244 1793 Meletii
1294 1746 1351 1795 et
1382 1740 1606 1795 Paulini
1656 1742 1724 1795 de
1754 1741 1950 1796 Antio-

299 1826 483 1881 cheno
515 1826 853 1897 episcopatu
886 1827 1202 1893 contentio,
1253 1831 1421 1899 cujus
1452 1846 1632 1884 causa
1663 1848 1774 1885 non
1811 1832 1951 1885 urbs

2068 624 2341 696 Gregorio
2392 624 2732 695 suscipitur,
2783 623 2933 676 inter
2989 622 3210 676 amicos
3273 626 3619 676 numeratur
3679 629 3743 678 et

2072 713 2372 769 beneflciis
2404 712 2753 768 cumulatur.
2798 710 3041 766 Fallitur
3070 715 3264 765 tamen
3318 708 3577 781 Gregorii
3606 714 3739 766 vitae

2067 803 2476 874 scriptor,cum
2491 803 2572 857 ait
2587 801 2797 857 Maxim
2809 817 2906 855 um
2922 801 2992 854 ab
3007 816 3073 855 eo
3086 799 3145 854 in
3163 798 3383 853 clerum
3403 801 3733 870 ascriptum

2067 890 2271 947 fuisse.
2303 892 2466 947 Tunc
2497 892 2654 947 enim
2684 891 2939 962 primum
2976 890 3260 961 prolixam
3293 906 3525 945 comam
3558 890 3735 961 depo-

2067 980 2207 1048 suit,
2240 997 2372 1036 cum
2404 980 2714 1052 episcopus
2746 996 2779 1033 a
2810 977 2934 1034 suis
2964 979 3073 1033 fuit
3108 977 3443 1033 ordinatus.

2067 1177 2225 1244 CXL,
2258 1175 2441 1233 CXLI.
2476 1176 2808 1247 Gregorium
2838 1191 2867 1230 e
2896 1191 2994 1229 sua
3014 1174 3141 1247 sede
3174 1175 3477 1247 deturbare
3507 1191 3739 1244 eamque

2138 1249 2395 1303 invadere
2428 1245 2599 1304 leniat
2647 1248 2945 1301 Maximus.
2994 1245 3128 1299 Cum
3156 1262 3319 1300 suum
3356 1245 3537 1300 scelus
3567 1248 3732 1316 perﬁ-

2136 1330 2277 1375 ceret
2304 1321 2595 1385 Maximus,
2636 1320 2899 1389 aperique
2945 1319 3305 1384 incumberet,
3340 1318 3731 1389 deprehensus,

2135 1394 2334 1463 ejectus
2365 1397 2442 1448 est
2475 1392 2586 1447 civi
2591 1396 2722 1447 tate.

2135 1534 2357 1598 Quibus
2387 1534 2536 1589 dolis
2567 1538 2624 1588 et
2667 1533 2972 1587 fraudibus
3018 1532 3307 1587 nefarium
3343 1532 3496 1586 istud
3531 1531 3726 1586 consi-

2065 1623 2236 1689 lium,
2268 1624 2421 1695 quod
2457 1624 2581 1693 jam
2635 1621 2733 1677 diu
2787 1627 2981 1676 mente
3031 1629 3395 1692 conceperat,
3451 1620 3729 1691 perﬁcere

2064 1719 2310 1769 conatus
2341 1712 2415 1767 sit
2448 1711 2625 1767 homo
2659 1710 3081 1781 nequissimus,
3116 1708 3286 1780 longe
3328 1708 3561 1779 lateque
3593 1724 3729 1779 pro-

2064 1801 2333 1873 sequitur
2362 1801 2676 1871 Gregorius
2723 1800 2781 1854 in
2814 1796 3072 1853 carmine
3115 1799 3190 1852 De
3240 1799 3355 1852 vita
3384 1813 3487 1851 sua
3510 1814 3529 1849 :
3559 1796 3729 1851 nobis

300 1915 474 1971 modo
505 1886 1402 1987 conata-ntInOpolitana,Iveru‘m
1436 1919 1611 1973 etiam
1644 1921 1802 1975 orbis
1836 1921 1960 1975 uni-
1990 1910 2032 1973 Β
2064 1896 2147 1987 {'9‘
2185 1890 2295 1987 ίῗτίδ
2344 1906 2576 1987 9‘13?“
2634 1904 2828 1987 rerum
2883 1887 3046 1987 δθξῖυί
3106 1887 3360 1987 fatisia"
3414 1886 3729 1987 Ῑῖοδίίῖυξίξη

299 2020 504 2059 versus
537 2004 827 2059 contraria
856 2005 915 2059 in
948 2006 1141 2061 studia
1184 2008 1578 2063 scindebatur.
1614 2010 1693 2065 De
1741 2009 1833 2064 his
1865 2010 1953 2063 di-

302 2098 463 2149 ctum
481 2092 625 2147 satis
642 2092 701 2147 in
728 2094 946 2149 monito
964 2096 1032 2149 ad
1060 2100 1369 2167 utramque
1386 2098 1705 2153 orationem
1730 2115 1742 2165 ;
1768 2100 1955 2154 ambas

298 2180 456 2236 enim
480 2186 619 2236 sunt
640 2183 711 2237 de
727 2184 929 2238 eodem
954 2192 1320 2256 argumento.
1338 2185 1534 2241 Altera
1555 2187 1862 2259 theologus
1882 2189 1953 2242 ad

297 2285 501 2344 pacem
549 2271 965 2329 dissentientes
1014 2273 1301 2341 hortatur,
1349 2276 1530 2331 altera
1569 2278 1952 2348 compositam

298 2376 501 2432 pacem
556 2360 901 2431 gratulatur.
951 2362 1109 2418 Alias
1156 2365 1450 2420 orationes
1504 2366 1711 2422 habuit
1749 2367 1953 2421 eodem

299 2464 453 2502 anno
483 2448 588 2502 3’79
620 2450 954 2522 Grvgorius,
989 2453 1090 2508 sed
1123 2454 1193 2508 de
1225 2454 1315 2509 bis
1346 2456 1715 2511 commodius
1745 2456 1803 2511 in
1838 2473 1956 2512 mo-

297 2536 440 2593 nitis
470 2538 680 2609 cuique
710 2540 959 2611 praviis.

299 2680 695 2768 CXXX.l_X.A—'-
729 2686 1010 2768 Maximus
1036 2686 1387 2768 philosophus
1429 2688 1953 2768 gonstantinopolim

373 2754 539 2835 venit.
578 2753 745 2835 Quis“
761 2760 813 2808 et
845 2753 1046 2835 qualis
1076 2753 1374 2835 Mummius.
1426 2753 1824 2835 Benz'gnzssirzie
1852 2778 1953 2817 ex-

373 2825 578 2913 qipitur
624 2825 983 2913 a‘Gregorio,
1035 2845 1213 2913 quem.
1245 2831 1391 2913 delia
1418 2841 1485 2913 ,ει
1532 2825 1837 2913 mendacii:
1877 2836 1956 2888 ita

372 2892 593 2965 decipit,
625 2901 684 2949 ut
717 2897 778 2949 in
798 2892 913 2966 ejus
945 2892 1164 2953 laudem
1194 2901 1447 2957 habuerit
1476 2906 1800 2959 orationem.

371 3028 511 3082 Acto
539 3033 625 3083 tot
651 3032 1099 3101 tempestatibus
1131 3033 1406 3106 Gregorio
1455 3035 1569 3090 alia
1600 3036 1793 3091 adhuc
1824 3052 1957 3109 gra-

302 3114 430 3205 vior
453 3122 511 3171 et
541 3116 844 3174 molestior
888 3122 1259 3190 supervenit:
1313 3125 1383 3179 de
1416 3125 1807 3180 turbamentis
1848 3126 1955 3180 Ec-

305 3205 496 3261 clesiae
551 3208 1203 3281 Constantinopolitanae
1269 3231 1302 3268 a
1378 3215 1627 3269 Maximo
1694 3215 1957 3271 excitatis

306 3312 459 3350 anno
489 3296 594 3349 380
625 3275 951 3367 loquimur:
980 3300 1306 3357 Laetissima
1338 3304 1575 3374 quidem
1608 3304 1642 3359 h
1674 3306 1786 3375 'jus
1816 3304 1954 3360 anui
1987 3275 2030 3342 ϐ

310 3385 544 3439 fuerant
576 3386 761 3441 initia.
804 3389 878 3460 (a)
904 3388 1272 3445 Theodosius
1318 3392 1656 3462 imperator,
1695 3394 1821 3464 jam
1853 3395 1958 3449 de-

306 3473 539 3529 bellatis
588 3473 861 3531 hostibus
908 3477 1257 3551 ﬁrmatoque
1301 3482 1467 3551 solio,
1522 3483 1848 3554 baptizatus
1887 3483 1959 3538 ab

303 3564 577 3619 Ascholio
619 3564 1126 3623 Thessalonicensi
1174 3570 1447 3641 episcopo
1495 3572 1800 3637 catholico,
1835 3572 1960 3644 lege

305 3652 443 3708 data
471 3655 541 3709 28
574 3655 892 3724 Februarii,
950 3658 1122 3712 ﬁdem
1175 3675 1351 3730 quam
1402 3660 1694 3717 Damasus
1744 3663 1957 3731 Romae,

307 3742 513 3799 Petrus
543 3744 901 3800 Alexandriae
934 3747 1363 3817 proﬁterentur,
1406 3752 1719 3806 tenendam
1755 3768 1960 3807 sanxe-

304 3837 415 3887 rat.
454 3833 692 3889 Mutatis
721 3833 779 3888 in
816 3835 1025 3890 melius
1059 3836 1489 3893 Catholicorum
1535 3842 1728 3912 rebus,
1765 3841 1961 3912 aliqua

303 3921 579 3992 Gregorio
605 3939 741 3993 spes
772 3929 896 3978 erat
926 3941 987 3979 se
1016 3928 1251 3980 tandem
1278 3944 1417 3998 pace
1449 3928 1790 3997 fruiturum,
1825 3945 1959 3984 cum

307 4010 597 4066 Maximus
630 4028 837 4067 novam
876 4018 933 4067 et
973 4014 1447 4084 periculosiorem
1495 4019 1706 4074 excitat
1738 4024 1961 4091 tempe-

308 4104 540 4155 statem.
574 4099 768 4153 Patria
811 4100 860 4155 is
903 4102 1326 4158 Alexandrinus
1374 4110 1515 4175 erat,
1551 4107 1959 4179 philosophus,

306 4195 469 4245 secta
519 4187 781 4259 cynicus,
854 4190 1234 4259 professione,
1296 4193 1497 4248 habitu
1562 4202 1619 4250 et
1676 4197 1959 4254 moribus.

308 4276 873 4347 Constantinopolim
900 4286 1157 4346 venerat,
1180 4280 1385 4337 habitu
1415 4284 1695 4355 corporis,
1731 4284 1961 4352 baculo,

308 4364 507 4437 pallio,
542 4364 724 4419 barba
770 4370 827 4420 et
870 4366 1093 4436 prolixa
1140 4385 1307 4424 coma
1353 4376 1655 4427 ostentans
1706 4372 1961 4444 philoso-

311 4454 516 4526 phum,
566 4453 758 4509 verbis
805 4460 999 4510 autem
1044 4457 1483 4527 Christianum;
1530 4468 1854 4533 martyrum
1896 4463 1961 4517 ﬁ-

309 4541 479 4609 lium,
529 4558 709 4614 seque
756 4548 1070 4616 martyrem
1111 4547 1431 4617 jactitans;
1483 4550 1781 4606 catholicae
1828 4552 1960 4608 ﬁdei

2066 1979 2382 2043 Maximus,
2412 1978 2488 2050 (b)
2523 2000 2550 2027 ‹‹
2583 1978 2808 2049 peritus
2840 1975 3127 2031 scelerum
3163 1976 3373 2030 artifex
3408 1979 3469 2029 et
3501 1973 3732 2028 machi-

2066 2075 2256 2137 nator,
2304 2090 2330 2117 ››
2376 2068 2501 2122 suis
2557 2066 2881 2122 mendaciis
2926 2064 3311 2120 circumvenit
3341 2063 3730 2132 Theologum.

2064 2158 2252 2212 virum
2313 2157 2653 2225 candidum,
2715 2155 2959 2209 minime
3031 2154 3420 2225 suspicacem,
3478 2152 3732 2222 aliisque

2063 2246 2236 2317 longe
2277 2246 2503 2301 artibus
2554 2252 2903 2316 occupatum
2955 2248 3013 2298 et
3057 2248 3381 2311 assuetum,
3434 2258 3544 2296 sua
3591 2256 3727 2294 eum

2065 2336 2200 2391 sede
2231 2335 2564 2397 deturbare,
2610 2340 2669 2388 et
2701 2349 2829 2388 eam
2878 2332 3150 2387 invaders
3188 2329 3543 2402 aggreditur.
3578 2328 3725 2384 Huic

2064 2444 2127 2483 se
2183 2425 2426 2481 facinori
2487 2429 2803 2495 aptaverat,
2862 2422 3173 2477 avertendo
3232 2420 3514 2492 paulatim
3575 2437 3718 2474 non-

2064 2516 2260 2572 nullos
2290 2533 2324 2569 a
2351 2513 2648 2585 Gregorio,
2698 2528 2846 2583 quos
2878 2512 2950 2566 ab
3001 2511 3127 2581 ipso
3177 2510 3397 2565 alienos
3440 2513 3718 2577 noverat;

2064 2604 2406 2661 asciscendo
2437 2602 2549 2658 sibi
2601 2600 2839 2657 sceleris
2888 2608 3217 2655 consortem
3250 2616 3281 2653 e
3330 2598 3589 2670 Gregorii
3624 2614 3717 2653 sa-

2064 2694 2399 2750 cerdotibus
2432 2707 2661 2754 unum,.
2692 2690 2927 2744 natione
2978 2690 3293 2743 barbarum
3340 2692 3397 2742 et
3431 2687 3721 2752 moribus,

2066 2783 2164 2854 qui
2219 2780 2350 2835 licet
2402 2778 2699 2833 beneﬁciis
2746 2795 2778 2832 a
2829 2777 3103 2847 Gregorio
3148 2775 3505 2839 cumulatus,
3548 2773 3722 2829 veteri

2065 2871 2123 2926 in
2156 2886 2288 2925 eum
2320 2870 2453 2924 odio
2485 2873 2542 2923 et
2592 2866 2810 2921 invidia
2856 2867 3151 2921 urebatur.
3186 2866 3252 2919 Hi
3308 2866 3479 2919 ambo
3511 2862 3724 2935 ingrati

2065 2965 2268 3016 contra
2300 2958 2643 3029 Gregorium
2684 2973 2801 3011 una
2837 2958 3185 3024 conjurant;
3221 2954 3373 3009 viros
3421 2952 3728 3007 seditiosos

2066 3054 2125 3106 et
2162 3048 2234 3103 ad
2269 3046 2570 3119 quodlibet
2614 3045 2807 3101 scelus
2841 3051 3097 3117 paratos,
3127 3049 3457 3114 nautasque
3502 3047 3729 3112 emptos

2068 3137 2318 3210 pecunia
2362 3136 2433 3190 ad
2473 3151 2537 3189 se
2586 3139 2926 3189 convocant.
2978 3132 3289 3187 Pecuniam
3338 3129 3734 3202 suppeditavit

2069 3227 2309 3298 quidam
2344 3224 2668 3295 presbyter,
2703 3223 2803 3293 qui
2853 3238 2922 3277 ex
2969 3221 3126 3277 Naxo
3158 3220 3354 3276 insula
3401 3218 3731 3275 Constanti-

2070 3312 2331 3387 nopolim
2364 3318 2601 3367 venerat
2631 3312 2701 3366 ad
2734 3312 3013 3367 emendas
3045 3327 3147 3381 pro
3178 3310 3434 3363 ecclesiae
3465 3325 3584 3364 sua:
3619 3325 3726 3363 usu

2069 3402 2383 3458 marmoris
2417 3400 2747 3457 Proconesii
2806 3398 3060 3455 tabulas.
3096 3399 3330 3454 Petrum
3378 3396 3726 3452 Alexandri-

2069 3509 2210 3547 num
2254 3508 2288 3546 a
2317 3490 2593 3561 Gregorio
2625 3487 2932 3556 divellunt,
2970 3493 3026 3543 et
3068 3488 3125 3541 in
3175 3504 3342 3542 suam
3376 3487 3725 3542 sententiam

2068 3581 2446 3654 pertrahunt;
2492 3583 2746 3646 Petrum,
2796 3579 3061 3649 inquam,
3114 3578 3435 3645 abducunt,
3488 3575 3729 3645 suisque

2070 3669 2379 3725 fraudibus
2441 3667 2775 3738 perﬁciunt,
2828 3671 2894 3721 ut
2950 3666 3046 3736 qui
3102 3681 3203 3737 per
3259 3664 3487 3718 litteras
3546 3679 3732 3734 nuper

2069 3759 2413 3831 Gregorium
2436 3756 2704 3812 Ecclesia:
2716 3753 3374 3825 Constantinopolitanae
3388 3753 3730 3823 episcOpum

2071 3848 2429 3920 praefecerat,
2466 3845 2601 3900 huic
2634 3844 2901 3899 Ecclesiae
2947 3843 3289 3906 Maximum,
3320 3842 3545 3910 abjecto
3590 3840 3730 3895 Gre-

2070 3936 2255 4009 gorio,
2294 3936 2585 4006 praeﬁcere
2616 3933 2863 3993 laboret,
2889 3933 3200 4003 mittetque
3231 3931 3535 4002 episcOpos
3564 3929 3731 4001 Egy-

2072 4025 2249 4097 ptios,
2285 4024 2386 4096 qui
2416 4024 2819 4094 episcopatum
2869 4020 2953 4075 illi
2993 4022 3328 4075 decernant.
3369 4019 3466 4073 His
3515 4018 3598 4073 ita
3630 4034 3730 4088 pa-

2072 4113 2234 4179 ratis,
2260 4116 2385 4182 jam
2422 4113 2570 4167 facto
2603 4128 2751 4183 opus
2799 4117 2943 4177 erat,
2976 4116 3033 4165 et
3062 4115 3321 4164 extrema
3370 4107 3597 4177 sceleri,
3629 4122 3731 4161 seu

2073 4200 2293 4272 iniquae
2324 4199 2638 4262 molitioni,
2673 4216 2886 4255 manus
2912 4199 3296 4254 admovenda.
3331 4197 3472 4251 Rem
3524 4211 3734 4267 aggre-

2072 4290 2316 4344 diuntur
2360 4306 2465 4361 per
2513 4289 2733 4344 amicas
2783 4290 2971 4344 noctis
3010 4288 3306 4355 tenebras,
3341 4290 3728 4357 Opportunum

2073 4378 2229 4433 nacti
2257 4378 2654 4442 occasionem,
2688 4392 2821 4431 cum
2846 4376 3161 4448 Gregorius
3191 4374 3250 4429 in
3286 4376 3559 4429 morbum
3591 4371 3731 4426 inci-

2072 4467 2277 4523 disset.
2310 4465 2629 4521 Ecclesiam
2681 4466 2986 4532 invadunt,
3029 4464 3349 4519 Maximum
3399 4475 3736 4517 consecrare

2073 4560 2130 4611 et
2156 4555 2216 4609 in
2248 4554 2462 4610 solium
2493 4552 2779 4610 collocare
2812 4553 3109 4609 festinant.
3136 4552 3301 4607 Prius
3332 4558 3528 4606 tamen
3562 4566 3735 4621 quam

309 4648 489 4687 causa
518 4633 854 4688 verberibus
905 4650 1143 4699 caesum,
1184 4644 1359 4707 atque
1407 4639 1464 4692 in
1509 4640 1694 4695 oasim
1735 4647 1959 4696 vastam
1994 4640 2035 4702 ἱ)
2069 4643 2476 4709 absolvissent,
2512 4660 2605 4699 res
2643 4649 2765 4698 tam
2810 4642 3032 4699 nefaria
3080 4641 3357 4706 innotuit,
3392 4655 3735 4709 omnesque,

309 4722 472 4777 illam
516 4722 893 4778 solitudinem
945 4739 1007 4778 se
1056 4724 1372 4796 relegatum
1429 4728 1608 4783 fuisse
1658 4730 1961 4798 mentitus,

309 4826 442 4867 cum
505 4828 701 4867 revera
759 4813 833 4867 ob
899 4812 1223 4869 foedissima
1288 4815 1507 4871 scelera
1572 4817 1630 4871 in
1690 4819 1963 4874 exsilium

309 4901 531 4957 missus
561 4905 735 4966 esset,
772 4907 834 4955 ut
881 4901 1193 4968 Gregorius
1243 4908 1513 4959 testatur.
1565 4906 1711 4969 Quid
1746 4906 1964 4978 plura?

306 4989 621 5060 Gregorius
652 4988 803 5043 dolis
847 4996 906 5045 et
953 4991 1274 5047 mendaciis
1323 4993 1602 5065 deceptus
1653 4994 1809 5050 hunc
1850 4997 1964 5051 hu-

309 5077 655 5131 manissime
705 5084 1027 5150 exceperat,
1081 5097 1286 5135 mensa
1341 5086 1397 5136 et
1454 5088 1603 5138 tecto
1662 5084 1964 5155 dignatus,

308 5170 622 5220 veneratus
669 5170 734 5220 ut
774 5172 1109 5239 martyrem,
1159 5175 1217 5224 et
1246 5170 1482 5225 demum
1536 5189 1638 5242 pro
1687 5174 1964 5229 concione

308 5251 616 5309 laudaret:
669 5255 813 5309 dixit
857 5257 1012 5312 enim
1062 5257 1121 5311 in
1172 5258 1405 5313 laudem
1455 5261 1583 5331 ejus
1641 5262 1963 5317 orationem

308 5341 493 5408 illam,
528 5342 620 5397 cui
673 5344 880 5400 titulus
928 5348 988 5401 in
1036 5347 1261 5403 laudem
1304 5350 1549 5415 Heronis,
1599 5366 1727 5421 qua:
1771 5350 1964 5406 forsan

309 5437 556 5486 exeunte
587 5449 739 5486 anno
770 5433 874 5486 379
923 5436 1122 5491 habita
1149 5443 1238 5492 est
1309 5437 1475 5493 Hunc
1506 5438 1619 5492 alio
1671 5440 1966 5510 profectu-

310 5535 443 5574 rum
478 5520 703 5591 rogavit
731 5519 1066 5593 Gregorius,
1100 5529 1165 5579 ut
1186 5526 1755 5599 ConstantinOpolim
1780 5544 1966 5583 rever-

385 5714 445 5787 a)
470 5714 601 5773 God.
638 5715 834 5773 ἹΙιεοά.
864 5734 978 5786 xu,
1006 5719 1061 5777 4.
1094 5718 1134 5774 l.
1162 5724 1216 5775 2.
1249 5738 1308 5793 p.
1341 5722 1430 5778 45.

2072 4750 2189 4789 non
2218 4733 2389 4787 modo
2422 4732 2797 4794 orthodoxos,
2838 4748 3041 4787 verum
3076 4731 3237 4802 ipsos
3278 4729 3453 4784 etiam
3492 4728 3737 4783 Arianos

2074 4821 2313 4876 horrore
2362 4821 2574 4876 affecit.
2625 4820 2982 4875 Concurrere
3031 4835 3236 4874 omnes
3284 4818 3356 4872 ad
3405 4817 3733 4882 ecclesiam,

2072 4909 2521 4981 deprehendunt
2578 4908 2639 4963 in
2696 4924 2846 4981 opus
2916 4908 3253 4979 peregrinos
3331 4905 3737 4960 incumbentes

2071 4999 2402 5070 episcopos,
2436 4996 2494 5051 in
2544 5013 2645 5053 eos
2676 4996 3072 5053 conclamant.
3108 4996 3332 5063 Quibus
3363 4992 3738 5049 conclaman-

2076 5086 2260 5153 tibus,
2297 5086 2591 5142 Maximus
2612 5103 2745 5141 cum
2779 5085 2907 5141 suis
2927 5084 3132 5157 effugit
3160 5082 3442 5156 IEgyptiis
3473 5100 3485 5136 :
3520 5087 3644 5137 tum
3675 5081 3736 5136 in

2072 5176 2373 5231 sordidam
2404 5174 2705 5230 Choraulm
2732 5173 3153 5230 domunculam
3193 5171 3464 5244 ingressi,
3501 5171 3738 5226 clancu-

2074 5264 2198 5319 lum
2230 5264 2421 5319 scelus
2451 5264 2795 5320 inchoatum
2830 5262 3161 5319 absolvunt.
3200 5263 3324 5315 Haec
3362 5261 3471 5315 fuit
3502 5259 3737 5315 Maximi

2073 5352 2385 5418 ordinatio,
2418 5352 2520 5424 qui
2551 5353 2780 5408 furente
2813 5352 2999 5425 plebe,
3038 5356 3275 5422 totaque
3321 5350 3378 5404 in
3410 5365 3545 5405 eum
3576 5349 3739 5420 plau-

2073 5447 2195 5497 stro
2227 5441 2622 5497 conviciorum
2674 5442 3031 5510 effundente,
3082 5441 3301 5510 ejectus
3347 5444 3439 5494 est
3486 5438 3737 5493 civitate.

2074 5529 2393 5603 Repulsam
2418 5546 2661 5602 quoque
2708 5547 2745 5586 a
2782 5529 3111 5586 Theodosio
3163 5544 3374 5600 passus
3423 5531 3530 5591 est,
3558 5542 3735 5598 quem

2146 5724 2225 5800 (b)
2254 5724 2447 5784 Carm.
2478 5727 2556 5786 De
2584 5726 2705 5785 Vita
2730 5741 2850 5798 sua,
2884 5741 2939 5783 v.
2972 5725 3133 5781 1000.
