4100 6398
397 402 509 461 121

1741 399 1929 460 VITA
1977 399 2042 460 S.
2090 398 2493 462 GBEGORII.

402 551 535 591 cum
570 534 697 590 suis
718 535 1008 606 episcopis
1058 534 1364 602 Maximus,
1398 551 1567 606 opem
1619 534 2057 606 imploraturos,
2093 535 2141 601 Α
2177 533 2461 590 Chronico.
2497 535 2625 591 Mox
2678 535 2996 606 imperator
3052 551 3172 590 una
3225 550 3357 589 cum
3389 533 3666 604 Gregorio
3697 549 3822 589 ma-

402 624 547 679 adiit
576 624 1007 679 Thessalonicae
1063 624 1213 678 circa
1267 641 1522 679 mensem
1557 630 1885 694 Augustum
1921 621 2058 676 anni
2160 623 2351 693 jorem
2389 624 2688 680 basilicam
2733 625 3093 695 ingreditur:
3131 640 3244 694 quo
3276 622 3449 676 simul
3483 628 3546 676 ut
3576 621 3821 688 ingressi

403 713 527 768 380.
569 713 716 766 Tum
781 713 1180 768 AleXandriam
1238 713 1398 784 petit,
1457 714 1769 784 ipsumque
1828 712 2060 766 Petrum

406 802 588 872 hujus
624 803 784 856 urbis
819 803 1159 873 episcopum
1191 803 1550 874 aggreditur,
1582 803 1732 857 etab
1762 818 1827 856 eo
1862 807 2057 872 postu-

411 891 513 958 lat,
549 897 615 944 ut
655 889 738 944 vel
799 892 994 945 sedem
1057 891 1762 962 ConstantinOpolitanam
1821 888 2060 959 adipisci

411 979 605 1044 faciat,
640 978 728 1033 vel
790 996 962 1034 suum
1025 980 1137 1051 ipsi
1192 981 1406 1034 solium
1442 981 1672 1047 tradat;
1707 979 1806 1034 sed
1859 983 2067 1048 prtetor

405 1083 539 1121 cum
578 1084 752 1122 manu
816 1068 1053 1123 militari
1112 1069 1529 1139 superveniens
1588 1067 1907 1123 Maximum
1964 1082 2064 1120 ex-

406 1155 582 1226 pulit.

405 1261 618 1316 CXLII.
670 1263 969 1335 Pereulsus
1025 1263 1210 1319 dolore
1264 1267 1584 1335 Gregorius,
1643 1263 1920 1318 solabatur
1974 1277 2068 1332 spe

702 1334 1014 1390 discedendi
1040 1337 1254 1406 copiam
1281 1353 1338 1391 se
1370 1334 1814 1391 Consecuturum.

485 1426 705 1477 interea
757 1422 1093 1494 Gregorius,
1128 1441 1302 1492 quam
1348 1424 1600 1487 maximo
1634 1422 1937 1495 perculsus
1963 1421 2070 1475 do—

411 1511 552 1576 lore,
586 1512 637 1564 id
697 1517 894 1566 tamen
955 1512 1146 1567 solatii
1179 1513 1453 1577 habebat,
1488 1513 1643 1584 quod
1707 1528 1841 1583 spes
1874 1511 2073 1581 aliqua

410 1599 726 1669 aifulgebat
785 1601 839 1655 id
894 1617 956 1655 se
1013 1607 1491 1668 consecuturum,
1530 1607 1592 1656 ut
1644 1601 1754 1656 sibi
1816 1601 1887 1654 ab
1931 1599 2073 1654 urbe

407 1689 746 1742 discedendi
807 1691 971 1759 copia
1029 1690 1287 1744 daretur.
1335 1691 1518 1760 Cujus
1569 1688 1878 1744 consilium
1939 1703 2072 1742 cum

407 1775 662 1847 pOpulus
708 1778 1079 1848 cognovisset
1113 1795 1181 1833 ex
1240 1779 1598 1849 quibusdam
1661 1777 1873 1844 verbis,
1907 1776 2074 1847 queis

409 1871 476 1919 ut
510 1881 748 1919 suorum
777 1883 1066 1921 memores
1121 1872 1316 1922 essent
1373 1867 1639 1922 laborum
1686 1867 2070 1928 hortabatur;

406 1953 489 2023 (a)
516 1959 640 2009 tum
677 1959 824 2010 facto
855 1957 1109 2027 agmine,
1147 1955 1274 2022 viri,
1329 1956 1917 2026 mulieres,juvenes,
1968 1953 2074 2007 vir-

405 2042 596 2113 gines,
649 2059 837 2108 senes,
921 2044 1170 2109 nobiles,
1248 2043 1556 2116 ignobiles,
1620 2046 2075 2098 circumstantes

408 2137 756 2201 queruntur,
777 2132 890 2186 vim
930 2149 1073 2203 pene
1107 2133 1383 2198 inferunt,
1417 2150 1588 2187 suum
1623 2132 1897 2202 ejulando
1933 2148 2074 2202 prae-

409 2219 596 2273 sulem
629 2236 660 2273 a
693 2221 982 2274 sententia
1041 2221 1345 2275 demovere
1405 2222 1696 2275 nituntur.
1743 2221 1904 2283 Quod
1940 2236 2075 2274 cum

409 2314 744 2362 constanter
801 2314 1113 2376 recusaret,
1153 2310 1420 2378 precibus
1480 2313 1718 2363 exorant
1775 2315 1838 2362 ut
1868 2307 2076 2372 saltem

412 2403 663 2464 maneat,
701 2414 802 2452 nec
844 2398 1112 2452 trucibus
1168 2398 1322 2470 lupis
1355 2415 1590 2469 gregem
1651 2397 1920 2452 addicat:
1958 2395 2076 2450 sic-

413 2501 529 2557 que
558 2485 665 2556 ipsi
723 2501 1064 2540 concessum
1121 2491 1207 2540 est
1267 2489 1408 2540 urbe
1439 2486 1658 2557 egredi,
1694 2492 1757 2539 ut
1815 2485 2078 2556 corporis

413 2574 716 2644 animique
774 2575 928 2629 vires
987 2592 1052 2629 ea
1084 2580 1434 2645 tempestate
1493 2573 1761 2628 nonnihil
1819 2573 1983 2628 lassas
2016 2573 2074 2626 in

409 2661 549 2716 villa
578 2662 1015 2733 aliquantulum
1070 2669 1445 2718 restauraret.
1479 2663 1603 2718 Non
1631 2664 1708 2717 ita
1742 2662 1926 2717 multo
1952 2665 2083 2733 post

414 2753 597 2806 redux
659 2752 1004 2816 orationem,
1082 2753 1218 2807 olim
1279 2769 1480 2820 xxvm,
1541 2769 1696 2806 nunc
1771 2769 1922 2813 xxvx,
1983 2751 2082 2805 ha-

414 2841 561 2906 buit,
596 2857 722 2910 quae
781 2841 990 2895 miram
1052 2841 1306 2911 pastoris
1365 2857 1502 2912 ergo
1560 2856 1695 2895 oves
1727 2839 2080 2896 charitatem

416 2929 625 2999 spirat.

416 3015 874 3072 CXLIII-CXLV.
941 3019 1259 3073 Theodosius
1318 3017 1854 3088 Constantinopolim
1910 3017 2080 3072 venit.

489 3088 795 3156 Honoriﬁce
825 3089 1144 3159 Gregorium
1201 3093 1440 3160 excipit:
1481 3088 1859 3158 Demophilum
1891 3090 2082 3158 cjicit:

489 3160 745 3214 ecclesias
817 3163 1110 3231 (.fatholicis
1160 3163 1419 3216 restituit.
1480 3163 1741 3231 Majorem
1798 3161 2085 3214 basilicam

487 3231 796 3300 ingreditur
826 3230 1119 3300 Gregorius
1172 3249 1285 3286 una
1343 3248 1467 3286 cum
1500 3230 1828 3287 Theodosio:
1861 3232 2080 3289 caelum.

530 3301 630 3354 uod
660 3306 824 3355 antea
856 3305 1112 3357 nubilum
1168 3308 1307 3374 erat,
1340 3307 1626 3358 serenatur
1680 3303 1750 3357 ad
1779 3304 2082 3373 ingressum

525 3375 742 3442 iregorii
773 3375 829 3427 in
864 3375 1149 3444 templum.

492 3460 594 3514 Hic
625 3467 750 3515 erat
784 3479 976 3516 rerum
1011 3465 1225 3528 status,
1258 3445 1404 3518 cum.
1437 3461 1802 3518 Theodosius
1833 3462 2085 3517 Thessa-

416 3547 610 3603 lonica
666 3550 1230 3622 Constantinopolim
1264 3552 1424 3606 venit
1472 3553 1565 3606 die
1619 3551 1965 3606 Novembris
1994 3551 2086 3614 24,

418 3637 557 3690 anni
589 3637 714 3691 380.
746 3639 831 3692 Ab
861 3638 985 3709 ipso
1019 3638 1250 3710 imperii
1284 3640 1375 3694 sui
1410 3639 1576 3695 initio
1609 3637 1751 3694 nihil
1787 3638 2089 3710 antiquius

420 3725 707 3778 habuerat
755 3741 932 3796 quam
984 3727 1055 3780 de
1111 3726 1224 3780 ﬁde
1285 3725 1570 3780 catholica
1627 3725 1774 3779 bene
1836 3724 2086 3781 mereri:

423 3835 451 3861 ‹‹
486 3813 844 3868 Justissimis
875 3820 929 3868 et
982 3813 1554 3869 misericordissimis
1589 3812 1841 3884 legibus,
1876 3817 1942 3866 ut
1975 3814 2090 3867 Au-

421 3903 644 3973 gustini
677 3904 866 3958 verbis
889 3909 1020 3957 utar
1045 3905 1146 3974 (b),
1183 3905 1517 3958 «adversus
1548 3903 1762 3973 impios
1796 3885 2090 3955 laboranti

421 3991 692 4044 Ecclesia
725 3992 1034 4046 subvenire
1068 4013 1096 4041 »
1122 4009 1235 4046 non
1268 3995 1617 4055 cessaverat,
1651 4005 1829 4060 quam
1881 3989 2091 4044 Valens

422 4079 749 4145 haereticus,
814 4079 1076 4150 impense
1151 4081 1349 4135 favens
1408 4081 1659 4147 Arianis,
1715 4079 2093 4134 vehementer

423 4166 746 4230 alﬂixerat;
779 4169 950 4238 cujus
986 4167 1248 4223 Ecclesiae
1287 4192 1306 4216 α
1345 4169 1680 4223 membrum
1711 4183 1860 4234 esse,
1897 4165 2088 4238 magis

425 4272 604 4326 quam
657 4257 714 4308 in
777 4257 947 4311 terris
1007 4272 1251 4328 regnare
1308 4257 1690 4327 gaudebat.»
1746 4257 2090 4326 Gregorium

423 4359 604 4415 quam
636 4343 1226 4399 honoriﬁcentissime
1272 4344 1638 4399 Theodosius
1697 4344 1928 4414 excipit,
1963 4359 2094 4396 am-

425 4433 714 4503 plexatur,
746 4433 993 4504 benigne
1037 4433 1375 4502 alloquitur,
1413 4434 1768 4505 praecipuam
1804 4433 1967 4487 urbis
1998 4448 2092 4486 er.-

423 4521 688 4586 clesiam,
738 4520 1020 4574 nimirum
1094 4521 1315 4575 Sanctae
1374 4521 1628 4592 SOphiae,
1685 4538 1862 4592 quam
1922 4520 2095 4574 annis

2171 713 2350 782 fuere,
2385 713 2493 780 sol,
2528 715 2626 784 qui
2661 713 2823 785 prius
2853 719 2977 767 erat
3007 713 3065 766 in
3100 711 3323 775 nubilo,
3355 709 3601 765 refulsit.
3628 733 3655 760 α
3681 709 3824 771 lbi,»

2171 803 2363 874 inquit
2394 804 2727 874 Gregorius,
2760 828 2789 855 ‹‹
2821 821 2952 858 cum
3015 804 3124 858 hoc
3173 803 3506 874 spectaculo
3545 801 3827 856 subiisset

2173 894 2400 949 animos
2435 895 2663 959 fiducia,
2698 912 2824 965 quae
2857 895 3058 949 aderat
3089 892 3406 947 multitudo
3438 891 3684 957 inﬁnita,
3713 889 3828 944 cla-

2174 999 2334 1038 mare
2365 984 2504 1038 totis
2534 983 2756 1038 viribus
2792 999 2856 1037 ac
2914 984 3229 1053 deposcere
3261 998 3365 1036 nos
3411 979 3836 1051 impraesentia-

2175 1088 2304 1126 rum
2339 1072 2492 1127 haud
2528 1072 2695 1127 aliter
2726 1089 2791 1126 ac
2840 1072 2890 1126 si
2923 1071 3030 1126 hoc
3090 1087 3272 1125 unum
3331 1069 3634 1135 defuisset,
3671 1066 3832 1138 prin-

2175 1177 2428 1232 cepsque
2459 1176 2524 1214 ac
2556 1161 2875 1215 maximum
2904 1177 2937 1213 a
2988 1174 3223 1213 summo
3265 1156 3523 1228 principe
3556 1155 3664 1210 hoc
3694 1153 3835 1210 civi-

2176 1250 2278 1304 tati
2311 1249 2539 1303 thronis
2571 1249 2716 1319 ipsis
2774 1249 3246 1318 anteponendum
3302 1262 3544 1314 munus,
3576 1244 3626 1300 si
3675 1242 3842 1298 urbis

2178 1337 2324 1393 solio
2357 1337 2719 1409 (epiBCOpali)
2750 1340 2821 1393 ab
2869 1338 2996 1409 ipso
3026 1337 3402 1390 donaremur.
3438 1333 3555 1388 Hoc
3607 1332 3711 1386 viri
3747 1331 3840 1385 di-

2180 1428 2401 1499 gnitate
2460 1426 2756 1496 praecipui,
2787 1425 2895 1480 boc
2954 1425 3224 1479 inﬁmum
3283 1422 3493 1493 vulgus
3550 1419 3835 1491 agitabat.

2180 1515 2395 1571 Omnes
2426 1532 2494 1570 ex
2547 1531 2712 1586 isquo
2745 1531 2866 1569 rem
2924 1514 3352 1568 desiderabant.
3407 1511 3523 1565 Hoc
3553 1508 3672 1564 alta
3701 1523 3840 1563 voce

2184 1605 2458 1660 mulieres
2491 1604 2907 1669 inclamabant,
2943 1619 3087 1673 pene
3136 1601 3386 1671 amplius
3417 1615 3594 1670 quam
3629 1597 3837 1652 mulie~

2183 1711 2275 1749 res
2302 1696 2549 1748 deceret.
2575 1692 2920 1748 Incredibile
2936 1691 3230 1763 quoddam
3253 1704 3592 1761 repercusso
3613 1688 3839 1757 fragore

2185 1783 2402 1838 tonitru
2436 1783 2804 1836 audiebatur.
2842 1802 2870 1829 »

2105 1907 2150 1970 Β
2187 1871 2680 1953 CXLVI-CXLVII.
2714 1871 3044 1970 Episcopale
3098 1869 3301 1954 solium
3324 1872 3385 1922 ut
3440 1864 3844 1970 conscenderet;

2255 1946 2506 2013 quamvis
2537 1958 2721 1997 omnes
2769 1934 3036 2013 peterent,
3068 1943 3191 2010 cogi
3244 1957 3357 2013 non
3403 1946 3608 2008 potest.
3641 1937 3703 1991 In
3723 1934 3847 1989 sede

2257 2011 2864 2084 Constantinopolitana
2889 2012 3178 2079 Gregorius
3198 2011 3516 2067 collocatur.

2256 2105 2420 2157 Tunc
2455 2103 2691 2174 quidem
2717 2103 2920 2157 victrix
2948 2102 3056 2155 fuit
3085 2099 3362 2170 Theologi
3397 2095 3704 2162 modestia,
3738 2110 3843 2148 nec

2185 2191 2309 2262 cogi
2373 2191 2564 2263 potuit
2621 2196 2686 2245 ut
2741 2189 3068 2261 episcopale
3125 2189 3335 2244 solium
3384 2184 3841 2242 conscenderet:

2184 2296 2385 2335 verum
2420 2280 2490 2334 ad
2524 2280 2780 2350 agendas
2837 2279 2952 2334 Deo
2986 2279 3204 2350 gratias
3238 2275 3431 2348 populi
3466 2275 3662 2329 studia
3693 2295 3721 2322 «
3753 2271 3843 2326 vir

2187 2369 2440 2439 divinus,
2468 2369 2811 2424 Theodoreti
2861 2370 3034 2422 verba
3076 2373 3214 2421 sunt
3237 2367 3336 2438 (Δ),
3381 2365 3623 2437 provida
3651 2363 3845 2417 dexte-

2188 2457 2358 2511 ritate
2416 2457 2720 2511 convertit.
2759 2457 3127 2510 Frendebant
3182 2455 3404 2522 Ariani,
3437 2453 3536 2508 sed
3597 2452 3848 2506 circum-

2189 2550 2412 2601 stantes
2445 2544 2662 2600 milites
2721 2545 2828 2600 bos
2860 2545 2916 2598 in
2978 2544 3170 2599 ofﬁcio
3203 2547 3577 2596 continuere:
3625 2562 3650 2586 ιι
3687 2538 3849 2594 Unus

2189 2639 2419 2689 tantum
2475 2635 2635 2689 ensis
2670 2635 2924 2688 nudatus
2984 2633 3094 2687 fuit
3127 2639 3184 2686 et
3238 2635 3438 2702 postea
3489 2627 3848 2691 reconditus,

2191 2724 2488 2794 fractaque
2508 2723 2692 2794 plebis
2711 2722 2974 2777 audacia.
3003 2744 3031 2770 »
3057 2721 3369 2792 Aliquanto
3403 2725 3533 2790 post
3564 2723 3849 2787 tempore,

2191 2830 2320 2868 cum
2359 2812 2620 2866 unanimi
2653 2812 2916 2866 omnium
2957 2811 3228 2865 ordinum
3265 2807 3665 2880 postulationi,
3698 2803 3850 2859 votis

2192 2907 2248 2957 et
2276 2901 2656 2967 clamoribus,
2690 2901 2970 2972 suffragia
3020 2899 3428 2970 episcoporum
3462 2895 3846 2969 plenariique,

2192 3007 2306 3046 non
2337 2990 2642 3062 provinciis
2670 2991 2885 3054 solum,
2912 2989 3010 3043 sed
3071 2987 3324 3043 Orientis
3385 2986 3562 3041 etiam
3597 2999 3740 3055 pene
3771 2988 3854 3037 to-

2193 3081 2313 3134 tius
2345 3085 2400 3134 et
2443 3077 2783 3133 mcumenici
2836 3077 3064 3132 concilii
3100 3077 3253 3148 quod
3304 3075 3669 3130 Theodosius
3710 3088 3850 3126 con-

2193 3172 2446 3228 vocarat,
2475 3167 2829 3223 renuntiatio
2861 3166 3200 3221 solemniter
3231 3163 3596 3226 accessisset,
3629 3161 3687 3215 in
3720 3159 3856 3214 sede

2113 3269 2155 3335 ρ
2193 3255 2840 3326 Constantinopolitano.
2861 3256 3200 3310 clamanset
3250 3269 3490 3325 gemens
3536 3250 3856 3305 collocatus

2194 3352 2286 3400 est
2307 3345 2640 3416 Gregorius.
2659 3344 2985 3415 «Quidquid
3010 3344 3268 3412 Oriens,»
3299 3344 3490 3413 inquit
3509 3343 3597 3411 (θ).
3629 3363 3656 3388 u
3681 3338 3854 3392 habe-

2195 3435 2315 3497 bat,
2350 3439 2590 3504 excepta
2621 3435 2884 3505 lEgypto,
2919 3432 3114 3504 populi
3147 3432 3475 3486 antistitum
3511 3430 3581 3484 ad
3606 3428 3849 3484 Romam

2198 3539 2386 3594 usque
2413 3524 2756 3589 secundam,
2790 3527 2954 3576 terrae
2989 3525 3284 3591 marisque
3308 3537 3376 3574 ex
3407 3518 3633 3572 intimis
3665 3531 3854 3571 reces-

2199 3613 2365 3667 sibus
2395 3612 2752 3666 concitatum
2784 3611 2937 3664 coiit.
2973 3609 3074 3664 His
3123 3608 3471 3680 praesidebat
3509 3607 3598 3660 vir
3645 3605 3854 3674 pietate

2201 3701 2562 3756 maximus...
2600 3698 2862 3754 moribus
2913 3699 3124 3752 melius
3175 3702 3231 3750 et
3266 3696 3504 3750 nomine
3535 3693 3856 3764 (Meletium

2201 3792 2538 3863 signiﬁcat).
2570 3789 2634 3843 Hi
2673 3805 2762 3843 me
2810 3787 3096 3842 collocant
3128 3787 3482 3855 ﬁrmantque
3514 3783 3570 3836 in
3606 3786 3860 3852 augusta

2201 3881 2339 3935 sede
2365 3880 2714 3933 clamantem
2747 3883 2803 3931 et
2825 3882 3174 3948 gementem,
3215 3891 3330 3929 una
3359 3879 3555 3928 tamen
3586 3871 3660 3926 de
3687 3887 3864 3926 causa

2202 3986 2316 4024 non
2352 3968 2518 4039 plane
2559 3970 3003 4038 repugnantem.

2200 4056 2484 4112 CXLVIII.
2515 4055 2735 4110 Summo
2791 4070 3053 4109 consensu
3095 4053 3381 4120 Gregorius
3438 4054 3495 4105 in
3541 4050 3662 4106 sede
3691 4049 3857 4103 Cons-

2273 4129 2735 4270 fiarrir‘wpolilana
2758 4127 3074 4193 collocatus,
3127 4124 3336 4179 nullius
3363 4140 3502 4195 pene
3529 4123 3861 4194 suﬂragium

2311 4215 2338 4254 e
2366 4216 2422 4253 ut
2455 4241 2467 4253 .

2273 4288 2354 4342 Ne
2385 4288 2618 4358 quidem
2657 4287 3054 4358 Egyptiorum
3114 4300 3439 4339 consensus
3475 4283 3705 4338 videtur
3759 4280 3861 4334 de-

2205 4378 2417 4443 fuisse;
2443 4393 2592 4446 quos
2624 4376 2866 4440 scilicet,
2901 4376 3153 4428 maxime
3186 4374 3278 4428 his
3311 4372 3521 4439 verbis,
3549 4371 3868 4440 alloquitur

2205 4465 2553 4536 Gregorius:
2616 4487 2642 4512 «
2699 4463 2826 4517 Heri
2861 4463 3254 4525 inthronistaa,
3311 4461 3480 4516 hodie
3541 4463 3870 4532 persecuto-

2209 4570 2335 4609 res:
2374 4578 2393 4604 ιτ
2435 4560 2491 4607 et
2523 4553 2732 4606 throno
2767 4551 3066 4621 nimirum,
3101 4553 3157 4604 in
3221 4567 3336 4620 quo
3368 4567 3466 4603 vos
3497 4549 3606 4620 ipsi
3637 4564 3728 4601 me
3761 4546 3868 4600 colo

427 4612 1268 4708 q“adraglmﬁoccuPavmm
1312 4611 1532 4708 Αῗῗθζηξ]
1568 4611 1748 4708 tradi;
1784 4611 1878 4708 hij"
1904 4611 2095 4708 verbis
2131 4633 2174 4697 D
2204 4642 2440 4697 Iocastis
2477 4641 2622 4703 heri,
2657 4641 2825 4694 hodie
2858 4611 3217 4708 dejicientes.
3242 4611 3450 4708 Itaque
3483 4611 3706 4691 nullius
3737 4651 3866 4705 pro-

427 4717 562 4756 eum
597 4701 952 4772 compellans
975 4703 1083 4772 (c):
1150 4724 1175 4749 ‹‹
1214 4707 1316 4754 Dat
1348 4701 1452 4755 tibi
1488 4700 1641 4754 Deus
1691 4706 1746 4755 et
1778 4701 1896 4754 tuis
1935 4700 2096 4754 labo-

431 4790 597 4843 ribus
632 4806 731 4860 per
762 4806 866 4843 nos
897 4789 1180 4860 templum
1216 4790 1395 4857 istud,
1433 4811 1459 4837 ››
1512 4794 1622 4843 etc.
1657 4788 2095 4859 DemOphilum,

431 4879 532 4948 qui
567 4877 821 4932 Eudoxio
880 4878 1088 4932 Ariano
1149 4878 1402 4932 Arianus
1462 4878 1586 4949 ipse
1643 4883 2006 4932 successerat
2035 4877 2096 4931 in

428 4965 1077 5037 Constantinopolitana
1184 4967 1342 5033 sede,
1424 4967 1671 5021 accersit
1753 4967 2097 5037 imperator,

432 5061 631 5110 monet
664 5060 726 5108 ut
783 5054 1048 5108 abdicata
1080 5054 1284 5109 haeresi
1346 5055 1520 5109 ﬁdem
1585 5055 1932 5110 catholicam
1963 5071 2096 5109 cum

429 5145 557 5199 suis
590 5143 966 5214 proﬁteatur;
1002 5144 1154 5213 quod
1210 5160 1276 5197 eo
1309 5150 1579 5214 negante,
1606 5144 1789 5215 jussit
1831 5143 2097 5199 Theodo-

430 5233 555 5288 sius
589 5231 893 5287 haareticos
926 5231 1188 5286 ecclesiis
1224 5232 1522 5301 excedere,
1556 5249 1704 5304 quas
1754 5231 2097 5287 orthodovis

429 5321 707 5375 restituit.
747 5321 870 5374 Ilaec
919 5321 988 5373 26
1041 5320 1376 5375 Novembris
1429 5321 1746 5392 contigisse
1779 5328 1982 5375 auctor
2006 5327 2097 5375 est

433 5411 738 5476 Socrates;
801 5425 998 5464 mense
1052 5426 1187 5464 vero
1245 5409 1550 5464 Decembri
1601 5408 1978 5464 Marcellinus
2038 5410 2096 5464 in

507 5570 583 5639 (a)
635 5567 736 5644 Kal
810 5570 916 5644 τῶν
976 5566 1121 5638 ἐμῶν
1187 5567 1485 5644 μέμνησθε,
1555 5564 1831 5644 φίλτατοι,
1890 5567 2094 5626 πόνων.

442 5649 632 5696 Carm.
666 5643 742 5696 De
775 5643 909 5695 Vita
936 5657 1058 5705 sua,
1093 5657 1144 5694 ν.
1185 5641 1338 5696 1064.

508 5713 583 5784 (b)
615 5713 742 5771 Lib.
774 5729 809 5768 ν
837 5712 912 5768 De
939 5713 1116 5780 civit,
1149 5726 1201 5767 ο.
1221 5711 1312 5769 26.

2208 4734 2521 4803 pemodum
2556 4730 2612 4783 in
2657 4735 2774 4783 toto
2808 4728 3052 4782 concilio
3083 4727 3336 4798 generali
3385 4742 3709 4779 consensus
3741 4724 3863 4776 suf-

2210 4820 2533 4889 iragiumve
2565 4818 2768 4871 defuit.
2804 4817 3051 4871 Demum
3115 4832 3226 4868 non
3263 4814 3447 4868 defuit
3497 4813 3683 4882 ipsius
3730 4811 3867 4866 Gre-

2207 4909 2354 4980 gorii
2386 4923 2732 4970 consensus,
2771 4929 2790 4952 ι
2829 4923 2943 4958 una
2974 4911 3168 4958 tamen
3195 4904 3265 4957 de
3296 4919 3475 4958 causa
3507 4919 3620 4956 non
3657 4916 3866 4972 repug-

2209 4998 2425 5051 nantis.
2453 4996 2596 5050 Hinc
2647 4999 2888 5064 apparet
2949 5010 3122 5063 quam
3167 4992 3425 5063 legitime
3457 4996 3513 5045 et
3542 4989 3835 5045 canonibu

2207 5086 2623 5143 convenienter
2653 5081 3312 5153 Constantinopolitanae
3344 5080 3617 5135 Ecclesiae
3646 5079 3871 5150 episco-

2210 5193 2320 5248 pus
2352 5181 2584 5229 creatus
2609 5173 2685 5227 sit
2711 5172 3050 5243 Gregorius,
3087 5176 3261 5241 atque
3294 5169 3620 5223 habendus.

2208 5265 2448 5320 CXLIX.
2486 5261 2709 5317 Gemens
2741 5270 2795 5315 et
2821 5262 3088 5323 clamans,
3122 5275 3238 5312 non
3287 5268 3469 5312 tamen
3506 5259 3676 5326 plane
3705 5272 3872 5327 repu-

2610 5351 2788 5403 gnans
2826 5331 3123 5385 collocatur
3154 5328 3464 5400 Gregorius.

2279 5426 2553 5489 Quasnam
2588 5428 2782 5476 autem
2826 5420 2925 5473 illa
2959 5437 3074 5473 una
3107 5421 3216 5473 fuit
3264 5435 3463 5488 causa,
3487 5435 3592 5473 cur
3632 5417 3718 5473 vir
3747 5422 3866 5472 tam

2279 5569 2349 5640 (ε)
2383 5569 2581 5640 Carm.
2609 5564 2744 5640 i,_v.
2779 5562 2901 5640 3th.

2341 5645 2358 5709 )
2387 5636 2631 5709 Theod.,
2666 5633 2799 5709 l.__x_i,
2831 5634 3147 5709 Hist._,_c;5
3175 5637 3231 5690 et
3259 5634 3314 5687 6.

2303 5644 2358 5709 ά)
2387 5644 2631 5700 'l‘heod.,
2666 5644 2703 5688 ι.
2740 5650 2799 5697 ι,
2831 5644 2994 5702 mst.,
3027 5649 3078 5688 ο.
3111 5644 3116 5685 ε

2279 5644 2350 5782 ξε)
2376 5712 2566 5766 Carm.
2601 5707 2676 5761 De
2703 5704 2834 5773 Vit.,
2867 5721 2922 5760 ν.
2957 5705 3116 5760 1517.
