4100 6412
1595 410 1785 476 νιτλ
1825 409 1896 474 Β..
1939 408 2346 475 σιεαοιιη.

3567 413 3704 482 2M

267 541 571 598 modestus
617 543 880 615 cogenda
936 543 1203 600 Ecclesia
1249 552 1474 611 curam,
1525 546 1680 618 quod
1739 546 1914 602 toties
1942 546 1996 613 Α
2030 545 2146 601 Hoc
2177 545 2376 601 audito
2426 545 2632 603 civitas
2688 548 2884 604 omnis
2939 549 3086 619 qua,
3118 549 3193 606 ob
3249 550 3467 608 tradita
3497 553 3702 611 ortho-

265 631 703 701 detrectaverat,
763 634 1062 705 suscipere
1120 651 1234 691 non
1289 636 1690 692 recusaverit?
1755 637 1921 693 Pacis

267 719 552 774 studium.
577 720 701 783 Quo
723 721 879 776 enim
913 722 1311 779 Sasimensem
1346 725 1600 796 primum
1639 725 1787 798 fugit
1808 727 1924 798 epis

266 812 595 882 scopatum.
627 811 836 868 deinde
884 812 1332 882 Nazianzenum,
1371 817 1479 872 hoc
1525 818 1726 872 eodem
1763 819 1920 888 pacis

265 913 466 955 amore
520 900 1231 973 Constantinopolitanum
1288 907 1566 977 suscepit.
1621 907 1766 978 Spes
1797 913 1923 962 erat

266 989 350 1044 illi
384 991 602 1063 quippe
631 992 1129 1049 conciliandorum
1153 996 1310 1065 regia
1337 997 1394 1050 in
1420 997 1562 1052 urbe
1586 998 1918 1054 animorum

265 1084 322 1133 et
349 1081 787 1151 exstinguendos
818 1081 1141 1148 discordiae,
1176 1100 1303 1154 quae
1349 1089 1551 1140 exorta
1586 1092 1713 1141 erat
1753 1101 1919 1143 occa-

265 1167 430 1224 sione
451 1169 788 1227 schismatis
815 1173 1184 1229 Antioohenm
1207 1175 1650 1243 Ecclesiaouid
1672 1179 1922 1249 gesserit

266 1257 600 1329 Gregorius,
661 1260 799 1331 quid
862 1263 1192 1333 praestiterit
1256 1265 1784 1339 Constantinopoli.
1852 1279 1920 1325 ex

263 1346 393 1417 ipso
432 1347 602 1417 juvat
657 1350 860 1406 audire
915 1352 1028 1423 (a):
1095 1374 1124 1402 «
1158 1353 1459 1421 Laboravi,
1515 1358 1797 1427 populum
1857 1357 1918 1413 in

264 1438 455 1493 medio
487 1437 757 1510 luporum
789 1442 1014 1514 collegi,
1049 1445 1206 1517 gregi
1240 1456 1394 1516 aqua
1421 1449 1642 1503 carenti
1675 1450 1746 1505 de
1777 1461 1918 1506 mea

260 1525 522 1582 doctrina
553 1528 709 1584 fonte
739 1535 942 1600 potum
977 1532 1218 1602 praebui,
1252 1534 1358 1588 feci
1405 1543 1729 1593 sementem
1788 1543 1916 1606 ejus

261 1614 417 1680 fidei,
439 1629 570 1688 quis
601 1623 692 1674 est
716 1619 774 1673 in
810 1625 921 1675 Deo
946 1620 1210 1677 fundata.
1246 1621 1549 1680 Trinitatis
1581 1625 1775 1682 lumen
1803 1627 1916 1685 illis

261 1704 530 1774 patefeci,
570 1706 672 1776 qui
705 1707 871 1778 prius
899 1709 956 1764 in
989 1712 1244 1767 tenebris
1291 1715 1694 1771 versabantur.
1737 1718 1918 1774 Adeo-

261 1807 376 1862 que
407 1793 576 1864 quasi
635 1797 945 1867 coagulum
980 1801 1276 1871 quoddam
1317 1818 1476 1858 eram
1510 1805 1567 1858 in
1603 1806 1748 1862 lacte
1782 1822 1912 1878 per-

2030 634 2196 690 doxls
2217 635 2436 707 templa
2464 641 2521 691 et
2551 638 2764 706 ejectos
2795 637 3142 711 Arianos,(e)
3171 659 3199 689 α
3229 640 3696 712 ingemiscebat»

2031 730 2089 779 et
2119 731 2185 778 ut
2214 725 2380 796 gigas
2413 725 2507 781 ills
2552 728 2734 782 fertur
2773 728 2870 799 qui
2907 728 3151 784 fulmine
3201 730 3352 785 ictus
3400 731 3457 786 in
3493 737 3702 788 monte

2029 813 2198 869 Etna
2229 817 2454 870 turnum
2486 821 2543 870 et
2573 817 2766 888 ignem
2802 831 2832 871 e
2865 819 3151 888 profundo
3214 819 3534 886 emittebat,
3570 827 3694 878 sta-

2030 901 2137 958 tim
2161 901 2422 959 emollita
2451 911 2559 970 est,
2593 917 2658 961 ut
2689 907 2907 962 ferrum
2941 907 3092 975 ignis
3124 909 3415 964 violentia.
3459 931 3488 961 ››

2100 1001 2300 1066 Tantae
2334 1027 2502 1083 porro
2534 1008 2800 1069 Ecclesia!
2827 1011 3036 1086 prissui
3071 1014 3400 1082 institutus,
3443 1023 3694 1088 proven-

2030 1102 2245 1169 tusque
2292 1105 2347 1155 et
2406 1099 2696 1157 infinitam
2750 1101 2942 1159 omnis
2999 1103 3232 1175 generis
3291 1103 3691 1178 eximiamque

2029 1188 2447 1259 snpellectilem
2465 1198 2837 1260 consecutus,
2854 1209 2925 1248 ne
2949 1194 3124 1248 unica
3147 1193 3384 1264 quidem
3408 1195 3697 1251 drachma

2029 1276 2166 1332 hinc
2199 1276 2502 1336 facultates
2531 1295 2669 1337 suas
2701 1281 2901 1350 anxit;
2953 1287 3087 1337 cum
3140 1289 3335 1338 tamen
3372 1285 3693 1340 maximam

2026 1366 2378 1422 talentorum
2409 1360 2658 1440 copiam,
2706 1369 2756 1425 si
2807 1371 2888 1426 ita
2918 1370 3106 1443 ipsius
3149 1370 3423 1428 voluntas
3464 1373 3702 1428 tulisset

2026 1453 2295 1528 colligere
2327 1457 2631 1528 potuisset.
2663 1455 2744 1514 Ne
2767 1460 3061 1516 redituum
3095 1449 3329 1532 quidem
3362 1465 3419 1516 et
3450 1461 3703 1517 admini-

2025 1545 2327 1601 strationis
2379 1546 2663 1603 rationem
2727 1550 2798 1604 ab
2843 1549 2936 1614 iis,
2963 1547 3062 1620 qui
3127 1549 3393 1605 Ecclesiae
3452 1551 3693 1624 negotia

2025 1640 2463 1706 procurassent,
2498 1636 2794 1707 repetivit;
2843 1637 2995 1692 haud
3033 1645 3227 1693 tamen
3265 1640 3508 1711 ignarus
3537 1639 3592 1695 id
3620 1641 3695 1697 ab

2025 1721 2098 1778 iis
2131 1721 2530 1795 improbatum
2565 1725 2633 1778 iri
2669 1725 2769 1797 qui
2805 1725 3071 1797 pecuniis
3102 1727 3407 1782 inferiores
3441 1734 3602 1795 sunt,
3635 1735 3696 1785 et

2023 1827 2197 1883 quam
2233 1811 2505 1868 indecora
2555 1813 2630 1868 sit
2660 1815 2716 1869 in
2780 1809 3044 1870 ECcIesiae
3095 1815 3385 1873 ministris
3434 1818 3692 1875 avaritia

259 1883 558 1982 suasionis
589 1884 643 1938 vi
673 1886 934 1956 cogentis
959 1888 1363 1957 pbarmacum.
1400 1892 1467 1946 Et
1495 1892 1643 1949 alios
1675 1895 1910 1966 quidem
1945 1922 1990 1986 Β
2024 1901 2302 1974 suspicio,
2335 1917 2449 1957 non
2509 1901 2864 1976 intelligunt.
2916 1905 3031 1976 lpsi
3090 1903 3267 1960 etiam
3300 1907 3684 1978 exprobatum

250 1969 380 2040 jam
412 1972 757 2029 constrictos
814 1975 1107 2044 tenebam,
1140 1977 1236 2034 alii
1297 1997 1475 2052 prope
1519 1981 1780 2053 aberant,
1814 1983 1911 2041 alii

259 2058 457 2114 statim
490 2061 644 2116 idem
679 2063 884 2118 facturi
917 2072 1121 2122 erant:
1157 2067 1214 2122 in
1261 2070 1538 2126 omnibus
1569 2078 1764 2128 autem
1797 2073 1913 2130 ira-

258 2149 475 2204 cundia
505 2149 870 2221 ﬂectebatur,
905 2172 1034 2226 quae
1092 2157 1254 2228 prius
1312 2161 1371 2213 in
1403 2160 1487 2215 eis
1541 2163 1815 2231 fervebat,
1857 2170 1914 2219 et

257 2235 523 2294 doctrina
556 2256 684 2295 mea
703 2243 831 2312 jam
881 2243 1278 2302 benevolentia
1325 2249 1578 2319 quadam
1612 2258 1735 2307 erat
1773 2258 1914 2309 tem-

254 2331 476 2397 perata.
511 2329 670 2384 Idem
723 2331 794 2386 de
848 2333 968 2387 toto
1002 2334 1213 2405 populo
1259 2339 1616 2409 sperandum
1676 2343 1911 2399 videba-

253 2419 371 2478 tur,
403 2421 513 2471 etc.
549 2439 578 2467 »
612 2417 680 2472 Hi
713 2420 873 2475 fuere
922 2421 1182 2494 Gregorii
1242 2443 1552 2484 successus
1577 2430 1910 2488 Constantio

255 2503 488 2574 nopoli;
532 2506 652 2562 haec
704 2507 836 2563 felix
896 2527 1087 2566 rerum
1139 2516 1381 2572 mutatio
1437 2518 1624 2589 ipsius
1663 2521 1822 2577 curis
1853 2528 1910 2578 et

257 2589 560 2648 laboribus
596 2603 789 2667 parta;
816 2595 935 2654 haec
970 2618 1116 2656 nova
1145 2608 1203 2658 et
1231 2604 1539 2676 splendida
1568 2608 1701 2662 fidei
1732 2616 1791 2665 et
1822 2628 1908 2666 re-

255 2677 490 2751 ligionis
525 2683 720 2754 facies,
753 2703 879 2758 quae
928 2687 1166 2745 horrida
1195 2700 1319 2747 erat
1345 2711 1477 2750 cum
1505 2696 1559 2750 in
1596 2699 1797 2753 urbem
1848 2716 1911 2755 se

255 2769 524 2838 contulit,
565 2774 733 2842 cujus
783 2791 988 2831 omnes
1039 2780 1314 2837 ecclesias
1373 2800 1474 2854 per
1521 2788 1911 2859 quadraginta

256 2873 442 2912 annos
488 2867 914 2932 occupaverant
963 2867 1309 2924 Arianorum
1357 2873 1750 2945 antesignani,
1800 2877 1910 2931 im-

257 2954 590 3018 peratorum
626 2950 755 3007 freti
787 2955 1066 3024 potentia.
1097 2959 1225 3013 Haec
1257 2978 1388 3016 vero
1421 2979 1554 3018 cum
1592 2972 1750 3021 certa
1791 2968 1912 3023 sint

255 3050 324 3090 ex
357 3035 646 3094 nisloricis
678 3037 913 3112 Grecis,
955 3043 1127 3100 etiam
1161 3049 1497 3106 testimonio
1529 3069 1634 3108 suo
1663 3055 1908 3111 Ambro-

257 3124 385 3178 sius
417 3125 475 3180 in
509 3123 657 3182 libro
688 3133 768 3184 De
797 3129 1011 3200 Spiritu
1038 3145 1227 3191 sancto
1257 3140 1584 3197 confirmat.

255 3239 361 3296 CL.
395 3240 733 3356 Gregorium;
783 3256 933 3316 gesta
977 3250 1039 3303 in
1095 3254 1234 3308 urbe
1284 3253 1905 3329 Constantinopolitano.
1939 3285 1982 3356 ρ

325 3340 461 3404 Quae
489 3339 766 3413 Gregorio
799 3344 856 3398 in
890 3347 1033 3403 urbe
1061 3350 1222 3420 regia
1257 3351 1486 3408 vivendi
1538 3357 1683 3411 ratio
1713 3357 1906 3424 fuerit,

255 3443 384 3498 qua:
440 3428 502 3484 in
529 3447 662 3487 eum
718 3438 931 3505 paratis
977 3436 1226 3505 insidiis,
1259 3457 1387 3512 quae
1443 3443 1908 3503 adversariorum

253 3517 384 3586 ejus
415 3519 486 3573 de
515 3536 582 3575 co
613 3524 1012 3592 querimoniis,
1038 3543 1164 3598 qua:
1195 3529 1433 3586 demum
1463 3534 1596 3602 ejus
1625 3534 1912 3592 defensio-

255 3618 381 3676 nes,
412 3607 728 3680 Gregorius
750 3612 875 3683 ipse
904 3621 1030 3669 tum
1053 3615 1112 3671 in
1145 3619 1526 3690 carminibus,
1548 3627 1672 3678 tum
1707 3623 1766 3678 in
1784 3641 1912 3680 ora-

254 3695 516 3752 tionibus
545 3715 819 3757 enarrare
858 3705 1198 3777 compulsus
1230 3714 1358 3763 est:

254 3787 412 3843 Haud
429 3791 560 3856 scio,
589 3790 802 3864 inquit,
832 3796 1031 3866 quibus
1076 3799 1256 3854 verbis
1285 3815 1543 3858 enarrem
1580 3817 1704 3876 qua
1731 3816 1913 3864 secuta

1652 3885 1804 3935 sunt.

1652 3893 1717 3931 su
1760 3885 1804 3935 t.

259 3927 392 3984 Cum
418 3933 694 4001 ingentem
727 3953 917 3992 rerum
973 3955 1038 3994 ac
1094 3945 1441 4012 negotiorum
1496 3878 1696 4004 molgm
1719 3895 1913 4007 tecum

257 4071 444 4161 Picum
463 4075 648 4130 tamen
668 4093 833 4146 quam
860 4083 1047 4150 potero
1079 4015 1803 4161 moderatissimgtggéamm

256 4155 451 4214 Primo
481 4163 634 4232 apud
671 4179 733 4218 se
766 4167 976 4221 statuit
1005 4171 1077 4240 (c)
1115 4188 1225 4226 non
1285 4190 1384 4228 eos
1427 4155 1666 4240 imitari,
1692 4177 1792 4250 qui
1825 4197 1915 4236 re-

254 4263 395 4320 gum
419 4254 475 4303 et
498 4257 836 4322 magnatum
854 4255 1058 4325 januis
1075 4261 1414 4316 assidebant
1438 4284 1452 4333 ;
1477 4270 1533 4318 et
1567 4271 1914 4339 accusando,

255 4331 341 4429 vel
375 4336 610 4405 pietatis
669 4348 956 4411 quaestum
990 4347 1301 4405 ambiendo
1363 4331 1632 4409 indecore
1671 4373 1732 4411 se
1762 4331 1919 4429 gere;

255 4421 434 4490 bant;
460 4426 789 4523 desiderari
824 4432 1017 4502 potius
1051 4451 1227 4506 quam
1262 4439 1394 4494 odio
1438 4440 1637 4498 haberi
1671 4421 1921 4535 maluit;

258 4526 325 4565 ex
357 4513 596 4570 raritate
655 4519 1084 4578 venerationem
1143 4525 1254 4580 sibi
1307 4536 1603 4588 mercatus
1624 4538 1730 4588 est.
1765 4513 1921 4599 Quos

258 4601 460 4656 anxios
491 4603 635 4659 vidit
665 4607 736 4662 ob
795 4625 862 4664 ea
893 4610 952 4664 in
1011 4629 1073 4667 se
1118 4617 1458 4686 commissa,
1492 4637 1742 4691 quorum
1801 4614 1917 4682 sibi

253 4691 470 4745 conscii
520 4699 706 4763 erant,
756 4697 901 4754 alios
960 4701 1342 4760 beneficentia
1401 4718 1744 4779 prosecutus
1797 4722 1905 4781 est,

253 4775 398 4834 alios
431 4785 694 4852 pecuniis
713 4787 895 4856 juvit;
922 4805 1124 4846 omnes
1148 4799 1304 4847 metu
1326 4794 1593 4853 liberavit
1619 4799 1908 4860 Sicarium

254 4867 312 4921 in
348 4870 681 4928 cubiculum
706 4876 835 4944 ejus
857 4876 1213 4950 ingressum,
1237 4888 1293 4936 et
1315 4884 1543 4939 consilii
1578 4887 1668 4942 sui
1701 4892 1909 4946 atroci-

253 4958 370 5010 tate
402 4968 758 5027 permotum,
792 4965 848 5018 in
872 4980 1064 5036 genua
1088 4970 1460 5039 provolutum
1488 4978 1545 5029 et
1580 4975 1907 5050 lacryman-

250 5047 392 5108 tem,
421 5045 510 5100 his
540 5051 732 5105 verbis
763 5068 960 5108 coram
993 5058 1269 5113 omnibus
1302 5061 1511 5118 affatus
1543 5069 1670 5121 est:

248 5132 440 5219 ξενυει
471 5144 533 5218 te.
553 5138 693 5219 psus
711 5155 735 5219 _,°
769 5156 852 5219 me
881 5147 1064 5219 autem
1086 5148 1182 5215 qui
1200 5160 1449 5203 servatus
1478 5168 1621 5219 sum,

251 5205 448 5288 genam
478 5209 667 5288 _vid_eri
698 5212 756 5263 in
788 5214 1055 5288 sicarium
1085 5205 1194 5288 non
1225 5237 1428 5288 magna
1457 5240 1543 5278 res
1567 5205 1672 5280 ὲὲι.

251 5279 438 5331 Meum
469 5286 519 5332 te
546 5281 679 5348 fecit
708 5286 972 5339 audacia:
1009 5287 1127 5341 vide

251 5348 524 5414 Quomodo
553 5359 603 5405 et
633 5368 739 5418 me,
771 5363 822 5409 et
852 5355 956 5410 Deo
984 5357 1183 5429 dignus
1213 5361 1312 5429 ﬁas
1345 5361 1444 5433 (ἀ).

324 5453 399 5530 (ᾳ)
431 5460 618 5530 Garm.
644 5459 717 5514 De
743 5463 912 5530 episc.

350 5526 401 5653 ξς
429 5528 624 5653 ﬁgam.
666 5531 740 5586 De
763 5526 882 5598 ait"
912 5549 962 5588 ν.
991 5536 1128 5590 1400
1158 5542 1213 5592 et
1243 5556 1367 5611 seq.

497 5615 512 5652 1
563 5640 576 5652 .

497 5615 576 5652 ια.

326 5528 342 5594 (

324 5597 395 5665 (ο)
429 5597 576 5653 Ibid.
869 5597 874 5598 ί

323 5667 405 5806 ἑά)
436 5671 680 5750 ιυμάην.
716 5673 875 5726 1466.

346 5743 399 5808 ρ)
425 5739 572 5796 Ibid.

2021 1998 2110 2048 est
2136 1989 2288 2063 quod
2321 2009 2424 2048 nec
2456 2010 2659 2050 mensa
2713 1993 2871 2050 lauta
2901 2001 2958 2050 et
3015 1997 3274 2068 opipara,
3301 2012 3407 2053 nec
3464 1999 3689 2071 magni-

2022 2080 2131 2136 ﬁca
2159 2087 2316 2137 Veste
2347 2087 2628 2150 uteretur,
2664 2100 2768 2139 nec
2791 2083 3100 2155 splendide
3126 2084 3182 2140 in
3218 2085 3518 2157 publicum
3555 2104 3680 2160 pro-

2021 2169 2188 2236 diret,
2234 2183 2338 2226 nec
2368 2173 2620 2248 eos_qui
2653 2189 2788 2229 eum
2847 2175 3086 2230 adibant
3139 2177 3392 2248 graviter
3428 2183 3487 2232 et
3543 2193 3677 2232 cum

2021 2259 2174 2314 fastu
2223 2238 2528 2333 exciperef.
2591 2265 2774 2329 Quam
2831 2265 3069 2336 quidem
3133 2265 3566 2321 accusationem
3619 2266 3677 2321 in

2022 2347 2282 2404 oratione
2313 2350 2687 2406 valedictoria
2731 2369 2927 2408 coram
2963 2354 3276 2410 universali
3324 2356 3568 2410 concilio
3600 2355 3682 2410 ita

2020 2437 2192 2493 diluit
2221 2437 2324 2510 (f):
2387 2462 2414 2488 ‹‹
2449 2439 2792 2496 Nesciebam
2854 2441 3075 2498 scilicet
3108 2445 3276 2498 nobis
3308 2460 3442 2498 cum
3478 2461 3682 2499 consu-

2020 2525 2198 2596 libus,
2231 2532 2287 2582 et
2344 2528 2652 2599 praefectis,
2686 2529 3156 2604 clarissimisque
3213 2531 3349 2589 belli
3409 2532 3680 2601 ducibus,

2020 2616 2120 2688 qui
2151 2621 2236 2670 tot
2265 2617 2475 2689 Opibus
2506 2617 2808 2692 copiisque
2848 2620 3290 2688 circumlinunt,
3313 2628 3396 2686 ut,
3426 2639 3542 2694 quo
3574 2640 3683 2679 sua

2021 2703 2349 2777 projiciant,
2385 2721 2498 2761 non
2533 2706 2805 2775 habeant,
2839 2709 3266 2766 aemulationem
3297 2715 3351 2766 et
3388 2718 3678 2767 certamen

2019 2805 2185 2859 esse;
2253 2793 2519 2866 illudque
2574 2803 2861 2868 oportere,
2896 2803 2959 2854 ut
3005 2805 3064 2856 et
3115 2795 3303 2867 nobis,
3356 2818 3678 2873 pauperum

2021 2881 2190 2939 bonis
2220 2883 2291 2938 ad
2327 2882 2528 2939 luxum
2561 2891 2619 2941 et
2642 2886 2882 2943 delicias
2914 2889 3540 2956 abutentibus,venter
3571 2909 3677 2946 un-

2021 2973 2198 3043 dique
2226 2975 2742 3044 comprimatur,et
2771 2978 3103 3033 necessaria
3135 2978 3194 3034 in
3228 2995 3320 3035 res
3351 2979 3679 3052 superﬂuas

2020 3061 2603 3136 eii‘undantur,atque
2624 3065 2833 3121 altaria
2863 3066 2993 3138 ipsa
3015 3067 3281 3125 ructibus
3308 3070 3526 3126 nostris
3545 3086 3680 3126 con-

2019 3152 2402 3209 taminentur.
2443 3153 2783 3211 Nesciebam
2819 3172 2925 3212 nos
2965 3157 3133 3229 equis
3167 3157 3499 3231 insignibus
3521 3164 3577 3215 et
3597 3159 3677 3216 la—

2023 3242 2194 3296 scivis
2229 3241 2386 3305 ferri,
2420 3242 2699 3314 sellisque
2729 3249 2786 3298 et
2817 3245 3087 3300 curribus
3125 3247 3439 3318 magnifice
3471 3247 3679 3312 attolli,

2023 3347 2088 3385 ac
2120 3343 2254 3385 cum
2289 3330 2442 3385 fastu
2493 3336 2549 3386 et
2607 3347 2822 3403 pompa
2871 3333 3102 3402 deduci,
3149 3335 3420 3406 velutque
3471 3335 3685 3391 blanda

2022 3435 2200 3473 manu
2234 3419 2552 3474 demulceri
2592 3425 2881 3491 oportere,
2915 3427 3090 3494 atque
3112 3441 3315 3479 omnes
3348 3425 3682 3498 nobis,per-

2021 3507 2156 3562 inde
2185 3524 2251 3562 ac
2283 3506 2517 3569 belluis.
2541 3507 2611 3564 de
2633 3510 2725 3564 via
2755 3509 3054 3582 decedere,
3080 3518 3136 3567 et
3167 3511 3223 3567 in
3250 3519 3560 3586 utramque
3581 3513 3682 3569 vis:

2022 3602 2243 3668 partem
2279 3596 2466 3651 scindi
2496 3601 2554 3652 et
2575 3593 2841 3667 distrahi,
2876 3598 2977 3655 aut
3006 3595 3181 3657 etiam
3207 3607 3428 3658 tantam
3457 3620 3683 3674 prmun-

2021 3685 2172 3738 tium
2206 3683 2439 3740 turbam
2474 3703 2621 3755 esse,
2660 3693 2725 3741 ut
2757 3687 2958 3759 procul
2998 3691 3262 3746 incessus
3319 3699 3515 3747 noster
3545 3709 3682 3747 con-

2023 3772 2266 3844 spicuus
2289 3779 2586 3845 appareat.
2633 3797 2655 3826 ι
2692 3777 2838 3832 Cum
2873 3781 3070 3833 autem
3104 3777 3272 3833 multi
3307 3785 3505 3835 essent
3535 3797 3683 3853 quos

2024 3861 2144 3918 haec
2168 3861 2436 3934 apologia
2459 3863 3043 3937 persiringeretﬁnde
3065 3871 3154 3923 est
3182 3868 3337 3939 quod
3371 3865 3683 3940 Gregorius

2024 3967 2088 4006 se
2119 3968 2150 4006 a
2183 3951 2503 4006 multorum
2555 3955 2818 4009 moribus
2847 3953 3102 4011 alienum
3159 3973 3286 4012 esse
3317 3958 3681 4030 profiteatur,

2026 4056 2132 4096 nec
2161 4057 2224 4096 se
2257 4040 2632 4108 miraturum,
2656 4042 2704 4097 si
2730 4043 2962 4114 quando
2992 4043 3242 4100 vinculis
3266 4051 3330 4101 ut
3359 4045 3682 4102 incommo-

2026 4129 2137 4184 dus
2167 4133 2225 4183 et
2256 4137 2525 4186 morosUs
2559 4131 2938 4204 astringatur,
2973 4138 3074 4189 aut
3103 4135 3278 4190 etiam
3332 4141 3527 4190 musto
3563 4135 3680 4208 ple-

2028 4235 2140 4273 nus
2163 4223 2488 4285 censeatur,
2524 4223 2587 4274 ut
2617 4219 2832 4276 Christi
2863 4221 3134 4294 discipuli
3169 4239 3302 4278 cum
3336 4223 3552 4296 linguis
3600 4213 3681 4278 lo-

2029 4312 2376 4378 querentur:
2428 4305 2503 4379 (g)
2531 4331 2558 4357 «
2595 4307 2906 4381 Ignorante
2957 4310 3180 4367 scilicet
3215 4311 3592 4368 multitudine
3623 4303 3678 4365 id

2029 4394 2283 4466 Spiritus
2313 4397 2365 4450 vi
2393 4401 2449 4451 et
2501 4397 2773 4453 facultate
2831 4399 2978 4465 fieri,
3013 4417 3126 4454 non
3179 4399 3392 4456 mentis
3449 4402 3683 4456 aberra-

2028 4483 2206 4539 tione.
2234 4506 2262 4532 »
2284 4482 2534 4540 Aliunde
2556 4486 2827 4542 novimus
2859 4488 3216 4559 quibusnam
3241 4489 3686 4545 oblecmmentis

2031 4562 2262 4628 labores
2298 4589 2438 4628 suos
2467 4573 2656 4629 levare
2677 4573 2889 4631 solitus
2915 4581 3104 4632 esset:
3147 4600 3174 4626 (ι
3213 4573 3684 4644 Inambulabam,

1901 4631 1916 4669 ¹
1950 4655 1996 4726 D
2027 4663 2222 4734 inquit
2277 4661 2377 4735 (ἡ),
2411 4681 2516 4736 ego
2576 4664 2758 4730 solus,
2817 4671 3090 4738 vorgente
3131 4665 3256 4739 jam
3292 4631 3373 4722 ad,

2022 4749 2356 4807 sole.Locus
2390 4768 2560 4823 porro
2582 4752 2640 4807 in
2663 4771 2778 4825 quo
2819 4755 3137 4827 spatiabar,
3184 4757 3360 4811 maris
3384 4757 3510 4828 ripa
3539 4763 3687 4823 erat,

2028 4839 2273 4912 Semper
2296 4840 2451 4895 enim
2485 4839 2641 4897 soleo
2663 4843 2951 4913 ejusmodi
2982 4843 3432 4900 oblectamentis
3454 4843 3686 4900 labores

2025 4927 2341 4984 dissolvere
2372 4945 2438 4984 ac
2473 4929 2771 4999 relaxare;
2824 4933 3303 5005 quandoquidem
3336 4951 3440 4990 nec
3472 4950 3678 5010 perpe-

2023 5021 2189 5074 tuam
2222 5020 2652 5095 contentionem
2686 5038 2899 5078 nervus
2933 5023 3082 5078 ferre
3104 5027 3318 5096 potest.
3354 5046 3380 5073 »

2097 5101 2220 5174 Quo
2254 5114 2418 5180 pacto
2443 5126 2505 5164 se
2527 5109 2831 5167 adhiberet
2852 5128 2990 5184 erga
3017 5128 3115 5168 eos
3139 5111 3238 5184 qui
3266 5112 3687 5184 persecutionis

2025 5201 2287 5268 tempore
2308 5196 2456 5269 lapsi
2491 5203 2676 5266 erant,
2709 5199 2835 5272 ipse
2876 5201 3190 5273 Gregorius
3239 5201 3406 5257 docet
3436 5199 3529 5258 bis
3558 5219 3690 5256 ver-

2026 5285 2118 5341 bis
2151 5285 2214 5358 (i)
2241 5301 2253 5342 :
2289 5309 2316 5336 ‹‹
2351 5279 2432 5341 Ne
2455 5286 2580 5358 ipse
2611 5285 2849 5359 quidem
2888 5306 2987 5345 eos
3019 5290 3257 5362 recipio,
3286 5289 3386 5360 qui
3409 5289 3498 5345 vel
3530 5285 3689 5345 nullo

2026 5373 2226 5442 modo,
2257 5372 2344 5430 vel
2377 5392 2493 5430 non
2524 5374 2670 5433 satis
2704 5379 3136 5451 deprimuntur,
3174 5395 3277 5436 nec
3320 5384 3547 5452 patrato
3578 5377 3692 5434 cri-

2119 5482 2169 5551 f)
2200 5480 2293 5535 0r.
2332 5481 2418 5550 42,
2454 5499 2511 5538 n.
2544 5483 2635 5538 24.

2119 5482 2169 5551 ί)
2200 5481 2293 5535 0r.
2332 5481 2418 5550 42,
2454 5499 2511 5538 n.
2544 5483 2596 5536 24

2209 5552 2380 5622 Ibid.,
2415 5569 2472 5606 η.
2503 5555 2596 5609 22.

2099 5628 2115 5694 (
2165 5630 2178 5687 )
2212 5624 2308 5694 9r.
2340 5617 2433 5690 26,
2465 5640 2523 5678 n.
2555 5625 2589 5677 8

2162 5554 2380 5623 )Ibid.,
2415 5569 2472 5606 η.
2503 5555 2596 5609 22.

2165 5630 2178 5687 )
2212 5624 2308 5677 Or.
2340 5617 2433 5690 26,
2465 5640 2523 5678 n.
2555 5625 2610 5678 8.

2107 5691 2173 5764 (ἰ)
2203 5691 2299 5749 Or.
2333 5694 2422 5764 39,
2451 5710 2509 5750 n.
2546 5695 2632 5750 l9.
