2050 3199
886 184 983 225 ma
1003 193 1037 224 s.
1060 184 1262 225 caesoria.

1866 187 1927 227 2‘26

213 259 285 288 mini
301 265 405 296 parem
419 258 488 288 vita
503 257 736 287 emendationem
752 259 878 288 alterunt
892 267 900 294 ;
916 267 1043 296 cumque
1058 260 1086 294 Α
1100 259 1206 296 prmsul
1221 259 1350 288 moriens
1360 259 1505 296 episcopis
1515 261 1923 299 commendaverat,Gregorio

211 304 331 341 recipio,
346 303 569 332 convenientem
585 303 659 341 ipsis
674 303 771 332 locum
786 304 916 343 assigno.
935 315 962 333 η.

212 375 279 406 CLI.
291 375 449 406 Caecilium
462 376 592 411 generale
604 380 732 406 convocat
747 376 905 405 Theodosius
919 385 966 404 an.
978 376 1040 404 381.

248 438 403 475 Proposita
417 438 502 475 quasi
524 438 663 467 universa
678 432 808 475 Gregorii
831 439 862 467 in
887 439 958 467 urbe
973 440 1043 466 Con-

215 482 478 520 stantinopolitana
492 484 679 520 episcopatus
695 492 820 519 summa,
833 493 911 512 nunc
927 482 1043 520 singula

214 536 432 556 recenseamus.
454 528 525 556 Post
539 529 692 556 restitutas
707 528 876 557 orthodoxis
892 529 1041 562 ecclesias,

215 575 408 602 eonvooatum
432 581 450 600 a
471 573 636 601 Theodosio
653 573 810 601 concilium
836 573 974 601 diximus.
1005 575 1044 600 Ex

214 619 277 646 toto
291 617 410 646 Oriente
425 617 709 654 Constantinopolim
729 619 860 654 episcopi
883 625 1043 646 convenere

215 670 340 690 numero
354 670 398 695 cn,
411 664 442 690 ut
460 662 546 690 tidem
561 662 707 690 Niczsnam
724 663 943 692 confirmarent.
960 665 988 689 et
1004 670 1044 689 re-

216 706 271 743 gia
285 705 350 734 urbi
366 706 540 743 episcopum
556 707 746 743 praeficerent.
757 706 876 734 Nullum
889 707 961 733 forte
972 705 1044 733 cele-

217 750 332 779 bratum
343 759 472 788 unquam
484 753 529 779 est
541 751 747 784 concilium,ad
759 752 838 787 quod
851 753 893 779 tot
904 750 1043 786 praesules

218 795 375 824 sanctitate
389 795 522 831 insignes
537 795 766 824 converint.Hcs
784 797 861 823 inter
875 795 1044 823 eminebant

214 841 338 868 sanctus
358 839 494 867 Meletiua
518 840 727 872 Antiochenus,
745 843 864 868 sanctus
887 840 1043 873 Gregorius

212 883 365 920 Nyseeuue
376 884 500 920 ejusque
511 885 601 912 frater
609 887 729 912 sanctus
741 885 843 912 Petrus
854 885 1043 918 Sebastenus,

214 931 339 957 sanctus
352 928 713 964 Amphilochius,etc.Alii
728 937 795 957 vero
806 938 863 957 non
877 929 960 965 pauci
978 929 1044 956 ade-

214 975 285 1001 rant
298 972 385 1009 longe
400 973 573 1006 dissimiles,
598 976 627 1001 et
651 974 735 1001 valde
751 974 883 1001 moribus
903 974 1046 1010 dispares,

217 1025 294 1054 quos
322 1017 482 1054 Gregorius
510 1020 610 1046 noster
636 1018 770 1054 asperius
801 1021 914 1046 tractat.
932 1018 972 1045 Ex
1001 1017 1047 1045 his

216 1065 303 1091 erant
317 1061 463 1096 nonnulli,
478 1063 528 1098 qui
542 1062 674 1090 Valentis
686 1066 827 1099 tempore,
844 1062 937 1099 pulsis
952 1063 981 1090 in
998 1071 1046 1090 ex-

215 1106 321 1135 silium
343 1107 519 1143 praisulibus
544 1107 724 1143 orthodoxis,
749 1108 923 1136 Arianorum
949 1107 1047 1135 favore

214 1154 355 1180 vacantes
366 1152 451 1180 sedes
459 1154 683 1189 occupaverant.
694 1152 868 1188 Hujusmodi
881 1152 1044 1189 pontiﬁces,

212 1196 342 1232 tempori
361 1196 533 1231 servientes,
544 1197 600 1224 sub
618 1197 735 1225 Arionis
752 1197 932 1233 principibus
949 1197 1046 1224 Ariani

215 1243 309 1275 erant,
332 1242 389 1269 sub
413 1241 582 1270 orthodoxis
599 1242 687 1269 fidem
713 1242 903 1270 orthodoxam
928 1242 1045 1277 profite-

213 1286 334 1317 bantur.

213 1355 296 1386 CLII.
314 1357 347 1386 in
361 1365 394 1386 eo
407 1357 524 1388 concilio
539 1357 655 1387 Maximi
669 1358 752 1386 irrita
768 1358 906 1386 ordinatio
920 1358 1043 1387 declara-

250 1397 307 1426 tur.
324 1392 460 1421 Maximus
474 1394 507 1421 ab
523 1394 643 1428 Ecclesia
661 1396 771 1428 cjeclus.
799 1395 899 1423 Eleclio
920 1395 1046 1428 Gregorii

249 1429 422 1466 wnﬁrmatg.
445 1429 564 1465 Pravfii'it
589 1429 714 1465 concilto,
737 1431 836 1458 saltem
860 1435 922 1466 post
938 1431 1045 1458 Meletii

251 1469 377 1494 mortem.
393 1465 462 1493 Hor:
477 1466 590 1495 Meletii.

254 1518 286 1548 In
303 1517 360 1547 hoc
372 1518 507 1552 concilio,
522 1519 601 1554 quod
626 1527 767 1547 secunum
788 1518 923 1555 generale
946 1521 1000 1554 est,
1016 1522 1045 1547 et

218 1561 350 1598 primum
364 1563 614 1599 Constantinopoli
640 1563 786 1596 habitum,
811 1572 901 1592 causa
925 1564 1043 1591 Maximi

216 1606 381 1643 Gynioiqni
391 1607 420 1635 in
431 1608 532 1636 sedem
547 1607 901 1645 Constantinopolitanam
917 1608 1043 1645 irrepere

216 1653 390 1686 tantevent,
405 1654 561 1689 tantaeque
575 1654 678 1681 turbae
699 1652 963 1690 excitarat,agitata
986 1655 1040 1681 est.

215 1695 372 1725 Communi
382 1696 516 1725 omnium
527 1705 673 1726 consensu
686 1698 769 1726 irrita
783 1698 880 1735 Cynici
897 1698 1042 1726 ordinatio

215 1739 321 1770 habita
335 1740 390 1769 fuit.
403 1742 550 1770 sancitum
574 1745 620 1770 est
636 1742 796 1770 Maximum
819 1751 872 1770 nec
887 1742 978 1771 fuisse
990 1751 1042 1770 nec

213 1792 284 1815 esse
295 1784 467 1822 episcopum
481 1795 489 1820 ;
504 1789 534 1815 et
556 1787 607 1822 qui
622 1787 658 1815 ab
675 1787 739 1823 ipso
755 1787 880 1815 ordinati
897 1790 997 1815 essent
1011 1787 1041 1814 in

213 1837 391 1865 quocunque
406 1830 540 1859 Ecclesia
555 1832 660 1867 gradu,
685 1831 805 1859 clericos
821 1840 878 1859 non
899 1840 963 1860 esse
991 1832 1041 1859 ha-

217 1873 339 1902 bendos.
355 1873 418 1902 Uno
430 1875 521 1904 verbo
535 1883 718 1911 quacunque
732 1875 809 1904 circa
824 1876 933 1911 ipsum,
945 1875 988 1903 vel
1005 1876 1040 1903 ab

209 1917 277 1954 ipso
291 1920 358 1948 acta
372 1919 498 1953 inerant,
514 1927 532 1947 a
546 1919 670 1948 concilio
685 1919 850 1955 improbata
865 1928 899 1947 ac
918 1919 1042 1947 rescissa

213 1964 298 1997 sunt,
311 1963 483 2000 eiectusque
506 1964 651 1992 Maximus
679 1964 715 1991 ab
740 1963 868 1992 Ecclesia
880 1966 908 1991 et
928 1972 945 1991 a
970 1964 1040 1991 fide-

212 2005 287 2036 lium
303 2008 452 2036 consortio
467 2011 608 2037 remotus.
624 2009 736 2040 Quibus
752 2008 887 2044 peractis,
904 2008 1041 2044 Theologi

211 2050 315 2081 electio
328 2052 479 2081 communi
495 2055 614 2081 Patrum
631 2053 744 2081 calculo
759 2053 881 2089 probata
895 2056 923 2080 et
939 2054 1042 2081 contir-

213 2098 306 2130 mata.
330 2095 395 2132 ipse
418 2097 448 2126 in
472 2098 542 2127 aede
564 2098 890 2134 Constantinopolitano.
914 2097 1041 2125 multum

211 2140 334 2178 quidem
359 2149 493 2178 gemens.
509 2150 568 2171 non
587 2145 687 2171 tamen
702 2145 735 2170 ut
748 2144 836 2170 antea
861 2150 1040 2179 repugnans,

211 2184 372 2217 collocatus
395 2188 441 2214 eet
467 2194 485 2215 a
508 2189 610 2218 lanato
637 2186 753 2214 Meletio
777 2186 882 2215 concili
908 2187 1041 2222 pruside,

210 2228 264 2266 qui
281 2237 343 2265 1am
358 2229 402 2259 vel
419 2233 487 2259 ante
501 2230 659 2260 concilium
677 2231 706 2259 in
732 2231 835 2259 urbem
850 2231 967 2259 venisse
983 2240 1043 2260 cre-

210 2273 301 2308 ditur.
328 2277 362 2302 ut
404 2274 534 2314 Gregorii
574 2275 745 2304 electionem
781 2276 980 2309 conﬁrmaret,
1014 2278 1043 2304 et

1096 306 1193 338 teste;
1210 304 1261 341 qui
1285 307 1313 332 et
1337 304 1398 339 ipse
1421 304 1501 341 pacis
1524 305 1771 341 studiosissimus,
1793 306 1849 334 hac
1864 315 1924 335 una

1097 357 1184 377 causa
1200 349 1229 376 in
1248 350 1314 377 sede
1330 349 1654 385 Constantinopolitana
1665 349 1753 377 locari
1770 359 1800 378 se
1818 359 1923 387 passus

1098 394 1202 424 fuerat.
1219 396 1251 421 ut
1266 394 1427 422 Orientales
1447 397 1474 421 et
1493 394 1705 428 Occidentales,
1722 403 1848 431 quorum
1873 395 1923 422 alii

1098 447 1149 474 pro
1166 437 1342 471 Meletio,alii
1356 447 1406 473 pro
1419 438 1540 467 Paulino
1554 439 1720 471 stabant,ad
1738 440 1924 467 concordiam

1098 485 1253 515 revocaret,
1270 485 1298 510 et
1314 482 1479 510 luctuosum
1508 483 1648 517 schisma,
1677 492 1734 520 quo
1761 483 1924 513 catholicus

1098 527 1177 555 orbis
1193 527 1392 560 scindebatur,
1410 527 1618 564 exstingueret.

1097 594 1273 623 CLIII-CLV.
1292 594 1440 629 Gregorius
1456 595 1484 622 in
1500 594 1551 622 hac
1575 598 1635 622 erat
1658 596 1807 626 sententia.
1819 596 1849 622 ut
1867 594 1922 623 Me-

1133 631 1195 658 lelio
1210 637 1348 658 successor
1363 639 1417 658 non
1429 630 1618 658 ordinaretur.
1634 631 1687 658 Sed
1706 631 1774 658 adeo
1794 638 1848 658 non
1865 639 1926 665 per-

1132 667 1263 701 suasit,ut
1277 666 1401 693 omnium
1412 665 1551 701 peneodia
1566 667 1597 693 in
1609 674 1639 693 sc
1649 666 1836 695 concitaverit.
1855 667 1926 694 Vin-

1133 703 1171 729 cil
1186 702 1328 734 iuniorum
1343 702 1427 735 factio
1449 702 1645 736 episcoporum.
1668 703 1715 737 qui
1730 703 1818 729 etiam
1839 703 1925 729 senio-

1133 746 1180 765 res
1196 739 1225 764 in
1243 745 1323 764 suam
1342 737 1504 771 pertrahunt
1524 738 1690 765 sententiam
1705 746 1715 768 ;
1731 742 1756 765 et
1775 737 1927 765 Flavianus

1131 774 1276 809 presbyler
1291 773 1472 800 Anticchenus
1487 774 1589 800 illeletii
1604 781 1742 801 successor
1761 792 1764 799 .
1777 773 1861 801 lectus
1876 778 1926 801 est.

1135 809 1287 836 Orientales
1300 810 1325 836 et
1337 809 1520 837 Occidentales
1534 810 1663 844 episcopi.
1681 809 1766 836 variis
1775 809 1806 837 de
1822 810 1926 841 causis,

1135 844 1264 880 Gregorio
1279 845 1369 872 sedem
1384 853 1464 872 suam
1490 844 1648 880 relinquere
1670 845 1782 872 volenli.
1804 853 1859 872 non
1876 844 1924 873 act-

1135 880 1339 908 adversantur.

1138 937 1257 966 Sublato
1269 937 1359 974 igitur
1374 946 1389 965 e
1404 937 1475 965 vivis
1489 937 1614 972 Meletio,
1632 938 1762 974 Gregorii
1780 937 1927 966 sententia

1103 982 1167 1014 fuit,
1186 985 1268 1017 pacta
1284 990 1348 1010 esse
1364 983 1516 1015 servanda,
1535 990 1586 1009 nec
1602 982 1717 1009 Meletio
1729 982 1925 1010 ordinandum

1102 1035 1165 1054 esse
1182 1035 1399 1061 successorem;
1417 1027 1562 1062 siquidem
1584 1029 1671 1054 antea
1693 1029 1878 1059 convenerat,
1896 1028 1928 1054 ut

1102 1071 1144 1099 illi
1160 1071 1210 1107 qui
1228 1071 1309 1107 prius
1326 1073 1498 1105 moreretur,
1516 1071 1575 1099 sive
1596 1070 1749 1105 Paulinus,
1766 1071 1826 1099 sive
1847 1071 1930 1100 Mele-

1101 1116 1160 1144 tius
1176 1116 1260 1151 foret,
1278 1116 1378 1144 nullus
1398 1117 1617 1152 subrogarctur,
1634 1118 1663 1143 et
1688 1118 1840 1152 superstes
1856 1115 1930 1144 alter

1100 1160 1315 1189 Antiochenam
1331 1161 1430 1189 sedem
1452 1163 1616 1196 occuparet.
1643 1162 1708 1188 Haec
1724 1161 1856 1196 inquam,
1875 1161 1915 1189 fui

1100 1205 1231 1242 Gregorii
1257 1206 1412 1240 sententia,
1438 1206 1484 1234 cui
1507 1206 1625 1241 quidem
1651 1205 1676 1233 si
1699 1206 1793 1233 ceteri
1811 1204 1927 1242 paruis-

1087 1250 1175 1284 "sent,
1203 1259 1310 1288 magna
1337 1250 1388 1278 illa
1411 1250 1447 1279 lis
1471 1250 1634 1286 composita
1660 1250 1772 1278 fuisset.
1798 1250 1927 1277 Suadere

1099 1297 1222 1324 conatus
1237 1297 1292 1328 est,
1311 1297 1343 1322 ut
1357 1295 1503 1323 sineretur
1523 1293 1675 1327 Paulinus.
1689 1295 1753 1329 jam
1767 1293 1848 1322 senio
1862 1302 1928 1322 con-

1101 1340 1204 1374 fectus,
1222 1339 1321 1375 paucis
1336 1339 1441 1367 diebus
1457 1339 1567 1375 quibus
1591 1338 1651 1366 vita
1675 1341 1825 1374 superstes
1843 1338 1926 1373 foret,

1100 1384 1181 1413 solus
1193 1384 1403 1412 Antiochenam
1418 1384 1516 1411 sedem
1529 1391 1691 1419 occupare;
1707 1391 1765 1419 quo
1777 1383 1925 1415 defuncto,

1100 1429 1129 1457 in
1146 1430 1210 1464 ejus
1226 1431 1296 1456 tunc
1321 1428 1416 1456 locum
1444 1428 1638 1464 subrogarcnt
1661 1427 1823 1455 Orientales
1839 1435 1925 1462 quem

1099 1473 1215 1501 vellent.
1235 1475 1298 1500 Hmc
1313 1473 1377 1507 ejus
1394 1473 1473 1499 fuere
1489 1472 1577 1509 verba
1592 1471 1626 1499 ad
1653 1471 1766 1499 concilii
1782 1471 1925 1500 Constan-

1099 1517 1284 1553 tinopolitani
1312 1517 1409 1545 Patres
1433 1516 1494 1551 ((1):
1517 1528 1531 1541 ‹‹
1558 1516 1708 1544 Thronum
1735 1516 1860 1544 retineat
1875 1515 1925 1551 qui

1098 1563 1193 1590 tenuit
1207 1562 1242 1590 ad
1260 1562 1337 1590 hunc
1352 1561 1429 1589 diem
1446 1561 1562 1596 (nempe
1587 1560 1739 1596 Paulinus)
1756 1568 1762 1588 :
1780 1560 1850 1597 quid
1868 1560 1922 1589 hoc

1098 1606 1223 1635 nocebit.
1241 1616 1255 1632 υ
1271 1608 1326 1639 etc,
1343 1605 1420 1633 Nihil
1436 1608 1497 1633 tam
1514 1605 1650 1641 prudenti
1673 1605 1819 1633 sententia
1833 1604 1924 1640 profe-

1098 1652 1139 1680 cit
1152 1650 1454 1687 Grcgorius,adcoque
1469 1658 1527 1677 non
1543 1650 1689 1686 persuasit
1704 1649 1783 1686 quod
1798 1648 1922 1683 volebat,

1098 1704 1150 1723 nec
1166 1696 1344 1723 dissidentes
1357 1695 1394 1723 ad
1409 1694 1596 1723 concordiam
1616 1693 1769 1727 revocavit,
1787 1696 1819 1722 ut
1835 1694 1922 1722 etiam

1097 1740 1229 1768 omnium
1246 1739 1273 1766 in
1291 1748 1322 1766 se
1338 1739 1404 1766 odia
1420 1739 1597 1766 incenderet.
1615 1738 1645 1766 In
1664 1746 1718 1765 sua
1742 1740 1840 1765 tamen
1857 1746 1923 1765 sen-

1097 1784 1199 1817 tentia,
1215 1783 1258 1813 vir
1269 1783 1343 1819 justi
1360 1783 1489 1818 rectique
1503 1784 1776 1817 tenagconatanter
1791 1789 1922 1817 perseve—

1097 1829 1180 1864 ravit,
1197 1830 1381 1856 contestatue
1393 1835 1425 1854 se
1439 1827 1546 1854 throno
1571 1826 1731 1865 episcopali
1748 1826 1846 1861 potius
1860 1833 1923 1853 ces-

1097 1882 1211 1902 surum.
1228 1880 1316 1908 quam
1333 1875 1367 1900 ut
1381 1880 1440 1906 eos,
1457 1870 1481 1898 si
1499 1879 1587 1908 prava
1602 1871 1800 1905 decernerent,
1817 1874 1923 1907 seque-

1097 1921 1186 1945 retur.
1204 1918 1270 1952 Quae
1290 1915 1421 1952 Gregorii
1441 1914 1615 1947 contestatio
1629 1913 1777 1944 indecoris
1803 1917 1925 1951 excepta

1097 1965 1141 1989 est
1156 1961 1334 1988 clamoribus
1358 1961 1395 1995 (b)
1413 1969 1419 1988 :
1440 1969 1452 1984 ιι
1476 1959 1632 1986 clamitant
1657 1958 1698 1986 illi
1723 1958 1864 1994 undique,
1893 1961 1925 1986 ut

1097 2005 1284 2042 graculorum
1299 2005 1396 2039 turba,
1414 2015 1427 2029 n
1444 2003 1604 2039 etc.Itaque
1617 2003 1848 2038 vicitjuuiorum
1865 2003 1924 2038 epi-

1097 2058 1253 2086 scoporum
1270 2049 1366 2082 factio,
1389 2049 1439 2084 qui
1462 2048 1590 2075 seniores
1611 2048 1640 2075 in
1657 2056 1741 2075 suam
1759 2050 1923 2084 pertraxere

1098 2095 1274 2123 sententiam
1288 2102 1294 2127 ;
1309 2096 1397 2129 atque
1411 2092 1595 2127 etiam,haud
1612 2092 1730 2128 quidem
1749 2100 1799 2129 per
1813 2099 1855 2124 se,
1872 2091 1921 2119 sed

1097 2148 1150 2176 per
1163 2139 1294 2176 Gregorii
1310 2138 1479 2173 familiares,
1496 2137 1590 2173 ipsius
1602 2136 1796 2164 constantiam
1812 2138 1924 2164 tentare

1098 2184 1162 2213 ausi
1178 2186 1295 2217 sunt,ut
1309 2183 1467 2211 suaderent
1484 2182 1511 2209 id
1528 2182 1607 2218 quod
1624 2182 1660 2209 de
1672 2181 1808 2209 Flaviano
1825 2181 1855 2208 in
1871 2182 1926 2207 Me-

1096 2228 1158 2257 letii
1175 2228 1271 2256 locum
1288 2226 1493 2255 substituendo
1510 2226 1687 2262 cogitabant.
1703 2225 1759 2253 Sed
1775 2225 1925 2261 repulsam

1098 2273 1177 2310 passi
1194 2275 1273 2305 sunt,
1294 2283 1307 2296 ι(
1323 2271 1397 2304 Quid
1415 2278 1533 2298 necesse
1548 2273 1594 2298 est
1619 2269 1724 2302 dicere,
1753 2270 1862 2306 quibus
1876 2277 1926 2296 vo-

213 2330 229 2344 «
246 2317 389 2355 sponsum
411 2315 526 2356 sponsas
551 2320 644 2353 daret,
662 2331 676 2345 »
692 2322 725 2347 ut
744 2319 878 2355 loquitur
892 2322 1042 2357 Nyssenns
1058 2323 1081 2355 Ῑ)
1098 2319 1181 2346 cibus
1197 2317 1233 2345 ab
1247 2316 1293 2344 his
1316 2315 1418 2343 amicis
1438 2318 1538 2342 nostra
1553 2313 1676 2342 canities
1691 2313 1746 2341 luit
1762 2313 1897 2341 tentata?
1911 2324 1925 2338 »

212 2361 265 2399 qui
282 2362 339 2393 hee
354 2363 402 2392 die
429 2364 591 2393 orationem
621 2363 734 2393 habuit.
766 2363 924 2400 Gregorius
944 2367 1045 2393 noster

212 2406 331 2437 cencilii
339 2415 446 2444 prosae
456 2407 549 2438 fuisse
562 2408 688 2443 videtur,
695 2409 720 2437 si
733 2407 833 2436 minus
844 2409 944 2437 statim
957 2412 1045 2446 atque

213 2451 245 2483 in
253 2451 328 2482 lolio
337 2452 497 2490 episcopali
508 2453 689 2483 constitutus
699 2453 873 2487 tuit,saltem
889 2457 1045 2491 postquam

215 2500 297 2526 nere
309 2497 434 2526 libatum
449 2498 611 2532 Meletium,
638 2498 724 2526 bouis
748 2498 888 2526 omnibus
906 2498 1045 2534 ﬂebilem,

216 2539 291 2570 nulli
305 2549 373 2570 vero
385 2541 560 2573 ﬂebiliora:
574 2548 665 2579 quam
682 2542 832 2579 Gregorio.
849 2542 977 2579 Insignis
993 2543 1046 2570 hoc

217 2585 326 2616 loculo
337 2585 481 2623 moribus,
496 2587 616 2625 pietate,
630 2587 755 2616 scientia
769 2587 875 2623 praesul
892 2587 947 2615 fuit
960 2587 1046 2616 Mele-

215 2629 290 2664 ‘lius,
312 2631 445 2660 maxime
464 2639 536 2661 vero
556 2630 768 2662 certaminibus
792 2640 846 2668 pro
865 2632 1048 2660 defendenda

215 2675 339 2705 veritate
351 2676 494 2714 adeam
508 2677 662 2706 bareticos
674 2677 833 2713 susceptis,
850 2671 906 2704 sub
921 2677 960 2704 im
965 2685 1048 2713 pera-

216 2717 334 2748 toribus
344 2719 528 2754 Constantio,
541 2720 807 2754 Juliano,Valente.
821 2729 838 2749 ι
853 2721 962 2757 quibus
973 2729 1050 2758 sape

218 2763 251 2792 in
273 2764 412 2795 ouillum
425 2766 531 2803 pulsus
554 2766 619 2795 fuit.
644 2765 780 2795 Ecclesia
803 2773 906 2803 pacem
930 2769 1051 2796 sanctus

199 2859 202 2861 λ
258 2863 300 2902 (ι)
313 2863 411 2896 Germ.
427 2865 537 2896 Deciis
548 2829 609 2902 sua,
623 2872 699 2895 vers.
716 2854 796 2901 ιω.
814 2862 870 2895 sto.

1101 2362 1167 2390 Haec
1182 2364 1211 2389 et
1225 2360 1282 2388 alia
1307 2360 1391 2396 plura
1414 2359 1585 2395 Gregorius,
1609 2357 1926 2394 qui'indignabundus

1102 2418 1116 2433 ι(
1147 2414 1163 2434 θ
1191 2406 1289 2434 medio
1319 2405 1422 2441 pedem
1453 2403 1540 2440 erepit
1567 2403 1712 2431 eximere:
1729 2413 1744 2427 «
1767 2402 1827 2429 imo
1856 2404 1885 2429 et
1912 2409 1928 2429 e

1102 2452 1189 2480 domo
1213 2459 1267 2478 sua
1291 2450 1321 2477 in
1348 2449 1434 2477 aliam
1460 2448 1607 2484 migravit,
1624 2446 1780 2475 extrahens
1795 2446 1927 2483 seipsum

1104 2507 1119 2524 α
1134 2505 1151 2524 a
1166 2494 1312 2531 profundo
1327 2493 1467 2527 ecclesias,
1485 2502 1499 2518 »
1517 2492 1566 2520 ubi
1581 2492 1687 2519 domus
1698 2493 1762 2519 erat
1776 2491 1926 2527 episcopa-

1101 2541 1149 2575 iis,
1158 2542 1190 2568 ut
1205 2538 1307 2576 procul
1321 2541 1400 2566 esset
1416 2548 1431 2563 ››
1447 2546 1464 2565 a
1480 2537 1567 2565 malis
1583 2536 1770 2565 sermonibus
1783 2538 1812 2563 et
1826 2543 1929 2563 conve-

1102 2585 1213 2614 tibue.»
1229 2582 1267 2612 Ut
1281 2583 1393 2611 audivit
1405 2582 1532 2619 populus
1542 2582 1662 2609 domum
1676 2589 1693 2608 a
1703 2580 1841 2616 Gregorio
1849 2587 1929 2607 com-

1104 2633 1249 2659 mutatam
1264 2636 1338 2663 esse,
1357 2635 1430 2663 pene
1445 2626 1617 2654 incredibile
1632 2628 1677 2653 est
1692 2625 1801 2661 quibus
1815 2624 1930 2661 gemiti-

1105 2675 1171 2708 bus,
1183 2676 1255 2710 quot
1267 2675 1296 2700 et
1310 2671 1431 2708 quantis
1445 2671 1583 2707 lacrymis
1598 2672 1745 2706 pastorem
1762 2677 1850 2697 suum
1868 2677 1931 2696 orn-

1105 2728 1158 2748 nes
1173 2716 1312 2746 Catholici
1329 2714 1853 2752 deflerent,quibusorationibus,uta
1865 2721 1933 2748 pro-

1106 2764 1201 2803 posito
1212 2762 1377 2797 desisteret,
1394 2769 1462 2789 cum
1478 2769 1511 2790 eo
1522 2758 1797 2789 contenderent.His
1812 2757 1932 2795 quidem

1146 2863 1184 2900 (δ)
1199 2860 1286 2895 ιδιά..
1300 2867 1376 2889 vere.
1394 2859 1473 2888 £683.
