4100 6394
325 357 443 420 229

328 575 613 640 condidit,
635 571 792 644 quod
827 569 1146 625 etiamnum
1176 569 1385 631 exstat,
1411 561 1695 634 appositis
1728 560 1987 633 plurium

329 666 742 737 episcoporum
788 657 1149 720 nominibus,
1182 654 1282 725 qui
1313 659 1453 708 tunc
1486 646 1988 721 Constantinopoli

330 736 745 808 versabantur.
820 769 848 795 «
911 747 1060 800 Sane
1110 748 1527 798 testamentum
1573 740 1701 808 hoc,
1736 761 1764 789 »
1797 736 1995 810 inquit

333 839 692 898 Possevinus
731 837 831 908 (α),
895 831 1309 906 dignissimum
1373 835 1484 900 est,
1541 829 1600 883 in
1658 827 1813 899 quod
1880 825 1997 897 epi—

340 930 527 1001 scopi,
560 928 774 999 quique
806 922 1130 979 sacerdotia
1162 920 1401 993 pinguia
1439 922 1658 983 tenent,
1709 915 1862 972 serio
1906 915 1996 968 in-

339 1019 620 1092 spiciant,
666 1029 920 1085 eumque
980 1011 1307 1075 imitentur,
1364 1009 1411 1065 si
1471 1007 1652 1063 velint
1704 1003 1905 1078 procul
1965 1020 2000 1059 a

344 1091 520 1165 carne
550 1111 607 1161 et
636 1103 922 1175 sanguine
953 1101 1066 1156 sibi
1121 1104 1178 1155 et
1241 1098 1578 1154 animarum
1637 1093 1814 1151 saluti
1845 1091 1996 1148 serio

344 1195 674 1253 consulere.

495 1298 694 1357 CLXII.
729 1327 798 1337 —
828 1296 1185 1351 Nazianzum
1213 1293 1520 1349 revertitur
1551 1291 1860 1362 Gregorius.

431 1407 760 1480 Gregorius,
795 1408 883 1459 tot
912 1401 1182 1476 gloriosis
1213 1401 1494 1455 adversus
1553 1395 1856 1452 haereticos
1907 1393 2007 1448 de-

362 1501 597 1555 functus
629 1493 863 1567 praeliis,
880 1498 965 1547 tot
994 1489 1305 1548 exantlatis
1325 1487 1625 1543 laboribus
1647 1485 1718 1541 ad
1740 1498 2010 1555 reparan-

358 1590 494 1644 dam
527 1586 695 1640 ﬁdem
728 1583 1058 1653 antiquam,
1081 1596 1211 1650 quae
1244 1593 1389 1650 pene
1419 1574 1676 1646 collapsa
1699 1579 1825 1628 erat
1840 1575 2014 1625 Cons-

354 1673 726 1744 tantinopoli,
753 1670 1007 1742 denique
1038 1674 1120 1723 tot
1150 1669 1326 1723 rebus
1351 1664 1622 1737 praeclare
1652 1661 1857 1734 gestis.
1877 1676 2015 1731 gau-

353 1767 453 1821 dio
485 1762 739 1836 gestiens
771 1758 1012 1832 patriam
1049 1757 1278 1828 repetit,
1309 1755 1368 1810 in
1400 1770 1520 1825 qua
1541 1769 1603 1807 se
1635 1755 1750 1807 otin
1782 1766 1847 1806 ac
1878 1747 2014 1821 qui-

355 1860 450 1910 ete
483 1855 800 1922 optataque
831 1846 1148 1903 solitudine
1179 1843 1499 1900 fruiturum
1533 1841 1827 1913 sperabat.
1860 1837 1982 1894 Gau

355 1943 455 1999 dio
488 1949 686 1996 tamen
720 1936 1037 2010 permistus
1068 1939 1192 1990 erat
1224 1933 1390 1988 dolor
1418 1947 1432 1986 :
1478 1947 1592 1986 non
1640 1929 1794 1985 enim
1843 1927 2015 1984 siccis

357 2031 548 2089 oculis
578 2029 783 2084 dulces
815 2031 1002 2092 natos,
1027 2040 1173 2095 quos
1205 2024 1263 2078 in
1298 2020 1584 2077 catholica
1623 2019 1739 2074 fide
1795 2029 2017 2088 genue-

359 2127 472 2186 rat,
504 2126 562 2174 et
591 2119 829 2173 charam
864 2113 1039 2185 liquit
1070 2111 1463 2167 Anastasiam.
1496 2110 1554 2164 In
1587 2106 1779 2163 natale
1824 2103 2017 2160 solum

360 2226 514 2282 ager
545 2205 797 2270 advenit,
831 2219 937 2258 nec
968 2201 1184 2257 idcirco
1215 2216 1385 2255 suam
1416 2197 1847 2253 abdicationem
1895 2192 2019 2266 plu~

361 2281 532 2354 ribus
590 2301 729 2349 tunc
788 2289 1152 2364 approbavit,
1211 2287 1347 2343 licet
1402 2284 1746 2358 praeclarum
1793 2281 2020 2337 facinus

365 2392 529 2442 tanta
562 2383 654 2439 sui
694 2380 983 2436 oblivione
1013 2379 1337 2442 decretum,
1361 2379 1526 2430 tanta
1559 2372 1739 2428 animi
1773 2370 2021 2426 elatione

366 2476 864 2536 consummatum,
897 2483 1098 2524 omnes
1131 2464 1375 2538 posthac
1407 2461 1602 2518 mirati
1634 2461 1772 2517 sint.
1797 2458 2023 2514 Amico-

371 2581 506 2620 rum
538 2561 703 2616 varim
735 2560 807 2614 de
835 2558 942 2613 hac
976 2573 1035 2612 re
1065 2554 1371 2628 Opiniones
1402 2551 1746 2624 Gregorium
1779 2565 1894 2604 non
1939 2546 2022 2602 la-

367 2656 631 2708 tuerunt.
665 2647 982 2719 Philagrio,
1014 2645 1136 2700 viro
1169 2641 1496 2715 spectabili,
1517 2638 1900 2710 semetipsum
1925 2651 2026 2708 per

372 2743 599 2797 litteras
631 2736 929 2793 excusanti
964 2734 1118 2806 quod
1151 2749 1284 2788 eum
1347 2747 1461 2786 non
1518 2728 1814 2792 inviseret,
1846 2743 1913 2781 ac
1951 2727 2023 2779 ti-

377 2846 537 2885 mere
566 2844 628 2882 se
658 2825 1008 2898 signiﬁcanti
1055 2838 1128 2877 ne
1157 2820 1336 2876 nimis
1368 2818 1802 2873 inconsiderate
1856 2829 2026 2870 suam

376 2919 506 2990 ipse
535 2915 846 2987 Gregorius
881 2911 1196 2968 Ecclesiam
1225 2906 1602 2971 deseruisset,
1644 2908 1725 2959 ita
1785 2918 2029 2973 respon-

378 3008 464 3062 dit
494 3007 570 3076 (b)
595 3021 608 3059 :
645 3026 672 3053 ‹‹
709 3003 777 3057 Et
806 3017 899 3056 me
929 2999 1072 3056 scito
1100 2997 1418 3053 admodum
1453 2995 1671 3050 afﬂicta
1698 3008 1828 3048 esse
1874 2990 2029 3045 vale-

375 3095 651 3150 tudine...
684 3089 863 3146 Nobis
895 3089 1349 3158 haudquaquam
1384 3099 1558 3155 parva
1586 3080 1846 3151 levisque
1905 3093 2030 3132 mo-

381 3182 566 3239 menti
601 3188 733 3236 sun‘
768 3196 855 3242 ea,
899 3178 967 3232 de
1000 3177 1217 3248 quibus
1246 3171 1573 3244 scripsisti:
1637 3168 1879 3241 proinde
1929 3181 2033 3220 nec

387 3273 499 3344 ipsi
535 3266 920 3343 perfunctorie
950 3241 1416 3336 et-negligenter,
1449 3260 1547 3315 sed
1598 3273 1878 3330 perquam
1937 3271 2029 3310 ac-
2063 3241 2108 3308 C

386 3367 609 3427 curate,
639 3357 1004 3413 considerata
1034 3370 1094 3408 re
1126 3359 1302 3424 atque
1333 3365 1640 3422 perpensa,
1673 3348 1744 3402 ad
1804 3346 1913 3400 hoc
1943 3345 2037 3415 ju—

388 3449 608 3506 dicium
639 3447 926 3502 venimus.
959 3442 1119 3499 Fessi
1152 3457 1217 3496 ac
1245 3439 1410 3495 fracti
1438 3453 1666 3503 sumus,
1703 3451 1837 3490 cum
1888 3432 2036 3488 invi-

387 3539 506 3603 dia,
522 3542 579 3592 et
601 3551 736 3592 cum
755 3534 938 3589 sacris
958 3529 1251 3603 episcOpie
1273 3542 1646 3584 communem
1666 3521 2037 3580 concordiam

389 3625 825 3688 dirimentibus,
845 3621 1095 3692 fideique
1116 3634 1355 3674 causam
1376 3615 1617 3688 privatis
1646 3610 2035 3668 contentioni-

389 3717 502 3771 bus
530 3713 904 3786 posteriorem
932 3698 2040 3773 habentibus,concertantes.0uocirca

387 3803 604 3875 navigii
639 3817 892 3874 proram,
926 3804 992 3854 ut
1019 3797 1132 3852 dici
1165 3796 1333 3861 solet,
1368 3796 1720 3859 convertere,
1745 3804 2037 3860 nosque...

387 3895 449 3948 in
484 3909 589 3948 nos
621 3893 780 3964 ipsos
811 3887 1079 3960 colligere
1112 3884 1474 3941 decrevimus
1499 3897 1512 3936 :
1537 3885 1711 3951 atque
1741 3878 1886 3934 alios
1915 3875 2042 3947 qui-

389 3984 524 4037 dem
555 3980 786 4036 eminus
818 3983 1078 4050 spectare
1102 3979 1311 4030 mutuo
1341 3988 1402 4027 se
1435 3971 1806 4042 impotentes.
1838 3987 1866 4017 ››

467 4087 700 4143 CLXIII.
738 4090 1059 4157 Episcopum
1090 4081 1362 4138 Nazianni
1390 4077 1720 4134 constituere
1754 4076 1971 4147 frustra

1085 4170 1182 4209 6οη
1189 4161 1335 4207 atur.

463 4269 733 4322 Attamen
765 4265 823 4318 in
857 4262 1110 4336 patriam
1143 4274 1370 4316 reverso
1429 4273 1498 4313 ea
1556 4255 1670 4311 frui
1697 4253 1920 4326 requie,
1950 4251 2044 4307 cui

395 4361 699 4426 tantopere
731 4353 1023 4420 studebat,
1071 4365 1176 4406 nec
1233 4346 1554 4403 domestico
1613 4345 1815 4399 statim
1881 4341 2047 4396 licuit

390 4445 588 4501 otiari.
623 4443 879 4497 Vacabat
913 4457 1013 4512 per
1041 4439 1099 4492 id
1132 4435 1415 4508 temporis
1448 4432 1712 4490 Ecclesia:
1739 4430 2047 4487 Nazianze-

393 4551 478 4590 οξ
512 4533 701 4596 sedes,
736 4533 1125 4601 nequicquam
1154 4528 1469 4581 Sozomeno
1500 4521 1860 4579 contrarium
1894 4519 2044 4574 scri-

1670 339 1858 402 VITA
1903 338 1972 400 8.
2019 334 2421 399 GREGORII.

326 488 652 558 rogaretur.
714 482 1070 551 Priusquam
1151 475 1494 541 discederet,
1562 473 1984 528 testamentum
2016 484 2072 550 Α

3625 339 3752 400 230

2349 469 2506 523 Hanc
2533 467 2717 537 enim,
2735 481 2860 520 cum
2897 464 3180 537 defecisset

2350 540 2494 593 Pene
2524 554 2657 592 vera
2685 536 2956 607 doctrina,

2350 611 2595 666 Servavit
2625 610 2773 679 tigno

2352 685 2591 748 Magnus
2629 685 2786 750 pater
2811 695 2989 744 meus,

2354 753 2533 807 Totius
2562 756 2735 807 totam
2768 753 3048 806 Trinitatis

2356 823 2650 879 Cuttricem
2680 823 2930 878 reddens.

2356 897 2506 951 Hanc
2536 897 2804 965 afﬂictam
2835 895 3036 965 absque
3061 896 3324 966 praesule,

2361 967 2516 1022 Velut
2546 983 2742 1021 navem
2775 968 2835 1019 in
2864 966 2996 1031 atto,

2357 1041 2644 1095 Carentem
2669 1037 3034 1108 gubernatore

2361 1111 2633 1166 laetatam
2662 1113 2985 1178 tempestate

2371 1182 2736 1236 Maximorum
2765 1180 3067 1248 malorum,

2361 1254 2666 1308 Extra/tere
2695 1267 2723 1307 e
2752 1253 2974 1320 gurgite
3003 1251 3271 1306 volebam.

2190 1345 2334 1396 Cum
2368 1358 2500 1397 vero
2534 1342 2698 1397 navis
2729 1356 2876 1412 pene
2906 1340 3212 1395 confracta:
3245 1339 3472 1396 clavum
3533 1358 3638 1397 nec
3689 1346 3774 1399 te-

2119 1446 2256 1486 nere
2279 1430 2389 1502 ipsi
2415 1432 2649 1486 animus
2675 1433 2849 1492 esset.
2875 1445 2979 1484 nec
3005 1445 3106 1500 per
3121 1428 3514 1485 valetudinem
3537 1429 3776 1501 liceret;

2123 1538 2351 1576 memor
2386 1526 2584 1576 tamen
2619 1519 2695 1591 pii
2731 1519 2991 1591 parentis
3022 1519 3080 1572 in
3141 1519 3250 1574 hac
3298 1520 3679 1590 gubernanda
3724 1525 3783 1578 et

2123 1609 2508 1665 instauranda
2535 1608 2826 1674 laborum,
2850 1623 2978 1663 eam
3005 1607 3239 1679 penitus
3264 1610 3567 1681 naufragio
3591 1611 3778 1681 perire

2125 1715 2241 1754 non
2277 1700 2516 1754 ferebat.
2548 1703 2748 1769 Itaque
2788 1696 2980 1751 virum
3013 1696 3356 1769 frangendis
3403 1699 3780 1755 metuentium

2129 1788 2421 1843 undarum
2453 1786 2789 1842 incursibus
2820 1786 3095 1841 idoneum
3128 1787 3176 1841 ei
3209 1787 3502 1857 praeficere
3531 1787 3776 1854 curavit,

2044 1867 2092 1932 B
2123 1877 2314 1931 virum
2347 1876 2583 1948 quidem
2625 1875 2818 1931 adhuc
2850 1874 3064 1932 laicum
3100 1881 3277 1947 atque
3306 1876 3491 1931 aerarii
3525 1877 3778 1933 ecclesiis

2127 1966 2431 2022 custodem
2466 1981 2668 2020 recens
2729 1964 3140 2026 constitutum.
3189 1970 3396 2021 caetera
3445 1965 3781 2034 virtutibus,

2129 2055 2332 2126 quales
2371 2053 2431 2108 in
2464 2054 2740 2126 episcopo
2772 2053 3059 2124 requiras,
3084 2053 3394 2126 insigniter
3423 2060 3697 2111 ornatum
3729 2059 3787 2112 et

2129 2145 2363 2199 abunde
2394 2143 2772 2199 instructum.
2797 2142 3004 2198 Verum
3039 2159 3203 2214 spem
3238 2144 3516 2200 mentitus
3543 2149 3634 2200 est
3667 2145 3784 2201 exi-

2130 2239 2248 2298 tus,
2271 2233 2556 2305 tlagrante
2577 2232 2798 2286 invidia
2821 2233 3292 2304 presbyterorum
3320 2232 3582 2289 Ecclesiae
3607 2253 3622 2302 ;
3648 2251 3789 2307 qua-

2132 2339 2263 2377 rum
2290 2339 2422 2391 pars
2451 2339 2485 2376 a
2517 2321 2795 2394 Gregorio
2817 2320 3278 2376 Sarcolatrarum
3322 2321 3616 2395 appellata
3639 2322 3786 2396 (Til-

2131 2410 2452 2467 lemontius
2474 2409 2926 2481 Apollinaristas
2957 2409 3395 2482 interpretatur)
3411 2411 3602 2483 palam
3627 2429 3788 2485 aper-

2130 2505 2304 2572 teque
2336 2499 2733 2571 repugnabat;
2766 2515 2899 2569 pars
2930 2499 3387 2556 obsecundantis
3412 2503 3604 2573 specie
3633 2500 3788 2558 clan-

2076 2611 2078 2614 ν
2134 2589 2332 2646 culum
2365 2590 2824 2644 adversabatur:
2859 2588 3134 2658 quodque
3166 2590 3352 2660 magis
3375 2591 3602 2658 mirere,
3633 2591 3786 2646 anti-

2136 2678 2304 2733 stites
2335 2676 2435 2749 qui
2467 2693 2529 2731 se
2584 2675 2845 2746 Gregorii
2903 2675 3128 2730 amicos
3188 2676 3627 2747 proﬁtebantur,
3681 2679 3784 2751 qui

2137 2783 2307 2822 suam
2336 2765 2417 2818 illi
2451 2765 2559 2819 hac
2591 2764 2648 2818 in
2692 2781 2751 2819 re
2781 2781 2948 2835 opem
2982 2769 3149 2819 erant
3180 2767 3446 2837 professi,
3483 2768 3654 2823 Iidem
3687 2770 3790 2822 da-

2138 2861 2256 2911 tam
2293 2853 2639 2910 t‘efellerunt.
2676 2854 2858 2916 Quam
2923 2870 3093 2925 porro
3151 2856 3404 2926 graviter
3460 2856 3518 2910 id
3568 2857 3789 2927 tulerit,

2139 2945 2232 3000 his
2263 2949 2434 3015 atque
2466 2941 2598 2998 aliis
2638 2942 2830 2998 verbis
2888 2942 2946 2997 in
3004 2943 3206 2998 eodem
3271 2945 3530 3001 carmine
3569 2946 3792 3019 signiﬁ-

2141 3038 2234 3090 cat
2258 3051 2272 3090 :

2394 3127 2785 3178 Verumtamen
2818 3121 3067 3194 deceptus
3094 3130 3243 3191 sunt,
3276 3138 3306 3179 ο
3341 3125 3579 3180 Trinitas

2390 3193 2431 3250 Α
2464 3211 2548 3249 me
2573 3193 2879 3264 przedicata
2901 3199 2920 3249 Ι

2400 3268 2572 3321 Periit
2601 3266 2736 3334 ﬁdes
2765 3269 2825 3319 in
2857 3267 3044 3336 Deum,

2393 3338 2568 3392 Periit
2597 3353 2668 3392 ex
2695 3338 3030 3393 hominibus.

2397 3409 2510 3476 Quo
2541 3410 2664 3479 quis
2692 3425 2750 3463 se
2778 3411 3068 3478 conferat?
3096 3415 3148 3463 et
3175 3410 3370 3480 quibus

2393 3481 2595 3550 Jungat
2623 3495 2678 3534 se
2706 3496 2909 3534 soczum
2929 3482 2954 3533 ?

2219 3569 2450 3625 CLXIV.
2485 3569 2784 3622 Arianzum
2818 3582 2873 3620 se
2904 3567 3124 3706 νει-ἱρὴ,
3155 3574 3206 3621 et
3246 3566 3372 3623 inde
3417 3569 3725 3625 Caesaream

2814 3654 2868 3692 se
2895 3653 2994 3692 con.
3022 3646 3125 3691 ert.

2814 3654 2868 3692 88
2895 3653 2952 3692 00
2957 3646 3018 3692 nt
3022 3646 3105 3691 ert
3113 3678 3125 3691 .

2218 3729 2365 3785 Tum
2396 3743 2531 3782 vero
2554 3726 2886 3797 Gregorius,
2916 3724 3233 3780 commissa
3253 3725 3526 3782 Cledonio
3555 3729 3795 3802 presby-

2147 3822 2270 3874 tero
2292 3818 2665 3873 Nazianzenea
2697 3814 2963 3870 Ecclesia:
2994 3831 3152 3882 cura,
3204 3815 3542 3881 Arianzum,
3576 3818 3632 3872 in
3694 3819 3795 3874 do-

2150 3923 2314 3963 mum
2347 3912 2676 3978 paternam,
2709 3903 3059 3958 valetudinis
3117 3921 3295 3961 causa
3353 3911 3409 3961 et
3457 3905 3797 3963 solitudinis

2150 4013 2348 4054 amore
2380 4011 2441 4051 se
2473 3995 2706 4068 recepit,
2733 4009 2837 4049 nec
2865 3998 2998 4048 ante
3031 3994 3288 4050 medium
3321 3995 3549 4051 circiter
3575 4013 3798 4052 annum

2150 4086 2256 4141 382
2285 4084 2634 4141 Nazianzum
2668 4099 2934 4138 reversus
2965 4087 3073 4137 est.
3096 4082 3419 4139 Caesaream
3478 4084 3701 4140 interea
3740 4102 3804 4141 se

2152 4173 2419 4239 contulit,
2453 4180 2516 4228 ut
2549 4171 2759 4228 Basilio
2792 4171 3023 4243 Magno,
3050 4171 3240 4228 tribus
3263 4173 3477 4229 abhinc
3497 4191 3674 4246 prope
3695 4192 3801 4230 an-

2155 4264 2245 4319 nis
2277 4264 2347 4318 ad
2381 4277 2627 4333 superos
2666 4265 2919 4329 evocato,
2975 4261 3138 4330 justa
3198 4260 3584 4332 persolveret:
3647 4262 3802 4333 quod

2155 4353 2394 4426 quidem
2430 4351 2487 4406 in
2521 4351 2782 4405 oratione
2809 4365 2965 4404 nunc
2994 4365 3101 4404 Lxu
3134 4351 3221 4404 sic
3255 4356 3567 4406 exsecutus
3597 4356 3708 4415 est,
3743 4353 3806 4405 ut

2153 4443 2210 4498 in
2249 4440 2541 4513 praeclaris
2574 4439 2745 4495 amici
2782 4438 3141 4494 facinoribus
3201 4441 3551 4494 enarrandis
3599 4455 3804 4495 omnes

2155 4531 2499 4603 eloquentia:
2555 4526 2896 4582 Christianae
2953 4544 3092 4600 opes
3187 4530 3582 4600 profunderet,
3628 4534 3805 4601 atque

390 4623 584 4678 hem-eo
619 4625 779 4675 Hanc
808 4619 964 4674 enim
993 4616 1106 4672 Sibi
1138 4614 1546 4670 θδθτίεείωδω
1581 4609 1922 4678 Εοοιθδίαων
1946 4623 2042 4663 ηδ’
2076 4613 2122 4678 Ι)
2154 4619 2644 4679 obtrectatoribus
2673 4618 2770 4690 qui
2805 4617 3002 4672 Basilii
3066 4617 3323 4674 indolem
3373 4636 3670 4686 accusare,
3705 4622 3809 4674 aut

391 4711 478 4766 vis
510 4712 698 4764 instar
753 4710 994 4763 ductore
1051 4705 1328 4769 carentis,
1391 4699 1600 4756 mediis
1655 4699 1716 4753 in
1768 4697 2044 4752 ﬂuctibus

391 4803 709 4863 errantem,
769 4796 1038 4870 procellis
1090 4799 1282 4850 actam
1355 4794 1414 4846 et
1488 4786 2041 4860 Apollinaristarum

393 4889 731 4943 incursibus
786 4889 1106 4959 patentem,
1164 4900 1198 4938 a
1254 4895 1316 4937 se
1374 4880 1670 4934 inventam
1730 4875 2046 4948 Gregorius

389 4979 520 5050 ipse
549 4983 803 5033 testatur
859 4975 1110 5030 iambico
1160 4969 1419 5028 carmine
1475 4966 1617 5023 olim
1670 4981 1830 5035 um,
1889 4980 2046 5020 nunc

392 5084 494 5123 cu
527 5067 638 5138 (c):

643 5155 776 5210 Cum
810 5156 959 5210 enim
987 5155 1274 5216 venissem,
1303 5147 1609 5221 peregrinae

642 5228 918 5298 Linquens
948 5226 1128 5281 sedem
1154 5227 1340 5286 terra,

644 5298 982 5369 Dulcemque
1009 5298 1218 5368 plebem

647 5371 708 5427 Ut
733 5370 868 5437 vidi,
889 5363 1088 5424 statim
1116 5366 1288 5422 menti
1316 5363 1558 5420 occurrit

644 5445 801 5503 Area,
836 5456 960 5511 qua?
989 5440 1104 5494 sola

645 5514 859 5585 Effugit
889 5511 1379 5568 inundationem...

466 5637 555 5781 εἴ)
582 5638 785 5722 Appar.
814 5653 951 5702 sac.,
986 5652 1044 5710 p.
1075 5636 1206 5690 671.

523 5712 544 5775 )
573 5707 758 5781 Epist.
788 5709 865 5767 al.
893 5709 987 5766 65.

523 5712 544 5775 )
573 5707 758 5784 Epist.
788 5709 865 5767 al.
893 5709 987 5766 65.

2155 4714 2283 4784 ejus
2314 4711 2385 4765 de
2410 4709 2631 4780 Spiritu
2666 4715 2868 4761 sancto
2900 4706 3251 4772 doctrinam,
3282 4712 3338 4762 et
3369 4707 3424 4761 in
3486 4725 3553 4762 ea
3593 4707 3806 4778 pradi-

2156 4801 2343 4858 canda
2375 4814 2594 4853 morem
2627 4811 2862 4867 carpere
2920 4795 3049 4851 ausi
3109 4798 3358 4862 fuerant,
3396 4812 3462 4852 os
3491 4796 3549 4849 in
3603 4811 3809 4867 perpe-

2159 4897 2330 4945 tuum
2365 4886 2716 4943 occluderet.

2467 4973 2669 5029 CLXV.
2703 4972 2849 5044 Quid
2878 4975 2937 5027 in
2966 4973 3269 5030 solitudine
3298 4981 3499 5044 ageret.

2228 5073 2291 5123 In
2325 5064 2642 5122 solitudine
2675 5079 2790 5135 quo
2850 5067 3016 5134 pacto
3082 5080 3145 5118 se
3190 5063 3428 5118 haberet
3467 5061 3802 5132 Gregorius.

2158 5159 2377 5232 quibus
2408 5155 2583 5209 rebus
2613 5156 2860 5217 vacaret,
2887 5168 2999 5222 quo
3023 5169 3197 5207 sensu
3223 5153 3466 5222 amicos,
3490 5169 3605 5222 quo
3627 5150 3806 5206 etiam

2156 5246 2428 5303 inimicos
2458 5245 2928 5314 prosequeretur,
2971 5242 3234 5296 scribens
3287 5242 3359 5296 ad
3420 5239 3806 5294 Amazonium

2157 5338 2407 5409 ipsemet
2437 5331 2696 5388 declarat
2727 5330 2819 5385 his
2849 5330 3042 5386 verbis
3074 5331 3184 5402 (d):
3225 5353 3252 5381 ‹‹
3285 5331 3344 5386 Si
3376 5329 3509 5401 quis
3543 5343 3808 5384 commu-

2158 5427 2322 5480 nium
2353 5420 2701 5487 amicorum,
2734 5433 2882 5489 quos
2907 5418 3230 5489 permultos
3270 5436 3400 5476 esse
3456 5416 3712 5482 confido,
3745 5430 3814 5470 ex

2158 5519 2214 5572 te
2248 5515 2637 5588 percontetur,
2671 5505 2772 5562 ubi
2804 5523 2960 5564 nunc
2990 5508 3325 5581 Gregorius,
3353 5513 3412 5566 et
3439 5506 3584 5580 quid
3613 5516 3810 5561 rerum

2251 5620 2304 5692 ο)
2338 5617 2463 5692 Lib.
2490 5629 2747 5692 v11,_oa_p.
2773 5613 2830 5669 7.

2229 5621 2313 5767 ξΞέ
2338 5621 2764 5763 ἓὲὶὲἓιῗνέ.
