4100 6404
1661 355 1849 418 VI‘I‘A
1895 351 1959 415 Β.
2005 347 2410 414 08860311.

333 499 490 568 agat,
521 494 712 550 dicere
743 510 814 549 ne
843 493 1079 548 dubites
1117 507 1251 547 eum
1301 491 1499 565 quiete
1545 505 1612 546 ae
1659 485 1975 560 tranquille
2005 487 2060 555 Α
2088 484 2460 540 Theodorum
2484 484 2822 556 episcopum
2847 485 3210 554 'I‘yanensem
3235 482 3522 538 scribens.
3569 503 3598 532 κ
3627 487 3741 539 Vo-

339 582 765 656 philosopbari,
801 600 916 638 non
949 583 1139 654 magis
1161 598 1279 651 eos,
1309 598 1341 636 a
1374 581 1590 652 quibus
1621 579 1839 650 injuria
1867 576 1975 647 ipsi

325 673 440 729 lata
473 679 579 740 est,
607 677 931 735 curantem,
967 688 1141 743 quan:
1175 670 1386 736 eos,de
1418 669 1658 740 quibus,
1682 668 1739 724 in
1763 666 1980 720 lucem-

327 779 399 818 ne
431 766 488 818 et
517 761 692 816 vitam
729 760 1067 832 prodierint,
1101 760 1368 831 ignotum
1427 765 1604 830 atque
1654 757 1975 812 obscurum

326 855 446 908 est:
482 851 626 906 adeo
657 849 870 904 invicto
893 853 981 904 est
1007 848 1186 904 animi
1222 848 1448 903 robore.
1477 847 1638 912 Quod
1675 845 1721 900 si
1755 850 1811 899 te
1843 860 1976 898 rur—

327 957 430 996 sus
460 941 616 995 idem
641 943 820 1009 roget,
845 937 1137 1008 quomodo
1163 937 1487 993 amicorum
1515 933 1974 1006 diejunctionem

325 1030 494 1094 ferat,
522 1045 635 1083 non
659 1029 784 1098 jam
808 1028 1053 1082 fidenter
1073 1026 1426 1099 respondeas
1443 1041 1578 1081 eum
1601 1021 1976 1096 philosopha-

324 1118 394 1184 ri,
429 1133 631 1173 verum
665 1115 862 1170 animo
893 1132 1022 1171 esse
1055 1131 1338 1186 perquam
1372 1113 1585 1169 humili
1617 1118 1676 1169 et
1723 1112 1968 1182 abjecto.

321 1205 430 1261 Alii
463 1205 619 1260 enim
652 1205 710 1258 in
743 1204 872 1258 aliis
906 1205 1082 1259 rebus
1115 1203 1411 1259 molliores
1447 1206 1610 1272 sunt,
1633 1217 1740 1272 ego
1773 1205 1973 1255 autem

323 1293 382 1348 in
415 1293 672 1349 amicitia
702 1299 760 1347 et
784 1291 1013 1347 amicis.
1049 1314 1076 1342 ››
1831 1287 1833 1290 ‘

500 1397 735 1456 CLXVI.
771 1399 1124 1454 Calamitate:
1154 1399 1351 1470 quibus
1380 1406 1509 1454 tunc
1538 1396 1798 1469 temporis

814 1473 1192 1542 afﬂictabatur
1222 1471 1484 1525 Ecclesia.

391 1561 520 1617 Haec
551 1562 693 1616 dum
723 1566 922 1632 ageret
953 1559 1068 1624 ille,
1119 1563 1438 1631 optatoqus
1495 1557 1784 1612 frueretur
1835 1554 1973 1620 otio,

324 1649 778 1705 vehementibus
808 1647 1070 1704 Ecclesia
1113 1647 1380 1720 procellis
1439 1647 1789 1719 agitabatur.
1839 1644 1974 1698 hinc

322 1737 686 1792 Antiocheno
709 1736 1027 1791 schismate
1057 1736 1395 1801 dilacerata,
1431 1734 1593 1790 illinc
1621 1731 1974 1805 Apollinari-

2087 575 2228 629 cat?
2257 574 2452 646 inquit
2481 576 2574 646 (ο).
2609 578 2726 629 Nos
2758 591 2888 630 vero
2922 590 3324 646 properamus.
3349 574 3742 644 Properemus

2087 673 2309 733 autem,
2346 671 2412 722 ut
2442 668 2548 722 soli
2585 684 2718 722 cum
2769 667 2890 722 solo
2947 668 3414 739 congrediamur.
3475 668 3742 739 Synodos

2085 756 2243 812 enim
2278 761 2454 827 atque
2483 755 2774 827 colloquia
2834 756 3033 827 procul
3093 757 3464 823 salutamus;
3521 773 3590 810 ex
3621 773 3741 828 quo

2085 845 2308 901 scilicet
2337 850 2601 916 tempore
2633 844 2822 900 multa
2843 850 3149 910 eorum,ut
3180 861 3349 916 parce
3381 844 3609 916 loquar,
3632 846 3740 900 imo

2085 935 2270 1005 proba
2299 940 2358 989 et
2393 934 2685 1006 ﬂagitiosa
2713 951 2842 990 esse
2874 935 3151 1005 comperi.
3185 955 3213 983 »

2157 1023 2435 1088 Quamvis
2466 1025 2718 1096 synodos
2743 1024 2952 1078 vitaret
2982 1024 3314 1095 Gregorius,
3339 1039 3473 1078 eum
3514 1028 3737 1091 tamen,

2085 1129 2200 1167 non
2233 1130 2399 1168 secus
2425 1130 2492 1168 ac
2523 1113 2648 1168 orbi
2681 1119 2974 1184 praeesset,
3017 1112 3281 1168 omnium
3341 1113 3739 1168 Ecclesiarum

2084 1201 2318 1256 tenebat
2337 1201 2694 1272 sollicitudo,
2715 1218 2949 1273 semper
2979 1202 3248 1256 intentus
3271 1201 3342 1256 iis
3365 1219 3491 1273 quae
3513 1203 3586 1256 ad
3622 1202 3710 1257 has
3727 1234 3742 1245 -

2086 1291 2262 1344 resim
2299 1291 2746 1346 exstinctionem
2771 1297 2874 1346 aut
2893 1291 3367 1362 propagationem
3406 1291 3539 1345 fidei
3572 1307 3739 1362 spec-

2083 1383 2229 1450 tare,
2262 1381 2642 1452 conspiceret.
2678 1404 2706 1431 ιι
2741 1379 2971 1442 Omnia.
3006 1378 3303 1450 inquit(d),
3325 1379 3475 1450 apud
3510 1396 3616 1434 nos
3642 1380 3742 1434 Dei

2087 1468 2368 1526 beneficio
2402 1474 2555 1525 recte
2587 1487 2649 1525 se
2666 1470 2905 1532 habent,
2926 1470 3034 1524 hoc
3057 1485 3172 1524 uno
3205 1479 3462 1540 excepto,
3481 1470 3634 1540 quod
3668 1471 3744 1526 de

2087 1557 2364 1614 Ecclesiis
2395 1559 2548 1614 anxii
2581 1567 2638 1614 et
2661 1558 2893 1615 solliciti
2919 1575 3126 1613 sumus
3171 1562 3289 1612 tam
3330 1558 3476 1613 fcede
3518 1564 3746 1629 pertur-

2083 1647 2259 1704 batis.
2293 1672 2312 1696 »
2347 1652 2459 1702 Sua
2493 1663 2626 1703 eum
2689 1648 2982 1720 imprimis
3041 1649 3291 1719 angebat
3347 1647 3738 1714 Nazianzena,

2084 1752 2260 1807 quam
2288 1755 2401 1792 non
2430 1738 2601 1794 modo
2623 1753 3015 1808 corrumpere,
3042 1737 3142 1791 sed
3169 1742 3225 1790 et
3245 1736 3518 1791 invadere
3543 1741 3738 1792 tenta-

322 1832 552 1881 starum
585 1825 822 1881 turbata
852 1825 1198 1892 conatibus;
1233 1826 1332 1896 qui
1365 1823 1501 1880 licet
1529 1824 1600 1878 ab
1657 1821 1888 1878 Oriente
1919 1825 1975 1876 et
2004 1873 2048 1898 ἢ
2085 1827 2691 1898 bantApollinaristm.
2719 1831 2864 1881 Dum
2897 1825 3050 1881 enim
3086 1826 3153 1881 ad
3179 1825 3538 1882 Xanxaridas
3579 1826 3738 1882 ther-

325 1914 637 1970 Occidente
670 1915 891 1987 rejecli,
918 1913 1377 1969 disseminandis
1401 1930 1555 1968 nunc
1581 1912 1793 1984 palam,
1820 1927 1974 1966 nunc

323 2003 549 2060 occulte
579 2004 706 2060 suis
736 2005 1034 2060 erroribus
1055 2003 1239 2058 nihilo
1271 2003 1512 2075 segnius
1549 2001 1972 2056 allaborabant.

323 2093 406 2149 Ad
441 2093 564 2149 hac
596 2093 834 2165 cynicus
857 2092 976 2162 ille,
1000 2092 1102 2164 qui
1126 2093 1372 2163 turpiter
1400 2107 1431 2146 e
1462 2092 1599 2147 sede
1641 2088 1972 2146 Constanti-

326 2182 664 2254 nopolitana
694 2184 785 2242 dei
812 2183 1000 2248 ulsus,
1025 2184 1082 2236 in
1109 2186 1420 2255 Egyptum
1446 2180 1635 2253 primo
1658 2196 1720 2234 se
1752 2194 1978 2250 recepe-

323 2277 435 2336 rat,
461 2288 711 2343 eamque
741 2271 1156 2327 calumniando
1187 2288 1292 2326 sus
1321 2272 1506 2342 deque
1552 2274 1825 2337 verterat,
1862 2267 1973 2322 Ita-

321 2362 459 2419 liam
492 2363 822 2418 concitabat
849 2361 1057 2417 iisdem
1083 2360 1569 2424 artibus.0uibus
1592 2358 1764 2414 malis
1786 2375 1971 2428 quan-

321 2452 511 2508 tocius
542 2453 969 2508 occurrendum
1003 2457 1165 2506 ratus
1197 2451 1454 2523 pontifex
1476 2449 1787 2514 Damasus,
1802 2462 1972 2519 gene-

319 2541 439 2597 rale
464 2541 777 2598 concilium
806 2542 1002 2597 Romae
1034 2540 1234 2596 haberi
1268 2539 1541 2595 decrevit.
1567 2542 1676 2594 At
1711 2536 1968 2608 impera-

315 2635 407 2686 tor
429 2649 548 2688 rem
575 2631 633 2686 in
651 2631 887 2687 Oriente
919 2630 1112 2703 peragi
1145 2630 1332 2685 satius
1362 2630 1605 2692 ducens,
1628 2626 1966 2683 Constanti-

316 2720 512 2792 nopoli
545 2721 833 2794 synodum
868 2719 1098 2787 indixit,
1131 2720 1225 2775 cui
1266 2717 1606 2791 Gregorium
1642 2715 1964 2786 praesertim

317 2808 604 2864 interesse
635 2826 1010 2880 summopere
1041 2808 1331 2881 cupiebat.
1355 2807 1535 2877 Cujus
1557 2806 1674 2861 voti
1706 2822 1808 2876 per
1827 2804 1965 2860 Pro-

318 2898 551 2969 copium
585 2898 796 2953 certior
828 2901 1018 2953 lactus
1044 2896 1379 2969 Gregorius,
1421 2894 1638 2950 infelici
1697 2895 1965 2950 omnium

316 2987 532 3058 quibus
556 2987 624 3040 ad
637 2988 823 3041 fuerat
854 2987 1210 3059 synodorum
1230 2986 1384 3041 exitu
1405 2985 1476 3039 ad
1500 2983 1840 3040 memoriam
1877 2999 1965 3037 re-

315 3081 538 3141 vocato,
562 3093 700 3130 suas
723 3076 1040 3147 quominus
1063 3080 1318 3146 Augusto
1341 3078 1571 3145 pareret
1593 3073 1965 3127 infirmitates

316 3165 601 3219 obtendit.
628 3187 657 3214 α
687 3169 822 3236 Ego,
850 3164 1043 3236 inquit
1068 3162 1233 3235 (a),si
1264 3180 1398 3219 vera
1421 3162 1673 3220 scribere
1714 3165 1962 3231 oportet,

2088 1931 2214 1972 mas
2242 1915 2473 1987 longius
2495 1916 2834 1986 Gregorium
2870 1918 3108 1971 morbus
3130 1914 3488 1984 abduxisset,
3512 1932 3629 1970 suae
3659 1918 3744 1972 fa-

2085 2005 2296 2061 ctionis
2329 2005 2690 2074 hominibus,
2720 2023 2866 2078 quos
2889 2005 3158 2061 Nazianzi
3193 2005 3507 2070 habebant,
3531 2011 3740 2062 contra

2076 2093 2181 2165 jus
2213 2095 2415 2166 fasque
2447 2094 2788 2166 episcopum
2822 2095 3178 2150 constituere
3211 2099 3736 2165 praesumpserunt.

2084 2183 2201 2239 Hos
2233 2183 2471 2240 lenitate
2496 2201 2604 2241 sua
2627 2188 2968 2240 mansuetos
2983 2182 3360 2256 placidosque
3379 2183 3619 2238 reddere
3642 2199 3739 2238 vo-

2083 2272 2279 2330 luerat
2303 2279 2359 2328 et
2391 2273 2676 2345 paulatim
2709 2272 2972 2329 emollire
2996 2291 3011 2339 ;
3043 2278 3101 2328 at
3126 2274 3351 2344 pejores
3372 2288 3470 2327 eos
3499 2271 3689 2327 effecit
3720 2288 3735 2328 :

2087 2386 2109 2414 ι
2147 2363 2270 2419 Non
2306 2363 2483 2426 enim,
2507 2363 2703 2435 inquit
2733 2363 2826 2434 (θ),
2862 2379 3071 2434 pravos
3092 2361 3362 2417 homines
3402 2360 3614 2416 lenitas
3645 2359 3738 2415 in-

2081 2451 2283 2509 ﬂectit.
2321 2475 2348 2503 »
2382 2456 2524 2508 Cum
2558 2457 2751 2508 autem
2789 2452 3004 2507 absens
3036 2449 3190 2506 malo
3215 2450 3429 2506 mederi
3455 2467 3569 2507 non
3587 2449 3739 2505 vale-

2080 2546 2186 2609 ret,
2214 2541 2438 2597 litteras
2468 2541 2578 2597 sibi
2610 2541 2859 2596 vicariae
2886 2539 3213 2609 substituit,
3247 2540 3508 2596 scribens
3531 2538 3734 2611 Olym-

2079 2631 2173 2703 pio
2207 2635 2472 2702 praefecto
2506 2630 2596 2686 his
2628 2630 2944 2701 verbis(/):
2981 2653 3008 2679 ‹‹
3044 2628 3177 2685 Mali
3202 2628 3488 2696 homines,
3508 2629 3732 2699 episco~

2077 2737 2183 2792 pos
2214 2721 2524 2792 quosdam,
2557 2720 2774 2791 quibus
2805 2717 3061 2790 dignitas
3092 2718 3165 2772 ab
3199 2716 3506 2774 universali
3529 2718 3724 2772 conci-

2075 2807 2154 2866 lio
2185 2809 2462 2879 abrogata
2493 2810 2704 2872 fuerat,
2737 2812 3128 2878 accercentes,
3151 2812 3253 2862 aut
3282 2807 3728 2862 transeuntibus

2075 2899 2404 2967 abutentes,
2440 2897 2844 2970 imperialibus
2884 2897 3157 2953 omnibus
3205 2895 3729 2952 constitutionibus

2074 2994 2253 3061 atque
2283 2987 2560 3046 omnibus
2581 2988 2792 3044 vestris
2819 2988 3029 3043 edictis
3058 2985 3312 3052 violatis,
3344 2985 3574 3042 cuidam
3613 2984 3733 3039 im-

2075 3077 2155 3150 pii
2173 3083 2230 3134 et
2258 3076 2573 3134 adulterini
2597 3077 2687 3134 sui
2714 3078 2908 3148 gregis
2931 3074 3412 3146 episcopinomen
3440 3073 3735 3144 imposue-

2076 3173 2234 3232 runt,
2261 3166 2427 3223 nulla
2448 3183 2528 3237 re,
2555 3171 2619 3223 ut
2638 3167 2867 3238 Opinor,
2893 3164 3132 3237 perinde
3175 3164 3322 3226 freti,
3360 3168 3535 3234 atque
3569 3179 3736 3220 sum-

314 3253 424 3308 hoc
447 3253 643 3308 animo
666 3270 822 3314 sum,
843 3259 906 3307 ut
928 3269 1164 3309 omnem
1183 3252 1596 3325 episcoporum
1618 3256 1969 3307 conventum
2001 3245 2045 3312 C
2085 3273 2180 3312 ma
2210 3273 2341 3312 mea
2369 3256 2787 3312 imbecillitate.
2825 3275 2850 3307 ι
2891 3254 3108 3310 Deinde
3143 3252 3382 3308 sceleris
3431 3252 3608 3322 hujus
3641 3250 3742 3308 ul-

315 3342 577 3412 fugiam:
613 3342 889 3413 quoniam
927 3341 1148 3398 nullius
1179 3341 1410 3398 consilii
1445 3341 1620 3396 tinem
1675 3340 1872 3395 laetum
1913 3345 1970 3395 et

317 3431 574 3484 faustum
605 3430 744 3495 vidi,
783 3445 886 3484 nec
915 3431 1066 3501 quod
1100 3430 1506 3500 depulsionem
1541 3428 1830 3485 malorum
1865 3445 1965 3500 po-

313 3521 636 3592 tius,quam
664 3522 1057 3576 accessionem
1085 3527 1140 3576 et
1162 3523 1591 3576 incrementum
1626 3519 1964 3575 habuerit...

314 3609 458 3664 Huic
482 3625 717 3681 quoque
750 3625 878 3666 meo
901 3611 1127 3682 judicio
1161 3615 1442 3682 patronus
1465 3608 1962 3679 morbusaccedit,

312 3699 530 3772 quippe
553 3699 652 3772 qui
679 3717 770 3760 me
805 3700 884 3756 ita
915 3700 1299 3773 distorqueat,
1326 3704 1392 3754 ut
1424 3698 1688 3774 quotidie
1720 3699 1837 3754 fere
1865 3713 1962 3753 ex-

312 3798 534 3844 tremos
566 3789 814 3862 spiritus
867 3787 1081 3854 efflem,
1143 3805 1247 3846 nec
1307 3787 1427 3843 ulla
1484 3804 1544 3843 re
1604 3787 1825 3858 meipso
1879 3784 1964 3842 uti

312 3894 545 3950 queam.
574 3901 600 3926 »
622 3878 1093 3949 Excusationem,
1118 3895 1294 3950 quam
1322 3876 1515 3932 ﬁctam
1541 3875 1961 3943 arbitrabatur,

314 3968 457 4022 adeo
485 3983 600 4021 non
636 3968 877 4022 admisit
907 3969 1243 4040 imperator,
1271 3971 1334 4021 ut
1365 3966 1530 4021 novis
1575 3981 1677 4036 per
1718 3965 1962 4020 Icarium

312 4057 500 4110 virum
527 4055 813 4110 illustrem
839 4063 893 4110 et
916 4055 1248 4130 Olympium
1272 4053 1646 4126 Cappadociae
1679 4060 1964 4109 rectorem

313 4144 592 4218 Gregorio
655 4144 934 4198 institerit
999 4143 1348 4202 mandatis:
1409 4143 1629 4214 quibus
1713 4141 1966 4213 acceptis

310 4231 580 4304 Olympio
632 4231 715 4286 sic
771 4231 1078 4305 rescripsit
1131 4233 1219 4286 vir
1277 4231 1511 4287 mentiri
1557 4229 1790 4286 nescius
1843 4230 1962 4301 (b):

313 4342 340 4369 «
369 4320 487 4375 Hoc
515 4319 660 4374 mihi
685 4319 888 4376 morbo
914 4321 1041 4394 ipso
1066 4319 1302 4393 gravius
1324 4323 1433 4387 est,
1458 4319 1613 4392 quod
1640 4334 1775 4376 cum
1815 4333 1969 4392 a’ger

315 4407 449 4475 sim,
475 4413 755 4478 aegrotare
786 4412 982 4463 tamen
1010 4425 1123 4464 non
1148 4409 1371 4479 credar,
1393 4424 1595 4464 verum
1631 4408 1967 4480 peregrina-

315 4495 534 4552 tionem
567 4495 650 4552 ita
680 4497 911 4569 longam
940 4498 1105 4565 inire,
1128 4504 1296 4571 atque
1327 4498 1383 4552 in
1418 4496 1643 4554 medios
1674 4496 1968 4553 tumultus

313 4585 603 4657 meipsum
625 4585 1152 4659 impellerejubear
1177 4603 1189 4642 :
1215 4604 1248 4642 a
1271 4586 1486 4658 quibus
1508 4587 1822 4642 secessisse
1845 4592 1965 4642 tam
1997 4618 2045 4684 Β

314 4675 455 4731 mihi
490 4680 723 4745 gratum
761 4675 890 4742 fuit,
919 4682 979 4730 ut
1009 4675 1118 4733 hoc
1151 4676 1386 4734 nomine
1423 4676 1676 4748 gratiam
1729 4691 1966 4748 quoque

312 4765 572 4837 corporis
604 4765 907 4820 aliiictioni
943 4766 1366 4838 propemodum
1404 4764 1717 4820 habeam...
1745 4764 1864 4820 Hoc
1909 4769 1968 4820 et

311 4853 718 4909 illustrissimo
741 4871 971 4926 quoque
997 4855 1174 4911 Icario
1209 4873 1319 4911 non
1353 4853 1434 4910 ita
1466 4853 1690 4926 pridem
1732 4853 1964 4928 scripsi,

312 4959 445 4997 cum
478 4942 632 4998 idem
664 4945 736 4998 ab
767 4960 833 4998 eo
853 4945 1096 5015 jussum
1117 4945 1512 5020 accepissem;
1545 4948 1604 4999 et
1633 4961 1788 5000 nunc
1810 4962 1844 5000 a
1864 4949 1968 5000 tua

313 5030 491 5085 animi
527 5032 934 5103 magnitudine
966 5037 1120 5106 peto,
1154 5038 1220 5094 ut
1269 5049 1373 5104 pro
1424 5033 1592 5094 nobis
1643 5048 1877 5105 quoque
1907 5032 1967 5087 id

313 5118 567 5174 scribere
591 5135 702 5174 non
727 5127 1016 5194 gravetur.
1037 5141 1063 5172 ι
1093 5120 1245 5180 Vicit
1266 5122 1502 5178 tandem
1544 5115 1806 5193 Gregorii
1841 5136 1967 5178 mo-

313 5207 479 5262 desta
510 5209 815 5275 recusatio,
842 5210 939 5280 qui
975 5227 1089 5281 1am
1121 5217 1295 5267 antea
1325 5215 1614 5266 statuerat
1664 5226 1967 5280 nunquam

312 5293 598 5352 interesse
628 5313 1037 5371 episcoporum
1069 5299 1353 5367 conciliis,
1385 5303 1448 5353 ut
1479 5299 1604 5370 ipse
1649 5299 1863 5355 fatetur
1893 5299 1966 5356 ad

386 5475 465 5616 Ea;
496 5474 676 5554 Epist.
711 5475 786 5531 al.
820 5478 910 5535 55.

414 5549 444 5601 b
496 5546 680 5616 Epist.
720 5548 796 5604 al.
825 5551 910 5606 76.

388 5475 442 5616 Ea
496 5475 676 5554 Epist.
711 5475 786 5531 al.
820 5478 910 5535 55.

388 5475 918 5761 gaesa

496 5687 685 5761 Epist.
729 5689 805 5748 al.
836 5691 918 5749 72.

496 5687 685 5761 mpm.
729 5689 805 5748 ιι.
836 5691 927 5749 72.

2078 3346 2296 3402 tionem
2333 3345 2522 3418 petiit,
2555 3345 2848 3401 mitiorem
2873 3350 3068 3399 tamen
3098 3359 3273 3414 quam
3298 3347 3460 3398 tanta
3486 3340 3740 3398 audacia

2079 3443 2425 3491 mereretur.

2175 3523 2436 3580 CLXVII.
2469 3524 2727 3580 Ecclesia:
2757 3524 3132 3579 Nazianzenaz
3170 3537 3363 3577 curam
3388 3521 3556 3591 gerit.

2150 3619 2320 3668 Auno
2342 3613 2449 3668 382
2481 3613 2713 3669 circiter
2742 3617 3010 3679 exeunte,
3044 3610 3392 3682 rogantibus
3443 3608 3736 3681 episcopis

2074 3707 2132 3760 et
2150 3702 2420 3760 universo
2443 3701 2678 3774 populo,
2695 3700 2929 3774 pusillis
2942 3717 3007 3757 ac
3020 3699 3251 3772 magnis
3273 3698 3734 3755 vociferantibus

2075 3797 2134 3848 et
2153 3791 2624 3858 obsecrantibus,
2649 3798 2714 3846 ut
2735 3795 3043 3862 assumpto
3066 3788 3332 3844 Ecclesia;
3350 3788 3732 3845 Nazianzenaz

2075 3882 2238 3938 clavo
2269 3898 2397 3936 eam
2423 3882 2498 3938 ab
2529 3879 2861 3936 imminenti
2893 3885 3150 3935 servaret
3181 3878 3509 3948 naufragio,
3529 3875 3728 3933 cessit.

2077 3972 2271 4025 «Tum
2304 3970 2528 4041 pietati,
2577 3991 2606 4020 n
2661 3967 2854 4040 inquit
2911 3967 3226 4038 Gregorius
3287 3967 3384 4037 (g),
3445 3965 3600 4020 datis
3657 3965 3732 4020 ad

2075 4057 2466 4130 Bosphorium
2494 4057 2900 4114 Coloniensem
2931 4056 3164 4127 litteris,
3199 4079 3226 4108 ‹‹
3261 4055 3367 4110 hoc
3425 4052 3730 4123 denuntio,

2075 4163 2184 4202 nos
2212 4163 2421 4202 manus
2452 4148 2590 4202 dare
2640 4151 2697 4202 et
2741 4147 2964 4213 cedere,
2987 4151 3159 4216 atque
3202 4142 3463 4199 Ecclesiae
3504 4158 3734 4210 curam,

2077 4235 2194 4294 Deo
2224 4236 2422 4305 dante,
2455 4241 2835 4308 suscepturos
2887 4250 3042 4302 esse,
3089 4232 3570 4306 quandoquidem
3621 4231 3734 4286 hoc

2077 4325 2457 4393 contenditis,
2481 4342 2547 4381 ac
2573 4325 2898 4398 prtesertim
2928 4328 3170 4397 urgente
3219 4322 3328 4380 hac
3369 4326 3738 4394 tempestate,

2076 4421 2316 4488 propter
2337 4415 2767 4484 imminentem,
2785 4419 2850 4470 ut
2871 4414 2996 4485 ipse
3019 4411 3250 4479 scribis,
3267 4411 3736 4467 adversariorum

2077 4504 2498 4572 incursionem,
2523 4503 2868 4576 humileque
2887 4503 2994 4560 hoc
3015 4518 3224 4574 corpus
3245 4500 3361 4557 Deo
3393 4501 3736 4556 commoda-

2078 4597 2243 4650 turos
2273 4609 2422 4662 esse,
2461 4593 2728 4666 quandiu
2782 4591 3039 4658 durabit,
3093 4590 3367 4662 viresque
3410 4594 3622 4645 nostras
3656 4589 3737 4644 fe-

2078 4687 2226 4753 rent,
2261 4706 2284 4737 n
2321 4687 2429 4738 etc.
2457 4683 2584 4738 Haec
2599 4681 2790 4753 verba,
2817 4704 2845 4731 «
2879 4678 3162 4752 quamdiu
3188 4677 3444 4747 durabit,
3467 4677 3737 4750 viresque

2076 4772 2285 4838 ferent,
2306 4795 2334 4823 »
2361 4772 2505 4830 satis
2525 4771 2792 4828 evincent
2811 4769 3119 4842 epistolam
3146 4786 3259 4824 non
3273 4768 3344 4823 ad
3371 4783 3591 4822 annum
3603 4767 3735 4835 374,

2077 4866 2144 4918 ut
2172 4860 2296 4918 vult
2326 4859 2758 4927 Tillemontius,
2791 4875 2920 4916 esse
2946 4859 3332 4925 referendam,
3367 4873 3480 4929 quo
3515 4855 3732 4929 Grego-

2079 4951 2203 5007 rius
2259 4950 2533 5007 defuncto
2597 4953 2759 5021 patre
2818 4948 3086 5004 Ecclesiae
3133 4947 3509 5006 Nazianzenae
3560 4967 3589 4994 ‹‹
3623 4961 3734 5000 cu-

2078 5057 2204 5095 ram
2237 5039 2498 5112 aliquam
2529 5039 2751 5110 gessit;
2776 5060 2803 5088 ››
2829 5036 3121 5110 siquidem
3146 5044 3285 5091 tunc
3307 5034 3589 5107 temporis
3613 5050 3732 5090 non

2078 5127 2374 5202 pollicitus
2407 5130 2596 5184 fuerat
2623 5125 2898 5186 Naziansi
2941 5143 3003 5186 se
3061 5140 3411 5184 mansurum
3469 5122 3734 5195 quandiu

2078 5219 2230 5274 vires
2264 5219 2500 5290 ferrent,
2526 5216 2625 5273 sed
2652 5222 2882 5274 tantum
2899 5216 3084 5274 donec
3105 5215 3417 5295 episcopus
3449 5212 3593 5270 alter
3620 5207 3727 5268 eli-

2081 5313 2280 5382 geretu
2291 5327 2337 5364 r.

2177 5492 2226 5564 ε)
2255 5490 2441 5564 Epist.
2475 5488 2553 5545 al.
2584 5487 2675 5545 77.

2177 5492 2226 5564 ε)
2255 5492 2400 5556 Epis‘

2151 5492 2232 5704 ἓῖς
2252 5562 2400 5656 Ibid.

2175 5650 2210 5703 ο
2262 5635 2399 5704 Epic

2175 5630 2232 5704 ὰ)
2262 5634 2444 5705 Epist.
2481 5630 2606 5700 138,
2637 5631 2711 5689 al.
2744 5633 2831 5702 Η,
2863 5634 3155 5705 Bosporio.
