4100 6400
214 425 327 489 233

350 562 660 620 CLXVIII.
691 566 1044 637 Patriam,th
1075 566 1285 636 ingenti
1312 566 1560 637 periculo
1591 565 1787 620 liberat

932 636 1242 706 Gregorius.

310 740 649 797 Circaidem
674 746 794 796 tem
804 758 912 813 pus
924 742 1312 798 Nazianzenos
1324 742 1476 798 cives
1490 745 1560 799 ab
1578 742 1799 815 ingenti
1815 759 1911 814 pe-

246 829 641 900 riculo,atque
656 830 863 885 urbem
888 830 1075 902 ipsam
1094 831 1165 885 ab
1187 831 1409 886 excidio
1431 831 1716 898 liberavit,
1731 848 1908 902 quam

249 918 375 973 solo
394 934 456 972 se
474 923 854 989 aequaturum
871 919 1592 991 minabaturCappadocize
1608 920 1911 989 praefectus

249 1009 310 1062 in
336 1006 621 1062 ultionem
646 1006 1286 1078 gravissimifacinoris.
1308 1031 1335 1058 ‹‹
1359 1009 1555 1063 Audax
1574 1008 1913 1075 facinus,fa-

252 1101 410 1151 tatur
440 1094 761 1167 Gregorius
805 1096 902 1165 (ιι),
934 1111 1136 1150 verum
1171 1113 1543 1167 nequaquam
1580 1114 1614 1152 a
1643 1113 1915 1151 commu—

255 1184 314 1238 ni
349 1182 612 1250 consilio,
635 1184 735 1238 sed
770 1200 803 1237 a
826 1184 1132 1239 temerario
1155 1185 1545 1255 quorumdam
1578 1184 1915 1241 adolescen-

254 1279 383 1328 tum
416 1273 636 1345 impetu
673 1274 1015 1343 profectum.
1038 1294 1065 1324 ι
1096 1274 1181 1328 Ob
1209 1274 1533 1347 irrogatum
1559 1277 1754 1331 forsan
1777 1292 1915 1347 gra-

252 1362 387 1417 vius
409 1362 704 1433 quoddam
719 1363 1278 1428 tributum,ventum
1301 1370 1424 1419 erat
1446 1365 1517 1419 ad
1539 1364 1914 1431 seditionem;

256 1450 511 1523 protervi
544 1450 779 1521 quidam
806 1451 1079 1521 juvenes,
1117 1452 1331 1508 violato
1380 1452 1624 1509 Caesaris
1665 1455 1916 1524 decreto,

258 1540 439 1593 etiam
455 1539 743 1594 hominem
767 1540 1119 1597 occiderant.
1144 1546 1372 1597 Interea
1390 1542 1702 1614 Gregorius
1718 1546 1918 1599 morbo

256 1627 555 1697 laborans,
590 1643 720 1682 cum
756 1628 916 1683 adire
955 1630 1291 1700 prafectum
1317 1648 1430 1687 non
1459 1631 1920 1700 posset,litteras

255 1716 522 1787 scripsit,
546 1721 612 1770 ut
639 1733 771 1771 eum
796 1717 867 1771 ad
894 1718 1351 1773 misericordiam
1377 1719 1921 1777 ﬂecteret.Hislitte-

255 1805 339 1859 ris
368 1814 544 1875 atque
568 1805 840 1877 precibus
866 1806 1125 1877 Gregorii
1159 1807 1405 1863 liberata
1438 1814 1527 1863 est
1565 1808 1787 1865 civitas.
1841 1810 1922 1866 Ea

1580 434 1764 491 Vl'l‘A
1816 432 1880 489 Β.
1928 430 2325 490 GREGOltlI.

3544 434 3667 490 231

1936 566 1992 630 Α
2021 568 2127 617 est.
2157 565 2344 628 Quare
2361 565 2542 617 coacti
2567 568 2706 617 sunt
2726 562 2980 633 episcopi
3008 561 3275 617 Ecclesiae
3295 562 3666 618 Nazianzenat

2022 656 2310 723 pastorem
2337 652 2494 719 dare,
2518 655 2575 705 et
2600 650 2879 720 Eulalius,
2906 650 2994 704 vir
3018 650 3267 723 insignis
3290 650 3526 722 pietate,
3549 652 3671 724 epi-

2020 758 2233 814 scopus
2265 746 2497 796 creatus
2528 746 2634 795 est.
2660 746 2783 807 Quo
2825 740 3113 806 ordinato,
3138 738 3325 794 falsus
3362 757 3565 795 rumor
3593 741 3677 795 in-

2020 830 2248 885 crebuit
2277 830 2620 900 Gregorium
2636 829 2998 884 Nazianzena
3020 830 3158 883 sede
3179 829 3472 901 privatum
3496 830 3677 885 fuisse

2023 920 2096 973 ab
2127 918 2392 974 Helladio
2436 919 2794 985 Caesariensi;
2841 934 2958 989 qua
2986 918 3283 973 calumnia
3323 917 3679 985 Helladium,

2023 1013 2377 1078 ceterosque
2406 1007 2712 1078 episcopos
2757 1008 2853 1077 qui
2916 1006 3203 1061 Eulalium
3246 1007 3680 1072 ordinaverant,

2023 1095 2309 1165 liberavit,
2342 1112 2442 1151 eos
2474 1098 2530 1150 in
2564 1096 2811 1167 epistola
2848 1096 2919 1150 ad
2954 1096 3297 1166 Gregorium
3351 1096 3681 1168 Nyssenum

2024 1202 2311 1241 excusans
2338 1185 2428 1253 (ε),
2477 1184 2774 1255 simulque
2823 1185 3226 1240 denuntiando
3270 1201 3333 1239 se
3377 1201 3681 1256 nunquam

2026 1274 2294 1330 Ecclesiaa
2340 1273 2712 1329 Nazianzenas
2744 1278 3003 1327 creatum
3036 1273 3219 1329 fuisse
3247 1274 3611 1346 episcopum.

2303 1364 2512 1419 CLXX.
2546 1364 2672 1417 Vita
2703 1362 2966 1431 Gregorii
2994 1364 3053 1417 in
3083 1364 3400 1420 solitudine.

2100 1453 2177 1504 Ex
2209 1465 2275 1505 eo
2334 1454 2593 1520 tempore
2635 1448 2951 1519 Gregorius
2995 1449 3054 1503 in
3102 1466 3237 1504 rure
3277 1457 3540 1522 paterno,
3571 1451 3689 1507 voti

2029 1556 2267 1611 compos
2300 1536 2691 1603 factus,latuit
2712 1538 3575 1611 abditus,totosque,quotquot
3591 1556 3691 1595 su-

2030 1628 2373 1699 perfuerunt
2395 1627 2521 1681 vitae
2540 1626 2688 1695 dies,
2713 1627 2997 1693 traduxit;
3018 1632 3213 1698 atque,
3238 1633 3302 1682 ut
3325 1644 3458 1683 cum
3492 1628 3691 1683 Hiero-

2029 1732 2205 1788 nymo
2228 1715 2777 1786 loquar,«monachi
2798 1716 2975 1770 vitam
2991 1714 3353 1771 exercuit.»A
3377 1717 3690 1772 mulierum

2030 1804 2457 1860 consuetudine
2494 1804 2577 1859 sic
2618 1803 2872 1868 alienus,
2913 1808 2976 1858 ut
3013 1821 3144 1858 cum
3171 1804 3541 1876 propinquus
3566 1808 3695 1876 ejus

256 1894 610 1949 occasionne
624 1894 878 1948 habitam
895 1895 1077 1950 fuisse
1089 1895 1409 1952 orationem
1424 1914 1541 1952 xvn
1562 1914 1757 1952 coram
1773 1914 1920 1969 pras-
1951 1932 1999 1997 B
2031 1891 2757 1966 quidam,Valentinianus
2782 1893 2935 1948 nomi
2950 1893 3251 1961 ne,sedem
3270 1893 3330 1948 in
3349 1894 3539 1950 vicina
3560 1911 3692 1949 cum

258 1984 413 2038 tecto
459 1982 534 2053 (is
581 1988 703 2036 erat
732 1981 1075 2054 Olympius),
1119 2000 1246 2055 quea
1278 1984 1639 2051 inscribitur,
1672 1986 1750 2041 Ad
1780 1989 1922 2043 cive:

258 2073 643 2128 Nazianzenos
684 2071 1017 2143 trepidantes
1045 2081 1094 2127 et
1118 2072 1415 2143 prasidem
1447 2076 1682 2145 iratum,
1719 2074 1921 2130 existi-

259 2163 446 2215 mavit
475 2160 758 2215 Baronius
785 2161 888 2230 (b);
910 2162 1009 2215 sed
1036 2160 1151 2215 falli
1177 2162 1426 2217 videtur.
1453 2166 1580 2218 Esse
1612 2164 1767 2218 enim
1790 2181 1919 2219 ora-

259 2250 343 2304 tio
376 2265 513 2303 cum
567 2248 755 2303 adhuc
790 2248 1049 2320 Gregorii
1080 2254 1247 2321 pater
1276 2256 1574 2322 superstes
1608 2257 1786 2319 esset,
1817 2252 1920 2308 ha-

259 2338 387 2392 bita
416 2342 509 2393 est
540 2354 551 2392 :
589 2343 851 2408 preterea
880 2336 1052 2409 culpa
1084 2338 1604 2411 Nazianzenorum,
1636 2341 1708 2395 de
1730 2341 1919 2412 quain

264 2424 527 2481 oratione
559 2426 771 2497 agitur,
809 2443 922 2480 non
976 2426 1216 2495 perinde
1248 2428 1439 2499 gravis
1482 2433 1571 2484 est
1599 2446 1665 2485 ac
1698 2428 1818 2499 illa,
1850 2430 1923 2485 de

267 2530 392 2586 qua
419 2515 478 2567 in
510 2513 748 2583 epistola
783 2515 850 2569 ad
886 2513 1241 2586 Olympium.

383 2620 607 2675 CLXIX.
639 2620 931 2676 Eulalium
960 2622 1231 2746 Nazimtmi
1260 2626 1575 2695 epismpum
1602 2626 1819 2696 praeﬁci

1005 2709 1143 2746 cura
1175 2736 1187 2746 .

1005 2709 1187 2748 curat.

339 2780 684 2851 Gregorium
721 2780 925 2835 tandiu
956 2781 1225 2837 Nazianzi
1252 2783 1311 2837 in
1341 2784 1481 2839 urbe
1505 2784 1922 2855 permansisse,

267 2870 455 2925 donec
487 2869 569 2923 illi
604 2870 771 2924 ﬁrma
795 2872 1083 2927 securitas
1109 2873 1463 2940 redderetur,
1498 2879 1554 2928 et
1574 2875 1835 2945 Optimus
1863 2876 1927 2929 il-

270 2958 349 3013 lic
410 2959 795 3029 prreliceretur
860 2960 1142 3027 antistes,
1220 2963 1426 3017 scribit
1504 2962 1927 3034 Bsronius(c);

279 3048 577 3118 simulque
600 3049 788 3119 egisse
821 3049 973 3120 apud
998 3051 1327 3106 Helladium
1349 3052 1619 3107 Caesareae
1634 3052 1931 3123 Cappado-

279 3134 381 3190 cia:
420 3135 760 3207 episcopum
784 3138 1320 3209 metropolitanum,
1342 3146 1405 3194 ut
1426 3140 1717 3195 Eulalium
1742 3141 1929 3196 virum

270 3223 759 3295 probatissimum
830 3226 1146 3297 praeﬁceret
1200 3228 1468 3284 Ecclesia:
1531 3230 1928 3300 Nazianzenus,

2032 1982 2380 2037 mulieribus
2406 1982 2722 2053 posuisset,
2740 1982 2933 2036 locum
2965 1984 3090 2053 ipse
3113 1982 3447 2046 mutaverit,
3472 1984 3697 2055 scripta

2031 2072 2284 2127 subinde
2302 2072 2372 2125 ad
2414 2087 2549 2126 eum
2578 2070 2828 2142 epistola
2848 2078 3206 2141 conquestus
3239 2071 3331 2125 his
3354 2072 3544 2127 verbis
3576 2073 3645 2143 (Γ)
3680 2088 3693 2127 :

2036 2185 2061 2212 ‹‹
2090 2165 2196 2214 Per
2217 2176 2517 2215 summum
2542 2159 2735 2215 scelus
2757 2159 3093 2230 ejicimur...
3112 2160 3292 2216 Multo
3311 2160 3525 2215 melius
3546 2166 3695 2227 erat,

2032 2249 2236 2305 tabula
2260 2248 2493 2320 publice
2518 2248 2835 2320 proposita,
2857 2248 3026 2304 nobis
3049 2249 3441 2304 secessionem
3469 2248 3695 2304 indice-

2032 2355 2118 2407 re,
2150 2354 2326 2409 quam
2352 2354 2455 2408 per
2478 2337 2778 2407 mulieres,
2802 2354 2950 2409 quas
2990 2352 3020 2391 e
3058 2337 3294 2407 regione
3326 2342 3557 2392 nostras
3580 2337 3697 2392 col-

2033 2425 2437 2481 locasti...Nisi
2478 2426 2586 2481 hoc
2637 2426 2795 2481 dictu
2846 2426 3037 2481 audax
3081 2431 3171 2482 est
3195 2442 3301 2482 nos
3321 2442 3551 2498 quoque
3594 2442 3699 2498 per

2032 2516 2207 2570 Evam
2240 2532 2271 2570 e
2302 2514 2572 2586 paradiso
2601 2513 2897 2586 expulisti.
2934 2536 2961 2563 »
2994 2513 3087 2568 Sic
3119 2514 3232 2570 sibi
3266 2514 3406 2584 fuga
3427 2513 3701 2569 consule-

2032 2605 2135 2660 bat
2164 2603 2477 2674 Gregorius
2510 2620 2624 2657 non
2658 2606 2891 2657 tantum
2923 2607 2987 2657 ut
3029 2603 3103 2657 ab
3147 2601 3332 2657 oculis
3378 2606 3705 2657 removeret

2036 2691 2420 2760 scandalum;
2469 2708 2672 2746 verum
2707 2690 2880 2745 etiam
2917 2708 2990 2745 ne
3020 2690 3305 2747 stimulus
3337 2691 3554 2758 carnis,
3594 2707 3705 2745 an-

2036 2780 2202 2853 gelus
2232 2784 2457 2835 Satanas
2489 2780 2588 2850 qui
2624 2780 2737 2851 ipsi
2769 2780 2943 2834 datus
2976 2780 3250 2844 fuerat",
3291 2779 3464 2833 letale
3485 2777 3709 2834 vulnus

2037 2870 2370 2941 inlﬂigeret.
2409 2869 2622 2923 Mirum
2655 2886 2795 2923 sane
2826 2869 2981 2939 quod
3021 2868 3197 2923 homo
3224 2867 3597 2939 gravissimis
3628 2868 3715 2922 fa-

2037 2960 2257 3031 tigatus
2275 2958 2565 3029 angustiis
2587 2960 2957 3025 etazrumnis,
2979 2957 3141 3012 senio
3165 2956 3699 3023 conl'ectus,morbo

2038 3047 2335 3113 laborans,
2364 3049 2420 3101 in
2452 3064 2647 3101 eremo
2673 3048 3265 3112 consistens,carnem
3283 3046 3579 3100 continuis
3602 3046 3703 3100 do-

2042 3155 2211 3191 mans
2230 3136 2475 3206 jejuniis
2498 3152 2563 3189 ac
2596 3135 2833 3205 vigiliis,
2868 3151 3001 3189 cum
3035 3135 3247 3205 spiritu
3294 3134 3698 3190 fornicationis

2043 3243 2255 3280 manus
2304 3241 2611 3279 conserere
2659 3224 2834 3279 fuerit
2883 3229 3142 3290 coactus;
3174 3222 3289 3294 ipsi
3324 3228 3519 3279 tamen
3551 3224 3699 3278 ﬁdes

268 3297 1931 3384 dumipscinterimsecessuminsolitudinemmeditaha;
1961 3297 2002 3362 Ο
2041 3314 2335 3380 habenda,
2386 3330 2519 3368 cum
2566 3312 2677 3368 hoc
2723 3314 2937 3367 iterum
2999 3320 3172 3383 atque
3222 3313 3435 3367 iterum
3487 3311 3700 3383 lugens

267 3406 394 3455 tur.
436 3401 573 3456 Rem
627 3402 798 3472 paulo
830 3402 1000 3457 aliter
1044 3404 1359 3476 contigisse
1391 3408 1463 3460 ab
1496 3407 1620 3479 ipso
1652 3407 1927 3479 Gregorio

273 3490 587 3545 discimus.
632 3490 941 3545 Ecclesiam
979 3494 1216 3563 quidem
1267 3494 1688 3552 Nazianzenam
1726 3514 1930 3568 regen-

274 3579 410 3633 dam
444 3586 800 3650 susccperat,
836 3582 1098 3650 quandiu
1122 3582 1274 3638 vires
1298 3584 1550 3649 ferrent;
1591 3591 1647 3639 et
1674 3602 1801 3639 eam
1826 3584 1929 3640 ali-

278 3668 540 3738 quandiu
574 3668 739 3722 rexit.
774 3668 916 3723 Cum
950 3675 1143 3725 autem
1177 3671 1333 3739 gravi
1386 3674 1588 3727 morbo
1619 3673 1932 3741 laboraret,

276 3756 430 3811 datis
463 3755 667 3811 litteris
696 3758 763 3810 ad
789 3757 1157 3813 Theodorum
1187 3761 1549 3831 Tyanensem
1585 3762 1936 3833 signiﬁcavit

273 3862 334 3900 se
354 3845 560 3899 morbo
583 3845 655 3898 ab
673 3845 935 3900 Ecclesia:
956 3847 1372 3917 gubernaculis
1393 3850 1716 3903 abductum
1733 3851 1934 3916 luisse,

271 3933 509 4005 ipsique
530 3932 836 3989 Theodoro
883 3935 1033 3990 hanc
1059 3953 1259 3991 curam
1287 3938 1662 3993 incumbere:
1698 3939 1852 4009 quod
1887 3938 1938 3994 si

275 4040 395 4077 non
429 4022 722 4089 audiatur,
760 4022 922 4077 addit
953 4042 1013 4077 se
1043 4025 1319 4081 omnibus
1348 4026 1573 4098 publice
1594 4029 1938 4099 praedicatu-

284 4108 762 4177 rum,Ecclesiam
787 4110 935 4165 hanc
962 4118 1191 4182 pastore
1224 4114 1483 4186 indigere
1522 4115 1618 4187 (ιι).
1662 4140 1688 4167 κ
1715 4117 1940 4171 Testili-

288 4213 583 4252 corcoram
607 4198 720 4253 Deo
744 4203 801 4252 et
833 4199 1029 4255 eiectis
1052 4200 1297 4272 angelis,
1320 4202 1417 4258 Dei
1440 4219 1674 4275 gregem
1701 4204 1943 4275 indigna

285 4287 431 4359 pati,
461 4292 523 4340 ut
554 4287 651 4359 qui
676 4288 747 4342 ob
774 4288 1066 4359 perditam
1093 4289 1490 4347 valetudinem
1515 4309 1826 4349 meamnec
1842 4310 1944 4366 pa-

284 4380 503 4438 scatur,
543 4392 643 4430 nec
672 4376 1157 4433 visitetur...Cum
1183 4384 1376 4435 autem
1416 4380 1604 4452 pietas
1638 4387 1738 4436 tua
1770 4399 1943 4453 supe-

286 4464 440 4518 riore
462 4463 587 4519 loco
614 4464 727 4519 sita
744 4466 841 4531 sit,
859 4466 928 4521 ad
957 4472 1011 4522 te
1042 4466 1243 4523 oculos
1268 4471 1564 4538 conjectos
1600 4471 1814 4526 habere
1847 4488 1943 4526 ne-

292 4569 454 4607 cesse
484 4558 591 4607 est.
626 4552 943 4609 Ecclesiam
961 4560 1145 4623 tuam,
1164 4574 1280 4628 quo
1310 4564 1477 4631 pacto
1502 4559 1605 4614 tibi
1630 4560 1944 4631 videbitur,

2041 3404 2399 3475 proﬁteatur.
2435 3426 2461 3451 α
2496 3402 2836 3457 Furibunda
2870 3403 3075 3456 robore
3105 3400 3265 3455 smvit
3309 3418 3465 3467 caro,
3508 3401 3702 3472 inquit

2041 3495 2141 3566 (g),
2176 3511 2279 3548 nec
2313 3511 2573 3563 unquam
2609 3511 2642 3547 a
2672 3491 2822 3547 bello
2855 3492 3173 3563 quiescit...
3213 3492 3605 3555 Quamobrem
3638 3492 3699 3546 in

2040 3583 2199 3637 luctu
2224 3588 2281 3637 et
2302 3582 2573 3653 squalore
2592 3598 2809 3645 versor,
2834 3580 3247 3651 caelestemque
3269 3579 3434 3635 illum
3458 3580 3696 3651 Regem,

2044 3673 2143 3743 qui
2170 3672 2369 3726 omnia
2400 3670 2639 3741 imperio
2670 3675 2847 3734 tenet,
2872 3668 3120 3739 supplex
3150 3670 3434 3736 obtestor,
3479 3674 3542 3723 ut
3573 3685 3699 3723 cor-

2046 3759 2203 3831 poris
2217 3762 2558 3829 animaeque;
2577 3758 3027 3811 controversiam
3054 3756 3703 3828 disceptet,bellumque

2046 3847 2418 3918 comprimat.
2470 3868 2497 3895 »
2551 3846 2731 3900 Deum
2785 3845 2920 3899 belli
2981 3845 3162 3915 hujus
3209 3846 3427 3900 exitum
3469 3862 3704 3917 semper

2046 3938 2297 4003 timeret,
2341 3953 2455 3989 non
2488 3934 2630 3989 solis
2669 3934 2985 4006 gemitibus
3025 3934 3244 3989 amoris
3282 3933 3605 4003 Christum,
3639 3939 3708 3991 ut

2048 4026 2146 4081 sed
2157 4029 2697 4095 arettempestatem
2714 4024 3059 4095 hostemque
3072 4023 3403 4094 depelleret,
3428 4026 3705 4095 urgebat:

2054 4138 2080 4164 α
2106 4112 2896 4183 Pernicioso,inquit,ﬂuctus
2909 4112 3315 4179 extimescens,
3336 4114 3521 4167 ventri
3554 4112 3713 4169 clau-

2051 4209 2173 4258 stra
2195 4204 2271 4257 im
2284 4220 2454 4272 pono,
2475 4203 2736 4256 animum
2764 4218 3008 4257 moerere
3026 4202 3289 4269 conficio,
3314 4201 3708 4274 lacrymarum

2052 4293 2170 4347 vim
2189 4292 2811 4362 clfundo,sempiterno
2832 4290 2972 4361 Regi
2996 4291 3295 4345 debilitata
3313 4308 3504 4361 genua
3521 4292 3711 4359 ﬂecto,

2053 4387 2109 4437 et
2129 4381 2465 4436 sordidatus
2494 4380 2716 4435 incedo.
2743 4402 2770 4430 ››
2805 4380 3016 4433 Eodem
3051 4380 3233 4434 animi
3257 4380 3464 4436 ardore
3503 4380 3714 4435 beatus

2056 4487 2251 4538 senex,
2280 4469 2421 4523 nihil
2458 4470 2649 4523 sciens
2674 4468 2785 4524 nisi
2825 4467 3145 4533 Christum,
3194 4473 3250 4522 et
3301 4468 3455 4523 hunc
3479 4470 3712 4524 crucili-

2054 4560 2279 4627 xum",
2332 4575 2545 4613 novum
2586 4557 2697 4612 sibi
2736 4557 3205 4612 mortiﬁcationis
3249 4574 3435 4629 genus
3466 4557 3712 4613 invenit.

292 4658 507 4697 cura...
548 4643 710 4707 Quod
736 4643 783 4697 si
810 4643 929 4698 haec
958 4644 1158 4699 dicens
1182 4663 1249 4702 ac
1281 4648 1546 4702 scribens
1576 4649 1819 4703 minime
1842 4666 1944 4704 au-
1978 4664 2023 4728 Ι)
2056 4653 2243 4703 ,λΕἲειῐθ
2273 4647 2465 4719 gravis
2486 4649 2819 4716 fractusque
2850 4645 3076 4711 morbo,
3104 4646 3328 4716 aliquid
3363 4646 3434 4701 de
3462 4645 3592 4701 vita
3616 4661 3719 4701 au-

290 4730 489 4783 diar...
520 4731 891 4801 perspicuum
923 4733 1161 4788 reddam
1199 4737 1353 4805 quod
1386 4735 1639 4792 Ecclesia
1676 4737 1948 4808 episcopo

287 4817 578 4888 indigeat.
608 4841 635 4865 ι)
658 4820 818 4881 Quod
855 4820 1194 4876 minabatur
1244 4839 1306 4877 se
1356 4824 1648 4879 facturum
1684 4826 1953 4895 praestitit

292 4908 1033 4978 Gregorius,gubernacula
1046 4908 1311 4966 Ecclesiae
1332 4910 1704 4967 Nazianzcnm
1723 4913 1953 4968 abdica-

292 4993 396 5064 vit,
422 5009 529 5049 nec
559 4994 679 5064 cogi
711 4994 860 5051 ultra
891 4997 1084 5067 potuit
1127 5003 1188 5053 ut
1227 5015 1295 5054 ea
1316 5000 1660 5071 susciperet.
1693 5002 1955 5073 Nequid-

297 5098 477 5153 quam
508 5082 823 5154 Bosporius
854 5084 1238 5155 Coloniensis,
1269 5088 1360 5143 cui
1396 5088 1653 5158 primum
1677 5095 1953 5161 cesserat,

2060 4736 2323 4793 steritate
2356 4735 2661 4789 remiserat
2716 4733 2848 4788 licet
2879 4734 3100 4788 invitus
3133 4750 3147 4789 :
3182 4741 3248 4788 ut
3282 4738 3477 4789 autem
3510 4732 3719 4803 mysti-

2062 4843 2195 4881 cum
2220 4841 2453 4896 semper
2482 4840 2613 4878 cum
2643 4822 2871 4877 Christo
2890 4823 3245 4878 sacrificium
3270 4826 3468 4895 ageret
3494 4826 3552 4877 et
3581 4822 3720 4877 huic

2064 4915 2286 4970 mundo
2307 4914 2534 4985 jugiter
2556 4918 2899 4977 moreretur;
2926 4918 2991 4965 ut
3020 4912 3139 4967 oris
3160 4912 3376 4966 delicta
3394 4927 3723 4983 senumque

2064 5004 2359 5076 peculiare
2382 5003 2611 5068 vitium,
2650 5001 2747 5071 qui
2792 5002 3144 5073 quandoque
3180 5001 3427 5056 nimium
3466 5000 3721 5072 loquun-

2063 5101 2181 5160 tur,
2218 5096 2516 5163 purgaret,
2547 5091 2889 5145 continuum
2912 5090 3216 5146 silentium
3247 5096 3368 5146 toto
3391 5086 3724 5162 Quadrage-

298 5169 512 5224 iterum
549 5169 818 5227 hortatus
846 5178 935 5229 est
967 5178 1029 5229 ut
1052 5181 1379 5232 remaneret
1418 5177 1727 5250 tantisper,
1773 5180 1958 5235 donec
2066 5180 2231 5237 simae
2262 5186 2524 5251 tempore
2554 5178 2667 5233 sibi
2698 5178 3026 5250 imperavit.
3063 5200 3091 5229 «
3124 5180 3219 5234 Sic
3240 5196 3365 5248 ego,
3399 5179 3592 5251 inquit
3622 5181 3726 5251 (ἡ),

300 5256 925 5333 ejuslocoepiscopum
947 5263 1959 5341 constituissent:repulsampassus
2067 5268 2387 5343 praecipitis
2416 5268 2709 5324 sermonis
2741 5268 3027 5340 impetum
3048 5269 3422 5341 conspiciens
3453 5269 3730 5326 eXcedere

371 5392 420 5426 ⁷⁸
454 5391 501 5447 ΙΙ
530 5391 662 5447 Cor.
694 5410 795 5460 xu,
825 5396 881 5448 7.

371 5525 454 5594 (al
486 5524 586 5597 Ep.
620 5523 695 5597 al.
730 5526 817 5582 49.

374 5597 451 5741 Eb)
481 5597 649 5677 Apud
678 5596 819 5653 Boll.
858 5600 917 5654 11
953 5599 1110 5673 Maii,
1137 5618 1195 5675 p.
1226 5603 1355 5660 521.

399 5671 448 5741 η)
484 5669 628 5741 Ibid.
665 5687 717 5738 p.
756 5670 878 5724 422.

399 5671 448 5738 c)
484 5668 628 5723 Ibid.
665 5687 717 5738 ρ.
756 5670 878 5724 422.

376 5671 448 5795 (:21)
484 5671 628 5753 Ibid.
665 5687 717 5738 p.
756 5671 878 5724 422.

376 5746 395 5816 (
443 5742 460 5813 )
492 5744 673 5814 Epist.
706 5741 783 5798 al.
814 5742 906 5799 88.

625 5867 894 5962 Panos
945 5870 1056 5936 Gn.
1104 5870 1348 5943 XXXV.

992 5396 1037 5430 ⁷⁵
1066 5396 1087 5450 Ι
1119 5402 1244 5453 (lor.
1278 5414 1339 5466 ιι,
1367 5400 1421 5453 2.

2164 5554 2214 5607 e)
2248 5554 2347 5607 Ep.
2378 5554 2454 5591 al.
2487 5554 2575 5593 az.

2167 5611 2215 5679 f)
2247 5609 2346 5676 Ep.
2381 5606 2610 5663 (11.196.

2258 5682 2448 5734 Carm.
2484 5679 2556 5733 De
2582 5676 2998 5738 calamitatibus
3026 5681 3164 5740 suis.

2143 5536 2214 5678 ἕρ)
2247 5535 2347 5607 Ep.
2378 5534 2454 5591 al.
2487 5534 2575 5593 42.

2167 5611 2215 5678 f)
2247 5609 2346 5676 Ep.
2381 5606 2456 5663 al.
2490 5606 2575 5661 19€

2146 5685 2203 5752 (g
2258 5685 2448 5734 Carm.
2484 5685 2556 5733 De

2146 5685 2227 5831 (1ιέ
2258 5755 2450 5811 Carm.
2478 5750 2572 5812 55.
