4100 6394
407 405 525 465 235

1748 398 1926 456 Vl'I‘A
1982 398 2043 453 9.
2094 395 2489 456 GREGOHII.

3712 399 3837 458 236

406 536 647 591 modum
681 540 738 591 et
767 535 1098 607 regulam...
1127 532 1319 588 inveni
1364 531 1655 604 optimum
1694 528 2053 599 remedium;
2085 530 2139 594 Α
2172 528 2341 582 tidem
2366 528 2644 583 adversus
2676 527 3833 603 haereticosautdefenditipse,autalios,

408 624 624 681 scilicet
638 624 1034 697 comprimens
1064 628 1247 679 totum
1274 637 1601 678 sermonem
1625 617 1847 674 excelso
1869 620 2063 690 pecto-

410 730 491 781 re,
516 720 580 769 ut
610 713 1014 785 discatlingua
1036 729 1158 784 quae
1182 712 1427 767 dicenda
1450 714 1505 765 et
1536 726 1662 780 quae
1687 726 1798 763 non
1819 707 2065 762 dicenda

324 806 327 810 ’
411 802 529 860 sint
556 803 906 859 discernere.
942 824 969 852 »

503 926 731 983 CLXXI.
761 928 1010 982 Nectarz'o
1046 926 1243 981 scribit
1273 925 1541 980 adversus
1571 922 2016 994 Apollinaristas.

489 1034 606 1089 Hoc
632 1033 911 1104 temporis
960 1037 1172 1097 tractu,
1206 1030 1458 1086 haaretici
1508 1034 1683 1100 caput
1729 1027 2064 1083 extulerunt

416 1124 474 1177 in
510 1124 655 1178 urbe
687 1124 868 1192 regia,
891 1123 1032 1177 adeo
1070 1126 1133 1175 ut
1154 1121 1333 1175 libere
1364 1123 1684 1174 conventus
1705 1121 1963 1188 agerent,
2006 1120 2063 1171 et

414 1213 685 1283 dogmata
714 1228 823 1266 sua
854 1211 1257 1282 praedicarent.
1289 1208 1401 1261 Alii
1425 1206 1665 1278 quidem
1697 1206 1820 1261 sola
1837 1206 2061 1277 episco-

411 1317 619 1372 porum
669 1304 771 1354 aut
826 1302 1228 1371 praefectorum
1288 1296 1601 1352 tolerantia
1657 1296 1716 1349 id
1768 1295 2057 1363 agebant;

405 1389 835 1459 Apollinaristte
865 1404 998 1443 vero
1043 1389 1218 1442 tacita
1247 1387 1331 1441 vel
1366 1400 1640 1456 expressa
1678 1384 1932 1451 licentia,
1966 1399 2060 1437 se-

402 1476 563 1548 ipsos
610 1476 946 1532 orthodoxis
976 1476 1363 1547 aequiparare,
1395 1480 1453 1528 et
1496 1474 1699 1528 eadem
1749 1489 1881 1525 cum
1914 1472 2061 1542 ipsis

400 1566 669 1621 libertate
702 1565 816 1619 frui
848 1565 1211 1620 sinebantur.
1233 1563 1456 1628 Quibus
1484 1561 1699 1616 auditis
1722 1561 2057 1631 Gregorius,

402 1654 692 1721 Nectario,
716 1670 891 1725 quem
925 1652 983 1706 in
1018 1669 1079 1707 se
1110 1652 1591 1720 benevolumjam
1612 1654 1885 1720 expertus
1914 1654 2056 1715 erat,

402 1742 714 1814 epistolam
734 1742 1131 1813 scripsit,quee
1164 1741 1316 1794 inter
1345 1740 1635 1794 orationes
1652 1754 1896 1792 numero
1932 1754 2059 1791 XLVI

403 1833 774 1898 censebatur,
799 1836 856 1885 et
872 1832 941 1885 de
964 1828 1687 1900 concessaApollinaristis
1710 1826 1945 1881 licentia
1958 1843 2056 1881 ve—

405 1919 850 1975 bementissime
880 1923 1238 1991 conquestus
1269 1923 1357 1973 est
1385 1934 1398 1974 :
1437 1939 1463 1966 «
1495 1916 1656 1982 Quod
1702 1920 1919 1983 autem,
1971 1915 2060 1967 in-
2094 1913 2140 1978 B

405 2008 552 2079 quit,
580 2025 647 2064 ex
678 2008 953 2063 omnibus
984 2006 1393 2063 ecclesiasticis
1432 2004 1868 2060 calamitatibus
1898 2018 2062 2057 acer-

404 2096 1294 2167 bissimum,Apollinaristarum
1318 2094 1551 2148 licentia
1581 2098 1688 2161 est,
1722 2092 1873 2159 quod
1902 2091 2058 2145 haud

403 2186 526 2242 scio
559 2186 854 2251 quomodo
888 2184 1072 2256 pietas
1102 2189 1205 2238 tua
1233 2187 1627 2238 conventuum
1666 2196 1827 2251 teque
1858 2196 1922 2234 ac
1956 2197 2061 2235 nos

402 2274 807 2331 habendorum
829 2273 1235 2329 auctoritatem
1252 2272 1359 2327 sibi
1377 2287 1683 2341 arrogasse
1701 2278 1872 2339 atque
1888 2285 1994 2323 usu
2005 2286 2059 2322 r-

402 2381 576 2435 passe
598 2380 772 2435 passa
804 2364 998 2418 fuerit.
1026 2384 1054 2411 »
1086 2362 1399 2416 Haereticos
1418 2359 1570 2427 illos,
1602 2374 1857 2414 errorem
1882 2374 2056 2412 suum

400 2452 768 2522 occultando,
798 2452 1059 2507 Nectario
1086 2452 1281 2505 fucum
1311 2449 1519 2503 fecisse
1540 2447 1889 2517 conjicimus
1908 2464 1974 2501 ex
1991 2463 2056 2501 eo

397 2543 552 2614 quod
580 2541 895 2612 Gregorius
929 2540 1145 2595 claram
1178 2540 1519 2611 dogmatum
1554 2537 1786 2591 illorum
1821 2536 2055 2607 exposi-

394 2632 615 2687 tionem
674 2629 930 2702 epistolas
964 2646 1081 2683 sua:
1116 2628 1504 2693 inserendam
1560 2625 1907 2693 crediderit;
1962 2625 2053 2678 cui

398 2719 746 2791 expositioni
776 2719 892 2774 ista
922 2718 1259 2787 subjunxit:
1292 2739 1318 2765 «
1354 2716 1413 2771 Si
1448 2715 1587 2780 illis,
1617 2721 1681 2769 ut
1711 2717 1768 2769 et
1800 2715 1890 2785 pie
1922 2730 2053 2768 sen-

398 2809 682 2863 tientibus
701 2807 1027 2877 (nimirum,
1052 2810 1251 2877 utpote
1276 2805 1376 2875 qui
1403 2804 1493 2875 pie
1520 2804 1816 2874 sentiant),
1843 2819 1908 2856 ea
1928 2819 2052 2871 quas

401 2896 666 2950 sentiunt
697 2896 901 2949 docere
939 2894 1235 2963 libereque
1269 2893 1642 2964 promulgare
1673 2892 2052 2963 permittitur,

400 2983 535 3054 quis
565 3000 682 3038 non
712 2982 1487 3037 videtEcclesiaadoctrinam
1503 2980 1897 3046 condemnari,
1924 2996 2051 3050 per-

401 3074 540 3128 inde
570 3088 637 3127 ac
667 3071 907 3125 veritate
939 3072 1010 3125 ab
1033 3069 1266 3125 illorum
1301 3070 1566 3141 partibus
1590 3074 1777 3124 stante
1797 3070 1824 3122 ?
1856 3074 2055 3139 Neque

401 3163 559 3219 enim
591 3178 786 3216 rerum
822 3165 1028 3215 natura
1063 3163 1169 3215 l‘ert
1201 3161 1346 3214 duas
1398 3160 1468 3213 de
1506 3160 1706 3213 eadem
1740 3175 1800 3213 re
1831 3165 2054 3213 contra-

402 3252 522 3306 rias
552 3250 849 3305 doctrinas
870 3266 1033 3304 veras
1052 3265 1199 3304 esse.
1225 3270 1253 3299 »
1288 3248 1412 3301 Non
1446 3265 1515 3302 ex
1544 3264 1608 3302 eo
1639 3252 1870 3301 tantum
1896 3247 2050 3317 quod

400 3339 846 3405 tolerentur,sed
872 3355 941 3392 ex
960 3355 1024 3393 eo
1056 3338 1210 3408 quod
1246 3337 1335 3408 pie
1365 3336 1685 3391 sentientes
1709 3336 2053 3406 judicentur

393 3428 843 3502 Apollinaristae,
864 3426 1159 3482 concludit
1192 3426 1506 3497 Gregorius
1537 3424 1803 3480 Ecclesiae
1837 3424 2049 3479 doctri-

392 3536 529 3573 nam
563 3515 962 3573 condemnari.
1030 3518 1154 3581 Qua
1185 3516 1420 3586 quidem
1471 3514 1870 3569 observatione
1921 3512 2046 3568 falsi

392 3606 777 3672 convincitur,
804 3607 956 3678 quod
998 3604 1380 3660 Barbeiracus
1412 3604 1469 3658 in
1504 3604 1610 3659 hoc
1640 3602 1825 3659 sancti
1860 3603 2051 3657 docto-

392 3698 475 3753 ris
507 3697 881 3753 ratiocinium
914 3694 1174 3767 protulit.

463 3786 621 3842 Alias
656 3787 727 3841 ad
761 3786 1095 3841 Nectarium
1144 3784 1368 3839 litteras
1400 3782 1561 3838 dedit
1590 3781 1904 3854 Gregorius
1945 3799 2047 3854 pro

389 3875 671 3947 Bosporio
703 3875 976 3946 episcopo
999 3872 1347 3941 Coloniensi,
1371 3872 1442 3926 de
1466 3872 1763 3927 erroribus
1794 3872 1947 3926 circa
1980 3872 2044 3926 ﬁ-

386 3966 615 4029 dem,ac
632 3964 704 4018 de
728 3962 990 4017 infractis
1004 3959 2043 4017 canonibusinsimulato.Verendum

386 4060 529 4117 erat,
549 4068 621 4107 ne
650 4051 991 4119 hujusmodi
1015 4067 1195 4105 causa
1227 4050 1278 4103 in
1299 4049 1532 4120 publico
1558 4049 1822 4120 praetorio
1846 4065 2044 4119 agere-

385 4147 502 4209 tur;
527 4140 683 4211 quod
723 4157 793 4194 ne
816 4140 1000 4205 ﬁeret,
1026 4138 1233 4192 obnixe
1266 4138 1490 4208 rogavit
1512 4136 1825 4207 Gregorius
1861 4154 1872 4189 :
1908 4158 1933 4185 «
1970 4136 2040 4190 ll-

384 4230 486 4287 Iud
512 4235 729 4295 autem,
761 4227 954 4298 inquit
994 4228 1095 4297 (ιι),
1130 4225 1372 4280 minime
1404 4226 1705 4280 ferendum
1740 4229 1851 4279 tuae
1883 4240 2039 4279 reve-

383 4318 582 4373 rentia)
642 4317 928 4383 videatur,
977 4316 1129 4385 quod
1191 4318 1393 4369 nostra
1446 4312 1695 4384 publicis
1756 4312 2041 4384 praetoriis

379 4405 785 4460 traducantur.
811 4402 955 4457 Nam
982 4401 1212 4456 tametsi
1249 4404 1389 4455 sunt
1418 4399 1756 4468 Christiani,
1785 4406 1849 4455 ut
1885 4407 2039 4455 certe

378 4492 481 4550 Dei
513 4492 871 4563 benignitate
902 4495 1041 4545 sunt
1068 4491 1355 4560 ejusmodi
1392 4490 2034 4561 negotiorumjudices:

376 4579 518 4652 quid
563 4594 875 4634 commune
920 4576 1112 4649 gladio
1143 4582 1200 4632 et
1239 4576 1521 4647 spiritui?
1564 4578 1725 4642 Quod
1776 4578 1825 4633 si
1857 4578 2035 4633 etiam

375 4669 861 4739 concesserimus,
884 4668 1177 4740 quomodo
1200 4666 1553 4721 autubinam
1572 4667 1824 4737 justum,
1846 4668 2043 4739 dispu‘

372 4758 659 4817 tationem
682 4758 753 4813 de
768 4757 882 4812 ﬁde
900 4772 1035 4811 cum
1054 4754 1188 4811 aliis
1204 4754 1617 4811 controversiis
1641 4756 1972 4827 implicari?
2005 4778 2034 4807 »

369 4883 629 4939 CLXXII.
674 4881 997 4938 Scribendz’s
1043 4880 1288 4947 epistolis
1334 4885 1389 4935 et
1436 4880 1740 4937 condendis
1786 4882 2035 4937 versibus

1038 4963 1367 5023 occupatur.

436 5060 529 5116 Sic
559 5060 893 5131 Gregorius,
929 5067 1058 5130 post
1102 5058 1430 5113 abdicatam
1466 5058 1730 5114 Ecclesiae
1782 5060 2030 5115 Nazian-

364 5168 522 5207 zenae
553 5167 775 5217 curam,
801 5152 883 5205 nil
929 5150 1124 5204 minus
1156 5150 1381 5204 decoris
1413 5150 1621 5205 domus
1646 5151 1745 5206 Dei
1772 5152 2028 5223 flagrans

366 5240 677 5305 desiderio,
708 5238 1010 5294 catholicis
1038 5238 1393 5293 utilitatibus
1425 5244 1580 5293 totus
1608 5241 2021 5307 incumbebat;

365 5347 473 5385 nec
506 5329 750 5383 inertem
777 5328 837 5383 in
869 5326 1190 5383 solitudine
1239 5327 1415 5381 vitam
1451 5326 1611 5383 illius
1652 5328 1835 5383 fuisse
1881 5332 2025 5385 satis

362 5421 658 5473 testantur
690 5421 776 5471 tot
804 5415 1087 5484 carmina,
1119 5432 1370 5485 quorum
1403 5434 1539 5488 pars
1575 5417 1831 5473 maxima
1851 5419 1923 5473 ab
1954 5435 2021 5473 eo

360 5511 504 5563 tunc
536 5506 771 5562 condita
801 5510 973 5574 sunt;
1004 5509 1090 5561 tot
1118 5504 1396 5576 epistolm,
1431 5506 1648 5577 quibus
1678 5507 2020 5563 innocentia:

362 5597 644 5655 adversus
675 5609 1051 5668 oppressores
1092 5594 1484 5668 patrocinium
1518 5596 1781 5671 suscipit;
1804 5596 2020 5669 quibus

435 5724 513 5801 (ri)
545 5721 643 5799 Ep.
677 5720 752 5780 al.
786 5720 911 5777 227.

2175 620 2239 670 ut
2260 616 2593 684 defendant,
2626 616 2911 672 hortatur.
2948 620 3082 683 Quae
3113 618 3351 689 quidem
3376 636 3581 675 omnes
3611 620 3833 691 episto-

2173 704 2240 759 las
2291 710 2633 777 argumento
2674 710 2832 775 sunt,
2866 715 3155 779 quantum
3204 706 3263 761 in
3296 724 3362 763 eo
3392 707 3523 763 fidei
3558 709 3827 764 studium

2173 793 2369 864 fuerit,
2395 799 2617 866 quanta
2651 794 2979 850 sollicitudo
3002 795 3156 850 circa
3185 812 3277 851 res
3306 795 3600 865 Ecclesia,
3632 814 3827 868 quan-

2172 887 2269 939 tus
2300 901 2465 939 amor
2495 884 2766 955 proximi,
2790 889 3077 955 quantum
3103 885 3263 955 pacis
3286 885 3572 954 studium,
3607 890 3715 940 etc.

2244 972 2503 1044 Longum
2536 978 2691 1029 esset
2719 973 2841 1029 haec
2871 990 2975 1045 per
3003 973 3235 1045 singula
3264 990 3571 1043 enarrare;
3606 978 3705 1030 sed
3746 976 3829 1031 si-

2171 1058 2349 1115 lentio
2378 1064 2823 1132 praetermittere
2871 1064 3033 1117 nefas
3090 1063 3244 1134 quod
3293 1067 3535 1118 sanctus
3566 1064 3831 1136 pontifex

2170 1148 2489 1219 egit,saluti
2515 1151 2845 1205 animarum
2862 1151 3461 1222 semperintentus,ut
3481 1152 3828 1209 Nemesium

2171 1238 2241 1291 ad
2276 1236 2569 1293 Christum
2595 1238 2991 1295 alliceret.Vir
3011 1244 3134 1294 erat
3156 1241 3311 1295 omni
3353 1240 3577 1297 liberali
3611 1242 3827 1298 doctri-

2171 1342 2245 1381 na
2279 1326 2691 1397 politissimus,
2727 1345 2975 1384 summaa
2995 1328 3363 1400 eloquentiae,
3396 1335 3452 1384 et
3481 1330 3538 1384 in
3574 1330 3695 1386 foro
3727 1347 3830 1386 ce-

2170 1411 2465 1469 leberrimi
2512 1415 2785 1470 nominis.
2821 1415 2952 1470 Mox
2982 1414 3229 1470 illustris
3277 1416 3488 1481 factus,
3521 1416 3830 1489 Cappado-

2170 1500 2269 1557 ciae
2300 1504 2698 1573 praafecturam
2726 1503 2981 1574 primum
3005 1502 3343 1573 obtinuit,et
3372 1504 3601 1576 integra
3633 1510 3832 1561 mente

2170 1606 2500 1662 magnaque
2532 1594 2855 1647 reverentia
2886 1609 2978 1647 res
3010 1592 3317 1664 provinciae
3349 1593 3784 1649 administravit
3811 1612 3827 1663 ;

2169 1680 2268 1733 sed
2306 1681 2703 1751 quamtumvis
2725 1686 2782 1737 et
2820 1682 3087 1736 eruditus
3109 1686 3163 1735 et
3187 1682 3465 1751 prudens,
3490 1682 3827 1737 adhucido-

2168 1766 2359 1823 lorum
2393 1769 2575 1824 cultui
2610 1769 2881 1825 addictus
2912 1776 3055 1825 erat.
3090 1771 3339 1837 Interea,
3363 1771 3451 1824 vir
3490 1770 3825 1827 litterarum

2169 1872 2403 1925 amans,
2445 1859 2741 1913 doctorem
2774 1858 3098 1913 maximum
3133 1858 3417 1930 singulari
3442 1859 3660 1915 honore
3692 1878 3830 1932 pro-

2172 1945 2339 2015 sequi
2388 1963 2498 2001 non
2534 1947 2775 2011 destitit,
2808 1946 3039 2018 ipsique
3078 1948 3408 2003 necessaria
3438 1948 3692 2004 levandae
3725 1967 3830 2005 se-

2172 2033 2391 2088 nectuti
2440 2040 2497 2089 et
2542 2035 2869 2090 inﬁrmitati
2914 2036 3189 2106 juvandaa
3248 2036 3514 2092 subsidia
3542 2054 3830 2109 generose

2172 2124 2916 2195 suppeditavit.Gregorius
2948 2128 3032 2194 ut,
3056 2124 3396 2196 episcopum
3422 2126 3678 2197 decebat,
3704 2145 3826 2183 non

2169 2208 2375 2267 laudes
2409 2212 2843 2284 ampliﬁcando,
2869 2213 2969 2267 sed
3006 2213 3227 2268 monita
3252 2213 3463 2269 salutis
3485 2215 3826 2283 tribuendo,

2168 2300 2585 2356 beneﬁciorum
2628 2318 2946 2357 memorem
2982 2318 3043 2356 se
3072 2302 3247 2373 digne
3278 2305 3690 2375 comprobavit.
3727 2305 3827 2359 In-

2167 2389 2338 2458 genio
2372 2390 2566 2443 omnis
2606 2389 2954 2461 exquisitate
2976 2389 3314 2445 litteraturae
3337 2393 3666 2463 obsequens
3704 2393 3827 2464 ipsi

2165 2477 2463 2547 egregium
2492 2495 2698 2549 poema
2730 2478 3161 2549 dedicavit,quo
3184 2479 3234 2534 ei
3258 2480 3706 2537 simulacrorum
3729 2500 3829 2539 va-

2165 2567 2409 2621 nitatem
2457 2572 2514 2621 et
2553 2567 2923 2621 mendacium
2982 2567 3373 2638 exprobraret,
3406 2574 3463 2624 et
3512 2571 3582 2625 ad
3640 2573 3825 2629 unius

2165 2654 2265 2707 Dei
2306 2655 2528 2709 cultum
2552 2656 2856 2725 praesidem
2873 2661 2959 2711 tot
2980 2656 3275 2727 praeclaris
3288 2658 3524 2713 dotibus
3542 2665 3821 2716 ornatum

2164 2744 2516 2799 traduceret.
2540 2744 2843 2800 Nemcsius
2861 2746 3004 2799 tanti
3030 2746 3327 2816 magistris
3347 2753 3629 2820 praecepta
3651 2766 3823 2820 aequo

2165 2832 2361 2887 animo
2393 2833 2637 2905 excepit,
2682 2834 2751 2888 ad
2803 2839 3069 2889 sanctum
3103 2835 3399 2890 doctorem
3458 2853 3519 2892 se
3549 2837 3823 2907 contulit,

2164 2938 2294 2975 cum
2329 2939 2394 2977 eo
2427 2924 2495 2977 de
2538 2923 2833 2997 religione
2864 2922 3175 2987 disseruit;
3208 2924 3467 2994 satisque
3500 2925 3825 2984 verisimile

2162 3016 2253 3066 est
2273 3011 2566 3082 pontiﬁcis
2588 3012 2959 3067 sermonibus
2983 3013 3255 3067 edoctum
3274 3015 3331 3068 et
3351 3013 3657 3069 sanctitate
3687 3032 3826 3087 per-

2162 3101 2417 3171 culsum,
2435 3102 2585 3155 idola
2603 3102 3200 3172 ejurasse,ipsumque
3222 3102 3636 3173 philosophum
3661 3104 3825 3162 hunc

2163 3206 2290 3244 esse
2344 3189 2763 3260 Christianum,
2812 3189 3052 3245 Nemisii
3105 3190 3359 3256 nomine,
3393 3192 3490 3262 qui
3520 3194 3594 3249 De
3624 3197 3824 3252 anima

2084 3283 2125 3347 C
2165 3295 2312 3349 opus
2345 3279 2545 3345 edidit,
2581 3280 2736 3349 quod
2767 3278 2918 3333 inter
2946 3295 3123 3349 opera
3143 3279 3377 3349 Gregori
3412 3280 3656 3352 Nysseni
3690 3282 3818 3338 vul-

2162 3373 2364 3439 gatum
2396 3374 2502 3423 est.

2232 3456 2468 3511 Talibus
2501 3455 2750 3528 negotiis
2784 3456 2842 3511 in
2873 3455 3189 3512 solitudine
3220 3457 3515 3513 distentus
3537 3464 3815 3517 eratGre-

2159 3545 2359 3616 gorius
2400 3551 2457 3599 et
2514 3545 2832 3599 condendis
2879 3545 3261 3611 carminibus,
3316 3563 3443 3618 quae
3492 3547 3637 3603 nihil
3695 3550 3813 3605 nisi

2159 3634 2235 3688 Ch
2246 3634 2389 3689 ristu
2402 3652 2450 3688 m
2468 3634 2861 3705 pietatemque
2874 3634 3119 3704 spirant,
3136 3635 3549 3706 tutissimaque
3563 3638 3813 3709 dogma-

2159 3726 2217 3778 ta
2239 3727 2296 3777 et
2318 3740 2548 3778 morum
2576 3729 2860 3795 praecepta
2873 3722 3471 3795 complectuntur.Pia
3490 3726 3703 3797 ubique
3719 3744 3813 3783 ar-

2158 3817 2459 3884 gumenta,
2489 3811 2577 3867 vel
2609 3812 2817 3867 animle
2853 3818 2908 3867 et
2930 3813 3191 3884 corporis
3217 3813 3503 3886 purgatio,
3537 3816 3621 3869 vel
3647 3816 3809 3871 theo—

2156 3900 2331 3973 logia,
2370 3899 2455 3956 vel
2498 3901 2858 3973 precationes
2889 3901 2959 3955 ad
2994 3900 3425 3972 implorandum
3458 3920 3626 3974 opem
3660 3904 3811 3959 divi-

2155 4006 2288 4043 nam
2350 3990 2631 4044 adversus
2688 4004 2922 4044 carnem
2977 3994 3035 4044 et
3090 3988 3309 4045 malum
3362 3991 3683 4048 daemonem
3736 3995 3806 4049 ad

2154 4078 2345 4134 scelus
2376 4077 2811 4145 sollicitantem;
2846 4077 2932 4133 vel
2956 4079 3209 4150 gemitus
3241 4079 3349 4133 viri
3381 4080 3483 4151 pii,
3516 4099 3809 4138 mrumnas

2153 4184 2290 4223 suas
2324 4167 2580 4239 lugentis
2632 4167 3047 4239 Christumque
3077 4168 3321 4238 orantis,
3356 4174 3420 4223 ut
3468 4169 3595 4225 vitae
3629 4172 3804 4227 ﬁnem

2152 4257 2373 4311 afferat.
2408 4258 2656 4312 Cantare
2712 4274 2830 4311 non
2870 4257 3120 4312 cessavit
3174 4269 3335 4313 vates
3381 4258 3693 4329 piissimus
3734 4262 3805 4316 ad

2149 4351 2475 4401 extremum
2529 4363 2717 4417 usque
2774 4346 2899 4401 vitae
2955 4345 3247 4417 spiritum,
3304 4348 3491 4402 morbi
3538 4366 3808 4419 quarens

2149 4434 2394 4503 solatia;
2428 4453 2543 4506 quo
2576 4435 2811 4506 quidem
2845 4434 2902 4489 in
2948 4436 3072 4490 dies
3103 4436 3558 4507 ingravescente,
3604 4442 3661 4493 et
3703 4455 3805 4509 ap-

2146 4526 2581 4596 pr0pinquante
2615 4528 2821 4594 morte,
2853 4523 3053 4579 ludere
3099 4523 3389 4594 versibus,
3440 4531 3497 4581 et
3541 4528 3806 4586 carmina

2073 4644 2120 4709 D
2152 4630 2279 4684 quae
2312 4631 2524 4685 cycnea
2545 4618 2771 4681 vocant,
2805 4629 3153 4685 cemponere
3184 4613 3479 4685 pergebat.

2511 4756 2801 4813 CLXXIII.
2836 4757 3083 4813 Moritur
3117 4756 3432 4825 Gregorius.

2215 4881 2493 4946 Quamvis
2512 4886 2705 4937 autem
2738 4897 3001 4952 asperam
3023 4897 3273 4952 semper,
3310 4881 3580 4952 victuque
3610 4882 3801 4938 horri-

2143 4974 2276 5027 dam
2332 4971 2595 5027 duxisset
2638 4971 2838 5039 vitam,
2873 4970 3113 5025 saeviens
3169 4970 3227 5025 in
3279 4987 3512 5043 corpus,
3563 4988 3801 5028 carnem

2142 5062 2372 5131 vigiliis,
2425 5061 2651 5130 jejunis
2728 5059 2976 5130 aliisque
3059 5059 3415 5129 poenitentiae
3494 5059 3801 5118 laboribus

2139 5151 2450 5217 afﬂictans,
2492 5153 2763 5203 extremae
2812 5148 2940 5202 vitaa
2983 5152 3275 5203 certamen
3309 5148 3619 5204 imminere
3667 5166 3800 5205 sen-

2138 5239 2313 5303 tiens,
2365 5238 2615 5308 jamjam
2654 5258 2681 5287 ‹‹
2712 5241 3003 5291 tartarum
3064 5235 3312 5309 caligine
3367 5237 3733 5293 horrendum
3767 5259 3798 5289 ιο

2135 5328 2329 5383 videre
2360 5325 2471 5382 sibi
2502 5326 2831 5391 videbatur,
2865 5330 2921 5380 et
2949 5348 2976 5375 ‹‹
3012 5326 3166 5397 ignis
3210 5326 3533 5392 ﬂammam,
3568 5325 3799 5382 altissi-

2139 5432 2415 5485 mamque
2446 5420 2694 5469 noctem.
2734 5439 2752 5465 ι
2783 5415 2933 5470 Tum
2967 5413 3216 5485 supplex
3241 5414 3312 5468 ad
3343 5413 3533 5469 sidera
3563 5413 3797 5486 palmas

2131 5505 2430 5570 tendebat,
2453 5503 2782 5558 inclamans
2820 5504 3122 5559 beatorum
3157 5502 3351 5559 choris
3382 5509 3447 5558 ut
3475 5518 3645 5576 Opem
3678 5503 3796 5560 sibi

2130 5596 2611 5667 ferrent,totoque
2652 5594 2825 5650 corde
2858 5593 2929 5650 ad
2963 5593 3153 5650 Deum
3186 5592 3788 5668 aspirans,Christum
