4100 6402
275 413 387 473 237

286 653 400 691 non
435 637 759 693 desereret.
795 641 882 694 Ita
913 641 1284 696 beatissimus
1311 659 1490 698 senex
1531 666 1558 693 «
1592 643 1668 714 (α)
1696 645 1954 714 proxime

291 725 646 792 moriturus,
683 743 896 795 cycneo
928 735 1100 783 cantu
1134 731 1374 786 Domino
1405 737 1674 798 cantans,
1708 731 1954 803 purissi-

291 829 462 866 mum
494 813 610 868 Deo
643 814 918 884 spiritum
956 838 982 864 n
1005 818 1274 884 reddidit,
1308 836 1373 873 ac
1406 824 1662 890 optatam
1696 820 1950 890 quietem

292 917 427 954 eum
461 902 800 972 agminibus
835 904 1139 959 beatorum
1199 907 1445 978 adeptus
1501 913 1608 963 est.
1653 909 1950 962 Mortuum

290 989 448 1043 hunc
481 1006 609 1044 esse
659 1007 812 1045 anno
846 993 1154 1047 undecimo
1189 994 1498 1049 Theodosii
1559 995 1949 1066 imperatoris,

293 1078 414 1132 sive
447 1095 598 1132 anno
631 1079 756 1144 389,
791 1096 856 1133 ex
890 1082 1239 1153 Hieronymo
1270 1083 1678 1154 discimus,qui
1713 1084 1769 1138 in
1801 1083 1948 1139 libro

293 1166 364 1220 De
411 1167 772 1236 scriptoribus
824 1169 1206 1224 ecclesiasticis
1237 1171 1308 1225 de
1365 1171 1638 1242 Gregorio
1694 1172 1944 1227 scribit:

290 1276 316 1302 (ι
357 1254 612 1308 Decessit
642 1258 774 1309 ante
802 1254 909 1309 hoc
936 1257 1116 1310 ferme
1148 1257 1466 1312 triennium
1492 1258 1600 1312 sub
1621 1258 1946 1313 Theodosio

289 1342 663 1411 imperatore.
708 1364 735 1392 ››
789 1343 958 1398 Porro
991 1344 1379 1417 Hieronymus
1431 1350 1681 1400 testatur
1727 1363 1789 1401 se
1837 1347 1946 1402 hoc

292 1448 452 1501 opus
485 1431 783 1502 scripsisse
815 1449 967 1486 anno
998 1433 1261 1502 ejusdem
1321 1433 1688 1505 imperatoris
1720 1435 1946 1490 decimo

295 1525 533 1587 quarto,
568 1536 630 1573 ex
653 1537 766 1590 quo
798 1521 1067 1592 sequitur
1121 1522 1487 1592 Gregorium,
1537 1523 1637 1593 qui
1693 1523 1944 1578 triennio

295 1611 434 1662 ante
465 1608 806 1673 decesserat,
834 1610 1053 1664 obiisse
1085 1626 1236 1664 anno
1272 1611 1580 1666 undecimo
1612 1611 1944 1677 Theodosii,

291 1697 554 1766 adeoque
587 1713 738 1750 anno
764 1697 892 1752 389.

286 1801 848 1867 CLXXIV,CLXXV.
889 1804 1004 1870 Qua
1053 1812 1266 1858 statura
1294 1807 1538 1876 corporis
1593 1807 1763 1876 fuerit
1815 1806 1942 1862 Gre-

684 1877 888 1944 gorius.
924 1877 1046 1929 Dies
1075 1877 1244 1945 festus
1277 1875 1539 1946 Gregorii.

358 1978 610 2048 Corpore
644 1979 883 2034 robusto
941 1980 1049 2033 i'uit
1109 1982 1445 2051 Gregorius,
1506 1983 1605 2036 sed
1686 1983 1943 2038 assiduis

284 2067 512 2122 merbis
562 2067 810 2138 vitaque
879 2066 1182 2135 molestiis,
1246 2075 1640 2141 pratereaque
1681 2071 1944 2141 jejuniis,

280 2156 522 2226 vigiliis,
557 2155 919 2210 chameuniis
952 2155 1032 2211 ita
1071 2157 1250 2212 fracto
1285 2175 1348 2212 ac
1379 2158 1702 2223 debilitato,
1738 2163 1802 2213 ut
1832 2161 1944 2215 sibi

284 2251 673 2310 senectutem,
709 2247 860 2316 quod
907 2247 1155 2318 ipsemet
1186 2251 1456 2314 testatur,
1518 2248 1942 2305 acceleraverit.

283 2336 628 2405 Anonymus
659 2339 909 2400 Gracus,
963 2354 996 2390 a
1047 2337 1292 2391 Baronio
1359 2336 1632 2392 laudatus
1682 2337 1781 2408 (εἰ),
1829 2354 1946 2409 qua

289 2427 517 2476 statura
566 2422 738 2476 fuerit
797 2423 887 2477 his
919 2424 1108 2478 verbis
1163 2424 1442 2495 exprimit
1500 2425 1555 2478 in
1615 2426 1809 2479 codice
1839 2427 1944 2480 540

294 2510 446 2564 Bibl.
477 2511 597 2564 Vat.
635 2529 694 2565 ;‹‹
723 2511 956 2566 Statura
1012 2513 1290 2568 mediocri
1348 2518 1493 2582 erat,
1548 2513 1801 2583 pallidus
1833 2514 1945 2567 ali—

297 2599 669 2670 quantulum,
704 2617 820 2653 non
851 2604 1044 2655 tamen
1066 2601 1210 2655 citra
1225 2606 1587 2655 venustatem
1625 2619 1636 2658 :
1666 2603 1943 2673 depresso

287 2704 457 2754 naso,
521 2687 846 2757 superciliis
908 2689 964 2741 in
1043 2694 1265 2743 rectum
1326 2691 1639 2760 protensis,
1704 2695 1941 2761 aspectu

285 2777 505 2831 blando
531 2782 586 2831 et
617 2778 801 2843 suavi,
834 2777 1013 2832 altero
1063 2776 1229 2832 oculo
1271 2795 1478 2849 nempe
1535 2780 1735 2833 dextro
1797 2780 1942 2834 sub-

286 2865 498 2931 tristis,
527 2882 700 2936 quem
737 2865 976 2920 cicatrix
1006 2868 1274 2937 quadam
1332 2867 1728 2933 contrahebat,
1763 2868 1944 2923 barba

288 2969 405 3005 non
430 2952 741 3021 promissa,
792 2953 890 3005 sed
946 2953 1125 3007 densa
1155 2956 1370 3007 tamen.
1406 2955 1528 3018 Qua
1560 2959 1718 3025 parte
1744 2955 1942 3010 calvus

289 3058 403 3094 non
435 3046 578 3108 erat,
613 3057 746 3094 nam
782 3039 1092 3095 subcalvus
1107 3045 1248 3110 erat,
1272 3041 1637 3097 alboscrines
1668 3043 1939 3114 habebat,

288 3145 552 3184 summas
612 3129 745 3183 item
800 3129 992 3183 barba
1047 3133 1243 3199 partes
1303 3129 1457 3183 velut
1510 3131 1668 3185 fumo
1719 3132 1940 3186 obsitas

287 3217 643 3273 ostendebat.
701 3243 721 3268 ιι
771 3216 1028 3289 Gregorii
1085 3221 1281 3273 autem
1332 3218 1511 3273 animi
1590 3219 1812 3290 efﬁgies
1871 3237 1938 3275 ex

285 3307 466 3361 rebus
498 3305 697 3377 gestis,
733 3323 880 3377 quas
938 3307 1364 3377 enarravimus,
1398 3324 1620 3362 necnon
1649 3325 1716 3362 ex
1750 3309 1937 3379 ipsius

286 3393 546 3464 scriptis,
579 3395 634 3447 in
671 3394 881 3465 quibus
913 3393 1036 3465 ipse
1067 3411 1194 3450 sese
1219 3396 1500 3467 depingit,
1537 3396 1678 3451 satis
1711 3398 1938 3468 perspi-

288 3483 460 3536 citur.
493 3486 673 3536 Suum
708 3483 830 3552 ipse
863 3483 973 3536 sibi
1025 3483 1386 3554 epitaphium
1423 3490 1748 3554 paraverat,
1782 3486 1940 3556 quod

292 3571 617 3641 pracipuos
647 3570 771 3623 vita
807 3570 992 3640 ipsius
1023 3575 1264 3625 eventus
1320 3572 1626 3626 duodecim
1678 3574 1943 3627 versibus

298 3658 570 3728 elegiacis
602 3657 1027 3728 complectitur.
1060 3658 1192 3713 Dies
1248 3660 1430 3714 festus
1461 3660 1719 3731 Gregorii
1752 3661 1947 3731 agitur

299 3763 454 3801 nono
487 3746 623 3800 Maii
657 3747 808 3817 apud
847 3746 1079 3801 Latinos
1115 3765 1127 3812 ;
1162 3749 1312 3817 apud
1356 3752 1583 3802 Gracos
1617 3753 1809 3803 autem
1841 3749 1946 3802 Je-

294 3834 490 3889 nuarii
524 3834 838 3899 tricesimo,
867 3851 981 3888 una
1011 3851 1143 3889 cum
1179 3841 1378 3890 sancto
1412 3835 1621 3890 Basilio
1651 3842 1707 3891 et
1747 3841 1946 3890 sancto

292 3923 730 3994 Chrysostomo.
766 3923 870 3978 Sed
899 3922 1206 3993 peculiaris
1237 3924 1508 3994 Gregorio
1540 3923 1647 3979 soli
1698 3941 1862 3978 sacer
1892 3929 1950 3979 et

294 4009 578 4065 solemnis
611 4011 759 4080 apud
795 4011 1031 4064 eosdem
1062 4015 1287 4066 Gracos
1328 4016 1416 4065 est
1442 4013 1663 4066 mensis
1684 4011 1949 4066 Januarii

294 4097 607 4153 vicesimus
639 4097 881 4168 quintus
913 4098 1055 4152 dies.

298 4193 580 4249 CLXXVI.
617 4197 830 4262 Quanta
880 4194 1025 4265 apud
1072 4210 1254 4250 omnes
1304 4195 1560 4264 Gregorii
1588 4197 1945 4251 existimatio.

369 4294 598 4357 Quanta
629 4292 802 4347 fuerit
835 4291 973 4346 olim
991 4293 1142 4362 apud
1176 4295 1416 4358 veteres,
1446 4293 1729 4363 hodieque
1745 4295 1950 4349 etiam-

292 4398 440 4435 num
475 4380 552 4435 sit
574 4383 727 4451 apud
763 4380 1402 4452 recentiores,Gregorii
1431 4383 1676 4452 ejusque
1707 4398 1950 4453 operum

296 4469 671 4536 existimatio,
707 4469 840 4524 inde
873 4473 1124 4536 constat,
1162 4471 1316 4541 quod
1367 4470 1566 4526 Patres
1593 4488 1795 4526 omnes
1836 4488 1949 4526 non

299 4562 534 4613 tantum
565 4558 983 4623 Graci,verum
1001 4559 1174 4612 etiam
1207 4558 1417 4623 Latini,
1440 4575 1505 4613 ac
1537 4558 1953 4630 theolbgi,nec-

300 4664 416 4702 non
443 4646 877 4716 Scripturarum
921 4646 1286 4718 interpretes,
1352 4647 1410 4700 in
1445 4647 1781 4702 astruendis
1823 4647 1954 4702 ﬁdei
1988 4635 2032 4699 Ι)

296 4734 698 4806 dogmatibus,
733 4734 1142 4805 oppugnandis
1191 4734 1488 4789 erroribus
1521 4739 1577 4789 et
1598 4735 1955 4805 exponendis

297 4823 852 4894 Scripturis,ipsius
887 4823 1288 4878 auctoritatem
1344 4823 1563 4892 passim
1614 4822 1950 4879 adhibeant.

297 4912 578 4982 Exemplo
609 4929 736 4967 esse
759 4915 966 4983 potest,
1025 4916 1081 4966 et
1109 4913 1292 4967 instar
1339 4912 1599 4967 omnium
1651 4914 1728 4967 sit
1755 4915 1954 4984 Augu-

295 5001 517 5063 stinus,
551 5001 646 5070 qui
679 5000 779 5055 lib.
828 5017 845 5054 ι
905 5000 1102 5055 Contra
1149 4999 1444 5056 lulianum
1503 5001 1595 5071 (ε),
1649 5006 1952 5072 peccatum

296 5089 578 5161 originale
601 5091 882 5145 adversus
921 5090 1264 5162 Pelagianos
1295 5090 1554 5160 Gregorii
1610 5091 1954 5145 auctoritate

295 5178 547 5234 astruit:
581 5202 606 5228 α
644 5179 754 5234 Sed
775 5196 890 5232 non
915 5179 1016 5233 tibi
1041 5178 1220 5233 deerit
1242 5178 1712 5248 magninominis
1728 5184 1783 5233 et
1803 5180 1956 5233 fama

295 5267 677 5323 celeberrima
702 5266 954 5322 illustris
1003 5267 1311 5338 episc0pus
1363 5266 1536 5322 etiam
1579 5267 1648 5321 de
1687 5268 1955 5338 partibus

297 5355 574 5422 Orientis,
609 5356 779 5425 cujus
796 5355 1292 5427 eloquiaingentis
1312 5353 1518 5410 merito
1550 5355 1952 5427 gratia,etiam

291 5446 357 5503 in
391 5445 654 5515 linguam
689 5443 950 5499 Latinam
969 5444 1254 5499 translata
1282 5460 1707 5516 usquequaque
1729 5444 1951 5500 clarue-

396 5572 450 5642 a)
477 5569 642 5642 Apud
677 5567 910 5642 Bollﬁ.,g9
939 5568 1097 5635 Maii,
1129 5585 1184 5641 p.
1218 5569 1343 5628 427.

403 5640 452 5711 δ)
489 5640 655 5706 Ibid.,
689 5658 744 5713 p.
780 5640 905 5695 428.

401 5709 450 5785 ε)
480 5714 615 5787 Cap.
645 5709 785 5777 5,‘n.
819 5713 906 5783 15,
926 5714 1068 5769 tom.
1100 5710 1164 5784 X,
1190 5728 1248 5788 p.
1281 5709 1408 5771 504.

1635 425 1820 484 VITA
1872 424 1937 483 S.
1985 425 2382 484 GREGORII.

283 548 449 602 enixe
485 550 790 622 rogabant
825 555 886 606 ut
916 569 977 607 se
1008 554 1308 624 exciperet,
1343 560 1398 610 et
1431 556 1750 627 imaginem
1784 571 1950 610 suam
1983 559 2037 622 Α
2071 561 2205 609 runt
2241 572 2252 609 :
2287 558 2486 611 sedeat
2514 574 2648 630 ergo
2682 573 2815 613 cum
2840 558 2967 614 istis
2990 560 3257 617 Patribus
3280 564 3454 620 etiam
3479 574 3721 625 sanctus
3803 624 3809 629 .

1977 1916 2024 1980 B

3593 437 3716 498 238

2062 645 2393 715 Gregorius,
2429 649 2651 700 etcum
2683 648 2768 702 eis
2824 652 2937 702 tua
2990 648 3423 708 criminationis
3479 655 3717 713 inanem

2063 733 2318 803 patiatur
2372 733 2652 788 invidiam
2690 751 2702 790 :
2737 736 2879 790 dum
2939 741 3134 792 tamen
3195 755 3327 794 cum
3382 741 3466 796 eis
3513 751 3718 800 contra

2062 821 2340 875 novitiam
2370 827 2591 893 pestem
2616 829 2890 891 vestram,
2926 826 3335 882 medicinalem
3371 830 3628 900 proferat
3657 837 3716 888 et

2060 909 2185 979 ipse
2215 912 2588 966 sententiam.
2625 933 2653 960 ››
2685 912 2813 968 Hac
2861 915 2928 968 de
2976 915 3251 985 Gregorio
3293 923 3489 972 nostro
3522 921 3714 992 Augu-

2061 996 2291 1063 stinus;
2325 999 2444 1068 qui,
2480 998 2722 1070 prolatis
2755 1001 3298 1074 pluribusGregorii
3333 1005 3712 1078 testimoniis,

2058 1085 2140 1139 ita
2170 1086 2626 1158 prosequitur(d)
2662 1105 2673 1143 :
2711 1110 2739 1138 «
2770 1091 2855 1143 An
2889 1089 2989 1143 tibi
3013 1091 3258 1161 parvain
3293 1110 3410 1149 uno
3437 1097 3713 1168 Gregorio

2059 1173 2464 1244 episcoporum
2523 1176 2905 1232 Orientalium
2950 1179 3186 1233 videtur
3215 1183 3576 1239 auctoritas?
3607 1184 3708 1240 Est

2058 1262 2294 1331 quidem
2317 1268 2478 1318 tanta
2501 1270 2837 1335 persona,ut
2865 1282 3054 1337 neque
3083 1266 3180 1322 ille
3209 1267 3315 1323 hoc
3347 1268 3460 1325 nisi
3491 1288 3558 1326 ex
3593 1272 3708 1328 ﬁde

2056 1350 2388 1407 Christiana
2419 1354 2692 1408 omnibus
2723 1354 3029 1410 notissima
3050 1356 3298 1424 diceret;
3333 1373 3437 1413 nec
3467 1358 3552 1414 illi
3575 1376 3710 1415 eum

2055 1441 2172 1493 tam
2208 1439 2431 1495 clarum
2455 1440 2737 1497 haberent
2768 1446 2941 1514 atque
2990 1445 3410 1513 venerandum,
3447 1447 3560 1502 nisi
3589 1447 3710 1504 hac

2056 1528 2127 1582 ab
2159 1529 2256 1584 illo
2288 1530 2445 1585 dicta
2501 1547 2569 1586 ex
2625 1530 2827 1603 regula
2867 1532 3190 1589 notissima
3235 1533 3494 1592 veritatis
3525 1552 3708 1608 agno-

2056 1622 2301 1672 scerent.
2325 1640 2353 1667 »

2541 1707 2851 1764 CLXXVII.
2881 1710 3221 1767 Translatio.

2124 1795 2305 1849 Sacra
2337 1796 2594 1867 Gregorii
2637 1796 2896 1868 reliquia
2929 1813 2958 1852 ε
3015 1798 3380 1870 Cappadocia
3427 1799 3707 1857 Constan-

2057 1881 2363 1954 tinopolim
2394 1884 2691 1940 translata
2723 1889 2883 1953 sunt,
2945 1886 3267 1958 imperante
3323 1890 3706 1946 Constantino

2053 1971 2570 2044 Porphyrogenito,
2621 1974 2719 2045 qui
2778 1974 3082 2046 epistolam
3117 1992 3150 2030 a
3198 1993 3260 2032 se
3287 1977 3561 2050 Gregorio
3591 1977 3706 2032 Na-

2051 2059 2323 2116 zianzeno
2346 2062 2624 2134 scriptam
2664 2062 2735 2116 iis
2783 2063 3048 2128 tradidit,
3098 2065 3315 2135 quibus
3367 2065 3516 2120 sacri
3576 2065 3702 2120 the-

2052 2149 2207 2202 sauri
2241 2150 2802 2221 Constantinopolim
2827 2151 3144 2206 devehendi
3178 2170 3318 2208 cura
3335 2153 3522 2208 fuerat
3544 2169 3704 2208 com-

2053 2239 2344 2292 mendata.
2382 2239 2495 2293 Hac
2526 2243 2719 2294 autem
2739 2239 2984 2310 epistola
3003 2240 3344 2311 Gregorium
3375 2242 3709 2312 rogabat,ut

2051 2341 2123 2380 ne
2155 2325 2930 2398 Constantinopolimvenire
2957 2335 3317 2400 gravaretur.
3346 2352 3373 2379 «
3396 2331 3481 2384 Tu
3503 2330 3573 2384 ad
3599 2345 3705 2384 nos

2052 2414 2321 2468 accedere
2353 2431 2424 2468 ne
2456 2414 2681 2482 dubita,
2707 2433 2739 2470 a
2764 2416 2980 2485 quibus
3022 2417 3232 2488 spiritu
3284 2434 3349 2472 ac
3383 2417 3575 2473 favore
3605 2421 3708 2473 tuo

2052 2518 2376 2572 numquam
2410 2502 2590 2569 absis,
2625 2503 2723 2572 qui
2749 2502 3181 2575 planeorphani
3215 2509 3277 2558 ut
3308 2521 3575 2560 essemus
3592 2522 3710 2560 non

2050 2606 2111 2644 es
2145 2606 2421 2659 passus...
2475 2591 2641 2644 Votis
2699 2590 2880 2661 igitur
2936 2591 3050 2661 piis
3106 2609 3322 2662 annue,
3382 2594 3454 2647 ad
3514 2609 3620 2647 nos
3652 2597 3709 2646 te

2050 2677 2290 2742 inclina,
2323 2683 2607 2732 revertere
2638 2679 2706 2732 ad
2735 2696 2869 2732 eum
2902 2678 3005 2749 qui
3051 2683 3214 2734 tanto
3273 2679 3364 2734 tui.
3415 2679 3706 2735 desiderio

2053 2770 2283 2821 tenetur
2311 2782 2568 2838 gregem,
2603 2766 2886 2837 populum
2919 2772 3086 2820 tuum
3123 2767 3412 2839 benignus
3434 2765 3706 2834 revise,in

2051 2855 2254 2909 urbem
2285 2870 2413 2909 eam
2445 2855 2768 2926 ingredere,
2793 2855 2851 2909 in
2885 2871 3000 2925 qua
3023 2855 3448 2926 periclitantem
3475 2854 3708 2925 religio-

2051 2944 2142 2998 nis
2166 2944 2496 2997 orthodoxa
2555 2959 2793 2998 causam
2849 2943 3077 3015 egregie
3135 2945 3433 3015 quondam
3491 2943 3704 2998 confir-

2052 3033 2246 3087 masti.
2287 3055 2311 3080 η
2337 3033 2534 3086 Exstat
2564 3032 2684 3085 hac
2714 3032 2960 3103 epistola
3006 3031 3060 3086 in
3115 3033 3373 3088 oratione
3404 3031 3604 3087 habita
3631 3031 3703 3086 de

2047 3120 2449 3188 translatione,
2484 3137 2659 3190 quam
2693 3120 3013 3174 orationem
3055 3137 3122 3175 ex
3167 3138 3275 3175 ms.
3308 3124 3501 3175 Graco
3543 3120 3696 3191 regis

2051 3209 2331 3264 Sardinia
2364 3209 2562 3263 Latine
2593 3207 2908 3279 vulgarunt
2934 3207 3321 3278 Bollandista,
3355 3225 3411 3279 p.
3445 3208 3695 3273 448,etc,

2049 3301 2242 3352 Grace
2276 3313 2529 3368 quoque,
2558 3312 2610 3367 p.
2638 3297 2766 3363 769,
2800 3300 2907 3350 etc.
2942 3297 2984 3350 li
3016 3312 3148 3351 vero
3198 3297 3296 3366 qui
3347 3295 3513 3350 missi
3570 3295 3700 3348 fue-

2052 3389 2204 3452 rant,
2237 3385 2494 3456 Gregorii
2529 3401 2663 3439 ossa
2692 3383 2864 3455 plane
2893 3384 3120 3455 integra
3151 3386 3506 3454 repererunt,
3540 3382 3704 3435 inso-

2055 3471 2216 3528 litam
2238 3479 2294 3528 et
2313 3472 2773 3542 inexplicabilem
2789 3472 2985 3526 odoris
3004 3471 3379 3543 fragrantiam
3399 3469 3707 3540 spirantia,

2054 3578 2238 3632 eaque
2266 3560 2454 3616 loculo
2486 3561 2557 3614 ad
2593 3561 2648 3613 id
2681 3565 2882 3630 parato
2904 3558 3313 3629 impositalati
3347 3555 3707 3612 detulerunt.

2055 3651 2379 3720 Imperator
2408 3665 2540 3702 cum
2575 3647 2999 3713 sacerdotibus,
3050 3646 3441 3715 omnibusque
3482 3659 3708 3714 magna

2058 3739 2219 3792 urbis
2250 3735 2478 3804 incolis,
2511 3735 3067 3790 honoriﬁceobviam
3085 3733 3324 3804 profecti
3360 3737 3499 3786 sunt
3526 3730 3708 3786 sacris

2058 3826 2344 3896 reliquiis,
2380 3842 2505 3894 qua
2538 3823 2792 3895 primum
2829 3822 2982 3876 intra
3014 3823 3202 3893 regias
3233 3821 3471 3886 ades,in
3505 3817 3707 3890 palatii

2059 3913 2323 3980 ecclesia,
2349 3929 2449 3967 seu
2483 3911 2756 3978 oratorio,
2791 3910 3091 3981 deposita,
3121 3913 3437 3980 posteaque
3460 3908 3517 3962 in
3551 3913 3705 3978 Apo-

2059 4001 2340 4057 stolorum
2372 4001 2590 4070 templo
2617 4000 2787 4070 juxta
2835 3998 3021 4053 sancti
3055 3997 3451 4069 Chrysostomi
3493 4011 3708 4067 corpus

2061 4090 2323 4161 reposita
2341 4094 2498 4144 sunt.

2061 4196 2391 4253 CLXXVIII.
2477 4195 2670 4250 Altera
2765 4193 3058 4248 translatio
3131 4192 3373 4263 corporis
3458 4189 3713 4261 Gregorii

2686 4264 2792 4319 ΟΡ.
2837 4266 3087 4319 Romam.

2132 4354 2386 4409 Alteram
2419 4353 2678 4424 corporis
2709 4352 2893 4406 sancti
2915 4351 3172 4420 Gregorii
3206 4373 3233 4400 ‹‹
3267 4349 3714 4406 translationem

2063 4440 2563 4512 Constantinopoli
2616 4440 2860 4494 Romam
2922 4440 3160 4508 factam,
3219 4439 3390 4493 ﬁrma
3445 4442 3715 4507 certaque

2065 4532 2377 4587 traditione
2426 4529 2764 4597 didicimus,
2826 4528 3022 4598 inquit
3105 4527 3390 4583 Baronius
3433 4527 3526 4598 (e),
3586 4541 3715 4581 eam

2065 4620 2137 4675 ob
2197 4636 2457 4686 causam,
2514 4618 2669 4688 quod
2725 4616 3134 4687 grassantibus
3185 4614 3451 4670 barbaris
3507 4613 3568 4668 in
3618 4629 3716 4668 eas

2065 4709 2351 4780 regiones,
2376 4705 2852 4761 sanctimoniales
2884 4704 3136 4770 femina,
3169 4705 3228 4757 in
3259 4717 3511 4774 quarum
3540 4700 3716 4757 eccle-

2065 4797 2152 4853 sia
2180 4800 2383 4851 tantus
2404 4795 2718 4849 thesaurus
2731 4797 2854 4848 erat
2880 4792 3167 4860 conditus,
3194 4792 3330 4862 fuga
3350 4807 3468 4845 sua
3487 4788 3710 4861 pudici-

2062 4887 2155 4941 tia
2187 4883 2576 4950 consulentes,
2614 4887 2918 4952 acceptum
2936 4880 3329 4935 venerandum
3362 4876 3713 4950 corpus,im-

2065 4973 2443 5045 positumque
2477 4969 2728 5041 navigio,
2760 4971 2830 5025 ad
2865 4973 3058 5024 tutum
3092 4967 3322 5040 pietatis
3343 4966 3572 5038 asylum
3606 4966 3715 5021 Ro-

2067 5077 2217 5116 mam
2251 5060 2675 5130 confugientes,
2735 5057 3077 5112 detulerunt
3116 5077 3129 5124 ;
3177 5061 3351 5126 atque
3383 5056 3441 5109 in
3499 5053 3716 5125 templo

2065 5150 2290 5205 Sancta
2317 5149 2506 5202 Maria
2539 5146 2596 5200 in
2618 5153 2832 5217 Campo
2867 5145 3091 5211 Martio,
3127 5144 3238 5199 sibi
3273 5145 3343 5198 ab
3397 5141 3720 5214 apostolica

2066 5238 2202 5292 sede
2247 5251 2546 5300 concesso,
2609 5235 3037 5297 condiderunt;
3064 5233 3260 5302 ibique
3310 5231 3368 5286 in
3417 5231 3720 5300 adjacente

2065 5326 2258 5391 domo,
2292 5325 2350 5378 in
2375 5341 2489 5395 qua
2513 5322 3045 5392 habitabant,more
3059 5321 3243 5391 patrio
3273 5320 3719 5375 divinaslaudes

2064 5430 2168 5486 per
2197 5413 2321 5468 dies
2358 5410 2623 5484 singulos
2679 5409 3104 5482 persolvebant.
3155 5409 3377 5478 Quibus
3428 5409 3553 5480 jam
3601 5406 3719 5466 vita

2157 5572 2212 5640 d)
2244 5572 2415 5640 Ibid.,
2438 5588 2494 5626 η.
2526 5570 2607 5625 ιθ.

2157 5573 2190 5628 d
2244 5572 2415 5640 Ibid.,
2438 5572 2607 5626 n.16.

2135 5572 2212 5718 ἓθέ
2246 5644 2405 5714 ΒοΙΙ.,
2436 5643 2470 5697 9
2498 5639 2650 5698 Maii.
2683 5655 2740 5713 p.
2773 5638 2898 5700 454.
