4100 6416
252 393 355 451 241
1503 475 1512 484 ἰ
1771 391 1871 449 MU

2047 391 2160 450 ΕΜ.
3549 390 3666 447 242

255 538 374 593 qua
405 525 614 578 tamen
669 523 731 579 in
781 524 1053 596 Gregorio
1103 540 1215 578 non
1263 523 1459 579 labore
1509 520 1773 594 quasita,
1806 521 1906 577 sed
1937 526 1992 591 Α
2024 536 2136 591 que
2167 519 2582 592 ampliﬁcanda
2610 535 2901 587 erumna,
2944 522 3206 591 spectata
3248 520 3498 591 denique
3544 520 3670 576 orbi

254 612 451 667 innata
480 616 658 681 atque
691 611 873 667 insita
905 613 1178 666 videatur.
2019 609 2350 664 Christiano
2407 609 2734 664 sanctitatis
2785 609 2940 663 fama
2990 607 3325 663 felicissime
3371 609 3671 664 consocia-

327 700 468 753 Hino
498 699 645 753 adeo
680 699 1055 755 doctissimos
1077 699 1206 755 illos
1236 698 1501 754 Ecclesia
1531 699 1730 753 Patres
1761 714 1910 769 quos
2021 701 2194 765 runt;
2226 697 2286 751 in
2309 696 2365 751 id
2395 697 2572 752 etiam
2599 697 2766 769 quasi
2802 701 3006 750 mutuo
3039 696 3193 751 inter
3217 712 3278 752 se
3296 695 3490 752 animo
3522 695 3672 753 dice-

257 803 484 842 morum
517 787 920 842 sanctimonia
942 793 1110 858 atque
1136 788 1441 859 integritas
1464 789 1612 854 vita,
1650 785 1912 842 solitudi-
2021 802 2114 841 res
2144 786 2536 856 conspirasse,
2570 790 2634 839 ut
2655 802 2726 840 ne
2757 785 2975 856 quidin
3008 785 3220 840 studiis
3243 802 3572 857 peccemus,
3597 785 3675 841 le-

257 875 344 930 nis
367 874 824 946 litterarumque
847 892 1030 943 amor,
1051 875 1311 931 veritatis
1334 875 1617 943 studium,
1642 874 1910 946 eloquen-
2021 890 2122 945 ges
2152 874 2294 929 alter
2342 874 2512 929 nobis
2562 878 2842 929 statueret
2891 889 3036 944 quas
3087 878 3212 929 tuto
3252 891 3672 946 sequeremur;

255 963 347 1018 tia
377 962 505 1017 laus
538 963 779 1032 eximia,
835 964 1028 1019 sudati
1078 980 1181 1035 pro
1230 963 1458 1019 Christo
1503 964 1562 1018 in
1594 961 1910 1034 episcopali
2021 961 2191 1018 nobis
2223 961 2369 1018 alter
2391 963 2624 1034 pietatis
2646 962 2880 1034 plenam
2907 962 3184 1019 studendi
3207 962 3511 1018 materiem
3542 961 3675 1018 sub-

256 1067 492 1106 munere
524 1050 790 1119 labores,
825 1052 1044 1107 hausta
1076 1069 1179 1123 pro
1218 1052 1496 1124 religione
1539 1051 1789 1106 tutanda
1817 1055 1910 1106 at-
2021 1049 2401 1106 ministraret.

259 1228 3677 1258 Μ

935 1393 1520 1490 MONITUM
1589 1394 1720 1490 IN
1789 1391 2181 1489 VITAM
2253 1389 3016 1501 SEQUENTEM

1417 1601 1467 1659 A
1496 1599 1794 1677 Gregorio
1829 1597 2193 1678 presbytero
2223 1596 2550 1674 scriptam.

331 1933 476 2005 Quis
506 1934 587 1994 sit
616 1933 726 1994 ille
761 1935 1113 2014 Gregorius,
1151 1937 1360 2015 plures
1389 1935 1819 2015 exquisierunt
1850 1941 1911 1996 et
1941 1935 2382 2014 disputarunt;
2418 1933 2527 1995 sed
2564 1931 2724 1994 nihil
2775 1932 2929 1994 certi
2975 1938 3086 1995 aut
3133 1933 3209 1995 de
3257 1953 3527 2014 persona
3559 1943 3671 1998 aut

261 2031 337 2091 de
368 2032 501 2110 ejus
529 2039 718 2092 atate
749 2033 1068 2111 proditum
1101 2039 1213 2094 est.
1247 2034 1587 2095 Bollandus
1618 2032 1728 2112 (a),
1765 2033 2022 2096 Vossius
2052 2039 2114 2093 et
2140 2033 2247 2092 alii
2285 2033 2493 2092 Vitam
2524 2030 2688 2092 hanc
2717 2030 3041 2091 ascribunt
3089 2033 3351 2110 Georgio
3372 2034 3669 2095 Casarea

259 2128 676 2206 Cappadocia
702 2130 1069 2208 presbytero
1093 2131 1200 2208 qui
1224 2132 1284 2190 in
1317 2130 1548 2191 laudem
1568 2131 1821 2190 Patrum
1847 2129 2225 2189 Nicanorum
2247 2129 2597 2189 orationem
2621 2128 2972 2188 habuit.Ad
2997 2147 3123 2207 quo
3141 2136 3424 2207 tempore
3445 2133 3671 2192 vixerit

256 2226 560 2301 Georgius
589 2227 727 2297 iste,
753 2232 1040 2286 auctores
1067 2228 1232 2287 inter
1261 2247 1326 2286 se
1357 2246 1484 2287 non
1514 2228 1935 2287 consentiunt.
1963 2226 2307 2286 Bollandus
2331 2226 2874 2304 quidem,ineunte
2897 2226 3166 2304 septimo
3187 2227 3415 2287 vixisse
3441 2234 3623 2306 putat
3652 2247 3667 2303 ;

255 2321 512 2380 Vossius
570 2341 718 2382 vero
777 2322 877 2401 (ὁ),
910 2323 1012 2382 cui
1069 2324 1280 2382 favent
1332 2325 1760 2383 Henschenius
1809 2330 1872 2383 et
1924 2322 2396 2401 Papebrochius
2454 2321 2558 2403 (ε),
2595 2322 2804 2382 medio
2861 2323 3111 2382 circiter
3159 2325 3388 2384 saculo
3428 2325 3672 2387 decimo

271 2418 553 2478 ﬂoruisse
585 2419 852 2497 probare
884 2421 1123 2492 nititur,
1149 2420 1255 2479 sed
1313 2423 1544 2480 frustra
1575 2440 1586 2493 ;
1623 2439 1738 2479 nec
1769 2421 1848 2478 ad
1885 2439 1998 2479 nos
2028 2425 2270 2496 spectat
2302 2419 2436 2479 hac
2468 2419 2861 2497 disceptatio,
2899 2438 3042 2478 cum
3077 2420 3251 2480 nulla
3280 2421 3503 2481 saltem
3537 2442 3675 2502 pro-

262 2515 440 2574 babii
470 2518 698 2577 ratione
729 2518 1016 2577 concludi
1041 2518 1234 2596 possit
1287 2518 1621 2595 Georgium
1681 2518 1848 2576 hunc
1905 2523 2188 2576 nostrum
2247 2535 2379 2575 esse
2437 2517 2805 2594 Gregorium
2858 2516 3167 2594 Theologi
3217 2517 3669 2597 biographum.

260 2614 510 2673 Interea
539 2614 678 2674 licet
720 2633 846 2693 quo
871 2620 1148 2693 tempore
1179 2615 1413 2692 scripta
1443 2615 1630 2673 fuerit
1661 2613 1794 2691 ejus
1827 2615 1951 2673 ﬁta
1981 2632 2105 2673 non
2138 2618 2375 2692 pateat,
2409 2618 2657 2672 constat
2688 2618 2898 2672 tamen
2923 2613 3152 2672 saculo
3185 2613 3428 2674 decimo
3460 2618 3672 2676 erudi-

257 2710 340 2769 tis
373 2711 605 2788 optime
636 2718 849 2772 notam
883 2713 1090 2785 fuisse,
1126 2717 1195 2772 ut
1224 2712 1370 2772 satis
1402 2711 1685 2771 enuntiat
1717 2712 1938 2784 oratio,
1976 2711 2091 2771 sub
2123 2711 2370 2771 initium
2404 2710 2592 2789 hujus
2623 2710 2855 2784 saculi,
2889 2709 2955 2769 in
3002 2710 3209 2788 prima
3255 2713 3457 2772 sancti
3512 2714 3666 2776 doc-

254 2811 413 2871 toris
446 2812 851 2872 translatione
897 2813 1178 2885 recitata,
1217 2831 1357 2890 qua
1388 2811 1553 2871 hanc
1610 2811 1806 2889 ipsius
1862 2811 2053 2872 vitam
2114 2811 2199 2870 sic
2249 2811 2687 2870 commendat:
2724 2833 2751 2864 ι
2791 2810 2899 2870 Hic
2955 2809 3148 2887 igitur
3177 2810 3280 2889 (de
3338 2812 3663 2891 Theologo

258 2908 544 2987 loquitur
575 2909 713 2990 [r1]),
748 2916 816 2969 ut
846 2910 1199 2988 conscripta
1229 2911 1305 2970 de
1334 2910 1471 2988 ipso
1502 2909 1643 2969 Vita
1674 2909 1912 2969 discere
1935 2908 2331 2986 cupientibus
2363 2909 2766 2968 manifestum
2814 2908 2988 2978 facit,
3024 2909 3235 2968 natale
3283 2909 3488 2969 solum
3521 2929 3676 2971 nac-

265 3013 366 3066 tus
395 3006 876 3084 Cappadociam.
910 3029 943 3062 ιο
980 3008 1200 3084 Liquet
1229 3006 1376 3065 hinc
1397 3006 1755 3084 jandudum
1788 3007 2022 3066 editam
2053 3006 2240 3066 fuisse
2271 3006 2434 3065 hanc
2466 3006 2695 3078 Vitam,
2727 3005 2980 3081 lateque
3011 3004 3304 3064 diffusam
3329 3013 3481 3066 tunc
3518 3012 3680 3066 tem-

269 3105 458 3181 poris.
492 3105 560 3163 In
593 3122 821 3182 magno
855 3104 1146 3164 Ecclesia
1179 3122 1497 3174 consessu,
1532 3103 1800 3163 encomii
1830 3103 1986 3174 vice,
2014 3103 2276 3177 jubente
2301 3104 2598 3180 episcopo
2628 3103 2791 3161 lecta
2837 3107 2949 3172 est,
2986 3103 3155 3179 quod
3199 3103 3440 3162 exordii
3486 3105 3680 3164 verba

266 3199 569 3259 referunt.
609 3200 766 3259 Male
795 3200 1149 3277 suspicatur
1178 3199 1490 3258 Adrianus
1520 3199 1741 3259 Baillet
1769 3200 1832 3257 in
1867 3198 2296 3258 translationis
2323 3198 2590 3275 gratiam
2623 3197 2868 3256 decimo
2907 3198 3140 3256 saculo
3190 3205 3461 3275 peracta
3491 3200 3680 3259 ador-

266 3303 485 3354 natam
517 3297 724 3366 fuisse,
761 3315 900 3356 cum
936 3315 1011 3355 ne
1045 3297 1319 3356 minimis
1351 3296 1604 3373 quidem
1639 3295 1973 3354 momentis
2004 3297 2124 3355 hoc
2155 3295 2365 3372 colligi
2399 3296 2614 3373 possit.
2650 3296 2794 3354 Mox
2828 3300 2894 3354 ut
2922 3295 3201 3371 vulgata,
3238 3295 3361 3355 cito
3389 3314 3423 3355 e
3469 3298 3684 3357 Graco

259 3393 325 3449 in
361 3393 621 3452 latinum
656 3411 832 3453 versa
864 3398 997 3464 est;
1031 3395 1138 3453 sed
1173 3393 1252 3453 ad
1285 3411 1398 3452 nos
1430 3411 1628 3470 usque
1658 3411 1783 3452 non
1817 3393 2096 3470 pervenit
2125 3393 2260 3470 ejus
2313 3391 2776 3468 interpretatio,
2811 3393 2888 3450 de
2936 3410 3062 3468 qua
3113 3392 3330 3451 Billius
3379 3393 3516 3452 hac
3549 3394 3684 3452 edi-

263 3491 394 3548 dit:
437 3492 658 3550 «Hanc
690 3491 968 3568 Gregorii
999 3492 1203 3550 Vitam
1255 3491 1581 3567 sexaginta
1640 3490 1780 3568 plus
1839 3489 2044 3548 minus
2101 3489 2284 3548 annis
2340 3495 2480 3567 post
2539 3488 3088 3565 nongentesimum
3148 3507 3184 3547 a
3234 3488 3479 3548 Christo
3531 3497 3684 3550 nato

266 3604 501 3645 annum
539 3587 796 3665 primus,
834 3607 1198 3665 quanquam
1231 3606 1486 3666 prorsus
1518 3588 1805 3657 barbare,
1844 3587 2168 3646 transtulit
2199 3587 2562 3646 Anastasius
2595 3585 2876 3664 quidam,
2916 3589 2985 3645 ut
3029 3590 3401 3645 annotatum
3437 3585 3564 3646 vidi
3619 3587 3685 3646 in

264 3683 426 3742 libro
459 3683 728 3760 quodam
764 3685 1191 3762 manuscripto
1211 3685 1608 3761 Dionysiana
1641 3683 2060 3743 bibliotheca.
2101 3707 2127 3735 »
2162 3682 2368 3742 Potuit
2403 3687 2611 3741 tamen
2664 3681 2986 3740 advertere
3018 3680 3259 3755 Billius,
3295 3686 3358 3741 ut
3393 3681 3687 3744 observat

264 3779 678 3839 Combefisius
734 3781 1133 3840 Anastasium
1173 3781 1337 3841 hunc
1366 3779 1920 3841 Bibliothecarium
1955 3798 2106 3851 esse,
2136 3779 2241 3856 qui
2276 3778 2473 3838 multa
2505 3779 2630 3838 alia
2660 3777 2879 3838 Latine
2911 3777 3184 3837 reddidit
3205 3779 3425 3838 Graca
3455 3797 3682 3839 monu-

268 3884 506 3950 menta,
541 3895 654 3937 nec
683 3896 938 3955 prorsus
969 3879 1056 3938 ita
1087 3879 1379 3949 barbare,
1409 3885 1476 3938 ut
1508 3877 1702 3956 ipsius
1731 3878 1913 3937 labor
1943 3895 2068 3936 non
2101 3876 2490 3936 desideretur
2537 3880 2648 3936 aut
2686 3875 2766 3935 sit
2810 3874 3072 3935 inutilis.
3106 3875 3274 3937 Vixit
3303 3876 3684 3937 Anastasius

261 3975 370 4034 ille
429 3973 660 4035 saeculo
693 3993 862 4035 nono
888 3993 902 4048 ;
934 3975 1080 4036 hinc
1104 3982 1270 4036 recte
1302 3975 1804 4054 conjicitur,cum
1837 3973 2374 4053 interpretationis
2405 3972 2486 4033 sit
2512 3972 3047 4050 auctor,Gregorii
3077 3974 3282 4034 Vitam
3313 3974 3536 4035 saltem
3566 3993 3682 4035 sa-

264 4070 408 4131 culo
438 4077 658 4133 octavo
689 4071 882 4133 fuisse
912 4073 1357 4151 conscriptam.

326 4285 401 4354 (a)
435 4285 501 4339 l3
528 4283 801 4348 Januar.,
836 4299 892 4356 p.
927 4285 1050 4338 781.
2099 4286 2172 4354 (c)
2201 4285 2236 4339 9
2261 4283 2511 4356 M_aii,7p.
2544 4283 2668 4356 369.

319 4353 396 4426 (ὑ)
425 4358 502 4413 De
531 4356 788 4412 historic.
825 4353 1000 4413 Grac.
1031 4359 1080 4410 et
1109 4357 1292 4413 Latin.

2098 4353 2176 4428 (ἆ)
2205 4353 2497 4412 Βοιιεωάῖ.
2530 4355 2566 4410 9
2599 4353 2758 4425 Maii,
2791 4371 2847 4426 ρο
2879 4355 3004 4412 450.
