4100 6400
315 380 434 444 213

1440 370 1632 437 VITA
1676 374 1741 434 S.
1790 370 2163 433 GREGUltll
2207 372 2601 435 THEOLOGI

3611 372 3741 433 244

826 716 1110 812 ΒΙΟΣ
1194 714 1444 811 ΤΟΥ
1526 713 1687 807 ΕΝ
1769 711 2186 809 ΑΓΙΟΙΣ
2279 712 2777 810 ΠΑΤΡΟΣ
2861 710 3228 808 ΗΜΩΝ

1527 909 2538 1039 ΓΡΗΓΟΡΙΟΥ

1224 1118 1303 1191 (1)
1339 1074 1464 1171 Ἰ;ΟΥ
1502 1119 1869 1184 ΘΕΟΛΟΓΟΥ,
1909 1119 2300 1173 ΕΠΙΣΚΟΗΟΥ
2336 1115 2836 1184 ΝΔΖΙΑΝΖΗΝΟΥ,

1415 1258 1753 1337 Συγγραφεῖς
1787 1259 1890 1313 ὑπὸ
1920 1257 2224 1336 Γρηγορίου
2254 1252 2639 1334 πρεσϐυτέρου.

543 1565 957 1688 VITA
1050 1564 1178 1685 S.
1278 1562 1899 1685 PATRIS
2002 1561 2626 1685 NOSTRI
2718 1559 3531 1686 GREGORII

1522 1800 1812 1848 THBOLOGI
1824 1831 1838 1859 ,
1888 1801 2086 1847 EPISCO
2095 1802 2146 1846 PI
2189 1801 2573 1858 NAZIANZBNI,

1328 1945 1380 2005 A
1435 1944 1720 2025 Gregorio
1758 1944 2105 2027 presbytero
2152 1942 2353 2007 Graece
2392 1944 2747 2024 conscripta.

406 2207 489 2261 Ad
522 2204 827 2277 spirituale
859 2221 1199 2261 sermonum
1232 2206 1582 2271 convivium,
1617 2222 1649 2261 o
1679 2205 1785 2259 viri
1819 2205 1983 2260 audi-
2014 2264 2018 2272 ι

2174 2202 2442 2279 Συγκαλεῖ
2472 2203 2563 2275 μὶν
2595 2205 2745 2274 ἡμᾶς
2774 2204 2871 2275 (2),
2923 2203 2969 2254 ὦ
3018 2198 3230 2276 ἄνδρες,
3260 2199 3557 2276 Γρηγὸριος
3594 2202 3623 2255 ὁ
3655 2204 3767 2257 πά-

332 2299 514 2361 tores,
564 2293 878 2366 praeclarus
926 2293 1023 2349 ille
1077 2293 1411 2365 Gregorius,
1462 2298 1912 2362 cognomentum
1958 2310 1993 2348 a

336 2380 631 2452 theologia
673 2386 1049 2447 consecutus,
1098 2397 1204 2437 nos
1251 2382 1474 2437 invitat.
1526 2382 1653 2453 Ipse
1709 2382 1990 2436 nimirum

336 2469 685 2541 praponitur
714 2469 883 2524 nobis
913 2469 1072 2525 velut
1101 2469 1391 2541 exquisita
1421 2469 1707 2526 confectio
1738 2486 1867 2541 quea
1896 2486 1989 2525 ex-

335 2562 427 2613 tra
452 2557 753 2613 materiam
785 2563 895 2625 est,
930 2558 1266 2629 deliciaeque
1295 2558 1669 2629 corruptione
1709 2558 1868 2614 omni
1899 2576 1995 2614 su-

340 2647 617 2718 periores.
648 2646 762 2701 Nec
808 2662 941 2701 vero
992 2647 1209 2701 mirum
1259 2647 1420 2702 vobis
1466 2647 1751 2703 videatur.
1804 2664 1896 2702 me
1926 2662 1993 2702 eo

343 2734 599 2789 audacia
630 2750 1006 2806 progressum
1050 2751 1198 2801 esse,
1232 2741 1297 2789 ut
1342 2740 1400 2790 et
1431 2752 1571 2790 mea;
1622 2736 1990 2790 imbecillita-

342 2821 443 2885 tis,
475 2826 533 2876 et
560 2821 895 2877 excellentis
937 2822 1097 2878 illius
1145 2822 1364 2894 ingenii
1403 2829 1579 2894 atque
1625 2824 1839 2878 indolis
1872 2841 1991 2879 me-

343 2909 589 2965 moriam
646 2909 981 2979 ahjecerim,
1040 2911 1139 2980 qui
1186 2916 1420 2982 prOpter
1473 2910 1991 2982 incomparabilem

341 2995 574 3053 virtutis
602 2998 997 3068 praestantiam
1027 3000 1100 3052 ad
1152 2999 1308 3053 hunc
1342 3000 1520 3053 ferme
1567 3000 1719 3055 diem
1752 3000 1993 3067 silentii,

340 3086 560 3142 honore
603 3087 757 3157 apud
808 3103 1012 3143 omnes
1064 3093 1306 3144 ornatus
1354 3094 1479 3144 est:
1532 3106 1637 3144 nec
1679 3090 1993 3162 quisquam

344 3175 537 3231 adhuc
567 3175 808 3244 exstitit,
832 3176 930 3246 qui
954 3175 1129 3231 vitam
1154 3176 1339 3248 ipsius
1369 3178 1721 3248 exposuerit,
1747 3195 1812 3233 ac
1845 3180 1993 3234 serie

344 3264 601 3336 quadam
632 3268 690 3318 et
719 3263 921 3318 ordine
954 3281 1045 3319 res
1091 3265 1219 3335 ejus
1250 3264 1523 3336 praeclare
1571 3271 1765 3337 gestae
1796 3271 1853 3321 et
1881 3267 1994 3321 vir-

347 3356 504 3408 tutes
533 3353 605 3407 ad
637 3368 744 3407 nos
764 3350 951 3423 ipsius
973 3356 1235 3423 posteros
1255 3354 1649 3410 transmiserit
1677 3371 1689 3408 :
1718 3357 1998 3425 quemad-

341 3440 585 3495 modum
614 3439 759 3511 ipse,
794 3444 851 3494 et
880 3441 938 3495 in
971 3440 1184 3497 Basilio
1210 3442 1442 3512 Magno,
1472 3447 1529 3497 et
1560 3442 1619 3496 in
1648 3442 1777 3497 aliis
1811 3444 1996 3499 beatis

342 3527 632 3599 episcopis
662 3533 720 3583 et
749 3528 1126 3600 martyribus,
1151 3530 1328 3585 vitam
1355 3531 1619 3601 ipsorum
1650 3538 1994 3603 argumento

341 3615 567 3687 integro
588 3620 933 3686 prosecutus
957 3617 1249 3687 prmetitit.
1277 3618 1539 3673 Primum
1566 3619 1802 3690 quidem
1837 3619 1999 3674 nulla

342 3701 564 3757 ratione
591 3702 920 3758 venerando
966 3703 1137 3769 Patri,
1188 3703 1326 3759 huic
1360 3703 1641 3759 nimirum
1690 3706 1997 3760 nobiscum

340 3790 688 3857 considenti,
721 3792 1013 3847 adversari
1046 3797 1334 3864 poteram,
1363 3793 1463 3865 qui
1495 3794 1844 3862 orationem,
1875 3794 2000 3849 vel-

345 3883 411 3934 ut
439 3878 596 3935 aliud
629 3880 925 3951 quoddam
957 3879 1242 3949 debitum,
1285 3881 1569 3953 exigebat,
1621 3887 1677 3936 et
1707 3883 1777 3937 ad
1812 3883 1999 3938 sancti

343 3966 605 4039 Gregorii
637 3966 839 4023 laudes
884 3968 1263 4026 celebrandas
1316 3975 1559 4041 paterna
1608 3975 1665 4026 et
1697 3969 1866 4027 herili
1897 3989 1998 4027 au-

345 4055 610 4111 ctoritate
639 4055 815 4111 etiam
865 4061 1035 4127 atque
1080 4057 1259 4113 etiam
1307 4058 1613 4122 excitabat,
1659 4060 1904 4129 sibique,
1939 4064 2003 4115 ut

346 4158 570 4198 morem
600 4158 884 4214 gererem,
909 4144 1257 4217 imperabat,
1284 4163 1463 4216 seque
1487 4147 1745 4218 alioquin
1771 4147 2000 4203 nullum

417 4296 495 4369 (1)
556 4296 712 4373 Libri
791 4301 1176 4373 manuscripti
1256 4302 1475 4360 habent
1550 4308 1846 4373 Ναζιανζοῦ
1900 4307 1999 4363 sed

345 4369 660 4451 Gregorius
677 4386 981 4451 nunquam
1017 4369 1125 4451 [uit
1146 4373 1456 4451 episcopus
1496 4369 1916 4451 Nazianzenus,
1940 4384 2003 4451 ut

344 4440 876 4518 demonstravimus
903 4442 965 4518 in
1016 4440 1436 4518 Dissertatione
1468 4448 1698 4518 praevia.
1754 4440 2001 4504 Sasimis

346 4510 808 4601 fuitd‘esi‘gnatu‘s
825 4514 1136 4601 episcopus
1152 4534 1165 4583 ;
1182 4510 1541 4601 Nazianzeno
1554 4520 1825 4601 episc0po
1854 4521 2001 4591 patri

348 4596 455 4662 suo
485 4581 671 4662 factus
700 4588 789 4637 est
814 4581 1118 4662 coadjutor
1141 4581 1159 4642 ε’
1200 4591 1257 4642 at
1306 4581 1997 4662 Constantinopolis'tan-

347 4658 473 4733 tum
494 4652 726 4724 publico
752 4652 1038 4733 praeconio
1062 4662 1458 4733 proclamatus
1480 4652 1789 4733 episcopus
1818 4680 2003 4729 ;erro-

340 4741 415 4805 re
438 4727 633 4805 tamen
666 4726 1192 4805 antiquo_vocatur
1221 4726 1635 4805 Aljazianze'nus
1668 4726 1999 4805 episcopus.

350 4794 494 4850 Vide
525 4794 834 4852 Baroniurn
867 4800 939 4854 ad
972 4816 1193 4855 annum
1217 4801 1342 4856 371.

422 4866 495 4937 (2)
525 4866 619 4922 Sic
652 4868 809 4923 Colb.
862 4871 915 4933 1,
943 4871 999 4937 2,
1031 4876 1088 4927 et
1134 4872 1335 4927 Comb.
1369 4873 1463 4927 Sic
1510 4877 1567 4929 et
1596 4875 1721 4929 cod.
1771 4875 1865 4929 DD
1921 4875 1998 4931 du

350 4931 571 5011 Poir'ier
599 4931 995 5011 Turonensis,
1023 4942 1398 4998 Ambmsiani.
1441 4944 1593 4999 doct.
1646 4946 1796 5000 med.
1834 4947 1997 5001 Mon-
2029 4931 2071 4998 Ο

351 5005 490 5087 tisp:
523 5006 624 5075 qui
652 5012 838 5087 varias
870 5005 1106 5087 codicis,
1131 5030 1317 5087 quem_
1341 5030 1455 5084 prae
1478 5016 1753 5072 manibus
1777 5016 1999 5087 habuit,

352 5075 991 5156 lectionestransrnisit
1031 5075 1247 5139 domno
1295 5075 1599 5156 Louvard:
1651 5084 1806 5143 hunc
1838 5075 1999 5143 dein:

358 5163 493 5238 cepe
542 5150 800 5207 codicem
860 5154 1303 5227 designabimus
1362 5155 1558 5212 littera
1613 5158 1673 5212 P.
1737 5159 1795 5213 In
1857 5161 1996 5215 edit.

354 5236 514 5278 υμας.

554 5290 855 5372 Γρηγόριος
990 5296 1166 5372 πάνυ,
1289 5302 1394 5372 τῆς
1432 5298 1734 5372 ,θεολογίας
1794 5298 1998 5354 ἐπώνυ-

352 5359 618 5441 (12:,th
667 5359 773 5441 est,
824 5359 1191 5441 κατ’μᾷξοχήν
1223 5367 1251 5420 ὁ
1282 5359 1562 5440 θεολόγος,
1620 5359 1745 5436 seu,
1798 5378 1861 5427 ut
1901 5390 1999 5428 ex-

348 5428 534 5513 pllicat‘
553 5428 925 5513 Sophro‘nius
941 5428 1471 5513 Hierosolymorum
1495 5428 1849 5513 patriarcha,
1877 5444 1997 5513 epi-

347 5499 480 5553 stol.
516 5502 537 5554 1
575 5499 728 5586 apud
766 5506 1031 5562 Photium
1063 5509 1122 5563 in
1161 5499 1424 5567 Bibliolh.
1452 5528 1465 5568 :
1497 5499 1554 5568 ³0
1581 5519 1679 5581 τῆς
1710 5499 1996 5587 θεολῆγῖας

356 5588 726 5638 μυσταγωγος.

417 5641 494 5711 (4)
524 5641 639 5702 Cod
674 5650 733 5701 P.
770 5646 827 5701 in
861 5652 996 5704 nota
1028 5667 1211 5722 marg.
1245 5652 1529 5725 τράπεζαν,
1561 5672 1825 5711 mensam.

2099 2313 2184 2360 νυ,
2216 2294 2244 2347 ὁ
2268 2298 2371 2360 τῆς
2404 2289 2687 2367 θεολογίας
2740 2289 3025 2361 ἰπώνυμος
3074 2292 3173 2362 (3),
3207 2288 3282 2350 εἷς
3312 2290 3410 2357 τὴν
3456 2310 3764 2361 πνευματι-

2100 2382 2200 2449 κὴν
2250 2377 2564 2434 πανδαισίαν
2615 2381 2693 2452 (4)
2739 2382 2845 2432 τῶν
2897 2376 3097 2452 λόγων·
3148 2378 3431 2452 πρόκειται
3488 2374 3546 2431 δὲ
3593 2378 3763 2441 αὐτὸς

2102 2466 2266 2529 ἅϋλος
2314 2468 2569 2542 καρυκεία
2618 2470 2715 2539 (5),
2761 2466 2851 2520 καὶ
2899 2466 3076 2542 τρυφὴ
3125 2467 3327 2543 φθορᾶς
3376 2465 3587 2535 ἁπάσης
3619 2466 3769 2539 ὑψη-

2102 2554 2319 2631 λοτέρα.
2355 2557 2443 2623 Μὴ
2478 2556 2792 2627 θαυμάσητε
2826 2552 2902 2621 δὲ,
2936 2554 2982 2609 εἰ
3030 2555 3166 2627 πρὸς
3216 2558 3470 2608 τοσοῦτον
3504 2557 3582 2626 (6)
3625 2556 3764 2626 θράτ

2102 2666 2231 2706 σους
2263 2643 2512 2714 ἐξῆλθον,
2562 2644 2636 2704 ὡς
2686 2643 2777 2697 καὶ
2825 2650 2924 2712 τῆς
2957 2642 3157 2705 οἰκείας
3208 2641 3505 2713 ἀσθενείας,
3537 2642 3625 2696 καὶ
3658 2645 3765 2711 τῆς

2102 2732 2307 2788 ἐκείνου
2359 2729 2731 2806 μεγαλοφυΐας
2780 2729 3157 2803 ἐπιλελῆσθαι,
3188 2732 3247 2793 ὃς
3294 2729 3384 2785 διὰ
3412 2732 3473 2785 τὸ
3502 2738 3600 2799 τῆς
3629 2731 3765 2807 ἀρε-

2100 2828 2202 2890 τῆς
2232 2816 2522 2895 ἀπρόσιτον
2560 2820 2726 2895 μέχρι
2775 2827 2877 2888 τῆς
2928 2822 3165 2895 σήμερον
3214 2818 3403 2894 ὀλίγου
3433 2817 3541 2873 δεῖν
3570 2824 3762 2893 σιωπῇ

2101 2912 2226 2985 παρ’
2278 2910 2441 2964 ἅπασι
2501 2912 2578 2981 (7)
2624 2908 2930 2981 τετίμηται·
2992 2908 3082 2962 καὶ
3141 2905 3319 2969 οὐδεὶς
3376 2904 3767 2962 ἀποδέδεικται

2100 3001 2198 3067 τῆς
2233 2997 2398 3052 αὐτοῦ
2428 2995 2711 3057 πολιτείας
2768 2997 3053 3073 ὑφηγητὴς
3101 2994 3189 3050 καί
3240 2993 3591 3064 διδάσκαλος,
3625 2996 3766 3050 ἀκο-

2104 3085 2295 3156 λουθίᾳ
2360 3086 2467 3140 τινὶ
2524 3084 2614 3139 καὶ
2670 3084 2814 3154 τάξει
2880 3084 2948 3139 τὰ
3002 3088 3082 3154 τῷ
3140 3081 3292 3159 ἀνδρὶ
3350 3085 3760 3157 κατωρθωμένα

2102 3175 2469 3246 παραπέμψας
2518 3175 2653 3245 ἡμῖν
2690 3178 2807 3233 τοῖς
2864 3172 3171 3244 μετέπειτα,
3218 3170 3397 3247 ὥσπερ
3450 3171 3607 3233 αὐτὸς
3660 3192 3769 3226 πε-

2102 3262 2352 3333 ποίηκεν,
2404 3260 2493 3317 ἐπί
2541 3282 2599 3315 τε
2645 3260 2913 3332 Βασιλείῳ
2970 3265 3049 3331 τῷ
3108 3260 3353 3335 Μεγάλῳ
3406 3261 3495 3314 καὶ
3556 3261 3773 3335 ἑτέροις

2108 3350 2395 3423 μακαρίοις
2445 3349 2805 3419 ἐπισκόποις,
2847 3349 2938 3403 καὶ
2992 3347 3271 3423 μάρτυσιν
3326 3346 3465 3418 ὅλην
3518 3348 3773 3403 ὑπόθεσιν

2102 3441 2193 3494 τὸν
2229 3439 2345 3513 βίον
2398 3439 2574 3493 αὐτῶν
2624 3441 2702 3511 (8)
2755 3437 3172 3509 ἐνστησάμενος.
3222 3436 3401 3491 Ἀλλὰ
3441 3442 3635 3511 πρῶτα
3691 3440 3775 3510 (9)

2110 3528 2203 3599 μὶν
2237 3527 2344 3602 οὐχ
2376 3526 2488 3581 οἶόν
2532 3548 2591 3581 τε
2633 3529 2699 3595 ἧν
2750 3524 3048 3601 ἀντιλέγειν
3094 3525 3266 3597 τιμίῳ
3298 3528 3604 3599 γεννήτορι,
3636 3526 3772 3580 τού-

2106 3638 2187 3687 τῳ
2219 3614 2284 3684 δὴ
2316 3620 2394 3686 τῷ
2423 3615 2515 3669 σὺν
2569 3618 2703 3686 ἡμῖν
2752 3616 2863 3688 (10)
2917 3612 3099 3668 ἐνθάδε
3146 3611 3544 3688 καθιδρυμὲνῳ,
3585 3613 3773 3689 ὥσπερ

2110 3702 2250 3759 ἄλλο
2280 3725 2331 3757 τι
2365 3706 2530 3779 χρὲος
2562 3704 2878 3757 ἀπαιτοῦντι
2927 3702 3054 3764 τοὺς
3102 3700 3325 3775 λόγους,
3358 3701 3446 3755 καὶ
3497 3701 3635 3777 πρὸς
3667 3704 3777 3771 τὴν

2105 3796 2203 3845 τοῦ
2237 3792 2379 3855 θείου
2414 3791 2721 3867 Γρηγορίου
2772 3791 3067 3867 εὐφημίαν,
3121 3790 3241 3845 λίαν
3274 3794 3631 3865 παρορμῶντι
3664 3811 3777 3845 πα-

2105 3884 2306 3953 τρικῶς
2339 3900 2396 3934 τε
2424 3879 2513 3934 καὶ
2555 3878 2911 3949 δεσποτικῶς,
2962 3880 3059 3945 τὴν
3114 3878 3355 3946 ὑπακοὴν
3407 3876 3776 3950 ἐγκελευομέ-

2107 3991 2206 4041 νῳ,
2256 3968 2345 4022 καὶ
2395 3968 2457 4023 οὐ
2513 3970 2762 4041 μεθήσειν
2815 3965 3220 4037 ἐπαπειλοῦντι,
3272 3966 3361 4020 καὶ
3407 3973 3509 4035 τῆς
3565 3966 3641 4029 εἷς
3674 3966 3779 4037 ἐμὲ

2107 4058 2414 4132 γεννήσεως
2459 4079 2517 4111 τε
2563 4057 2654 4111 καὶ
2698 4063 2907 4133 τροφῆς
2964 4057 3165 4125 ταύτην
3199 4052 3468 4109 ἀντίδοσιν
3521 4055 3778 4128 εἰσπρατ-

2106 4145 2341 4218 τομένῳ·
2394 4142 2578 4200 ἔπειτα
2617 4142 2743 4200 οὐδὲ
2791 4144 2939 4201 ὅσιον
2990 4145 3105 4218 (11)
3157 4140 3305 4198 δοκεῖ
3357 4163 3454 4214 μοι
3500 4143 3775 4213 τοσαύτης

3114 4303 3137 4323 ’ρ

2180 4305 2257 4378 (5)
2289 4306 2426 4361 Cod.
2471 4306 2530 4362 P.
2581 4306 2641 4361 in
2696 4310 2816 4361 not.
2871 4320 3057 4377 marg.
3108 4303 3342 4378 ἄρτυμα,
3398 4299 3703 4378 ὀψοφαγία,
3738 4301 3775 4371 ἢ

2180 4322 2257 4377 (0)
2289 4322 2426 4361 uoo.
2471 4322 2530 4362 ν.
2581 4323 2641 4361 1n
2696 4322 2816 4361 nom.
2871 4322 3057 4377 marg.
3108 4322 3141 4357 α
3178 4322 3342 4374 τυμα,
3398 4322 3703 4378 οψοφαγια,
3738 4322 3774 4371 η

2109 4372 2311 4445 ἠδύτης
2344 4380 2449 4430 τῶν
2487 4380 2684 4447 ζωμῶν
2718 4378 3093 4449 pulmentum,
3116 4322 3433 4449 diiiciosum
3464 4376 3774 4449 opsonium,

2098 4444 2386 4520 jusculum
2406 4444 2646 4521 jucwidz'
2674 4444 2917 4521 soporis.
2950 4447 3096 4512 Quid
3147 4447 3226 4521 sit
3250 4444 3531 4521 καρυκεία,
3565 4446 3777 4500 docent

2111 4517 2843 4591 vulgares'lexicographi,
2904 4518 3022 4573 imo
3079 4522 3137 4591 et
3187 4517 3526 4591 Favorinus,
3580 4534 3614 4571 a
3653 4533 3771 4591 quo

2109 4586 2427 4663 et_doctiss.
2462 4586 2837 4663 Duca'ngi'usj
2889 4594 2949 4663 at
2993 4588 3134 4663 quid
3184 4604 3381 4663 revera
3411 4586 3775 4663 sit_:_ca_pw.e_ta

2111 4659 2300 4727 ἄυλος,
2337 4668 2399 4716 ut
2431 4679 2547 4717 non
2580 4659 2848 4728 docuere,
2882 4660 2965 4715 sic
2994 4659 3051 4715 et
3076 4660 3454 4714 doctissimus
3482 4659 3769 4713 Billiusin

2110 4733 2372 4788 versione
2395 4750 2502 4788 sua
2524 4751 2636 4789 non
2665 4733 2877 4805 attigit.
2901 4732 3027 4805 Non
3052 4730 3120 4785 R.
3150 4734 3214 4784 Ρ.
3238 4730 3569 4805 Combeﬁsii
3595 4730 3773 4785 inter-

2113 4805 2493 4875 pretationem
2524 4801 3165 4860 versionivinseruinus.
3201 4801 3389 4857 Aliam
3434 4806 3773 4873 proponunt

2114 4880 2330 4930 veteres
2363 4876 2502 4929 edit.
2537 4892 2782 4947 nempe:
2827 4876 2940 4946 Ipse
2970 4876 3031 4928 in
3058 4875 3243 4947 cibum
3284 4876 3542 4929 maleriae
3572 4887 3772 4947 exper-

2109 4950 2216 5002 tem
2272 4948 2520 5017 oﬂ'ertur,
2577 4944 2909 5019 epulumque
2981 4946 3330 5016 corruptione
3382 4947 3536 4999 omni
3589 4944 3770 4998 subli-

2113 5035 2276 5072 mltlS.

2182 5090 2254 5157 (6)
2290 5089 2427 5144 Cod.
2462 5088 2555 5144 Or.
2585 5088 2763 5145 habet
2791 5084 3059 5157 τοσούτῳ.

2240 5162 2255 5230 )
2285 5160 2443 5232 Golb.
2480 5165 2537 5215 et
2567 5161 2765 5216 Comb.
2801 5160 3002 5232 legunt
3032 5157 3177 5232 παρά
3207 5162 3357 5211 πᾶσι.

2202 5228 2258 5297 8)
2290 5229 2471 5285 Αὐτῶν
2505 5233 2668 5288 deest
2698 5232 2757 5287 in
2791 5228 2919 5287 cod.
2952 5228 3121 5285 Colb.
3145 5233 3181 5284 2
3209 5234 3267 5285 et
3295 5228 3494 5283 Comb.

2179 5304 2253 5373 (9)
2282 5304 2420 5373 Cod.
2455 5303 2611 5359 Colb.
2650 5306 2674 5359 1
2710 5308 2766 5359 et
2808 5307 2934 5359 Cor.
2965 5304 3207 5373 πρῶτον,
3258 5302 3395 5357 Cod.
3448 5303 3511 5354 P.
3544 5300 3763 5369 πρῶτον

2152 5370 2203 5426 ἓν
2238 5370 2299 5425 οὐ
2342 5370 2586 5430 δύνατον.

2111 5394 2203 5444 μεν
2238 5394 2299 5425 0'.)
2342 5394 2586 5430 ουνατον.

2179 5445 2290 5513 (l0)
2328 5450 2407 5499 Ita
2440 5446 2598 5501 Colb.
2638 5448 2685 5511 1,
2719 5448 2774 5510 2,
2808 5444 2903 5500 Or.
2936 5448 2993 5499 et
3021 5441 3221 5513 Comb.
3257 5442 3320 5495 in
3362 5440 3503 5513 edit.
3540 5438 3691 5509 ὑμῖν.

2178 5517 2291 5583 (11)
2321 5516 2476 5571 Colb.
2510 5519 2543 5571 ‘3
2573 5523 2625 5571 et
2659 5518 2860 5572 Comb.
2893 5516 3112 5570 habent
3142 5512 3310 5583 ὅσιον.
3344 5511 3505 5569 Colb.
3544 5513 3595 5583 1,
3626 5513 3683 5581 2,
3706 5512 3768 5566 et

2104 5581 2304 5641 Conib.
2340 5583 2487 5640 δοκεῖ
2519 5590 2575 5643 in
2610 5588 2749 5645 c-Jit.
2784 5590 2888 5640 τῶν
2922 5585 3082 5641 ὁσίων
3113 5581 3307 5643 ἐδόκει.
