4100 6462
351 404 465 466 245

1375 409 1743 472 AUCTORE
1790 411 2187 473 GREGOlth
2237 412 2782 497 PRESBYTERO.

3668 409 3787 469 246

353 540 500 610 ἡμᾶς
536 537 736 612 ἀρετῆς
768 536 1070 615 ἀλογῆσαι,
1103 541 1161 611 ἢ,
1194 545 1269 613 τῷ
1317 539 1418 617 βίῳ
1465 540 1850 617 προτιθεμένη,
1883 541 1992 597 πολ

2141 545 2387 618 urgendi
2417 546 2593 600 ﬁnem
2628 546 2918 600 facturum
2953 542 3307 609 minabatur,
3327 545 3503 614 atque
3524 542 3673 598 hanc
3699 541 3789 597 in—

356 624 490 689 λοὺς
523 628 582 682 ἃν
617 630 982 705 προτρέψειεν
1025 630 1101 691 εἷς
1146 632 1244 700 τὴν
1301 629 1555 703 μίμησιν,
1588 630 1678 685 καὶ
1728 630 1828 687 οὐκ
1879 631 2018 686 ἐάσει

356 718 419 772 τὸ
475 716 645 772 καλὸν
709 718 969 789 ἐξίτηλον
1030 722 1141 792 (12)
1201 722 1469 796 γενέσθαι,
1503 718 1691 797 λόγοις
1734 726 1851 783 τοῖς
1900 723 2019 786 καθ’

360 808 577 882 ἡμέραν
610 808 1122 881 καινοποιοῦμενον.

2132 634 2305 690 dultze
2340 634 2482 689 mihi
2531 633 2776 707 originis
2820 632 3300 703 educationisque
3347 631 3673 687 mercedem
3707 631 3789 687 ef-

2133 723 2449 795 ﬂagitabat.
2484 722 2724 792 Deinde,
2776 737 2847 777 ne
2902 721 3063 793 pium
3111 720 3348 793 quidem
3401 724 3459 776 et
3507 720 3592 775 fas
3642 721 3787 776 mihi

2133 828 2260 867 esse
2288 812 2540 879 videtur,
2572 810 2793 865 nullam
2829 814 3002 864 tantae
3033 808 3267 863 virtutis
3299 808 3583 864 rationem
3616 809 3789 865 habe-

363 912 448 966 re,
474 915 623 969 quae,
657 898 706 953 si
735 898 869 953 vitae
902 899 1171 954 humanae
1204 903 1640 971 pr0poneretur,
1675 900 1891 957 multos
1926 902 2171 957 fortasse
2201 901 2272 957 ad
2305 900 2733 956 aemulationem
2766 902 3127 970 provocarat,
3150 914 3256 953 nec
3284 898 3559 953 virtutem
3592 898 3783 970 ipsam

362 987 545 1044 dilabi
580 992 757 1059 atque
787 1004 1130 1043 evanescere
1162 988 1398 1056 sineret,
1433 989 1790 1060 quotidianis
1823 989 2107 1048 nimirum
2142 989 2513 1045 sermonibus
2545 988 2793 1043 subinde
2825 987 3304 1042 efﬂorescentem.

435 1088 578 1162 Φέρε
627 1084 694 1154 δὴ
746 1084 855 1155 οὖν,
905 1088 1005 1156 τὴν
1058 1082 1326 1157 ἀναϐολὴν
1384 1084 1738 1161 ἀποθέμενος,
1788 1088 2013 1164 ἀπαρχῇ

358 1181 470 1230 τῶν
528 1175 674 1247 ἐμῶν
736 1174 938 1250 λόγων,
975 1176 1086 1231 οἷόν
1147 1198 1257 1231 τισι
1312 1175 1656 1253 νεοδρέπτοις
1715 1180 2011 1253 γεννήμασι

360 1266 690 1341 στεφανώσω
737 1265 825 1317 τὸν
875 1263 1167 1339 Θεολόγον,
1203 1265 1246 1320 εἷ
1292 1267 1379 1320 καὶ
1426 1273 1525 1335 τῆς
1575 1266 1722 1337 ἀξίας
1768 1265 2015 1321 καταδεέ-

360 1374 550 1429 στερον
583 1354 713 1427 (13),
748 1351 893 1408 ἀλλὰ
923 1360 1022 1422 τῆς
1064 1352 1371 1427 προθυμίας
1404 1352 1556 1409 οὐδὲν
1615 1355 1893 1411 ἐλλεῖπον.
1926 1356 2013 1409 Οἴ-

369 1464 470 1514 μαι
522 1439 599 1514 δὲ,
630 1442 699 1504 ὡς
751 1441 803 1496 ἐν
850 1448 981 1497 πᾶσι
1027 1440 1235 1505 τέλειος
1286 1444 1313 1497 ὁ
1359 1445 1513 1518 ἀνὴρ,
1564 1445 1653 1499 καὶ
1702 1449 1864 1500 τοῦτο
1919 1467 2011 1518 με·

364 1530 579 1606 τριάσει
624 1530 709 1584 τὸν
761 1533 888 1605 παρ’
918 1530 1052 1604 ἐμοῦ
1085 1528 1321 1587 ἔπαινον
1356 1532 1541 1603 ἐπειδή
1593 1536 1680 1589 καὶ
1729 1532 1863 1612 φίλα
1908 1556 2010 1589 πα-

364 1621 523 1693 τράσι
554 1620 620 1673 τὰ
646 1623 750 1673 τῶν
783 1619 995 1689 νηπίων
1028 1619 1393 1693 ψελλίσματα,
1429 1622 1479 1692 ἐξ
1509 1622 1741 1701 ἀτέχνου
1778 1622 2012 1696 μάλιστα

358 1707 628 1782 προϊόντα
649 1714 748 1776 τῆς
779 1705 1037 1778 διανοίας,
1068 1710 1103 1778 ἢ
1134 1713 1242 1763 τῶν
1290 1710 1515 1765 τελείων
1559 1713 1610 1765 οἱ
1664 1706 2009 1787 ἐμϐριθέστε-

359 1817 446 1870 ροι
494 1798 609 1869 (14)
657 1797 816 1871 λόγοι
863 1797 952 1851 καὶ
993 1799 1059 1851 τὰ
1105 1794 1311 1874 σοϐαρά
1360 1797 1789 1876 λαρυγγίσματα.
1823 1802 2008 1856 Ἔσται

356 1882 416 1939 δὲ
449 1884 595 1957 αὖτῷ
625 1885 713 1939 καὶ
734 1886 1213 1960 οἶκειοτάτη(15)ἠ
1240 1885 1328 1942 διὰ
1357 1892 1462 1943 τῶν
1496 1886 1678 1964 λόγων
1711 1893 1845 1963 τιμή
1872 1893 2005 1965 (16).

2194 1095 2316 1162 Age
2348 1090 2545 1162 igitur,
2588 1088 2960 1145 cunctatione
3000 1087 3163 1143 omni
3193 1086 3407 1159 posita,
3439 1103 3779 1143 sermonum

2124 1196 2389 1236 meorum
2422 1178 2719 1251 primitiis,
2762 1177 2931 1249 quasi
2973 1176 3259 1232 fructibus
3307 1176 3663 1247 quibusdam
3690 1193 3780 1233 re-

2124 1285 2259 1326 cens
2294 1269 2605 1340 decerptis,
2638 1284 2911 1323 coronam
2941 1264 3232 1338 Theologo
3264 1271 3517 1333 nectam,
3562 1266 3612 1321 si
3648 1265 3778 1337 qui-

2123 1359 2255 1413 dem
2287 1357 2447 1413 illius
2493 1357 2701 1412 merito
2750 1373 2815 1411 ac
2865 1355 3135 1428 dignitati
3182 1355 3489 1426 imparem,
3535 1359 3594 1411 at
3624 1360 3778 1410 certe

2120 1447 2343 1502 viribus
2376 1446 2611 1514 nostris,
2646 1445 2946 1517 animique
2970 1444 3289 1511 alacritate,
3312 1443 3775 1515 haudquaquam

2120 1535 2480 1592 inferiorem.
2530 1537 2609 1591 Ac
2644 1536 2909 1590 futurum
2945 1534 3170 1606 opinor,
3215 1538 3279 1588 ut
3309 1532 3396 1587 vir
3424 1532 3544 1600 ille,
3568 1549 3776 1603 quem—

2120 1626 2437 1681 admodum
2471 1625 2528 1679 in
2561 1624 2836 1679 omnibus
2856 1622 3142 1692 perfectus
3172 1626 3280 1691 est,
3300 1620 3379 1677 ita
3408 1621 3777 1692 quoquelau-

2120 1715 2415 1770 dationsm
2474 1714 2624 1768 hanc
2682 1718 2943 1767 nostram
3003 1727 3168 1781 aequo
3228 1710 3424 1766 animo
3489 1711 3768 1782 accipiat:

2120 1803 2597 1875 quandoquidem
2621 1806 2679 1856 et
2699 1799 3153 1856 balbutientium
3172 1799 3486 1854 infantium
3509 1815 3772 1856 sermun-

2118 1892 2255 1961 culi,
2290 1908 2324 1946 a
2352 1891 2609 1963 simplici
2641 1890 2893 1945 maxime
2924 1888 3119 1944 animo
3151 1889 3528 1959 prodeuntes,
3562 1905 3770 1960 paren-

357 1975 450 2035 Οἷς
481 1974 585 2049 γὰρ
615 1970 838 2037 ἕκαστος
888 1972 1096 2045 ἥδεται,
1129 1976 1341 2038 τούτοις
1394 1974 1573 2048 δήπου
1619 1979 1710 2033 καὶ
1758 1980 2000 2052 τιμώμε-

2121 1981 2275 2037 tibus
2308 1980 2690 2051 jucundiores
2741 1994 2869 2035 esse
2925 1977 3132 2048 solent,
3182 1993 3360 2049 quam
3412 1976 3770 2033 robustiores

353 2084 446 2125 νος
502 2065 759 2138 γάννυται
790 2066 924 2136 (17).
958 2066 1054 2118 Καὶ
1115 2065 1159 2119 εἰ
1218 2070 1319 2134 ζῶν
1376 2064 1451 2121 ἔτι
1513 2069 1562 2141 (1
1608 2070 1626 2141 )
1679 2073 2005 2140 σωματικῶς

352 2152 565 2207 πάντων
615 2154 910 2226 κτημάτων
966 2152 1091 2216 τοὺς
1156 2154 1355 2231 λόγους
1414 2153 1714 2226 ἠλλάξατο,
1760 2157 1846 2211 καὶ
1907 2159 2008 2226 τήν

350 2240 542 2316 σοφίαν
611 2236 922 2314 περιλαϐὼν
987 2243 1076 2297 καὶ
1145 2242 1385 2317 ἐρασθεὶς
1444 2244 1635 2315 αὐτῆς,
1684 2246 1771 2301 καὶ
1828 2268 2007 2321 τηρη-

349 2330 460 2391 θεῖς
514 2330 602 2384 ὑπ’
652 2330 838 2401 αὐτῆς,
890 2337 1271 2407 παροιμιακῶς
1332 2332 1517 2387 εἰπεῖν·
1569 2339 1684 2396 πῶς
1730 2335 1879 2410 οὐχὶ,
1913 2336 2003 2390 καὶ

355 2423 464 2472 τῶν
516 2416 647 2491 τῇδε
690 2417 1059 2497 ἀπολειφθεὶς,
1110 2420 1200 2475 καὶ
1268 2422 1407 2498 πρὸς
1464 2424 1560 2491 τὴν
1632 2424 1863 2496 καθαρὰν
1914 2424 2002 2479 καὶ

362 2509 622 2585 φρονήσει
667 2506 1067 2577 πλησιάζουσαν
1121 2512 1264 2579 ζωὴν
1338 2512 1698 2584 μεταθέμενος
1744 2513 1811 2567 τὰ
1865 2534 2002 2589 παρ-

358 2595 510 2663 όντα,
540 2595 745 2658 το·3τοις
772 2597 1067 2671 γαυροῦται
1105 2618 1164 2652 τε
1192 2596 1357 2652 πλέον
1390 2602 1503 2672 (19)
1534 2600 1622 2654 καὶ
1668 2599 1959 2676 ἀγάλλεται
1986 2621 2000 2671 ;

353 2686 527 2755 Ὑμᾶς
585 2681 638 2738 δὲ
701 2685 980 2758 αἰτοῦμαι,
1042 2688 1085 2740 ὦ
1142 2687 1260 2763 ἱερὰ
1328 2690 1651 2763 πανήγυρις,
1716 2692 1789 2762 μή
1864 2691 2001 2766 πρὸς

348 2768 629 2849 ἀκρίϐειαν
674 2775 737 2828 τὸ
775 2774 985 2842 πλῆθος
1032 2780 1139 2829 τῶν
1188 2776 1375 2849 ἐκείνῳ
1424 2778 1871 2853 κατωρθωμένων
1921 2777 2001 2833 δι-

350 2868 686 2937 ερευνᾶσθαι·
716 2866 931 2934 πρῶτον
970 2864 1088 2935 μέν,
1121 2861 1203 2917 ὅτι
1238 2865 1311 2935 μή
1366 2865 1482 2918 κατ’
1513 2862 1651 2936 ἐμὴν
1704 2862 1929 2938 δύναμιν
1963 2865 1997 2933 ἢ

354 2950 688 3024 ὑποσχέσθαι
732 2955 919 3023 τοῦτο,
972 2951 1007 3019 ἢ
1059 2951 1419 3015 ἀπαιτεῖσθαι’
1467 2948 1671 3026 ἔπειτα,
1724 2952 1807 3008 ὅτι
1859 2952 2001 3027 μηδέ

348 3060 431 3100 τις
460 3039 527 3093 τὰ
555 3040 672 3092 κατ’
706 3038 862 3094 αὐτὸν
892 3042 1025 3112 ἡμῖν
1074 3061 1241 3116 γεγρα
1255 3041 1358 3105 φὼς
1408 3041 1819 3097 καταλέλοιπεν·
1853 3042 2001 3099 ἀλλὰ

351 3126 625 3204 σποράδην
661 3126 720 3182 ἐκ
748 3133 850 3183 τῶν
887 3129 1048 3183 αὐτοῦ
1079 3128 1341 3200 συλλέξας
1399 3129 1579 3206 λόγων
1630 3135 1697 3186 τὰ
1738 3135 1853 3187 κατ’
1902 3133 1996 3186 αὐ-

349 3217 461 3287 τὸν,
501 3222 779 3290 μιμοῦμαι
824 3218 952 3280 τοὺς
1005 3216 1356 3293 λιθολόγους,
1386 3220 1458 3288 οἳ,
1490 3224 1854 3295 κατασμικρὸν
1903 3222 1998 3283 τὰς

2116 2070 2451 2125 adultorum
2502 2084 2828 2136 sermones,
2860 2070 2917 2121 et
2946 2082 3152 2139 graves
3200 2082 3265 2121 ac
3296 2065 3609 2137 phaleratis
3642 2083 3771 2121 ora-

2115 2159 2325 2215 tiones.
2351 2159 2500 2224 Quin
2531 2163 2589 2212 et
2609 2157 2734 2229 ipse
2766 2172 3105 2211 sermonum
3129 2154 3317 2210 honor
3336 2153 3420 2209 illi
3446 2171 3622 2227 quam
3647 2155 3774 2227 pul-

2116 2248 2403 2304 cherrime
2432 2251 2730 2318 congruet.
2766 2245 2990 2310 Quibus
3006 2246 3163 2299 enim
3186 2244 3363 2299 rebus
3392 2244 3643 2323 quisque
3673 2244 3772 2299 de-

2114 2336 2383 2404 lectatur,
2415 2336 2626 2391 iisdem
2667 2350 2902 2406 quoque
2935 2332 3191 2405 profecto
3223 2332 3496 2388 honorari
3528 2331 3773 2389 miriﬁce

2114 2426 2348 2497 gaudet.
2390 2429 2672 2496 Cumque,
2725 2438 3064 2494 corpoream
3117 2421 3310 2477 adhuc
3358 2421 3536 2477 vitam
3571 2437 3772 2494 agens,

2113 2514 2389 2571 doctrinas
2419 2518 2476 2568 et
2505 2511 2845 2583 eloquentiae
2879 2510 3077 2567 studia
3122 2509 3398 2565 omnibus
3429 2508 3642 2581 opib’us
3685 2510 3770 2565 fa-

2112 2603 2546 2673 cultatibusque
2586 2599 2925 2672 praetulerit,
2976 2600 3407 2669 sapientiamque
3452 2599 3766 2669 complexus

2111 2701 2274 2764 atque
2297 2707 2487 2746 amore
2522 2693 2860 2762 prosecutus,
2909 2688 2976 2742 ab
3028 2703 3221 2758 eaque,
3268 2691 3332 2741 ut
3377 2690 3466 2742 est
3512 2686 3572 2741 in
3617 2691 3761 2742 Pro-

2110 2780 2323 2837 verbiis
2371 2781 2436 2848 ⁷⁸,
2486 2786 2835 2835 conservatus
2888 2777 3097 2851 fuerit:
3133 2774 3295 2831 eccui
3351 2776 3587 2831 tandem
3655 2777 3760 2831 du-

2110 2869 2273 2926 bium
2306 2885 2432 2925 esse
2466 2867 2671 2940 possit,
2704 2867 2845 2938 quin
2894 2882 3049 2921 nunc
3077 2882 3329 2936 quoque,
3360 2880 3493 2919 cum
3528 2881 3620 2920 res
3650 2864 3762 2919 hu-

2110 2975 2315 3013 manas
2366 2956 2687 3028 reliquerit,
2736 2972 2803 3011 ac
2840 2958 3186 3026 praesentem
3228 2954 3409 3008 vitam
3451 2968 3588 3007 cum
3620 2970 3771 3024 pura

2108 3045 2209 3102 illa
2231 3063 2296 3102 ac
2336 3044 2734 3116 intelligentiae
2768 3043 3098 3115 propinqua
3127 3040 3526 3111 commutarit,
3560 3039 3771 3098 oratio-

2109 3136 2285 3190 nibus
2335 3140 2392 3190 et
2434 3132 2763 3206 impensius
2811 3131 3028 3203 gestiat
3081 3134 3138 3185 et
3183 3128 3482 3185 exsultet?
3510 3131 3557 3184 A
3604 3128 3769 3184 vobis

2108 3229 2303 3279 autem
2357 3227 2509 3295 peto,
2544 3224 2914 3277 sacrosancte
2966 3222 3168 3289 ccatus,
3195 3234 3267 3274 ne
3296 3217 3579 3272 virtutum
3610 3215 3771 3272 illius

348 3303 591 3382 ψηφῖδας
640 3306 1072 3382 συνηθροικότες,
1119 3308 1196 3370 εἰς
1240 3308 1363 3381 μίαν
1410 3306 1562 3364 οἴειου
1609 3309 2000 3385 συμπλήρωσιν

2121 3311 2560 3367 multitudinem
2599 3309 2932 3365 accuratius
2976 3307 3354 3378 exactiusque
3398 3310 3773 3378 perscrutan-

348 3397 589 3455 ἅπαντας
622 3398 734 3468 (20)
766 3396 1212 3471 συναρμόζουσιν.

2112 3402 2248 3456 dam
2280 3407 2454 3471 atque
2484 3399 2879 3471 indagandam
2904 3396 3145 3469 putet-is.
3175 3395 3458 3465 Primum,
3483 3394 3625 3466 quia
3655 3411 3772 3450 non

349 3501 427 3540 eae
462 3502 600 3540 meae
632 3486 782 3541 vires
810 3492 968 3557 sunt,
1003 3492 1065 3542 ut
1096 3488 1185 3543 vel
1218 3488 1325 3544 hoc
1347 3488 1473 3560 ipse
1502 3488 1764 3561 polliceri
1796 3506 2028 3561 queam,
2058 3489 2145 3545 vel
2179 3508 2276 3545 vos
2309 3507 2343 3544 a
2374 3506 2467 3544 me
2505 3489 2735 3560 exigere
2775 3486 3057 3542 debeatis.
3111 3484 3352 3549 Deinde,
3386 3484 3523 3554 quia
3567 3500 3672 3539 nec
3710 3484 3776 3539 il-

347 3572 464 3628 lius
493 3574 679 3628 vitam
702 3575 1017 3646 quisquam
1053 3575 1265 3631 litteris
1288 3576 1690 3650 consignatam
1724 3578 1891 3633 nobis
1923 3578 2418 3649 reliquit;verum
2451 3578 2638 3649 ipsius
2670 3577 2787 3631 vita
2824 3592 2893 3631 ex
2925 3575 3060 3645 ejus
3090 3572 3328 3644 scriptis
3362 3572 3620 3644 sparsim
3653 3572 3772 3628 col-

347 3660 513 3729 lecta,
544 3661 795 3717 lalomus
828 3663 1042 3730 imitor,
1072 3665 1167 3733 qui
1200 3670 1582 3736 posteaquam
1622 3666 1846 3737 lapides
1881 3667 2161 3737 paulatim
2196 3670 2601 3739 aggesserunt,
2653 3665 2735 3720 ita
2766 3666 3004 3719 demum
3041 3663 3114 3717 ad
3164 3677 3345 3717 unam
3378 3660 3772 3732 eamdemque

342 3751 583 3806 domum
616 3754 1075 3808 construendam
1108 3758 1164 3808 et
1185 3754 1603 3810 absolvendam
1635 3772 1734 3810 eas
1765 3772 1968 3810 omnes
1991 3756 2457 3811 accommodant.

412 3848 589 3921 Ἀρχή
643 3843 699 3900 δέ
745 3851 822 3918 τῷ
870 3846 1016 3922 λόγῳ
1066 3851 1199 3922 (21),
1243 3850 1359 3903 ὅθεν
1408 3848 1666 3923 ἄρχεσθαι
1712 3849 1995 3925 πρεπωδέ-

344 3954 538 3987 στατον
586 3936 717 4007 (22).
760 3935 957 4009 Πατρὶς
1012 3936 1105 4008 μέν
1150 3936 1295 4009 αὐτῷ
1342 3940 1377 4007 ἡ
1430 3936 1649 4015 δευτέρα
1691 3944 1797 3993 τῶν
1850 3942 1997 3995 Καπ-

341 4017 621 4090 παδοκῶν,
655 4022 815 4085 πόλις
851 4022 906 4077 δὲ
936 4025 1231 4094 Ναζιανζός
1261 4030 1392 4100 (23)·
1436 4027 1559 4096 ἥτις
1606 4028 1848 4101 τοσούτῳ
1897 4050 1991 4083 πε-

349 4111 695 4185 ριφανεστέρα
740 4114 952 4187 γέγονεν
1006 4112 1055 4183 ἐξ
1102 4113 1329 4184 ἐκείνου,
1372 4117 1447 4177 ὡς
1500 4118 1665 4193 μέχρι
1712 4116 1994 4193 τερμάτων

346 4203 447 4265 τῆς
480 4196 801 4270 οἰκουμένης
835 4198 904 4254 δι’
934 4199 1135 4256 ἐκεῖνον
1171 4203 1545 4277 γνωρίζεσθαι.
1578 4205 1655 4262 Οὐ
1693 4207 1791 4281 γὰρ
1846 4204 1993 4278 μᾶλ-

343 4284 443 4340 λον
504 4283 575 4340 δι’
622 4285 969 4362 Ἀλέξανδρον
1040 4291 1392 4363 εὐκλεεστάτη
1456 4292 1666 4364 Πέλλη,
1712 4295 1746 4363 ἢ
1792 4294 1990 4368 Πέρσαι

340 4371 432 4428 διὰ
482 4378 656 4450 Κῦρον
710 4378 845 4451 πρὸς
896 4375 1051 4449 δόξαν
1094 4385 1351 4435 τοσοῦτον
1392 4380 1662 4457 ἤρθησαν,
1697 4382 1820 4437 ὅσον
1853 4383 1988 4454 αὕτη

343 4459 433 4516 διὰ
477 4463 570 4517 τὸν
626 4464 791 4539 μέγαν
838 4466 1165 4542 Γρηγόριον.
1197 4472 1359 4524 Ὥστε
1406 4491 1498 4543 μοι
1548 4469 1725 4526 δοκεῖν
1758 4475 1870 4545 (24)
1901 4473 1991 4527 καὶ

341 4550 566 4626 ἀπέχειν
597 4551 761 4623 αὐτὴν
788 4555 856 4609 τὰ
896 4562 1118 4633 τροφεῖα
1165 4554 1254 4613 διὰ
1300 4560 1396 4627 τήν
1450 4559 1643 4635 ἀρετὴν
1694 4564 1790 4615 τοῦ
1840 4560 1990 4617 ὁσίου

411 4706 457 4739 ⁷⁵
487 4706 653 4761 Prov.
687 4724 762 4778 1v,
792 4710 848 4764 6.

413 4858 532 4943 (12)
586 4862 719 4917 Cod.
781 4862 841 4916 P.
909 4861 969 4918 in
1029 4869 1148 4920 not.
1213 4881 1399 4939 marg.
1458 4865 1521 4919 τὸ
1592 4863 1749 4941 ἐγγὺς
1810 4864 1993 4943 ἀφανι-

347 4949 513 5001 σμου.

414 5002 529 5144 (13)
556 5002 690 5059 Cod.
732 5004 828 5060 01-.
863 5001 1266 5081 ὑποδεέστερον.

414 5074 500 5144 (14
575 5075 709 5130 Cod.
763 5076 919 5144 Ptin
969 5083 1088 5132 not.
1122 5096 1266 5144 mar;

411 5074 524 5145 (14)
575 5075 709 5130 Cod.
763 5076 1088 5154 P.nin.n‘o_t.
1122 5074 1307 5154 marg.
1336 5080 1721 5154 στερεώτεροι.
1757 5082 1888 5136 Mox
1918 5082 1991 5137 ad

337 5140 714 5225 ban‘cyocem
750 5140 974 5225 σοϐαρά,
1000 5140 1454 5225 id..cod.vetiam'
1482 5153 1543 5207 in
1565 5140 1685 5209 not.
1719 5170 1901 5225 marg.
1926 5154 1993 5206 τὰ

555 5216 641 5295 ita?
654 5216 863 5295 ﬁrrgtpd
875 5214 1005 5291 μενα
1036 5218 1214 5295 λόγια.

412 5288 525 5359 (15)
557 5290 668 5344 Cod
682 5334 693 5344 .
730 5292 789 5345 P.
804 5288 1143 5361 τιμιωτάτη.

409 5361 523 5439 (1β)
552 5362 612 5439 in
641 5362 779 5439 edit.
815 5380 951 5419 mox
981 5366 1380 5439 sequebantur
1408 5366 1532 5439 haec
1560 5368 1765 5439 verba:
1792 5363 1856 5419 Εἰ
1888 5365 1992 5439 γὰρ

337 5429 401 5483 τὸ
433 5430 631 5485 οἰκεῖον
668 5434 867 5511 ,πιέζει
927 5429 1081 5505 πᾶν,⁵
1110 5437 1246 5490 κατὰ
1300 5433 1592 5511 ῌξνδαρον.
1640 5438 1770 5493 Haec
1821 5429 1995 5493 verba.

339 5520 463 5580 quae
497 5506 872 5577 reperiuntur
902 5511 1051 5580 orat.
1082 5524 1154 5575 1v,
1190 5510 1393 5580 ρ.132,
1428 5506 1663 5579 conjicit
1691 5509 1896 5565 Billius
1926 5526 1993 5565 ex

337 5574 688 5700 glossemate
720 5580 777 5633 in
800 5584 1020 5633 textum
1041 5574 1345 5650 irrepsisse
1365 5598 1377 5635 :
1402 5574 1747 5637 cum'autem
1768 5580 1868 5637 illa
1890 5597 1994 5636 nec

361 5650 539 5700 eznrit
572 5651 625 5700 in
650 5651 826 5700 variis
858 5651 1029 5700 codd.
1048 5667 1151 5700 nec
1169 5652 1226 5700 in
1248 5653 1511 5700 versione.
1528 5669 1634 5700 sna
1666 5653 1989 5700 admiserit-

361 5651 539 5720 _eg~rit
572 5651 626 5705 in
650 5651 826 5706 variis
858 5651 1151 5706 codd.nec
1169 5652 1227 5705 in
1248 5653 1511 5708 versione
1528 5669 1635 5708 sua
1666 5653 1990 5720 admiserit,

340 5718 1022 5794 dolenelajuilicavimus,
1051 5722 1341 5793 siquidem
1373 5725 1586 5782 desunt
1607 5724 1832 5798 inipsis
1848 5718 1995 5796 quos

2176 3851 2467 3907 Orationis
2491 3867 2661 3922 porro
2684 3848 2919 3904 initium
2942 3846 3080 3902 hinc
3109 3847 3413 3915 ducemus,
3447 3844 3604 3901 unde
3635 3860 3764 3901 eam

2105 3940 2397 4012 auspicari
2426 3939 2680 3996 maxime
2718 3939 2966 3993 deceret.
3001 3936 3257 3991 Patriam
3290 3934 3475 4005 igitur
3515 3934 3642 4005 ipse
3672 3949 3763 3988 se-

2104 4031 2359 4085 cundam
2373 4027 2796 4100 Cappadociam
2812 4025 3250 4095 habuit,urbem
3268 4022 3760 4094 Nazianzum(25):

2104 4134 2231 4190 quae
2255 4119 2490 4188 quidem
2513 4119 2584 4173 ab
2608 4133 2673 4185 eo
2688 4115 2828 4171 adeo
2849 4113 3153 4170 nobilitata
3175 4116 3355 4183 est,ut
3368 4116 3605 4183 propter
3626 4127 3763 4167 eum

2103 4208 2177 4263 ad
2209 4212 2498 4262 extremos
2531 4222 2718 4277 usque
2747 4204 2906 4261 orbis
2942 4208 3232 4259 terrarum
3258 4202 3407 4257 ﬁnes
3438 4200 3762 4256 claritatem

2102 4313 2271 4352 suam
2304 4295 2628 4367 protulerit.
2654 4295 2853 4366 Neque
2881 4282 3041 4348 enim
3071 4290 3231 4348 Pella
3259 4291 3331 4346 ob
3362 4289 3763 4345 Alexandrum

2102 4385 2385 4441 celebrior
2415 4388 2522 4451 est,
2555 4388 2657 4439 aut
2688 4383 2870 4437 Persae
2921 4384 3158 4452 propter
3187 4383 3397 4452 Cyrum
3430 4380 3503 4434 ad
3535 4382 3763 4434 tantam

2100 4473 2297 4547 gloriae
2353 4472 2802 4545 splendorisque
2860 4468 3331 4543 magnitudinem
3390 4468 3570 4524 evecti
3601 4472 3759 4539 sunt,

2101 4567 2389 4636 quantum
2411 4562 2533 4618 haec
2557 4566 2794 4634 pr0pter
2816 4576 3098 4632 magnum
3126 4557 3472 4631 Gregorium
3490 4560 3762 4614 assecuta

2098 4868 2359 4924 vidimus
2391 4866 2693 4923 codicibus
2734 4863 3176 4935 manuscriptis.

2171 4940 2282 5009 (l7)
2314 4940 2452 4994 Cod.
2486 4939 2549 4995 P.
2573 4939 2633 4993 in
2666 4942 2787 4993 not.
2816 4953 3004 5008 marg.
3030 4934 3421 5009 λαμπρύνεται.

2196 5010 2284 5067 18)
2315 5012 2431 5065 Ἔτι
2458 5011 2623 5065 deest
2651 5010 2711 5064 in
2742 5010 2869 5065 cod.
2898 5014 2994 5066 Or.

2198 5069 2282 5148 19)
2317 5085 2403 5138 Ita
2432 5082 2690 5137 Combef.
2723 5081 2863 5138 Cod.
2907 5082 2968 5137 P.
3016 5074 3229 5138 τούτοις
3272 5076 3375 5151 γὰρ
3428 5073 3472 5128 εἰ
3502 5073 3554 5128 τὶ
3585 5069 3752 5128 πλέον

2103 5156 2164 5211 ln
2196 5154 2334 5209 edit.
2366 5154 2424 5207 τὲ
2455 5155 2636 5209 deest.

2171 5227 2283 5294 (20)
2314 5226 2398 5281 Ita
2427 5226 2555 5280 cod.
2590 5226 2649 5280 Ρ.
2682 5225 2743 5279 ln
2774 5224 2913 5294 edit.
2948 5222 3174 5294 ἅπαντα.

2194 5228 2264 5279 20
2314 5227 2398 5281 Ita
2427 5227 2555 5280 cod.
2590 5227 2649 5280 Ρ.
2682 5227 2743 5279 ln
2774 5227 2913 5278 edit.
2948 5227 3174 5275 ἅπαντα.

2194 5227 2285 5369 21)
2316 5299 2450 5369 Cod.
2488 5297 2547 5351 P.
2582 5296 2771 5369 ,AP'XT‘}
2793 5292 2849 5349 δὲ
2876 5298 2975 5369 τοῦ
3002 5292 3194 5369 λόγου.

2194 5361 2285 5459 22)
2317 5369 2409 5423 Sic
2440 5361 2656 5459 legunt
2674 5361 3226 5459 (ἰὸίξεὶηιοιξῄθξ-ξξζ
3236 5361 3403 5459 9211).
3432 5364 3476 5449 ’1
3521 5361 3755 5459 etfl‘l‘n

2101 5430 2241 5519 edit.
2268 5430 2734 5515 πρεπωδέστερον.
2768 5438 2926 5495 (Jolb.
2949 5440 2974 5494 1
3001 5454 3136 5493 mox
3158 5435 3335 5492 habet
3352 5430 3533 5505 τούτῳ
3564 5431 3756 5507 πατρὶς

2266 4942 2284 5148 ξ

2106 5530 2287 5652 HEE33)
2324 5584 2459 5639 Cod.
2495 5583 2553 5636 P.
2586 5577 2748 5641 πόλις
2781 5577 2838 5634 δὲ
2868 5578 3035 5651 αὐτῷ.

2174 5645 2285 5725 (24)
2318 5656 2472 5709 cius.
2515 5655 2533 5707 1
2572 5658 2626 5708 et
2655 5654 2780 5708 cod.
2816 5655 2877 5709 Ρ.
2911 5645 3073 5706 Ὥστε
3098 5645 3390 5725 μοιλδοκεῖ.

2177 5723 2286 5799 ('35)
2320 5727 2461 5782 Vide
2493 5726 2737 5783 oration.
2770 5731 2847 5782 De
2876 5727 2989 5782 vita
3011 5723 3230 5782 Basilii.
