4100 6418
361 353 483 414 247
1484 364 1678 427 VITA
1722 363 1783 424 S.
1835 361 2205 422 GREGORII
2250 362 2644 426 TllICOLOGI
3687 371 3807 431 248

365 490 474 545 est.
498 486 778 554 Quocirca
806 489 917 564 ipsi
947 508 1181 567 quoque
1220 498 1462 569 prapter
1503 497 1689 553 sancti
1731 494 2008 550 virtutem

2143 488 2308 554 [νδοῖς
2339 512 2396 548 τε
2439 493 2526 548 καὶ
2560 496 2879 570 Βρεττανοῖς
2928 502 3041 559 τοῖς
3094 495 3154 552 lx
3201 494 3521 572 διαμέτρου
3571 498 3805 575 ἀφεστη-

362 578 726 635 educationis
741 579 899 637 illius
912 584 1239 640 mercedem
1252 585 1485 640 abunde
1508 583 1863 658 persolutam
1886 597 2016 638 esse

2143 578 2297 649 ιόσιν,
2333 581 2504 654 έξίσου
2535 590 2816 660 γεγονυῖαν
2850 585 3138 658 ἐπίσημον.

365 664 664 723 existimo:
725 668 941 740 quippe
998 688 1124 744 qua:
1177 676 1235 729 et
1279 675 1436 729 Indis
1488 679 1546 730 et
1595 672 1909 737 Britannis,
1961 686 2029 724 ex
2083 669 2371 728 diametro
2430 672 2583 730 inter
2612 691 2675 730 se
2706 676 3012 748 oppositis,
3058 693 3219 748 teque
3252 675 3524 733 illustris
3578 679 3811 738 reddita

367 754 463 812 sit.

439 856 786 911 Parentibus
812 861 979 914 ortus
1016 863 1105 915 est
1149 862 1468 928 nobilibus,
1493 861 1845 934 justitiaque
1877 876 2021 930 prae-

2204 856 2435 933 ηατέρες
2485 854 2544 913 δὲ
2595 858 2743 930 αὐτῷ
2792 858 3107 935 εὐπατρίδαι
3156 882 3214 915 τε
3271 860 3372 916 καὶ
3438 858 3674 930 δίκαιοι,
3723 864 3810 921 καὶ

369 942 530 1015 ditis,
559 944 1008 1020 animorumque
1031 951 1301 1020 puritate,
1323 969 1499 1024 quam
1524 969 1832 1023 corporum
1871 969 2019 1007 nexu

2143 941 2306 998 πλείω
2348 950 2454 999 τῶν
2504 946 2771 1019 σωμάτων
2830 948 3158 1025 καθαρότητι
3215 952 3426 1025 ψυχῶν
3481 948 3810 1026 ἀδιαίρετοι.

371 1035 593 1089 arctius
623 1033 774 1089 inter
804 1052 865 1090 se
914 1038 1244 1108 conjunctis
1275 1041 1408 1113 (26).
1441 1044 1520 1097 Ac
1549 1048 1713 1114 pater
1760 1042 2020 1113 quidem,

2143 1034 2223 1086 Ὠν
2257 1035 2284 1088 ὁ
2320 1034 2413 1105 μὲν
2460 1037 2638 1111 πατὴρ
2689 1036 2802 1091 οἷόν
2854 1058 2939 1099 τις
2987 1033 3262 1114 Ἀϐραὰμ,
3320 1037 3663 1096 καταλιπὼν
3710 1049 3806 1117 γῆν

372 1122 613 1177 Abrahae
644 1125 974 1197 cujuspiam
1008 1128 1212 1195 instar,
1246 1129 1368 1185 solo
1403 1132 1588 1201 patrio
1620 1129 1909 1202 idolisque
1932 1147 2020 1186 re-

2143 1143 2187 1177 re
2241 1124 2495 1199 πατρῴαν
2552 1125 2642 1180 καὶ
2713 1123 2937 1199 εἴδωλα,
2995 1126 3200 1203 γίνεται
3260 1128 3622 1200 μετανάστης
3674 1133 3809 1207 πρὸς

369 1211 525 1267 lictis
586 1212 657 1267 ad
718 1214 947 1285 pietatis
1014 1217 1238 1273 cultum
1307 1220 1599 1292 migravit,
1658 1235 2023 1292 excussaque

2143 1207 2456 1267 lsoos'6emv’
2505 1213 2594 1269 καὶ
2642 1215 2741 1283 τήν
2790 1220 2898 1271 τῶν
2946 1217 3302 1291 Ὑψισταρίων
3365 1217 3809 1292 ἀποσεισάμενος

374 1302 867 1372 Hypsistariorum
884 1306 1299 1378 superstitione
1313 1325 1379 1364 ac
1398 1310 1473 1364 im
1484 1312 1742 1381 postura,
1758 1308 2023 1364 sincerus

2143 1296 2554 1374 δεισιδαιμονίαν
2603 1303 2693 1357 καὶ
2744 1301 2979 1375 πλάνην,
3012 1307 3236 1381 γνήσιος
3294 1306 3524 1379 μύστης
3572 1307 3806 1387 ἀνεφάνη

371 1389 580 1445 divinae
608 1392 805 1463 gratiae
845 1394 1173 1466 discipulus
1203 1396 1416 1465 eluxit;
1467 1398 1591 1455 ovis
1635 1399 1871 1469 quidem
1906 1396 2023 1469 pri-

2143 1396 2228 1459 τῆς
2280 1388 2525 1465 χάριτος,
2581 1387 2854 1469 πρόϐατον
2928 1394 3023 1466 μὲν
3072 1393 3122 1449 ἐν
3181 1396 3461 1469 πρώτοις,
3519 1390 3709 1451 ἔπειτα
3756 1394 3810 1453 δὲ

372 1496 557 1547 mum,
586 1486 787 1552 postea
818 1500 949 1538 vero
981 1485 1202 1556 peritus
1233 1503 1465 1558 quoque
1495 1487 1762 1543 Ecclesiae
1785 1487 2026 1543 Nazian-

2143 1478 2221 1534 καὶ
2254 1480 2462 1552 ποιμὴν
2512 1479 2828 1555 ἐπιστήμων
2877 1489 2978 1551 τῆς
3026 1488 3332 1552 Ναζιανζοῦ
3385 1485 3667 1547 καταστὰς
3702 1486 3812 1540 Ἐκ-

372 1585 525 1624 zenae
558 1574 757 1641 pastor
815 1570 1142 1627 institutus.
1197 1574 1381 1630 Mater
1429 1581 1625 1631 autem
1667 1580 1725 1631 et
1770 1576 1897 1648 ipsa
1925 1592 2024 1631 sa—

2143 1567 2383 1639 κλησίας.
2418 1570 2479 1623 'II
2512 1565 2569 1623 δὲ
2602 1572 2786 1647 μήτηρ
2818 1570 2936 1647 ἱερά
2963 1592 3022 1626 τε
3050 1571 3140 1627 καὶ
3181 1570 3233 1642 ἐξ
3283 1573 3457 1648 ἰερῶν
3512 1577 3624 1627 τῶν
3675 1595 3810 1650 προ-

372 1675 492 1725 cra,
525 1662 581 1714 et
606 1676 640 1714 a
670 1660 1141 1732 progenitoribus
1170 1663 1351 1719 sacris
1393 1665 1674 1737 originem
1713 1665 1911 1734 traxit,
1946 1667 2027 1720 at-

2143 1656 2334 1731 γόνων.
2367 1658 2465 1712 Καὶ
2511 1663 2673 1713 τοῦτο
2726 1659 2860 1732 μετὰ
2904 1664 3011 1715 τῶν
3068 1658 3276 1715 λοιπῶν
3325 1660 3810 1737 κληρονομήσασα

374 1765 508 1819 que,
557 1753 622 1803 ut
652 1748 897 1804 aliorum
934 1750 1242 1818 bonorum,
1289 1753 1370 1808 ita
1401 1754 1631 1825 pietatis
1677 1771 1910 1826 quoque
1934 1770 2029 1825 pa-

2143 1747 2233 1814 τήν
2265 1740 2558 1816 εὐσέϐειαν,
2591 1746 2725 1818 αὕτη
2786 1746 2979 1810 παιδὸς
3031 1745 3255 1825 ἄρρενος
3311 1750 3662 1826 ὀρεγομένη,
3694 1751 3807 1805 ἱκε-

374 1837 720 1892 trimonium
752 1838 1085 1896 haereditate
1133 1843 1373 1914 accepit.
1423 1845 1557 1910 Quis
1587 1860 1722 1900 cum
1752 1844 2027 1900 masculae

2143 1836 2249 1891 τίαν
2282 1836 2542 1910 προσάγει
2574 1840 2651 1908 τῷ
2682 1833 2875 1913 δοτῆρι
2903 1841 3010 1893 τῶν
3038 1836 3397 1907 τηλικούτων
3454 1844 3578 1911 Θεῷ
3624 1845 3807 1915 τυχεῖν

379 1925 560 1998 prolis
608 1927 928 1999 cupiditate
974 1928 1263 2002 ﬂagraret,
1298 1932 1547 2003 supplex
1592 1933 1778 1988 Deum
1822 1932 2027 2004 hujus-

2143 1931 2232 1995 τῆς
2280 1924 2532 2001 ἐφέσεως.
2592 1925 2657 1980 Ὠ
2706 1932 2809 1995 τῆς
2856 1925 3107 1989 πίστεως·
3163 1923 3207 1981 ὣ
3262 1929 3372 1995 τῆς
3438 1927 3804 2004 θερμότητος.

379 2015 539 2070 modi
591 2015 1004 2072 beneficiorum
1052 2023 1345 2075 auctorem
1413 2027 1643 2092 precata
1693 2030 1798 2091 est,
1849 2026 1913 2075 ut
1965 2038 2028 2077 se

378 2103 652 2159 desiderii
686 2109 1012 2176 compotem
1046 2108 1292 2164 faceret:
1325 2109 1494 2181 eique
1525 2115 1657 2165 ante
1703 2110 2028 2182 conceptio-

379 2206 516 2246 nem
547 2191 602 2263 (ο
635 2191 807 2247 fidem
840 2193 1240 2250 incredibilem
1269 2196 1281 2250 l
1314 2213 1347 2253 ο
1378 2197 1816 2268 praedicandum
1848 2197 2028 2253 animi

378 2281 663 2337 fervorem
695 2281 738 2352 l)
798 2297 859 2337 se
890 2280 1102 2351 filium,
1151 2285 1251 2356 qui
1310 2286 1649 2355 exoriretur,
1700 2286 2027 2343 oblaturam

383 2369 649 2441 spondet,
684 2371 1180 2442 quemadmodum
1227 2376 1389 2430 Anna
1437 2375 1768 2431 Samuelem
1785 2376 1847 2430 ⁷⁷.
1880 2376 2026 2439 Quid

383 2457 568 2530 igitur
624 2457 743 2523 ille,
773 2462 871 2531 qui
926 2460 1259 2517 voluntatem
1301 2464 1618 2520 timentium
1670 2481 1729 2521 se
1780 2466 1917 2537 facit
1937 2465 2028 2519 73?

385 2545 492 2602 Per
512 2551 859 2603 nocturnum
881 2548 1071 2604 visum
1095 2550 1147 2606 ei
1170 2551 1359 2607 filium
1378 2554 1639 2609 nondum
1663 2558 2027 2626 precreatum

384 2640 813 2706 praemonstrat,
847 2637 1130 2711 puerique
1157 2642 1383 2696 vultum
1437 2646 1493 2698 et
1543 2659 1751 2698 nomen
1786 2644 2026 2701 indicat.

380 2724 513 2779 Haec
544 2740 676 2780 vero
706 2724 903 2796 ipsum
939 2726 1091 2782 haud
1138 2727 1219 2784 ita
1266 2730 1451 2787 multo
1500 2736 1814 2804 postquam
1844 2732 1904 2788 in
1937 2734 2028 2790 lu-

2135 2014 2243 2090 πρὸ
2300 2012 2628 2087 συλλήψεως
2714 2014 3061 2091 ὑποσχομένη
3134 2015 3281 2087 αὐτῷ
3360 2016 3459 2071 τὸν
3553 2015 3805 2088 ἐσόμενον

2136 2102 2470 2179 προσοίσειν,
2519 2102 2758 2176 καθάπερ
2818 2109 2986 2157 ’Ἅννα
3039 2104 3131 2157 τὸν
3172 2104 3471 2177 Σαμουήλ.
3508 2105 3579 2162 Τί
3629 2104 3719 2159 οὖν
3778 2106 3802 2160 ὃ

2134 2194 2198 2248 τὸ
2257 2191 2474 2265 θέλημα
2554 2196 2661 2246 τῶν
2746 2187 3098 2270 φοϐουμένων
3183 2192 3348 2248 αὐτὸν
3428 2199 3649 2262 ποιῶν;
3711 2194 3806 2248 Διά

2136 2288 2453 2355 νυκτερινῆς
2503 2276 2680 2355 ὄψεως
2738 2279 3115 2357 προδείκνυσιν
3173 2282 3314 2353 αὐτῇ
3366 2280 3547 2337 παῖδα
3588 2283 3679 2337 τὸν
3729 2277 3802 2336 ἔτι

2142 2370 2433 2445 μέλλοντα,
2476 2369 2615 2433 εἶδός
2662 2392 2720 2426 τε
2760 2372 2850 2425 καὶ
2888 2370 3085 2441 κλῆσιν
3116 2376 3213 2425 τοῦ
3243 2370 3449 2434 παιδὸς
3483 2370 3802 2448 ἐμφανίσας·

2134 2463 2196 2519 Ἡ
2246 2458 2303 2516 δὲ
2351 2461 2613 2536 τεχθέντα
2673 2463 2789 2533 μετ’
2843 2459 2905 2514 οὐ
2963 2457 3107 2515 πολὺ
3163 2465 3243 2532 τῷ
3300 2466 3425 2534 Θεῷ
3486 2459 3802 2535 καθιέρωσε,

2137 2550 2414 2628 προθυμίᾳ
2460 2550 2716 2620 πίστεως,
2770 2551 3037 2627 μητρικάς
3084 2571 3144 2604 τε
3200 2548 3408 2614 ὠδῖνας
3472 2550 3566 2606 καὶ
3617 2569 3799 2624 γυναι-

2136 2645 2245 2696 κῶν
2276 2637 2573 2714 ὀλιγωρίαν
2606 2640 2676 2711 τῇ
2703 2645 2804 2709 τῆς
2855 2632 3163 2701 ἐπιδόσεως
3194 2637 3603 2713 μεγαλοψυχίᾳ
3649 2637 3799 2706 νική-

2137 2751 2290 2789 σασα.

381 2828 507 2868 cem
538 2792 750 2870 editus.
781 2816 986 2885 fuerat,
1023 2816 1137 2873 Deo
1167 2792 1547 2890 consecravit,
1580 2792 1878 2880 maternos
1907 2828 2111 2896 partus
2161 2821 2392 2880 dolores
2436 2818 2568 2876 ﬁdei
2609 2792 2932 2887 alacritate,
2966 2817 3441 2891 muliebremque
3473 2816 3797 2875 socordiam

381 2900 670 2975 largiendi
701 2903 1135 2977 magnificentia
1155 2925 1464 2981 superans.

449 3012 523 3067 Αι
562 3026 727 3082 puer,
776 3026 909 3067 cum
962 3019 1273 3082 parentum
1331 3018 1593 3074 moribus
1643 3020 2028 3084 imbueretur,

378 3099 612 3175 egregia
629 3104 848 3156 naturae
878 3100 1072 3157 indole
1092 3101 1431 3177 ingeniique
1460 3107 1803 3165 dexteritate
1833 3128 2028 3184 aequa-

377 3189 467 3246 les
522 3206 726 3246 omnes
775 3190 919 3246 adeo
967 3194 1346 3261 praecedebat,
1394 3200 1460 3251 ut
1514 3197 1832 3255 immatura
1888 3207 2027 3258 astas

2207 3009 2266 3067 '0
2320 3004 2379 3062 δὲ
2433 3012 2583 3075 παῖς,
2619 3005 2670 3062 έν
2729 3011 2845 3068 τοῖς
2894 3002 3048 3075 ἤθεσι
3094 3010 3202 3060 τῶν
3238 3007 3497 3081 πατέρων
3530 3001 3794 3079 τρεφόμε-

2136 3118 2249 3169 νος,
2309 3095 2576 3171 εὐκληρίᾳ
2630 3094 2841 3172 φύσεως
2900 3094 3108 3169 ἐκράτει
3164 3098 3271 3149 τῶν
3334 3093 3637 3167 ὁμηλίκων
3684 3089 3796 3144 έπι-

2135 3190 2416 3257 τοσοῦτον,
2450 3183 2589 3240 ὥστε
2614 3185 2712 3253 τήν
2748 3182 2949 3260 ἀωρίαν
2980 3191 3082 3252 τῆς
3112 3181 3335 3251 ἡλικίας
3388 3178 3651 3255 ἐμποδὼν
3702 3176 3797 3232 αὑ-

379 3278 542 3336 nullo
572 3278 683 3349 ipsi
714 3278 787 3334 ad
817 3294 1041 3349 eorum,
1067 3281 1169 3352 qui
1199 3282 1402 3340 adulta
1431 3288 1597 3342 astate
1626 3294 1811 3355 erant,
1835 3306 2027 3347 mores

2143 3278 2215 3345 τῷ
2248 3274 2324 3347 μὴ
2357 3272 2595 3348 γενέσθαι
2626 3274 2763 3349 πρὸς
2794 3274 2861 3328 τὰ
2888 3276 2995 3327 τῶν
3026 3269 3249 3327 τελείων
3290 3268 3404 3342 ἤθη
3456 3291 3517 3325 τε
3566 3268 3656 3323 καὶ
3706 3284 3795 3337 μα-

384 3364 846 3438 disciplinasque
877 3367 1285 3439 percipiendas
1314 3372 1732 3444 impedimento
1763 3381 2031 3436 esset.Ac

378 3455 553 3512 ludos
586 3455 847 3527 quidem,
880 3460 939 3511 et
986 3458 1238 3530 pueriles
1286 3460 1577 3532 lascivias,
1619 3481 1946 3538 cursusque
1975 3475 2034 3525 et

383 3544 746 3611 saltationes,
776 3550 842 3600 ut
871 3545 1130 3614 inutiles,
1159 3548 1586 3624 meliorumque
1608 3571 1800 3611 rerum
1836 3559 2030 3615 studio

382 3650 609 3690 moram
650 3634 976 3699 afferentes,
1026 3652 1269 3706 prorsus
1318 3644 1692 3715 contempsit.
1745 3645 1819 3702 Ut
1873 3650 2028 3704 enim

384 3736 640 3792 praesens
673 3723 841 3779 fcstor
873 3726 1155 3795 unguenti
1187 3728 1531 3787 suavitatem
1579 3732 1803 3792 inlicit:
1835 3737 1918 3792 ita
1948 3739 2031 3791 vi-

382 3813 528 3869 tium
562 3828 796 3884 quoque
820 3812 1058 3869 virtutis
1089 3815 1457 3887 adeptionem
1490 3820 2030 3882 interscindit.Cum

382 3905 577 3958 autem
609 3904 777 3957 aetate
793 3901 915 3969 jam
947 3902 1650 3977 adolevisset,litterarum
1683 3930 1880 3971 amore
1906 3934 2034 3972 suc-

380 4006 615 4055 census,
640 3989 959 4045 Caesaream
989 3993 1282 4061 profectus
1311 4001 1419 4061 est,
1449 3997 1683 4071 illicque
1716 4020 1850 4059 cum
1884 4022 2036 4077 prai-

381 4077 769 4134 stantissimis
801 4078 1136 4151 quibusque
1174 4084 1474 4156 magistris
1521 4105 1893 4162 congressus,
1927 4096 2035 4151 do-

382 4166 687 4237 ctrinaque
719 4166 875 4222 haud
907 4169 1115 4240 exigua
1146 4169 1409 4240 collecta,
1441 4174 1501 4231 in
1528 4177 1897 4237 Palaestinam
1931 4201 2032 4239 na-

381 4254 620 4325 vigavit,
643 4270 759 4309 non
793 4253 889 4310 ille
922 4255 1161 4325 quidem
1186 4264 1251 4315 ut
1277 4261 1575 4320 rhetorum
1606 4283 1820 4333 mores,
1847 4272 1944 4326 sed
1971 4278 2038 4328 ut

380 4343 694 4398 verborum
719 4342 1073 4414 elegantiam
1096 4346 1447 4422 dicendique
1477 4358 1660 4411 artem
1688 4358 2035 4417 addisceret.

384 4431 533 4487 Hinc
557 4430 993 4520 Alexandriam,
1026 4451 1153 4507 qum
1203 4437 1275 4492 ad
1325 4438 1576 4497 Pharum
1611 4447 1725 4501 sita
1771 4452 1879 4512 est.
1913 4466 2039 4520 per-

388 4520 553 4586 rexit,
580 4525 645 4577 ut
666 4519 878 4577 multas
898 4522 1073 4579 urbes
1097 4524 1537 4602 multorumque
1565 4534 1871 4593 hominum
1909 4519 2041 4610 pru-

2137 3363 2375 3435 θήματα.
2410 3359 2635 3424 Παιδιᾶς
2669 3365 2782 3434 (27)
2817 3363 2909 3434 μὶν
2944 3358 3035 3415 οὖν
3074 3360 3162 3415 καὶ
3210 3358 3547 3432 τωθασμοὺς
3612 3373 3793 3429 μειραο

2138 3448 2379 3523 κιώδεις,
2412 3447 2584 3506 ἆττειν
2639 3471 2699 3506 τε
2753 3450 2843 3505 καὶ
2900 3451 3148 3527 φέρεσθαι
3191 3446 3448 3523 δρόμοις,
3478 3447 3656 3513 πάντη
3688 3442 3792 3515 (28)

2142 3537 2443 3608 διέπτυσεν,
2492 3539 2568 3601 ὡς
2620 3536 2871 3614 ἄχρηστά
2913 3558 2971 3593 τε
3016 3538 3107 3592 καὶ
3150 3536 3423 3610 ἀσχολίαν
3468 3535 3794 3607 ἐμποιοῦντα

2136 3632 2207 3701 τῇ
2258 3625 2466 3700 σπουδῇ
2524 3632 2630 3682 τῶν
2670 3626 2989 3700 ἀμεινόνων.
3020 3627 3248 3697 Ἀρετῆς
3295 3625 3401 3698 γὰρ
3447 3630 3640 3691 κτῆσιν
3682 3618 3791 3671 ἐπι-

2140 3716 2329 3771 κόπτει
2385 3715 2561 3770 κακίω
2622 3716 2737 3770 ἐπεὶ
2794 3715 2882 3769 καὶ
2945 3714 3113 3788 μύρον
3174 3713 3478 3788 ἠμαύρωσε
3564 3703 3793 3765 δυσωδία

2141 3809 2404 3881 παροῦσα.
2438 3799 2682 3880 Ἔφηϐος
2715 3808 2825 3877 (29)
2858 3801 2916 3857 δὲ
2959 3800 3068 3873 ἤδη
3119 3801 3438 3878 γενόμενος,
3471 3799 3565 3855 καὶ
3614 3795 3787 3869 )όγων

2140 3892 2489 3969 κατασχεθεὶς
2548 3889 2730 3966 ἔρωτι,
2790 3892 2866 3954 εἷς
2933 3893 3032 3960 τὴν
3112 3890 3426 3963 Καισαρέων
3503 3891 3606 3956 ἧκε
3662 3883 3786 3955 (30)·

2140 3983 2406 4037 κάνταῦθα
2435 3986 2551 4044 τοῖς
2583 3979 2823 4056 ἀρίστοις
2853 3984 2959 4034 τῶν
3013 3976 3313 4034 παιδευτῶν
3348 3978 3463 4050 (31)
3494 3973 3786 4047 ὁμιλήσας,

2141 4072 2233 4126 καὶ
2261 4067 2507 4132 παιδείας
2540 4070 2603 4125 οὐ
2653 4068 2833 4145 βραχὺ
2884 4066 3261 4147 συναθροίσας,
3300 4065 3390 4121 ἰπὶ
3438 4066 3540 4133 τήν
3593 4057 3789 4147 Παλαι-

2143 4159 2325 4229 στίνην
2373 4155 2526 4215 ἔπλει
2560 4144 2695 4233 (32),
2729 4158 3026 4234 ῥητορικῆς
3078 4156 3382 4246 έφιέμενος,
3414 4152 3626 4246 κάλλος
3670 4144 3791 4246 (ped:

2144 4269 2304 4317 σεως,
2338 4248 2437 4302 οὐκ
2494 4232 2628 4317 ἦθος
2680 4232 2883 4316 ταύτης
2927 4232 3357 4312 έκπαιδευθῆναι.
3397 4242 3654 4302 Κάκεῖθεν
3708 4232 3789 4286 ἐπὶ

2141 4338 2242 4405 τῆν
2305 4334 2660 4411 Ἀλεξάνδρου
2719 4335 3041 4413 ἀφικνεῖται,
3100 4334 3201 4402 τήν
3264 4331 3400 4422 πρὸς
3476 4331 3546 4401 τῇ
3608 4321 3787 4422 (hipr

2144 4423 2361 4489 πολλάς
2415 4446 2475 4481 τε
2530 4422 2720 4487 πόλεις
2769 4411 2867 4479 καὶ
2922 4419 3149 4478 πολλῶν
3208 4417 3413 4496 ἀνδρῶν
3468 4411 3786 4486 καταμαθεῖν

2147 4514 2432 4592 φρόνησιν,
2464 4513 2539 4576 εἷς
2582 4512 2925 4589 συναγυρμὸν
2970 4509 3179 4588 σοφίας,
3214 4508 3286 4571 ὥς
3326 4529 3410 4570 τις
3460 4506 3563 4578 ἔφη
3606 4496 3785 4592 σοφός·

391 4610 977 4682 dentiam,sapientia3
1001 4612 1394 4689 doctrinaeque
1416 4626 1819 4680 coacervandas
1842 4588 2033 4696 caiisa,

2150 4588 2417 4674 Ϊῐλείστην
2466 4600 2523 4657 δὲ
2567 4602 2845 4658 κάντεῦθεν
2885 4599 3312 4675 καρπωσάμενος
3359 4588 3785 4703 τὴνδῶφέλειῗνζ

2195 4694 2207 4703 ι
2424 4691 2434 4703 ι
2598 4696 2625 4703 .-
2716 4692 2736 4703 ι
2770 4690 2780 4703 ι
2987 4690 3000 4703 ι
3072 4690 3086 4703 ι
3104 4696 3115 4703 .
3139 4690 3163 4703 Λ
3192 4690 3202 4703 Ι
3550 4682 3561 4701 7
3580 4700 3651 4703 Α--
3733 4693 3784 4703 --

395 4706 459 4755 ut
496 4699 761 4756 eruditus
792 4700 1031 4773 quidam
1082 4702 1249 4775 dixit,
1284 4717 1676 4779 cognosceret.
1712 4714 1836 4778 Qua
1865 4716 2039 4773 etiam

391 4807 461 4845 ex
490 4790 635 4845 urbe
664 4805 798 4845 cum
831 4788 1155 4861 plurimum
1187 4792 1454 4851 utilitatis
1476 4802 1852 4873 percepisset,
1876 4805 2044 4861 Athe-

392 4896 502 4935 nas
529 4878 1121 4945 tandem,litterarum
1142 4888 1773 4959 parentem,petit,navi
1794 4892 2046 4965 Eginea

387 4970 608 5024 vectus.

459 5111 506 5144 ⁷⁷
537 5111 560 5165 Ι
593 5112 737 5185 Reg.
770 5128 810 5184 ι,
844 5113 930 5168 11.
961 5114 1005 5149 ⁷⁸
1034 5114 1189 5171 Psal.
1222 5132 1403 5185 σχειν,
1438 5116 1525 5173 49.

606 5252 753 5337 Yide
782 5259 928 5337 erat.
962 5273 1137 5337 quam
1170 5257 1377 5314 habuit
1408 5259 1467 5337 i_n
1494 5261 1691 5337 funere
1734 5266 1935 5337 patris.

462 5324 760 5405 (27)‘C0d.‘
874 5326 932 5380 in
981 5324 1102 5405 not.
1155 5346 1338 5405 marg.
1361 5329 1454 5405 _t<‘z
1484 5324 1753 5405 γυμνάσιά
1779 5340 1888 5392 τῶν
1920 5338 2045 5393 παί-

395 5391 970 5477 δωνλλτὰὴπηδήματα,
999 5398 1089 5451 καὶ
1118 5398 1243 5462 τοὺς
1275 5391 1537 5477 δρόμους.

467 5467 579 5533 (‘28)
611 5468 747 5522 Cod.
787 5472 845 5521 P.
881 5469 1062 5527 πάντι.

471 5539 584 5617 (29)
616 5539 753 5623 βοά.
889 5540 952 5621 in
984 5548 1348 5623 _not._marg.
1381 5550 1542 5623 παῖς,
1568 5545 1688 5610 νέος
1732 5548 1782 5602 ἐν
1814 5548 1948 5622 αὐτῇ
1978 5554 2047 5623 τῇ

406 5606 589 5703 sui,
605 5612 944 5703 Ιιμξθλιειξς,¹ξπι
958 5613 1086 5703 limo
1112 5606 1586 5703 flarefii’tveritati};2

481 5682 591 5751 ΝΞΟ)
635 5682 805 5737 Addit
856 5683 1009 5738 (ΞΟΠ).
1058 5682 1120 5748 1(
1162 5682 1369 5755 Ταιῖτην
1413 5686 1481 5756 δὴ
1534 5687 1682 5765 λέγῳ
1721 5691 1820 5759 τῆν
1852 5690 2049 5764 ἡμετέ-

2149 4694 2248 4762 τὴν
2305 4671 2513 4768 μητέρα
2559 4696 2667 4747 τῶν
2716 4690 2899 4765 λόγων
2943 4671 3039 4752 τὰς
3072 4671 3299 4759 Ἀθήνας
3334 4680 3676 4758 μεταδιώκει,
3708 4671 3786 4728 ἰπὶ

2150 4783 2278 4853 νηὸς
2311 4780 2560 4855 ἀναχθεὶς
2590 4778 2875 4855 Αἰγιναίας
2905 4780 3042 4851 (33).

2157 5280 2271 5341 ραν,
2305 5259 2522 5341 quibus
2547 5255 2740 5341 verbis
2772 5253 3126 5341 discernitur
3154 5255 3414 5341 Caesarea
3432 5233 3788 5341 {lappa'dogif

2157 5306 2738 5399 53"Jr'ué'éiusdézﬁ
2778 5306 3046 5383 nominis
3098 5306 3225 5396 quae
3271 5323 3386 5378 sita
3433 5306 3565 5376 era-tl
3598 5313 3653 5368 in
3697 5306 3768 5361 Ρα

2154 5403 2404 5460 lmstina.

2227 5475 2340 5547 (31)
2376 5472 2575 5528 Plures
2609 5486 2751 5547 mss:
2783 5463 3190 5547 παιδευμάτων.

2230 5532 2341 5613 (32)
2371 5547 2507 5601 Cod.
2546 5532 3025 5613 Ρηῐίαλαιστήνην
3059 5532 3257 5606 ἔπλην.

2230 5604 2342 5690 (33)
2375 5618 2508 5673 Cod.
2544 5615 2602 5671 P.
2625 5604 2955 5685 Αἱγηναίας.
