4100 6398
328 379 442 441 249

1335 373 1704 438 AUCTORE
1748 371 2145 434 GREGOltIO
2187 365 2729 430 PRESBYTERO.

3614 348 3734 414 250

396 509 626 566 Πλέοντι
659 504 707 562 δ’
739 505 831 562 οὗν
867 508 979 581 (34)
1011 505 1071 560 τὸ
1116 506 1401 581 Παρθένιον
1452 500 1687 579 πέλαγος
1717 501 1768 557 ἒν
1799 506 1973 577 καιρῷ

2155 501 2359 573 Itaque
2382 498 2759 556 Parthenium
2786 509 2945 549 mare
2965 488 3297 548 turbulento
3321 490 3496 560 atque
3516 483 3733 540 incom-

322 596 635 674 ταραχώδει
690 618 751 652 τε
808 596 900 651 καὶ
956 594 1056 650 οὐκ
1113 591 1299 670 ἔχοντι
1355 591 1612 649 εὕπλοιαν
1645 636 1659 661 ,
1720 591 1971 668 ἐξαίφνης

326 686 556 743 ὑπελθὸν
589 691 805 758 πνεῦμα
855 684 1107 754 ἐξαίσιον,
1149 684 1239 739 τὸν
1288 683 1414 758 περὶ
1464 685 1647 758 ψυχῆς
1688 678 1843 753 ἔφερε
1870 678 1978 735 κίν-

323 776 501 833 δυνον.
535 774 740 836 Σκότος
799 771 857 829 δὲ
905 773 1101 828 πόντον
1145 773 1331 849 αἰθέρα
1374 793 1434 826 τε
1460 772 1549 826 καὶ
1598 769 1816 846 οὐρανὸν
1850 790 1972 824 συν-

322 865 642 926 εκάλυπτεν,
682 861 836 919 οὐδὲν
886 870 986 931 τῆς
1036 861 1258 932 ἒννάτης
1308 866 1415 916 τῶν
1465 860 1772 936 Αἰγυπτίων
1820 856 1970 929 πλη-

319 958 432 1029 γῶν
486 954 600 1026 (35)
658 949 1002 1025 ἀνεκτότερον
1031 994 1045 1006 .
1094 950 1312 1005 Πάντων
1372 946 1463 1002 οὖν
1512 948 1604 1002 τὸν
1659 946 1966 1019 σωματικὸν

324 1040 671 1117 ὀδυρομένων
721 1042 940 1094 θάνατον
977 1085 993 1110 ,
1044 1037 1203 1101 αὐτὸς
1248 1038 1345 1106 τὴν
1391 1044 1492 1107 τῆς
1542 1039 1729 1112 ψυχῆς
1779 1032 1968 1090 ἐδεδίει

322 1128 702 1204 πανολεθρίαν.
735 1125 960 1183 Οὐδέπω
1003 1128 1105 1201 γὰρ
1154 1127 1221 1196 ἦν
1273 1125 1619 1205 σφραγισθεὶς
1666 1130 1744 1197 τῷ
1778 1123 1967 1201 βαπτί-

324 1238 528 1293 σματι’
586 1219 675 1273 καὶ
735 1214 929 1296 ἔφθανε
977 1218 1077 1286 τὴν
1137 1215 1188 1287 ἐξ
1246 1213 1438 1279 ὕδατος
1497 1214 1767 1288 σωτηρίαν
1828 1215 1856 1269 ὁ
1914 1211 1965 1267 ἐν

324 1306 485 1364 ὕδασι
538 1307 778 1371 θάνατος.
836 1305 896 1359 Τί
956 1303 1047 1359 οὗν
1105 1310 1254 1360 ποιεῖ
1300 1305 1328 1359 ὁ
1391 1303 1552 1380 μέγας
1602 1302 1826 1374 ἐκεῖνος,
1877 1300 1968 1356 καὶ

327 1398 440 1471 πρὸ
470 1404 568 1465 τῆς
600 1395 1001 1470 ἆναγεννήσεως
1049 1394 1233 1449 ἑαυτὸν
1270 1394 1561 1471 μορφώσας
1591 1396 1659 1466 τῇ
1689 1389 1919 1462 ἀληθείᾳ
1950 1408 1965 1459 ;

330 1488 445 1554 Τὴν
477 1484 666 1553 ἐσθῆτα
706 1482 1193 1559 περιρρηξάμενος,
1234 1480 1603 1551 καταπλήσσει
1650 1482 1763 1555 (36)
1816 1481 1969 1554 βοαῖς

325 1595 386 1629 τε
418 1573 504 1628 καί
539 1570 795 1648 ὀδυρμοῖς
821 1571 948 1633 τοὺς
979 1569 1372 1643 συμπλέοντας,
1396 1570 1468 1633 ὡς
1495 1569 1697 1632 πάντας
1727 1570 1970 1643 τῶν

321 1662 444 1716 καθ’
497 1660 716 1722 ἑαυτοὺς
764 1657 1158 1735 ἀλογήσαντας,
1206 1659 1297 1713 τὸν
1353 1658 1548 1713 τούτου
1594 1660 1786 1731 θρῆνον
1844 1679 1966 1712 συν-

2087 592 2259 647 modo
2290 595 2550 662 tempore
2580 583 2898 658 naviganti,
2928 583 3160 638 coortus
3193 580 3425 649 repente
3456 571 3732 646 gravissi-

2086 697 2219 735 mus
2250 683 2454 735 ventus
2486 691 2791 733 summum
2824 672 2951 727 vitae
3008 666 3335 742 periculum
3374 662 3604 719 intulit:
3640 665 3732 716 at—

2083 787 2197 841 que
2227 774 2283 824 et
2314 784 2493 834 mare,
2527 770 2583 822 et
2614 764 2847 829 ethera,
2882 765 2937 816 et
2985 758 3193 815 ccelum
3230 755 3519 810 obducere
3552 766 3736 822 cmpe-

2082 840 2216 915 ruut
2248 874 2402 913 nona
2441 855 2542 911 illa
2587 852 2983 925 .‘Egyptiorum
3037 847 3208 919 plaga
3254 842 3437 899 nihilo
3484 840 3734 895 leniores

2079 948 2329 1004 tenebrae
2360 947 2423 1001 7°.
2476 943 2763 1001 Omnibus
2812 940 2991 1012 igitur
3039 933 3297 1007 corporis
3348 934 3595 987 mortem
3628 929 3730 984 de-

2080 1037 2377 1101 ﬂentibus,
2411 1036 2536 1108 ipse
2567 1031 2773 1088 animae
2821 1028 3061 1084 exitium
3106 1020 3542 1079 extimescebat.
3574 1017 3731 1073 Non-

2078 1126 2220 1182 dum
2252 1126 2407 1181 enim
2435 1105 2732 1195 baptismo
2781 1117 3129 1190 obsignatus
3176 1114 3338 1168 erat:
3386 1125 3451 1163 ac
3484 1123 3638 1163 mors
3670 1105 3729 1160 in

2078 1215 2248 1288 aquis
2292 1213 2540 1270 salutem
2585 1228 2654 1266 ex
2699 1207 2867 1280 aquis
2914 1201 3327 1260 antevertebat.
3360 1196 3506 1262 Quid
3551 1195 3731 1267 igitur

2075 1304 2212 1362 facit
2243 1319 2492 1375 magnus
2522 1299 2618 1356 ille
2644 1299 2748 1367 vir,
2781 1296 3022 1367 quique,
3055 1290 3231 1346 etiam
3260 1290 3392 1342 ante
3424 1300 3725 1358 regenera-

2074 1394 2315 1460 tionem,
2344 1371 2477 1448 sese
2507 1391 2578 1445 ad
2612 1387 2909 1444 veritatem
2953 1375 3342 1438 informarat?
3373 1379 3605 1430 Vestem
3640 1371 3725 1427 la-

2077 1499 2283 1540 cerans
2313 1478 2669 1537 clamoribus
2700 1472 3067 1548 querelisque
3096 1470 3355 1523 vectores
3395 1478 3600 1519 omnes
3629 1476 3727 1515 ex-

2076 1576 2271 1638 terret,
2331 1570 2473 1626 adeo
2531 1571 2597 1622 ut
2651 1547 2822 1620 nemo
2880 1562 3055 1627 esset,
3116 1555 3217 1629 qui
3275 1570 3410 1621 non,
3443 1549 3603 1608 omni
3636 1547 3729 1605 sui

2076 1660 2265 1733 ipsius
2295 1676 2434 1715 cura
2464 1652 2821 1730 posthabita,
2846 1648 3003 1705 illius
3025 1644 3206 1701 luctui
3231 1642 3453 1700 socium
3477 1655 3605 1695 sese
3627 1638 3729 1693 ad-

322 1751 659 1826 εργάζεσθσι.
696 1750 755 1806 Ὀ
804 1728 894 1816 δὲ,⁷
928 1728 1244 1819 ὗπομνή-σας
1293 1749 1421 1804 Θεὸν
1468 1752 1573 1802 τῶν
1623 1728 1788 1802 αὐτοῦ
1835 1748 1967 1802 θαυ-

2089 1752 2364 1821 iungeret.
2398 1728 2525 1819 Ipse
2554 1747 2750 1801 autem
2783 1745 2894 1795 Deo
2926 1734 3210 1793 miracula
3238 1749 3306 1789 ea
3348 1728 3543 1786 omnia
3572 1743 3727 1785 com-

324 1839 564 1932 μασίων,
612 1837 710 1932 om
853 1837 903 1891 ἐν
944 1836 1207 1913 Αἰγύπτῳ
1250 1837 1338 1892 καὶ
1387 1835 1485 1891 ὅσα
1530 1837 1664 1891 κατὰ
1704 1836 1804 1905 τὴν
1837 1832 1965 1911 ἔρη-
1998 1868 2045 1932 Β

324 1948 421 1999 μον
458 1929 572 1999 (38)
604 1926 640 1995 ἢ
674 1925 964 2001 πολλαχοῦ
1012 1932 1114 2000 γῆς
1146 1926 1180 1994 ἢ
1224 1924 1497 1993 θαλάσσης
1530 1922 1768 2001 ἔδρασενο
1804 1926 1963 1998 (οἷον,

333 2018 593 2091 Ἐρυθρᾶς
639 2017 753 2088 (39)
804 2012 1096 2082 διάστασιν,
1144 2013 1233 2069 καί
1278 2013 1431 2077 αὖθις
1478 2014 1776 2070 ἐπίκλυσιν·
1819 2013 1969 2075 ὅπως

329 2126 388 2160 τε
418 2104 476 2158 ἐκ
497 2104 697 2180 πέτρας
747 2101 892 2180 ὕδωρ
942 2102 1183 2178 ἐπήγασε
1233 2106 1366 2177 (40),
1416 2104 1504 2158 καὶ
1548 2103 1758 2179 Μερῥάν
1810 2102 1978 2179 έγλύ-

327 2214 485 2248 κανεν
524 2214 535 2224 ·
604 2191 861 2265 Ἀμαλὴκ
933 2191 1232 2247 ἐθανάτωσε
1303 2192 1489 2268 χερσὶν
1569 2190 1800 2255 ἀόπλοις
1883 2192 1975 2246 τὸν

327 2282 558 2357 σταυρὸν
594 2281 942 2354 μηνυούσαις·
985 2280 1148 2357 τείχη
1197 2279 1443 2345 καθεῖλεν
1489 2279 1842 2357 Ἰεριχούντια
1887 2281 1978 2335 καὶ

333 2368 459 2425 ἄνευ
489 2371 921 2446 μηχανημάτων·
958 2372 1246 2446 προφήτην
1301 2366 1496 2424 ἔσωσεν
1536 2369 1596 2425 ἐκ
1645 2368 1976 2446 σπλάγχνων

334 2461 552 2528 κήτους·
608 2460 697 2513 καὶ
753 2456 931 2514 τᾶλλα
986 2458 1085 2513 ὅσα
1130 2478 1229 2531 περ
1276 2459 1417 2534 ἱεραὶ
1462 2454 1646 2534 βίϐλοι
1679 2454 1976 2536 φέρουσιν),

340 2547 710 2622 ὑποσχόμενος
759 2548 889 2620 ἅμα,
943 2547 991 2603 εἷ’
1036 2546 1360 2622 περισωθείη
1409 2552 1507 2603 τοῦ
1562 2546 1857 2622 πελάγους,
1887 2547 1978 2601 καὶ

330 2636 498 2712 τύχοι
525 2639 619 2706 τῆς
657 2635 887 2714 ἐφέσεως
915 2641 1012 2692 τοῦ
1048 2636 1442 2712 βαπτίσματος,
1474 2641 1553 2708 τῷ
1603 2637 1833 2691 σώσαντι
1863 2638 1981 2709 (41)

327 2726 493 2781 αὑτὸν
521 2725 822 2796 ἀναθήσειν·
873 2726 1107 2798 κάμπτει
1156 2730 1273 2787 ταῖς
1314 2726 1538 2786 ἱκεσίαις
1584 2724 1762 2796 αὐτὸν,
1808 2723 1975 2780 ’ίλεών

322 2835 384 2869 τε
416 2809 565 2883 ὄντα,
596 2814 683 2869 καὶ
713 2814 806 2876 τὰς
840 2813 1082 2884 αἰτήσεις
1132 2815 1404 2892 φθάνοντα
1446 2818 1525 2885 τῷ
1578 2813 1840 2890 μειλιχίῳ
1878 2816 1978 2883 τῆς

328 2902 564 2979 φόσεως.
622 2903 721 2957 Καὶ
769 2903 797 2955 ὁ
834 2902 926 2974 μὲν
982 2901 1199 2957 κλύδων
1249 2901 1441 2957 αὐτίκα
1489 2900 1791 2980 ἐλώφησεν·
1843 2905 1878 2971 ἠ
1922 2900 1981 2956 δὲ

329 2992 581 3065 καταιγὶς
642 2990 720 3052 εἷς
776 2988 940 3066 αὖραν
1004 2994 1340 3063 μετεποιήθη
1399 2992 1549 3064 (42),
1606 2991 1696 3046 καὶ
1752 2993 1787 3060 ἡ
1845 2990 1980 3052 τέως

333 3078 491 3154 ἀγρία
520 3078 907 3152 κατεστορέσθη
943 3078 1280 3137 θάλασσα.Ὀ
1306 3080 1400 3151 μὲν
1430 3078 1482 3133 ἐν
1514 3078 1727 3139 τούτοις
1755 3082 1819 3147 ἦν
1840 3082 1974 3149 (43).

2076 1817 2441 1903 memorans,
2464 1851 2610 1904 quae,
2660 1835 2782 1887 tam
2832 1829 2891 1883 in
2912 1827 3157 1898 zEgypto
3189 1837 3366 1894 quam
3391 1817 3450 1873 in
3482 1817 3732 1904 deserto,

2078 1943 2144 1983 ac
2177 1900 2630 1998 plerisque-aliis
2659 1924 2812 1976 terra
2845 1915 3110 1985 marique
3135 1910 3279 1966 locis
3309 1907 3571 1963 ediderat
3598 1900 3732 1974 (vel-

2079 2020 2145 2071 ut
2174 2015 2354 2071 Rubri
2389 2010 2566 2067 maris
2616 2007 2956 2064 divisionem
2999 2004 3065 2074 3°,
3096 1999 3478 2071 ejusdemque
3528 2006 3733 2048 rursus

2084 2104 2331 2161 eluviem
2358 2121 2371 2169 ;
2406 2118 2521 2173 quo
2552 2100 2693 2155 item
2722 2096 2892 2151 modo
2923 2108 3136 2164 aquam
3170 2106 3240 2144 ex
3287 2090 3450 2158 petra
3481 2081 3638 2137 velut
3666 2096 3735 2135 ex
3798 2148 3801 2149 ν

2085 2194 2243 2249 fonte
2291 2167 2556 2247 duxisset
2598 2188 2666 2259 εί,
2697 2191 2755 2241 et
2798 2190 3013 2239 Maram
3053 2173 3480 2239 edulcasset”;
3511 2167 3735 2226 Amale-

2085 2284 2232 2339 citas
2260 2279 2587 2336 inermibus
2619 2274 2914 2342 manibus,
2938 2284 3166 2326 crucem
3191 2260 3607 2328 indicantibus,
3641 2273 3739 2325 op-

2086 2370 2398 2443 pressisset
2424 2369 2505 2435 83;
2540 2381 2742 2421 muros
2769 2360 3027 2425 Jericho,
3060 2355 3237 2412 nullis
3268 2353 3443 2408 etiarn
3479 2344 3732 2404 admotis

2085 2458 2413 2523 tormentis,
2456 2454 2760 2512 evertisset
2788 2452 2870 2518 ﬁ‘;
2933 2446 3276 2520 prophetam
3307 2457 3374 2496 ex
3402 2438 3511 2495 ceti
3558 2435 3737 2492 visce-

2088 2548 2249 2603 ribus
2298 2546 2524 2602 salvum
2556 2547 2613 2599 et
2660 2539 3011 2597 incolumem
3060 2530 3403 2591 extraxisset
3430 2527 3513 2594 '5;
3564 2527 3732 2579 ciste-

2088 2652 2269 2709 raque
2298 2633 2497 2691 omnia
2527 2648 2658 2705 quze
2686 2625 3073 2685 sacrosanctis
3116 2620 3283 2677 libris
3314 2611 3730 2682 continentur),

2088 2725 2383 2796 simulque
2414 2738 2475 2778 se
2508 2722 2799 2776 facturum
2827 2713 3133 2786 recipiens,
3184 2714 3267 2779 ut,
3299 2706 3348 2762 si
3381 2704 3558 2761 maris
3590 2700 3734 2773 peri-

2087 2814 2216 2871 culo
2261 2794 2627 2876 liberaretur,
2674 2812 2849 2878 atque
2899 2802 3148 2875 expetito
3192 2795 3485 2869 baptismo
3517 2794 3733 2846 fruere-

2085 2907 2206 2968 tur,
2236 2901 2287 2957 ei
2318 2919 2353 2956 a
2398 2916 2513 2971 quo
2542 2898 2817 2953 salutemr
2846 2891 3183 2963 accepisset,
3214 2885 3471 2955 seipsum
3532 2891 3735 2934 conse-

2088 2996 2310 3048 oraret:
2345 2968 2616 3061 precibus
2644 2985 2840 3056 ipsum
2860 2979 3055 3045 ﬂectit,
3089 2975 3188 3047 qui
3223 2974 3347 3046 ipse
3380 2968 3738 3043 placidusao

2088 3054 2378 3152 propitius
2409 3082 2519 3144 est,
2549 3079 2605 3129 et
2635 3054 2853 3127 naturae
2880 3086 2999 3124 suae
3031 3065 3317 3122 suavitate
3352 3063 3581 3115 nostras
3611 3054 3737 3126 ipse

330 3185 531 3242 preces
563 3168 887 3224 antevertit.
923 3168 1003 3224 Ita
1033 3142 1351 3241 tempestas
1374 3170 1575 3225 statim
1616 3142 1817 3225 sedata
1847 3142 1964 3235 est,
2006 3142 2377 3240 acOprocella
2417 3167 2475 3219 in
2507 3142 2730 3219 auram
2763 3163 2989 3217 mutata
3018 3156 3100 3224 3°;
3134 3165 3410 3222 mareque
3458 3146 3623 3219 prius
3653 3142 3734 3198 fe-

337 3274 470 3312 rum
503 3262 562 3313 et
588 3256 986 3312 truculentum
1017 3256 1376 3328 consopitur.
1407 3258 1596 3328 Atque
1623 3257 1723 3315 hic,
1748 3273 1813 3312 eo
1845 3274 2041 3313 rerum
2072 3261 2227 3312 statu
2259 3259 2403 3311 erat.

400 3345 467 3397 Οἱ
497 3341 555 3398 δὲ
577 3343 737 3397 αὐτοῦ
767 3348 946 3418 γονεῖς
977 3340 1046 3398 δι’
1079 3342 1288 3418 ὀνείρου
1318 3344 1723 3416 κατεμηνύοντο
1753 3344 1820 3399 τὰ
1841 3365 1966 3416 συμ-

2159 3345 2433 3400 Parentes
2455 3344 2650 3397 autem
2678 3337 2884 3410 ipsius,
2918 3349 3093 3407 quem
3125 3332 3180 3385 in
3216 3343 3416 3385 casum
3448 3322 3735 3379 adductus

328 3427 588 3487 ϐαίνοντα
612 3436 692 3503 τῷ
722 3428 901 3485 παιδί’
940 3431 1027 3485 καὶ
1080 3432 1166 3487 οἶα
1196 3430 1420 3507 πατέρες
1453 3430 1526 3504 (τί
1563 3432 1664 3507 γὰρ
1698 3429 1780 3487 δεῖ
1806 3430 1974 3487 πλέον

330 3525 503 3574 ειπεῖν
536 3521 575 3593 ;)
605 3518 793 3594 εὐχαῖς
808 3540 869 3573 τε
897 3520 985 3573 καὶ
1018 3517 1239 3594 δάκρυσι
1263 3520 1355 3574 τὸν
1379 3520 1506 3575 Θεὸν
1533 3519 1822 3589 ἐλιπάρουν
1846 3520 1976 3596 βοη-

329 3609 488 3677 θῆσαι
517 3609 599 3680 τῷ
627 3607 763 3663 κατᾶ
792 3607 1056 3671 θάλασσαν
1084 3606 1467 3664 κινδυνεύοντι.
1500 3607 1670 3670 Εὐθὺς
1714 3609 1806 3663 οὗν
1842 3608 1977 3680 μετὰ

328 3698 428 3765 τὴν
451 3696 649 3751 ἱκεσίαν
674 3698 791 3760 καθ’
821 3696 983 3751 ὕπνον
1018 3698 1203 3772 ἑώρων
1240 3697 1330 3751 τὸν
1357 3698 1471 3751 υἱὸν
1493 3696 1698 3770 ἐριννύν
1716 3718 1838 3751 τινα
1862 3699 1975 3770 (44)

329 3784 566 3859 δαίμονα
607 3784 968 3858 κολαστήριον
1018 3786 1447 3860 χειρωσάμενον,
1496 3784 1644 3847 ὅστις
1689 3784 1833 3856 αὐτῷ
1862 3788 1975 3859 (45)

328 3874 690 3930 ἐπανετείνετο
733 3872 992 3949 ὄλεθρον.
1040 3878 1214 3929 Ταῦτα
1267 3872 1324 3929 δὶ
1374 3873 1509 3947 μετά
1551 3874 1652 3942 τήν
1698 3874 1833 3949 πρὸς
1879 3872 1976 3929 αὖ·

326 3963 458 4025 τοὺς
516 3963 859 4040 ὑποστροφὴν
935 3962 1082 4035 αὐτῷ
1161 3960 1537 4038 διηγουμένων
1610 3966 1718 4017 τῶν
1771 3964 1972 4038 γονέων

335 4051 588 4119 ἀκούσας,
620 4049 1066 4126 ἀνθωμολογεῖτο
1113 4056 1193 4121 τῷ
1241 4052 1490 4109 σώσαντι.
1540 4050 1638 4106 Καὶ
1667 4055 1835 4107 ταῦτα
1883 4052 1977 4125 μὶν

338 4139 573 4214 ὕστερον.
622 4144 736 4195 Τῶν
796 4137 854 4195 δὲ
910 4139 1298 4213 συμπλεόντων
1356 4159 1439 4201 τις
1506 4139 1740 4210 νεανίας,
1798 4140 1858 4202 ὃς
1905 4142 1973 4210 ἦν

333 4228 483 4299 αὐτῷ
512 4228 935 4305 θυμηρέστατος,
986 4229 1129 4305 ἑώρα
1180 4228 1371 4290 νυκτὸς
1405 4227 1456 4283 έν
1489 4229 1639 4301 ἀκμῇ
1667 4232 1763 4283 τοῦ
1792 4226 1976 4284 κινδύ-

327 4339 427 4373 νου
454 4319 556 4387 τὴν
589 4317 794 4393 μητέρα
820 4321 920 4373 τοῦ
956 4316 1220 4393 μακαρίου
1250 4324 1350 4387 τῆς
1381 4316 1657 4387 θαλάσσης
1699 4312 1975 4392 ἐπιϐᾶσαν,

327 4407 421 4461 καὶ
449 4413 552 4477 τῆς
579 4408 711 4477 νηὸς
742 4402 1054 4480 λαϐομένην
1104 4410 1240 4481 (46),
1289 4405 1521 4477 ἐξέλκειν
1558 4406 1645 4462 ἐπὶ
1683 4409 1782 4476 τήν
1813 4404 1979 4477 ἤπει-

2085 3438 2241 3489 esset
2269 3432 2447 3498 filius,
2480 3445 2582 3502 per
2610 3442 2886 3483 somnum
2918 3422 3286 3478 didicerunt:
3318 3421 3512 3486 atque,
3551 3415 3613 3465 ut
3643 3426 3735 3481 pa-

2085 3526 2278 3577 rentes
2303 3499 2654 3592 (quidenim
2686 3515 2955 3587 pluribus
2986 3509 3180 3565 verbis
3202 3521 3350 3577 opus
3380 3502 3551 3572 est?),
3586 3499 3735 3592 votis

2085 3614 2143 3665 et
2170 3588 2442 3681 lacrvmis
2479 3609 2655 3662 Deum
2686 3601 3088 3666 obsecrabant,
3124 3602 3188 3651 ut
3214 3594 3335 3650 ﬁlio
3366 3593 3425 3647 in
3458 3588 3603 3646 mari
3638 3604 3737 3658 pe-

2085 3675 2363 3753 riclitanti
2395 3712 2564 3768 opem
2598 3694 2790 3748 ferret.
2824 3686 3141 3745 Confestim
3162 3684 3359 3754 itaque
3384 3682 3512 3751 post
3530 3675 3739 3733 oratio-

2085 3802 2220 3841 nem
2255 3766 2450 3839 ﬁliuni
2475 3788 2533 3837 in
2567 3780 2792 3837 somnis
2822 3778 3039 3841 vident,
3074 3771 3286 3829 furiam
3319 3766 3639 3839 quamdam
3669 3780 3735 3818 ac

2083 3872 2390 3945 suppliciis
2412 3869 2789 3943 praepositum
2806 3859 3259 3931 dmmonem,qui
3282 3856 3393 3928 ipsi
3418 3852 3735 3927 perniciem

2082 3940 2430 4027 intentabat,
2454 3940 2767 4014 subactum
2795 3955 3110 4009 tenentem.
3153 3949 3287 4013 Quae
3318 3960 3452 3999 cum
3478 3942 3604 4014 ipse
3633 3940 3733 3996 do-

2085 4066 2248 4106 mum
2281 4064 2548 4106 reversus
2577 4064 2646 4102 ex
2676 4060 2878 4101 eorum
2912 4038 3241 4096 narratione
3271 4028 3738 4105 accepisset,lau-

2085 4140 2188 4195 des
2230 4143 2288 4194 et
2334 4136 2554 4210 gratias
2610 4132 2900 4191 Servatori
2959 4128 3187 4202 agebat.
3243 4124 3354 4181 Sed
3388 4121 3512 4177 haec
3542 4124 3734 4191 poste-

2086 4228 2233 4285 rius.
2269 4209 2357 4282 Exi
2385 4225 2458 4281 iis
2516 4229 2711 4280 autem
2762 4220 2864 4294 qui
2925 4218 3129 4275 eadem
3170 4212 3302 4270 navi
3357 4209 3739 4272 vehebantur,

2087 4316 2429 4374 adolescens
2461 4314 2725 4386 quidam,
2757 4310 2868 4382 ipsi
2900 4306 3307 4369 cbarissimus,
3346 4301 3405 4355 in
3438 4300 3568 4370 ipsa
3598 4295 3743 4367 peri-

2090 4406 2206 4464 culi
2237 4407 2498 4470 flamma,
2530 4403 2684 4458 beati
2719 4400 2824 4455 viri
2866 4401 3114 4453 matrem
3162 4389 3571 4461 conspiciebat,
3606 4401 3741 4441 con-

334 4516 425 4571 ρον
463 4539 476 4554 .
534 4496 741 4566 Ταύτης
800 4493 858 4550 δὲ
892 4478 1233 4573 δειχθείσης
1296 4495 1387 4551 καὶ
1461 4494 1822 4570 ὲξηγηθείσης
1876 4502 1974 4565 τῆς

2092 4511 2297 4553 scenso
2344 4491 2517 4559 mari,
2570 4492 2862 4561 arreptam
2910 4500 3118 4541 navem
3166 4484 3227 4537 in
3274 4485 3487 4536 terram
3521 4478 3743 4547 pertra-

332 4581 534 4659 ὅψεως,
593 4584 745 4649 εὐθὺς
795 4582 1039 4660 γαλήνην
1097 4606 1157 4641 τε
1202 4560 1627 4657 ἀκολουθῆσαί,-
1654 4585 1743 4639 καὶ
1777 4560 1974 4646 ’πάντας

2091 4585 2351 4642 hentem.
2377 4584 2501 4649 Qua
2525 4560 2747 4635 visione
2768 4577 3074 4649 perspecta
3101 4575 3158 4627 et
3186 4573 3440 4633 narrata,
3462 4560 3745 4635 tranquil-

401 4714 451 4748 "
478 4713 657 4768 Exod.
698 4728 757 4783 x,
804 4715 895 4766 2|.
932 4712 999 4783 73°
1028 4712 1205 4783 Exod.
1253 4728 1368 4781 xlv,
1422 4712 1510 4776 16,
1539 4711 1583 4749 ⁸¹
1618 4710 1793 4766 Exod.
1842 4728 1974 4782 xvn,

2115 4711 2163 4746 ⁸³
2212 4710 2391 4765 Exod.
2441 4725 2532 4776 xv,
2584 4707 2675 4760 25.
2724 4705 2771 4738 ⁸³
2832 4701 3005 4756 Exod.
3066 4714 3202 4764 xvn,
3256 4696 3342 4751 11.
3398 4693 3445 4727 ⁸⁸
3498 4691 3619 4746 Jos.
3662 4704 3743 4755 v1,

330 4787 367 4840 3
396 4802 524 4857 seq.
548 4784 594 4820 ⁸⁵
616 4782 751 4841 Jon.
786 4801 847 4852 ιι,
882 4782 969 4840 14.
1004 4783 1049 4818 ⁸⁸
1079 4782 1234 4841 Psal.
1266 4799 1378 4851 ενι,
1399 4784 1491 4840 25.

403 4910 519 4981 (34)
827 4902 1059 4981 Πλέοντι
1092 4901 1139 4959 δ’
1171 4902 1261 4981 οὖν
1293 4903 1460 4981 αὐτῷ.

552 4978 708 5052 Colb.
745 4980 796 5045 1,
828 4980 884 5046 2,
901 4993 1166 5052 necnon
1196 4980 1293 5034 0r.
1319 4981 1376 5052 et
1405 4972 1467 5033 P.
1500 4972 1746 5051 πληγῆς.

553 5049 710 5106 Colb.
744 5052 779 5105 2
805 5054 862 5105 et
891 5048 1094 5122 C0_mb.
1126 5048 1513 5122 καταπτήσσει.

550 5122 702 5180 Colb.
761 5122 811 5189 1,
842 5124 901 5195 et
943 5120 1037 5195 ΟΡ.
1070 5122 1166 5195 τοῦ
1217 5114 1881 5195 καθ’ςὲαυτούς..0011›;.1ζ
1912 5114 1988 5177 ὡς

333 5185 546 5321 πέντών
598 5196 706 5248 τῶν
764 5185 884 5245 κάθ*
941 5188 1184 5253 ἑαυτούς.
1245 5191 1381 5247 Cod.
1442 5195 1506 5247 P.
1565 5185 1661 5243 τοῦ
1716 5187 1833 5242 καθ’
1864 5188 1987 5242 έαυ-

333 5290 360 5321 τ
396 5288 446 5321 ν.

330 5288 446 5322 τον.

406 5340 518 5410 (38)
546 5336 706 5410 Colb.
1068 5330 1274 5410 ἔρημον
1318 5331 1612 5407 πολλαχοῦ
1667 5337 1789 5405 γῆς.
1825 5331 1985 5388 Colb.

331 5413 387 5478 2,
410 5401 482 5465 ‘et
503 5401 764 5463 'Combef.
797 5404 832 5471 ἢ
864 5401 1119 5479 ἀλγλαχοῦ
1147 5401 1270 5479 γῆς.
1508 5401 1519 5457 ί

404 5482 519 5550 (39)
552 5479 718 5535 Addit
752 5479 881 5550 cod.
914 5478 974 5550 Ρ,
1006 5475 1104 5550 ἑῆς
1137 5475 1431 5550 5&5th-

405 5544 515 5621 (40)
546 5550 704 5609 Colb.
728 5547 993 5621 71,_Vcodd.
1022 5548 1082 5603 P.
1111 5554 1169 5605 et
1199 5550 1293 5606 Or.
1319 5547 1515 5621 πέτραν
1548 5544 1806 5621 ἐπήγασε.

405 5616 518 5695 (41)
570 5626 653 5680 Ita
711 5616 873 5676 Gulb.
908 5621 1138 5677 2codd.
1191 5622 1252 5677 P.
1315 5625 1375 5676 et
1424 5616 1527 5676 Ὁτι.
1588 5616 1841 5675 Ιηέἀὶι.
1877 5616 1984 5671 σώ-

334 5715 504 5751 σοντι.

2313 4904 2467 4977 Cod._
2497 4902 2574 4977 ~P.
2626 4900 2687 4955 in
2729 4901 2876 4977 μοι.-
2910 4909 3109 4977 φατε.
3164 4884 3391 4977 ἔπαυσεν
3438 4884 3516 4947 είς
3551 4883 3746 4977 λεπτὸν

2096 4953 2429 5045 miihi);
2440 4953 2609 5028 idem
2630 4953 2769 5027 an.
2808 4967 3039 5045 adhoc“
3052 4953 3313 5045 verbum,
3331 4953 3750 5045 κατεστορέσθη,

2096 5048 2158 5103 in
2180 5032 2309 5119 An'ot.
2345 5062 2530 5119 marg.
2562 5038 2975 5119 κατεστορέσθη,
3006 5036 3042 5104 ἢ
3077 5032 3420 5119 ὑπεστρχώθηὶ.

2608 5117 2666 5183 2,
2714 5097 2871 5170 et'P.
2935 5097 3169 5181 legunt:
3230 5097 3292 5161 Ὅ
3351 5102 3447 5176 μὶν
3480 5097 3571 5155 οὖν
3596 5099 3660 5168 ἧν
3697 5097 3748 5152 ἐν

2095 5209 2468 5385 το(Ξ4)ςά011).
2500 5260 2564 5314 Ρ.
2598 5257 2656 5312 in
2689 5258 2807 5311 not.
2848 5267 3033 5324 marg.
3079 5243 3453 5323 καταχθονίων
3504 5262 3753 5316 τιμωρη-

2095 5351 2187 5385 τικ
2220 5352 2266 5385 ν.

2094 5351 2266 5385 τικον.

2171 5405 2283 5472 (45)
2314 5402 2502 5460 Ὅστις
2533 5397 2699 5467 αὐτῷ.
2732 5395 2892 5472 Cplb.
2923 5395 2977 5462 2,
3012 5392 3176 5472 codd.
3210 5391 3271 5445 P.
3305 5393 3363 5445 et
3390 5388 3485 5445 Or.
3536 5387 3757 5472 babent

2096 5460 2219 5543 ἥτξς
2251 5460 2419 5545 αὐτῷ.
2457 5460 2714 5527 Verterat
2761 5460 3003 5545 Billius‘:
3024 5466 3329 5545 .Erznuym
3356 5460 3659 5545 quamdam
3688 5474 3755 5513 ac

2096 5532 2399 5604 ιίᾶξήιοηειὲι
2424 5546 2767 5614 pesti/erum.
2801 5536 3059 5595 Combef.
3092 5532 3629 5607 interpretationem
3664 5548 3753 5586 se-

2096 5619 2210 5675 cuti
2246 5635 2472 5674 smnua.

2171 5670 2659 5760 (4ίξ)ῂι(αϐομένην.ο
2688 5681 2847 5739 Colb.
2884 5683 2936 5749 1,
2968 5670 3399 5749 ἐπιλαϐομένην.
