4100 6414
322 357 431 419 251

1442 364 1628 426 VITA
1674 366 1739 427 S.
1789 364 2160 426 GREGORII
2209 361 2604 424 THEOLOGI

3635 357 3753 417 252

319 490 456 547 litas
490 492 687 548 statim
723 497 1035 551 consecuta
1082 499 1191 566 est,
1226 500 1598 570 vectoresque
1645 514 1848 554 omnes
1897 498 1965 554 ad

2105 493 2210 558 τοὺς
2269 491 2679 570 συμπλωτῆρας
2733 494 2801 565 τῇ
2850 489 3027 545 πίστει
3087 486 3473 566 προσδραμεῖν
3525 490 3608 561 τῷ
3656 492 3754 544 τοῦ

320 581 505 637 Deum
540 580 799 653 Gregorii
846 584 959 639 ﬁde
992 590 1388 658 accurrerunt,
1422 587 1662 659 periculi
1695 588 1838 642 tanti
1872 588 1968 642 de-

321 669 618 742 pulsorem
654 688 787 726 eum
819 679 1201 744 agnoscentes
1256 680 1431 748 atque
1460 678 1819 733 conﬁtentes.
1854 681 1970 732 Hoc

320 776 453 814 vero
482 759 621 830 quid
674 762 867 833 magni
928 762 1084 819 illius
1145 765 1275 819 Elite
1330 764 1609 821 miraculo
1640 766 1837 821 cedit?
1869 765 1969 837 qui

322 847 568 903 Sidoniae
615 849 847 920 reginae,
906 868 1129 907 vesanis
1184 853 1470 909 idolorum
1528 854 1777 920 cultrici,
1810 854 1971 910 obsi-

325 940 511 1003 stens,
544 938 828 993 sacriﬁcio
861 939 1095 996 insolita
1115 946 1172 996 et
1194 942 1410 997 caelesti
1434 943 1673 998 ﬂamma
1703 959 1973 999 consum-

324 1028 445 1096 pto,
479 1024 772 1080 lsraelitas
822 1027 892 1081 ad
950 1029 1067 1083 veri
1126 1029 1225 1083 Dei
1285 1031 1457 1085 ﬁdem
1489 1031 1717 1087 induxit
1751 1050 1763 1088 :
1800 1033 1878 1087 ita
1911 1035 1974 1087 ut

327 1100 713 1169 admiratione
744 1120 1045 1188 correptus
1078 1118 1326 1189 p0pulus
1378 1120 1629 1176 diceret:
1696 1120 1823 1175 Vere
1870 1121 1973 1176 Do-

324 1204 513 1257 minus
568 1203 724 1274 Deus,
780 1204 867 1260 hic
912 1208 993 1260 est
1045 1210 1191 1262 Deus
1227 1208 1290 1262 ⁸⁷.
1326 1208 1485 1265 Talis
1518 1209 1632 1264 fere
1664 1210 1974 1282 Gregorius

327 1294 469 1361 erat,
502 1308 604 1364 per
631 1291 984 1365 insperatam
1010 1311 1077 1350 ex
1101 1300 1446 1370 tempestate
1477 1299 1852 1367 salutem,eos
1874 1298 1975 1370 qui

326 1379 502 1435 variis
535 1384 590 1435 et
620 1381 927 1439 multiﬁdis
956 1385 1252 1441 erroribus
1282 1388 1650 1457 tenebantur,
1683 1388 1754 1444 ad
1794 1404 1974 1443 unam

325 1467 457 1523 ﬁdei
490 1470 757 1526 semitam
789 1472 1032 1528 ducens.

397 1561 785 1631 Posteaquam
818 1564 1012 1616 autem
1042 1561 1100 1616 in
1131 1562 1433 1631 Graeciam,
1476 1582 1541 1619 ac
1582 1564 1837 1620 nobilem
1870 1564 1977 1619 flo-

324 1651 666 1719 rentemque
691 1648 1055 1704 Athenarum
1089 1651 1293 1707 urbem
1319 1669 1380 1708 se
1410 1653 1677 1719 contulit,
1713 1654 1851 1725 quid
1885 1670 1975 1709 re-

325 1735 475 1791 ferre
525 1752 762 1792 necesse
820 1742 909 1793 est
961 1754 1076 1809 qua
1133 1739 1440 1795 hominum
1472 1740 1673 1797 laetitia
1703 1746 1978 1814 exceptus

326 1823 536 1924 fuerit,
556 1825 1077 1895 praestantissimus
1108 1828 1308 1885 statim
1341 1829 1397 1884 in
1430 1829 1638 1886 litteris
1670 1834 1727 1886 et
1768 1848 1802 1887 a
1832 1848 1979 1903 praa-
2010 1866 2057 1932 B

323 1912 657 1984 ceptoribus
688 1918 743 1969 et
772 1931 805 1969 a
830 1915 1139 1988 discipulis
1177 1917 1523 1990 judicatus?
1564 1920 1690 1975 Non
1724 1920 1977 1976 multum

321 2005 557 2074 tempus
589 2003 852 2069 ﬂuxerat,
883 2020 1016 2060 cum
1050 2023 1301 2080 magnus
1337 2008 1433 2064 ille
1482 2008 1732 2066 Basilius
1764 2011 1977 2083 Byzan-

322 2092 424 2160 tio,
474 2091 736 2162 ejusdem
794 2094 1141 2152 eruditionis
1198 2097 1405 2169 gratia,
1440 2099 1696 2155 Athenas
1728 2099 1973 2171 appulit.

323 2179 524 2252 Itaque
559 2188 615 2235 et
644 2180 771 2235 vita:
813 2184 1319 2253 consuetudinem,
1363 2192 1419 2242 et
1466 2188 1829 2243 contubernii
1876 2204 1976 2243 ne-

323 2268 740 2323 cessitudinem
774 2269 924 2326 inter
945 2288 1007 2328 se
1029 2277 1548 2331 contraxerunt.Ex
1579 2280 1784 2332 mutua
1805 2293 1976 2349 porro

323 2372 527 2412 eorum
569 2359 1001 2430 conjunctione,
1049 2362 1499 2436 animorumque
1546 2367 1873 2434 concordia,
1904 2383 1978 2422 ne

322 2445 566 2517 exprimi
602 2448 835 2519 quidem
894 2451 1153 2507 oratione
1209 2453 1375 2508 facile
1430 2458 1640 2526 potest,
1692 2460 1975 2526 quantum

323 2533 702 2590 emolumenti
736 2538 807 2592 ad
841 2542 1155 2612 utrumque
1194 2542 1448 2598 redierit.
1500 2546 1550 2599 ls
1593 2561 1849 2616 namque
1878 2544 1977 2616 qui

324 2621 490 2679 solus
518 2627 625 2689 est,
660 2627 928 2697 quamvis
952 2629 1164 2686 mentis
1185 2630 1454 2687 acumine
1477 2632 1780 2704 quidpiam
1812 2633 1979 2688 intel-

324 2710 550 2779 lexerit,
583 2713 693 2769 sibi
726 2720 921 2772 tamen
972 2716 1085 2789 ipsi
1146 2720 1387 2775 minime
1448 2721 1592 2786 ﬁdit,
1641 2738 1706 2775 ac
1738 2722 1979 2792 proinde

325 2799 677 2858 circumiens
726 2803 981 2876 aliquem
1014 2808 1241 2878 quaerit,
1288 2825 1421 2863 cum
1468 2827 1582 2882 quo
1626 2809 1898 2864 fulciatur
1922 2814 1979 2865 et

2082 583 2390 661 Γρηγορίου
2440 586 2574 655 Θεῷ,
2625 581 2715 636 καὶ
2771 581 2956 636 ἑαυτὸν
2992 582 3107 654 (47)
3156 578 3290 633 εἶναι
3324 576 3754 653 ὁμολογοῦντας

2082 673 2387 749 ἐπίκουρον.
2422 670 2482 727 Τί
2510 675 2670 725 τοῦτο
2699 674 2795 725 τοῦ
2847 668 2981 724 κατᾶ
3022 667 3113 723 τὸν
3171 667 3339 743 μέγαν
3376 663 3576 721 ἹΙλίαν
3625 664 3753 721 θαύ-

2084 784 2249 838 ματος
2278 762 2595 838 ἀτιμότερον
2633 761 2758 831 ;“ὁς,
2789 763 2856 833 τῇ
2906 756 3275 831 εἰδωλομανίᾳ
3325 762 3435 825 τῆς
3481 753 3753 819 Σιδωνίας

2082 851 2569 925 ἀντιτασσόμενος,
2622 850 2752 921 ξένῳ
2801 847 2929 922 πυρὶ
2980 847 3070 901 καὶ
3120 844 3362 920 οὐρανίῳ
3412 845 3519 910 τὴν
3574 844 3756 906 θυσίας

2083 939 2473 1011 ἐκδαπανήσας,
2507 938 2582 1000 εἷς
2615 937 2791 992 πίστιν
2822 941 2919 992 τοῦ
2971 935 3230 1005 ἀληθινοῦ
3270 937 3415 989 Θεοῦ
3469 933 3634 1009 ἒνῆγε
3666 934 3753 988 τὸν

2082 1028 2324 1107 Ἰσραήλ·
2361 1028 2499 1084 ὥστε
2545 1029 2891 1101 θαυμάσαντα
2936 1026 3029 1080 τὸν
3081 1024 3211 1080 λαὸν
3260 1023 3468 1078 εἰπεῖν·
3505 1022 3759 1091 Ἀληθῶς

2082 1119 2278 1195 Κύριος
2311 1120 2338 1173 6
2370 1119 2499 1180 Θεὸς
2530 1119 2663 1190 (48),
2711 1114 2867 1177 οὗτός
2916 1114 3054 1169 ἐστιν
3089 1114 3117 1167 6
3150 1112 3303 1175 Θεός.
3357 1110 3633 1174 Τοιοῦτός
3676 1132 3759 1173 τις

2084 1211 2150 1279 ἦν
2184 1210 2211 1264 ὁ
2244 1207 2569 1285 Γρηγόριος,
2617 1210 2686 1279 τῇ
2738 1202 3085 1279 ὲκτρικυμίας
3117 1204 3228 1277 (49)
3258 1198 3539 1273 ἀδοκήτῳ
3585 1222 3760 1268 σωτη-

2086 1298 2176 1377 ρίᾳ
2203 1297 2329 1360 τοὺς
2355 1292 2685 1372 πολυσχιδεῖ
2716 1297 2828 1369 (50)
2854 1290 3031 1367 πλάνῃ
3058 1292 3476 1367 κατεχομένους
3515 1289 3596 1352 εἰς
3632 1288 3753 1364 μίαν

2084 1389 2230 1464 ἄγων
2257 1381 2444 1464 τρίϐον
2475 1386 2564 1440 καὶ
2596 1381 2816 1460 ὁδηγίαν
2846 1386 2945 1452 τῆς
2973 1381 3223 1442 πίστεως.

2154 1564 2301 1621 Ἐπεὶ
2334 1561 2392 1619 δὲ
2424 1562 2580 1618 αὐτὸν
2614 1564 2649 1633 ἡ
2680 1559 2881 1623 Ἑλλὰς
2928 1560 3046 1636 εἶχε
3087 1558 3177 1614 καὶ
3224 1558 3288 1614 τὸ
3323 1556 3554 1619 εὐκλεὲς
3599 1558 3759 1627 Ἀθη-

2084 1659 2191 1709 νῶν
2225 1649 2419 1727 ὄνομα,
2475 1651 2527 1707 τί
2566 1649 2648 1706 δεῖ
2697 1649 2871 1727 λέγειν
2926 1650 3045 1723 μεθ’
3091 1647 3223 1719 ὅσης
3262 1644 3626 1724 προσεδὲχθη
3660 1651 3756 1714 τῆς

2088 1741 2357 1817 θυμηδίας
2393 1760 2407 1812 ;
2439 1740 2721 1818 κράτιστος
2753 1738 2907 1803 εὐθὺς
2958 1737 3008 1793 ἐν
3060 1735 3271 1814 λόγοις,
3323 1733 3656 1796 παιδευταῖς
3701 1754 3759 1789 τε

2086 1832 2175 1888 καὶ
2208 1836 2491 1911 φοιτηταῖς
2547 1830 2661 1903 ἅμα
2707 1828 3050 1906 κρινόμενος.
3081 1825 3290 1903 Χρόνου
3323 1823 3386 1879 δὶ
3420 1824 3486 1879 οὗ
3537 1820 3758 1878 πολλοῦ

2086 1920 2509 1998 παρῳχηκότος,
2562 1918 2621 1974 ἐκ
2666 1922 2763 1973 τοῦ
2814 1915 3100 1986 Βυζαντίου
3151 1912 3445 1976 Βασίλειος
3505 1914 3535 1967 6
3591 1913 3756 1987 μέγας

2089 2012 2353 2082 ’Δθήναζε
2408 2008 2735 2085 παρεγένετο
2769 2054 2785 2081 ,
2840 2013 2940 2075 τῆς
2991 2002 3113 2076 ἷ¹σης
3174 2002 3340 2079 χάριν
3390 1998 3755 2072 παιδεύσεως,

2086 2097 2325 2154 σύσσιτοί
2352 2119 2411 2153 τε
2455 2098 2596 2171 ὁμοῦ
2647 2094 2737 2151 καὶ
2788 2093 3118 2172 ὁμοῤῥόφιοι
3165 2090 3524 2145 καθίστανται
3576 2087 3754 2158 ἀλλή-

2086 2185 2227 2249 λοις.
2285 2188 2347 2241 Ἡ
2408 2187 2461 2261 γ’
2518 2185 2608 2240 οὖν
2666 2184 2989 2261 ἀμφοτέρων
3064 2178 3291 2255 συζυγία
3353 2179 3451 2234 καὶ
3515 2174 3759 2255 συμφυία

2087 2275 2213 2332 οὐδὲ
2269 2277 2606 2351 παραστῆσαι
2668 2271 2851 2350 ῥᾴδιον
2911 2270 3034 2326 ὅσον
3092 2270 3344 2346 ἑκάτερον
3412 2262 3651 2337 ὤνησεν.
3702 2267 3755 2319 Ὁ

2092 2367 2185 2441 μὲν
2216 2366 2317 2443 γὰρ
2370 2365 2558 2438 μόνος,
2590 2363 2684 2418 κέὶν
2716 2384 2769 2417 τι
2819 2363 3011 2435 νοήσῃ,
3048 2361 3122 2433 μή
3170 2357 3594 2443 καταπιστ-εύων
3634 2356 3758 2410 ἑαυ-

2084 2460 2184 2527 τῷ,
2233 2441 2582 2529 περιέρχεται
2634 2455 2743 2521 (51)
2808 2454 2982 2521 ζητῶν
3051 2449 3165 2522 μεθ’
3224 2447 3287 2502 οὗ
3354 2441 3751 2523 βεϐαιώσηται·

2087 2540 2165 2597 ὅτ’
2195 2540 2254 2596 ἂν
2289 2538 2347 2596 δὲ
2378 2541 2743 2615 συγκραθῶσιν
2781 2537 2945 2612 ἄμφω
2976 2537 3111 2610 πρὸς
3148 2533 3274 2609 μίαν
3310 2533 3613 2606 ἐπιθυμίαν
3642 2552 3759 2586 παι-

2089 2628 2342 2701 δεύσεως,
2389 2626 2656 2699 ἀλλήλων
2714 2624 3127 2682 ἀποδείκνυνται
3180 2624 3492 2699 στήριγμα,
3554 2621 3647 2675 τόν
3702 2641 3757 2674 τε

2089 2719 2403 2796 εὑρίσκοντα
2470 2717 2521 2772 ἐν
2585 2719 2735 2793 μέρει
2794 2718 2906 2788 (52)
2965 2714 3054 2769 καὶ
3112 2713 3203 2768 τὸν
3270 2707 3609 2788 βεϐαιοῦντα
3660 2710 3756 2777 τὴν

2090 2807 2345 2878 ἀλήθειαν
2380 2803 2765 2883 συνειληφότες
2800 2804 2851 2859 ἐν
2885 2804 3121 2864 ἑαυτοῖς.

328 2888 729 2945 conﬁrmetur.
757 2896 828 2947 At
850 2911 981 2949 cum
1010 2895 1146 2960 duo,
1188 2914 1305 2952 una
1342 2898 1524 2953 animi
1556 2898 2008 2970 conspiratione,
2041 2899 2114 2954 ad
2164 2914 2343 2953 unam
2392 2896 2740 2952 eruditionis
2791 2893 3173 2965 cupiditatem
3206 2891 3370 2948 velut
3402 2887 3749 2952 coaluerint,

330 2980 537 3031 mutuo
587 2978 941 3038 adminiculo
982 2983 1273 3054 nituntur,
1327 2987 1474 3041 duas
1525 2987 1804 3041 nimirum
1854 3003 2134 3059 personas
2182 2988 2240 3043 in
2284 3003 2411 3043 sese
2450 2983 2760 3057 complexi,
2813 2998 3022 3054 nempe
3050 2985 3107 3037 et
3136 2982 3265 3052 ejus
3300 2981 3409 3052 qui
3447 2978 3750 3035 veritatem

328 3064 567 3134 invenit,
601 3071 657 3122 et
685 3068 812 3138 ejus
844 3070 942 3141 qui
974 3074 1241 3128 eamdem
1274 3075 1599 3130 conﬁrmat.

400 3156 606 3226 Atque,
657 3162 721 3212 ut
765 3159 953 3215 multa
994 3160 1270 3233 incidam,
1311 3163 1657 3235 praeclarum
1686 3164 1979 3236 quoddam

2162 3162 2261 3218 Καὶ
2316 3159 2407 3216 ’ίνα
2481 3161 2727 3233 συντὲμω
2798 3160 2867 3213 τὰ
2920 3156 3149 3235 πλείονα
3183 3200 3196 3226 ,

335 3245 656 3301 amicorum
690 3263 794 3318 par
821 3250 1090 3304 efﬁcitur.
1124 3251 1269 3306 Nam
1293 3256 1351 3307 et
1373 3269 1489 3307 una
1517 3253 1839 3324 eademque
1871 3253 1983 3309 ﬁde

334 3332 661 3389 collustrati
692 3340 876 3403 erant,
910 3341 966 3391 et
998 3337 1120 3409 pari
1152 3338 1380 3395 virtutis
1411 3357 1605 3397 amore
1636 3342 1982 3414 ﬂagrabant,

337 3424 607 3478 concordi
644 3428 804 3479 motu
836 3431 1169 3495 currentes;
1198 3432 1252 3483 et
1282 3430 1779 3499 quemadmodum
1806 3435 1991 3487 arato-

340 3528 433 3566 res
464 3517 565 3566 aut
597 3512 881 3585 agricolae,
909 3515 1033 3587 pari
1056 3517 1235 3572 animi
1262 3518 1723 3590 promptitudine
1755 3520 1990 3591 sapien-

339 3600 431 3655 tiae
464 3617 667 3657 arvum
712 3604 1150 3673 proscindentes
1190 3610 1247 3661 et
1288 3608 1668 3675 seminantes,
1706 3608 1991 3679 multipli-

340 3704 585 3761 cemque
617 3707 867 3746 messem
919 3692 1275 3765 colligentes.
1328 3695 1685 3751 Fortitudine
1729 3697 1989 3767 quidem,

3262 3154 3497 3227 ζηλωτή
3550 3151 3750 3228 γίνεται

2094 3250 2316 3327 ξυνωρίς
2348 3253 2480 3325 (53).
2516 3249 2696 3305 Πίστει
2745 3268 2805 3303 τε
2852 3247 2952 3323 γὰρ
3006 3250 3141 3315 ἦσαν
3201 3249 3300 3318 μιᾷ
3344 3240 3754 3327 πεφωτισμένοι

2095 3324 2184 3394 καὶ
2234 3324 2426 3415 ἀρετῆς
2469 3338 2731 3412 ὁμότιμοι
2783 3335 3018 3412 ἐρασταὶ,
3068 3330 3349 3408 σύνδρομα
3399 3332 3637 3400 θέοντες,
3667 3324 3757 3380 καὶ

2097 3426 2333 3503 καθάπερ
2378 3426 2641 3503 ἀροτῆρες
2691 3428 2724 3494 ἣ
2776 3423 3061 3501 γεηπόνοι,
3119 3422 3383 3476 ίσοσθενεῖ
3428 3423 3500 3493 τῇ
3557 3417 3754 3492 προθυ-

2103 3517 2202 3590 μίᾳ
2228 3518 2327 3586 τὴν
2362 3517 2592 3591 ἄρουραν
2641 3521 2742 3584 τῆς
2798 3512 2986 3590 σοφίας
3033 3512 3324 3585 τέμνοντες
3355 3532 3419 3566 τε
3468 3507 3559 3564 καὶ
3609 3503 3757 3560 σπεί-

2102 3627 2302 3681 ροντες,
2334 3604 2423 3660 καὶ
2474 3602 2759 3679 πολύχουν
2811 3602 3097 3674 ἀμώμενοι
3126 3601 3217 3655 τὸν
3246 3600 3480 3675 καρπόν.
3516 3592 3760 3681 Ἀνδρεία

2106 3697 2198 3769 μὲν
2232 3693 2322 3749 οὖν
2354 3693 2444 3748 καὶ
2494 3697 2563 3766 τῇ
2602 3693 2737 3767 πρὸς
2783 3692 2850 3745 τὰ
2900 3688 3044 3745 δεινά
3086 3689 3343 3763 καρτερίᾳ
3396 3689 3599 3761 μικροῦ
3630 3680 3757 3737 πάν·

342 3781 399 3833 et
430 3778 483 3832 in
518 3780 778 3834 adversis
814 3782 986 3837 rebus
1018 3782 1375 3854 perferendis
1405 3785 1753 3851 constantia,
1788 3802 1985 3840 omnes

2105 3806 2206 3839 των
2243 3781 2529 3855 ὁμηλίκων
2581 3784 2693 3855 (54)
2746 3779 3066 3854 ἐκράτησαν.
3118 3776 3281 3832 Φιλεῖ
3327 3778 3434 3854 γὰρ
3467 3778 3502 3844 ἡ
3549 3772 3755 3839 νεότης,

342 3867 522 3923 ferme
553 3869 803 3939 aequales
834 3887 971 3926 suos
1002 3872 1320 3927 anteibant.
1350 3872 1466 3928 Hoc
1497 3873 1655 3927 enim
1688 3872 1804 3928 fere
1827 3874 1994 3943 juve-

346 3974 486 4011 num
518 3956 721 4012 vilium
753 3963 865 4025 est,
888 3964 971 4025 ut,
996 3962 1496 4031 quemadmodum
1529 3961 1761 4032 equulei
1792 3962 1999 4033 strepi-

343 4051 441 4101 tus
470 4049 527 4101 et
553 4047 813 4113 umbras,
848 4047 930 4103 sic
954 4047 1066 4119 ipsi
1089 4065 1320 4120 quoque
1349 4049 1687 4122 ingruentes
1718 4050 1995 4107 adversos

345 4152 517 4191 casus
547 4150 695 4205 aegre
725 4151 790 4190 ac
821 4136 1064 4192 moleste
1095 4138 1298 4192 ferant.
1334 4138 1448 4209 Ipsi
1484 4143 1686 4194 contra
1715 4156 1782 4195 ea
1811 4140 1999 4195 ﬁrmi-

347 4228 465 4278 tate
495 4228 681 4293 erant,
714 4226 779 4277 ut
807 4240 895 4289 ea,
928 4241 1055 4295 qua:
1101 4230 1337 4297 repente
1382 4225 1725 4300 plerumque
1757 4244 1822 4282 ac
1852 4244 1997 4299 prae-

2105 3868 2287 3945 ὥσπερ
2340 3874 2450 3945 (55)
2482 3872 2535 3925 οἱ
2582 3870 2765 3925 πῶλοι
2811 3872 2918 3922 τῶν
2968 3864 3149 3921 ἵππων
3202 3866 3339 3941 πρὸς
3388 3864 3520 3925 τοὺς
3554 3860 3755 3937 ψόφους

2104 3962 2194 4016 καὶ
2232 3962 2327 4022 τὰς
2373 3959 2546 4027 σκιὰς,
2598 3958 2740 4012 οὕτω
2783 3962 2898 4019 τοῖς
2939 3955 3338 4030 ἐπιγινομένοις
3390 3952 3529 4024 αὐτῇ
3568 3947 3757 4021 δυσχε-

2110 4048 2305 4126 ραίνειν
2362 4049 2451 4102 καὶ
2507 4048 2753 4110 ἀνιᾶσθαι
2786 4091 2798 4103 .
2859 4044 3025 4102 Αὐτοὶ
3258 4035 3754 4126 τούναντίογᾷᾖ-σαν

2108 4122 2299 4211 πάγιοι
2352 4136 2442 4192 καὶ
2519 4132 2828 4206 δυσκίνητοι
2886 4134 3035 4207 πρὸς
3092 4133 3160 4186 τὰ
3216 4130 3430 4206 ἀθρόως
3490 4122 3758 4183 πολλάκις

2108 4225 2597 4299 καινοτομούμενα·
2642 4225 2715 4285 ὡς
2761 4222 2851 4278 καὶ
2911 4225 3136 4295 σεισμοῦ
3200 4221 3299 4289 τὴν
3348 4213 3593 4274 Ἐλλάδα
3634 4228 3758 4265 κατ’

347 4315 435 4366 ter
466 4328 687 4366 morem
735 4311 1096 4383 accidebant,
1142 4314 1478 4386 tranquillis
1529 4320 1705 4387 atque
1726 4316 1985 4373 immotis

2108 4313 2398 4393 ειληφότος
2456 4311 2878 4388 μεγαλοψύχους
2925 4310 3119 4372 αὐτοὺς
3196 4308 3341 4385 παρᾶ
3410 4312 3573 4361 πᾶσιν
3627 4299 3758 4393 duo:

351 4399 565 4455 animis
595 4399 961 4472 exciperent:
991 4402 1133 4458 adeo
1157 4406 1221 4458 ut
1251 4404 1427 4459 etiam
1456 4411 1623 4459 terras
1656 4410 1819 4460 motu
1850 4408 2001 4462 Grae-

351 4489 500 4544 ciam
532 4488 862 4557 invadente,
894 4490 1071 4546 fortes
1102 4490 1402 4563 animique
1425 4492 1825 4564 magnitudine
1856 4511 2000 4566 prai-

350 4582 576 4634 stantes
607 4579 762 4650 apud
792 4595 995 4636 omnes
1016 4580 1233 4635 inventi
1258 4581 1394 4645 sint,
1426 4581 1702 4653 dignique
1734 4583 1835 4654 qui
1865 4599 1998 4655 pro-

2110 4383 2418 4479 δειχὸἤναι,
2454 4383 2548 4457 καί
2586 4383 2694 4457 τῶν
2746 4383 3103 4478 προφητικῶν
3151 4383 3613 4492 ἀξίους-φωνιῖὗνο
3668 4383 3762 4492 Διά

2105 4497 2266 4548 τοῦτο
2326 4490 2387 4547 οὐ
2456 4485 2883 4570 φοϐηθησόμεθα
2959 4488 3011 4543 ἐν
3085 4492 3166 4560 τῷ
3230 4484 3591 4563 ταράσσεσθαι
3664 4484 3757 4541 τήν

2110 4602 2234 4656 γην.

354 4668 602 4739 pheticis
632 4668 824 4725 verbis
855 4672 1195 4727 uterentur:
1227 4675 1532 4742 Propterea
1558 4688 1675 4728 non
1704 4672 2042 4739 timebimus,
2074 4673 2213 4729 dum
2243 4671 2558 4728 turbabitur
2594 4673 2744 4726 terra
2770 4669 2837 4722 ⁸⁸.

422 4819 466 4854 ⁸⁷
499 4819 573 4876 ΙΙΙ
604 4820 744 4893 Reg.
777 4837 937 4893 xvm,
968 4821 1057 4877 39.
1088 4822 1134 4857 ⁸⁸
1166 4820 1320 4878 Psal.
1353 4840 1479 4892 XLV,
1506 4824 1559 4879 3.

426 4970 538 5051 (317)
567 4973 772 5051 Ἑαυτῷ
801 4971 1233 5051 restituendum
1264 4978 1475 5045 putant
1492 4976 1741 5051 Montac.
1767 4982 1825 5033 et
1844 4979 2011 5034 Com-

360 5042 475 5096 bef.
512 5042 570 5096 in
604 5042 758 5097 notis
790 5044 933 5098 suis.

427 5112 538 5183 (48)
570 5112 826 5168 Gombef.
863 5114 1036 5183 legit:
1086 5115 1145 5169 Ὀ
1190 5113 1319 5177 Θεὸς
1370 5116 1617 5178 τοιοῦτός
1648 5116 1810 5175 ἔστιν.
1843 5118 2007 5176 Colb.

360 5185 412 5249 1,
443 5184 497 5249 2,
531 5188 587 5238 et
616 5184 710 5237 0r.
745 5200 758 5237 :
793 5183 849 5236 Ὀ
879 5184 1007 5245 Θεὸς
1040 5184 1195 5246 οὗτός
1229 5185 1339 5241 ἐστι
1370 5187 1521 5249 Θιός.

2118 4976 2254 5031 Cod.
2288 4975 2349 5030 P.
2382 4972 2659 5043 similiter
2684 4972 2857 5043 habet
2882 4964 3235 5043 πολυσχιδεῖ,
3263 4973 3322 5023 et
3344 4967 3403 5021 in
3427 4965 3548 5021 not.
3581 4966 3757 5023 ωανει

2118 5044 2433 5126 πολυμερῆ,
2466 5039 2756 5126 εἷς-πολλὰ
2786 5039 3131 5126 ξσχισμξνόῇο
3228 5110 3242 5126 ἱ
3307 5110 3330 5126 η
3398 5107 3426 5126 η
3460 5099 3526 5126 ρῌ
3560 5100 3587 5126 Α,

2192 5099 2306 5188 (5i)
2341 5099 2672 5188 tegendum
2728 5099 3026 5188 existimat
3076 5110 3341 5188 Gombef.
3373 5099 3759 5188 .B661'IOSOETil‘:

2344 5169 2801 5244 ’PSsi”M6htac.
2863 5185 3003 5256 legit
3046 5182 3316 5257 _Combef.
3370 5169 3419 5232 ἐν
3474 5172 3640 5249 μέρει,
3688 5169 3764 5219 ita

430 5254 998 5332 (49;_’Extpixup.tac.
1068 5258 1266 5313 Comb.
1328 5260 1639 5332 legendum
1702 5266 1900 5317 censet
1953 5258 1985 5314 ἐς

2121 5253 2249 5316 cod.
2285 5253 2344 5314 P.
2383 5261 2444 5332 In
2478 5258 2834 5332 quibusdam
2864 5253 3014 5332 edit.
3041 5253 3093 5307 ἐν
3123 5255 3302 5332 deest.

357 5323 667 5397 τρικυμίας.

430 5398 544 5475 (59)
576 5397 642 5475 In
670 5396 811 5475 edit.
860 5402 916 5475 et
957 5399 1017 5475 in
1064 5400 1625 5475 codd._quibusdam
1656 5397 2009 5475 πολυσχεδεῖ,

360 5469 461 5524 sed
492 5468 819 5546 Monta_c.et_
849 5471 1101 5546 Combef.
1132 5468 1339 5546 melius
1363 5474 1633 5546 judicant
1660 5468 2011 5546 πολυσῇξιξεῖζ

363 5555 511 5619 nam‘
547 5541 697 5619 apud
728 5540 1400 5619 ,Ἰξίιθοάοῐιεῐιιῐῐιε-ἁπνιῆ
1432 5544 1532 5619 γὰρ
1564 5542 1813 5615 ἀλήθεια,
1846 5540 2015 5619 πολυ-

366 5607 659 5689 σχιδὲς-τὸ
716 5608 910 5689 ψεῦδος
957 5612 1046 5689 καὶ
1103 5607 1758 5689 πολύτροπονίλςίγηρίϐω
1784 5607 1935 5672 enim
1964 5631 1985 5671 ε

2124 5607 2232 5671 λοί.

364 5681 599 5739 candida
630 5681 845 5754 veritas,
876 5685 1218 5743 mendacium
1250 5681 1591 5759 multiﬁdum
1620 5681 1670 5744 et
1714 5695 2010 5746 versutum.

2337 5320 2511 5411 ρσιοί
2532 5332 2581 5391 1,
2601 5336 2672 5411 ἐἰ
2695 5330 2829 5411 ped.
2864 5328 2925 5382 P.
2959 5325 3203 5411 γίνονται
3232 5320 3481 5411 ξυνωρίς.

2218 5381 2309 5471 5λῆ
2343 5381 2905 5471 siC-ciuitatium,
2939 5381 3022 5454 sic
3072 5399 3129 5452 in
3189 5381 3331 5452 edit.
3364 5381 3386 5449 ε’
3413 5400 3470 5447 at
3507 5382 3669 5443 codd.
3700 5381 3761 5431 P-

2120 5467 2365 5539 Colbfi,
2398 5477 2454 5537 2,
2486 5479 2543 5528 et
2573 5467 2666 5529 0f.
2701 5467 3009 5544 ὁμηλίκων.

2196 5546 2304 5571 [εει
2340 5546 2415 5571 τι..
2451 5544 2587 5571 [και.
2648 5546 2665 5571 ι
2745 5547 2802 5571 ι..
2837 5544 2951 5571 mm
3008 5540 3081 5571 ἐκ..
3133 5542 3262 5571 ιιι-η
3293 5537 3395 5571 ηυξ
3455 5533 3492 5571 D
3544 5525 3595 5571 οἱ
3624 5515 3725 5571 πολ

2194 5525 2425 5616 (55γίιᾷ
2442 5525 2702 5600 coibit.
2737 5525 2812 5599 'in'
2835 5544 2972 5599 edit.
3002 5525 3102 5601 a4.
3133 5542 3262 5594 Mox
3293 5537 3419 5593 cod.
3455 5533 3512 5588 P.
3544 5525 3595 5581 οι
3624 5525 3753 5576 πολ·

2195 5688 2306 5761 (55)
2333 5686 2427 5744 Sic
2457 5686 2617 5743 Colb.
2656 5688 2705 5743 1.
2741 5688 2803 5744 In
2836 5685 2974 5744 edit.
2999 5677 3389 5751 autem,At’not
3412 5672 3488 5732 δέ.

4022 4536 4023 4607 ι

4021 4732 4023 4839 ι

4021 5531 4023 5623 ι

4020 5640 4023 5711 Α

4020 6064 4023 6195 1
