4100 6418
345 375 461 434 255
1469 376 1654 438 VlTA
1701 379 1767 437 S.
1816 376 2007 437 GREG

2135 376 2185 435 ll
2230 375 2624 437 THEOLOGI
3640 379 3753 439 256

343 505 579 561 virtutis
611 505 757 561 ﬁnes
817 506 1224 563 consistentes.
1252 508 1455 580 Inopia
1484 513 1678 564 autem
1699 508 1778 563 ita
1808 507 1990 564 excel-

2138 505 2245 561 ὕτω
2300 513 2400 576 τῆς
2448 507 2817 571 Ἀντισθένους
2875 507 2963 562 καὶ
3022 507 3302 582 Διογένους
3363 504 3453 560 καὶ
3541 509 3754 582 Κράτη-

349 593 566 660 lebant,
598 598 874 666 tantoque
907 595 1326 668 Antisthenem,
1350 602 1402 652 et
1433 597 1768 670 Diogenem,
1793 602 1848 652 et
1871 599 1998 652 Cra-

2130 617 2196 658 ’ος
2225 599 2335 669 (64)
2369 597 2770 672 ὑπερήρθησαν,
2821 597 2893 658 ὡς
2945 594 3160 650 παιδιὰν
3193 596 3478 672 ἀποφῆναι
3526 597 3594 650 τὰ
3626 595 3757 650 ἐκεί-

347 686 547 754 tetem,
604 683 904 740 intervallo
963 687 1382 756 praecedebant,
1436 692 1499 741 ut
1547 704 1747 742 eorum
1794 687 1998 741 laudes

2138 707 2209 740 ων
2262 685 2742 762 σεμνολογήματα.
2797 687 2961 740 Ἦσαν
3008 685 3110 760 γὰρ
3158 683 3335 755 έξίσου
3392 686 3489 757 μὶν
3543 684 3757 748 ἐκείνοις

348 771 766 842 magniﬁcique
788 773 938 827 tituli
963 791 1066 844 pro
1091 775 1264 829 meris
1289 775 1460 846 nugis
1488 776 1864 831 haberentur.
1888 775 1995 830 Ne-

351 877 470 931 que
500 859 654 914 enim
687 861 884 916 minus
916 879 1092 932 quam
1125 862 1203 916 illi
1238 880 1374 934 opes
1407 865 1915 935 aspernabantur:
1943 866 1996 917 et

352 950 801 1004 ostentationem
851 950 1106 1018 interim,
1142 951 1445 1022 inanisque
1490 952 1685 1024 gloriae
1735 951 1997 1006 studium

351 1035 555 1109 procul
577 1037 922 1109 ablegabant
953 1057 964 1094 :
1001 1056 1114 1111 quo
1146 1040 1279 1096 vitio
1321 1041 1646 1097 admirandi
1696 1041 1780 1096 illi
1827 1056 2000 1095 canes

354 1124 723 1194 tenebantur,
750 1126 1002 1198 publicis
1033 1130 1358 1201 praeconiis,
1392 1130 1872 1202 reliquorumque
1903 1129 2002 1184 ho-

355 1214 586 1268 minum
618 1215 1456 1292 contemptione,philosophiae
1478 1219 1822 1291 gravitatem
1848 1217 2002 1275 labe-

360 1303 643 1359 factantes
676 1308 732 1359 et
762 1305 1110 1363 obterentes.

417 1392 542 1447 Jam
564 1392 634 1447 de
655 1392 964 1464 prudentia
979 1399 1036 1450 et
1060 1395 1349 1467 sapientia
1370 1397 1510 1469 quid
1535 1397 1743 1452 attinet
1766 1396 1956 1452 dicere
1972 1395 2001 1450 ’ζ

353 1486 495 1537 Cum
527 1482 719 1538 omnis
747 1482 881 1552 vita,
917 1501 1036 1539 una
1066 1484 1182 1539 illis
1211 1486 1510 1541 meditatio
1542 1490 1714 1556 esset,
1744 1503 1809 1541 ac
1837 1485 2001 1558 cupi-

350 1570 506 1626 ditas
537 1576 712 1625 noctu
761 1572 978 1644 diuque
1009 1574 1137 1644 ejus
1167 1573 1554 1646 adipiscenda
1585 1575 1872 1630 desiderio
1913 1575 2000 1629 in-

348 1663 531 1728 tenta,
556 1675 672 1714 non
697 1675 865 1715 secus
889 1665 1063 1731 atque
1083 1660 1289 1733 iis,qui
1305 1663 1628 1718 thesaurum
1647 1662 1910 1736 eﬂodiunt
1931 1663 1998 1730 9‘,

353 1751 418 1803 ut
449 1746 639 1803 verbis
662 1747 771 1803 Job
801 1753 951 1805 utar.
986 1750 1166 1806 Probe
1206 1751 1422 1806 etenim
1463 1755 1743 1808 noverant
1784 1751 1998 1824 egregii

2106 773 2395 846 κτημάτων
2449 775 2901 852 ὑπερφρονοῦντες
2935 820 2948 844 ,
2997 772 3311 842 ἀλαζονείαν
3367 771 3427 828 δὲ
3473 773 3562 828 καὶ
3609 795 3756 828 κενο-

2109 859 2285 932 δοξίαν
2347 866 2457 937 (65)
2516 862 2942 935 ἀποσειόμενοι·
3000 865 3084 924 αἷς
3350 861 3404 915 oi
3467 864 3760 934 θαυμαστοὶ

2107 949 2258 1013 κύνες
2288 950 2552 1022 ἑάλωσαν,
2586 950 2876 1024 δημοσίοις
2924 950 3236 1026 κηρύγμασι
3283 952 3375 1004 καὶ
3409 956 3520 1005 τῶν
3555 949 3755 1004 λοιπῶν

2107 1039 2401 1114 ἀνθρώπων
2437 1039 2701 1116 ὑπεροψίᾳ
2729 1040 2792 1094 τὸ
2823 1047 2922 1109 τῆς
2972 1037 3296 1116 φιλοσοφίας
3346 1039 3543 1111 σεμνὸν
3580 1037 3756 1112 λυμη-

2107 1127 2331 1201 νάμενοι
2364 1131 2495 1202 (67).

2183 1395 2511 1468 Φρονήσεως
2563 1390 2621 1449 δὲ
2665 1389 2841 1450 ἕνεκεν
2890 1393 2944 1449 τί
2988 1394 3102 1469 χρὴ
3158 1393 3247 1448 καὶ
3292 1388 3481 1466 λέγειν
3513 1411 3529 1461 ;
3559 1391 3640 1455 οἷς
3674 1391 3764 1463 μία

2115 1479 2315 1556 μελέτη
2366 1483 2504 1545 ἅπας
2554 1485 2581 1538 ὁ
2631 1481 2746 1558 βίος
2797 1485 2932 1556 (68),
2978 1483 3067 1537 καὶ
3118 1478 3296 1559 ἔφεσις
3350 1478 3597 1552 ἅληκτος
3644 1480 3762 1555 περὶ

2108 1573 2207 1639 τὴν
2240 1570 2406 1641 αὐτῆς
2436 1579 2627 1642 κτῆσιν
2677 1571 2891 1628 ἐτέτατο
2938 1572 3026 1625 καὶ
3075 1570 3285 1647 νύκτωρ
3339 1569 3432 1625 καὶ
3480 1570 3598 1633 καθ’
3636 1569 3763 1638 ἠμέ-

2112 1681 2229 1736 ραν,
2307 1659 2488 1736 ὥσπερ
2565 1661 2832 1736 θησαυρὸν
2910 1659 3257 1734 ὀνορύττουσι
3292 1705 3309 1732 ,
3389 1657 3528 1713 καθά
3607 1679 3759 1736 φησιν

2109 1746 2231 1804 Ἰὼϐ
2263 1751 2290 1806 ὁ
2326 1751 2609 1825 μακάριος.
2652 1749 2726 1804 Εὖ
2773 1751 2876 1826 γὰρ
2927 1747 3142 1824 ᾔδεισαν
3177 1749 3229 1803 oi
3276 1744 3552 1824 γεννάδαι,
3607 1745 3688 1801 ὅτι
3735 1747 3760 1800 ὁ

348 1835 459 1891 viri
505 1835 766 1893 laborem
804 1838 864 1893 in
897 1839 1273 1895 meditatione
1319 1841 1483 1912 prius
1533 1841 1888 1912 impensum,
1940 1841 2000 1895 in

2130 1862 2162 1893 ;ν
2191 1839 2260 1914 τῇ
2295 1837 2494 1914 μελέτῃ
2520 1836 2916 1912 προδανεισθεὶς
2966 1839 3129 1900 πόνος
3179 1836 3230 1892 ἐν
3279 1838 3354 1908 τῇ
3394 1834 3632 1909 διαμονῇ
3676 1834 3760 1889 καὶ

352 1927 784 1998 perseverantia
823 1927 1195 2000 scientiaeque
1242 1929 1508 1986 ubertate
1556 1935 1612 1986 et
1655 1931 1838 2001 copia,
1882 1928 1997 1984 vim

2130 1933 2185 2001 τῷ
2216 1927 2415 1999 πλήθει
2443 1936 2543 1998 τῆς
2575 1929 2827 2004 γνώσεως
2858 1929 2955 1998 τήν
3008 1927 3165 2004 ἰσχὺν
3200 1923 3540 1981 ἀποδίδωσιν
3561 1969 3572 1982 .
3610 1923 3758 1981 Οὕτω

352 2029 521 2069 suam
551 2017 824 2084 proferre.
857 2017 938 2071 Ex
964 2033 1074 2088 quo
1093 2019 1576 2089 assequebantur,
1604 2024 1665 2072 ut
1692 2036 1805 2073 non
1829 2017 2000 2072 modo

355 2101 608 2173 aequales
636 2121 793 2171 suos,
826 2107 926 2160 sed
949 2113 1003 2161 et
1034 2107 1317 2178 plurimos
1341 2113 1480 2162 natu
1521 2108 1770 2178 majores
1812 2107 1998 2162 nomi-

353 2191 446 2247 nis
477 2192 786 2263 splendore
817 2203 1179 2266 superarent,
1213 2201 1338 2251 tum
1374 2201 1608 2268 propter
1638 2196 1896 2251 laborem
1945 2199 2002 2251 et

351 2279 705 2336 industriam
734 2291 1068 2355 naturaeque
1098 2285 1438 2353 bonitatem,
1487 2289 1610 2340 tum
1642 2285 1816 2340 etiam
1868 2284 2003 2354 quia

358 2368 417 2422 in
449 2368 827 2425 honestarum
863 2378 1090 2427 tantum
1122 2373 1606 2446 laudabilumque
1640 2390 1833 2429 rerum
1875 2377 1999 2429 stu-

355 2456 521 2511 dium
555 2457 976 2516 incumbebant.
1008 2463 1197 2534 Atque
1219 2463 1276 2517 in
1310 2467 1430 2518 tota
1449 2463 1682 2534 quidem
1708 2479 2002 2534 gramma-

355 2543 471 2599 tica
501 2544 646 2600 nihil
670 2548 907 2603 omnino
925 2565 1022 2603 eos
1048 2549 1213 2621 fugit,
1245 2567 1357 2605 non
1382 2556 1702 2604 metrorum
1739 2549 2001 2617 scientia,

356 2650 474 2690 non
507 2633 717 2705 poetici
750 2637 911 2708 scopi
941 2643 998 2693 et
1037 2638 1210 2711 tropi,
1243 2656 1356 2694 non
1371 2639 1626 2694 historiae
1668 2639 1855 2709 copia,
1889 2654 2005 2692 non

359 2723 608 2778 forensis
640 2724 911 2781 dictionis
943 2727 1185 2798 puritas.
1219 2732 1284 2782 In
1329 2727 1617 2782 rhetorica
1648 2734 1845 2782 autem
1877 2743 2005 2781 eam

355 2811 640 2867 rationem
673 2813 1024 2884 habuerunt,
1060 2821 1124 2870 ut
1155 2817 1465 2871 verborum
1505 2816 1792 2887 elegantia
1809 2816 2006 2869 decer-

357 2902 457 2970 pta
485 2905 658 2970 atque
688 2901 927 2957 collecta
965 2903 1278 2959 falsitatem
1329 2906 1517 2976 ipsius
1573 2904 2010 2973 mentiendique

357 2986 664 3042 libidinem
712 2989 976 3046 vilarent.
1029 2992 1461 3063 PhilOSOphiam
1496 3009 1686 3064 porro,
1732 2997 1849 3046 tam
1881 3008 2010 3046 eam

361 3092 488 3146 quae
523 3075 582 3131 in
617 3078 900 3145 moribus,
946 3097 1122 3150 quam
1155 3098 1281 3152 qua:
1304 3081 1361 3135 in
1396 3081 1626 3152 placitis
1648 3085 1705 3136 et
1731 3081 2008 3148 doctrina,

361 3165 715 3237 medicaeque
747 3167 1094 3224 indicatione
1140 3175 1197 3224 et
1241 3170 1680 3225 ratiocinatione
1723 3175 2009 3234 versatur,

2113 2018 2206 2090 μὲν
2254 2017 2348 2071 οὖν
2407 2017 2636 2092 ὑπῆρξεν
2697 2017 2881 2079 αὐτοῖς
2934 2022 3040 2071 τῶν
3101 2037 3159 2071 τε
3211 2016 3330 2070 καθ’
3391 2013 3614 2074 ἓαυτοὺς
3671 2011 3752 2065 καὶ

2109 2104 2379 2161 πλείστων
2431 2108 2801 2182 ἀρχαιοτέρων
2856 2103 3265 2177 εύκλεεστέρους
3318 2102 3568 2179 γενέσθαι
3613 2100 3753 2170 πόνῳ

2108 2217 2166 2250 τε
2195 2195 2284 2249 καὶ
2316 2193 2581 2268 εὐκληρίᾳ
2630 2194 2861 2272 φύσεως,
2911 2196 3000 2248 καὶ
3047 2199 3125 2266 τῷ
3171 2192 3299 2267 περί
3348 2193 3418 2246 τὰ
3446 2189 3591 2246 καλᾶ
3632 2188 3759 2261 μόνα

2111 2282 2514 2339 ἐσπουδακέναι.
2551 2290 2944 2358 Γραμματικῆς
2982 2284 3075 2355 μὶν
3130 2281 3220 2336 οὗν
3253 2280 3446 2342 αὐτοῖς
3488 2276 3754 2334 οὐδοτιοῦν

2111 2377 2334 2446 παρεῖτο
2385 2372 2579 2439 λαθὸν,
2632 2372 2694 2425 ού
2757 2372 2966 2444 μέτρων
3014 2370 3322 2442 ἐπιστήμη,
3386 2368 3449 2424 οὐ
3491 2363 3760 2436 ποιητικοὶ

2113 2459 2306 2515 σκοποὶ
2337 2461 2426 2514 καὶ
2458 2460 2671 2536 τρόποι,
2729 2461 2836 2534 οὐχ
2873 2459 3110 2534 ἱστορίας
3158 2458 3407 2526 πλῆθος,
3459 2456 3521 2511 οὐ
3562 2452 3761 2510 πολιτι-

2111 2553 2212 2618 κῆς
2263 2545 2456 2618 λέξεως
2502 2547 2840 2620 καθαρότης·
2878 2547 3176 2623 ῥητορικῆς
3229 2544 3287 2601 δὲ
3343 2547 3407 2600 τὸ
3467 2552 3567 2613 τῆς
3624 2542 3762 2620 φρά-

2116 2659 2250 2700 σεως
2310 2635 2516 2698 κάλλος
2573 2637 3030 2708 ἀπανθησάμενοι,
3087 2637 3149 2690 τὸ
3207 2633 3418 2708 ψεῦδοσ
3477 2630 3756 2703 ἐξέκλιναν·

2116 2726 2440 2805 φιλοσοφίας
2492 2724 2549 2779 δὲ
2597 2727 2820 2795 ἠθικῆς,
2851 2725 2940 2779 καὶ
2973 2724 3070 2794 ὅση
3129 2723 3178 2777 ἐν
3216 2722 3455 2798 δόγμασι
3488 2721 3577 2774 καὶ
3608 2721 3761 2791 ίατρι-

2118 2817 2217 2883 κῆς
2251 2812 2492 2886 ἔνδειξιν,
2538 2814 2624 2868 καὶ
2671 2811 3074 2888 ἀναλογισμῶν,
3126 2811 3186 2866 οὐ
3241 2811 3444 2887 μέχρις
3491 2807 3758 2878 ἐλευθέρου

2123 2902 2383 2977 μετέσχον
2424 2899 2780 2968 παιδεύσεως,
2835 2902 2911 2962 ὡς
2961 2902 3019 2956 ἃν
3077 2902 3152 2974 μὴ
3206 2897 3448 2954 ἰδιωτῶν
3501 2896 3658 2970 μόνον
3705 2893 3760 2946 τὸ

2209 2994 2216 3010 ι
2345 2990 2381 3020 ν,
2708 2992 2720 3007 ι
2887 2992 2897 3010 ι
3137 2991 3150 3008 ς
3495 2987 3506 3002 ε
3620 2984 3631 3000 κ
3689 2979 3710 2997 κ
3736 3011 3761 3022 _

2119 2991 2285 3047 πλεον
2342 3011 2542 3066 εχοιεν,
2584 2989 2730 3045 ἀλλα
2767 2992 3006 3065 καθαπερ
3049 3009 3189 3051 τινες
3220 2986 3511 3042 παιδευται
3549 3005 3634 3038 και
3686 2993 3732 3035 οι

2122 3079 2382 3136 δάσκαλοι
2417 3078 2627 3153 ἄριστοι
2659 3081 2792 3152 (69).
2841 3085 2948 3146 Τῆς
2991 3075 3034 3132 δ’
3081 3075 3146 3131 αὖ
3196 3083 3470 3148 μουσικῆς
3512 3072 3633 3128 ὅσον
3675 3069 3759 3142 μὶν

2122 3169 2350 3244 ἀρχαῖον
2401 3169 2491 3222 καὶ
2539 3167 2856 3242 ἐναρμόνιον
2917 3165 3259 3238 ἐκμαθόντες,
3319 3166 3388 3219 τὸ
3444 3170 3544 3231 τῆς
3591 3164 3761 3244 ψυχῆς

364 3271 479 3310 non
511 3253 734 3309 liberali
765 3261 994 3311 tantum
1039 3257 1360 3313 eruditione
1400 3264 1571 3313 tenus
1604 3262 2007 3329 perceperunt,

2130 3254 2404 3330 θυμοειδές
2469 3277 2526 3311 τε
2583 3256 2672 3310 καὶ
2749 3253 3102 3318 δυσκάθεκτον
3162 3253 3529 3326 ἐξεμάλασσον
3566 3269 3576 3282 ·
3611 3248 3668 3302 τὸ
3721 3241 3761 3298 δ’

365 3358 438 3397 ne
493 3342 741 3397 indoctis
789 3344 1071 3400 duntaxat
1118 3346 1448 3416 superiores
1498 3352 1696 3402 essent
1743 3362 1755 3399 :
1813 3361 2012 3400 verum

363 3431 858 3502 quemadmodum
873 3437 1238 3505 preceptores
1253 3433 2016 3506 quidam,praastantissimi-

365 3535 477 3590 que
508 3521 790 3576 doctores.
821 3522 954 3577 Jam
989 3523 1046 3577 in
1079 3523 1306 3579 musica
1344 3523 1428 3578 ita
1471 3541 1532 3579 se
1579 3527 2014 3594 compararunt,

366 3611 431 3663 ut
460 3608 744 3680 quidquid
771 3609 828 3664 in
856 3627 923 3666 ea
951 3612 1171 3682 antiqui
1206 3617 1262 3666 et
1291 3612 1559 3667 concinni
1590 3617 1678 3667 est
1706 3612 2017 3667 addiscen-

363 3699 472 3764 tes,
506 3715 632 3752 eam
662 3699 869 3752 animae
903 3706 1148 3771 partem,
1184 3702 1239 3755 in
1273 3719 1385 3769 qua
1432 3701 1650 3756 irarum
1682 3701 1909 3756 exsistit
1930 3719 2021 3755 ar-

368 3785 471 3841 dor
503 3786 849 3856 effrenisque
871 3789 1147 3860 impetus,
1180 3789 1509 3845 emollirent
1543 3807 1554 3843 :
1594 3789 1876 3860 quidquid
1923 3807 2023 3845 au-

369 3877 486 3928 tem
519 3875 589 3928 ad
623 3874 977 3947 voluptatem
1005 3877 1274 3948 impellit,
1309 3879 1379 3932 ad
1414 3878 1642 3932 theatra
1673 3878 2017 3948 relegerent.

369 3961 697 4026 Quinetiam
733 3981 1110 4020 numerorum
1141 3965 1672 4038 supputationes,et
1692 3966 2021 4037 geometriae

370 4053 1110 4127 mquitatem,siderumque
1131 4057 1310 4112 situm
1334 4074 1400 4112 ac
1432 4062 1678 4124 motum,
1710 4056 1869 4111 velut
1891 4054 2022 4111 novi

373 4143 601 4214 Moyses
632 4147 689 4197 et
739 4144 958 4215 Daniel,
991 4145 1181 4199 edocti
1229 4150 1367 4199 sunt
1399 4146 1481 4199 ita
1527 4150 1723 4200 tamen
1785 4149 1850 4198 ut
1907 4161 2021 4199 non

370 4234 493 4283 tam
527 4231 597 4285 ab
623 4229 740 4286 illis
761 4232 1135 4302 ducerentur,
1179 4249 1380 4303 quam,
1411 4233 1567 4303 quod
1599 4233 1674 4288 ait
1700 4233 2019 4304 Scriptura,

369 4319 717 4374 intellectum
744 4335 958 4375 omnem
990 4321 1051 4375 in
1075 4322 1457 4392 captivitatem
1505 4321 1814 4392 redigerent
1841 4323 1902 4378 in
1930 4322 2022 4378 ob-

442 4453 485 4488 ⁹¹
513 4451 642 4508 Job.
676 4469 761 4520 III,
790 4453 879 4508 21.

444 4585 663 4640 Dolium
691 4585 966 4654 versatile,
993 4594 1280 4641 ventorum
1309 4586 1365 4641 vi
1390 4586 1727 4657 expositum;

442 4657 592 4722 Quod
622 4657 838 4729 quidem
863 4659 919 4712 ei
946 4657 1197 4712 domibus
1227 4673 1364 4713 auro
1395 4659 1548 4713 tectis
1580 4660 1699 4714 erat

437 4730 764 4785 Pretiosius.
777 4770 788 4782 .
800 4770 812 4783 .
826 4769 835 4781 .
847 4771 859 4783 .

439 4799 625 4856 Crates
654 4801 936 4865 similiter,
956 4814 1083 4852 cum
1110 4798 1323 4854 divitiis
1353 4801 1616 4855 altiorem

438 4870 504 4925 Se
540 4872 829 4942 praberet,
869 4887 933 4926 ac
976 4885 1101 4941 opes
1147 4886 1274 4925 suas
1324 4873 1511 4942 pecori
1553 4872 1849 4943 pascendos
1896 4872 2021 4927 reli-

895 4995 898 4999 ,
1707 4946 1947 5010 [quisseL

440 5012 503 5068 Ut
528 5013 794 5082 nequitiae
821 4995 1180 5067 administras
1215 5027 1278 5066 ac
1305 5028 1632 5083 corporum;
1707 4960 1756 5015 [ᾳ

451 5089 618 5154 {Iram
647 5085 965 5150 ascendens,
991 5099 1192 5151 magno
1223 5086 1497 5154 praconio

442 5153 694 5224 Seipsum
717 5158 777 5226 ut
804 5157 866 5226 in
892 5154 1074 5209 media
1105 5153 1357 5226 Olympia
1387 5158 1748 5224 renuntiavit,

443 5226 692 5279 Mirabile
722 5225 864 5279 illud
890 5226 1098 5280 dictum
1130 5225 1475 5295 proclamans
1504 5243 1523 5279 .·

448 5300 637 5351 Crales
664 5296 928 5352 Cratetem
959 5297 1248 5354 Thebwum
1278 5298 1531 5353 libertate
1559 5297 1724 5352 donat
1734 5313 1754 5358 ;

442 5368 776 5422 Servitutem
805 5384 916 5422 esse
939 5369 1138 5423 ducens
1169 5385 1414 5424 amorem
1442 5370 1710 5439 pecuniae.

440 5460 512 5512 At
541 5474 574 5527 q
587 5458 675 5513 uis
687 5459 735 5511 vi
748 5461 928 5530 rtutes
947 5457 1430 5530 philosophorum
1456 5458 1690 5513 illorum
1708 5473 1873 5514 veras
1897 5475 2026 5515 esse

369 5527 645 5595 virtutes;
672 5529 802 5598 quis
829 5527 964 5583 illos
985 5547 1102 5584 rem
1127 5527 1335 5585 bonam
1365 5531 1507 5585 bene
1529 5535 1757 5585 secutos
1776 5531 2028 5586 dixerit?

369 5598 495 5656 Non
528 5604 680 5654 certe
700 5601 1011 5672 Gregorius
1039 5601 1137 5672 qui
1161 5600 1333 5672 paulo
1361 5601 1515 5656 infra
1539 5601 1621 5656 sic
1646 5601 1906 5673 loquitur
1939 5620 1952 5659 :

445 5690 664 5764 Πρῶτον
710 5688 802 5764 μὶν
829 5685 1109 5764 οὖμκξιλῶς
1155 5687 1214 5764 τὸ
1247 5687 1428 5764 καλῶς
1461 5689 1522 5764 τὸ
1551 5688 1716 5745 καλὸν
1745 5687 2026 5764 μετῄεσαν.

449 5754 647 5817 Πλιῖον
677 5754 778 5838 γαρ
817 5762 882 5832 ῆν
914 5754 1127 5831 ἔνδειξις
1155 5759 1192 5833 ἧ
1222 5757 1394 5816 καλοῦ
1424 5759 1613 5825 πόθος.

2124 3345 2246 3400 ὅσον
2297 3345 2432 3420 πρὸς
2482 3342 2686 3413 ἡδονὴν
2730 3345 2876 3421 φέρει
2924 3347 3041 3404 ταῖς
3091 3348 3311 3412 σκηναῖς
3366 3338 3761 3412 ἀπεπέμψαντο.

2123 3436 2399 3509 Ἀριθμῶν
2462 3430 2519 3486 δὲ
2577 3431 2897 3508 λογισμοὺς,
2955 3431 3045 3485 καὶ
3101 3430 3443 3506 γεωμετρίας
3505 3427 3760 3493 ἰσότητα,

2124 3521 2213 3576 καὶ
2245 3523 2452 3593 ἄστρων
2505 3521 2646 3583 θέσιν
2697 3520 2784 3574 xui
2833 3522 3066 3589 κίνησιν,
3107 3519 3350 3592 καθάπερ
3383 3517 3495 3571 νέοι
3542 3517 3764 3578 Μωϋτῆς

2123 3631 2182 3664 τε
2209 3611 2298 3663 καὶ
2330 3607 2555 3680 Δανιὴλ,
2608 3607 3036 3675 ὲκπαιδεύονται,
3089 3607 3151 3661 οὐ
3182 3607 3319 3681 πρὸς
3375 3606 3590 3662 ἐκείνων
3636 3596 3764 3671 μᾶλ-

2129 3697 2222 3752 λον
2257 3699 2534 3772 ἀγόμενοι,
2567 3698 2692 3753 ἀλλ’
2735 3694 3242 3771 αἰχμαλωτίζοντες
3291 3695 3431 3749 κατᾶ
3459 3695 3520 3748 τὸ
3549 3708 3764 3766 γεγραμ-

2133 3788 2290 3858 μένον
2351 3791 2452 3840 πᾶν
2512 3786 2694 3857 νόημα
2753 3784 2828 3846 εἷς
2887 3785 2984 3850 τήν
3057 3784 3299 3850 ὑπακοὴν
3359 3787 3458 3836 τοῦ
3516 3777 3763 3854 Χριστοῦ·

2128 3873 2336 3934 κάλλος
2389 3894 2448 3927 τε
2493 3875 2582 3926 καὶ
2646 3873 2850 3939 σκέπην
2900 3879 3002 3940 τῆς
3052 3873 3276 3946 πρώτης
3334 3868 3528 3946 σοφίας
3582 3861 3766 3929 ταύτην

2128 3964 2424 4035 τιθέμενοι.
2458 3962 2556 4015 Καὶ
2589 3959 2678 4015 διά
2705 3960 2941 4030 πάντων,
2969 3959 3045 4021 ὡς
3094 3956 3220 4020 ἔπος
3271 3958 3465 4022 εἰπεῖν,
3508 3950 3765 4017 ἐδείδισαν,

2137 4049 2429 4127 βελτιόνων
2484 4071 2543 4104 τε
2597 4051 2686 4104 καὶ
2730 4048 3013 4124 χειρόνων’
3057 4047 3195 4102 ὥστε
3239 4049 3307 4100 τὰ
3354 4049 3447 4122 γὲν
3499 4043 3639 4119 ἔχειν
3682 4058 3768 4127 qu)-

2129 4125 2264 4215 γεῖν,
2294 4139 2362 4194 τὰ
2391 4137 2448 4193 δὲ
2478 4136 2692 4194 ἑλέσθαι
2744 4139 2880 4211 μετὰ
2923 4138 3203 4197 συνέσεως.
3257 4136 3496 4190 Ἐπαινῶ
3542 4131 3657 4215 γὰρ(
3685 4125 3768 4180 τὸν

2132 4213 2373 4295 εἰπόντα,
2430 4226 2526 4282 κᾶν
2585 4226 2809 4302 θύραθεν
2869 4221 3061 4295 ἕστηκε
3114 4226 3216 4291 τῆς
3272 4222 3545 4297 ἡμετέρας
3582 4213 3764 4281 αὐλῆς·

2132 4317 2204 4372 Οὐ
2231 4319 2331 4393 γὰρ
2363 4315 2422 4371 τό
2453 4337 2516 4392 γε
2546 4317 2658 4389 (70)
2705 4312 2907 4390 γνῶναί
2952 4335 3005 4369 τι
3051 4316 3159 4366 τῶν
3205 4313 3282 4385 μὴ
3323 4311 3509 4367 καλῶν
3560 4308 3763 4377 ἄτιμον·

2050 4594 2097 4659 D
2200 4587 2388 4659 Primo
2417 4584 2634 4656 quidem
2662 4598 2772 4639 non
2801 4585 3182 4659 recterectum
3212 4581 3386 4659 secuti
3396 4583 3575 4659 sunt:

2198 4640 2372 4729 lingis
2395 4640 2548 4713 enim
2573 4664 2692 4712 erat
2709 4654 3021 4722 ostentatio,
3042 4669 3209 4726 quam
3249 4651 3505 4708 studium
3538 4640 3765 4704 virtutis.

2223 4765 2314 4831 64)
2346 4768 2455 4819 Pro
2486 4761 2787 4831 Κράτητος,
2820 4761 2947 4831 cod.
2981 4760 3044 4816 P.
3077 4758 3253 4816 habet
3285 4755 3626 4831 Σωκράτους.

2223 4765 2294 4820 64
2346 4768 2455 4819 Pro
2486 4768 2528 4817 K
2565 4765 2787 4830 άτητος,
2820 4765 2947 4816 cod.

2344 4781 2589 4912 God._l§_._
2609 4829 2963 4912 καινοδοξίανΓ

2206 4899 2323 4978 (66)
2356 4908 2444 4962 Ita
2470 4905 2633 4978 _Colb.
2664 4907 2717 4978 ᾖ.
2754 4908 2814 4962 In
2841 4899 2985 4978 edit.
3022 4899 3124 4961 οἷς.
3351 4971 3365 4978 _
3544 4966 3554 4978 ο
3605 4961 3679 4978 Η

2201 4963 2320 5050 (67)
2372 4976 2509 5034 Cod.
2569 4977 2626 5033 P.
2673 4968 3089 5050 λοιμευόμενοι,
3144 4971 3473 5041 contagione
3532 4963 3767 5035 inﬁcien-

2135 5055 2234 5105 tes.

2205 5100 2313 5190 (68)
2367 5118 2458 5178 οῖς
2515 5117 2629 5190 μία,
2661 5122 2768 5176 etc.
2835 5116 3061 5190 Billius
3095 5115 3179 5190 sic
3210 5112 3594 5190 reddiderat:
3641 5100 3768 5190 φέρι

2133 5184 2241 5262 ipsi
2272 5184 2379 5247 toto
2407 5184 2542 5247 vita}
2569 5184 2746 5262 spatio
2784 5189 2934 5245 nihil
2980 5187 3138 5262 aliud
3165 5186 3423 5262 meditati
3451 5184 3577 5262 sint,
3623 5185 3765 5262 Cl}ng

2172 5266 2463 5334 itatemque
2492 5252 2707 5317 omnem
2738 5279 2897 5316 suam
2917 5262 2978 5334 in
2998 5260 3115 5331 ejus
3146 5257 3430 5333 adeptione
3452 5252 3768 5315 metuatque

2133 5333 2384 5389 interdiu
2409 5334 2650 5406 deﬁxam
2679 5333 3013 5406 habuerint:
3050 5397 3072 5406 _
3203 5397 3234 5406 κ
3397 5397 3410 5406 _
3450 5391 3474 5406 ,,

2207 5406 2319 5476 (69)
2343 5394 2522 5461 COdd.
2556 5405 2651 5460 ΟΡ.
2685 5409 2744 5476 et
2773 5406 2834 5460 P.
2867 5401 2956 5476 καὶ
2989 5397 3417 5476 διδασκάλων-οξ,
3445 5394 3691 5476 ἄριστοι...

2210 5408 2296 5476 (69
2343 5406 2522 5461 Codd.
2556 5406 2651 5460 Or.
2685 5409 2744 5461 et
2773 5406 2834 5460 P.
2867 5406 2956 5457 καὶ
2989 5406 3330 5455 διδασκάλων
3366 5406 3417 5452 οἱ
3445 5406 3691 5471 ᾶριστοὶι..

2210 5406 2321 5547 (70)
2353 5478 2489 5532 Cod.
2524 5482 2619 5533 υτ.
2652 5475 2792 5532 τότε,
2844 5475 2936 5532 Sic
2988 5476 3255 5547 verterat,
3285 5470 3484 5547 Billius
3518 5481 3531 5523 :
3561 5461 3766 5547 Mininlf

2134 5536 2486 5618 turpe'utque
2534 5550 2962 5613 ignominiosum
3018 5561 3129 5620 esse
3169 5543 3395 5620 aliquid
3431 5536 3765 5620 eorumnquf

2134 5604 2322 5675 minus
2355 5604 2579 5674 misi;
2606 5630 2755 5689 sunt,
2778 5620 3062 5687 cbgniium
3093 5604 3308 5673 habere.
3361 5609 3589 5671 Brevior
3615 5604 3764 5660 Com-

2137 5692 2326 5750 beﬁsii
2349 5691 2769 5766 interpretatio,
2801 5707 2980 5763 quam
3009 5689 3442 5763 adoptavimus.
