4100 6406
335 401 449 461 257

1350 400 1717 461 AUGTORE
1762 400 2074 461 GREGOR
2089 399 2161 458 l0
2209 400 2751 461 PRESBYTERO.

3633 404 3753 465 258

336 531 465 588 ἀλλ’
494 528 635 586 ἴασιν
669 529 723 602 ἐξ
755 529 922 586 αὐτοῦ
971 522 1352 606 συμϐαίνεσθαι
1386 533 1495 605 (71)
1525 536 1641 593 τοῖς
1694 532 1769 606 μὴ
1816 531 1996 609 φθόνῳ

2128 534 2357 605 :cquium
2389 532 2600 589 Christi
2628 535 2696 602 ’9,
2732 540 2905 605 atque
2938 533 3090 589 hanc
3134 534 3421 606 primaria:
3453 537 3752 609 sapientiae

334 620 401 677 τὰ
430 619 724 698 λεγόμενα,
757 619 885 677 ἀλλ’
914 619 1095 693 εὐνοίᾳ
1122 618 1463 697 δεχομένοις.

2092 618 2596 694 pulchritudinem
2629 625 3155 695 tegumentumque
3176 625 3516 679 statuerent.
3548 626 3626 680 Ac
3652 641 3757 697 per

343 711 566 779 omnia,
598 716 665 768 ut
695 714 777 767 ita
806 710 1032 784 loquar,
1066 717 1184 768 tam
1218 712 1459 769 meliora
1487 728 1663 784 quam
1698 710 2009 778 deteriora,
2044 710 2293 782 grassati
2326 715 2487 780 sunt,
2533 718 2593 767 ul
2620 727 2753 767 cum
2780 710 3005 783 judicio
3035 728 3103 767 ea
3133 711 3347 783 partim
3379 713 3595 785 fugere,
3620 730 3756 785 par-

344 801 453 856 tim
487 800 807 873 amplexari
841 804 1101 874 possent.
1130 801 1270 858 Mihi
1305 802 1460 858 enim
1495 817 1845 875 magnopere
1885 800 2186 874 probatur,
2236 800 2391 872 quod
2432 800 2697 872 quidam,
2736 799 2873 856 licet
2912 818 2945 857 a
2994 806 3195 858 nostra
3226 800 3394 857 caula
3423 805 3753 872 extraneus,

346 889 537 945 dixit:
580 888 748 945 Haud
798 889 954 945 enim
1002 894 1172 962 turpe
1215 906 1283 945 ea
1331 905 1502 946 nosse
1542 907 1668 963 quae
1712 889 1911 945 minus
1957 887 2202 944 honesta
2236 892 2409 945 sunt:
2461 890 2601 963 quin
2653 889 2848 961 potius
2901 890 3261 947 curationem
3304 906 3373 946 ex
3424 907 3491 947 eo
3533 891 3758 948 contin-

349 993 506 1051 gere,
539 978 611 1034 iis
644 978 844 1049 utique
878 979 977 1050 qui
999 995 1115 1034 non
1148 978 1366 1047 invido,
1399 979 1499 1035 sed
1533 979 1782 1034 candido
1810 994 1875 1033 ac
1900 975 2177 1033 benevolo
2208 978 2404 1033 animo
2435 994 2503 1033 ea
2531 994 2657 1049 quae
2689 977 2986 1050 dicuntur,
3019 978 3336 1049 accipiunt.

413 1062 589 1123 Ἀλλᾶ
632 1064 688 1121 τί
736 1061 955 1138 ἔπαθον,
988 1066 1033 1120 ὦ
1081 1064 1274 1143 φίλοις
1308 1065 1514 1137 Μεταξὺ
1560 1065 1661 1143 γὰρ
1707 1066 1914 1141 προϊὼν
1967 1064 1996 1119 6

346 1151 536 1230 λόγος,
582 1152 917 1229 συναρπάσας
964 1154 1055 1209 τὸν
1107 1153 1354 1230 λέγοντα,
1405 1152 1645 1230 καθάπερ
1690 1152 1861 1209 ’ίππος
1904 1153 1994 1208 τὸν

348 1236 633 1315 ἐπιϐάτην,
695 1241 771 1304 εἷς
826 1241 952 1305 τοὺς
1025 1241 1273 1305 ἐπαίνους
1347 1243 1641 1314 κατέστησε
1714 1241 1998 1300 Βασιλείου

346 1335 449 1385 τοῦ
484 1328 772 1407 μακαρίου.
806 1332 1010 1407 Μικρὸν
1046 1328 1135 1386 οῦν
1183 1331 1445 1408 ἐπισχὼν,
1480 1331 1591 1387 οἷόν
1640 1353 1749 1387 τισι
1802 1331 1997 1409 ῥυτῆρ-

355 1439 440 1473 σιν
475 1422 582 1493 (72)
612 1418 912 1475 ἀναστείλω
938 1419 1029 1475 τὸν
1061 1418 1247 1496 λόγον,
1279 1419 1367 1476 καὶ
1396 1421 1495 1491 τὴν
1549 1419 1760 1496 τόλμαν
1810 1420 1998 1499 ἐφέξω,

363 1508 443 1581 μὴ
504 1506 685 1584 πρόσω
742 1507 1012 1587 φέρεσθαι.
1046 1509 1109 1565 Οἱ
1155 1509 1255 1587 γὰρ
1297 1513 1405 1566 τῶν
1440 1510 1571 1587 ὑπὲρ
1603 1508 1826 1584 δύναμιν
1862 1509 2001 1588 ἐφιε-

356 1616 508 1669 μενοι
565 1596 651 1651 καὶ
707 1600 816 1651 τῶν
876 1597 1109 1674 μετρίων
1161 1598 1654 1675 ἀποτυγχάνουσιν.
1688 1597 1860 1657 Ἀλλᾶ
1906 1605 2003 1654 Βα·

352 1683 561 1747 σίλειος
622 1686 715 1758 μὲν
769 1688 880 1759 (73)
928 1688 1027 1756 τὴν
1079 1686 1255 1757 καλὴν
1302 1687 1669 1763 πραγματείαν
1737 1687 2003 1764 ἐμπορευ-

278 1792 290 1800 ·
350 1772 609 1846 σάμενος,
642 1771 823 1829 οῗ¹καδε
867 1772 1036 1831 ἵκετο·
1090 1776 1391 1853 Γρηγόριος
1442 1774 1499 1832 δὲ
1542 1776 1702 1853 ἀπρὶξ
1739 1780 1853 1852 (74)
1882 1798 2005 1833 κατ-

354 1862 543 1937 είχετο
586 1867 703 1924 τοῖς
750 1863 1049 1933 Ἀθηναίων
1109 1872 1410 1943 φοιτηταῖς,
1474 1869 1613 1940 μήτε
1666 1867 1765 1935 τὴν
1824 1864 2006 1937 ἔξοδον

354 1949 504 2021 αὐτῷ
536 1955 913 2026 συγχωροῦσι,
944 1952 1038 2007 καὶ
1068 1951 1339 2009 παιδεύειν
1388 1954 1583 2017 αὐτοὺς
1633 1952 2007 2030 ἐκλιπαροῦσι,

356 2037 451 2092 τόν
498 2059 559 2093 τε
608 2040 915 2116 σοφιστικὸν
968 2039 1159 2114 θρόνον
1207 2042 1580 2119 παρακαλοῦσι
1633 2040 1902 2119 δέχεσθαι.
1951 2044 2009 2099 Ὀ

358 2124 419 2181 δὲ
450 2127 586 2203 πρὸς
624 2127 717 2200 μὶν
748 2127 955 2204 ὀλίγον,
982 2131 1082 2198 τὴν
1124 2130 1260 2205 πρὸς
1306 2131 1502 2194 αὐτοὺς
1542 2134 1705 2208 χάριν
1749 2131 2008 2210 ἀφοσιού-

361 2236 524 2288 μενος
567 2216 699 2288 (75),
750 2215 945 2290 ἔμεινε·
981 2217 1175 2293 μικρὸν
1227 2216 1284 2273 δὲ
1330 2219 1572 2295 ὕστερον,
1606 2220 1840 2283 ἅπαντας
1880 2220 2009 2285 τοὺς

356 2302 532 2358 ἐκεῖσε
580 2302 771 2381 φίλους
814 2301 1199 2379 ἀντιϐολήσας,
1240 2307 1331 2362 καὶ
1378 2308 1584 2377 πείσας,
1617 2308 1692 2372 ὡς
1750 2309 2011 2385 ἀναγκαία

361 2388 453 2461 εἵη
511 2392 656 2465 αὐτῷ
694 2395 729 2463 ὴ
781 2393 917 2469 πρὸς
966 2394 1096 2457 τοὺς
1143 2396 1398 2459 τεκόντας
1447 2398 1645 2473 ἄφιξις,
1696 2398 2012 2473 τριακοστὸν

368 2476 481 2549 ἤδη
512 2480 806 2555 πληρώσας
837 2480 955 2546 ἔτος
988 2482 1040 2538 ἐν
1076 2489 1191 2547 τοῖς
1242 2487 1581 2559 μαθήμασιν,
1612 2487 1755 2543 οὕτω
1795 2492 1865 2561 τῇ
1907 2509 2011 2543 πα-

370 2565 515 2643 τρίδι
541 2569 718 2625 ἑαυτὸν
745 2569 1067 2631 ἀποδίδωσι.

441 2834 543 2888 Καὶ
600 2838 815 2910 πρῶτον
873 2837 967 2908 μὲν
1024 2837 1088 2892 τὸ
1147 2843 1288 2902 θεῖον
1340 2834 1602 2913 λαμϐάνει
1654 2841 1951 2918 βάπτισμα,
1987 2843 2014 2899 6

371 2920 465 2974 καὶ
526 2923 717 2996 πρώην
772 2926 841 2996 τῇ
902 2920 1122 2996 δυνάμει
1179 2925 1605 3002 πεφωτισμέινος⁸
1656 2929 1747 2983 καὶ
1801 2929 2012 3001 τίθησιν

370 3008 497 3083 ερον
526 3008 700 3081 ἑαυτῷ
735 3013 947 3084 μήποτε
976 3011 1217 3087 ὀμόσειν,
1254 3014 1449 3090 μέχρις
1478 3015 1535 3069 ἂν
1568 3018 1645 3090 τῷ
1682 3016 1786 3092 βίῳ
1838 3016 2016 3092 τούτῳ

370 3095 821 3169 ἐμπολιτεύηται·
882 3100 939 3154 ’ὃν
997 3100 1088 3154 καὶ
1147 3101 1222 3163 εἰς
1280 3101 1439 3168 τέλος
1497 3102 1773 3182 ἐφύλαξεν
1834 3105 2017 3163 ἔπειτα

366 3186 534 3241 πόθον
564 3188 766 3262 γονέων
801 3186 888 3243 καὶ
940 3187 1116 3267 φίλων
1165 3190 1505 3267 ἀποπληροῖ,
1538 3198 1644 3248 τῶν
1698 3194 1866 3250 αὐτοῦ
1915 3195 2016 3252 λό-

2179 1066 2290 1122 Sed
2354 1066 2495 1139 quid
2530 1065 2674 1121 mihi
2707 1066 2942 1135 accidit,
2975 1083 3007 1122 ο
3068 1066 3240 1122 amici
3270 1066 3299 1122 τ
3329 1067 3552 1124 Interea
3600 1067 3755 1124 enim

2108 1155 2486 1226 progrediens
2517 1154 2724 1224 oratio,
2755 1153 2914 1210 velut
2946 1172 3130 1226 equus
3188 1171 3500 1224 sessorem,
3553 1157 3638 1214 sic
3668 1174 3760 1213 me

2108 1243 2231 1299 haec
2256 1243 2546 1299 dicentem
2578 1242 2855 1315 abripuit,
2881 1246 3051 1315 atque
3072 1242 3131 1299 in
3163 1243 3315 1301 beati
3346 1244 3756 1303 Basiliilaudi-

2108 1331 2220 1387 bus
2247 1331 2562 1388 collocavit.
2595 1332 2805 1389 Parum
2832 1332 3323 1405 igiturinsistens,
3344 1333 3759 1405 velutquibus-

2111 1422 2245 1478 dam
2267 1421 2510 1478 habenis
2536 1421 2854 1478 orationem
2889 1421 3227 1495 reprimam,
3251 1423 3759 1497 temeritatemque

2110 1527 2499 1583 compescam,
2532 1527 2604 1566 ne
2650 1509 2896 1566 ulterius
2950 1527 3204 1583 praeceps
3264 1511 3499 1567 feratur.
3534 1512 3759 1569 Etenim

2113 1599 2214 1672 qui
2272 1599 2496 1655 viribus
2563 1599 2788 1671 majora
2838 1599 3279 1670 concupiscunt,
3325 1616 3397 1655 ne
3446 1600 3760 1656 mediocria

2114 1687 2348 1760 quidem
2380 1692 2799 1760 assequuntur.
2831 1687 2981 1760 Ergo
3012 1686 3265 1743 Basilius
3291 1688 3564 1761 prmelare
3586 1706 3763 1762 nego-

2113 1777 2317 1841 tiatus,
2348 1776 2590 1831 domum
2622 1792 2684 1831 se
2712 1775 2962 1848 recepit:
2995 1776 3308 1849 Gregorius
3339 1781 3531 1833 autem
3561 1795 3593 1833 a
3628 1782 3761 1834 stu-

2119 1866 2284 1922 diosa
2312 1864 2755 1921 Atheniensium
2779 1866 3107 1936 juventute,
3127 1865 3283 1920 omni
3313 1866 3508 1921 studio
3540 1866 3763 1922 detine-

2118 1955 2314 2025 batur,
2364 1960 2430 2009 ut
2486 1971 2591 2011 nec
2639 1953 2972 2010 discedendi
3025 1955 3278 2009 facerent
3309 1954 3668 2022 facultatem,
3703 1971 3768 2010 ac

2120 2043 2361 2099 docendi
2388 2042 2745 2115 provinciam
2777 2042 2997 2110 subire,
3030 2042 3524 2114 sophisticamqne
3574 2043 3772 2101 cathe-

2119 2132 2284 2188 dram
2310 2131 2591 2204 accipere,
2616 2130 2823 2186 obnixe
2856 2134 3129 2203 rogarent
3157 2134 3213 2185 et
3243 2131 3637 2186 obsecrarent.
3669 2131 3770 2187 Ille

2121 2236 2279 2288 vero,
2315 2237 2384 2275 ne
2414 2220 2470 2274 in
2499 2220 2763 2292 ipsorum
2792 2218 3038 2291 gratiam
3097 2218 3242 2274 nihil
3280 2219 3465 2275 facere
3494 2219 3639 2275 velle
3683 2221 3771 2276 vi-

2121 2309 2376 2375 deretur,
2409 2308 2837 2380 aliquantisper
2880 2307 3118 2363 mansit.
3152 2307 3360 2363 Verum
3394 2308 3549 2363 haud
3588 2307 3770 2365 multo

2118 2397 2425 2469 interjecto
2451 2400 2731 2469 tempore,
2766 2412 2899 2451 cum
2930 2413 3135 2452 omnes
3164 2395 3401 2464 amicos,
3436 2413 3583 2469 quos
3613 2396 3672 2451 in
3702 2412 3770 2452 ea

2122 2487 2265 2542 urbe
2296 2486 2567 2552 habebat,
2599 2489 2916 2553 exorasset,
2942 2501 3177 2556 suaeque
3207 2486 3278 2540 ad
3329 2490 3598 2557 parentes
3638 2502 3770 2558 pro-

2122 2573 2389 2631 fectionis
2421 2574 2827 2629 necessitatem
2860 2572 3006 2645 ipsis
3037 2573 3360 2646 probasset,
3393 2573 3475 2629 ita
3507 2574 3773 2641 demum,

2121 2662 2418 2718 tricesimo
2441 2664 2565 2733 jam
2600 2678 2753 2718 anno
2784 2662 2844 2716 in
2903 2661 3118 2717 artium
3151 2661 3364 2718 studiis
3421 2666 3644 2732 exacto,
3677 2680 3778 2735 pa-

2123 2751 2247 2807 trias
2276 2767 2404 2807 sese
2425 2750 2698 2807 restituit.

2193 2842 2272 2895 Ac
2304 2840 2560 2912 primum
2595 2839 2787 2894 divino
2818 2838 3171 2911 baptismate
3219 2838 3486 2911 tingitur,
3520 2839 3617 2911 qui
3648 2840 3776 2911 jam

2124 2934 2259 2984 ante
2291 2928 2548 3000 potentia
2586 2927 2755 2999 vique
2802 2927 3172 2983 illuminatus
3230 2931 3384 2983 esset
3418 2945 3431 2983 :
3466 2927 3776 3001 legemque

2125 3017 2234 3073 sibi
2270 3017 2476 3072 indicit
2506 3033 2807 3087 nunquam
2834 3016 3099 3087 jurandi,
3126 3016 3388 3087 quandiu
3419 3016 3478 3071 in
3515 3016 3623 3073 hac
3654 3020 3773 3073 vita

2123 3110 2453 3162 versaretur
2481 3123 2491 3159 :
2526 3122 2700 3176 quam
2732 3104 2907 3159 etiam
2940 3104 3010 3159 ad
3044 3110 3366 3159 extremum
3400 3121 3586 3175 usque
3617 3104 3771 3161 diem

2126 3194 2392 3250 servavit.
2427 3192 2666 3258 Deinde,
2700 3195 2764 3246 ut
2812 3194 3119 3263 parentum
3179 3196 3234 3246 et
3292 3192 3637 3259 amicorum,
3672 3192 3773 3264 qui

360 3297 474 3351 γων
507 3274 798 3353 ἐφιεμένων
830 3275 1073 3333 ἀκοῦσαν
1116 3277 1177 3333 οὗ
1207 3280 1307 3357 γὰρ
1340 3280 1497 3344 αὐτὸς
1530 3281 1645 3357 εἶχε
1676 3284 1797 3359 περὶ
1854 3289 2012 3341 τοῦτο

2129 3284 2325 3356 ipsum
2356 3281 2527 3338 verba
2558 3280 2862 3337 facientem
2879 3281 3080 3335 audire
3097 3279 3443 3352 gestiebant,
3466 3280 3776 3353 cupiditati

362 3362 706 3441 φιλοτιμίαν.
770 3362 1268 3440 Συμϐουλευόντων
1334 3367 1392 3425 δὲ
1450 3368 1739 3445 δημοσίοις
1804 3395 1863 3428 τε
1927 3375 2016 3431 καὶ

364 3451 591 3513 οἰκείοις
650 3451 1078 3529 ἐγκαλινὸεῖσθαι
1138 3463 1327 3521 κακοῖς
1384 3458 1549 3532 (οὕτω
1608 3461 1711 3537 γὰρ
1766 3462 2016 3536 ὀνομάζω

361 3540 464 3607 τήν
515 3541 570 3596 ἐν
616 3548 736 3605 τοῖς
791 3542 1003 3607 ὑλικοῖς
1049 3548 1433 3623 περιφάνειαν),
1468 3548 1625 3612 αότὸς
1678 3549 1850 3623 ἐαυτῷ
1896 3573 2016 3606 συν-

363 3623 629 3685 εϐούλευε
662 3628 844 3687 δοῦναι
878 3633 1085 3702 ἑαυτὸν,
1116 3636 1352 3711 καθάπερ
1386 3637 1651 3713 ὑπέσχετο
1699 3637 2014 3695 κινδυνεύων

361 3721 504 3789 Θεῷ,
536 3718 747 3792 κόσμου
777 3742 835 3775 τε
864 3724 1224 3797 χωρισθῆναι,
1247 3725 1335 3779 καὶ
1363 3724 1515 3799 μόνῳ
1544 3731 1623 3798 τῷ
1652 3728 2016 3802 καθαρωτάτῳ

360 3811 622 3860 συνεῖναιο
650 3808 740 3862 καὶ
768 3814 887 3872 ταῖς
934 3811 1104 3886 ⁴ἱεραῖς
1166 3807 1384 3886 βίϐλοις
1427 3814 1851 3888 καθομιλοῦντα,
1885 3815 2017 3871 ἐκεῖ·

362 3907 453 3958 θεν
506 3892 682 3950 ἕλκειν
740 3904 840 3967 τῆς
902 3896 1163 3971 ἀληθείας
1217 3902 1316 3971 τὴν
1373 3897 1669 3977 ἕλλαμψιν.
1702 3910 1763 3959 Ὃ
1809 3902 1874 3975 δὴ
1925 3904 2015 3960 καὶ

363 3988 541 4038 ποιῶν
590 3980 840 4059 διετέλει,
877 3990 1149 4060 μοναστὴς
1199 3988 1317 4045 ἀντὶ
1364 3997 1654 4065 κοσμικοῦ,
1706 3993 1795 4048 καὶ
1855 3994 2017 4066 ἀκτή-

379 4093 495 4142 μων
528 4072 638 4127 ἀντὶ
669 4093 778 4150 χρη
792 4081 1049 4146 ματιστοῦ
1083 4077 1211 4132 εἶναι
1245 4078 1522 4153 ἑλόμενος.

2128 3371 2490 3429 satisfaceret
2519 3370 2730 3443 (neque
2770 3368 2925 3424 enim
2962 3368 3019 3424 id
3052 3369 3176 3441 ipse
3207 3370 3515 3425 ambitiose
3546 3370 3778 3427 affecta-

2128 3461 2268 3533 bat),
2302 3460 2411 3516 hoc
2441 3476 2673 3531 quoque
2702 3475 2943 3514 munere
2988 3457 3347 3529 defungitur.
3384 3458 3591 3513 Verum
3644 3475 3778 3515 cum

2129 3551 2304 3606 iidem
2322 3554 2588 3605 auctores
2606 3546 3291 3620 ipsiessenl,utpublicis
3320 3547 3777 3620 domesticisque

2128 3638 2301 3695 malis
2359 3638 2463 3711 (sic
2512 3637 2667 3693 enim
2730 3654 2926 3691 rerum
2986 3640 3351 3691 terrenarum
3405 3635 3773 3707 splendorem

2127 3727 2692 3801 amplitudinemque
2722 3725 2881 3797 voco)
2941 3724 3198 3797 seipsum
3257 3722 3572 3779 involverat
3603 3740 3616 3781 :
3650 3724 3775 3796 ipse

2127 3822 2330 3873 contra
2361 3814 2471 3871 sibi
2496 3813 2854 3879 consulebat,
2905 3816 2986 3881 ut,
3029 3811 3528 3883 quemadmodum
3555 3812 3612 3867 in
3646 3813 3775 3869 vitae

2128 3905 2441 3962 discrimen
2467 3904 2757 3959 adductus
2791 3900 3163 3973 promiserat,
3213 3900 3329 3956 Deo
3362 3916 3489 3957 sese
3520 3902 3776 3973 offerret,

2126 4000 2182 4050 et
2214 4013 2246 4051 a
2272 3994 2493 4049 mundo
2512 3992 2980 4063 sejunctus,cum
3004 3990 3195 4062 eo,qui
3231 3991 3392 4047 solus
3423 3991 3779 4063 purissimus

2127 4088 2235 4150 est,
2270 4083 2398 4139 vitae
2427 4080 2851 4138 consuetudine
2882 4082 3248 4152 jungeretur,
3306 4086 3481 4153 atque
3512 4097 3580 4136 ex
3608 4081 3783 4138 libro—

376 4176 507 4215 rum
539 4179 834 4220 sacrorum
873 4166 1147 4223 familiari
1179 4167 1421 4224 lectione
1450 4170 1713 4227 veritatis
1752 4171 2124 4245 splendorem
2166 4172 2447 4229 hauriret.
2490 4171 2549 4226 Id
2600 4170 2753 4241 quod
2798 4186 2898 4241 per
2944 4185 3178 4225 omnem
3217 4169 3399 4225 vitam
3438 4169 3625 4227 facere
3665 4187 3780 4227 non

372 4248 619 4317 destitit,
652 4252 979 4310 monachus
999 4271 1127 4312 esse
1158 4256 1352 4328 potius
1382 4257 1606 4315 habens
1638 4276 1817 4331 quam
1850 4262 2207 4330 mundanus,
2241 4264 2297 4318 et
2327 4277 2549 4333 pauper
2579 4275 2755 4330 quam
2790 4258 3203 4330 quaestuarius.

442 4333 722 4400 Πολλάκις
794 4344 922 4415 γοῦν
998 4342 1087 4397 καὶ
1144 4345 1372 4419 Χριστὸν
1443 4344 1587 4422 ὲώρα
1659 4346 1901 4424 ἐναργῶς
1965 4350 2012 4404 ἒν

2194 4352 2273 4406 Ac
2305 4364 2703 4422 saepenumero
2730 4347 2840 4419 ipsi
2874 4347 3106 4414 accidit,
3134 4351 3198 4403 ut
3218 4346 3512 4403 Christum
3546 4364 3781 4421 quoque

621 4429 747 4517 (76),
791 4429 881 4482 καὶ
939 4428 990 4484 ἐν
1049 4429 1247 4506 μελέτῃ
1302 4435 1602 4511 νυκτερινῇ,
1648 4421 1829 4502 καθώς
1886 4460 2017 4517 φησι

372 4513 407 4579 ἡ
444 4506 641 4599 βίϐλος
671 4516 705 4585 ἡ
734 4515 873 4592 ἱερὰ,
912 4517 1113 4589 ταύτην
1163 4528 1263 4590 τῆς
1306 4506 1673 4599 καθαρότητος
1721 4506 2017 4599 λαμϐάνων

370 4597 656 4692 ἀντίδοσιν.
694 4606 971 4692 ,Μακάριοι
1017 4607 1141 4683 γὰρ,
1184 4609 1369 4687 φησὶν,
1403 4597 1454 4666 οἳ
1502 4613 1728 4689 καθαροὶ
1894 4636 2021 4692 καρ-

368 4684 482 4780 δίᾳ·
516 4690 598 4744 δτι
646 4691 800 4747 αὐτοί
845 4694 937 4749 τὸν
990 4696 1118 4750 Θεὸν
1167 4684 1408 4772 ὄψονται.
1456 4684 1698 4778 Καθαρον
1747 4684 1851 4780 γὰρ
1899 4684 2022 4759 τοῦ·

365 4776 459 4830 τόν
511 4799 675 4869 φησιν
705 4782 733 4834 6
774 4782 993 4869 Κύριος,
1047 4785 1239 4849 ὁποῖος
1289 4787 1356 4856 ἧν
1405 4788 1433 4842 6
1484 4776 1647 4865 μέγας
1697 4776 2022 4869 Γρηγόριος,

370 4862 689 4922 καταλιπὼν
747 4868 957 4943 πόλεις,
1003 4872 1224 4951 ἀγορὰς,
1276 4875 1489 4954 θέατρα,
1523 4862 1790 4957 σοφιστῶν
1827 4862 2023 4960 τῦφον,

444 5072 490 5107 ⁹²
521 5073 569 5128 II
591 5074 716 5130 Cor.
750 5093 804 5145 ι,
836 5076 890 5131 5.
923 5078 968 5113 ⁸³
994 5078 1104 5135 Job
1152 5098 1351 5148 mm,
1412 5085 1500 5142 15.
1532 5085 1577 5121 ⁰⁴
1622 5084 1828 5143 Matth.
1879 5103 1936 5157 ν,
1966 5087 2022 5142 8.

376 5278 747 5403 60:21.1)C01b,
786 5286 832 5348 ι,
876 5283 947 5353 ‘2,
978 5288 1041 5339 P.
1090 5290 1147 5339 et
1201 5286 1296 5343 Or.
1352 5289 1522 5343 codd.
1570 5282 1855 5361 συμϐαίνει
1882 5291 2025 5367 γίνε-

593 5419 674 5504 Ita
703 5421 864 5504 polb:
898 5423 1017 5504 l_et
1042 5426 1114 5493 2;
1147 5427 1233 5504 in‘
1264 5428 1405 5495 edit,
1468 5426 1755 5504 ῥητῆρσιν.
1796 5435 1931 5490 Cod.
1961 5434 2022 5491 Ρ.

376 5491 796 5575 ραεξξᾷιχίξιώςῐ
834 5491 1120 5575 ῥυτῆρσιν,
1140 5499 1276 5575 etAin
1313 5491 1432 5575 not.
1464 5491 1649 5575 in'arg,
1682 5502 1889 5575 ἱμᾶσινς

448 5561 896 5642 (73Ltlévdeest
928 5561 988 5642 in
1020 5561 1146 5642 cod.
1180 5570 1275 5626 0r.
1310 5572 1409 5642 qui
1444 5588 1578 5627 mox
1593 5561 1812 5631 “habet
1842 5569 2027 5629 oi’m8s

369 5624 727 5763 δξξξτξῐ
756 5638 885 5694 cod.
928 5637 991 5695 P.
1023 5624 1245 5698 domum
1271 5624 1577 5715 adpetiti."
1607 5624 1865 5706 Iri—edit:

414 5732 427 5755 ι
541 5734 561 5757 ι
711 5748 724 5763 .

2130 4439 2435 4512 perspicuo
2492 4437 2551 4491 in
2615 4437 2857 4504 somnis,
2914 4438 3292 4507 nocturnaque
3338 4439 3403 4491 ut
3480 4435 3784 4509 Scriptura

2130 4527 2411 4600 loquitur,
2445 4526 2489 4561 93
2516 4525 2880 4581 meditatione
2930 4525 3316 4595 conspiceret,
3354 4540 3602 4597 eamque
3634 4525 3788 4596 puri-

2133 4616 2270 4672 tatis
2297 4614 2620 4670 mercedem
2656 4614 2847 4667 ferret.
2900 4614 3060 4667 Beati
3106 4612 3283 4682 enim,
3326 4612 3539 4683 inquit,
3581 4615 3785 4670 mundo

2132 4704 2338 4761 corde:
2377 4704 2640 4775 quoniam
2700 4701 2808 4773 ipsi
2863 4702 3034 4755 Deum
3090 4700 3349 4755 videbunt
3385 4702 3449 4754 9‘.
3498 4701 3784 4757 Mundum

2133 4793 2290 4850 enim
2324 4809 2455 4848 eum
2491 4791 2634 4846 dicit
2665 4789 2976 4860 Dominus,
3000 4788 3191 4861 qualis
3220 4792 3345 4845 erat
3368 4804 3614 4861 magnus
3647 4790 3789 4846 Gre-

2135 4881 2359 4955 gorius,
2383 4880 2481 4951 qui
2515 4881 2711 4949 urbes,
2772 4879 2915 4950 fora,
2970 4879 3218 4951 theatra,
3267 4878 3665 4950 sophistarum
3698 4878 3789 4935 fa-

2207 5289 2319 5360 (74)
2358 5289 2494 5344 God.
2556 5288 2618 5343 P.
2668 5287 2727 5342 in
2778 5291 2898 5344 not.
2950 5303 3132 5359 marg.
3189 5284 3429 5359 ἰσχυρῶς
3503 5282 3786 5363 ἀσφαλῶς,

2139 5359 2320 5502 βί((75)
2352 5431 2487 5487 Cod.
2520 5430 2560 5486 P
2594 5430 2651 5485 in
2711 5434 2832 5486 not.
2876 5444 3062 5501 marg.
3107 5426 3574 5502 προσποιονὲμενος
3609 5425 3787 5499 δῆὓῖν.

2134 5502 2385 5561 videlicet
2414 5501 2794 5557 dissimulans.

2207 5576 2318 5645 (76)
2351 5573 2482 5645 Qun?
2513 5579 2841 5645 sequuntur
2871 5572 3326 5645 desuntinColb.
3364 5573 3414 5643 1,
3447 5571 3549 5645 qui
3579 5573 3663 5628 sic
3682 5573 3783 5629 ha-

2134 5642 2229 5703 bet
2257 5664 2269 5701 :
2297 5642 2381 5699 Ἔν
2411 5642 2728 5713 ὕπνοεξτὴν
2759 5649 2858 5715 τῆς
2889 5642 3281 5720 καθαρότητος.
