4100 6390
1573 404 1754 466 Vl'I‘A
1803 410 1867 467 S.
1918 406 2286 468 GREGORII
2336 404 2725 469 THEOLOGI
3725 411 3834 473 260

444 412 561 471 $359

443 550 621 609 stum,
653 543 985 617 principum
1022 545 1077 597 et
1136 542 1589 613 magistratuum
1645 541 2069 595 contumaciam

2210 538 2491 613 ἀρχόθτων
2536 540 2809 609 ἀπονοίας,
2863 537 3126 595 δικαστῶν
3210 538 3549 612 μετακλίσεις
3594 544 3723 614 (77),
3759 540 3829 597 δι-

432 634 705 705 judicum
733 631 963 702 iniquas
994 647 1304 685 causarum
1340 630 1705 697 inﬂexiones,
1738 629 2079 701 litigantium

2206 627 2517 698 καζομένων
2547 625 2750 703 ἔριδας,
2786 628 3032 703 ῥητόρων
3065 624 3235 701 ψεύδη
3271 631 3407 700 (78),
3442 627 3685 683 κλεπτῶν
3734 629 3833 685 έπι-

441 723 616 788 rixas,
653 720 948 775 rhetorum
984 718 1305 789 mendacia,
1341 717 1816 785 furuminsidias,
1850 718 2076 789 inexple

2207 709 2433 783 ϐουλὰς,
2466 716 2721 792 ἆμπόρων
2752 715 3076 786 ἀπληστίαν,
3111 716 3377 786 καπήλων
3429 716 3642 791 ὅρκους,
3672 716 3828 774 πλου-

441 810 615 867 bilem
632 807 1061 880 negotiatorum
1077 806 1400 873 avaritiam,
1434 823 1767 878 cauponum
1792 807 2079 875 juramen‘

2207 804 2336 858 σίων
2398 803 2616 877 ἔπαρσιν
2665 809 2804 878 (79),
2849 804 3039 860 ἐνδεῶν
3110 805 3464 880 κακουργίας,
3512 806 3686 882 κόρον,
3746 807 3827 879 μέ-

439 904 521 965 ta,
542 898 783 953 divitum
807 896 1220 967 arrogantiam,
1243 911 1564 966 pauperum
1602 895 1835 949 fraudes
1869 899 1925 949 et
1955 894 2079 948 faci-

2204 894 2324 964 θην,
2359 891 2513 963 δόξαν
2541 895 2638 963 τὴν
2688 894 3039 966 ἀπανθοῢσαν,
3075 894 3269 963 ἐσθῆτα
3316 893 3622 963 πολυτελῆ,
3648 898 3826 967 κειμή-

440 1004 601 1052 nora,
636 984 973 1059 ingluviem,
1027 984 1453 1044 temulentiam.
1516 982 1758 1056 gloriam
1791 982 2005 1037 ﬂuxam
2040 989 2079 1038 et

2206 993 2297 1035 Λια
2355 980 2414 1036 ἐκ
2470 986 2678 1057 χρυσοῦ
2733 1002 2789 1037 τε
2851 982 2939 1036 καὶ
3016 980 3254 1057 ἀργύρου
3309 980 3656 1054 πεποιημένα
3706 986 3827 1056 (80),

439 1075 728 1145 fragilem,
756 1076 944 1128 vestes
963 1071 1635 1144 magniﬁcas,egregiam
1669 1070 2092 1143 supellectilem

442 1181 581 1221 auro
600 1169 655 1219 et
685 1166 927 1234 argento
958 1163 1304 1227 confectam,
1359 1161 1563 1215 domos
1604 1159 1830 1231 pictura
1850 1164 1908 1215 et
1940 1176 2091 1215 mar-

440 1252 654 1309 moreis
713 1250 931 1305 tabulis
980 1249 1263 1320 insignes,
1338 1264 1402 1303 ac
1458 1247 1701 1303 calculis
1760 1253 2091 1319 exornatas,

438 1340 669 1411 aliaque
696 1336 892 1392 omnia
915 1335 1253 1408 reliquerat,
1277 1351 1403 1405 quae
1426 1334 1603 1388 animi
1630 1334 1942 1404 puritatem
1965 1338 2091 1389 tur-

437 1429 597 1494 ]:ant,
624 1425 1071 1499 purissimaque
1104 1423 1219 1479 luci
1269 1422 1494 1477 aditum
1543 1422 1957 1477 intercludant.
1991 1425 2089 1477 Αι-

437 1534 550 1589 que
580 1512 915 1587 injuvenali
948 1518 1113 1568 aztate
1136 1512 1481 1583 hujusmodi
1513 1511 1682 1566 nobis
1720 1515 1844 1566 erat
1874 1512 2087 1583 Grego-

432 1622 581 1662 ῐιυε.

506 1697 897 1763 Posteaquam
931 1693 1127 1746 autem
1172 1692 1337 1761 pater
1371 1686 1578 1755 ﬁlium,
1610 1704 1803 1759 quem,
1838 1687 2086 1743 invitum

437 1788 493 1838 ot
524 1784 948 1854 repugnantem
1001 1794 1267 1850 aegreque
1315 1777 1637 1845 cedentem,
1680 1778 2085 1849 presbyterum

435 1873 745 1936 creaverat,
776 1867 1083 1940 praesulem
1138 1882 1370 1938 quoque
1419 1865 1725 1921 instituere
1774 1881 2085 1937 aggressus

436 1964 543 2027 est,
578 1957 717 2030 quid
745 1956 933 2012 facit?
962 1956 1046 2010 Ah
1096 1954 1353 2009 Ecclesia
1400 1952 1551 2008 clam
1604 1970 1667 2008 se
1724 1954 1988 2026 proripit,
2021 1958 2086 2008 ut

434 2064 627 2115 curas,
650 2050 902 2101 mentem
938 2044 1101 2099 humi
1134 2043 1547 2109 detorquentes
1570 2058 1635 2096 ac
1666 2041 2081 2113 deprimentes,

434 2136 694 2207 effugiat,
746 2140 921 2205 atque
951 2133 1009 2186 in
1062 2132 1305 2186 Pontum
1338 2132 1654 2201 profectus,
1688 2146 1821 2185 cum
1855 2129 2083 2201 egregio

432 2224 532 2279 illo
568 2223 777 2278 Basilio
806 2219 1418 2292 philosophatur.Nam
1435 2234 1567 2272 cum
1590 2218 1764 2272 simul
1796 2219 1849 2272 in
1878 2218 2083 2274 litteris

434 2312 712 2380 instituti,
746 2316 919 2381 atque
950 2308 1019 2363 ad
1043 2310 1206 2363 breve
1227 2312 1462 2378 tempus
1494 2306 1640 2360 alter
1658 2306 1730 2360 ab
1754 2306 1932 2361 altero
1958 2306 2082 2361 dis-

434 2400 602 2456 tracti
637 2401 901 2464 fuissent,
936 2398 1005 2451 ad
1040 2412 1101 2451 se
1141 2394 1385 2450 invicem
1446 2411 1651 2449 rursus
1682 2400 2077 2463 accurrerunt,

434 2505 643 2559 nempe
664 2491 721 2542 et
750 2502 975 2542 morum
1010 2485 1337 2553 concordia,
1356 2488 1413 2539 et
1438 2488 1638 2538 mutua
1668 2484 2081 2555 pollicitatione

432 2576 671 2649 impulsi
704 2592 768 2631 ac
798 2573 1022 2629 incitati
1055 2590 1067 2629 :
1106 2575 1247 2629 adeo
1278 2578 1342 2628 ut
1398 2573 1457 2627 in
1503 2566 1650 2644 ipsis
1681 2572 1901 2628 dictum
1934 2572 2080 2626 illud

431 2664 811 2737 impleretur:
850 2663 948 2718 Ubi
976 2662 1079 2717 duo
1111 2662 1195 2717 vel
1227 2670 1333 2717 (res
1364 2664 1423 2717 in
1452 2664 1680 2717 nomine
1709 2676 1830 2717 meo
1857 2675 2081 2731 congre-

430 2754 550 2824 gati
578 2754 812 2824 fuerint,
848 2752 968 2805 illic
994 2766 1119 2805 sum
1150 2751 1210 2805 in
1235 2750 1418 2806 medio
1444 2766 1633 2806 eorum
1657 2750 1721 2803 9‘.

505 2841 605 2896 Hic
634 2856 806 2912 porro
837 2842 1281 2906 commorantes,
1308 2842 1363 2894 et
1385 2844 1592 2894 mutua
1612 2836 2082 2894 exstimulatione

432 2930 707 2985 virtutem
740 2928 1053 2999 augebant,
1093 2932 1151 2982 et
1198 2928 1327 2982 vitae
1387 2928 1720 2983 monasticae
1776 2926 1935 2999 leges
1967 2926 2079 2998 piis

434 3018 667 3089 Deoque
691 3016 913 3071 devotis
940 3014 1299 3080 hominibus,
1322 3018 1494 3086 atque
1526 3033 1557 3071 a
1588 3015 2079 3071 mundisocietate

433 3105 770 3177 disjunctis,
821 3104 1101 3171 ferebant,
1162 3103 1403 3175 Lycurgi
1460 3102 1686 3175 legibus
1735 3104 2076 3175 pacatiores,

432 3195 658 3251 Solonis
689 3193 1001 3265 graviores,
1034 3192 1244 3247 Minois
1274 3192 1574 3263 aaquiores.
1636 3192 1757 3247 Imo
1813 3208 1966 3259 vero,
2015 3195 2081 3246 ut

2202 1066 2384 1130 οῗ¹κους
2439 1075 2620 1148 γραφῇ
2676 1091 2734 1125 τε
2790 1072 2879 1125 καὶ
2937 1070 3101 1141 πλαξὶ
3157 1069 3458 1146 μαρμάρων
3511 1068 3828 1146 διαπρεπεῖς,

2200 1157 2288 1211 καὶ
2320 1159 2515 1235 ψηφίσι
2549 1156 2985 1232 διηνθισμένους·
3021 1157 3167 1214 ἄλλά
3219 1178 3274 1213 τε
3324 1158 3445 1229 ὅσα,
3476 1160 3539 1214 τὸ
3583 1166 3681 1224 τῆς
3728 1157 3829 1214 δια-

2199 1246 2350 1309 νοίας
2424 1248 2655 1323 καθαρὸν
2715 1247 3097 1318 ἔπιθολοῦντα,
3154 1246 3235 1319 τῷ
3289 1248 3655 1323 καθαρωτάτῳ
3704 1248 3828 1325 φωτὶ

2200 1335 2299 1389 οὐκ
2328 1333 2599 1409 ἐπιτρέπει
2654 1338 2754 1405 τὴν
2803 1334 3035 1394 εἷ’σοδον.
3064 1334 3240 1391 ταῦτα
3286 1338 3421 1409 ἡμῖν
3475 1338 3503 1392 ὁ
3556 1336 3830 1412 Γρηγόριος

2200 1422 2253 1477 ἐν
2282 1423 2370 1495 νέᾳ
2396 1424 2466 1499 τῇ
2498 1423 2709 1497 ἡλικίᾳ.

2269 1687 2489 1759 Ἐπειδή
2526 1688 2582 1745 δὲ
2613 1690 2640 1744 ὁ
2667 1692 2846 1766 πατὴρ
2881 1690 2959 1753 εἷς
3009 1692 3153 1764 ἱερέα
3201 1687 3577 1767 προϐάλλεται
3610 1692 3716 1765 (81)
3742 1690 3821 1744 τὸν

2196 1778 2333 1851 υἱὸν,
2391 1782 2780 1854 χειροτονήσας
2828 1774 3191 1855 πρεσϐύτερον
3254 1779 3347 1855 βίᾳ
3399 1801 3460 1834 τε
3514 1779 3602 1834 καὶ
3678 1778 3822 1852 μόλις

2196 1863 2404 1937 εἴξαντα
2439 1870 2574 1940 (82),
2605 1868 2657 1922 τί
2704 1874 2889 1936 ποιεῖ,
2921 1874 3028 1937 Τῆς
3081 1866 3412 1938 Ἐκκλησίας
3466 1868 3711 1940 ὑπέξεισι,
3739 1867 3824 1928 τὰς

2192 1957 2549 2018 κατασπώσας
2601 1958 2694 2010 τὸν
2750 1961 2874 2011 νοῦν
2939 1956 3203 2031 μερίμνας
3260 1954 3696 2033 ἀποδιδράσκων·
3744 1954 3823 2009 καὶ

2193 2043 2484 2118 γενόμενος
2536 2043 2588 2099 ἐν
2642 2044 2831 2116 Πόντῳ
2883 2045 3017 2117 μετὰ
3068 2044 3351 2099 Βασιλείου
3380 2050 3479 2099 τοῦ
3508 2044 3642 2098 πάνυ
3689 2042 3826 2121 φιλο-

2194 2138 2347 2209 σοφεῖ
2391 2135 2524 2206 (83).
2555 2136 2705 2205 ’Ἅμα
2753 2134 2855 2207 γὰρ
2904 2130 3299 2202 παιδευθέντες,
3332 2132 3425 2187 καὶ
3473 2132 3607 2207 πρὸς
3654 2131 3822 2205 ὀλίγον

2194 2219 2570 2296 διαιρεθέντες,
2602 2220 2765 2275 πάλιν
2816 2219 3089 2291 ἀλλήλοις
3136 2218 3525 2295 προσέδραμον
3556 2222 3684 2292 (84),
3714 2218 3822 2294 τρό-

2190 2330 2306 2363 πων
2338 2329 2396 2363 τε
2424 2308 2680 2379 κοινωνίᾳ
2710 2309 2797 2363 καὶ
2829 2314 2897 2381 τῇ
2943 2310 3077 2385 πρὸς
3124 2308 3349 2371 ἑαυτοὺς
3392 2309 3677 2383 ὑποσχέσει
3722 2326 3823 2359 συν-

2192 2396 2565 2469 ελαυνόμενοι’
2619 2398 2694 2459 ὡς
2743 2397 2793 2451 έν
2849 2398 3033 2459 αὑτοῖς
3088 2397 3458 2471 πληρωθῆναι
3515 2397 3577 2451 τὸ
3624 2392 3822 2470 εἰρημέ-

2188 2504 2299 2539 νον’
2331 2487 2508 2545 ’Όπου
2567 2482 2612 2539 δ’
2671 2484 2728 2540 ἂν
2788 2487 2888 2540 ὧσι
3064 2482 3159 2539 δύο
3211 2488 3245 2554 ἢ
3296 2491 3449 2562 τρεῖς
3509 2482 3821 2558 συνηγμένοι

2191 2574 2268 2637 εἷς
2295 2576 2357 2630 τὸ
2390 2574 2519 2649 ἐμὸν
2549 2569 2743 2647 ὄνομα,
2776 2573 2886 2629 έκεῖ
2915 2574 3029 2646 εἶμι
3061 2574 3112 2629 έν
3145 2573 3292 2647 μέσῳ
3326 2575 3527 2631 αὐτῶν.

2262 2836 2537 2917 Διέτριϐον
2599 2840 2689 2895 οὗν
2748 2842 2987 2913 τήν
3043 2860 3103 2895 τε
3159 2839 3357 2916 ἀρετήν
3416 2843 3485 2913 τῇ
3544 2836 3814 2912 παραθήξει

2191 2930 2600 2999 συναυξάνοντες
2648 2931 2780 3002 (87),
2832 2928 2922 2984 καὶ
2967 2927 3197 3000 θεσμοὺς
3258 2930 3543 2999 ἀσκήσεως
3588 2930 3700 2984 τοῖς
3740 2942 3816 2999 φι-

2192 3017 2403 3079 λοθέοις
2452 3018 2710 3085 ἀσκηταῖς
2738 3017 2827 3071 καὶ
2860 3020 2973 3090 (88)
3000 3017 3210 3089 κόσμου
3256 3021 3576 3092 χωρισθεῖσι
3624 3011 3815 3080 τιθέμε-

2188 3128 2294 3174 νοι,
2322 3111 2430 3161 τῶν
2460 3105 2783 3181 Λυκούργου
2819 3107 2911 3179 μὲν
2960 3105 3441 3181 είρηνικωτέρους,
3473 3108 3579 3158 τῶν
3630 3098 3684 3154 δὲ
3730 3095 3817 3151 Σό-

2189 3194 2362 3257 λωνος
2422 3193 2796 3269 σεμνοτέρους,
2846 3192 2937 3248 καί
2986 3191 3354 3269 δικαιοτέρους
3422 3196 3527 3248 τῶν
3598 3187 3811 3245 Μίνωος’

435 3284 505 3338 de
534 3282 628 3338 his
647 3281 784 3337 viris
798 3280 1113 3336 sublimius
1126 3279 1348 3351 aliquid
1362 3280 1573 3347 dicam,
1608 3281 1826 3336 Mosam
1844 3280 2076 3335 imitan-

2200 3283 2401 3339 ιᾶλλον
2437 3281 2513 3357 δὲ,
2540 3281 2631 3337 ’ίνα
2658 3304 2709 3337 τι
2738 3280 2877 3351 λέξω
2906 3281 3027 3356 περὶ
3058 3287 3165 3336 τῶν
3202 3278 3417 3357 ἀνδρῶν
3478 3275 3810 3352 ὑψηλότερονν

429 3376 546 3441 tur,
582 3371 853 3442 nubeque
882 3369 1113 3434 obtecti,
1166 3373 1361 3442 atque,
1423 3374 1487 3424 ut
1526 3386 1558 3425 a
1607 3368 1992 3425 tumultuaria
2019 3377 2074 3426 et

428 3460 767 3516 turbulenta
798 3460 903 3514 hac
934 3457 1050 3513 vita
1078 3457 1279 3530 procul
1320 3474 1381 3513 se
1413 3462 1791 3522 removerent,
1824 3459 1881 3513 in
1906 3476 2071 3513 mon-

428 3554 547 3605 tem
582 3549 939 3614 secedentes,
972 3546 1323 3619 legislatoris
1355 3547 1545 3603 ofﬁcio
1577 3548 1988 3619 fungebantur.
2005 3551 2075 3603 At

426 3654 561 3694 vero
593 3641 775 3709 pater,
809 3640 865 3692 et
896 3635 1125 3704 canitie,
1158 3639 1215 3690 et
1247 3636 1402 3690 curis
1459 3635 1668 3707 gravis,
1702 3652 1767 3689 ac
1799 3641 2075 3706 praeterea

428 3727 658 3783 Caesarii
686 3726 787 3780 filii
822 3726 980 3781 luctu
1014 3728 1259 3779 mmstus
1289 3727 1344 3779 et
1375 3723 1647 3794 afﬂictus,
1694 3724 2074 3780 solitudinem

426 3831 541 3871 non
591 3816 797 3881 ferens,
857 3812 1132 3885 gravibus
1179 3828 1284 3867 nec
1332 3812 1545 3867 mutirc
1603 3812 1662 3867 in
1711 3813 2074 3869 contrarium

424 3904 755 3960 sinentibus
805 3901 1014 3957 litteris
1042 3900 1316 3973 Gregorio
1374 3902 1582 3957 suadet
1636 3901 1908 3957 reditum.
1946 3902 2076 3974 Ipse

424 3994 607 4065 igitur
634 3990 1081 4047 formidolosum
1113 4005 1241 4044 esse
1272 3992 1435 4045 ratus
1466 3989 1615 4061 patri
1660 4006 1774 4045 non
1807 3991 2073 4063 obsequi,

424 4079 747 4152 praesertim
777 4079 1089 4144 sacerdoti,
1118 4082 1174 4132 et
1204 4080 1345 4133 natu
1380 4078 1606 4150 grandi,
1632 4079 1702 4133 ad
1737 4079 1987 4134 reditum
2013 4096 2076 4135 se

422 4168 697 4239 accingit,
732 4170 945 4237 partim
979 4166 1217 4231 invitus,
1277 4166 1489 4237 partim
1540 4182 1706 4237 aequo
1762 4167 1959 4224 animo
2008 4184 2076 4224 ac

422 4255 668 4311 lubenti.
701 4254 773 4309 Ut
802 4256 958 4309 enim
992 4253 1322 4324 tranquillae
1342 4255 1469 4309 vitea
1502 4270 1667 4309 amor
1694 4271 1852 4321 eum,
1905 4262 1968 4311 ut
2012 4258 2073 4312 in

2182 3372 2411 3429 Μωϋσέα
2447 3376 2761 3445 μιμοῦνται,
2792 3372 2938 3448 νέφει
2967 3391 3025 3424 τε
3071 3368 3477 3442 καλυπτόμενοι
3525 3366 3611 3421 καὶ
3670 3358 3812 3435 ὅρους

2184 3463 2528 3535 ἀναχωρήσει
2585 3464 2683 3515 τοῦ
2738 3446 3097 3534 ταραχώδους
3145 3457 3267 3535 βίου
3336 3456 3532 3534 πόῤῥω
3605 3446 3809 3508 ἑαυτοὺς

2182 3554 2555 3618 καθιστῶντες,
2614 3548 2987 3621 ἐνομοθέτουν.
3047 3551 3103 3601 '0
3162 3545 3220 3602 δὲ
3293 3548 3501 3617 πατήπ,
3554 3540 3716 3608 πολιᾷ
3757 3554 3809 3589 τε

2188 3640 2553 3716 βαρυνόμενος
2607 3638 2698 3693 καὶ
2757 3637 3055 3713 φροντίσιν,
3089 3634 3166 3691 ἔτι
3223 3633 3281 3691 δὲ
3331 3636 3425 3691 καὶ
3491 3632 3665 3688 πένθει
3720 3624 3808 3680 τοῦ

2184 3729 2305 3782 υἱοῦ
2358 3726 2648 3801 Καισαρίου
2703 3724 2961 3791 πιεσθεὶς,
3022 3723 3084 3778 ού
3144 3723 3319 3802 φέρων
3396 3725 3495 3792 τὴν
3573 3717 3806 3802 μόνωσιν,

2186 3813 2501 3876 ἐπιστολαῖς
2560 3812 2964 3883 δυσωπητικαῖς
2998 3814 3110 3886 (89)
3146 3800 3235 3866 τὸν
3296 3810 3605 3886 Γρηγόριον,
3654 3800 3810 3857 πείθει

2184 3904 2318 3979 πρὸς
2351 3905 2449 3972 τὴν
2506 3900 2787 3958 ἐπάνοδον.
2819 3903 2875 3955 Ὀ
2907 3899 2984 3968 δὲ,
3034 3896 3263 3979 φοϐερὸν
3314 3901 3500 3976 κρίνας
3549 3888 3808 3979 παρακοῆγ

2184 3993 2409 4065 πατρὸς,
2462 3992 2551 4047 καὶ
2627 3990 2836 4067 ἱερέως,
2890 3989 2979 4044 καί
3044 3984 3372 4063 πρεσϐύτου,
3424 3988 3671 4048 ἐπάνεισι,
3741 3973 3809 4039 Ml

2190 4063 2481 4155 μὶνᾶκων,
2514 4081 2591 4149 πή
2640 4063 2697 4134 δέ
2746 4078 2837 4134 καὶ
2890 4077 3250 4155 βουλόμενος.
3284 4075 3544 4151 Ἡσυχίας
3596 4069 3684 4155 μὶγ
3719 4063 3810 4136 γὰρ

2184 4152 2352 4233 πόθος
2386 4169 2437 4223 έν
2464 4174 2543 4240 τῷ
2573 4167 2763 4240 Πόντῳ
2798 4152 2975 4240 μένειν
3024 4166 3313 4229 ἀνέπειθεν
3348 4164 3476 4221 ἀλλ’
3526 4152 3813 4215 ἀνθείλκυσε

2186 4258 2387 4319 σκοπὸς
2418 4252 2643 4325 εὐσεϐὴς
2672 4262 2939 4330 πατρικῆς
2970 4253 3278 4331 θεραπείας.

422 4345 603 4399 Ponto
633 4347 916 4411 maneret,
947 4342 1326 4398 hortabatur:
1360 4342 1439 4397 ita
1466 4343 1738 4399 eumdem
1789 4343 1970 4401 altera
2004 4362 2074 4401 ex
2119 4352 2285 4420 parte
2318 4348 2502 4421 pietas
2548 4346 2835 4418 trahebat,
2866 4344 3304 4401 inserviendum
3336 4340 3488 4415 patri
3523 4349 3649 4394 esse
3677 4340 3811 4403 Pw‘

419 4433 702 4489 scribens.

494 4521 640 4577 Cum
681 4524 875 4576 autem
943 4518 1246 4587 Caesarius,
1307 4520 1399 4575 cui
1458 4520 1755 4592 provincia
1818 4522 2075 4581 maxime.

490 4681 535 4717 νδ
564 4680 768 4736 Matth.
799 4696 961 4747 xvm,
984 4680 1077 4736 20.

488 4864 607 4935 (77)
636 4863 718 4918 Ita
747 4864 875 4919 cod.
909 4864 1003 4920 Or.
1038 4868 1095 4919 et
1123 4864 1379 4919 Combef.
1415 4868 1474 4919 et
1520 4864 1679 4919 Colb.
1731 4867 1782 4919 2.
1832 4866 1893 4920 In
1926 4866 2066 4922 edit.

423 4932 783 5007 μετακλήσεις
793 4977 803 4988 .

461 5005 604 5091 ’(78)
635 5006 770 5061 Cod.
832 5005 891 5061 P.
933 5050 946 5073 ,

421 5094 555 5133 σιας.

490 5145 603 5217 (79)
628 5144 721 5218 Sic
753 5145 879 5218 cod.
912 5149 1006 5201 0r.
1039 5145 1319 5218 etmelius
1343 5147 1486 5201 forte
1510 5148 1757 5218 quamin
1791 5147 2069 5215 e«lit.,ubi

418 5214 606 5300 τύφον,
640 5216 929 5288 siquidem
970 5219 1096 5288 jam
1155 5217 1327 5289 paulo
1372 5214 1760 5291 ante—legitur
1803 5214 2069 5295 σοφιστῶν

417 5306 605 5341 τυωον.

636 5354 1398 5432 ῌεποιημέναηρυίὺυεᾶαω
1431 5360 1564 5415 edit.
1599 5360 1852 5432 placeret
1882 5360 2071 5432 magis

419 5425 838 5505 πεποικιλμένα,
856 5425 1265 5505 supellectilem
1300 5425 1640 5501 variegatam
1670 5448 1683 5487 :
1720 5431 1891 5503 paulo
1940 5425 2073 5505 post

417 5502 746 5578 Ρΐφᾉγρσιζρῇ-
762 5502 1004 5578 Montac.
1026 5502 1352 5578 legendum
1390 5506 1553 5575 putat
1575 5502 1826 5578 γραφαῖς.

515 5557 606 5640 8T)
637 5557 771 5627 αδδ.
808 5573 867 5626 Ρ.
901 5557 1305 5640 προύοᾶλλετο.
1391 5557 1405 5575 ⁸
1441 5557 1461 5558 ”
1540 5557 1547 5558 ί
1589 5557 1624 5578 ’⁵
1695 5561 1705 5581 ⁸

512 5624 603 5709 ἑὲ)
630 5624 771 5699 cad;
798 5624 864 5698 I3.
894 5624 1116 5712 ἤὲαντᾳ.

515 5716 603 5787 83)
636 5713 770 5771 Cod.
808 5714 865 5771 Ρ.
895 5708 1220 5798 φίλεισόφου.

1003 5002 1249 5079 ῥητόρων
1310 4998 1479 5075 ὄψεις,
1555 5002 1804 5059 κλεπτῶν
1886 5000 2069 5059 έπιϐα-

2101 4687 2150 4750 D

2260 4523 2409 4579 Ἐπεὶ
2467 4520 2557 4578 οὖν
2617 4524 2928 4599 Καισάριος,
2990 4519 3167 4596 ἀρχὴν
3234 4516 3493 4594 μεγίστην
3545 4521 3808 4567 πεπιστευ-

2251 4862 2364 4932 (84)
2423 4856 2595 4913 Πάλιν
2642 4854 2915 4926 ἀλλήλοις
2970 4850 3395 4932 προσέδραμον-.
3453 4836 3806 4932 ΒίΙΙίυῆωἚ’

2179 4906 2549 5002 terpretatur,
2565 4932 2713 4987 inter
2738 4906 2796 4985 δέ
2817 4906 3804 5002 νιιῖδαδΓγηίναΓσέισνίιᾳιεξνηί’

2180 4990 2383 5059 Τσὲῑυὶ
2416 4990 2671 5058 consona
2702 5002 2895 5073 magis
2911 5001 3141 5073 videtur
3168 4990 3708 5073 versiopombqﬁﬂl;

2250 5056 2553 5147 (ὲέὶίαόιὺέ
2568 5056 2608 5128 λ
2627 5056 2653 5139 ,ί
2671 5056 2921 5147 "On-533’
2936 5070 3005 5147 ,ἂν
3041 5066 3338 5147 «Batiam-
3361 5064 3491 5147 θύοι
3512 5056 3807 5147 κιτιίέἓῖίέῗῖ

2177 5128 2641 5217 Ϊαὲνίνίίιῖἶηᾴαξίξ
2673 5144 2799 5217 duo.
2839 5144 2975 5217 (Ἱερά.
3014 5146 3094 5217 ‘1‘).
3153 5128 3249 5217 δύὸ
3375 5128 3519 5213 τρεῖς
3570 5128 3619 5197 ἐξ
3649 5128 3803 5192 ὑμῶν·

2251 5218 2363 5289 (86)
2391 5208 2529 5271 Cod:
2691 5208 2957 5289 διέτριϐον
2978 5208 3069 5289 ⁸δὲ
3108 5214 3279 5289 τήν.η
3410 5208 3419 5213 ’
3498 5276 3531 5289 η
3647 5261 3709 5289 Α,

2392 5268 2656 5359 Iit;
2867 5291 2924 5342 et.
2976 5285 3033 5339 Ρ.
3095 5268 3448 5352 συναύξοντες.
3496 5276 3573 5331 ita
3642 5268 3803 5321 etiam

2181 5357 2431 5414 Mentac.
2467 5362 2525 5413 et
2554 5357 2672 5412 alii.

2274 5431 2364 5498 88)
2389 5428 2491 5484 Καί
2521 5431 2683 5498 deest
2712 5428 2770 5482 in
2798 5426 3042 5498 Colb.”2.

2274 5480 2364 5573 ἑὲ)
2390 5480 2553 5573 and:
2566 5480 2942 5573 ξίδυᾶυπῶν.
2966 5497 3131 5573 Hu_nc
3150 5494 3341 5573 locum
3369 5480 3798 5573 reddimuifggf

2179 5547 2681 5628 cessemus;
2698 5547 3011 5626 Veiisa?
3024 5547 3134 5624 Et}
3152 5547 3603 5634 ἇῖἆὶηὲρονίυτη
3620 5547 3801 5634 eri-‘5"

2181 5625 2532 5715 ἱαῖέέήρείί,
2566 5625 2767 5715 ᾳιιὶὒυε
2786 5642 2968 5772 ipsum
2993 5639 3203 5713 pudore
3229 5625 3461 5714 quodan
3479 5639 3531 5692 et
3560 5625 3796 5686 reveren-

2181 5716 2260 5772 n'a
2281 5717 2360 5772 ad
2398 5715 2638 5772 reditum
2658 5715 2805 5772 imre
2830 5712 2983 5772 teret.

2180 5716 2260 5780 lia
2281 5717 2360 5776 ad
2398 5712 2638 5775 meum
2658 5712 2983 5791 impelleret.
