4100 6414
335 424 448 482 εει
1351 419 1719 483 AUCTORE
1766 418 2163 483 GREGOHIO
2208 421 2754 485 PRESBYTEHO.
3528 402 3531 403 ί
3636 436 3755 496 262

348 554 530 629 μένος,
565 552 917 628 ἐπιμελητὴς
957 556 1063 609 τῶν
1114 556 1395 643 θησαυρῶν
1593 552 1874 643 καταστὰς,
1905 575 1967 608 κα

2134 558 2442 625 :ommissa,
2478 575 2544 614 ac
2594 559 3000 616 thesaurorum
3050 578 3210 635 cura,
3267 565 3753 643 publicarumque

341 645 543 717 ταμίας
576 647 683 699 τῶν
737 642 1020 717 δημοσίων
1066 640 1369 719 χρημάτων
1419 644 1554 717 (91),
1604 642 1656 698 έν
1701 647 1780 716 τῷ
1828 664 1960 720 καιρ‹

2132 646 2489 703 Jecuniarum
2523 652 2819 719 quaestura
2851 650 3128 707 mandata
3174 652 3384 725 fuerat,
3442 657 3583 712 dum
3630 640 3751 715 ma-

344 737 444 803 τῆς
494 734 675 811 ἀρχῆς
727 730 983 788 ἐτελεύτα
1026 732 1116 787 τὸν
1171 731 1307 805 βίονο
1360 729 1463 787 ἔδει
1518 729 1574 787 δὲ
1620 734 1756 788 κατά
1800 732 1963 807 νόμου

2135 734 2420 806 ςίειιυειίυῐῐι
2453 742 2690 810 generet
2720 738 2894 794 vitam
2928 756 3063 795 cum
3084 745 3270 798 morte
3303 752 3754 817 commutasset,

346 830 450 893 τῆς
505 823 565 878 τέ
618 822 804 885 οὐσίας
859 826 957 877 τοῦ
1004 819 1195 884 παιδὸς
1242 822 1332 877 τὸν
1392 822 1598 899 πατέρα
1652 820 1965 899 κληρονόμο

2135 841 2178 878 t0
2209 829 2453 896 patrem,
2488 830 2552 881 ut
2581 825 2738 899 leges
2754 828 3033 899 ferebant,
3048 830 3225 885 simul
3256 837 3311 888 et
3340 832 3444 888 ﬁlii
3467 834 3754 893 haredem

349 910 738 989 ἀναδειχθῆναι
791 914 926 986 (92),
972 911 1062 966 καὶ
1110 913 1204 974 τὰς
1247 910 1522 987 ἐναγωγᾶς
1552 915 1659 967 τῶν
1709 912 1968 967 κινούντω

2139 910 2417 980 leclarari,
2452 916 2508 968 et
2554 916 2806 970 actiones
2845 932 3068 989 eorum,
3124 919 3221 989 qui
3277 917 3439 978 litem
3487 924 3758 982 defuncto

347 1003 486 1057 κατᾶ
532 1007 630 1057 τοῦ
678 999 977 1077 οἰχομένου
1026 1000 1107 1080 ἐφ’
1163 1002 1349 1057 ἑαυτὸν
1404 1003 1831 1075 μεταστήσασθαι
1881 1022 1966 1054 συν

2139 1001 2441 1069 novebant,
2476 1004 2738 1075 excipere
2770 1008 2943 1077 atque
2976 1006 3034 1061 in
3067 1025 3128 1063 se
3174 1012 3492 1068 transferre
3522 1031 3758 1073 necesse

352 1087 451 1164 έϐη
502 1091 706 1163 πολλῷ
755 1091 984 1167 ταράχῳ
1029 1090 1121 1145 τὸν
1176 1091 1342 1167 μέγαν
1403 1089 1747 1162 ἐνειληθῆναι
1792 1088 1971 1165 Γρηγό

2139 1094 2351 1146 issent:
2383 1091 2614 1163 magnis
2645 1094 3034 1167 gravibusque
3090 1098 3444 1157 tumultibus
3484 1103 3758 1176 Gregorio

354 1203 495 1258 ριον,
546 1178 772 1235 πολλῶν
831 1176 1059 1253 κομιδῆ,
1112 1181 1200 1235 οἷα
1255 1184 1426 1235 κυνῶν
1473 1177 1882 1254 ἐπιδραμόντων
1933 1185 1973 1233 τί

2139 1177 2326 1234 nvolvi
2356 1179 2619 1252 contigit,
2653 1183 2960 1252 permultis
3016 1185 3278 1244 videlicet
3329 1188 3517 1247 instar
3546 1209 3758 1250 canum

354 1272 519 1346 θήρᾳ,
582 1268 799 1346 ἐρήμην
857 1268 1123 1343 οἰομένων
1185 1267 1453 1344 λήψεσθαι
1509 1270 1607 1338 τήν
1669 1268 1848 1324 οὐσίαν
1908 1289 1970 1324 το

2143 1266 2190 1322 td
2246 1268 2498 1339 praedam
2540 1270 3001 1342 accurrentibus,
3061 1293 3126 1331 ac
3183 1279 3397 1335 mortui
3454 1281 3762 1339 facultates

351 1358 797 1429 τελευτήσαντος.
842 1357 1000 1413 Καὶὸ
1036 1358 1129 1432 μὲν
1176 1361 1379 1436 πατὴρ,
1430 1360 1578 1435 γήρᾳ
1621 1379 1681 1414 τε
1721 1357 1810 1413 καὶ
1865 1356 1970 1412 voci

2143 1354 2278 1413 tullo
2309 1357 2623 1414 obsistente
2651 1376 2713 1416 se
2743 1366 3077 1434 arrepturos
3103 1366 3762 1429 existimantibus.Nam

357 1448 642 1527 καμφθεὶς,
674 1446 993 1519 ἐννεήκοντα
1035 1445 1143 1520 ἤδη
1201 1446 1469 1520 διηνυκὼς
1500 1445 1617 1521 ἔτη,
1647 1449 1745 1518 τὴν
1800 1447 1859 1503 ἐκ
1901 1450 1976 1502 τῶ

2147 1449 2304 1518 ναίον,
2336 1450 2393 1502 et
2424 1453 2719 1505 senectute
2763 1456 2818 1505 et
2884 1452 3087 1509 morbo
3145 1456 3364 1512 fractus
3421 1460 3766 1530 (nonaginta

362 1536 721 1611 δικαστηρίων
778 1532 1068 1612 συντριϐὴν
1108 1536 1284 1616 φέρειν
1332 1537 1432 1593 οὐκ
1478 1535 1707 1593 ἔσθενενο
1760 1539 1836 1601 εἱς
1881 1541 1978 1593 τοῦ

2144 1535 2273 1591 ιιιίω
2289 1536 2416 1607 jam
2448 1537 2574 1593 vitae
2605 1556 2791 1596 annos
2823 1540 3169 1616 expleverat)
3219 1546 3581 1616 judiciorum
3641 1554 3763 1604 tur-

355 1650 450 1682 τον
504 1623 570 1696 δὴ
619 1624 709 1681 οὖν
752 1632 896 1681 πᾶσα
926 1629 961 1697 ἡ
1016 1628 1236 1705 φροντὶς
1283 1627 1613 1705 περιίστατο.
1646 1624 1801 1698 Πλήν
1830 1647 1891 1704 γε
1939 1624 1974 1681 δι

2149 1641 2225 1680 μελε
2256 1624 2674 1698 molestiasque
2696 1630 3201 1700 perferreminime
3233 1634 3484 1693 valebat:
3506 1638 3768 1710 obidque

352 1719 387 1786 ἡ
424 1718 561 1792 πρὸς
606 1721 789 1791 γονεῖς
832 1716 1084 1792 θεραπεία
1130 1717 1219 1772 καὶ
1266 1717 1334 1773 τὰ
1376 1716 1615 1795 δυσχερῆ
1661 1718 1971 1793 κατεμέριζε

2147 1714 2192 1769 .d
2224 1713 2382 1770 hunc
2443 1720 2559 1771 tota
2591 1733 2864 1774 curarum
2898 1719 3081 1776 moles
3113 1723 3543 1782 devolvebatur.
3585 1728 3766 1783 Ciste-

351 1804 542 1863 ἐλπίδι
595 1810 702 1861 τῶν
755 1805 1185 1879 ἐναποκειμένων
1233 1808 1437 1880 μισθῶν
1488 1810 1627 1882 (93),
1678 1806 1730 1862 οἳ
1777 1811 1891 1869 τοῖς
1937 1805 1970 1860 el

2155 1820 2252 1858 um
2275 1809 2583 1876 parentum
2622 1806 2818 1863 cultus
2850 1808 3149 1866 molestias
3197 1812 3443 1882 levabat,
3478 1832 3642 1887 spem
3675 1833 3769 1872 ea-

349 1897 545 1971 γονέας
578 1890 927 1966 εὐσεϐήσασιν
956 1894 1391 1972 ἐπηγγέλθησαν.

2155 1909 2253 1947 um
2285 1894 2659 1964 praemiorum
2691 1896 2960 1966 afferens,
2993 1915 3123 1969 quas
3148 1899 3303 1971 filiis,
3337 1909 3606 1974 parentes
3647 1906 3770 1961 offi-

2154 1980 2273 2037 iose
2305 1981 2511 2040 nieaue
2540 1983 2886 2040 colentibus.
2924 1987 3210 2040 nromissa
3240 1996 3397 2040 sunt-

2118 1984 2273 2037 ciose
2302 1984 2511 2053 pieque
2540 1984 2886 2055 colentibus,
2921 1987 3210 2058 promissa
3240 1996 3397 2045 sunt.

431 2094 673 2168 Ἐγένετο
724 2089 781 2145 δὲ
823 2089 913 2146 καί
959 2112 1013 2145 τι
1059 2094 1305 2147 τοιοῦτον
1352 2098 1456 2161 τῆς
1508 2093 1852 2164 ’Δρειανικῆς
1898 2094 2007 2166 (94)

2187 2089 2293 2142 Hic
2306 2106 2534 2159 quoque
2553 2090 3187 2165 hujusmodiquiddam
3212 2097 3285 2150 ab
3314 2098 3527 2153 Ariana
3542 2100 3768 2167 haeresi,

358 2182 616 2258 αἱρέσεως
667 2179 755 2235 διὰ
798 2184 907 2236 τῶν
958 2180 1277 2254 πνευμάτων
1324 2188 1424 2250 τῆς
1474 2182 1742 2256 πονηρίας
1781 2180 1976 2236 έπικλυ

2148 2194 2247 2247 μηδ
2302 2194 2404 2247 per
2459 2179 2733 2250 nequitiae
2790 2183 3034 2251 spiritus
3090 2184 3405 2239 Ecclesiam
3464 2188 3767 2261 obruebat,

360 2271 561 2342 ζούσης
606 2271 704 2338 τὴν
750 2268 1098 2340 Ἐκκλησίαν.
1153 2268 1366 2325 Πολλοὶ
1416 2274 1523 2325 τῶν
1574 2270 1873 2345 ἀρχιερέων
1904 2275 1979 2325 τῶ

2149 2266 2349 2321 .ccidit.
2382 2266 2653 2338 Plerique
2699 2270 2991 2326 antistites
3021 2272 3079 2325 in
3138 2272 3409 2328 exsilium
3463 2277 3577 2331 acti
3609 2284 3768 2344 sunt,

358 2360 579 2417 πόλεων
627 2358 1093 2434 ὑπερωρίσθησαν,
1143 2358 1344 2421 αἰκίαις
1388 2380 1448 2413 τε
1503 2358 1875 2435 πολυτρόποις
1920 2380 1977 2413 κο

2151 2353 2666 2427 nultiplicibusque
2698 2359 3009 2415 tormentis
3056 2360 3487 2434 calumniisque
3538 2366 3770 2422 vexati:

368 2449 737 2526 συκοφαντίαις
783 2445 1125 2521 ἐκδεδομένοι
1156 2468 1168 2481 ο
1221 2449 1384 2516 ἱερεῖς
1431 2468 1491 2503 τε
1537 2447 1626 2503 καὶ
1678 2446 1819 2503 λαοῦ
1869 2470 1987 2521 παμ

2157 2443 2477 2509 acerdotes,
2512 2460 2576 2498 ac
2610 2447 3086 2502 numerosissimi
3110 2450 3308 2520 populi
3339 2458 3523 2507 cietus
3555 2455 3773 2510 subdio

372 2538 558 2609 πληθῆ
606 2540 921 2610 συστήματα
968 2537 1019 2593 ἐν
1050 2536 1293 2612 ὑπαίθρῳ
1342 2535 1838 2613 ἐταλαιπωροῦντο,
1891 2534 1991 2592 οὔτ

2155 2530 2582 2597 ,t‘ﬂictabantur,
2602 2549 2674 2587 ne
2697 2534 2903 2590 domos
2915 2535 3149 2605 quidem
3168 2540 3450 2595 orationis
3468 2541 3774 2611 habentes,

373 2625 553 2691 οἴκους
603 2634 917 2703 προσευχῆς
966 2622 1206 2701 ἔχοντες,
1255 2624 1377 2681 οὕτε
1424 2634 1524 2697 τῆς
1572 2625 1632 2681 ἐκ
1675 2632 1784 2681 τῶν
1826 2626 1992 2700 νόμωπ

2155 2635 2230 2674 ιθο
2259 2618 2457 2691 legum
2486 2621 2760 2691 aequitate
2790 2638 2921 2677 cum
2955 2625 3154 2696 impiis
3185 2644 3253 2681 ex
3291 2644 3455 2699 aequo
3494 2630 3774 2698 fruentes,

365 2714 712 2786 δικαιοσύνης
758 2721 875 2777 τοῖς
921 2710 1162 2770 ἀσεϐέσιν
1219 2715 1271 2787 ἐξ
1313 2711 1428 2770 ἷ¹σου
1481 2711 1984 2789 μεταλαμϐάνοντες

2155 2708 2329 2763 ιωτθεί
2364 2709 2643 2763 nimirum
2685 2727 2887 2767 omnes
2918 2712 3035 2767 fere
3066 2714 3223 2769 orbis
3254 2716 3401 2771 fines
3431 2723 3774 2788 occupante,

360 2809 537 2861 πάντα
584 2803 780 2881 σχεδὸν
824 2812 922 2874 τῆς
973 2803 1230 2880 αἱρέσεως
1280 2798 1650 2874 ἐπιλαϐούσης
1678 2805 1746 2859 τὰ
1786 2804 1979 2880 πέρατα

2159 2797 2408 2868 mpiique
2439 2798 2808 2869 imperatoris
2839 2817 2946 2872 ope
2976 2806 3152 2872 atque
3178 2804 3395 2860 auxilio
3440 2807 3778 2865 subnitente

364 2897 627 2970 βασιλικῇ
656 2916 715 2948 τε
754 2894 900 2968 χειρὶ
931 2892 1022 2948 καί
1074 2887 1290 2964 ἀσεϐείᾳ
1336 2894 1759 2969 θρασυνομένης
1816 2892 1983 2958 Ἐδόθ·

2163 2902 2192 2940 c
2224 2886 2553 2942 ferociente.
2605 2892 2889 2945 Concessa
2946 2897 3035 2945 est
3074 2892 3270 2962 itaque
3322 2893 3555 2950 licentia
3584 2899 3779 2967 perni-

362 2982 407 3039 δ’
460 2983 551 3038 οὗν
605 2982 881 3058 παρῥησία
934 2987 1051 3044 τοῖς
1128 2981 1401 3057 ὀλεθρίοις
1455 2984 1681 3055 ποιμέσι
1715 3028 1729 3053 ,
1788 2983 1877 3036 καὶ
1935 2988 1981 3035 τε

2162 2974 2303 3029 iosis
2334 2975 2691 3045 pastoribus,
2736 2982 2793 3032 et
2834 2979 2942 3033 sub
3004 2990 3311 3036 mansueta
3366 2983 3515 3053 pelle
3572 2983 3779 3055 lupum

361 3073 560 3147 ἡμέρῳ
588 3068 774 3142 κωδίῳ
804 3073 914 3143 (95)
943 3070 1035 3125 τὸν
1070 3068 1235 3124 λύκον
1268 3069 1756 3145 περικαλύπτουσι,
1800 3070 1980 3141 ἐξωθεῖ

2160 3063 2478 3133 egentibus,
2511 3065 2710 3121 ﬁdeles
2741 3068 3065 3139 episcopos,
3100 3075 3156 3124 et
3184 3070 3416 3126 Christo
3458 3072 3646 3144 primo
3676 3091 3779 3146 pa-

360 3160 491 3222 τοὺς
544 3158 769 3220 πιστοὺς
827 3157 1153 3234 ἀρχιερέας,
1199 3158 1288 3212 καὶ
1333 3163 1431 3213 τοῦ
1479 3161 1701 3223 πρώτου
1752 3160 1979 3234 ποιμένο

2160 3156 2281 3207 tore
2310 3153 2543 3224 dignos,
2566 3154 2933 3210 exturbandi.
2970 3163 3091 3223 Quo
3150 3161 3365 3215 factum
3420 3167 3528 3225 est,
3562 3167 3627 3216 ut
3681 3162 3779 3217 alii

364 3249 549 3319 ἀξίους
608 3252 865 3323 Χριστοῦ.
924 3246 1107 3320 Ταύτῃ
1160 3252 1287 3322 γοῦν
1348 3243 1482 3303 ἔνιοι
1545 3251 1638 3321 μὲν
1700 3245 1855 3326 φόϐῳ

2159 3243 2437 3296 'erborum
2460 3242 2749 3298 illecebris
2780 3243 3027 3313 deliniti,
3080 3253 3181 3301 aut
3236 3250 3500 3319 pecuniis
3530 3251 3778 3320 subacti,

366 3297 396 3303 ν-
436 3297 547 3309 *τ’*
608 3297 649 3302 --
698 3297 865 3305 """
934 3297 1107 3320 """i'
1174 3297 1279 3322 ιη’
1351 3297 1481 3303 ""'
1545 3297 1631 3321 r'"
1744 3297 1852 3322 "1'
1904 3297 1980 3323 ’.ν’

361 3297 819 3410 καταπλαγέντες,
868 3336 920 3389 οἱ
974 3333 1031 3389 δὲ
1078 3333 1390 3397 κολακείαις
1450 3297 1867 3409 μαλακισθέντες
1903 3382 1917 3407 ,
1977 3361 1980 3369 ε

2605 3297 2615 3298 ,
2734 3297 2740 3298 ,
2792 3297 2840 3298 ,,
3236 3297 3499 3319 τηη---
3530 3297 3779 3320 __.,_--.,

2162 3330 2229 3384 lii
2280 3347 2513 3386 morum
2570 3332 2947 3403 simplicitate
3000 3336 3247 3407 decepti,
3302 3337 3538 3393 haeresis
3586 3356 3781 3395 escam

364 3428 651 3501 χρήμασιν
704 3425 1063 3495 ἡττηθέντες,
1124 3420 1298 3499 ἕτεροι
1357 3421 1416 3479 δὲ
1473 3426 1743 3495 ἁπλότητι
1799 3426 1983 3503 τρόπω

2167 3420 2521 3490 usceperint,
2555 3420 2944 3494 chirographo
2969 3441 3076 3479 suo
3117 3430 3173 3480 et
3203 3427 3615 3483 communione
3646 3446 3780 3484 cum

367 3512 767 3592 φενακισθέντες
799 3559 815 3583 ,
866 3512 928 3566 τὸ
986 3509 1177 3588 δέλεαρ
1222 3520 1324 3581 τῆς
1381 3514 1635 3587 αἱρέσεως
1690 3513 1986 3590 καταδέχον

2163 3507 2481 3563 ,dversariis
2512 3509 2831 3577 conjuncti.
2855 3511 2977 3574 Quo
3009 3512 3069 3565 in
3093 3530 3338 3569 numero
3370 3516 3523 3570 beati
3553 3534 3782 3587 quoque

367 3625 480 3667 ται,
512 3604 695 3678 γραφῇ
744 3622 803 3655 τε
849 3600 1036 3675 χειρὸς
1085 3600 1175 3654 καὶ
1224 3601 1480 3673 κοινωνίᾳ
1508 3604 1854 3680 συναφθέντες
1903 3609 1986 3657 τοῖ

2161 3597 2311 3666 ιυ]υε
2342 3597 2446 3651 viri
2478 3603 2643 3667 pater
2671 3604 2813 3667 erat,
2838 3600 3020 3654 animi
3042 3600 3416 3672 simplicitate
3443 3604 3502 3657 in
3536 3604 3780 3661 hamum

367 3690 699 3751 ὑπεναντίοις
728 3691 865 3763 (97).
896 3690 990 3743 Ὧν
1040 3689 1116 3750 εἷς
1164 3690 1231 3759 ἦν
1282 3690 1431 3744 καὶὸ
1461 3696 1557 3745 τοῦ
1604 3692 1868 3767 μακαρίου
1914 3713 1986 3746 πα

2163 3686 2463 3757 ιιιοΙαρευε.
2498 3689 2659 3753 Quod
2712 3687 2873 3744 illius
2920 3690 3140 3745 factum
3198 3707 3331 3745 cum
3393 3694 3782 3763 provinciales

360 3782 471 3855 τὴρ
505 3825 520 3852 ,
577 3777 921 3853 ἀκεραιότητι
977 3779 1205 3852 γνώμης
1278 3783 1356 3851 τῷ
1433 3778 1710 3855 ἀγκίστρῳ
1767 3802 1964 3856 περιπε

2162 3774 2402 3830 nonachi
2432 3776 2580 3830 ferre
2607 3794 2719 3831 non
2771 3782 3033 3848 possent,
3092 3779 3164 3833 ab
3212 3779 3397 3850 ipsius
3419 3797 3481 3836 se
3510 3798 3781 3839 commu-

361 3871 473 3924 σών
531 3871 665 3942 (98).
708 3871 905 3921 Τοῦτον
1118 3868 1169 3922 οἱ
1218 3871 1316 3937 τῆς
1373 3869 1561 3945 χώρας
1621 3870 1878 3942 μονασταὶ
1940 3893 1979 3942 μ

2173 3863 2304 3919 ione
2335 3863 2728 3932 abscindunt;
2762 3865 3055 3937 simulque
3086 3868 3370 3923 abscessit
3414 3886 3549 3941 pars
3580 3872 3784 3943 papuli

362 3956 756 4032 ἀνασχόμενοι,
789 3958 886 4025 τῆς
915 3957 1201 4018 κοινωνίας
1231 3956 1394 4012 αὐτοῦ
1438 3958 1857 4031 ἀποτέμνονται,
1901 3979 1981 4013 om

2172 3954 2286 4007 aud
2353 3954 2582 4024 exigua,
2643 3955 3065 4011 monachorum
3120 3958 3523 4015 auctoritatem
3584 3967 3783 4032 aperte

366 4048 573 4115 απέστη
608 4043 664 4100 δὲ
693 4044 877 4107 αὑτοῖς
924 4046 1012 4100 καὶ
1059 4050 1157 4100 τοῦ
1206 4045 1342 4101 λαοῦ
1394 4046 1557 4121 μέρος
1608 4047 1670 4101 οὐ
1708 4048 1771 4101 τὸ
1808 4049 2016 4123 βραχύ·
2127 4049 2350 4102 secuta.

368 4155 546 4204 τατον,
584 4138 650 4207 τῇ
710 4134 1017 4206 ἀξιοπιστίᾳ
1065 4139 1174 4189 τῶν
1229 4136 1478 4206 ἀσκητῶν
1531 4136 1775 4211 ἀτεχνῶς
1835 4136 2017 4209 ἐξακο-

369 4221 727 4293 λουθήσαντες

437 4330 499 4384 Τί
532 4328 622 4384 οὖν
655 4331 683 4385 ὁ
705 4328 802 4385 τοῦ
833 4334 965 4385 Θεοῦ
1013 4329 1258 4407 θεράπων
1294 4350 1308 4399 ;
1339 4332 1415 4386 Τὰ
1465 4332 1559 4405 μὲν
1610 4338 1801 4408 πρῶτα
1840 4331 2017 4390 λιταις

2202 4331 2351 4395 Quid
2383 4331 2564 4403 igitur
2592 4332 2688 4387 hic
2736 4334 2964 4389 consilii
2998 4336 3153 4407 capit
3206 4336 3301 4393 Dei
3360 4355 3563 4395 servus
3609 4340 3637 4394 ?
3665 4337 3786 4397 Pri-

362 4440 422 4475 τε
468 4420 559 4474 καὶ
608 4419 895 4495 παννυχίσι
941 4421 1033 4475 τὸν
1083 4421 1211 4475 Θεὸν
1261 4421 1645 4494 ἐξευμενίζετο,
1696 4420 1877 4477 δοῦναι
1927 4421 1981 4477 λε

2164 4434 2294 4473 sum
2328 4420 2689 4474 orationibus
2720 4425 2777 4475 et
2801 4422 3017 4493 vigiliis
3061 4423 3246 4478 Deum
3306 4427 3536 4496 placare
3568 4430 3783 4495 studet,

367 4530 449 4563 σιν
477 4513 575 4563 τοῦ
621 4513 812 4581 κακοῦ,
864 4508 953 4563 καὶ
999 4516 1100 4577 τῆς
1140 4506 1455 4585 διαιρέσεως
1500 4513 1578 4584 (2)
1618 4511 1862 4584 γενέσθαι
1894 4534 1985 4567 συν

2168 4510 2202 4563 b
2230 4525 2414 4579 eoque
2440 4510 2755 4582 impetrare
2786 4517 2852 4566 ut
2905 4513 3013 4567 hoc
3046 4514 3270 4570 malum
3303 4516 3553 4583 aboleat,
3609 4517 3783 4573 dissi-

363 4597 601 4653 ούλωσιν
637 4644 653 4669 ,
715 4599 927 4667 σιωπήν
984 4618 1044 4652 τε
1097 4602 1195 4653 τοῦ
1253 4597 1427 4674 λέγειν
1489 4600 1662 4672 ἑαυτῷ
1720 4599 1970 4671 ἐπιτάξας

2173 4597 2411 4667 iumque
2443 4603 2712 4653 exortum
2744 4598 3013 4655 cicatrice
3035 4603 3290 4657 obducat
3321 4620 3334 4659 :
3369 4604 3788 4676 silentiumque

359 4687 455 4743 καὶ
510 4685 652 4741 οὕτω
699 4686 762 4741 τὸ
807 4687 1121 4762 σκυθρωπὸν
1182 4684 1584 4760 ἐνδεικνύμενος
1615 4708 1627 4721 ’
1680 4690 1793 4744 εἶτα
1842 4692 1978 4744 νουθι

2170 4686 2243 4742 ibi
2267 4688 2491 4756 indicit,
2534 4694 2599 4744 ut
2651 4690 2834 4745 animi
2894 4692 3235 4747 mmstitiam
3295 4694 3404 4749 hac
3435 4693 3658 4750 ratione
3687 4696 3789 4750 de-

359 4779 533 4847 τήσας
572 4775 664 4831 τὸν
712 4774 916 4850 πατέρα
962 4776 1289 4852 συγγνώμην
1338 4776 1556 4846 αἰτῆσαι
1601 4781 1704 4831 τοῦ
1747 4778 1978 4853 πταίσμο

2167 4776 2331 4832 laret.
2362 4781 2573 4834 Postea
2600 4783 2824 4850 patrem
2856 4781 2928 4835 ad
2960 4781 3192 4837 veniam
3234 4782 3419 4854 culpis
3451 4777 3786 4856 petendam,

436 4958 552 5030 (90)
593 4958 885 5037 _Co_d._0r.
945 4956 1123 5013 habet
1178 4959 1284 5010 τῶν
1349 4953 1645 5031 βασιλικῶν
1708 4961 2022 5033 θησαυρῶν,

2191 4956 2321 5037 ,(96)
2351 4955 2510 5037 Oolb.
2534 4956 2679 5037 .1,__et
2829 4958 2997 5037 codd.
3032 4956 3264 5037 Tenuit-ne
3307 4962 3434 5034 γοῦν
3497 4957 3629 5015 ἔνιοι
3691 4961 3785 5037 μὶν

366 5022 1135 5103 ἐτηρεῖῆαἰονξδιζιεδαυνοναγη
1152 5046 1307 5085 cura.
1349 5022 1359 5031 ’
1762 5022 1773 5029 ⁷
1889 5022 1898 5033 ”
2008 5022 2018 5028 ⁷
2137 5022 2312 5103 φόᾷῳξ
2347 5029 2503 5103 illius
2522 5022 2709 5103 igitur
2729 5030 2971 5103 licentiae
2999 5032 3108 5086 alii
3135 5022 3352 5103 quidem
3380 5043 3543 5089 metu.

438 5099 551 5172 (91)
586 5102 720 5174 god.
757 5101 813 5155 P.
848 5100 1201 5174 πραγμάτων.
1330 5170 1343 5174 _
1503 5170 1515 5174 Δ
1606 5167 1625 5174 _
1782 5173 1785 5174 ν
1946 5172 1953 5174 A

2177 5100 2318 5174 _(97)
2356 5099 2415 5154 In
2439 5100 2577 5155 edit.
2612 5100 2968 5173 quidusdam
2999 5099 3159 5158 sicut
3186 5107 3245 5159 et
3276 5104 3335 5160 in
3369 5106 3526 5163 Colb.
3560 5106 3614 5172 2,
3647 5102 3790 5161 έναν-

440 5121 551 5172 (υι)
586 5121 720 5156 nou.
757 5121 813 5155 ι’.
848 5121 1201 5226 πραγματων.
1772 5173 1801 5184 ν

440 5173 551 5243 (92)
585 5172 838 5253 Montes.
872 5172 1055 5253 etii.“
1082 5173 1223 5253 edit.
1257 5170 1460 5253 volunt
1488 5167 1907 5253 ᾁποδειχθηναι,
1941 5172 2021 5229 ita

2208 5121 2318 5172 tu!)
2356 5121 2415 5154 in
2439 5121 2577 5155 EGIL.
2612 5121 2826 5173 quluus

1212 5214 1223 5226 .
1257 5170 1460 5227 volunt
1488 5167 1907 5253 αποδειχθῆναι,
1941 5172 2021 5229 ita
2134 5170 2315 5253 τξεξξςλι
2383 5245 2414 5253 _
2472 5242 2487 5253 _
2580 5243 2614 5253 Λ
2798 5240 2826 5253 τ

366 5241 830 5322 είίαῐῃοοάᾏος.
880 5243 1555 5322 ειςείιίιξεΐ-εἰρεητιρηηςιιῃνί.⁸
1817 5318 1841 5322 μ
1892 5241 1901 5243 ”
1941 5314 1954 5322 _

2170 5243 2328 5322 ’(98)
2377 5242 2512 5296 Cod.
2575 5243 2670 5299 Or.
2755 5241 2834 5315 τῷ
2901 5241 3173 5319 ἀγκίστρῳ
3230 5244 3568 5322 περιπαρείς,
3627 5249 3785 5303 hamo

439 5316 555 5384 (93)
586 5316 677 5369 Sic
706 5315 867 5370 Colb.
902 5318 927 5369 1
990 5320 1048 5370 et
1093 5320 1148 5370 2.
1199 5316 1336 5370 edit.
1399 5312 1582 5369 ἐλπίδι
1637 5314 1727 5369 καὶ
1774 5318 1883 5370 τῶν
1937 5314 2020 5369 ἐν·

839 5336 867 5369 ι.
902 5318 927 5369 1
990 5320 1048 5370 et
1093 5320 1148 5370 2.
1199 5316 1336 5370 edit.
1399 5312 1582 5369 ἐλπίδι
1637 5314 1727 5369 καὶ
1774 5318 1883 5370 τῶν
1937 5314 2020 5369 ἐν·
2137 5312 2458 5383 transﬁxus.

366 5382 766 5457 αποκείμένων.
800 5388 938 5442 Cod.
973 5387 1070 5442 Or.
1098 5385 1493 5457 ἀποκειμένων.

1227 5386 1493 5457 ιειμένων.
2206 5382 2321 5453 (99)
2354 5386 2489 5440 Cod.
2524 5384 2619 5440 ΟΡ.
2649 5382 2846 5457 τούτῳ.

438 5458 553 5532 (94)
586 5458 721 5532 Cod.
750 5458 852 5532 Or.
883 5457 1219 5532 ’APStavﬁc:_
1302 5456 1308 5457 ί
1494 5530 1501 5532 ξ
1940 5531 1947 5532 γ

2207 5458 2283 5532 (1)
2315 5456 2535 5532 Oolb._l
2562 5463 2618 5511 et
2638 5457 2772 5532 _cod.
2902 5456 3146 5532 ἀτεχνῶς
3181 5456 3626 5531 Ξξακολουθῆσαν.

438 5524 551 5601 (95)
595 5528 802 5604 linito}
830 5524 1026 5604 ἡμέρῳ
1084 5524 1289 5604 κωδίῳ,
1321 5533 1373 5585 et
1418 5530 1515 5604 sub
1544 5535 1831 5604 mansueta
1856 5531 2022 5604 pelle,

1363 5533 1373 5583 ί
1418 5530 1515 5604 sub
1544 5535 1831 5604 mansueta
1856 5531 2022 5604 pelle,
2318 5528 2456 5604 God.
2482 5527 2576 5604 Ο-ῐ·Σ
2634 5524 2982 5604 διαστάσεως.

364 5598 527 5679 velut
555 5598 825 5679 alludens
856 5598 925 5656 ad
946 5598 1354 5679 Etrangelium,
1377 5603 1475 5657 sub
1494 5604 1671 5659 ουίηα
1694 5598 2025 5679 pe_lle':_Bil-
2141 5664 2169 5679 Δ
2202 5598 2288 5679 (3)
2324 5602 2406 5655 Ita
2434 5599 2601 5655 codd.
2630 5598 2726 5656 Or.
2759 5604 2815 5657 et
2843 5600 2905 5658 P.
2929 5602 3013 5660 ita
3045 5606 3102 5659 ct
3131 5602 3380 5663 Montac.
3410 5603 3475 5660 In
3493 5602 3630 5661 edit.
3656 5622 3789 5679 συμ-

366 5671 488 5729 lius
516 5675 689 5746 vertit
731 5672 833 5746 sub
870 5682 1061 5746 nostra
1090 5664 1233 5746 ρῖὲιιρ
1284 5690 1306 5746 ;ν
1330 5664 1469 5746 sane
1526 5664 2025 5745 quemadmodum
2136 5664 2372 5729 ϐιϐάσαι.

368 5744 672 5808 nonnullis
704 5743 925 5822 placuit
952 5743 1102 5805 edit.
1124 5744 1265 5823 legit
1285 5743 1561 5828 ἡμετέρῳξ
