4100 6430
424 433 540 490 263

1540 425 1720 485 VITA
1772 428 1834 485 S.
1886 426 2258 485 GREGORII
2305 427 2694 488 THEOLOGI

3681 437 3785 496 264

421 562 844 634 veritatemque
877 577 1019 624 pure
1061 564 1117 616 et
1175 560 1397 616 sincere
1429 558 1831 632 profitendam,
1873 558 2041 614 horta

2177 578 2293 621 τος,
2344 559 2431 613 καὶ
2477 557 2821 634 ὁμολογῆσαι
2850 562 3098 632 καθαρῶς
3146 580 3204 614 τε
3233 560 3321 615 καὶ
3370 561 3660 639 είλικρινῶς
3701 566 3789 635 τὴν

420 655 521 707 tur
553 668 565 707 :
600 656 775 723 atque
808 668 905 706 eos
937 651 1035 722 qui
1069 653 1449 715 secesserant,
1510 648 1580 703 ad
1633 664 1983 703 consensum
2013 650 2070 702 et

423 740 793 797 concordiam
826 740 1096 795 adducit:
1131 738 1332 810 sicque
1360 754 1534 793 suum
1589 736 1856 792 Ecclesiae
1897 753 2068 792 orna-

421 834 547 885 tum
574 829 780 893 reddit,
803 827 1173 884 veneratione
1204 827 1483 881 nimirum
1517 825 1607 880 sui
1639 830 1914 894 utrosque
1947 841 2071 896 per-

422 934 682 989 movens,
714 921 937 988 patrem
978 932 1206 986 nempe,
1267 932 1332 969 ac
1382 915 1541 985 pium
1602 930 1855 986 gregem.
1916 913 2067 977 Quin

418 1006 593 1061 etiam
626 1004 991 1061 orationibus
1024 1004 1093 1058 de
1126 1020 1266 1075 pace
1298 1002 1523 1058 habitis
1551 1001 1951 1057 celebritatem
1976 1018 2069 1056 ex-

423 1092 655 1159 hiiarat,
683 1092 962 1148 distracta
992 1108 1056 1146 ac
1088 1091 1276 1145 divisa
1313 1089 1578 1145 membra
1627 1088 2064 1161 conglutinans,

421 1187 477 1237 et
507 1180 772 1237 medendi
813 1180 1103 1235 celeritate
1148 1178 1498 1234 oblivionem
1551 1180 1737 1233 morbi
1796 1178 2063 1234 efferens.

421 1269 617 1325 Crates
645 1269 880 1341 quidam
905 1268 1219 1323 Thebanus
1250 1266 1459 1322 solitus
1490 1284 1617 1322 esse
1666 1266 1849 1322 fertur
1893 1266 2065 1322 dissi-

419 1359 621 1413 dentes
654 1359 859 1413 domos
915 1357 1095 1423 adire,
1136 1356 1673 1427 controversiasque
1730 1355 1962 1411 lenibus
2009 1358 2067 1413 et

417 1447 675 1519 pacificis
706 1446 896 1503 verbis
939 1447 1284 1517 disceptare.
1317 1446 1388 1500 At
1418 1444 1513 1499 hic
1546 1448 1741 1500 noster
1768 1444 1939 1516 longe
1965 1461 2064 1499 su-

414 1537 605 1609 perior
628 1554 642 1604 ;
666 1552 779 1591 non
806 1534 962 1591 enim
997 1534 1267 1606 privatim
1299 1532 1678 1605 quibusdam,
1706 1537 1771 1587 ut
1808 1532 1925 1601 ille,
1961 1533 2063 1589 sed

411 1625 697 1681 universes
754 1623 950 1697 patria
996 1622 1377 1679 concordiam
1432 1621 1664 1677 reduxit
1716 1640 1728 1677 :
1788 1623 2064 1693 quodque

2176 644 2457 718 ἀλήθειαν,
2506 646 2628 709 νούς
2678 667 2737 702 τι
2785 647 3121 710 ἀποστάντας
3179 643 3508 722 συμϐιϐάσας
3555 654 3627 726 (3)
3667 654 3787 727 πρὸς

2176 729 2564 808 συγκατάϐασιν
2614 734 2704 789 καὶ
2755 735 3033 808 ὁμόνοιαν,
3088 734 3331 791 ἀπέδωκε
3376 737 3465 792 τὸν
3508 739 3697 812 κόσμον
3724 745 3783 807 τῇ

2179 820 2507 895 Ἐκκλησία,
2558 821 2838 897 αἰδέσιμος
2898 824 3225 902 ἀμφοτέροις
3282 829 3482 903 φανεὶς,
3536 830 3687 903 πατρί
3733 851 3784 885 τε

2175 911 2264 965 καὶ
2296 912 2541 984 ποιμνίῳ
2580 910 2842 976 θεοσεϐεῖ,
2890 911 3179 984 Φαιδρόνει
3212 910 3269 968 δέ
3300 912 3481 989 λόγοις
3513 916 3784 990 εἰρηνικοῖς

2172 999 2271 1067 τὴν
2304 1002 2633 1075 πανήγυριν,
2684 999 2919 1073 συνάψας
2961 1001 3027 1054 τά
3077 998 3356 1073 διεστῶτα,
3400 1003 3487 1057 καὶ
3536 1008 3609 1075 τῷ
3646 1006 3785 1080 τάχει

2172 1090 2270 1141 τοῦ
2302 1086 2530 1161 ἰάματος
2563 1086 2739 1158 λήθην
2772 1088 3076 1160 ἐμποιήσας
3124 1089 3221 1144 τοῦ
3262 1089 3673 1166 ἀρῥωστήματος

2175 1176 2387 1250 Κράτης
2442 1177 2536 1249 μέν
2590 1175 2682 1231 οὖν
2735 1176 2945 1253 λέγεται
2977 1178 3006 1233 ὁ
3036 1172 3299 1250 Θηϐαῖος,
3346 1184 3460 1242 τοῖς
3499 1181 3786 1251 στασιάζου-

2176 1285 2255 1319 σιν
2289 1264 2460 1327 οθκοις
2510 1264 2828 1343 ἐπιφοιτῶν,
2880 1264 3071 1342 λόγοις
3120 1267 3339 1342 εἶ’ρήνης
3390 1266 3663 1347 διακρίνειν
3703 1273 3785 1334 τὰς

2175 1351 2375 1427 ἔριδας
2439 1352 2563 1409 ἀλλ’
2614 1354 2840 1410 ἐνταῦθα
2895 1354 2957 1410 τὰ
3011 1362 3195 1428 μεῖζον
3255 1357 3554 1432 πρόσεστιν·
3604 1357 3662 1413 οὗ
3699 1359 3782 1435 γὰρ

2176 1439 2287 1513 ἰδίᾳ
2316 1441 2473 1514 τισὶν,
2510 1440 2688 1515 ὥσπερ
2720 1442 2946 1511 ἐκεῖνος,
2997 1441 3142 1498 ἀλλᾶ
3188 1444 3343 1518 κοινῇ
3373 1449 3442 1518 τῇ
3472 1444 3677 1522 πατρίδι
3701 1455 3783 1514 τήν

2174 1530 2432 1604 ὁμόνοιαν
2492 1531 2814 1607 ἐπανήγαγε’
2873 1532 2963 1587 καὶ
3010 1532 3074 1586 τό
3131 1554 3195 1607 γε
3254 1534 3502 1609 μέγιστον
3538 1577 3553 1601 ,
3608 1534 3682 1589 ὅτι
3734 1536 3784 1590 οὐ

2172 1618 2294 1695 περῖ
2354 1620 2658 1695 χρημάτων
2718 1620 2753 1689 ἢ
2806 1614 3011 1695 ὕϐρεων
3071 1616 3499 1697 ἀμφισϐητοῦσιν
3555 1618 3787 1695 ἐϐράϐευ-

2172 1726 2257 1761 σεν
2291 1706 2448 1779 (ὅπου
2476 1729 2537 1783 γε
2566 1711 2645 1781 (5)
2691 1705 2961 1770 πολλάκις
3007 1708 3096 1763 καὶ
3144 1712 3178 1779 ἡ
3227 1714 3469 1785 τυχοῦσα
3506 1710 3783 1785 παραίνεσις

2172 1793 2369 1870 ῥᾳδίως
2430 1792 2673 1870 ὤνησεν),
2728 1794 2872 1852 ἀλλᾶ
2926 1798 3049 1872 περὶ
3105 1798 3337 1860 πίστεως
3394 1799 3781 1869 στασιάζουσιν,

413 1713 737 1768 maximum
760 1716 867 1780 est,
902 1728 1017 1766 non
1048 1710 1117 1766 de
1140 1709 1401 1783 pecuniis
1427 1714 1527 1764 aut
1558 1709 1791 1780 injuriis
1822 1714 2060 1765 conten-

415 1802 690 1857 dentibus
738 1801 1027 1856 arbitrum
1075 1816 1136 1855 se
1189 1799 1439 1872 praebuit
1486 1798 1608 1867 (ubi
1668 1815 1923 1871 persaepe
1973 1798 2060 1855 vel

410 1889 551 1946 levis
581 1889 903 1946 cohortatio
936 1887 1100 1944 facile
1123 1888 1403 1960 prodest),
1431 1888 1533 1943 sed
1560 1888 1628 1943 de
1646 1887 1759 1941 {ide
1789 1904 2045 1959 pugnan-

2169 1880 2288 1938 ἔνθα
2339 1882 2488 1962 φιλεῖ
2527 1889 2608 1956 τῷ
2667 1886 2875 1960 μεγέθει
2922 1890 3018 1941 τοῦ
3067 1886 3390 1962 πράγματος
3422 1890 3783 1961 συνιξισοῦσθαι

410 1978 694 2045 tibus,ubi
710 1978 933 2034 rixandi
954 1976 1216 2032 studium
1249 1976 1329 2032 rei
1352 1976 1813 2048 magnitudinem
1829 1991 2045 2047 sequar:

2168 1972 2257 2026 καὶ
2286 1973 2349 2027 τὸ
2380 1972 2715 2051 φιλόνεικον,
2747 1974 2823 2035 ὡς
2870 1974 2960 2028 καὶ
3006 1975 3133 2037 τοὺς
3188 1973 3317 2049 ἄγαν
3373 1976 3565 2050 σοφοὺς
3612 1975 3783 2053 λόγους

408 2066 575 2132 solet,
607 2084 673 2122 ac
706 2066 948 2139 proinde
976 2066 1355 2137 quantumvis
1414 2066 1672 2135 prudens
1730 2074 1784 2120 et
1832 2066 2045 2120 erudita

2172 2062 2364 2137 μικρὸν
2395 2061 2484 2116 καὶ
2520 2061 2683 2134 μόλις
2715 2062 2890 2117 ἀνύειν
2921 2066 2997 2137 (6)
3029 2061 3279 2118 δύνασθαι
3312 2066 3450 2141 πρὸς
3480 2066 3541 2121 τὸ
3586 2065 3783 2138 συνάψαι

408 2156 591 2212 oratio
644 2157 715 2211 ad
775 2156 1177 2227 componenda
1235 2154 1480 2209 dissidia
1538 2169 1743 2225 parum
1794 2170 2045 2225 aegreque

2165 2148 2231 2203 τὰ
2263 2146 2543 2206 διεστῶτα.

408 2245 657 2316 proficit.

478 2333 781 2388 Enimvero
830 2336 1142 2403 postquam
1193 2330 1655 2387 Christianorum
1707 2332 2045 2403 perversitas

2235 2323 2459 2395 Ἐπειδή
2519 2323 2577 2381 δέ
2626 2329 2702 2400 (7)
2746 2330 2780 2397 ἡ
2834 2334 3165 2404 Χριστιανων
3225 2330 3391 2385 κακία
3436 2330 3523 2386 καὶ
3572 2327 3783 2401 ἔκλυσις,

406 2438 472 2476 ac
504 2421 789 2476 dissoluta
820 2421 1070 2493 ignavia,
1118 2420 1215 2475 Dei
1277 2420 1809 2491 mandatorumque
1868 2420 2045 2490 ipsius

2162 2415 2560 2493 καταφρόνησιν
2605 2419 2737 2472 Θεοῦ
2783 2416 2872 2470 καὶ
2919 2420 3026 2471 τῶν
3076 2416 3241 2473 αὐτοῦ
3294 2418 3529 2474 ἐντολῶν
3577 2422 3784 2489 νοσήσα-

404 2514 763 2581 contemptu,
791 2510 958 2582 quasi
982 2510 1183 2565 morbo
1242 2508 1495 2580 quodam
1541 2508 1833 2580 laborans,
1867 2524 2045 2581 eoque

2160 2502 2225 2557 σά
2252 2507 2334 2574 (8)
2364 2524 2423 2559 τε
2450 2504 2537 2557 καὶ
2590 2504 2951 2576 μελετήσασα,
3003 2504 3287 2582 ἐπήγειρεν
3336 2510 3476 2581 ἡμῖν
3519 2510 3604 2564 τὸν
3645 2507 3779 2581 μισό-

401 2614 700 2671 grassans,
732 2598 1143 2670 imperatorem
1157 2595 1698 2652 Christoint'ensum
1730 2597 1899 2653 nobis
1919 2614 2045 2653 sus«

2158 2611 2383 2667 χριστον
2438 2591 2809 2669 αὐτοκράτορα
2877 2591 3194 2668 (Ἰουλιανὸν
3268 2594 3324 2651 δέ
3384 2600 3462 2672 (9)
3515 2595 3653 2672 λέγω
3700 2597 3779 2651 τὸν

400 2687 602 2743 citavit
630 2686 953 2759 (Julianum
987 2690 1300 2759 tyrannum
1334 2685 1484 2750 dico,
1517 2685 1619 2756 qui
1650 2686 1863 2741 avitam
1897 2685 2045 2741 Con-

2157 2680 2440 2756 τῦραννον,
2471 2681 2531 2743 ὃς
2558 2682 2658 2749 τήν
2689 2684 3019 2758 προγονικὴν
3070 2683 3247 2738 πίστιν
3296 2687 3392 2740 καὶ
3431 2686 3619 2761 ἀρετὴν
3648 2688 3780 2743 Κων-

400 2776 643 2830 stantini
675 2774 867 2848 Magni
921 2775 1095 2829 {idem
1129 2791 1195 2829 ac
1246 2773 1512 2829 virtutem
1555 2774 1861 2829 contrariis
1892 2773 2045 2831 vitiis

2158 2768 2436 2824 σταντίνου
2482 2774 2578 2824 τοῦ
2643 2769 2899 2845 Μεγάλου
2962 2776 3079 2833 τοῖς
3126 2771 3397 2837 ἐναντίοις
3457 2776 3776 2849 ὑπερνικῆσαι

398 2879 674 2935 superare
706 2862 951 2929 studuit,
982 2878 1228 2934 eamque
1268 2862 1340 2917 ob
1395 2878 1632 2918 causam
1685 2862 2045 2920 Christianos

2157 2856 2552 2934 ἐφιλονείκησε,
2585 2858 2675 2913 καὶ
2706 2857 2794 2914 διὰ
2843 2864 3005 2914 τοῦτο
3048 2862 3263 2917 πάντων
3309 2860 3533 2919 δικαίων
3584 2861 3777 2918 ἀπεστέ-

398 2952 674 3007 omnibus
696 2952 850 3024 juris
883 2951 1168 3024 praesidiis
1200 2950 1470 3022 spoliare,
1507 2967 1619 3005 non
1671 2950 1904 3022 quidem
1939 2968 2045 3024 pu-

2157 2966 2236 3022 ρει
2268 2946 2644 3023 Χριστιανοὺς,
2677 2947 2726 3001 εἷ’
2754 2947 2843 3002 καὶ
2878 2949 2954 3021 μή
2990 2947 3244 3022 δημοσίῳ
3282 2952 3657 3028 προστάγματι
3682 2953 3778 3024 (10)

395 3040 548 3096 blico
569 3040 755 3096 edicto
786 3040 1248 3095 Christianorum
1284 3039 1746 3112 persecutionem
1786 3040 2045 3110 promul-

2157 3036 2243 3090 τὸν
2288 3040 2393 3089 τῶν
2449 3038 2783 3110 Χριστιανῶν
2833 3034 3076 3112 διωγμὸν
3128 3040 3499 3115 προκηρύξας,
3550 3039 3662 3095 ἀλλ’
3702 3038 3776 3093 οὖν

396 3146 563 3202 gans,
595 3130 693 3187 sed
735 3129 1049 3197 voluntate,
1076 3128 1263 3200 iisque
1287 3129 1484 3196 rebus,
1531 3146 1679 3199 quas
1707 3131 1920 3185 tacitus
1943 3131 2044 3187 ad-

2157 3128 2230 3195 τῷ
2263 3123 2596 3199 βουλήματι,
2628 3125 2717 3179 καὶ
2750 3127 2832 3187 οἷς
2862 3147 2919 3180 τε
2950 3131 3169 3181 σιωπῶν
3203 3130 3317 3182 κατ’
3362 3130 3541 3184 αὐτῶν
3590 3128 3773 3203 ἔδρασε,

391 3234 597 3274 versus
619 3234 717 3274 eos
766 3218 1159 3291 perpetrabat,
1212 3217 1453 3289 profana
1500 3216 1825 3274 eruditione
1872 3224 2042 3290 atque

2157 3212 2242 3267 καὶ
2275 3215 2357 3274 οἷς
2402 3212 2785 3286 ἐνομοθέτησεν
2831 3212 3171 3284 Ἑλληνικῶν
3222 3214 3411 3290 λόγων
3459 3219 3545 3272 καὶ
3584 3214 3774 3271 παιδευ-

396 3306 659 3361 doctrina
691 3283 835 3379 ipsis
867 3283 1264 3376 interdico—ns).
1306 3305 1397 3361 Dei
1461 3305 1656 3377 itaque
1699 3283 2039 3377 aequanimi-

2157 3301 2338 3374 μάτων
2369 3283 2632 3373 ἀμοίρους
2664 3302 2798 3356 εἶναι
2829 3302 3222 3378 Χριστιανούς).
3254 3283 3317 3361 ’11
3350 3304 3446 3360 οὗν
3489 3307 3656 3381 ἀνοχή
3692 3308 3773 3359 τοῦ

393 3398 505 3459 tas,
541 3411 667 3467 quae
702 3395 987 3451 nefarium
1021 3398 1077 3450 et
1132 3395 1548 3451 exsecrandum
1582 3393 1880 3450 hominem
1908 3396 2037 3452 diu-

393 3484 512 3539 tius
542 3483 729 3539 efferri
763 3488 938 3556 atque
977 3483 1324 3539 insolescere
1352 3482 2037 3556 permiserat,postquam

391 3571 580 3645 ipsius
601 3572 1034 3646 improbitatem
1057 3571 1217 3627 nulla
1238 3571 1475 3627 omnino
1491 3571 1830 3643 poenitentia
1851 3574 2036 3647 frangi

390 3661 697 3733 perspexit,
733 3662 982 3732 gladium
1010 3662 1235 3716 vibrans
1264 3661 1328 3729 π,
1369 3676 1514 3732 quas
1545 3660 1733 3733 ipsius
1764 3662 2037 3732 impietas

389 3751 740 3820 merebatur,
775 3767 976 3822 pcnnas
1025 3749 1233 3822 exegit,
1293 3749 1351 3804 in
1401 3749 1783 3804 barbarorum
1819 3750 2035 3807 finibus

391 3840 701 3895 barbaram
745 3839 931 3912 ipsius
964 3843 1019 3896 et
1051 3838 1365 3895 belluinam
1423 3839 1600 3893 vitam
1656 3840 2031 3911 abrumpens.

386 3927 516 3983 Mox
550 3946 797 4000 magnus
826 3929 1134 4001 Gregorius
1164 3928 1352 3999 ipsius
1374 3926 1565 3983 scelus
1596 3932 1652 3983 et
1675 3928 2031 4001 impietatem

382 4016 665 4072 invectiva
694 4016 952 4072 oratione
980 4016 1321 4088 proscindit,
1372 4033 1438 4071 ac
1494 4016 1844 4088 Sybariticas
1875 4021 2034 4073 Grea-

382 4120 581 4159 eorum
614 4105 1022 4175 obscenitates,
1056 4109 1397 4174 veteresque
1446 4103 1696 4169 fabulas,
1745 4121 1810 4159 ac
1838 4106 2035 4161 multi-

379 4192 547 4263 plicis
580 4192 899 4247 divinitatis
930 4206 1185 4247 errorem
1218 4191 1517 4261 detegens,
1553 4196 1724 4262 atque
1754 4195 2030 4249 omnibus

380 4281 452 4336 ob
482 4279 682 4335 oculos
734 4296 977 4351 ponens,
1037 4295 1350 4335 commune
1396 4278 1715 4334 ludibrium
1775 4281 2029 4338 cordatis

378 4369 518 4423 viris
553 4367 875 4440 proposuit.
903 4368 1011 4423 Sed
1039 4368 1179 4439 quid
1214 4384 1460 4439 magnas
1490 4372 1547 4422 et
1578 4368 1835 4424 excelsas
1852 4369 2027 4441 hujus

378 4457 481 4511 viri
515 4456 719 4511 laudes
741 4456 1022 4511 orationis
1049 4456 1330 4511 brevitate
1362 4456 1711 4511 imminuere
1749 4473 1815 4512 ac
1853 4458 2023 4514 dede-

377 4561 509 4600 core
539 4545 768 4599 afﬁcere
791 4544 1115 4617 aggredior,
1150 4545 1438 4615 planeque
1468 4544 1525 4599 in
1550 4545 2020 4603 contrariumire.

2148 3393 2303 3457 Θεοῦ,
2337 3390 2423 3444 ἐπὶ
2454 3388 2599 3445 πολὺ
2628 3391 2719 3445 τὸν
2752 3390 3037 3468 ἀλιτήριον
3066 3394 3179 3465 (11)
3212 3393 3498 3466 ὑψωθῆναι
3536 3414 3771 3470 παραχω-

2148 3481 2377 3549 ρήσασα,
2411 3479 2484 3541 ὡς
2518 3480 2661 3553 ἐώρα
2688 3480 2970 3542 παντελῶς
3020 3480 3185 3536 αὐτοῦ
3233 3483 3335 3550 τὴν
3369 3483 3627 3559 πονηρίαν
3656 3483 3773 3555 ἆμε-

2144 3566 2454 3641 ταμέλητον
2507 3570 2640 3641 (12),
2675 3564 3022 3623 στιλϐώσασα
3044 3570 3142 3637 τήν
3178 3568 3471 3647 ῥομφαίαν,
3517 3572 3656 3643 ἀξίαν
3680 3576 3766 3639 τῆς

2145 3651 2388 3718 ἀσεϐείας
2437 3654 2589 3727 δίκην
2638 3656 3029 3732 εἰσπράττεται,
3081 3657 3133 3713 ἐν
3162 3658 3314 3734 ὅροις
3368 3656 3647 3736 βαρϐάρων
3682 3660 3770 3727 τὴν

2149 3740 2417 3820 βάρϐαρον
2450 3744 2614 3799 αὐτοῦ
2643 3746 2733 3799 καὶ
2781 3742 3027 3821 θηριώδη
3082 3748 3226 3815 ζωὴν
3278 3744 3607 3825 διαρῥήξασα
3650 3750 3769 3821 (13).

2141 3832 2343 3890 Αὐτίκα
2374 3833 2401 3886 ὁ
2437 3834 2603 3909 μέγας
2646 3833 2943 3909 Γρηγόριος
2993 3833 3299 3904 στηλιτεύει
3352 3838 3447 3909 μέν
3495 3837 3656 3892 αὐτοῦ
3683 3835 3769 3903 τὴν

2141 3920 2328 3976 κακίαν
2380 3921 2468 3976 καὶ
2516 3923 2615 3990 τὴν
2666 3917 2949 3989 ἀσέϐειαν,
2994 3922 3089 3984 τάς
3159 3920 3215 3977 δέ
3267 3920 3627 3997 Συϐαριτικὶς
3669 3925 3773 3996 (14)

2142 4009 2425 4080 Ἑλλήνων
2470 4009 2887 4086 αἰσχρολογίας,
2941 4011 3030 4065 καὶ
3071 4011 3198 4073 τοὺς
3251 4012 3521 4076 παλαιοὺς
3565 4012 3770 4087 μύθους,

2139 4099 2228 4154 καὶ
2258 4099 2356 4167 τήν
2388 4097 2655 4154 πολύθεον
2688 4098 2900 4170 πλάνην
2934 4098 2986 4154 ἐν
3016 4106 3137 4162 ταῖς
3170 4101 3419 4156 ἁπάντων
3452 4100 3767 4176 ἀπογυμνώ-

2140 4210 2234 4250 σας
2266 4184 2441 4261 ϐψεσι,
2488 4190 2670 4243 κοινὸν
2703 4193 2821 4249 τοῖς
2861 4194 3200 4266 σωφρονοῦσι
3232 4189 3514 4267 προῦθηκε
3550 4189 3767 4268 γέλωτα.

2138 4274 2311 4331 Ἀλλὰ
2338 4276 2392 4331 τί
2422 4273 2488 4346 δή
2518 4276 2585 4331 τὰ
2620 4275 2828 4353 μεγάλα
2854 4281 2953 4333 τοῦ
2998 4276 3191 4355 ἀνδρὸς
3228 4279 3318 4333 καὶ
3353 4280 3624 4357 ὑπέρογκα
3657 4280 3770 4354 βρα-

2137 4371 2230 4440 χεῖ
2274 4362 2429 4441 λόγῳ
2472 4364 2711 4441 ἐγχειρῶ
2756 4361 3120 4441 καθυϐρίζειν,
3170 4367 3259 4422 καὶ
3311 4368 3387 4431 εἰς
3441 4370 3504 4423 τὸ
3552 4365 3770 4424 ἐναντίον

2133 4455 2269 4509 ἱέναι
2318 4460 2415 4508 τοῦ
2460 4454 2749 4516 ἐνεστῶτος
2794 4460 3020 4528 σκοποῦ,
3068 4456 3159 4511 καὶ
3189 4455 3241 4511 ἐν
3274 4463 3450 4535 καιρῷ
3501 4455 3771 4534 ἐγκωμίων

2134 4545 2268 4617 (15),
2300 4542 2389 4597 ὅτε
2429 4541 2511 4597 δεῖ
2560 4541 2797 4615 μάλιστα
2841 4544 2933 4599 τὸν
2982 4543 3392 4618 ἐπαινούμενον,
3444 4551 3510 4621 τῇ
3561 4541 3769 4615 διεξόδῳ

375 4650 551 4705 quam
585 4632 867 4689 orationis
897 4632 1233 4688 institutum
1259 4633 1422 4702 ferat,
1446 4632 1621 4704 idque
1666 4632 2021 4690 laudationis

2157 4633 2244 4703 16)
2296 4636 2402 4686 τῶν
2460 4633 2849 4707 πεπραγμένων
2909 4630 3281 4708 ἐπιδοξότερον
3339 4634 3603 4711 γίνεσθαι,
3663 4632 3766 4703 ἐξὸν

372 4728 634 4796 tempore
662 4722 804 4794 (quo
835 4721 1205 4794 potissimum
1244 4721 1301 4775 in
1335 4721 1441 4776 hoc
1472 4720 1888 4778 elaborandum
1912 4729 2023 4793 est,

444 4875 487 4910 ⁸⁸
516 4874 671 4930 Psal.
703 4890 803 4943 vn,
842 4873 927 4927 13.

550 5022 728 5096 Codd.
761 5027 856 5096 Or.
892 5022 951 5077 P.
983 5022 1242 5096 etColb.
1265 5022 1447 5096 1,7'cﬁc
1479 5019 1802 5096 dfiéwetiaq.

467 5093 523 5161 5)
557 5096 622 5145 Γε
650 5093 813 5148 deest
837 5094 896 5149 in
928 5094 1094 5148 codd.
1129 5093 1285 5149 Colb.
1313 5095 1362 5159 1,
1395 5096 1451 5161 2,
1481 5093 1538 5149 et
1557 5094 1652 5149 Or.

467 5094 502 5147 5
557 5096 622 5145 Γε
650 5093 813 5148 deest
837 5094 896 5149 in
928 5094 1094 5148 codd.
1129 5093 1285 5149 Colb.
1313 5095 1362 5159 1,
1395 5096 1451 5161 2,
1481 5093 1538 5149 et
1557 5094 1652 5149 Or.

467 5093 523 5235 ὃ)
546 5163 633 5219 Ita
662 5165 829 5219 codd.
866 5166 924 5219 P.
953 5163 1110 5220 Colb.
1145 5166 1196 5234 1,
1227 5166 1281 5235 2,
1305 5170 1361 5220 et
1384 5164 1478 5220 Or.
1494 5166 1751 5221 Combef.
1783 5167 1845 5224 In
1876 5166 2016 5224 edit.

375 5229 541 5286 ἀνῦεἱ.

2132 4719 2427 4797 ἐντυχόντα
2453 4726 2569 4783 τοῖς
2601 4718 3031 4792 στηλιτευτικοῖς
3082 4721 3267 4798 λόγοις
3316 4727 3585 4799 σαυμάσαι
3631 4722 3689 4778 τό
3715 4740 3768 4775 τε

2126 5044 2314 5175 “iis
2344 5098 2481 5175 Cod.-
2514 5097 2635 5168 ον..
2669 5097 3037 5175 ᾇπορέᾕξασα·

2225 5100 2293 5155 13
2344 5098 2481 5154 Cod.
2514 5098 2635 5168 Or.,
2669 5098 3037 5175 ἀπορρήξασα.

2198 5098 2314 5256 (μέ)
2352 5164 2786 5256 οξυϐαριτικάςὲη
2808 5174 3018 5256 Molles,
3055 5173 3440 5256 .volaptuosaf.
3490 5169 3680 5256 _Co|b..
3715 5168 3761 5256 1,

2124 5236 2219 5302 τάς
2256 5236 2657 5314 δέίὺϐριστικάς
2707 5236 3013 5313 Ἑλλήνων,
3042 5236 3365 5314 ﬂagitiosus.
3391 5246 3452 5299 in
3483 5242 3766 5314 luxuriant

442 5302 616 5384 (“ttat
647 5304 885 5384 deestin
934 5307 1100 5384 codd.
1134 5306 1291 5384 Colb.
1357 5308 1408 5377 1,
1467 5310 1521 5375 2,
1582 5312 1639 5362 et
1694 5308 1790 5366 Or.
1843 5310 2016 5367 Paulo

2160 5302 2531 5369 rotrahen'tes.
2573 5314 2712 5370 Cod.
2741 5315 2836 5370 Or.
2868 5302 3077 5371 'habe't
3118 5302 3529 5384 ΪΣυϐαρητικάς.
3587 5318 3641 5369 et
3686 5309 3760 5384 ad

372 5380 503 5444 post
532 5376 707 5429 iidem
739 5376 907 5431 codd.
941 5380 1073 5429 Θεοῦ
1112 5396 1173 5430 κε
1203 5376 1309 5430 καί.

440 5446 517 5515 (8)
548 5447 682 5499 ίῖοίί.
711 5447 768 5502 Ρ.
803 5447 1060 5515 νοήσασα.

440 5514 518 5588 (9)
544 5514 609 5589 Δέ
639 5519 799 5571 deost
833 5514 895 5589 in
921 5516 1230 5589 cod.Colb.
1255 5519 1306 5589 1,
1342 5523 1400 5575 et
1426 5522 1523 5577 Or.

586 5588 744 5664 golb.
766 5590 800 5664 _1
817 5631 829 5653 ,
856 5584 1105 5664 δημοσίῳ
1124 5584 1426 5664 πράγματι.

475 5658 553 5734 tt)
585 5658 721 5734 0.06,-
753 5661 872 5734 Οιῖο,
906 5658 1230 5734 autem»

473 5728 551 5803 12)
603 5729 740 5786 Cod.
802 5730 922 5803 Or.,
958 5728 1347 5805 ἀμετανόητον.
1371 5732 1509 5815 (20ιῆΞ
1530 5736 1618 5817 ιλ,
1653 5728 2011 5813 ἀμιταμελή-

2125 5385 2452 5470 marginem
2485 5384 2697 5470 legitur
2730 5402 2743 5441 :
2774 5383 3113 5462 τρυφηλοὺς,
3144 5382 3498 5463 φιληδόνους,
3532 5382 3765 5449 deliciis,

2124 5454 2352 5511 libidini
2378 5454 2701 5511 servientes.
2811 5454 2819 5460 ’
2889 5454 2899 5462 ’

2194 5528 2307 5654 (15)
2337 5528 2472 5583 Cod.
2510 5528 2565 5581 P.
2601 5524 2899 5654 ἐγκωὲμου.

2192 5597 2286 5654 (16
2338 5598 2425 5653 Ita
2453 5598 2610 5654 Colb.
2641 5604 2691 5654 1.
2780 5640 2792 5654 .
2824 5599 2899 5654 Or

2192 5597 2691 5679 (16).Ita_gotb:"_1_,
2736 5597 2922 5679 2.__0_5.
2954 5599 3017 5658 P.
3070 5603 3130 5659 et
3180 5598 3437 5659 Combet‘.
3493 5613 3598 5658 nec
3654 5608 3761 5654 non

2120 5665 2347 5742 antiqui
2377 5670 2516 5727 edit.
2551 5669 2756 5728 Billius
2783 5665 2972 5748 ἐξόδῳ.
