4100 6444
432 340 553 397 267
1559 336 1752 397 Vl'l‘A
1796 336 1858 395 S.
1910 333 2284 396 GHEGORII
2329 336 2721 399 THEOLOGI
3695 356 3794 416 263

428 472 679 527 ticorum
711 469 946 542 agmine
967 469 1291 525 Caesaream
1323 468 1659 540 populante,
1684 466 1935 523 Eusebio
1968 483 2045 537 qu

2175 469 2343 557 ‘xGw‘
2370 464 2813 557 καταδραμόντος
2865 477 2966 541 τῆς
3021 473 3328 549 Καισαρέων
3362 519 3375 545 ,
3438 474 3670 536 Εύσεϐίου
3718 485 3796 557 μὲν

429 562 585 627 dem,
618 560 714 633 pio
761 560 909 631 viro,
943 558 1136 615 adhuc
1194 556 1533 630 metropolis
1590 556 1817 614 clavum
1875 556 2050 629 guber

2194 558 2292 646 τοῦ
2324 554 2478 646 δσίου
2509 554 2585 612 ἔτι
2617 555 3128 635 πηδαδιουχοῦντος
3177 564 3274 632 τὴν
3309 565 3648 643 μητρόπολιν,
3682 554 3796 646 πρὸς

432 654 629 723 nante,
662 653 939 706 caeterum
970 665 1105 705 cum
1138 663 1352 720 magno
1385 646 1621 717 Basilio,
1654 646 1755 717 qui
1787 646 2050 717 presbyte

2197 640 2374 735 Sero»)
2411 645 2577 722 μέγαν
2626 646 2908 705 Βασίλειον
2953 646 3315 729 πρεσϐύτερον
3362 640 3496 727 ὅντα,
3538 640 3797 735 ηὶγένΠτῑρ

429 744 577 812 erat,
606 744 780 812 atque
826 740 887 795 in
936 739 1114 796 Ponto
1164 736 1713 810 philosophabatur,
1746 734 2050 790 inimicitia

2196 734 2388 808 Πόντῳ
2419 734 2844 815 φιλοσοφοῦντα,
2878 735 3080 817 ἔχθραν
3122 740 3473 818 ἀνῃρημένου,
3522 744 3680 811 δείσας
3705 734 3796 806 τῶν

429 833 688 901 gerente,
714 827 1120 885 haareticorum
1150 827 1457 898 conjurata
1486 841 1651 882 arma
1679 823 2050 896 impetumqu

2194 823 2479 900 αἱρετικῶν
2509 826 2600 881 τὸν
2650 829 3043 903 συνασπισμὸν,
3077 830 3167 885 καὶ
3215 831 3313 901 τὴν
3357 830 3537 910 ἔφοδον
3566 839 3654 889 τοῦ
3679 857 3796 913 προ-

431 919 843 991 reformidans,
876 918 1029 990 quod
1061 917 1307 974 antistes
1356 915 1539 973 aciem
1590 918 1795 972 contra
1839 914 2050 970 educer

2197 916 2428 977 εστῶτος
2486 916 2562 989 μὴ
2614 916 2891 981 σθένοντος
2921 918 3346 993 παρατάττεσθαι
3385 924 3515 995 (34),
3546 924 3625 998 (ἦν
3656 923 3695 979 δ’
3722 927 3798 981 οὗ·

431 1026 548 1067 non
587 1012 787 1082 posset
815 1010 1179 1082 (quanquam
1227 1006 1383 1063 enim
1431 1004 1529 1061 ille
1574 1004 1702 1060 vitaz
1750 1002 2050 1076 integritat

2190 1024 2308 1072 τος,
2342 1003 2388 1059 εί
2418 1003 2506 1061 καὶ
2536 1005 2626 1061 τὸν
2661 1005 2777 1081 βίον
2828 1008 3047 1082 σεμνὸς,
3097 1008 3225 1065 ἀλλ’
3257 1008 3346 1066 οὗν
3392 1013 3522 1087 πρὸς
3552 1012 3795 1091 θεολογίαν

429 1099 767 1172 praestabat,
784 1097 1087 1170 theologiaa
1106 1100 1303 1153 tamen
1322 1095 1489 1151 rudis
1504 1098 1629 1150 erat
1646 1098 1704 1150 et
1728 1092 2050 1166 imperitus]

2194 1091 2581 1169 ἀγύμναστος),
2615 1094 2924 1153 ἐπιστέλλει
2977 1097 3273 1171 Βασιλείῳ,
3321 1104 3398 1172 τῷ
3444 1109 3688 1179 φωστῆρι,
3714 1111 3797 1174 τῆς

429 1190 502 1246 ad
541 1188 847 1261 Basilium,
878 1187 1108 1244 illustre
1154 1185 1301 1242 illud
1351 1185 1541 1252 sidus,
1571 1182 1797 1255 scribit,
1829 1198 2048 1254 eumqu

2192 1179 2392 1258 ἔχθρας
2425 1184 2520 1257 μὲν
2696 1186 3001 1243 ἀντιοολῶν
3044 1185 3341 1263 ἀλογῆσαι,
3369 1189 3459 1245 τὸν
3506 1188 3727 1247 κίνδυνον
3753 1190 3798 1249 δὶ

426 1280 771 1351 obtestatur,
801 1293 876 1335 ne
896 1276 1079 1335 ullam
1094 1274 1539 1332 inimicitiarum
1562 1273 1847 1331 rationem
1868 1272 2050 1329 habes

2188 1274 2297 1327 τῶν
2328 1274 2521 1348 ψυχῶν
2573 1272 2900 1346 ἐννοήσαντα
2945 1282 3169 1353 ταχεῖαν
3224 1277 3528 1356 ἐπικουρίαν
3559 1282 3662 1355 (36)
3697 1281 3794 1337 δαυ-

422 1370 527 1426 sed
558 1368 892 1425 animarum
940 1364 1271 1438 periculum
1308 1367 1505 1420 mente
1537 1365 1838 1434 reputans,
1866 1364 2050 1418 metro

2190 1359 2279 1415 τὸν
2304 1361 2528 1435 κομίσαι
2568 1366 2636 1437 τῇ
2670 1363 2967 1437 Ἐκκλησία
3010 1372 3114 1435 τῆς
3171 1366 3559 1440 μητροπόλεως
3603 1370 3702 1443 ἅμα
3724 1376 3795 1424 καί

420 1457 692 1531 politanze
724 1455 992 1513 Ecclesiae
1024 1455 1150 1511 sine
1193 1453 1315 1510 ulla
1354 1469 1521 1509 mora
1550 1452 1853 1524 suppetias
1884 1451 2032 1506 ferat

2188 1450 2287 1518 τὴν
2340 1453 2453 1524 (37)
2502 1453 2692 1508 ἑαυτοῦ
2747 1454 3042 1530 παρουσίαν
3094 1455 3185 1510 καὶ
3242 1456 3553 1533 συμμαχίαν
3601 1453 3798 1534 ὑποσχό-

420 1546 600 1603 simul
630 1546 807 1602 etiam
841 1561 904 1601 se
930 1544 1276 1610 affuturum,
1301 1540 1557 1613 bellique
1586 1540 1922 1596 societatem
1946 1554 2050 1595 cun

2195 1559 2376 1612 μενος.
2435 1545 2610 1597 Ταῦτα
2659 1543 2846 1613 εἰπὼν,
2904 1544 3078 1599 πείθει
3127 1544 3222 1600 τὸν
3273 1544 3487 1619 ἄριστον
3534 1548 3796 1623 στρατηγὸν

421 1652 487 1691 eo
519 1635 810 1692 coiturum
842 1632 1167 1706 pollicetur.
1200 1633 1322 1694 Qua
1363 1629 1625 1686 oratione
1655 1628 1937 1684 eximium
1972 1628 2050 1683 du

2189 1626 2467 1691 ἀνελέσθαι
2516 1630 2606 1685 τὸν
2659 1631 2929 1704 πόλεμον.
2977 1632 3185 1689 Ἐλθὼν
3243 1631 3335 1689 οὖν
3385 1635 3473 1690 καὶ
3520 1634 3684 1707 αὐτὸς,
3724 1636 3795 1691 καὶ

422 1741 548 1780 cem
597 1725 669 1779 ad
716 1722 937 1779 bellum
988 1719 1432 1792 suscipiendum
1480 1718 1746 1789 impellit.
1782 1718 2043 1773 Profectu

2187 1719 2670 1790 συνεκστρατεύσας
2873 1721 3040 1793 αὐτῷ,
3091 1721 3167 1784 εἰς
3212 1724 3274 1777 τὸ
3324 1722 3586 1801 ὀχύρωμα
3610 1746 3705 1779 των
3730 1722 3796 1779 al-

420 1814 603 1887 igitur
643 1815 770 1885 ipse
817 1826 1066 1882 quoque,
1102 1812 1490 1879 susceptaque
1538 1823 1673 1862 cum
1722 1822 1788 1862 eo
1837 1806 2050 1878 expedi

2190 1810 2413 1879 ρετικῶν
2446 1806 2777 1883 παραδύεται
2803 1812 2937 1883 (39),
2966 1810 3055 1865 καὶ
3098 1812 3168 1867 τὰ
3196 1816 3301 1867 τῶν
3337 1808 3536 1870 ἀσεϐῶν
3584 1811 3799 1889 δόγματα

421 1859 593 1887 ⁵0⁵⁷⁸⁵⁵
643 1859 768 1885 ἰ’-*⁷
821 1859 1066 1882 “ι“·⁷“.ι“νι
1103 1859 1487 1879 -""'r'"1"'
1546 1859 1673 1862 '—-—
1730 1859 1779 1862 τ-
1846 1859 1934 1878 "’1’
1959 1859 1971 1861 ~
1996 1859 2039 1861 πί

420 1905 601 1975 tione,
619 1903 678 1959 in
701 1894 1112 1958 haereticorum
1135 1898 1475 1975 praasidium
1492 1901 1549 1953 et
1565 1912 1759 1952 arcem
1783 1895 2050 1967 irrumpit

2190 1859 2198 1879 |
2329 1859 2353 1860 νν
2399 1859 2403 1861 ν
2455 1859 2775 1883 η-Γνν--ν-ν-
2804 1859 2937 1883 ιννμ
2968 1859 3055 1865 "'"
3109 1859 3168 1867 "‘
3208 1859 3297 1867 "'
3338 1859 3532 1870 """‘"
3587 1859 3638 1868 "
3680 1859 3797 1886 l"""'

2187 1893 2534 1967 κατατέμνων
2593 1896 2682 1951 καὶ
2738 1893 3018 1968 διαλύων,
3076 1900 3372 1977 συνεγείρει
3420 1902 3481 1957 τὸ
3533 1859 3797 1978 τρότίαιον,

420 1993 791 2064 concisisque
823 1989 1140 2062 impiorum
1166 1986 1475 2047 hominum
1499 2002 1566 2041 ac
1594 1984 1916 2056 proﬂigatis
1938 1984 2050 2056 dog

2189 1980 2425 2059 φυγάδας
2456 1981 2754 2059 ἀπελέγξας
2781 1987 2913 2049 τοὺς
2961 1986 3289 2061 πολεμίους,
3320 1997 3422 2060 τῆς
3469 1989 3632 2047 αὐτῶν
3669 1991 3797 2046 ἀναν-

420 2083 681 2140 matibus
702 2085 987 2151 tropteum
1004 2076 1183 2133 simul
1204 2092 1339 2131 cum
1359 2073 1575 2130 Basilio
1597 2073 1787 2145 erigit,
1804 2072 2050 2128 hostibu:

2186 2066 2334 2145 δρίας
2369 2067 2635 2135 λαϐόντας
2668 2072 3031 2146 συναίσθησιν.
3082 2081 3317 2134 Τοιαῦτα
3363 2075 3451 2134 διὰ
3495 2083 3597 2135 τῶν
3636 2080 3797 2135 ἑαυτοῦ

417 2171 660 2245 ignaviae
691 2186 810 2227 suae
842 2165 1379 2237 imbecillitatisque
1401 2162 1757 2219 conscientia
1785 2162 1842 2215 in
1873 2161 2050 2233 fugan

2182 2159 2525 2235 θεραπόντων
2576 2162 2705 2225 Θεὸς
2752 2163 3160 2240 κατεργάζεται·
3213 2168 3293 2239 ὃς,
3347 2166 3471 2225 ὅταν
3500 2166 3585 2244 ἴδῃ
3610 2167 3795 2237 πολλὴν

417 2260 627 2316 versis.
662 2260 736 2313 Ac
782 2255 925 2313 talia
954 2255 1105 2310 Deus
1154 2269 1259 2326 per
1303 2268 1501 2308 servos
1531 2250 1710 2307 efﬁcit
1742 2266 1754 2304 :
1789 2249 1889 2322 qui
1937 2265 2050 2305 cun

2182 2247 2617 2319 ἐπιπολάζουσαν
2673 2256 2783 2308 τῶν
2854 2253 3159 2331 ἀνθρώπων
3215 2257 3553 2333 παρανομίαν
3585 2305 3599 2333 ,
3657 2255 3797 2330 οἴκτῳ

417 2347 731 2405 immodice
759 2346 1189 2402 excrescentem
1232 2346 1411 2412 atque
1457 2339 1850 2396 exundantem
1882 2338 2050 2395 homi

2180 2342 2277 2393 τοῦ
2303 2341 2640 2413 τιμιωτάτου
2677 2340 2998 2417 πλάσματος
3048 2343 3299 2423 έξεγείρει
3346 2346 3581 2411 τελείους
3632 2344 3797 2423 ἄνδρας

417 2454 562 2494 num
595 2434 969 2507 iniquitatem
1001 2431 1206 2499 cernit,
1232 2428 1706 2503 praestantissimi
1736 2432 1911 2500 atque
1942 2427 2050 2485 cha

2182 2426 2493 2504 ἐπικουρίαν
2542 2431 2665 2485 τινὰ
2710 2432 2800 2486 καὶ
2856 2430 3234 2510 παιδαγωγίαν
3305 2442 3423 2501 τοῖς
3470 2434 3797 2493 κινδυνεύουσι

416 2525 635 2583 rissimi
662 2523 924 2597 ﬁgmenti
973 2521 1344 2580 miseratione
1390 2522 1713 2592 permotus,
1743 2517 1896 2574 viros
1946 2533 2050 2573 om

2179 2518 2661 2593 προμηθούμενος,
2688 2518 2781 2576 ἵνα
2812 2522 2889 2595 μή
2938 2527 3036 2578 τοῦ
3083 2524 3437 2601 στηρίζοντος
3476 2530 3510 2597 ἡ
3542 2525 3724 2603 ἀπορία
3746 2525 3797 2580 τὸ

414 2616 590 2672 nibus
620 2612 854 2669 virtutis
884 2610 1150 2667 numeris
1189 2605 1490 2665 absolutos
1520 2608 1751 2674 excitat,
1785 2605 2050 2663 auxiliuu

2178 2607 2331 2681 γένος
2380 2605 2736 2680 λυμήνηται·
2788 2610 2926 2665 καθὰ
2970 2611 3060 2666 καὶ
3105 2612 3231 2669 τότε
3274 2616 3560 2689 πεποίηκε,
3605 2614 3798 2673 τούτους

414 2704 709 2775 quoddam
741 2700 1232 2772 disciplinamque
1262 2697 1358 2765 iis,
1381 2713 1633 2767 quorum
1656 2695 1819 2751 salus
1851 2693 2049 2766 pericli

2181 2691 2559 2767 διαναστήσας,
2607 2697 2696 2752 καὶ
2747 2699 2858 2755 οἷόν
2909 2721 3029 2756 τινα
3086 2700 3218 2758 ὀπὸν
3268 2704 3363 2760 τὸν
3419 2700 3795 2779 ἐμϐαλλόμενον

412 2796 596 2861 tatur,
656 2806 1016 2863 procurans;
1071 2803 1144 2843 ne
1199 2786 1433 2842 fultura)
1492 2790 1666 2857 atque
1723 2784 2046 2840 adminicul

2179 2782 2411 2859 γάλακτι
2455 2785 2680 2850 τούτους
2731 2788 2807 2851 εἰς
2857 2790 3019 2862 μέσον
3067 2792 3236 2856 τιθεὶς
3286 2796 3405 2867 (40)
3450 2795 3573 2856 τοὺς
3608 2798 3670 2867 τῇ
3709 2812 3797 2847 πο-

415 2880 663 2953 penuria
690 2880 1020 2935 humanum
1065 2892 1251 2949 genus
1299 2891 1511 2930 noxam
1561 2873 1869 2930 contrahat
1899 2879 1956 2928 et
1984 2872 2050 2929 la

2181 2872 2433 2950 λυσχιδεῖ
2488 2875 2729 2952 πονηρίᾳ
2802 2879 2892 2933 καὶ
2962 2875 3180 2952 ἀσεϐείᾳ
3235 2881 3495 2939 πλεῖστον
3564 2879 3796 2952 ἀλλήλων

413 2969 738 3025 befactetur
770 2984 783 3021 :
819 2964 1319 3039 quemadmodum
1355 2969 1481 3051 tum
1515 2979 1747 3035 quoque
1778 2962 1930 3029 fecit,
1962 2962 2050 3018 ho:

2180 2963 2549 3041 ἀφεστηκότας
2600 2968 2713 3040 (41)
2763 2967 2841 3030 εἷς
2891 2967 3017 3043 μίαν
3064 2968 3247 3026 συνδεῖ
3303 2972 3490 3051 φιλίαν
3536 2972 3621 3028 καὶ
3657 2973 3798 3047 ἁρμο-

412 3058 570 3113 viros
613 3055 894 3123 excitans,
930 3070 995 3110 ac
1024 3052 1182 3108 velut
1228 3050 1541 3124 coagulum
1584 3052 1884 3122 quoddam
1930 3050 2069 3108 lacti
2179 3051 2319 3109 νίαν.

411 3146 696 3216 injectum
727 3145 788 3199 in
819 3143 1081 3199 medium
1124 3156 1377 3212 ponens;
1411 3144 1587 3212 atque
1614 3139 1697 3195 ita
1724 3156 1823 3195 eos
1873 3139 1974 3211 qui
2022 3140 2314 3198 multifida
2360 3142 2734 3216 improbitate
2782 3150 2840 3202 et
2887 3147 3185 3221 impietate
3232 3149 3554 3223 plurimum
3583 3150 3721 3206 inter
3744 3162 3796 3204 se

411 3235 605 3291 dissiti
640 3236 826 3302 erant,
854 3232 916 3287 in
946 3247 1127 3287 unam
1159 3229 1478 3286 amicitiam
1508 3228 1995 3300 concordiamque
2026 3231 2456 3304 constringens.

479 3342 606 3397 Non
638 3338 894 3396 multum
936 3336 1221 3409 temporis
1270 3336 1703 3403 intercesserat,
1735 3352 1870 3391 cum
1919 3352 2050 3407 pra:-

2248 3335 2321 3391 Ού
2351 3336 2498 3393 πολὺ
2525 3338 2588 3393 τὸ
2620 3338 2672 3394 ἐν
2710 3339 2877 3415 μέσῳ,
2908 3342 2998 3397 καὶ
3030 3342 3058 3397 ὁ
3093 3344 3187 3418 μὲν
3226 3343 3523 3420 εἰρημένος
3563 3340 3790 3418 πρόεδρος

406 3430 597 3485 dictus
626 3430 755 3500 ejus
796 3425 1065 3483 Ecclesiae
1112 3425 1357 3481 antistes
1406 3425 1480 3480 ad
1530 3423 1830 3480 meliorem
1880 3425 2050 3481 vitam

2175 3422 2338 3495 τῆσδε
2386 3427 2714 3497 Ἐκκλησίας
2765 3432 2878 3505 (42)
2926 3430 3064 3505 πρὸς
3110 3433 3209 3501 τὴν
3269 3432 3481 3508 ἀμείνω
3533 3432 3791 3508 μετανέστη

405 3518 699 3591 migravit.
734 3516 983 3589 Magnus
1015 3532 1185 3587 porro
1218 3514 1384 3570 labor
1411 3513 1686 3585 Gregorio
1719 3514 2050 3571 subeundus

2175 3517 2318 3586 ζωήν
2351 3517 2487 3591 (43)·
2515 3516 2691 3581 πολὺς
2740 3516 2799 3573 δὲ
2843 3520 3009 3583 πόνος
3058 3519 3137 3595 τῷ
3181 3524 3472 3599 Γρηγορίῳ
3514 3523 3793 3579 καθίσταται

402 3611 534 3677 fuit,
555 3612 683 3663 tum
707 3606 982 3679 privatim
1007 3604 1386 3676 quibusdam,
1418 3607 1546 3659 tum
1570 3601 1802 3676 publice
1825 3603 2050 3659 univer-

2175 3603 2433 3683 γράφοντι
2479 3607 2616 3683 πρὸς
2662 3609 2762 3677 τὴν
2802 3607 2990 3677 πόλιν,
3040 3610 3129 3665 καὶ
3182 3608 3294 3683 ἰδίᾳ
3340 3614 3481 3687 τισὶ,
3531 3615 3615 3669 καὶ
3659 3610 3794 3681 κοινῇ

402 3699 485 3754 sis
516 3697 683 3753 urbis
731 3697 957 3752 civibus
988 3695 1287 3765 scribenti,
1314 3698 1509 3765 atque,
1541 3697 1600 3748 et
1628 3692 1833 3764 patris,
1868 3697 1925 3748 et
1953 3709 2050 3749 suc

2175 3699 2321 3765 πᾶσι,
2347 3693 2437 3749 καί
2466 3696 2705 3760 πείθοντι
2754 3697 2819 3751 τὰ
2874 3699 2969 3771 μὲν
3024 3696 3113 3754 διὰ
3154 3705 3253 3755 τοῦ
3300 3703 3528 3781 πατρὸς,
3558 3703 3621 3757 τὰ
3649 3698 3700 3755 δὲ
3742 3695 3798 3752 δι’

402 3787 639 3843 nomine
670 3785 941 3842 suadenti
976 3789 1041 3839 ut
1079 3782 1363 3840 Basilium
1412 3782 1471 3838 in
1523 3782 2050 3853 archiepiscopatus

2175 3782 2361 3838 ἑαυτοῦ
2416 3784 2495 3858 τῷ
2553 3786 2728 3861 θρόνῳ
2784 3794 2883 3857 τῆς
2960 3787 3380 3865 ἀρχιερωσύνης
3450 3786 3796 3868 ἐγκαθιδρῦσαι

401 3877 614 3933 throno
646 3874 1020 3931 collocarent.
1044 3872 1322 3928 Praeclare
1353 3872 1410 3927 id
1438 3873 1708 3944 quodque
1730 3876 1906 3944 atque
1936 3888 2050 3944 per-

2175 3872 2470 3929 Βασίλειον·
2507 3873 2626 3931 λίαν
2672 3876 2762 3930 καὶ
2808 3881 2970 3932 τοῦτο
3018 3877 3268 3942 τελείως.
3317 3881 3396 3939 Οὐ
3426 3882 3527 3958 γὰρ
3558 3881 3629 3942 ὡς
3673 3876 3797 3956 φίλῳ

402 3966 568 4021 fecte.
599 3963 798 4036 Neque
844 3963 1002 4019 enim
1036 3966 1101 4016 ut
1132 3961 1303 4016 amici
1354 3960 1680 4016 commodis
1728 3960 2050 4031 inserviret,

2175 3963 2530 4039 χαριζόμενος
2592 3964 2872 4040 ἔπραττεν,
2934 3965 3079 4022 ἀλλά
3135 3972 3233 4023 τοῦ
3290 3975 3481 4025 κοινοῦ
3537 3971 3794 4044 προνοῶν.

401 4054 555 4109 hanc
589 4068 828 4124 operam
872 4050 1246 4122 suscipiebat,
1280 4050 1382 4105 sed
1430 4053 1497 4104 ut
1543 4048 1787 4121 publicae
1818 4049 2058 4106 utilitati

404 4141 784 4215 prospiceret.
815 4139 997 4195 Norat
1040 4138 1197 4193 enim
1230 4139 1553 4210 perspicue,
1586 4142 1756 4193 norat
1801 4138 2055 4210 opitula-

401 4235 588 4287 torem
619 4229 839 4302 Spiritu
870 4231 1073 4284 sancto
1103 4226 1350 4297 dignum
1383 4244 1396 4282 ε
1429 4227 1503 4282 ob
1532 4242 1781 4298 eamque
1814 4244 2054 4283 causam

402 4336 521 4376 non
550 4322 685 4375 ante
714 4318 1001 4389 impetum
1043 4315 1290 4384 remisit,
1323 4332 1521 4387 quam,
1554 4316 1707 4386 quod
1740 4320 1892 4371 recte
1921 4334 2056 4388 pro-

398 4412 695 4482 posuerat,
730 4408 803 4464 ad
846 4405 1065 4462 exitum
1115 4404 1502 4477 perduxisset,
1552 4406 2050 4476 quemadmodum

395 4500 570 4555 etiam
602 4496 893 4572 perduxit.
925 4496 1005 4551 Ac
1036 4494 1291 4551 Basilius
1335 4492 1575 4566 quidem
1606 4495 2051 4552 Caesariensium

392 4586 795 4662 gubernacula
818 4585 1073 4642 tenebat.
1102 4584 1326 4641 Invidia
1346 4588 1565 4654 autem,
1588 4584 2051 4658 dominandique

390 4679 708 4751 cupiditate
766 4674 1173 4749 gliscentibus,
1226 4674 1614 4746 Cappadocia,
1649 4691 1775 4746 quea
1826 4680 1961 4731 ante
1995 4677 2048 4732 id

388 4772 622 4841 tempus
654 4783 776 4823 una
819 4764 1263 4837 agnoscebatur,
1295 4762 1356 4818 in
1409 4763 1557 4820 duas
1608 4762 1796 4819 divisa
1842 4769 1951 4835 est,
1986 4781 2053 4822 ao

459 4972 571 5045 (34)
603 4974 689 5028 Ita
718 4971 845 5048 cod.
972 4972 1029 5048 et
1059 4967 1144 5048 sic
1187 4966 1499 5048 legendum
1552 4972 1749 5048 monet
1797 4971 2045 5048 Montac.

389 5039 497 5119 nec
529 5039 645 5100 non
675 5048 733 5100 et
761 5042 1019 5099 Combef.
1062 5041 1126 5097 In
1165 5039 1304 5094 edit.
1339 5039 1717 5111 quibusdam,
1750 5042 2047 5119 σπαράττε-

392 5118 710 5262 σθῗὲϐ)μλίέν
768 5186 933 5262 deest
974 5185 1072 5262 in_
1107 5181 1275 5262 codd.
1327 5180 1699 5262 Colb:‘2,_let
1747 5184 2051 5262 Or.,_mox

393 5250 507 5333 qu'e
561 5250 812 5317 Colbert.
846 5258 898 5327 1,
931 5261 988 5313 et
1036 5256 1133 5313 0r.
1182 5254 1403 5328 legunt,
1461 5250 1755 5329 ἀλογῆσαι,
1809 5250 1899 5311 καὶ
1954 5257 2046 5314 τὸν

390 5327 662 5387 αἷίνδυνον.
1260 5327 1263 5328 ⁷

461 5402 577 5475 (36)
609 5401 748 5475 Cod.
780 5400 900 5475 Qr.,
930 5394 1454 5475 raxslq‘érmfoopig.

797 5473 852 5546 2,
884 5465 942 5528 et
1104 5465 1427 5546 apaﬁﬁﬂai
1456 5466 1577 5546 τήν.

798 5517 1547 5616 "ifétvb'r:
1566 5517 1673 5594 *καὶ
1733 5560 2046 5621 συνεκστρα.

386 5634 600 5679 τευσας.

460 5685 578 5784 (39)
607 5683 768 5746 Golb.
801 5686 853 5763 1,
885 5681 1198 5745 ἀποδύεται.

2166 4049 2317 4121 ᾝδει
2376 4053 2505 4129 γὰρ,
2561 4049 2681 4128 ᾔδει
2742 4059 2926 4133 σαφῶς
2981 4055 3074 4111 τὸν
3131 4062 3236 4112 τοῦ
3300 4059 3614 4134 Πνεύματος
3670 4054 3795 4126 ἄξιον

2163 4140 2510 4217 παραστάτην
2538 4162 2550 4176 ·
2602 4140 2693 4197 διὰ
2735 4148 2898 4199 τοῦτο
2949 4143 3049 4200 οὐκ
3094 4145 3304 4222 ἀνῆκε,
3354 4149 3485 4225 πρὶν
3542 4148 3614 4210 εἷς
3657 4144 3797 4204 τέλος

2163 4230 2338 4307 ἀγάγῃ
2368 4234 2480 4305 (44)
2525 4232 2588 4287 τὸ
2636 4233 3023 4309 προσηκόντως
3062 4230 3518 4313 βεϐουλευμένον·
3551 4237 3638 4293 καὶ
3692 4234 3797 4309 μέν·

2161 4341 2245 4375 τοι
2276 4321 2364 4376 καὶ
2397 4318 2625 4398 ἤγαγεν.
2679 4324 2735 4375 Ὁ
2785 4324 2879 4397 μὲν
2933 4322 3025 4379 οὖν
3078 4325 3362 4391 Βασίλειος
3397 4328 3515 4404 εἶχε
3559 4333 3654 4396 τῆς
3682 4326 3795 4381 Και-

2163 4411 2368 4486 σαρέων
2394 4410 2521 4473 τοὺς
2554 4408 2759 4474 οἷάκας.
2816 4408 3029 4477 Φθόνου
3080 4411 3137 4469 δὲ
3184 4414 3275 4471 καὶ
3325 4414 3626 4496 φιλαρχίας
3654 4412 3796 4470 ἐπαυ-

2162 4498 2458 4570 ξηθέντων,
2498 4498 2782 4576 διαιρεῖται
2839 4501 2914 4564 εἷς
2964 4499 3060 4557 δύο
3110 4505 3145 4573 ἡ
3194 4504 3590 4576 Καππαδοκῶν,
3643 4503 3794 4577 μέχρι

2158 4588 2282 4644 τότε
2333 4589 2432 4662 μία
2475 4590 2611 4652 τᾶως
2662 4592 2776 4664 (45)
2826 4595 3230 4668 γνωριζομένη·
3278 4594 3369 4651 καὶ
3411 4591 3797 4669 ἀντιδιαιρεῖται

2157 4684 2257 4748 τῆς
2289 4680 2598 4755 Καισαρέων
2626 4680 2694 4734 τὰ
2721 4678 2917 4750 Τύανα,
2970 4680 3046 4743 ὡς
3078 4680 3273 4739 λοιπὸν
3325 4683 3645 4742 ἐκδικεῖσθαι
3686 4675 3799 4752 παρ’

2167 4768 2488 4845 ἀμφοτέρων
2520 4770 2656 4844 (46),
2705 4768 2795 4823 καὶ
2844 4768 2939 4831 τὰς
2982 4768 3253 4847 πολίχνας
3303 4767 3799 4854 ἀμφισϐητούντων,

2253 4974 2344 5043 40)
2376 4971 2621 5047 ΟοΙί).ᾼ2,
2655 4977 2717 5047 et
2741 4973 2861 5047 Qr.,
2896 4973 2971 5037 είς
3006 4976 3166 5047 μέσον
3188 4976 3319 5041 θείς.

2374 5046 2510 5128 god.
2654 5042 2930 5128 flete-69v
2963 5042 3229 5128 dlhﬁ_lwv
3264 5048 3598 5128 ἐφεστώτων,

2374 5116 2535 5174 Colb.
2570 5111 2626 5188 1,
2653 5120 2712 5189 2,
2751 5125 2808 5175 et
2866 5120 2962 5177 Or.
3015 5111 3168 5194 eod.,
3205 5111 3373 5224 τηὲὃε
3429 5128 3532 5192 τῆς
3582 5111 3798 5183 Ἐκκλη-

2158 5208 2296 5250 σιας.
3266 5220 3275 5224 ·

2226 5262 2341 5333 (43)
2370 5260 2527 5317 Colb.
2564 5261 2616 5333 1,
2652 5258 2880 5334 μετέστη
2935 5263 3103 5334 ζωήν,
3135 5265 3207 5322 ad
3242 5267 3528 5325 meliorem
3571 5258 3800 5320 transla-

2156 5336 2243 5389 tus
2272 5336 2353 5389 est
2380 5334 2571 5389 vitam.

2368 5404 2507 5485 (_Iod.
2540 5404 2624 5485 13.,
2660 5404 2865 5485 ἀγάγεὲ
2899 5405 3039 5485 god:
3073 5409 3195 5480 On,
3227 5408 3469 5485 ἀγαγεῖν.

2250 5475 2337 5535 45)
2368 5475 2510 5535 Τέως
2541 5475 2717 5532 deest
2733 5475 2794 5531 in
2823 5478 2983 5534 Colb.
3011 5482 3065 5534 2.

2229 4975 2246 5191 ἒ

2248 5543 2339 5617 46)
2362 5549 2452 5620 ita
2483 5548 2793 5620 legendum
2818 5556 3061 5607 monent
3080 5551 3310 5620 antiqui
3334 5549 3508 5620 editi;
3531 5548 3612 5604 ita
3632 5543 3796 5620 etiam

2152 5613 2326 5692 codd.
2347 5619 2418 5692 _P.
2449 5622 2508 5675 et
2532 5613 2826 5692 Dr:_Golb,
2858 5623 2895 5692 _2
2932 5621 3110 5680 habet
3158 5613 3504 5681 ἑκδικεῖσθαι’
3526 5622 3634 5676 τῶν
3679 5613 3796 5692 παρ’

2152 5687 2499 5775 ἀμφοτέρων.
2531 5690 2759 5751 Billius.
2792 5687 3174 5773 ἐκδημεῖσθαι.
