4100 6428
429 310 535 366 271
586 316 589 317 ⁷
1555 306 1735 365 VITA
1787 306 1853 363 S.
1901 302 2270 363 GRICGORII
2313 301 2708 365 THEOLOGI
3684 315 3788 377 2'72

425 438 887 495 admonitionem
917 442 1150 495 tantum
1182 442 1239 495 et
1278 438 1736 495 cohortationem
1781 436 2059 492 afferebat

2192 432 2281 488 καὶ
2331 432 2461 508 ἀράν
2514 457 2631 491 τινα
2680 436 3018 513 προσμιγνὺς
3075 436 3134 492 ἐκ
3181 431 3533 513 πρεσϐυτικῆς
3562 438 3796 518 ὁρμωμέ-

424 527 525 583 sed
538 528 663 600 jam
677 527 851 583 etiam
871 527 1351 601 imprecationem
1367 528 1680 599 quamdam
1702 524 2063 582 admiscebat

2196 542 2292 593 νην
2353 519 2669 599 ὀλιγωρίας.
2731 524 2788 580 Ὃ
2847 522 2924 599 δὲ,
2981 525 3045 580 τό
3100 546 3158 581 τε
3213 525 3589 602 ἀπερίσπαστον
3644 531 3798 605 ἑαυτῷ

424 633 494 672 ex
524 616 844 674 senectutis
865 622 1202 691 contemptu
1235 617 1723 691 proﬁciscentem.
1749 615 1852 671 Hic
1883 616 2063 670 auten

2200 606 2595 685 διοικούμενος,
2627 612 2715 669 καὶ
2744 618 2823 687 τῷ
2850 614 3014 690 πατρῖ
3072 617 3380 691 πειθαρχεῖν
3430 618 3562 691 μέγα
3604 619 3802 694 κρίνων,

426 705 605 763 simul
638 707 875 778 quidem
907 711 964 763 et
985 706 1163 763 vitam
1198 706 1377 762 nullis
1402 704 1887 778 occupationibus
1918 703 2063 757 inter

2201 700 2332 778 φησί
2380 701 2517 776 πρὸς
2567 701 2745 757 αὐτόν·
2788 704 2909 758 «Ὦ
2956 704 3147 780 πάτερ,
3180 702 3272 758 κᾶν
3323 702 3403 759 δτι
3453 702 3675 782 δυσχερῆ
3725 729 3803 780 μοι

2196 789 2263 843 τὰ
2292 791 2757 867 προσταττόμενα,
2789 790 2942 865 ὅμως
2984 790 3041 847 δὲ
3087 794 3187 861 τὴν
3233 792 3391 869 χάριν
3442 793 3536 848 οὐκ
3574 794 3804 854 ἀνανεύω.

2199 879 2442 955 Δέχομαι
2472 881 2572 949 τὴν
2607 878 2868 959 φροντίδα
2898 886 3094 950 Ναζιαν
3107 885 3219 950 ζοῦ.
3248 880 3554 937 Γινωσκέτω
3584 880 3637 938 δέ
3666 905 3750 939 σου
3776 887 3805 955 ἡ

2197 967 2315 1043 ἱερὰ
2345 968 2434 1023 καὶ
2465 967 2730 1047 θεοφιλής
2759 990 2990 1042 συνεσις,
3023 970 3098 1033 ὡς
3131 970 3237 1046 οὐχ
3268 970 3381 1026 οἷόν
3409 972 3466 1026 τέ
3500 992 3581 1044 με,
3613 976 3701 1027 σοῦ
3724 977 3808 1028 τοῦ

2192 1054 2324 1128 τῇδε
2356 1057 2478 1133 βίου
2510 1058 2909 1134 χωοιζομένου,
2942 1066 3042 1130 τῆς
3069 1059 3391 1131 Ἐκκλησίας
3440 1060 3751 1136 ἀντέχεσθαι.
3779 1087 3801 1114 ι)

2192 1147 2525 1225 Ὑποφθάσας
2575 1148 2667 1202 οὗν
2721 1149 2749 1203 ὁ
2797 1149 3000 1225 πατὴρ.
3035 1174 3062 1201 ‹‹
3100 1149 3253 1222 Ἐμοὶ
3308 1149 3423 1221 μὲν,
3466 1145 3585 1227 ἔφη,
3614 1151 3657 1203 ὦ
3702 1155 3803 1221 παῖ,

426 794 702 866 pellatam
749 796 861 851 sibi
909 813 1255 869 procurans,
1287 800 1345 852 et
1401 796 1598 868 magni
1649 792 1933 850 momenti
1966 806 2089 847 rem

424 901 553 942 esse
582 901 830 942 censeris
880 902 1104 942 morem
1154 886 1309 959 patri
1354 902 1573 959 gerere,
1608 884 1701 940 his
1732 882 1919 939 verbis
1952 896 2087 937 eum

425 973 747 1047 alloquitur
777 989 828 1030 ια
853 974 1043 1042 Pater,
1073 974 1308 1031 tametsi
1344 974 1487 1030 mihi
1517 973 1769 1030 molesta
1800 975 1940 1027 sunt
1961 984 2088 1042 quas

426 1062 705 1135 imperas,
720 1062 780 1119 in
798 1062 1047 1135 gratiam
1068 1067 1261 1119 tamen
1281 1063 1367 1119 tui
1385 1062 1843 1136 haudquaquam
1858 1074 2083 1115 recuso.

424 1151 691 1208 Nazianzi
724 1168 924 1208 curam
969 1153 1247 1226 suscipio.
1282 1153 1401 1209 Hoc
1440 1158 1639 1209 tamen
1672 1150 1849 1207 velim
1881 1150 2088 1205 sancta

422 1244 528 1297 tua
565 1240 1129 1314 religiosissimaque
1179 1242 1490 1314 prudentia
1538 1242 1872 1315 cognoscat,
1922 1234 2063 1291 nulla

2197 1236 2357 1301 ζῶντι
2418 1234 2687 1312 βακτηρία
2735 1240 2917 1311 γενοῦ,
2948 1235 3012 1292 τδ
3068 1243 3244 1313 γῆρας
3299 1236 3686 1313 ὑποσοηρίζων,
3727 1239 3803 1292 καὶ

425 1329 649 1386 ratione
679 1329 802 1385 fieri
835 1346 1028 1402 posse,
1064 1334 1126 1385 ut
1166 1334 1224 1386 te
1262 1347 1330 1387 ex
1360 1330 1469 1387 hac
1498 1330 1615 1386 vita
1646 1328 1946 1386 subtracto
1978 1324 2063 1379 Ec'

2190 1327 2309 1383 ταῖς
2353 1330 2639 1398 πατρικαῖς
2701 1324 2891 1401 εὐχαῖς
2947 1325 3357 1403 στηριζόμενος.
3409 1324 3800 1396 Τελευτήσαντος

421 1419 661 1474 clesiam
695 1419 1001 1476 retineam.
1036 1444 1063 1471 »
1102 1420 1458 1475 Prmveniens
1491 1418 1670 1491 igitur
1699 1421 1863 1490 pater
1896 1430 1963 1469 :«
1998 1414 2063 1468 It:

2194 1407 2270 1480 δὲ,
2327 1412 2401 1474 ὡς
2459 1412 2517 1467 ἂν
2570 1413 2607 1489 ᾖ
2666 1435 2749 1469 σοι
2814 1413 2998 1493 φίλον,
3049 1412 3317 1480 διατίθεσο
3373 1417 3485 1489 (64)
3538 1415 3602 1469 τὰ
3652 1417 3800 1491 πράγ-

417 1524 580 1579 sane,
607 1508 823 1580 inquit,
848 1526 880 1564 o
914 1508 1017 1579 ﬁli,
1044 1508 1190 1563 mihi
1220 1508 1437 1564 viventi
1468 1504 1901 1581 scipionisfvice
1931 1505 2078 1569 esto,
2195 1520 2355 1572 ματα.
2387 1525 2414 1552 ››

420 1601 781 1652 senectutem
814 1613 1006 1652 meam
1040 1596 1401 1663 suﬂ‘ulciens,
1433 1596 1808 1668 paternisque
1857 1591 2131 1665 precibus
2168 1591 2427 1648 vicissim
2463 1592 2664 1650 fultus.
2698 1600 2839 1650 Cum
2891 1599 3089 1652 autem
3138 1612 3169 1652 e
3220 1596 3340 1652 vita
3385 1611 3692 1662 excessero,
3720 1608 3804 1666 pro

418 1684 603 1741 animi
635 1685 921 1741 arbitratu
951 1703 1044 1741 res
1076 1690 1207 1741 tuas
1238 1686 1547 1742 constitue.
1579 1709 1599 1735 ι

490 1775 592 1830 His
624 1775 863 1842 auditis,
899 1775 1176 1831 assiduus
1226 1776 1340 1847 ipsi
1376 1774 1725 1844 adhaerebat,
1759 1769 2063 1845 praeclaris

2260 1769 2474 1823 Τούτων
2526 1770 2777 1841 ἀκούσας,
2828 1771 3127 1846 προσέμενε
3174 1777 3507 1849 γηροκομῶν
3558 1773 3665 1845 (65)
3708 1766 3805 1846 ἄρι-

418 1863 567 1919 sime
599 1880 812 1919 curans
841 1867 969 1919 tum
1011 1863 1203 1936 ipsius
1233 1865 1528 1933 canitiem,
1554 1865 1680 1936 jam
1726 1862 1795 1917 ad
1830 1857 2063 1916 centesi-

2188 1878 2303 1911 στα·
2338 1858 2498 1913 αὐτόν
2564 1881 2623 1915 τε
2680 1858 2790 1929 ἤδη
2853 1861 3038 1917 ἑκατὸν
3095 1860 3233 1916 ἔτεσι
3292 1860 3675 1931 πλησιάσαντα,
3728 1857 3803 1912 καὶ

420 1969 585 2008 mum
624 1969 847 2008 annum
892 1954 1240 2022 accedentis,
1274 1959 1401 2009 tum
1452 1954 1660 2009 matris
1690 1953 2063 2017 senectutem,

2184 1948 2282 2016 τήν
2319 1948 2528 2024 μητέρα
2556 1948 2763 2004 τούτων
2800 1949 2979 2026 βραχύ
3016 1972 3066 2006 τι
3102 1948 3455 2019 ἀποδέουσαν,
3486 1947 3714 2017 πολλῆς,
3743 1947 3806 2007 ὡς

419 2058 532 2097 non
558 2041 806 2097 multum
828 2041 900 2097 ab
923 2058 991 2097 ea
1010 2045 1179 2098 astate
1196 2043 1502 2109 distantis;
1530 2058 1779 2113 quorum
1803 2045 2063 2110 uterque

2186 2035 2349 2103 εἷ’κὸς,
2411 2038 2693 2114 θεραπείας
2759 2038 2849 2093 καὶ
2932 2039 3280 2103 ἀναπαύσεως
3356 2039 3672 2117 χρῄζοντας,
3730 2052 3806 2105 καὶ

416 2135 477 2184 ut
507 2130 809 2202 probabile
865 2135 974 2197 est,
1008 2147 1224 2203 magna
1281 2148 1421 2187 cura
1469 2135 1525 2187 et
1554 2149 1587 2186 a
1615 2130 1815 2185 labore
1874 2129 2063 2201 requie

2187 2122 2423 2198 μάλιστα
2468 2124 2577 2197 ἤδη
2630 2126 2925 2203 Καισαρίου
2954 2127 3047 2183 τὸν
3102 2128 3219 2204 βίον
3267 2127 3661 2204 μετειληχότος
3688 2127 3804 2200 (66),

410 2235 559 2291 opus
588 2219 861 2290 habebat,
896 2220 1218 2292 praesertim
1254 2222 1380 2291 jam
1415 2220 1687 2275 defuncto
1717 2218 1984 2284 Caesarie,
2017 2221 2074 2273 et

411 2308 704 2381 Gorgonis
722 2324 919 2364 sorore
938 2309 1315 2365 sanctissima
1338 2309 1573 2377 femina,
1589 2312 1763 2380 atque
1783 2307 2071 2363 ambobus

412 2397 485 2454 ad
514 2397 696 2453 vitam
725 2396 871 2452 senii
903 2402 1197 2470 expertem
1220 2404 1615 2470 aeternamque
1646 2396 2070 2453 beatitudinem

413 2486 734 2554 translatis,
760 2502 907 2558 quos
933 2487 1110 2544 etiam
1145 2488 1487 2543 funebribus
1509 2486 1872 2542 orationibus
1904 2486 2074 2541 deco-

410 2576 578 2643 ravit,
596 2575 758 2631 solus
780 2575 1017 2632 relictus
1045 2577 1363 2633 senectitus
1385 2577 1677 2641 solatium,
1703 2575 2069 2633 infirmitatis

408 2665 723 2733 medicina,
758 2665 987 2737 piorum
1033 2670 1364 2738 parentum,
1398 2666 1447 2722 si
1478 2666 1562 2721 ita
1610 2665 1769 2737 loqui
1822 2667 1909 2720 fas
1956 2669 2065 2734 est,

408 2752 618 2810 melior
646 2754 961 2823 successio,
985 2755 1332 2826 abundeque
1364 2754 1558 2827 ampla
1589 2755 1912 2826 majoribus
1942 2754 2067 2809 suis

410 2842 593 2916 gloria
626 2842 695 2898 ad
734 2845 1172 2915 propagandam
1208 2860 1409 2900 eorum
1446 2843 1813 2913 memoriam,
1846 2847 1901 2898 et
1932 2859 2065 2897 cum

408 2932 568 2987 orbis
615 2932 896 2987 incolumi
947 2935 1103 2987 statu
1146 2932 1579 3005 porrigendam.
1613 2933 1827 3004 Ecquis
1866 2936 2063 2988 autem

409 3020 619 3092 majori
654 3021 893 3092 pietatis
939 3020 1112 3076 laude
1151 3021 1488 3077 domesticis
1537 3023 1786 3094 praefuit,
1819 3022 2065 3077 scientia

407 3114 465 3166 et
512 3110 723 3180 pietate
754 3110 991 3165 domum
1035 3111 1369 3179 moderans,
1401 3110 1558 3166 velut
1604 3110 1865 3183 optimus
1897 3111 2051 3182 quis-
2089 3138 2131 3204 ρ

402 3199 561 3269 piam
586 3202 1079 3271 procurator,quaa
1101 3199 1313 3271 cuique
1333 3200 1641 3255 commoda
1658 3204 1840 3271 erant,
1865 3200 2058 3255 distri-

403 3288 614 3351 buens,
633 3288 921 3359 cognatis,
954 3287 1180 3353 amicis,
1206 3288 1464 3354 famulis,
1485 3288 1819 3360 hospitibus
1844 3306 1857 3344 :
1884 3294 2059 3359 atque

404 3377 487 3431 ita
516 3393 724 3432 rursus
755 3376 1025 3432 Ecclesiae
1076 3378 1308 3449 negotia
1356 3378 1798 3445 administrans,
1832 3383 1897 3433 ut
1929 3379 2057 3449 ejus

405 3466 681 3537 pascendi
714 3466 906 3538 gregis
940 3466 1086 3522 ratio
1116 3466 1391 3522 omnibus
1420 3466 1580 3522 velut
1612 3472 1767 3522 recta
1797 3468 2056 3523 amussis

402 3555 701 3627 proposita
729 3555 924 3610 esset?
970 3555 1286 3611 Commode
1333 3560 1529 3612 autem
1560 3574 1591 3610 a
1623 3556 1802 3611 Paulo
1832 3558 2054 3611 dictum

402 3650 491 3699 est
540 3661 554 3699 :
611 3645 672 3700 Si
729 3649 851 3715 quis
905 3644 1219 3701 domesticis
1272 3662 1502 3717 praeesse
1554 3648 1744 3712 nescit,
1794 3646 2055 3717 quomodo

401 3734 662 3790 Ecclesiae
690 3734 789 3789 Dei
827 3749 1019 3789 curam
1065 3734 1283 3790 habebit
1303 3734 1389 3790 ’7?
1439 3735 1665 3790 Etenim
1714 3736 1814 3807 qui
1869 3752 2054 3792 unum

403 3824 722 3894 prudenter
768 3823 999 3893 rexerit,
1031 3823 1126 3879 hic
1175 3824 1377 3895 utique
1424 3829 1480 3881 et
1530 3826 1771 3881 domum
1828 3842 2057 3881 servare

402 3915 577 3983 queat
604 3929 618 3967 ε
647 3912 747 3983 qui
779 3917 971 3968 autem
1006 3913 1270 3980 domum,
1304 3914 1459 3969 idem
1492 3919 1548 3969 et
1573 3914 1887 3971 Ecclesiam
1917 3932 1929 3970 :
1954 3915 2055 3987 qui

401 4018 608 4056 rursus
638 4000 1057 4066 Ecclesium,is
1097 4008 1152 4057 et
1178 4002 1661 4058 civitatem.Nam
1716 4010 1774 4059 et
1820 4006 2056 4074 domus,

398 4093 695 4145 contracta
725 4090 995 4160 quaedam
1036 4089 1364 4160 respublica
1395 4096 1483 4146 est
1516 4109 1528 4147 :
1566 4096 1623 4146 et
1665 4094 1892 4165 civitas,
1926 4112 2055 4168 per-

399 4178 603 4234 fectior
634 4180 903 4249 quaedam
953 4179 1165 4233 domus
1203 4178 1537 4251 descriptio.
1571 4182 1849 4252 Ejusdem
1898 4185 2055 4241 enim

401 4266 660 4322 scientias
690 4271 800 4335 est,
831 4271 890 4322 et
937 4266 1175 4338 multos,
1210 4271 1265 4323 et
1295 4283 1533 4339 paucos,
1567 4274 1670 4325 aut
1716 4289 1902 4328 unum
1934 4291 2053 4329 ser-

396 4371 533 4411 vare
568 4372 582 4411 :
619 4371 723 4411 nec
750 4354 811 4411 in
850 4359 1041 4411 totum
1071 4361 1127 4411 et
1156 4356 1518 4429 universum,
1544 4358 1644 4414 sed
1667 4360 1792 4416 sola
1820 4364 2056 4432 quanti-

399 4445 538 4500 tatis
571 4444 794 4500 ratione
823 4443 1163 4516 bujusmodi
1197 4462 1290 4502 res
1320 4445 1474 4501 inter
1502 4464 1561 4503 se
1592 4448 1890 4507 differunt.

470 4533 777 4591 Enimvero
807 4550 942 4591 cum
993 4534 1308 4608 Gregorius
1365 4541 1530 4608 pater
1570 4537 1677 4603 (sic
1725 4539 1883 4597 enim
1932 4542 2058 4615 ipse

465 4716 507 4753 97
537 4714 562 4770 Ι
592 4715 745 4772 Tim.
778 4718 862 4786 1n,
894 4715 948 4771 5.

484 4911 577 4979 64)
605 4911 784 4969 Codd.
817 4911 913 4968 Or.
946 4911 1009 4969 P.
1043 4915 1099 4968 et
1128 4910 1289 4967 Colb.
1325 4911 1376 4979 1,
1410 4906 1654 4977 διατίθει.

485 4984 578 5058 εξεὲ)
609 4984 867 5058 (ἒοωὺεῖο
897 4986 1266 5058 γηρωκομῶγς

610 5056 751 5132 _Cod.
784 5056 881 5132 0r.
1045 5062 1103 5111 et
1126 5052 1302 5132 :Colb.
1320 5055 1390 5132 _1,
1416 5052 1872 5132 μετηλλαχότος,
1920 5078 2050 5121 cum

393 5125 688 5196 die/unctus
717 5128 886 5197 fuerit
918 5127 1220 5191 Caesarius,
1251 5125 1339 5181 vel
1370 5128 1539 5182 vitam
1580 5125 1903 5189 mutaverit.

607 5200 896 5293 ‘IﬁtaJcordd:
930 5201 1115 5293 Ornet
1144 5200 1229 5265 P.;
1262 5199 1321 5252 in
1355 5197 1884 5293 θάξῒηάπολῆηξρθείς.

607 5268 743 5325 Cod.
778 5270 838 5326 P.
870 5270 930 5325 in
962 5274 1082 5326 not.
1108 5286 1293 5343 marg.
1318 5264 1622 5339 κυκλεύειν,
1657 5264 1746 5328 δίᾶ
1778 5274 2044 5349 μακρόθεν

424 5357 653 5395 υρευειν.

386 5357 653 5414 γυρευειν.

603 5413 740 5487 ϐοᾷ.
865 5411 1400 5487 συμπαρατείνεσθαι.

481 5481 573 5539 70)
603 5484 738 5539 Cod.
772 5483 869 5539 Or.
899 5480 1009 5536 τῶν
1042 5480 1228 5539 οἷ’κων.

481 5483 552 5533 70
603 5484 738 5539 Cod.
772 5483 869 5539 Or.
899 5488 1009 5536 τῶν
1042 5483 1228 5539 οἷ’κων.

475 5483 1291 5646 7ιίίϐρά.ξ.προσεικόντως,
1339 5557 1398 5611 et
1442 5554 1503 5613 in
1553 5560 1672 5614 not.
1727 5575 1912 5635 marg.
1963 5560 2046 5646 ἐφ’

386 5619 597 5702 δμὸίως
626 5626 662 5700 ἢ
694 5619 924 5706 πρέπονξ

2181 2215 2271 2269 καὶ
2331 2215 2623 2292 Γοργονίας
2678 2222 2781 2286 τῆς
2837 2216 3141 2288 ὁσιωτάτης
3192 2218 3244 2273 έν
3273 2217 3515 2294 γυναιξὶν
3567 2214 3802 2292 ἀδελφῆς,

2181 2304 2502 2382 ἀμφοτέρων
2541 2306 2934 2378 μετατεθέντων
2964 2307 3103 2382 πρὸς
3159 2308 3260 2376 τὴν
3306 2306 3502 2384 ἀγήρω
3551 2307 3685 2375 ζωὴν
3729 2302 3805 2358 καὶ

2182 2391 2421 2463 ἄληκτον
2454 2392 2818 2469 εὐδαιμονίαν,
2852 2395 2945 2458 οὓς
2992 2397 3082 2451 καὶ
3133 2395 3326 2473 λόγοις
3377 2396 3671 2474 ἐπιταφίοις
3714 2391 3804 2447 ἐτί-

2184 2505 2345 2556 μησε,
2406 2483 2573 2558 μόνος
2648 2483 2999 2562 ἀπολειφθεὶς
3058 2488 3171 2555 (67)
3238 2488 3431 2562 γήρως
3497 2480 3803 2561 παραμυθία,

2178 2573 2453 2638 ἀσθενείας
2505 2572 2731 2649 ἰατρεία,
2781 2575 2984 2642 γονέων
3037 2570 3291 2645 εὐσεϐῶν,
3327 2575 3376 2631 εἰ
3430 2575 3505 2649 μή
3560 2573 3688 2647 μέγα
3737 2569 3801 2623 εί-

2177 2668 2321 2735 πεῖν,
2362 2662 2597 2736 ἀμείνων
2648 2660 2907 2739 διαδοχὴ,
2958 2662 3049 2718 καὶ
3100 2665 3341 2740 ἀρκοῦσα
3382 2669 3499 2720 τοῖς
3546 2659 3807 2738 προγόνοις

2179 2748 2414 2821 εὔκλεια,
2450 2751 2587 2807 ὥστε
2617 2752 2792 2806 αὐτῶν
2824 2750 3135 2828 δολιχεύειν
3168 2755 3280 2827 (68)
3306 2755 3411 2823 τὴν
3462 2755 3696 2827 μνήμην,
3721 2746 3799 2801 καὶ

2175 2846 2243 2916 τῇ
2296 2841 2541 2895 συστάσει
2588 2846 2683 2895 τοῦ
2730 2842 2939 2915 κόσμου
2992 2844 3546 2916 συμπαρεκτείνεσθαι
3575 2843 3698 2915 (69).
3728 2836 3804 2896 Τίς

2181 2932 2274 3004 μὲν
2332 2928 2421 2985 οὖν
2479 2926 2881 3007 θεοσεϐέστερον
2952 2931 3166 2987 οἰκείων
3236 2934 3504 3009 προέστη,
3554 2929 3803 2999 ἐπιστήμη

2175 3020 2505 3093 οἰκονομῶν,
2554 3020 2643 3074 καὶ
2694 3018 2947 3098 φιλοθεΐᾳ
2994 3021 3084 3075 τὸν
3134 3020 3281 3076 οἶκον
3332 3024 3471 3097 (70),
3520 3018 3689 3093 ὥσπερ
3731 3034 3803 3076 τις

2173 3107 2387 3186 ἄριστος
2415 3104 2729 3183 οἰκονόμος,
2763 3110 2969 3183 ἑκάστῳ
3015 3110 3196 3183 νέμων
3244 3112 3312 3166 τὰ
3362 3111 3661 3189 πρόσφορα,
3691 3125 3802 3179 συγ-

2169 3200 2369 3275 γενέσι,
2430 3198 2636 3276 φίλοις,
2688 3199 2945 3269 οἰκέταις,
2997 3198 3187 3271 ξένοις·
3239 3200 3306 3255 τά
3363 3199 3421 3256 δὲ
3468 3194 3799 3268 τῆςΈκκλη-

2166 3288 2282 3350 σίας
2314 3288 2508 3356 οὕτως,
2541 3288 2615 3350 ὡς
2644 3287 2839 3342 κανόνα
2886 3290 3199 3363 προκεῖσθαι
3251 3286 3464 3345 δίκαιον
3514 3288 3670 3343 ἅπασι
3712 3284 3795 3349 τὴν

2167 3378 2372 3433 ἐκείνου
2421 3379 2831 3451 ποιμαντικήν;
2885 3378 3283 3451 Προσηκόντως
3336 3380 3451 3453 (71)
3504 3376 3559 3433 δὶ
3607 3373 3790 3449 εἷ’ρηται

2164 3472 2241 3539 τῷ
2300 3466 2429 3539 θείῳ
2485 3465 2711 3537 Παύλῳθ
2760 3465 2823 3519 Εἰ
2864 3462 2921 3520 δέ
2966 3486 3052 3528 τις
3099 3470 3209 3521 τῶν
3256 3466 3477 3523 οἱκείων
3524 3467 3628 3540 (72)
3674 3480 3797 3534 προ-

2165 3563 2355 3626 στῆναι
2417 3555 2515 3611 οὐκ
2571 3552 2703 3623 οἶδε,
2757 3559 2875 3616 πῶς
2933 3555 3258 3626 Ἐκκλησίας
3339 3561 3475 3612 Θεοῦ
3550 3549 3795 3626 ἐπιμελή-

2164 3666 2309 3700 σεται
2336 3664 2350 3714 ;
2380 3647 2440 3701 ‘0
2469 3645 2571 3720 γὰρ
2602 3641 2694 3698 ἕνα
2725 3646 2839 3717 (73)
2870 3640 3297 3719 παιδαγωγήσας
3353 3646 3490 3718 μετὰ
3536 3643 3798 3703 συνέσεως,

2166 3735 2323 3796 οὗτος
2373 3731 2554 3803 δήπου
2600 3732 2691 3787 καὶ
2739 3732 2886 3787 οἶκον
2936 3732 3155 3787 σώσειεν
3190 3736 3326 3807 (74)·
3364 3738 3393 3790 ὁ
3427 3733 3485 3789 δὲ
3516 3733 3675 3799 οἶκον,
3721 3724 3799 3781 καὶ

2166 3821 2513 3893 Ἐκκλησίαν·
2549 3823 2577 3876 ὁ
2610 3820 2668 3877 δὲ
2698 3819 3045 3893 Ἐκκλησίαν,
3077 3821 3167 3877 καὶ
3200 3818 3392 3881 πόλιν,
3426 3822 3584 3883 Οἴκός
3612 3839 3667 3874 τε
3710 3814 3801 3891 γάρ

2166 3913 2277 3969 ἐστι
2309 3910 2562 3967 πολιτεία
2610 3908 3036 3984 συνεσταλμένη·
3068 3911 3157 3966 καὶ
3206 3911 3374 3975 πόλις
3424 3912 3483 3967 ἃν
3536 3907 3615 3979 εἷή
3667 3903 3803 3961 οἷ’κου

2163 4003 2468 4076 τελεωτέρα
2497 4003 2608 4073 (75)
2662 4002 2992 4078 περιγραφή.
3026 4003 3144 4069 Τῆς
3196 3998 3253 4056 δὲ
3296 4001 3469 4071 αὐτῆς
3518 3998 3806 4066 ἐπιστήμης

2165 4090 2413 4153 πολλούς
2471 4110 2530 4145 τε
2573 4090 2762 4158 σώζειν
2812 4088 2902 4143 καὶ
2952 4088 3198 4163 ὀλίγους,
3241 4090 3277 4159 ἢ
3331 4088 3450 4161 ἕνα,
3499 4088 3589 4144 καὶ
3640 4084 3698 4139 οὐ
3737 4084 3806 4149 τῷ

2165 4180 2281 4254 ὅλῳ
2311 4180 2401 4235 καὶ
2433 4179 2612 4249 παντὶ,
2644 4176 2791 4233 ἀλλὰ
2817 4182 2898 4251 τῷ
2928 4177 3082 4251 ποσῷ
3117 4178 3270 4251 μόνῳ
3303 4181 3418 4254 (76)
3470 4175 3705 4255 διαφέρει
3747 4168 3806 4223 τὰ

2162 4274 2405 4327 τοιαῦτα.

2242 4543 2353 4595 Τοῦ
2411 4536 2469 4593 δὲ
2497 4537 2701 4613 πατρὸς
2749 4535 2898 4608 αὐτῷ
2930 4538 3063 4610 (77),
3097 4536 3409 4614 Γρηγορίου
3462 4535 3659 4611 (οὕτως
3707 4527 3806 4601 πὰρ

2232 4920 2346 4993 (72)
2374 4916 2527 5009 (ξος,δ
2565 4914 2818 5009 Οιχττῶν
2874 4910 3048 4985 ἰδίων,
3097 4916 3348 4984 privatas
3394 4930 3501 4973 res.
3534 4910 3651 4968 Cod
3683 4908 3741 4965 P.
3765 4900 3810 4957 εί

2161 4987 2219 5046 δέ
2238 4985 2442 5061 ’τι,’τὸν
2476 4985 2612 5042 ἷίδιον
2644 4985 2810 5043 οἶκον.

2232 5065 2343 5131 (73)
2376 5061 2512 5117 Cod.
2546 5061 2641 5114 ΟΡ.
2676 5059 2737 5131 'o
2765 5055 2823 5112 δὲ
2849 5054 2965 5115 ἕνα.

2232 5066 2321 5131 (73
2376 5065 2512 5117 Cod.
2546 5065 2641 5114 ΟΡ.
2676 5065 2733 5111 '0
2765 5065 2823 5112 δὲ
2849 5065 2965 5115 ἕνα.

2229 5065 2343 5207 (74)
2375 5131 2688 5207 Σώσειενορ
2719 5127 2776 5184 δὲ
2807 5129 3080 5207 οἶκον-καὶ
3123 5126 3432 5207 έκξλη-σὶαν·
3468 5128 3511 5207 ὁ,
3531 5123 3589 5181 δὲ
3616 5119 3806 5207 ἐκκλη-

2158 5199 2274 5260 σίαν
2305 5199 2396 5259 καὶ
2426 5199 2610 5260 πόλιν.
2643 5203 2774 5259 Haec
2821 5202 3153 5278 reddiderat
3198 5201 3426 5278 Billius,
3460 5204 3520 5257 et
3563 5199 3807 5278 restitui-

2158 5296 2291 5334 mus
2347 5294 2417 5332 ex
2469 5291 2759 5331 consensu
2815 5276 3194 5347 antiquorum
3249 5274 3388 5330 edit.
3430 5278 3490 5328 et
3545 5274 3805 5327 omnium

2156 5351 2325 5407 codd.
2362 5363 2628 5403 manusc.

2183 5444 2194 5459 ι
2226 5421 2339 5555 (75)
2371 5420 2505 5476 Cod.
2550 5419 2603 5474 P.
2633 5414 2965 5493 τελεωτέρα.

2226 5495 2318 5555 (76
2372 5492 2433 5547 In
2480 5490 2619 5546 edit.
2654 5488 2829 5555 πόνῳ,
2860 5491 2962 5546 sed

2226 5472 2337 5564 (76)
2372 5472 2619 5547 luvédit.
2654 5488 2829 5563 πόνῳ,
2860 5472 2962 5546 sed
3015 5489 3143 5546 cod.
3201 5504 3407 5545 omnes
3455 5484 3661 5543 volunt
3710 5472 3805 5552 μό-

2152 5585 2335 5711 νῳρἹ)
2365 5633 2502 5690 Cod.
2534 5630 2630 5689 0r.
2663 5633 2843 5691 habet
2869 5630 3055 5691 αὐτοῦ.
