4100 6410
337 514 455 575 273

1365 518 1735 582 AUCTORE
1780 522 2180 584 GBEGORIO
2227 523 2772 585 PRESBYTERO.

3657 525 3777 585 274

334 645 428 702 καὶ
473 645 640 710 αὐτὸς
693 646 1033 722 ὠνομάζετο)
1076 647 1167 703 τὸν
1218 647 1333 724 βίον
1388 649 1825 724 μεταλλάξαντος
1857 701 1871 725 ,
1922 676 1991 709 τι·

2119 659 2457 731 vocabatur)
2480 675 2548 715 ex
2576 657 2686 713 hac
2717 657 2834 713 vita
2854 656 3186 730 migrasset,
3211 656 3474 713 funebris
3494 657 3775 715 orationis

344 738 528 811 μήσας
559 736 653 791 τὸν
688 737 896 822 πατέρα
940 735 1123 814 λόγοις
1168 736 1495 817 ἐπιταφίοις,
1544 743 1643 812 τήν
1688 764 1745 797 τε
1776 743 2003 822 θεοφιλῆ

347 824 563 902 μητερα
635 820 837 881 Νόνναν
911 825 1255 902 ἐγκωμιάσας
1336 825 1413 884 ἔτι
1492 834 1663 899 ζῶσαν
1701 852 1713 864 ·
1774 820 1895 887 ὅσιά
1948 855 2009 909 γε

344 920 522 971 ποιῶν
553 915 645 973 καὶ
696 917 785 971 οἷα
836 915 977 979 εἰκὸς
1023 917 1113 971 τὸν
1147 915 1495 996 φιλοπάτορα
1540 940 1599 974 τε
1639 922 1727 976 καὶ
1759 920 2005 1000 φιλομή-

342 1028 506 1084 τορα,
537 1006 627 1062 καὶ
674 1006 1057 1085 φιλόχριστον,
1110 1007 1199 1061 καὶ
1248 1004 1788 1084 ἀντιλαμϐανόμενος
1836 1010 2003 1082 αὐτῆς

348 1096 401 1151 ἐν
436 1095 638 1173 χηρείᾳ
684 1095 774 1150 καὶ
822 1093 993 1167 πολιᾷ
1044 1095 1228 1171 βαθείᾳ
1277 1093 1538 1170 δεομένης
1587 1097 1899 1176 ἐπικουρίας
1948 1122 2006 1156 τε

346 1186 438 1241 καὶ
468 1185 723 1254 ἀνέσεως,
770 1185 907 1258 μετά
954 1185 1053 1254 τήν
1099 1185 1268 1255 αὐτῆς
1315 1185 1575 1257 τελευτὴν
1625 1196 1724 1258 τῆς
1773 1188 2004 1260 Ἐκκλη-

347 1275 465 1337 σίας
518 1274 930 1350 ὑπανεχώρησε*
984 1274 1073 1329 καὶ
1116 1270 1439 1329 καταλαϐὼν
1487 1277 1586 1346 τὴν
1639 1276 1958 1334 Σελεύκειαν
1989 1324 2004 1350 ,

342 1371 429 1438 τῷ
460 1367 755 1440 παρθενῶνι
783 1370 883 1433 τῆς
912 1361 1188 1439 πανάγνου
1232 1362 1445 1435 Θέκλης
1495 1364 1818 1422 ἐνδιαιτᾶται
1863 1370 2000 1441 (78),

345 1454 539 1530 καιρὸν
614 1450 853 1515 ἐνδιδοὺς
928 1453 1043 1527 (79)
1120 1452 1409 1509 ἐπίσκοπόν
1476 1476 1599 1510 τινα
1673 1464 2000 1527 καταστῆναι

344 1546 665 1612 Ναζιανζοῦ.
724 1543 813 1605 Ὡς
864 1539 923 1596 δὲ
970 1542 1308 1619 ὑποστρέψας
1367 1543 1419 1598 ἐν
1477 1549 1596 1607 τοῖς
1640 1545 1857 1618 ὁμοίοις
1909 1547 1997 1617 ἦν,

339 1634 490 1706 μήτε
521 1629 775 1705 ποιμὲνος
824 1626 1254 1705 προϐληθέντος,
1296 1633 1387 1688 καί
1432 1637 1530 1688 τοῦ
1578 1632 1715 1689 λαοῦ
1749 1635 1883 1708 μετὰ
1913 1633 2001 1691 δα-

334 1719 523 1796 κρύων
573 1719 733 1775 αὐτὸν
784 1719 1133 1776 ἱκετευόντων
1171 1764 1185 1790 ,
1233 1720 1295 1776 οὐ
1343 1720 1646 1795 κάμπτεται
1702 1724 1840 1800 πρὸς
1896 1726 1997 1795 τὴν

336 1809 577 1882 αἴτησιν,
636 1807 761 1864 ἀλλ’
810 1805 990 1881 ἔμενεν
1037 1808 1286 1883 ἀκλινὴς,
1328 1810 1434 1888 οὐχ
1463 1812 1626 1882 ἧττον
1654 1813 1689 1883 ἢ
1725 1810 1851 1891 δρῦς
1886 1816 1998 1889 (80)

342 1900 479 1975 πρὸς
514 1893 759 1972 ἐμϐολὰς
784 1897 995 1972 ἀνέμων
1032 1898 1335 1957 ἀτίνακτος.

418 2166 479 2218 Ὀ
538 2162 597 2219 δὲ
652 2161 717 2218 αὖ
769 2167 967 2241 μικροῦ
1015 2165 1129 2238 (81)
1173 2163 1486 2240 παρέδραμε
1542 2168 1653 2241 (82)
1707 2168 1806 2237 τήν
1857 2167 1994 2242 ἐμὴν

341 2255 598 2327 μνήμην,
635 2253 887 2329 μέγιστον
942 2254 1024 2324 ὃν,
1071 2257 1233 2309 τοῦτο
1284 2255 1411 2327 ὑμῖν
1463 2251 1824 2331 διηγήσομαι,
1859 2257 1994 2313 ἐκεί-

336 2366 417 2416 νῳ
446 2364 511 2419 γε
561 2342 635 2405 είς
677 2341 946 2421 εὐφημίαν
989 2342 1090 2397 οὐκ
1136 2341 1358 2398 ἔλαττον
1405 2344 1440 2413 ἢ
1493 2344 1619 2417 ὑμῖν
1672 2344 1748 2407 εἷς
1782 2345 1995 2422 εὐεργε-

344 2432 485 2488 σίαν.
530 2437 635 2487 [liv
679 2433 780 2508 γὰρ
829 2431 996 2487 καλὸν
1044 2432 1133 2487 καὶ
1182 2430 1429 2503 ζηλωτὸν
1484 2430 1681 2504 δήπου’
1714 2432 1776 2488 τὸ
1810 2431 1867 2488 δὲ
1900 2440 1993 2505 ζη-

344 2520 526 2577 λωτὸν
557 2520 641 2575 καὶ
668 2521 980 2598 ποριστικὸν
1028 2522 1246 2597 ἀρετῆς·
1279 2523 1315 2591 ἡ
1367 2518 1425 2577 δὲ
1471 2522 1606 2597 πρὸς
1665 2523 1793 2579 Θεὸν
1845 2525 1993 2601 φέρει

339 2609 472 2673 τοὺς
523 2608 837 2683 ἑπομένους.
885 2615 1053 2686 Ὁρῶν
1105 2611 1134 2664 ὁ
1182 2609 1350 2686 μέγας
1403 2611 1691 2674 Βασίλειος
1730 2611 1858 2675 τοὺς
1890 2611 1998 2667 λω-

336 2695 644 2773 ϐουμένους
676 2703 787 2772 (83)
832 2698 1101 2773 ἀδελφοὺς
1150 2697 1270 2754 λίαν
1308 2700 1400 2772 μὲν
1434 2699 1700 2764 ἐλεεινοὺς
1734 2702 1823 2756 καὶ
1854 2722 1991 2775 συμ-

327 2788 561 2854 παθείας
609 2789 812 2859 ἀξίους,
862 2788 1059 2858 ἥκιστα
1105 2792 1213 2861 (84)
1273 2786 1330 2843 δὲ
1388 2789 1850 2864 οἰκτειρομένους,
1904 2790 1994 2846 καὶ

332 2878 411 2941 ὡς
446 2875 579 2954 ἄγος
623 2880 735 2951 (85)
780 2899 855 2947 τι,
904 2878 993 2933 καὶ
1045 2877 1275 2952 μίασμα,
1324 2878 1414 2932 καὶ
1463 2878 1832 2953 ἀποτρόπαιον
1876 2884 1995 2943 τοῖς

338 2966 579 3029 πολλοῖς
607 2960 765 3028 ὄντας
799 2964 869 3020 δι’
896 2966 1155 3039 ἀμάθειαν
1188 2966 1278 3021 καὶ
1317 2968 1747 3043 μισανθρωπίαν,
1778 2968 1868 3022 καὶ
1920 2970 1995 3031 εἱς

346 3054 551 3112 ἔννοιαν
581 3062 682 3126 τῆς
732 3055 941 3134 φύσεως
992 3054 1187 3127 ἐλθὼν,
1248 3056 1453 3131 βουλὴν
1486 3056 1798 3131 προτίθεται
1847 3058 1995 3113 εὐσε-

344 3142 441 3217 ϐῆ,
475 3144 559 3201 καί
588 3152 687 3215 τῆς
721 3145 920 3200 ἐκείνου
970 3143 1331 3224 φιλαδελφίας
1381 3144 1550 3216 ἀξίαν.
1603 3143 1798 3210 Οἶκους
1845 3170 1995 3221 παμ-

340 3236 587 3312 μεγέθεις
638 3232 1085 3309 ἀναδειμάμενος,
1132 3235 1219 3289 καὶ
1268 3234 1571 3312 προσόδους
1623 3236 1840 3307 ἐτησίας
1881 3240 1994 3311 (86)

332 3325 524 3396 τάξας,
585 3323 647 3386 ’ὰς
703 3324 763 3380 ἐκ
816 3328 921 3379 τῶν
978 3323 1221 3400 εὐπόρων
1273 3327 1720 3401 περιεποιήσατο,
1768 3327 1994 3401 προτρε-

2029 2036 2078 2101 Β

2117 763 2252 802 eum
2284 747 2503 802 honore
2535 747 2745 801 affecit.
2778 746 3009 818 Deoque
3038 745 3315 801 dilectam
3348 749 3592 801 matrem
3626 746 3775 802 Non-

2118 852 2255 891 nam
2290 836 2481 891 adhuc
2512 836 2801 891 viventem
2833 835 3111 890 laudibus
3157 838 3501 907 prosecutus
3530 840 3648 903 est;
3682 835 3774 908 pie

2116 924 2176 979 id
2207 924 2440 995 quidem
2478 923 2717 991 faciens,
2755 930 2932 996 atque
2981 930 3047 979 ut
3094 923 3391 979 hominem
3425 924 3686 995 decebat,
3718 929 3774 979 et

2117 1013 2321 1084 patris,
2346 1018 2403 1067 et
2428 1012 2655 1083 matris,
2679 1016 2737 1068 et
2767 1014 2867 1068 Dei
2898 1018 3215 1080 amantem,
3240 1013 3547 1083 ipsiusque
3568 1030 3771 1069 curam

2116 1100 2499 1173 amplectens,
2523 1102 2579 1157 in
2609 1101 2889 1156 viduitate
2909 1106 2966 1156 et
2987 1101 3279 1172 profunda
3303 1101 3515 1156 canitie
3538 1118 3773 1157 summa

2114 1206 2223 1261 ope
2253 1193 2311 1245 et
2341 1191 2536 1262 quiete
2580 1208 2729 1263 opus
2761 1190 3051 1245 habentis.
3087 1190 3224 1244 Post
3264 1192 3435 1261 cujus
3468 1206 3771 1246 excessum

2112 1295 2182 1335 ex
2214 1279 2469 1336 Ecclesia
2513 1296 2575 1335 se
2624 1279 2932 1351 proripuit,
2966 1278 3407 1349 Seleuciamque
3455 1280 3775 1352 profectus,

2113 1368 2172 1423 in
2205 1367 2552 1425 castissimae
2582 1368 2826 1440 virginis
2858 1366 3086 1423 Theclee
3116 1367 3479 1439 parthenone
3511 1385 3773 1424 commo-

2112 1463 2278 1513 ratus
2309 1462 2399 1514 est
2431 1474 2443 1511 :
2480 1462 2545 1513 ut
2575 1456 2865 1525 videlicet,
2900 1458 3130 1512 interim
3173 1457 3316 1512 dum
3366 1457 3493 1528 ipse
3523 1458 3771 1523 abesset,

2111 1546 2422 1619 episcopus
2463 1546 2706 1618 quidam
2755 1545 3129 1601 Nazianzenae
3179 1545 3313 1601 urbi
3362 1546 3770 1618 praeﬁceretur.

2110 1635 2184 1692 Ut
2232 1640 2427 1692 autem
2476 1635 2829 1691 Nazianzum
2888 1650 3158 1690 reversus
3206 1639 3315 1700 est,
3347 1635 3551 1689 eodem
3613 1638 3771 1691 statu

2110 1724 2309 1781 omnia
2341 1725 2576 1796 reperit,
2599 1738 2706 1779 nec
2740 1726 3035 1795 pastorem
3068 1721 3255 1778 ullum
3289 1721 3630 1779 institutum
3657 1739 3670 1779 :
3704 1740 3772 1779 ac

2109 1812 2381 1885 quamvis
2424 1813 2591 1884 plebs
2640 1828 2774 1866 cum
2833 1810 3109 1883 lacrymis
3170 1810 3367 1881 ipsum
3416 1810 3771 1879 obsecraret,

2108 1902 2383 1974 precibus
2413 1905 2613 1957 tamen
2656 1900 2898 1955 minime
2928 1899 3290 1964 ﬂectebatur,
3321 1900 3423 1956 sed
3477 1899 3685 1956 ﬁrmus
3716 1906 3774 1955 et

2107 1990 2433 2048 immobilis
2475 1990 2770 2061 manebat,
2818 2006 2934 2045 non
2979 2006 3149 2045 secus
3211 2006 3278 2045 ac
3332 2005 3585 2061 quercus
3642 2006 3770 2061 qua:

2109 2079 2271 2136 nullo
2301 2084 2611 2136 ventorum
2641 2080 2865 2151 impetu
2897 2078 3125 2134 concuti
3158 2082 3369 2150 potest.

2180 2170 2343 2233 Quod
2366 2174 2562 2225 autem
2596 2169 2741 2225 mihi
2766 2184 2911 2240 pene
2934 2167 3217 2223 memoria
3245 2168 3490 2240 efﬂuxit,
3511 2168 3619 2224 hoc
3640 2169 3765 2241 jam

2107 2258 2603 2328 commemorabo,
2637 2261 2836 2329 utpote
2889 2257 3215 2313 maximum
3252 2262 3618 2313 momentum
3666 2258 3769 2315 ha-

2106 2349 2272 2417 bens,
2296 2352 2417 2403 tam
2444 2346 2529 2402 illi
2559 2348 2631 2401 ad
2654 2346 2913 2415 laudem,
2940 2363 3114 2416 quam
3136 2346 3303 2401 vobis
3324 2346 3396 2402 ad
3422 2346 3763 2403 utilitatem.

2107 2437 2402 2507 Quidquid
2454 2436 2611 2491 enim
2673 2434 2989 2491 honestum
3050 2439 3109 2490 et
3165 2435 3509 2506 praeclarum
3570 2440 3678 2505 est,
3709 2436 3769 2492 id

2107 2542 2341 2599 quoque
2370 2524 2803 2581 aemulationem
2842 2522 3035 2595 gignit
3064 2539 3077 2578 :
3113 2524 3268 2595 quod
3300 2528 3496 2579 autem
3527 2524 3767 2579 aemula-

2104 2614 2285 2672 tionis
2307 2614 2573 2670 studium
2598 2613 2808 2685 gignit,
2834 2612 2988 2667 idem
3012 2612 3188 2667 etiam
3211 2612 3283 2667 ad
3308 2612 3765 2683 comparandam

2103 2704 2381 2759 virtutem
2427 2703 2686 2757 confert:
2717 2702 2903 2756 virtus
2963 2717 3133 2773 porro
3191 2700 3284 2756 sui
3344 2701 3642 2756 studiosos
3693 2702 3765 2756 ad

2105 2792 2293 2848 Deum
2324 2790 2503 2847 ducit.
2532 2790 2781 2862 Magnus
2825 2790 3020 2861 itaque
3068 2789 3322 2845 Basilius
3355 2790 3564 2846 fratres
3591 2789 3765 2862 lepraa

2105 2880 2203 2937 lue
2242 2881 2511 2947 infectos,
2543 2879 2677 2935 licet
2726 2879 3046 2935 admodum
3078 2878 3453 2935 calamitosos
3503 2884 3561 2935 et
3608 2896 3767 2935 com-

2106 2969 2484 3027 miseratione
2540 2968 2773 3041 dignos,
2838 2969 3085 3024 minima
3134 2974 3331 3025 tamen
3390 2968 3766 3024 miseratione

2106 3060 2336 3118 animos
2367 3058 2677 3115 hominum
2708 3074 3065 3130 permovere,
3089 3057 3206 3113 imo
3239 3057 3415 3114 etiam
3447 3057 3764 3130 plerisque,

2107 3167 2222 3222 qua
2276 3152 2444 3205 erant
2500 3147 2821 3203 stoliditate
2867 3151 2925 3203 et
2966 3147 3354 3216 immanitate,
3384 3146 3546 3203 velut
3600 3147 3766 3202 nefas

2108 3240 2406 3313 quoddam
2429 3242 2485 3294 et
2507 3236 2828 3309 piaculum,
2853 3237 3332 3309 horrendumque
3361 3236 3765 3309 spectaculum

2108 3327 2308 3384 haberi
2326 3326 2708 3400 perspiciens,
2722 3330 2863 3382 natu
2874 3342 3066 3401 raeque
3082 3326 3351 3382 humanm
3370 3326 3763 3382 conditionem

328 3420 437 3491 ψας
470 3412 731 3477 συνέσεως
773 3412 956 3490 λόγοις
1002 3414 1140 3489 πρὸς
1172 3415 1268 3483 τὴν
1320 3400 1586 3484 ἐπίδοσιν,
1616 3400 1820 3478 πάντας
1862 3417 1990 3480 τοὺς

2108 3416 2304 3473 animo
2331 3421 2630 3488 reputans,
2656 3416 2819 3487 pium
2842 3416 3154 3472 consilium
3179 3416 3544 3488 dignumque
3574 3415 3762 3488 ipsius

327 3506 568 3565 ἀσθενεῖς
621 3502 694 3565 εἷς
722 3502 914 3558 ταύτὸν
960 3500 1203 3579 ἤθροισε,
1255 3507 1645 3581 φροντιστήρια
1673 3510 1841 3561 ταῦτα
1888 3527 1983 3560 κα-

323 3593 488 3655 λέσας
536 3597 777 3668 πτωχῶν
810 3634 822 3647 .
877 3592 1091 3648 Τούτων
1142 3594 1397 3669 συνεργὸς
1445 3592 1534 3647 καὶ
1587 3596 1983 3670 συναγωνιστὴς

322 3683 547 3757 ὑπῆρχε
594 3680 921 3757 Γρηγόριος,
973 3681 1112 3736 καθὰ
1156 3678 1323 3751 δηλοῖ
1371 3682 1399 3736 ὁ
1429 3681 1553 3759 περὶ
1595 3680 1981 3759 φιλοπτωχίας

318 3771 515 3844 λόγος,
573 3770 704 3841 ὅσην
754 3770 878 3844 περὶ
923 3770 986 3825 τὸ
1035 3776 1259 3847 πρᾶγμα
1305 3769 1547 3840 σπουδὴν
1597 3770 1864 3845 Βασιλείῳ
1906 3776 1984 3844 τῷ

320 3859 555 3935 μεγάλῳ
607 3853 1058 3935 συγκατεϐἀλετο,
1118 3859 1379 3935 μεγίστην
1442 3858 1612 3931 δείξας
1662 3864 1768 3915 τῶν
1832 3860 1980 3915 ἐντο-

319 3949 438 4007 λῶν
467 3948 913 4025 πτωχοτροφίαν,
962 3948 1183 4018 καὶτῆς
1226 3953 1323 4003 τοῦ
1374 3953 1508 4004 Θεοῦ
1552 3949 1980 4025 μεγαλειότητος

322 4036 421 4093 καὶ
450 4036 857 4115 φιλανθρωπίας
905 4037 1078 4111 ἀξίαν.
1111 4035 1291 4093 Ἀλλὰ
1336 4042 1499 4095 τοῦτο
1535 4040 1629 4113 μὲν
1678 4039 1754 4102 εἷς
1794 4043 1982 4094 τοσοῦ-

327 4146 446 4198 τον,
481 4122 598 4179 ὅσον
628 4130 721 4181 τοῦ
756 4126 833 4200 μὴ
878 4121 1025 4196 δόξαι
1070 4124 1501 4206 παραλελεῖφθαι
1550 4131 1812 4183 τοσοῦτον
1860 4148 1984 4183 κατ-

330 4214 579 4289 όρθωμα.

2101 3506 2384 3561 charitate
2425 3504 2680 3561 destinat
2725 3510 2783 3561 et
2833 3504 3124 3578 pr0ponit.
3156 3504 3553 3576 Amplissimis
3601 3504 3757 3560 enim

2095 3597 2319 3651 uadibus
2350 3595 2687 3665 exstructis,
2712 3593 3045 3666 annuisque
3076 3593 3454 3666 proventibus
3476 3594 3760 3649 constitu-

2092 3686 2192 3753 tis,
2217 3700 2365 3755 quos
2399 3700 2434 3739 a
2462 3682 2742 3738 divitibus
2772 3686 2830 3738 et
2873 3683 3129 3755 copiosis
3177 3682 3521 3738 hominibus
3553 3681 3754 3738 solerti

2094 3772 2353 3827 oratione
2381 3772 2453 3826 ad
2489 3769 2859 3842 largitionem
2892 3770 3166 3842 impulsis
3196 3771 3527 3843 collegerat,
3562 3788 3751 3843 aegro-

2093 3864 2184 3916 tos
2210 3876 2414 3915 omnes
2445 3859 2503 3913 in
2536 3874 2721 3914 unum
2753 3859 2965 3931 coegit,
2991 3876 3314 3932 pauperum
3348 3859 3656 3933 gymnasia
3687 3877 3752 3915 ac

2094 3966 2289 4007 sacras
2322 3950 2527 4005 domos
2576 3948 2698 4003 haec
2744 3947 2870 4004 loca
2909 3948 3230 4019 appellans.
3264 3949 3410 4005 Huic
3458 3966 3527 4005 ea
3577 3950 3634 4005 in
3693 3967 3753 4005 re

2094 4039 2330 4110 adjutor
2360 4038 2692 4107 laborisque
2733 4036 3025 4110 particeps
3071 4038 3181 4094 fuit
3211 4039 3543 4111 Gregorius.
3577 4040 3660 4094 Ex
3689 4056 3758 4095 ea

2094 4128 2334 4200 quippe,
2374 4143 2550 4198 quam
2602 4126 2671 4181 de
2723 4143 3051 4198 pauperum
3109 4144 3307 4183 amore
3363 4127 3589 4200 habuit,
3621 4145 3756 4184 ora-

2092 4218 2251 4273 tione
2281 4217 2417 4289 (88),
2447 4214 2670 4286 liquido
2720 4220 2949 4272 constat
2995 4222 3216 4287 quanto
3266 4217 3464 4272 studio
3516 4218 3576 4272 in
3627 4233 3757 4273 eam

321 4322 449 4361 rem
480 4322 618 4361 cum
656 4304 870 4361 Basilio
921 4305 1276 4376 incubuerit,
1312 4307 1635 4363 maximum
1679 4309 1945 4364 omnium
1998 4307 2413 4363 mandatorum
2463 4322 2592 4360 esse
2640 4306 2979 4375 ostendens,
3030 4305 3375 4361 alendorum
3426 4321 3755 4379 pauperum

321 4393 612 4463 studium,
644 4394 867 4467 Deique
899 4395 1335 4468 magniﬁcentia
1382 4400 1439 4453 et
1486 4398 1846 4471 benignitate
1876 4398 2145 4470 dignum.
2180 4398 2370 4468 Atque
2400 4394 2523 4450 haec
2553 4394 2792 4467 quidem
2836 4394 3121 4452 hactenus
3152 4412 3165 4451 :
3202 4412 3275 4452 ne
3326 4396 3469 4452 adeo
3518 4395 3756 4469 praecla-

325 4500 456 4539 rum
488 4483 719 4538 facinus
749 4484 1186 4555 praetermisisse
1216 4485 1545 4543 videamur.

398 4575 508 4639 Τῆς
541 4566 599 4625 δὲ
628 4570 969 4645 Ἀρειανικῆς
1018 4575 1132 4645 (87)
1176 4573 1435 4647 αἱρέσεως
1487 4573 1545 4629 ἐκ
1574 4574 1800 4630 πολλῶν
1848 4574 1979 4651 χρό-

2160 4572 2380 4629 Ariana
2406 4589 2539 4629 vero
2572 4571 2778 4629 haeresi
2813 4573 3173 4645 jampridem
3205 4572 3524 4629 Ecclesiam
3557 4573 3753 4645 oppri-

324 4661 434 4712 νῶν
491 4657 787 4726 πιεζούσης
839 4660 939 4727 τὴν
986 4658 1335 4733 Ἐκκλησίαν,
1396 4660 1486 4715 καὶ
1536 4658 1794 4737 βασιλικῇ
1839 4662 1985 4739 χειρὶ

2100 4666 2313 4731 mente,
2342 4660 2835 4733 imperatoriaque
2868 4679 3049 4716 manu
3077 4678 3142 4717 ac
3175 4662 3455 4733 potentia,
3482 4662 3583 4716 Dei
3618 4679 3756 4733 prae-

310 4747 833 4825 καταστρεφομένης
881 4746 949 4802 τὰ
998 4752 1094 4803 τοῦ
1143 4752 1277 4805 Θεοῦ
1327 4748 1689 4825 ὀχυρώματα,
1728 4755 1806 4822 τῷ
1837 4750 1973 4827 πρὸς

2105 4752 2240 4808 ιίᾱίθ.
2270 4751 2643 4808 subvertente
2672 4750 2763 4823 (ea
2807 4750 3033 4806 scilicet
3066 4750 3313 4821 ratione,
3339 4751 3495 4822 quod
3527 4750 3754 4821 simpli-

313 4830 566 4891 ἀσέϐειαν
624 4836 1029 4892 ὑποσπάσασθαι
1088 4837 1215 4901 τοὺς
1288 4837 1692 4916 ἁπλουστέρους
1729 4884 1743 4910 ,
1807 4839 1973 4915 μέγαν

311 4947 377 4980 τε
408 4925 538 4981 Θεὸν
568 4926 660 4980 τὸν
702 4923 913 5003 Πατέρα
940 4926 1032 4981 καὶ
1082 4928 1272 5002 μικρὸν
1314 4929 1406 4984 τὸν
1458 4928 1605 4999 Υἱὸν,
1637 4929 1727 4983 καὶ
1778 4928 1979 5003 κτίσμα

312 5014 382 5069 τὸ
441 5014 592 5090 ἅγιον
655 5018 874 5088 Πνεῦμα
931 5012 1391 5092 δογματιζούσης,
1451 5016 1692 5095 ἐπεφύη,
1750 5018 1863 5073 οἷον
1927 5018 1978 5090 ἐξ

314 5101 485 5179 ῧδρας
514 5103 661 5166 τινὸς
708 5102 974 5174 νεοθαλὴς
1025 5104 1259 5183 κεφαλὴ,
1291 5110 1398 5160 τῶν
1426 5108 1908 5184 πνευματομάχων
1942 5111 1977 5177 ἡ

315 5189 551 5268 αἵρεσις,
602 5192 728 5269 περὶ
779 5192 872 5267 μὲν
921 5192 1013 5248 τὸν
1065 5194 1183 5249 Υἱὸν
1235 5192 1677 5271 εὐγνωμονοῦσα,
1727 5197 1818 5251 καὶ
1865 5194 1977 5252 ἴσον

414 5411 508 5467 78)
538 5411 672 5467 God.
710 5412 771 5467 P.
806 5405 1156 5467 ἐνδιαττεται.

536 5482 1097 5559 ῳρἀϐοιρηιέρ.
1131 5488 1188 5539 et
1217 5483 1313 5540 Or.
1344 5482 1531 5559 καιρὸν
1564 5480 1768 5547 διδούς.

417 5550 508 5626 80)
538 5555 679 5611 Cod.
713 5554 814 5611 Or.
855 5553 890 5622 ἢ
926 5550 1053 5626 δρῦς
1084 5575 1191 5616 τις.

422 5626 682 5701 $599091-
716 5626 776 5701 Β
813 5626 1029 5701 smpsi-

422 5697 512 5772 82)
542 5698 681 5753 Cod.
713 5694 1155 5772 Or.'1tp_'9é80ane
1185 5715 1317 5755 mox
1354 5698 1414 5755 in
1447 5700 1573 5756 cod.
1608 5702 1735 5757 cod.
1770 5706 1826 5758 et
1856 5702 1983 5759 cod.

322 5769 393 5826 P.
409 5763 592 5845 ide'est
623 5763 990 5845 μὲγιστονξὸν.

404 5841 515 5916 (83)
548 5838 634 5901 Ita
661 5838 834 5900 obdd.
862 5842 1019 5901 Colb.
1056 5843 1107 5915 1,
1138 5843 1194 5913 2,
1226 5846 1284 5900 et
1312 5842 1408 5902 ΟΡ.
1440 5843 1504 5902 In
1536 5843 1675 5902 edit.
1709 5838 1989 5900 λελωϐου-

2088 4842 2276 4898 ciores
2301 4841 2373 4896 ad
2398 4839 2758 4911 impietatem
2782 4838 2987 4895 furtim
3013 4838 3419 4909 abstraheret),
3449 4854 3757 4910 magnum-

2089 4947 2202 5004 que
2231 4930 2416 4986 Deum
2448 4933 2702 4997 Patrem,
2725 4932 2783 4985 et
2814 4945 3060 5001 parvum
3104 4926 3343 4998 Filium,
3367 4931 3426 4983 et
3468 4926 3753 5000 Spiritum

2090 5024 2362 5078 sanctum
2394 5022 2727 5075 creaturam
2760 5018 3123 5084 afﬁrmante;
3157 5021 3425 5073 exortum
3456 5020 3564 5087 est,
3600 5016 3756 5074 velut

2091 5127 2158 5166 ex
2190 5109 2378 5182 hydra
2417 5108 2692 5180 quadam,
2718 5124 2931 5163 novum
2982 5110 3182 5179 caput,
3204 5106 3466 5162 hostium
3499 5106 3754 5178 Spiritus

2093 5197 2281 5255 sancti
2307 5196 2569 5266 haeresis,
2593 5197 2664 5253 de
2685 5196 2832 5254 Filio
2854 5196 3094 5268 quidem
3119 5195 3367 5252 candide
3386 5193 3668 5266 sentiens,
3688 5212 3755 5252 ac

2095 5414 2308 5489 μένους.
2328 5415 2575 5489 _Cod.ﬁP.
2608 5406 2998 5489 λωϐουμένους
3029 5413 3120 5468 καὶ
3157 5411 3591 5487 βλαπτομένους.

2165 5489 2280 5560 (84)
2314 5487 2452 5560 Cod.
2577 5482 2855 5560 ορδαμῶξ.

2190 5554 2282 5631 85)
2314 5559 2452 5615 Cod.
2588 5554 2894 5631 βδέλυγμα.

2191 5628 2282 5699 86)
2314 5631 2453 5688 Cod.
2483 5628 2883 5699 ΟΡ.ἀὶτησίας.

2190 5702 2281 5775 87)
2313 5703 2492 5761 Codd.
2526 5703 2623 5758 Or.
2657 5707 2715 5759 et
2752 5703 2809 5759 P.
2845 5702 3145 5775 Ἀρειανῆς.

2190 5708 2260 5759 87
2313 5708 2492 5761 Codd.
2526 5708 2623 5758 0r.
2657 5708 2715 5759 et
2752 5708 2809 5759 P.
2845 5708 2867 5757 ἰ

2169 5708 2284 5848 (88)
2316 5774 2472 5832 Orat.
2499 5791 2617 5845 x1v,
2649 5792 2707 5848 p.
2739 5774 2867 5831 257.
