4100 6392
375 462 489 519 975
1498 462 1676 520 Vl'l‘A
1730 462 1793 521 S.
1845 461 1994 520 6Π1⁴ἶ

2173 462 2218 521 ΙΙ
2267 464 2367 521 ΤΗ
2382 461 2656 521 EtllAlGl
3667 465 3778 525 ΞἺθ

374 593 631 651 Verbum
655 593 812 650 Patri
837 594 1126 667 coaequale
1148 598 1430 661 statuens,
1450 598 1725 651 caeterum
1746 594 1993 667 Spiritu:

2158 598 2219 667 τῷ
2250 593 2420 671 Πατρὶ
2446 592 2699 668 τιθεμένη
2731 594 2821 648 τὸν
2874 591 3075 667 Λόγον,
3105 593 3169 647 τὸ
3217 590 3275 648 δὲ
3304 596 3521 666 Πνεῦμα
3548 593 3607 649 τὸ
3635 594 3777 670 ἅγιον

380 687 652 741 sanctum
685 683 1052 757 blasphemis
1098 684 1289 740 verbis
1333 684 1643 756 impetens,
1672 684 1851 758 idque
1882 683 1999 739 bifa

2161 680 2574 761 Βλασφημοῦσα,
2621 681 2710 737 καὶ
2758 687 2920 738 τοῦτο
2971 679 3168 757 διχῶς.
3201 683 3265 737 Οἱ
3316 682 3411 756 μὲν
3458 681 3557 759 γὰρ
3594 683 3780 756 κτίσμα

379 774 551 830 riam.
583 773 695 829 Alii
744 774 901 830 enim
952 780 1276 829 creaturam
1323 779 1519 845 aperte
1566 774 1760 845 ipsum
1811 789 1998 830 assere

2158 777 2387 851 ρανερῶς
2437 770 2817 847 ἐδογμάτιζον,
2869 773 2920 826 οἱ
2954 770 3012 827 δὲ
3060 768 3183 827 οὔτε
3228 771 3432 844 κτίσμα
3478 768 3597 827 οὔτε
3639 774 3777 845 Θεὸν,

380 864 527 920 bant
559 881 571 921 :
602 863 699 919 alii
734 880 838 919 nec
870 867 1221 930 creaturam,
1255 880 1359 919 nec
1405 868 1604 934 Deum,
1628 864 1728 919 sed
1760 863 1999 919 liberum:

2161 861 2272 919 ἱλλ’
2301 861 2603 939 ἐλεύθερον·
2639 862 2731 923 οὓς
2771 861 3120 937 ἹΙμιαρείους
3172 863 3280 935 (89)
3325 860 3528 923 ἐκεῖνος
3574 861 3780 934 ὠνόμα-

382 968 533 1023 quos
565 951 807 1023 proinde
837 949 1231 1007 Semiarianos
1262 950 1357 1005 ille
1388 951 1645 1018 vocabat,
1678 967 1892 1005 nomen
1924 949 2001 1005 sci

2161 957 2225 1021 ξε,
2258 953 2564 1025 πρέπουσαν
2592 955 2660 1025 τῇ
2712 948 2838 1025 δόξῃ
2883 950 3056 1006 αὐτῶν
3106 953 3205 1019 τὴν
3237 949 3608 1025 προσηγορίαν
3650 950 3780 1006 ἐπει-

380 1041 519 1097 licet
548 1057 749 1097 eorum
791 1039 1049 1111 opinioni
1083 1056 1408 1111 congruum
1442 1044 1498 1095 et
1528 1040 1862 1111 appositum
1894 1038 1999 1110 ipsi

2162 1042 2288 1095 rto'w'
2320 1040 2396 1102 ὡς
2438 1045 2640 1113 τιμῶσι
2691 1041 2785 1113 μὶν
2822 1042 2930 1114 (90)
2971 1041 3062 1095 τὸν
3109 1040 3228 1095 Υἱὸν
3276 1041 3339 1095 τὸ
3388 1037 3447 1095 δὲ
3491 1044 3702 1113 Πνεῦμα
3726 1042 3781 1096 τὸ

383 1130 722 1203 imponens;
752 1130 969 1201 quippe
1000 1129 1099 1200 qui
1128 1129 1209 1183 ita
1255 1128 1467 1183 Filium
1499 1128 1558 1183 in
1592 1128 1811 1185 honore
1856 1128 2002 1183 habe

1059 1129 1099 1183 1i
1128 1129 1209 1183 ita
1255 1128 1467 1183 Filium
1499 1128 1558 1183 in
1592 1128 1811 1185 honore
1856 1128 2041 1183 habe-
2152 1129 2304 1204 ἅγιον
2338 1130 2678 1202 ἀτιμάζουσι.

385 1224 539 1287 rent,
572 1223 637 1274 ut
664 1218 897 1273 interim
943 1217 1228 1290 Spiritum
1260 1223 1532 1273 sanctum
1566 1221 2039 1290 aspernarentur.

459 1308 642 1380 Igitur
671 1306 1014 1378 hujusmodi
1047 1307 1421 1362 contentione
1450 1323 1554 1379 per
1585 1311 1763 1362 totam
1796 1304 2045 1362 Romani

2222 1310 2340 1377 Τῆς
2380 1305 2471 1361 οὖν
2520 1306 2777 1378 τοιαύτης
2832 1305 3010 1383 ἔριδος
3059 1313 3230 1363 πᾶσαν
3279 1303 3661 1379 ὑπολαϐοὐσης
3702 1310 3787 1378 τὴν

385 1397 617 1469 imperii
649 1397 932 1453 ditionem
962 1395 1266 1468 gliscente,
1290 1397 1599 1468 magisque
1617 1395 1792 1451 etiam
1825 1396 2004 1468 Byzan

2168 1397 2260 1452 ὕπὸ
2290 1396 2594 1468 Ῥωμαίους
2642 1398 2756 1471 (91)
2807 1397 3008 1474 ἀρχὴν,
3059 1396 3228 1453 πλέον
3281 1396 3341 1454 δὲ
3369 1403 3469 1454 τοῦ
3510 1398 3787 1468 Βυζαντίου

386 1484 451 1540 tii
481 1485 711 1557 vigente
742 1501 808 1541 ac
841 1485 1160 1553 obtinente,
1186 1484 1341 1540 Deus
1371 1500 1490 1552 eos,
1518 1484 1617 1555 qui
1641 1484 1914 1556 pestifera
1936 1484 2005 1539 ha

2167 1484 2616 1561 ιατακρατούσης,
2694 1485 2946 1562 ἐξεγείρει
3024 1487 3053 1541 ὁ
3121 1488 3249 1549 Θεὸς
3322 1489 3387 1543 τὸ
3462 1493 3671 1562 πνεῦμα
3732 1488 3786 1543 τὸ

386 1573 652 1631 doctrina
681 1573 1229 1646 exstinguebantur,
1262 1573 1596 1641 miseratus,
1616 1579 1871 1629 sanctum
1901 1573 2005 1629 Gre

2166 1576 2308 1650 ἳγιον
2360 1573 2666 1651 Γρηγορίου
2717 1578 2813 1629 τοῦ
2861 1573 3157 1650 Θεολόγου,
3202 1574 3431 1646 ἐλεήσας
3470 1575 3599 1639 τοὺς
3632 1577 3785 1632 ἀπολ-

386 1664 536 1737 gorii
563 1662 841 1735 Theologi
871 1664 1133 1734 spiritum
1175 1664 1380 1718 excitat
1404 1663 1468 1733 93,
1500 1678 1566 1718 ac
1592 1661 1753 1719 velut
1784 1663 1855 1718 ad
1889 1663 2005 1735 M03

2167 1663 2424 1737 λυμένους
2460 1663 2562 1717 ὑπὸ
2590 1669 2691 1732 τῆς
2724 1663 3060 1740 φθοροποιοῦ
3106 1661 3274 1733 τῆσδε
3303 1662 3671 1729 διδασκαλίας·
3709 1665 3786 1720 καὶ

390 1769 513 1809 sem
547 1752 627 1806 ait
647 1752 692 1786 9°
725 1768 737 1807 :
780 1752 969 1809 Videas
1008 1751 1123 1807 vidi
1149 1753 1514 1823 afﬂictionem
1556 1752 1749 1824 populi
1796 1753 1927 1823 mei,
1950 1767 2009 1823 qu

2167 1753 2268 1807 )ἷον
2318 1752 2453 1826 πρὸς
2512 1753 2743 1806 Μωϋσὲα
2793 1751 2956 1830 φησίν
2987 1772 3000 1787 ·
3062 1750 3213 1808 Ἰδών
3272 1752 3415 1809 εἶδον
3469 1757 3567 1825 τὴν
3626 1757 3786 1810 κάκω-

391 1843 457 1898 in.
486 1842 712 1913 .‘Egypto
741 1845 816 1895 est
840 1840 1142 1913 (/Egyptus
1176 1845 1369 1896 autem
1402 1841 1775 1897 Hebraeorum
1806 1840 2010 1913 quider.

2166 1862 2237 1896 σιν
2296 1845 2393 1895 τοῦ
2451 1839 2585 1897 λαοῦ
2638 1862 2742 1915 μου
2796 1846 2893 1896 τοῦ
2946 1842 2995 1896 ἐν
3054 1842 3315 1920 Αἱγύπτῳ
3380 1845 3593 1918 (σκὸτος
3652 1842 3705 1900 δὲ
3756 1846 3785 1913 ἡ

391 1929 597 2003 lingua
626 1930 875 1985 tenebras
914 1933 1103 1997 sonat,
1137 1946 1294 1984 nunc
1341 1946 1476 1986 vero
1523 1930 1772 1986 offusam
1804 1947 1869 1986 ac
1899 1929 2010 1986 deti

396 2022 627 2041 ..__L-_..
668 2018 948 2041 L_._-_-__
989 2018 1287 2041 -_‘l:..!___.
1338 2018 1650 2041 _:.._:n-_1\
1717 2023 1756 2041 ,Δ
1790 2022 2008 2041 ----Α,·ι.--

2169 1927 2428 2005 Ᾱῖίγυπτος
2479 1929 2695 2005 λέγεται
2733 1930 2803 2005 τῇ
2838 1935 2993 2009 φωνῇ
3045 1936 3152 1987 τῶν
3191 1928 3482 2009 Ἐϐραίων·
3536 1932 3695 2004 δηλοῖ
3739 1931 3788 1988 δὲ

396 2022 633 2075 nantem
666 2018 952 2073 haeresum
984 2018 1294 2090 caliginem
1335 2018 1673 2091 signiﬁcat),
1707 2023 1757 2076 et
1780 2022 2015 2091 gemitur

2171 2024 2248 2075 θῦν
2302 2023 2408 2074 τῶν
2466 2019 2720 2093 αἱρέσεων
2779 2021 2872 2075 τὸν
2920 2020 3261 2098 κατασχόντα
3321 2022 3529 2101 ζόφον),
3580 2024 3665 2078 καὶ
3704 2026 3790 2077 τοῦ

392 2125 581 2166 eorum
605 2107 817 2179 audivi,
847 2110 1007 2179 atque
1035 2108 1112 2163 ad
1138 2124 1228 2163 eos
1258 2108 1571 2164 liberandos
1598 2108 1868 2165 descendi.
1906 2112 2011 2181 Qui

2172 2112 2460 2185 στεναγμοῦ
2516 2108 2689 2163 αὐτῶν
2766 2107 3011 2179 ἤκουσα·
3072 2110 3161 2165 καὶ
3235 2107 3473 2183 κατέϐην
3547 2116 3641 2168 τοῦ
3695 2115 3791 2186 (92)

392 2199 543 2255 circa
568 2213 718 2253 mmo
747 2198 905 2260 veni;
954 2198 1015 2252 in
1056 2199 1352 2270 Egyptum
1379 2201 1431 2253 te
1458 2200 1691 2253 mittam.
1723 2200 1913 2271 Atque
1942 2197 2011 2253 ha

2177 2195 2431 2268 λξελὲσθαι
2507 2196 2698 2260 αὐτούς
2743 2241 2755 2255 .
2816 2200 2916 2253 Καὶ
2984 2203 3076 2255 νῦν
3154 2197 3315 2276 δεῦρο
3392 2200 3676 2256 ἀποστελῶ
3748 2222 3796 2255 σε

392 2287 790 2345 cohortatione
819 2291 1171 2359 permotum,
1198 2287 1566 2359 Spiritusque
1589 2287 1775 2343 sancti
1806 2287 2011 2342 numin

2169 2287 2236 2348 εἷς
2291 2283 2562 2361 Αἴγυπτον
2596 2330 2609 2343 .
2679 2287 2777 2342 Καὶ
2850 2286 3074 2363 τοιαύτῃ
3140 2287 3533 2363 παρακελεύσει
3589 2293 3788 2360 κινήσας

389 2376 723 2449 impletum,
756 2374 1097 2448 Byzantium
1146 2376 1349 2447 mittit,
1381 2380 1447 2431 ut
1491 2392 1593 2448 pro
1625 2376 1845 2449 Spiritu
1878 2375 2008 2432 dimi

2169 2374 2248 2430 τὸν
2305 2372 2491 2450 ἄνδρα,
2540 2374 2615 2438 είς
2666 2375 2728 2430 τὸ
2790 2374 3076 2446 Βυζάντιον
3128 2376 3457 2434 ἀποστέλλει
3512 2375 3788 2455 πληρώσας

388 2468 564 2522 caret.
615 2464 891 2521 Protinus
950 2464 1131 2537 igitur
1187 2463 1304 2534 ille,
1339 2482 1551 2537 magno
1609 2464 1711 2521 illo
1766 2465 2007 2522 lumina]

2171 2463 2453 2537 Πνεόματι,
2506 2460 2599 2518 ’ίνα
2655 2464 3023 2541 ὑπερμαχήσῃ
3076 2470 3173 2522 τοῦ
3227 2466 3585 2542 Πνεύματος.
3637 2468 3689 2522 Ὀ
3741 2464 3790 2521 δὲ

387 2553 603 2610 Basilio
647 2552 835 2626 ipsius
884 2553 1199 2625 cupiditati
1230 2552 1638 2627 alacritatique
1670 2553 1839 2627 quasi
1892 2556 2006 2611 face

2172 2553 2367 2627 ιιύτίκα,
2400 2552 2691 2611 Βασιλείου
2720 2558 2817 2609 τοῦ
2852 2553 3097 2630 μεγάλου
3147 2564 3441 2635 φωστῆρος
3487 2558 3584 2627 τήν
3634 2557 3791 2631 ὁρμὴν

386 2643 674 2716 quaedam
707 2643 1017 2710 subdcnte,
1050 2647 1221 2714 atque
1251 2644 1323 2699 ad
1366 2642 1700 2716 spiritualia
1730 2644 2005 2700 certamin

2171 2641 2304 2715 ιύτῷ
2359 2642 2832 2714 συνεπιτείνοντος,
2890 2644 2980 2699 καὶ
3041 2646 3177 2722 πρὸς
3230 2646 3363 2709 τοὺς
3422 2644 3790 2721 πνευματικοὺς

384 2732 581 2806 ipsum
628 2733 973 2804 inungente,
1005 2732 1254 2804 aliisque
1285 2732 1689 2804 compluribus
1733 2732 2003 2806 episcOpi:

2169 2732 2373 2808 Ξιγῶνας
2422 2731 2771 2811 ἀλείφοντος,
2822 2730 3009 2788 ἄλλων
3057 2755 3117 2788 τε
3162 2733 3436 2791 πλείστων
3491 2736 3788 2813 ἀρχιερέων,

388 2821 788 2893 principisque
810 2821 973 2877 urbis
992 2821 1237 2890 civibus,
1262 2822 1395 2877 fidei
1418 2821 1636 2894 pietate
1669 2822 1950 2894 praeditis,
1976 2839 2007 2878 a

2169 2821 2245 2878 ιιαὶ
2274 2826 2379 2878 τῶν
2413 2825 2617 2876 πιστῶν
2657 2829 2758 2892 τῆς
2809 2819 3091 2899 βασιλίδος
3140 2819 3574 2882 ἀντιϐολούντων
3626 2824 3788 2884 αὐτοῖς

388 2927 455 2966 eo
488 2910 699 2966 obnixe
739 2911 1251 2979 contendentibus,
1287 2915 1353 2966 ut
1397 2910 1545 2983 ipsis
1575 2910 1790 2967 auxilio
1822 2911 2007 2983 egenti

2168 2909 2471 2981 ἰιλεξίκακον
2533 2912 2644 2983 (93)
2701 2910 2945 2986 γενέσθαι
3006 2911 3306 2987 χρῄζουσιν
3381 2913 3680 2989 ἐπικουρίας
3730 2912 3787 2983 τῇ

389 2999 502 3055 bus
534 2997 826 3054 malorum
849 3015 910 3053 se
932 2999 1300 3069 depulsorem
1324 3000 1625 3073 praeberet,
1648 3002 2008 3057 Constantini

2170 2997 2400 3055 Βασιλίδι
2450 3006 2650 3073 παρῆν·
2701 2998 2840 3071 ὕλης
2893 3000 2987 3073 μὲν
3039 3001 3272 3071 ἁπάσης,
3326 3003 3417 3057 καὶ
3468 3009 3669 3080 τρυφῆς
3710 2996 3789 3054 καὶ

389 3087 571 3160 polim
595 3087 775 3159 venit,
790 3092 1025 3143 terrena
1040 3087 1277 3159 quidem
1302 3089 1461 3143 omni
1482 3090 1813 3146 substantia
1831 3094 1889 3145 et
1909 3090 2006 3146 lux

2164 3088 2398 3144 πλουτου
2430 3088 2652 3165 ἄπορος,
2687 3086 2833 3144 ἀλλὰ
2875 3088 3188 3163 Ηνεύματος
3236 3088 3486 3166 πλήρης.
3516 3087 3783 3164 Ὑπεδὲχθη

389 3194 458 3235 ac
488 3177 709 3233 divitiis
729 3193 955 3244 carens,
977 3180 1249 3232 caeterum
1273 3177 1489 3250 Spiritu
1515 3178 1741 3251 plenus.
1762 3180 2008 3253 Exceptu

2166 3175 2216 3233 δὲ
2262 3177 2410 3254 παρὰ
2456 3182 2725 3254 συγγενῶν
2775 3177 2864 3233 καὶ
2908 3178 2972 3233 τὸ
3020 3183 3179 3251 σῶμα
3222 3181 3311 3234 καὶ
3361 3182 3459 3249 τήν
3521 3174 3785 3244 εὐσέϐειαν,

387 3270 581 3323 autem
616 3283 651 3322 a
680 3265 1058 3337 quibusdam,
1088 3270 1147 3321 et
1193 3267 1423 3339 generis
1464 3271 1521 3323 et
1567 3267 1801 3339 pietatis
1852 3270 2006 3325 afﬁni

2165 3267 2279 3343 εὗρε
2324 3265 2382 3322 δὲ
2422 3269 2521 3337 τὴν
2578 3265 2926 3341 Ἐκκλησίαν,
2976 3268 3052 3330 ὡς
3099 3268 3245 3323 ἱστὸν
3290 3270 3374 3324 ἄπ’
3427 3265 3608 3346 ὅρους,
3656 3266 3784 3336 ἢὼς

386 3361 507 3415 tate
546 3372 679 3411 cum
730 3372 795 3411 eo
846 3356 1197 3426 conjunctis,
1231 3356 1549 3413 Ecclesiam
1595 3358 1855 3428 offendit,
1888 3377 2005 3431 qua.

2164 3356 2394 3430 σημαίαν
2443 3356 2532 3411 ἐπὶ
2584 3355 2806 3432 βουνοῦ,
2855 3362 3213 3435 προφητικῶς
3266 3343 3473 3427 εἰπεῖν,
3528 3360 3783 3435 βραχεῖαν,

392 3446 603 3501 malum
634 3447 791 3500 navis
819 3446 881 3500 in
908 3448 1113 3513 monte,
1139 3455 1236 3502 aut
1265 3447 1428 3517 quasi
1455 3449 1683 3520 signum
1714 3449 1777 3504 in
1805 3450 1961 3516 colle,
1985 3465 2011 3503 υ

2168 3445 2247 3500 καὶ
2307 3444 2696 3521 εὐαρίθμητον,
2756 3446 2846 3501 καὶ
2904 3446 3314 3519 λανθάνουσαν,
3377 3446 3466 3503 διὰ
3519 3448 3579 3503 τὸ
3632 3447 3787 3512 πάσης

392 3533 728 3607 prophetae1
763 3534 957 3589 verbis
1004 3538 1162 3605 utar,
1210 3534 1318 3590 hoc
1376 3540 1484 3604 est,
1536 3552 1780 3592 numero
1830 3538 2011 3610 perexf

2170 3534 2463 3612 παῤῥησίας
2521 3535 2626 3590 ὑπὸ
2681 3539 2779 3590 τοῦ
2838 3534 3069 3609 κράτους
3126 3536 3572 3612 ἀποστερεῖσθαι·
3630 3533 3789 3591 θ’ίκους

388 3639 566 3697 guam
598 3627 774 3694 atque
803 3622 1114 3678 obscuram
1150 3623 1328 3697 (quod
1358 3623 1631 3681 videlicet
1661 3624 1773 3697 piis
1805 3626 1945 3683 viris
1975 3626 2007 3682 li

2170 3621 2216 3679 Si:
2245 3623 2424 3700 ἱεροὺς
2468 3624 2705 3687 ἅπαντας
2751 3621 3212 3700 διηρπασμένους,
3254 3627 3345 3680 καὶ
3385 3627 3476 3704 βίᾳ
3512 3618 3789 3699 κατεχομέ-

390 3715 585 3769 bertas
613 3710 807 3768 omnis
841 3711 913 3767 ab
944 3726 1010 3767 eo
1042 3712 1142 3784 qui
1182 3712 1496 3785 imperium
1528 3714 1782 3780 tenebat,
1816 3714 2008 3771 sublat

2168 3733 2281 3775 vos:
2311 3757 2323 3769 .
2371 3711 2521 3784 Μόνη
2576 3708 2633 3767 δὲ
2675 3714 2709 3783 ἡ
2762 3714 2890 3788 ἁγία
2935 3714 3257 3769 Ἀναστασία
3312 3722 3434 3778 τοῖς
3492 3710 3787 3781 ὀπθοδόξοις

388 3802 584 3875 esset),
605 3818 804 3858 sacras
824 3801 998 3857 etiam
1024 3818 1229 3857 omnes
1250 3806 1480 3876 ereptas
1509 3803 1681 3871 aedes,
1706 3821 1773 3859 ac
1796 3821 1898 3876 per
1925 3806 2007 3860 vir

2171 3803 2357 3858 ἷινεῖτο·
2405 3802 2550 3878 τάχα
2602 3802 2695 3876 μὶν
2743 3803 2831 3858 καὶ
2879 3801 3013 3874 αὕτη
3068 3808 3534 3882 καταφρονηθεῖσα
3564 3802 3649 3858 διὰ
3682 3818 3790 3872 σμι-

388 3894 721 3964 occupatas.
756 3890 883 3946 Una
926 3893 1139 3946 sanctae
1186 3891 1508 3948 Anastasias
1557 3892 1802 3949 aedicula
1848 3894 2007 3949 orthc

2170 3890 2400 3969 κρότητα
2441 3899 2803 3967 περιγραφῆς,
2854 3892 2927 3953 ὡς
2971 3889 3159 3947 εἰδεῖεν
3212 3895 3269 3947 ἂν
3317 3895 3369 3949 οἱ
3404 3895 3712 3965 θεασάμενοι
3737 3884 3789 3940 τὸ

389 3981 556 4037 doxis
584 3978 841 4052 patebat,
872 3979 1117 4035 fortasse
1145 3981 1323 4036 etiam
1354 3982 1494 4053 quia
1522 3987 1759 4054 propter
1788 3983 2008 4039 ambitu

1248 3996 1323 4036 1m
1354 3982 1494 4053 quia
1522 3987 1759 4054 propter
1788 3983 2046 4040 ambitus
2164 3978 2397 4036 παλαιὸν
2430 3980 2594 4050 αὐτῆς
2622 3982 2867 4054 τέμενος.

389 4073 446 4124 et
475 4065 1040 4139 circumscriptionis
1084 4068 1421 4140 angustiam
1472 4070 1833 4142 contemptui
1880 4070 2254 4127 habebatur:
2290 4070 2792 4142 quemadmodum
2844 4075 3080 4139 norunt,
3113 4072 3212 4143 qui
3245 4076 3412 4129 vetus
3455 4072 3562 4127 hoc
3609 4068 3792 4124 fanum

390 4172 761 4229 conspexere.

460 4244 779 4301 Confestim
810 4243 1011 4318 itaque
1053 4243 1202 4317 ipse,
1236 4244 1473 4303 Davidis
1522 4247 1833 4319 cujusdam
1868 4265 2049 4320 more,

2231 4246 2404 4310 Εὐθὺς
2435 4244 2525 4302 οῦν
2574 4246 2753 4318 αὐτὸς,
2806 4246 2986 4323 ὥσπερ
3032 4268 3116 4309 τις
3164 4244 3352 4319 Δαϐὶδ,
3402 4244 3788 4321 παρατάττεται·

388 4335 462 4391 ad
492 4332 762 4406 praelium
793 4350 856 4391 se
887 4338 1208 4407 comparat,
1233 4334 1538 4408 ﬁrmisque
1560 4353 1626 4392 ac
1648 4335 1852 4393 solidis
1876 4355 2007 4411 argi;

2171 4337 2249 4392 ιιαὶ
2280 4335 2544 4416 σφενδονᾷ
2571 4337 2639 4392 τὰ
2670 4334 2961 4415 ἀλλόφυλα
3011 4334 3259 4412 δόγματα
3308 4336 3492 4413 λόγων
3521 4331 3790 4410 στεῤῥότη-

391 4422 628 4491 mentis,
662 4422 832 4495 quasi
863 4422 1047 4479 funda
1090 4427 1279 4479 rotato
1328 4423 1541 4497 lapide,
1577 4424 1913 4483 Philisthaea
1944 4428 2010 4484 do

2170 4446 2233 4495 τι,
2293 4427 2382 4481 καὶ
2430 4429 2548 4488 τοῖς
2596 4430 2815 4488 πιστοῖς
2864 4429 3070 4488 πιστῶς
3132 4424 3385 4501 ἐπανάγει
3432 4428 3529 4495 τὴν
3579 4417 3789 4497 παρῥη-

390 4514 588 4585 επιέιθ.
618 4515 843 4585 petens,
878 4512 993 4585 piis
1022 4511 1364 4570 hominibus
1393 4513 1486 4587 pie
1517 4514 1843 4571 libertatem
1875 4517 2009 4572 redu

2168 4514 2297 4588 τίαν,
2343 4515 2462 4569 καθ’
2508 4515 2718 4590 ἡμέραν
2770 4510 3212 4590 προσλαμϐάνων
3240 4558 3254 4584 ,
3313 4515 3403 4571 καὶ
3460 4503 3787 4589 αἰχμαλωτί-

388 4601 484 4671 cit,
499 4601 757 4673 quotidie
774 4618 985 4661 novam
1004 4601 1261 4675 aliquam
1282 4602 1582 4676 copiarum
1601 4621 1843 4661 suarum
1863 4622 2007 4662 acce:

2169 4609 2266 4674 ζων
2307 4609 2385 4677 τῷ
2435 4608 2550 4676 Θεῷ
2598 4604 2723 4666 τοὺς
2770 4608 2950 4668 κακῶς
2998 4604 3396 4670 ἐπαναστάντας
3442 4607 3508 4679 τῇ
3558 4592 3788 4669 ἀληθείᾳ.

389 4691 615 4749 sionem
646 4691 886 4761 faciens,
909 4696 1137 4766 Deoque
1168 4709 1290 4760 eos,
1313 4694 1413 4767 qui
1441 4695 1722 4753 adversus
1746 4696 2008 4752 veritate:

2167 4692 2377 4770 Ὀλίγου
2424 4692 2604 4750 τοίνυν
2657 4693 2863 4770 χρόνου
2913 4691 3306 4770 διαδραμόντος
3357 4697 3493 4770 (94),
3540 4684 3786 4753 τοσαύτην

391 4781 543 4839 male
572 4781 1035 4850 insurrexerant,
1070 4782 1328 4857 captivos
1378 4785 1699 4841 adducens.
1733 4785 2010 4859 Perexigu

2171 4788 2253 4839 τοῦ
2284 4782 2531 4854 πλήθους
2589 4784 2688 4852 τὴν
2748 4780 2987 4839 ἐπίδοσιν
3049 4783 3367 4858 ἐποιήσατο,
3418 4783 3493 4845 ὡς
3551 4779 3624 4852 μὴ
3670 4772 3790 4859 εἶναι

387 4870 588 4944 itaque
619 4872 900 4945 temporis
944 4876 1144 4929 exacto
1173 4874 1464 4929 curriculo
1493 4878 1729 4931 tantum
1780 4858 2006 4931 multitt

2168 4876 2325 4927 ταῦτα
2373 4874 2488 4946 (95)
2537 4871 2836 4947 συγκρίνειν
2888 4876 3008 4935 τοῖς
3053 4871 3316 4951 πρότερον
3342 4892 3354 4905 ·
3386 4868 3645 4929 κάνταῦθα

389 4958 512 5016 dini
544 4960 971 5018 incrementum
1004 4961 1222 5031 attulit,
1256 4966 1321 5018 ut
1361 4961 1523 5019 nulla
1545 4963 1675 5035 jam
1709 4980 1842 5021 cum
1874 4964 2008 5037 prio:

2167 4963 2222 5018 τὸ
2272 4961 2414 5036 ἱερὸν
2463 4960 2801 5026 τελειοῦσθαι
2848 4949 3115 5040 γράμμα·
3161 4964 3217 5018 Ὀ
3267 4963 3414 5027 οἶκος
3465 4952 3623 5016 Δαϐὶδ
3670 4949 3786 5040 επο-

389 5064 588 5105 rerum
620 5051 778 5105 statu
823 5056 1182 5124 comparatio
1234 5049 1697 5123 relinqueretur;
1744 5057 1920 5126 atque
1962 5053 2008 5109 hi

2171 5051 2369 5128 ρεύετο,
2427 5049 2517 5107 καί
2572 5038 2934 5128 ἐμεγαλύνετο
2966 5070 2980 5085 ·
3041 5052 3070 5108 ὁ
3128 5050 3187 5108 δὲ
3242 5052 3389 5117 οἶκος
3447 5042 3624 5107 Σαοὺλ
3676 5038 3790 5097 ἐπο-

455 5166 499 5203 93
529 5165 675 5223 Dan.
707 5183 832 5236 x111,
865 5168 955 5224 45.
1031 5168 1075 5205 9°
1104 5169 1282 5226 Exod.
1314 5185 1402 5238 ιιι,
1432 5170 1469 5222 7
1500 5174 1557 5227 et
1585 5186 1706 5243 seq.
1788 5174 1805 5208 ί
1839 5171 1951 5228 Isa.
1981 5188 2114 5237 xxx,
2147 5171 2236 5227 17.

601 5293 779 5372 Qodd.
821 5293 916 5372 QP.
959 5299 1017 5372 et
1160 5293 1363 5372 ἐκεῖνος
1421 5293 1675 5372 ἑτοίμως·
1711 5297 1867 5372 Colb.
1906 5300 1954 5372 ί,
1989 5303 2047 5354 et

2227 5298 2340 5369 (93)
2370 5298 2506 5354 Cod.
2541 5298 2601 5353 Ρ.
2636 5296 2695 5372 in
2730 5300 3071 5372 not._marg.
3105 5294 3514 5372 ἀποκωλυτικδν
3552 5292 3785 5372 ῖῷνλίᾳξ

386 5354 939 5441 Qo'mb'ghpiapetouc
983 5363 1221 5440 ἑτοίμως
1253 5354 1521 5440 ὠνόμαζε·
1541 5354 1718 5425 ’(3011),
1752 5371 1806 5438 2,
1833 5354 2005 5441 ἐτύμω

2165 5354 2288 5440 κῶν,
2322 5354 2467 5440 ipsos
2491 5387 2527 5425 a
2552 5370 2719 5425 malis
2746 5354 3077 5440 prohiberet.
3112 5370 3321 5426 Billius
3351 5368 3537 5431 vertit,
3566 5354 3784 5441 akeﬁbcf‘

388 5434 805 5513 ὠνέμᾳξειζζ
897 5505 994 5513 ..
1090 5434 1143 5513 ζ-
1265 5434 1801 5513 _' _
1930 5434 1938 5441 ’

2165 5434 2284 5510 ιον,
2317 5434 2477 5512 ᾀιιαδί
2524 5434 2824 5497 Herculem
2856 5441 3148 5513 quemdam
3195 5443 3513 5498 Alexiacum
3558 5450 3610 5491 se
3648 5436 3784 5502 ρνςυ-

478 5505 570 5580 90)
600 5509 736 5564 Cod.
770 5507 831 5563 P.
868 5505 1051 5564 εἰπών.
1090 5509 1220 5565 Mox
1248 5510 1326 5572 ὡς
1358 5511 1523 5568 deest
1553 5511 1614 5566 in
1645 5511 1783 5567 Cod.
1818 5514 1912 5567 0r.
2157 5505 2321 5569 heret.

480 5581 571 5658 9t)
604 5580 690 5636 Ita
719 5580 889 5658 codd.
926 5581 985 5635 P.
1019 5586 1113 5637 Or.
1146 5587 1203 5637 et
1234 5582 1396 5640 Colb.
1431 5584 1458 5638 1
1502 5587 1560 5639 et
1588 5586 1642 5638 2.
1676 5583 1739 5639 In
1772 5584 1911 5640 edit.
1943 5582 2041 5652 τήν

1502 5587 1560 5639 et
1588 5586 1642 5638 2.
1676 5583 1739 5639 In
1772 5584 1911 5640 edit.
1943 5582 2041 5652 τῆν
2368 5585 2503 5658 Cod.
2535 5584 2598 5639 P.
2630 5579 3102 5658 παραδραμόντος.

387 5650 493 5703 τῶν
527 5650 836 5727 Ῥωμαίων.
964 5723 973 5727 _
1132 5722 1145 5727 _
2002 5650 2006 5652 ’

2002 5650 2009 5652 ἡ
2225 5650 2340 5727 (95)
2371 5656 2526 5711 Colb.
2560 5660 2613 5727 2,
2931 5655 3061 5727 εἶναι
3091 5661 3276 5712 ταῦτα,

460 5723 571 5793 (92)
600 5722 724 5779 Τοῦ.
754 5723 931 5779 Deest
960 5723 1019 5779 in
1050 5722 1211 5779 Colb.
1245 5726 1307 5793 1;
1339 5741 1473 5781 mox
1513 5725 1666 5783 idem
1700 5730 1758 5783 et
1784 5727 1910 5783 cod.
1943 5727 2008 5783 Ol

389 5790 697 5850 ἀποστείλω
728 5812 806 5850 σε.

1517 5725 1666 5783 idem
1700 5730 1758 5783 et
1784 5727 1910 5783 cod.
1943 5727 2039 5783 Or.
2227 5722 2339 5799 (96)
2370 5727 2529 5783 Colb.
2568 5722 2615 5797 1,
2651 5723 2798 5781 ἀλλά
2822 5722 2918 5781 κᾶν
2950 5724 3136 5787 ταῦτα.
