4100 6416
324 452 444 513 ΞΠ

1367 458 1738 522 AUCTOBE
1783 460 2182 522 GREGORIO
2228 458 2776 522 PRESBYTERO.

3664 455 3784 515 278

335 584 545 665 ρεύετο,
604 586 702 642 καὶ
764 588 1014 659 ἠσθένει.
1072 591 1170 647 Ἤν
1229 590 1356 666 ὁρᾷν
1420 587 1511 644 οῦν
1574 589 1833 662 ποικίλην
1889 592 1993 646 τινέ

2124 592 2270 648 illud
2303 593 2615 666 Scripturae
2642 590 3023 663 impleretur:
3048 589 3247 645 Domus
3274 586 3446 644 David
3476 588 3591 644 ibat
3616 595 3668 644 et
3700 590 3784 645 in-

338 679 447 731 τῶν
480 677 820 749 σωζομένων
870 678 969 747 τὴν
1020 675 1255 752 εῦταξίαν
1302 678 1439 753 (97).
1493 678 1560 737 Οἱ
1609 679 1703 753 μὶν
1754 680 1858 756 γὰρ
1897 676 2005 751 ἤδη

345 764 812 842 ἐσαγηνεύθησαν,
848 768 900 822 οἱ
931 765 989 823 δὲ
1018 765 1274 841 ἔμελλον·
1325 769 1377 823 οἱ
1432 767 1508 839 δὲ,
1540 766 1649 840 ἤδη
1695 768 2010 825 τελειωθέν-

340 877 453 927 τες,
484 854 673 912 ἄλλων
702 859 839 926 ἦσαν
890 858 1143 935 θηρευταὶ
1192 858 1280 913 καὶ
1327 855 1665 915 διδάσκαλοι.
1718 859 1839 913 Ἐπὶ
1882 858 2009 914 τού-

340 967 461 1008 τοις
509 944 593 1008 τίς
638 944 697 1000 ἂν
756 943 943 1021 ἕτερος
990 943 1185 1023 ἤνεγκε
1232 950 1339 1002 τῶν
1406 949 1497 1021 μὲν
1560 949 1851 1023 Ἀρειανῶν
1906 950 2005 1018 τὴν

347 1034 540 1110 ὀργὴν,
585 1037 695 1089 τῶν
758 1032 815 1089 δὲ
864 1034 1034 1097 πέλας
1078 1036 1178 1104 τὴν
1226 1036 1512 1112 βασκανίαν
1549 1055 1562 1106 ;
1597 1035 1836 1108 Ο¹ίτινες,
1889 1034 2006 1092 δέον

349 1122 685 1199 ἐπικουρεῖν,
746 1121 834 1179 καὶ
893 1123 1284 1198 ἀγωνιζομένῳ
1336 1125 1833 1200 συναγωνίζεσθαι,
1887 1131 2004 1189 τοῖς

344 1213 761 1289 κατορθώμασιν
816 1212 983 1267 αὑτοῦ
1034 1210 1417 1290 ἐδυσχέραινον
1470 1217 1602 1289 (98),
1654 1211 1869 1289 ἔξαμμα
1906 1220 2004 1271 τοῦ

343 1301 549 1379 φθόνου
577 1307 678 1371 τῆς
712 1300 1039 1373 Ἐκκλησίας
1086 1302 1409 1375 ποιούμενοι
1452 1304 1551 1373 τήν
1603 1301 1861 1376 ἐπίδοσιν,
1913 1305 2003 1360 καὶ

339 1394 469 1451 τοῖς
500 1386 634 1451 ἴσοις
662 1393 877 1463 κρατεῖν
910 1389 1011 1444 οὐκ
1043 1390 1349 1466 ἰσχύοντες,
1381 1391 1416 1462 ἢ
1440 1391 1502 1447 οὐ
1531 1391 1858 1468 βουλόμενοι
1888 1395 2002 1467 (99)

343 1477 514 1550 κακίᾳ
541 1479 635 1548 τὴν
664 1477 859 1555 ἀρετὴν
896 1474 1219 1555 ὑπερϐαλεῖν
1254 1480 1670 1554 ⁴ἧμιλλήθησαν.

2120 684 2429 745 crescebat;
2460 682 2657 738 domus
2688 683 2872 735 autem
2904 677 3043 733 Saul
3063 677 3177 733 ibat
3204 682 3256 732 et
3285 677 3619 732 decrescebat
3640 677 3682 731 ³.
3701 678 3781 732 Ac

2119 771 2346 827 varium
2379 772 2695 843 quemdam
2746 785 2971 837 eorum,
3005 766 3107 839 qui
3156 765 3407 821 salutem
3458 782 3779 837 conseque-

2120 860 2354 928 bantur,
2388 859 2652 931 lepidum
2702 856 2968 913 ordinem
3018 871 3254 911 cernere
3285 858 3428 910 erat.
3462 854 3575 909 Alii
3623 855 3780 910 enim

2116 949 2237 1019 jam
2263 964 2481 1021 sagena
2502 946 2716 1002 inclusi
2737 946 3109 1011 tenebantur,
3130 944 3227 1001 alii
3243 944 3494 1015 jamjam
3513 943 3781 1015 capiendi

2117 1046 2279 1092 erant
2305 1054 2317 1092 :
2342 1037 2439 1092 alii
2472 1037 2647 1093 etiam
2674 1037 2799 1107 jam
2835 1034 3253 1107 perfectionem
3286 1032 3503 1104 adepti,
3530 1032 3780 1088 aliorum

2115 1129 2420 1181 venatores
2449 1142 2515 1181 ac
2548 1124 2813 1197 magistri
2855 1127 3040 1179 erant.
3075 1122 3289 1177 Verum
3322 1122 3619 1178 enimvero
3650 1121 3781 1192 quis

2116 1214 2267 1271 alius
2299 1215 2433 1269 hinc
2454 1216 2806 1269 Arianorum
2840 1213 3008 1279 iram,
3034 1213 3172 1267 hinc
3195 1211 3662 1284 propinquorum
3695 1212 3782 1266 in-

2112 1304 2330 1359 vidiam
2357 1305 2505 1359 ferre
2535 1302 2862 1375 potuisset?
2887 1302 2994 1366 Qui
3019 1300 3281 1373 quidem,
3305 1316 3436 1355 cum
3472 1300 3585 1372 ipsi
3608 1316 3778 1372 opem

2112 1394 2262 1449 ferre
2282 1410 2347 1448 ac
2371 1394 2767 1449 decertantem
2796 1392 3073 1459 adjuvare
3094 1390 3396 1455 deberent,
3414 1388 3602 1460 ipsius
3626 1393 3780 1445 recte

2112 1485 2280 1541 factis
2314 1485 2781 1551 oﬂ‘endebantur,
2814 1481 3082 1537 Ecclesiae
3113 1482 3542 1536 incrementum
3577 1479 3779 1537 livoris

336 1570 533 1625 facem
563 1574 620 1625 et
648 1568 1009 1625 incentivum
1039 1571 1317 1626 facientes
1351 1590 1364 1631 :
1396 1576 1453 1627 et
1482 1589 1618 1628 cum
1648 1572 1861 1629 iisdem
1894 1574 2071 1630 rebus
2102 1574 2436 1647 superiores
2467 1574 2594 1646 ipso
2624 1590 2754 1630 esse
2782 1572 2871 1628 vel
2902 1571 3234 1644 nequirent,
3266 1569 3353 1626 vel
3384 1569 3629 1638 nollent,
3661 1569 3778 1625 vir-

331 1661 532 1714 tutem
565 1658 784 1715 scelere
814 1675 1094 1730 superare
1123 1661 1572 1717 contendebant.

406 1743 574 1800 Οὕπω
609 1742 667 1801 δὲ
696 1745 890 1802 τούτου
922 1744 1280 1826 λωφήσαντος
1330 1753 1427 1805 τοῦ
1472 1754 1664 1820 κακοῦ,
1717 1748 2001 1826 ἐπιφύεται

330 1837 362 1890 ὁ
399 1834 578 1911 Σύρος
619 1833 1062 1912 Ἀπολλινάριος,
1116 1834 1256 1894 ἰδίαν
1303 1837 1424 1893 τινὰ
1469 1838 1723 1908 καινίζων
1767 1837 1998 1895 κακοδο-

338 1923 477 1994 ξίαν.
534 1926 641 1992 Τήν
698 1924 799 2001 γὰρ
856 1924 1260 2000 ἐνανθρώπησιν
1329 1926 1510 1998 ἀληθῆ
1570 1931 1645 2001 μή
1708 1926 1944 2000 δοξάζων
1982 1975 1995 2002 ,

340 2013 536 2085 σαρκὸς
564 2012 878 2089 πρόσληψιν
926 2014 1014 2069 καὶ
1048 2018 1234 2091 ψυχῆς
1268 2016 1470 2093 ἀλόγου
1523 2016 1692 2090 μόνην
1726 2016 1993 2091 ἐδίδασκε,

336 2104 526 2177 ψυχῆς
556 2108 745 2179 νοερᾶς
783 2106 883 2173 τὴν
930 2103 1246 2178 οἷ’κονομίαν
1298 2106 1759 2180 ἀποτεμνόμενος.
1803 2106 1995 2165 Ἐλλό-

332 2212 505 2267 γιμος
554 2190 614 2247 δὲ
671 2189 744 2246 ὢν
790 2194 891 2262 τήν
936 2197 1044 2248 τῶν
1098 2192 1381 2266 Ἑλλήνων
1422 2195 1724 2267 παίδευσιν,
1770 2194 1991 2252 κλέπτει

331 2279 588 2343 πολλοὺς
615 2284 682 2355 τῇ
714 2280 963 2354 ποικιλίᾳ
988 2286 1099 2338 τῶν
1154 2283 1355 2358 λόγων.
1406 2290 1659 2358 Παρῆσαν
1696 2282 1787 2339 οῦν
1834 2286 1995 2340 ἁπαν-

334 2373 518 2444 ταχοῦ
573 2376 677 2446 γῆς
737 2370 978 2442 μαθηταὶ
1034 2378 1136 2441 τῆς
1196 2372 1454 2448 αἱρέσεως
1486 2420 1501 2446 ,
1554 2372 1809 2437 ἕλκοντες
1864 2374 1993 2437 τοὺς

342 2457 598 2531 ἀμαθεῖς,
640 2456 821 2532 ὥσπερ
874 2458 1187 2536 ἀγκίστροις
1239 2460 1315 2523 εἷς
1362 2462 1462 2530 τήν
1511 2460 1786 2517 ἀπώλειαν
1822 2506 1836 2519 .
1888 2463 1993 2517 Αὑ-

341 2548 432 2609 θις
465 2544 552 2600 οῦν
577 2546 736 2623 ἀγῶνι
761 2544 1030 2624 δυσμάχῳ
1062 2548 1363 2625 συνείχετο,
1398 2549 1670 2626 ἐλέγχων,
1703 2550 1990 2624 ἐπιτιμῶν,

335 2634 686 2711 παρακαλῶν,
719 2636 846 2699 τοὺς
882 2639 975 2711 μὲν
1009 2636 1059 2693 ἐν
1108 2644 1176 2714 τῇ
1225 2639 1399 2695 πίστει
1434 2638 1833 2719 διαφυλάττων,
1864 2640 1992 2703 τοὺς

330 2722 391 2780 δὲ
421 2724 723 2801 ἐπανάγων,
765 2725 881 2781 ὅθεν
934 2727 1200 2801 ἐξέπεσον.
1247 2730 1346 2785 Οἴα
1392 2729 1438 2785 δ’
1485 2728 1576 2785 οῦν
1626 2731 1830 2808 πέφυκε
1859 2752 1992 2804 συμ-

324 2812 550 2869 πίπτειν
586 2813 638 2870 ἐν
666 2820 782 2879 τοῖς
810 2817 1106 2889 τοιούτοις,
1138 2821 1173 2888 ἠ
1194 2825 1294 2888 τῆς
1316 2817 1528 2882 τελείας
1561 2818 1839 2895 ὁμολογία
1868 2841 1993 2896 σαρ-

328 2903 554 2965 κώσεως
616 2903 692 2965 εἷς
745 2901 841 2960 δύο
921 2905 1071 2969 υἱοὺς
1142 2906 1404 2980 ἐνομίσθη
1473 2912 1587 2970 τοῖς
1643 2906 1988 2971 ἀπαιδεύτοις

2183 1752 2459 1808 Nondum
2491 1752 2601 1808 hoc
2634 1750 2857 1807 malum
2900 1750 3168 1806 sedatum
3200 1749 3345 1816 erat,
3368 1762 3503 1802 cum
3540 1749 3776 1802 exortus

2108 1840 2510 1912 Apollinarius
2540 1842 2722 1911 Syrus
2753 1839 3108 1913 peculiarem
3129 1836 3449 1910 quamdam
3472 1838 3529 1891 et
3557 1852 3767 1891 novam

2113 1932 2377 1987 haeresim
2408 1931 2468 1986 in
2504 1930 2694 1986 lucem
2727 1930 2908 1985 ell‘ert.
2942 1926 3240 1983 Christum
3271 1925 3427 1982 enim
3458 1925 3767 1996 haudqua-

2104 2038 2283 2093 quam
2313 2037 2444 2076 vere
2476 2020 2697 2076 factum
2728 2019 3031 2074 hominem
3064 2016 3342 2087 sentiens,
3367 2031 3605 2071 carnem
3636 2018 3765 2069 tan-

2103 2114 2229 2165 tum
2262 2109 2645 2180 animamque
2677 2107 2920 2163 rationis
2963 2109 3259 2178 expertem
3290 2105 3362 2159 ab
3394 2120 3460 2160 eo
3493 2119 3766 2174 assump-

2102 2203 2224 2255 tam
2257 2215 2386 2255 esse
2432 2198 2697 2263 docebat,
2732 2196 2989 2253 animam
3021 2193 3411 2265 intelligentia
3457 2192 3763 2265 praeditam

2105 2288 2176 2343 ab
2210 2287 2398 2358 ipsius
2428 2286 2796 2342 humanitate
2825 2284 3199 2341 abscindens.
3223 2284 3489 2354 Cumque
3520 2281 3765 2354 profana

2104 2376 2433 2431 eruditione
2453 2374 2779 2446 excelleret,
2805 2374 3022 2430 multos
3044 2374 3353 2429 verborum
3384 2371 3674 2427 lenocinio
3706 2371 3765 2426 in

2104 2466 2372 2520 fraudem
2394 2464 2728 2520 inducebat.
2748 2464 3007 2519 Aderant
3033 2462 3214 2533 igitur
3234 2461 3450 2532 ubique
3476 2465 3767 2517 terrarum

2104 2554 2341 2610 haeresis
2382 2553 2679 2624 discipuli,
2711 2552 2979 2608 indoctos
3026 2550 3297 2607 homines
3347 2549 3518 2621 quasi
3575 2548 3767 2604 hamis

2103 2643 2459 2715 quibusdam
2492 2642 2551 2697 in
2574 2640 2816 2697 exitium
2847 2640 3170 2695 trahentes.
3200 2640 3428 2694 Rursus
3456 2638 3635 2711 igitur
3660 2638 3770 2692 dif-

2102 2731 2241 2786 ﬁcili
2263 2731 2582 2787 certamine
2605 2729 2960 2786 constrictus
2987 2728 3299 2784 tenebatur
3319 2727 3653 2799 Gregorius,
3679 2743 3769 2782 ar-

2100 2836 2307 2893 guens,
2331 2820 2663 2892 increpans,
2689 2818 3003 2874 obsecrans
3025 2818 3067 2885 3,
3091 2817 3238 2873 alios
3261 2817 3319 2871 in
3345 2817 3457 2871 fide
3480 2816 3761 2883 retinens,

2102 2909 2247 2965 alios
2277 2924 2343 2965 eo
2375 2909 2531 2963 unde
2550 2908 2887 2964 exciderant
2911 2907 3220 2963 reducens.
3244 2905 3317 2961 Ut
3338 2909 3533 2961 autem
3570 2904 3629 2960 in
3661 2904 3765 2959 hu-

337 2988 618 3065 διαίρεσις.
673 2991 787 3047 Ἀεὶ
838 2990 929 3046 οὖν
983 2998 1061 3065 τῷ
1110 2991 1275 3068 δήμῳ
1323 2994 1837 3071 προσκαθεζομένων
1882 3001 1988 3051 τῶν

2107 2998 2358 3070 Iusmodi
2381 2998 2556 3053 rebus
2580 2996 2843 3052 accidere
2865 2994 3033 3057 solet.
3052 2995 3320 3066 perfectas
3339 2994 3761 3050 incarnationis

339 3084 611 3159 φοιτητῶν
654 3078 1100 3159 Ἀπολλιναρίου,
1150 3084 1240 3139 καὶ
1278 3088 1448 3139 ταῦτα
1494 3082 1591 3139 τοῦ
1622 3084 1775 3141 ὁσίου
1821 3106 1989 3157 κατη-

333 3168 663 3244 γορούντων,
727 3167 948 3247 ἴσχυσεν
1006 3174 1042 3243 ἡ
1104 3172 1352 3249 ἐπήρεια.
1403 3172 1569 3237 Ῥανίς
1617 3176 1717 3250 γὰρ
1778 3172 1988 3231 ἐνδελε-

328 3263 508 3335 χοῦσα
555 3258 819 3315 κοιλαίνει
877 3261 1099 3339 πέτραν.
1152 3263 1252 3317 Καὶ
1302 3260 1490 3332 ἐπειδὴ
1533 3263 1601 3319 τὰ
1630 3263 1858 3319 τοιαῦὺα
1886 3270 1989 3334 τῆς

2100 3086 2390 3144 confessio
2422 3087 2493 3142 ab
2524 3084 2815 3158 imperitis
2865 3085 2947 3140 ita
2993 3089 3230 3157 accepta
3258 3087 3363 3153 est,
3398 3083 3568 3155 quasi
3598 3083 3759 3138 Chri-

2100 3180 2229 3233 stus
2256 3176 2313 3231 in
2346 3177 2495 3231 duos
2520 3175 2673 3231 ﬁlios
2697 3174 3070 3229 divideretur.
3093 3175 3171 3229 Ac
3202 3173 3447 3244 proinde
3470 3170 3764 3243 Apollina-

2099 3266 2167 3321 rii
2184 3264 2488 3337 discipulis
2506 3281 2813 3335 nunquam
2831 3281 2947 3318 non
2968 3262 3122 3335 plebi
3140 3262 3559 3331 assidentibus,
3576 3261 3765 3334 pium-

322 3354 435 3404 τῶν
468 3347 698 3405 πολλῶν
750 3349 921 3420 ἀκοῆς
967 3349 1298 3427 ὑψηλότερα,
1354 3354 1429 3425 μὴ
1465 3350 1777 3427 δυναμένων
1810 3355 1984 3408 συνὶὲ-

2107 3372 2215 3427 que
2230 3354 2423 3411 virum
2442 3353 2877 3425 accusantibus,
2891 3352 3008 3407 vim
3029 3352 3233 3407 habuit
3255 3350 3571 3407 calumnia.
3590 3353 3765 3407 Gutta

325 3459 415 3494 ναι
449 3445 552 3509 τῆς
583 3438 900 3513 οἰκονομίας
948 3442 1010 3496 τὸ
1064 3442 1250 3518 βάθος,
1285 3442 1443 3497 λύκοι
1488 3444 1582 3515 μὶν
1615 3442 1983 3499 ἐπιπεύοντο⁴

330 3529 358 3582 ὁ
390 3527 450 3583 δὲ
478 3530 691 3601 ποιμὴν
720 3529 963 3606 ὑπῆρχεν
995 3528 1046 3585 ἐν
1099 3530 1323 3605 ὑποψίᾳ,
1353 3532 1453 3601 τὴν
1504 3530 1765 3603 ἀλήθειαν
1804 3531 1990 3588 ἐκπαι-

330 3613 524 3675 δεύων.
560 3616 624 3671 Ol
655 3614 746 3672 οῦν
794 3624 897 3687 τῆς
948 3618 1162 3695 Ἀρείου
1212 3616 1375 3691 δόξης
1435 3618 1773 3696 ὑπέρμαχοι,
1809 3620 1989 3698 ὥσπερ

325 3704 450 3768 σύες
486 3708 567 3780 (1)
598 3703 777 3783 ἄγριοι
807 3707 944 3763 κατὰ
991 3712 1089 3762 τοῦ
1135 3707 1287 3763 ὁσίου
1337 3706 1508 3763 πάλαι
1555 3710 1655 3778 τήν
1685 3710 1849 3785 ὁργήν
1882 3732 1991 3765 πα-

328 3795 663 3869 ραθήγοντες
707 3796 806 3869 (2),
852 3791 1256 3872 προσλαϐόντες
1306 3795 1363 3851 δὲ
1406 3795 1497 3852 καὶ
1543 3799 1641 3866 τὴν
1692 3797 1990 3853 ἐπαναστᾶ-

324 3902 422 3938 σαν
458 3882 608 3954 αὑτῷ
645 3884 892 3959 ταραχὴν
938 3885 1027 3940 καὶ
1075 3885 1430 3963 συκοφαντίαν
1481 3884 1541 3941 ἐκ
1586 3890 1689 3941 τῶν
1741 3884 1990 3958 δοξαζόν-

324 3972 534 4028 τωντά
563 3970 1014 4050 ’Δπολλιναρίου,
1064 3972 1347 4049 ἐξάψαντες
1398 3976 1489 4030 τὸν
1543 3973 1721 4050 δῆμον
1772 3974 1989 4051 ψευδέσι

332 4059 555 4133 λόγοις,
604 4059 779 4125 λίθοις
830 4062 926 4136 μὲν
970 4062 1061 4119 τόν
1111 4061 1277 4139 ἄνδρα
1324 4064 1671 4139 κατέλευσαν,
1724 4065 1798 4129 ὥς
1857 4087 1991 4122 ποτε

333 4145 590 4204 Ἰουδαῖοι
628 4151 719 4205 τὸν
773 4152 1066 4231 Στέφανον·
1120 4152 1267 4225 πλήν
1322 4174 1383 4231 γε
1414 4152 1644 4231 ἅστοχοι
1694 4155 1871 4211 αὐτῶν
1904 4178 1990 4232 γε-

326 4237 512 4314 γόνασι
544 4240 601 4294 αἱ
636 4240 799 4316 βολαὶ
832 4243 930 4316 (3),
964 4246 1100 4298 Θεοῦ
1150 4242 1444 4307 σκέποντος
1492 4244 1585 4299 τὸν
1638 4243 1827 4301 ἑαυτοῦ
1859 4245 1989 4323 πρό-

328 4347 535 4404 μαχον.

2097 3445 2255 3501 enim
2287 3443 2649 3500 continenter
2692 3441 2969 3498 decidens
3014 3445 3179 3497 cavat
3208 3441 3487 3512 lapidem.
3519 3440 3586 3495 Et
3617 3457 3763 3511 quo-

2102 3534 2261 3589 niam
2283 3532 2627 3604 hujusmodi
2646 3531 3078 3603 disputationes
3094 3530 3255 3603 vulgi
3273 3534 3446 3603 captu
3465 3528 3766 3585 sublimio-

2100 3639 2193 3679 res
2232 3625 2416 3689 erant,
2443 3621 2660 3694 quippe
2698 3621 2855 3692 quod
2902 3620 3320 3676 incarnationis
3365 3619 3577 3674 divinae
3626 3636 3762 3691 pro-

2100 3712 2452 3767 funditatem
2484 3710 2719 3781 assequi
2752 3726 2868 3765 non
2902 3712 3139 3782 posset:
3165 3708 3383 3765 idcirco
3413 3708 3538 3781 lupi
3562 3709 3675 3764 fide
3704 3711 3762 3765 et

2100 3801 2445 3857 auctoritate
2501 3801 2659 3871 apud
2720 3798 3161 3855 multitudinem
3210 3797 3526 3853 valebant:
3561 3802 3763 3870 pastor

2099 3889 2633 3955 contra,veritatem
2659 3888 2874 3945 docens
2897 3887 3232 3960 suspicione
3256 3886 3578 3943 laborabat.
3604 3889 3755 3953 Quo-

2099 3980 2249 4035 circa
2264 3979 2485 4035 Arianaa
2504 3978 2808 4034 sententiae
2830 3981 3314 4051 propugnatores,
3330 3977 3432 4047 qui
3452 3975 3608 4031 velut
3632 3976 3758 4047 apri

2098 4067 2416 4124 truculenti
2448 4067 2596 4123 iram
2620 4084 2789 4123 suam
2804 4067 3163 4139 jampridem
3188 4066 3467 4121 adversus
3489 4070 3758 4121 sanctum

2099 4161 2397 4225 acuerant,
2429 4157 2739 4213 accedente
2769 4156 2897 4228 jam
2946 4171 3013 4211 eo
3062 4154 3325 4211 tumultu
3355 4159 3411 4210 et
3439 4153 3758 4221 calumnia,

2099 4264 2227 4320 quae
2256 4247 2370 4319 ipsi
2402 4246 2473 4303 ab
2505 4245 2853 4318 Apollinarii
2883 4244 3125 4303 asseclis
3146 4244 3401 4300 conﬂata
3429 4248 3571 4311 erat,
3597 4243 3761 4299 falsis

2099 4338 2474 4394 sermonibus
2530 4337 2898 4393 inﬂammata
2956 4336 3154 4408 plebe,
3212 4334 3509 4408 lapidibus
3566 4334 3763 4391 homi-

329 4435 486 4487 nem,
520 4421 1023 4492 quemadmodum
1055 4422 1198 4479 olim
1246 4423 1434 4481 Judaei
1484 4424 1844 4497 Stephanum
1868 4428 1909 4498 ⁴,
1956 4425 2341 4485 insectantur.
2375 4426 2590 4483 Verum
2621 4426 2738 4483 Deo
2767 4425 3020 4482 militem
3068 4442 3247 4481 suum
3298 4441 3609 4497 causaeque
3640 4441 3763 4481 sua:

332 4507 696 4564 defensorem
729 4513 980 4582 tegente,
1011 4511 1231 4567 frustra
1262 4511 1319 4567 in
1353 4527 1490 4568 eum
1522 4530 1662 4569 saxa
1690 4514 2088 4584 conjecerunt.

397 4590 824 4668 Συλλαϐόμενοι
858 4594 916 4652 δὲ
943 4597 1126 4671 αὑτὸν,
1156 4602 1236 4671 τῷ
1280 4603 1379 4654 τοῦ
1422 4599 1685 4656 ὑπατικοῦ
1715 4603 1985 4677 παρέστη·

2168 4607 2319 4661 Tum
2340 4621 2475 4662 vero
2497 4608 2831 4677 correptum
2854 4604 3051 4678 ipsum
3072 4605 3143 4659 ad
3169 4603 3476 4659 consulare
3499 4602 3763 4658 tribunal

323 4704 419 4739 σαν
459 4685 688 4759 βήματι,
722 4683 796 4747 ὥς
845 4706 968 4741 τινα
1010 4691 1269 4763 ταραχῶν
1301 4688 1390 4742 καὶ
1422 4687 1657 4744 στάσεων
1694 4688 1889 4747 αἶίτιον.
1924 4692 1989 4746 Ὢ

320 4780 426 4843 τῆς
456 4772 796 4849 ἀναλγησίας
823 4776 836 4831 ί
871 4771 915 4830 ὣ
949 4774 1140 4851 ἰσχύος
1172 4779 1250 4851 (4)
1279 4782 1377 4832 τοῦ
1406 4775 1660 4852 ψεύδους,
1696 4780 1741 4834 εἷ
1774 4779 1986 4857 Γρηγό-

324 4882 444 4939 ριος
476 4864 599 4937 περὶ
628 4864 893 4920 τοιούτων
915 4863 1208 4939 ἐκρίνετο,ὁ
1226 4866 1315 4921 καὶ
1335 4872 1437 4937 τῆς
1466 4871 1575 4923 τῶν
1607 4868 1795 4925 ἄλλων
1818 4868 1987 4946 ὀργῆς

321 4971 384 5006 τε
412 4950 503 5006 καὶ
533 4950 751 5024 ἀταξίας
792 4954 1109 5023 ἠπιώτατος
1161 4954 1368 5031 ἰατρὸς,
1401 4956 1429 5011 ὁ
1458 4964 1558 5027 τῆς
1588 4957 1811 5031 εἰρήνης
1850 4960 1989 5035 βρα-

325 5035 546 5111 ϐευτὴς,
577 5043 606 5098 ὁ
637 5046 875 5119 Χριστοῦ
909 5044 1183 5118 μαθητὴς,
1225 5049 1323 5100 τοῦ
1369 5045 1542 5123 πρᾴον
1593 5050 1682 5103 καὶ
1729 5051 1989 5104 ταπεινοῦ

321 5130 415 5185 καὶ
462 5135 890 5206 νομοθετοῦντος
933 5133 1034 5203 τὴν
1079 5132 1408 5193 ἐπιείκειανί
1443 5134 1617 5199 Αὐτὸς
1663 5134 1742 5211 δὲ,
1791 5137 1986 5216 καίπερ

396 5311 419 5347 ³
448 5310 500 5369 II
533 5311 673 5386 Reg.
708 5328 795 5368 III.
898 5313 922 5349 ³
951 5314 1004 5369 ΙΙ
1034 5313 1186 5370 Tim.
1221 5331 1297 5387 ιν,
1326 5315 1382 5372 2.
1458 5316 1483 5353 ⁴
1508 5318 1635 5373 Act.
1660 5333 1766 5390 vn,
1794 5317 1886 5376 58.

539 5581 675 5657 Cod.
711 5579 809 5657 ρι’.
839 5579 1235 5657 μέδυσχέρλανον.

417 5600 488 5635 νδ
539 5600 675 5637 υοα.
711 5600 809 5637 UP.
853 5600 943 5635 εου
1026 5600 1235 5657 ερανον.

417 5600 509 5731 99)
540 5653 679 5709 Cod.
711 5654 773 5708 P.
809 5652 923 5731 οἷον
950 5600 1324 5731 "agamagam,
1356 5652 1663 5726 superiores
1713 5658 1829 5731 ipso
1873 5674 1989 5715 esse

436 5725 621 5780 uir-ent
651 5725 916 5796 quomodo
942 5725 1164 5783 vellent.

436 5739 621 5780 utrem
651 5739 916 5796 quomoao
942 5739 1164 5783 vettent.

325 5739 475 5868 M31)
509 5796 649 5854 Cod.
681 5796 745 5853 P.
778 5798 891 5867 ῦες,
923 5802 982 5854 et
1009 5797 1069 5854 in
1100 5801 1220 5855 not.
1257 5814 1443 5871 marg.
1475 5800 1683 5875 χοῖροι.

418 5507 490 5562 97
542 5507 703 5565 Colb.
740 5510 793 5577 1,
822 5507 923 5635 τθέν
957 5507 1194 5579 ἀταξίαν.

416 5580 488 5635 98
539 5581 675 5637 Cod.
711 5579 809 5637 Or.
853 5579 877 5634 ἐ
914 5602 943 5635 υ
1026 5580 1194 5657 ἐρανοη

394 5508 511 5735 ί99)
540 5653 679 5735 Cord.
711 5654 773 5708 P.
809 5652 923 5735 οἷον
950 5600 1191 5735 ι⁷ὦυλόμ

2098 4694 2337 4762 sistunt,
2362 4693 2520 4751 velut
2556 4694 2873 4765 quemdam
2920 4691 3285 4749 tumultuum
3317 4696 3375 4747 et
3403 4692 3760 4747 seditionum

2099 4788 2417 4840 auctorem.
2436 4782 2479 4839 Ο
2499 4786 2800 4855 stuporem
2819 4781 3233 4837 admirandum
3252 4780 3265 4834 l
3286 4796 3318 4835 o
3336 4779 3451 4834 vim
3472 4778 3761 4835 mendacii

2097 4873 2417 4946 insignem,
2442 4872 2492 4929 si
2514 4872 2829 4943 Gregorius
2863 4872 2935 4927 de
2966 4870 3058 4927 his
3083 4869 3259 4925 rebus
3298 4885 3536 4925 causam
3560 4868 3757 4924 dicen-

2099 4962 2235 5018 dam
2266 4962 2552 5030 habebat;
2576 4960 2694 5031 ille,
2718 4960 2980 5032 inquam,
3003 4959 3179 5014 etiam
3203 4957 3403 5014 alienae
3437 4958 3535 5014 irae
3557 4962 3615 5014 et
3637 4975 3763 5031 per-

2098 5050 2456 5107 turbationis
2494 5050 2834 5107 lenissimus
2865 5048 3151 5119 medicus,
3184 5047 3282 5103 ille
3313 5048 3474 5120 pacis
3522 5047 3759 5121 arbiter,

2098 5139 2197 5197 ille
2227 5139 2464 5209 Christi,
2498 5139 2795 5198 mansueti
2831 5142 2890 5196 et
2919 5137 3185 5208 humilis,
3218 5138 3762 5196 mansuetudinem-

2190 5517 2247 5583 2)
2278 5517 2428 5590 Cod.
2449 5516 2518 5590 Ρ.
2544 5511 2953 5590 παροξύνοντες..

2139 5583 2249 5675 ..(3)
2278 5587 2534 5645 οοωδθῗο
2566 5583 2632 5641 αἶ’
2666 5583 2883 5662 βουλαί,
2916 5585 3087 5642 irrita
3128 5589 3358 5660 fuerunt
3403 5604 3595 5646 eorum
3625 5604 3759 5645 con-

2096 5661 2250 5805 Ωιίὲ)
2277 5733 2414 5790 Cod.
2448 5730 2544 5789 0r.
2579 5726 2624 5785 ὣ
2653 5735 2753 5801 τῆς
2786 5726 3008 5807 ἷσχύοςί
