4100 6420
383 472 501 531 279

1513 471 1690 530 Vl'l‘A
1744 472 1806 528 S.
1858 470 2228 531 GREGORII
2281 470 2672 531 'l‘HEOLOGl

3652 478 3757 542 980

383 621 497 678 que
528 603 698 660 nobis
727 602 848 659 lata
896 603 1021 676 lege
1071 602 1520 676 promulgantis,
1572 603 1937 677 discipulus!
1975 605 2039 657 At

2161 598 2502 672 τηλικούτοις
2534 600 2803 677 χαλεποῖς
2853 602 3241 679 συνεχόμενος,
3291 603 3457 660 ἐκεῖνα
3494 605 3681 686 ἐφρόνει
3708 633 3759 670 τε

379 709 516 747 vero
548 692 693 764 ipse,
716 691 953 746 tametsi
975 696 1060 745 tot
1079 692 1376 763 tantisque
1406 708 1599 747 rerum
1623 691 2040 748 acerbitatibus

383 784 768 855 premeretur,
804 780 924 835 haec
956 784 1153 835 tamen
1206 780 1496 837 sentiebat
1540 798 1606 836 ac
1655 780 2039 853 proloqueba-

384 876 483 926 tur
516 875 753 942 propter
782 886 991 925 nomen
1034 873 1226 936 tuum,
1259 869 1488 925 Christe
1520 886 1533 923 :
1566 871 1799 924 Etiamsi
1840 872 2041 924 ambu-

384 960 572 1015 lavero
604 961 664 1014 in
685 960 868 1013 medio
891 959 1105 1014 umbra:
1130 961 1342 1026 mortis,
1366 974 1475 1014 non
1502 959 1702 1013 timebo
1724 960 1893 1023 mala,
1918 974 2044 1029 quo-

380 1050 537 1104 niam
568 1052 625 1102 tu
654 1063 870 1103 mecum
900 1063 957 1101 es
977 1049 1015 1103 ⁸.
1042 1047 1186 1102 Hinc
1215 1047 1399 1119 igitur
1428 1066 1461 1103 a
1484 1049 1681 1120 judice
1704 1048 1828 1102 sine
1849 1049 2044 1104 verbe-

383 1138 549 1192 ribus
581 1140 637 1192 et
673 1136 985 1191 tormentis
1017 1136 1301 1191 dimissus
1340 1141 1448 1201 est,
1484 1145 1703 1209 martyr
1734 1136 1859 1192 sine
1892 1137 2041 1208 peri-

386 1225 556 1295 culis,
580 1230 637 1280 et
667 1225 793 1280 sine
842 1225 1131 1280 vibicibus
1176 1224 1500 1295 laureatus,
1532 1242 1666 1281 cum
1700 1225 1809 1281 hoc
1856 1242 2042 1281 unum

387 1318 775 1390 prmstitisset,
800 1320 865 1373 ut
918 1334 986 1373 ea
1041 1318 1238 1373 animo
1288 1322 1346 1373 et
1392 1317 1690 1374 voluntate
1737 1319 2041 1391 perferret,

387 1422 517 1479 qum
546 1407 739 1479 ipsum
773 1408 892 1479 pati
924 1406 1189 1463 Christus
1222 1406 1464 1462 minime
1493 1406 1779 1479 permisit.

458 1496 813 1567 Hujusmodi
851 1496 1050 1569 itaque
1078 1496 1504 1551 certaminibus
1543 1496 1867 1551 clarissime
1915 1512 2045 1570 per-

389 1585 771 1656 i'unctus,jam
792 1586 943 1658 apud
964 1601 1168 1640 omnes
1186 1584 1380 1640 clarus
1400 1590 1545 1656 erat,
1564 1586 1904 1658 beatusque,
1920 1590 2045 1643 tum

388 1674 461 1729 ob
495 1674 735 1730 liberam
762 1691 910 1729 verte
934 1674 1213 1729 doctrinae
1243 1673 1793 1747 promulgationem,
1818 1679 1945 1731 tum
1972 1677 2046 1732 ob

386 1764 687 1830 virtutem,
709 1767 910 1835 totque
939 1762 1269 1818 exantlatos
1298 1763 1527 1819 labores
1558 1764 1938 1821 censebatur:
1975 1765 2045 1819 il-

387 1850 595 1907 lustris
627 1852 803 1907 etiam
837 1856 893 1907 et
922 1852 1277 1924 conspicuus
1310 1853 1382 1909 ob
1416 1853 1683 1909 Ecclesia:
1717 1853 2046 1909 multitudi-

2148 692 2244 746 κπὶ
2274 690 2562 770 ἐφθέγγετο
2603 693 2681 764 (5)
2728 689 2905 747 ἕνεκεν
2949 697 3046 747 τοῦ
3106 692 3368 767 ὀνόματός
3418 716 3531 763 σου,
3562 700 3756 773 Χριστέ·

2153 780 2272 834 Ἐἀν
2344 781 2433 835 καὶ
2501 785 2754 854 πορευθῶ
2830 780 2882 835 ἐν
2964 780 3111 854 μέσῳ
3184 788 3334 845 σκιᾶς
3401 785 3657 857 θανάτου,
3706 788 3758 843 ού

2151 863 2539 945 φοϐηθήσομαι
2597 869 2756 938 κακὰ,
2816 868 2897 924 ὅτι
2960 868 3023 923 σὺ
3084 872 3197 941 μετ’
3255 870 3385 943 ἐμοῦ
3442 872 3505 929 εί.
3558 874 3759 930 Κάντεῦυ

2153 958 2237 1011 θεν
2266 962 2394 1032 γοῦν
2428 961 2504 1030 (6)
2563 958 2831 1033 μαστίγων
2886 959 2975 1012 καὶ
3033 958 3210 1021 αἰκίας
3268 961 3439 1036 χωρὶς
3502 961 3759 1036 ἀπελύετο,

2156 1046 2359 1121 μάρτυς
2418 1042 2540 1099 ἄνευ
2571 1044 2831 1101 κινδύνων
2866 1049 2964 1119 (7),
3014 1047 3103 1102 καὶ
3155 1046 3286 1124 δίχα
3331 1048 3610 1121 μωλώπων
3655 1072 3759 1106 στε-

2154 1134 2487 1213 φανηφόρος,
2536 1140 2791 1191 τοσοῦτον
2852 1136 3015 1208 μόνον
3075 1137 3385 1213 εἷσενεγκὼν
3413 1184 3426 1210 ,
3482 1138 3597 1193 ὅσον
3656 1141 3762 1194 ὑπο-

2159 1228 2336 1295 μεῖναι
2390 1230 2456 1293 τῆ
2486 1225 2819 1301 προαιρέσει,
2868 1224 2901 1278 ἃ
2948 1226 3023 1298 μὴ
3073 1228 3257 1281 παθεῖν
3293 1226 3517 1304 Χριστὸς
3557 1229 3762 1303 συνεχώ-

2158 1332 2302 1387 ρησε.

2225 1486 2507 1549 Τοιούτοις
2559 1508 2652 1542 ουν
2703 1492 2782 1560 (8)
2831 1486 3147 1563 διαλάμψας
3203 1490 3425 1565 ἀγῶσιν,
3479 1487 3581 1559 ἤδη
3633 1495 3768 1543 πᾶσιν

2159 1577 2378 1652 ὑπῆρχε
2429 1579 2765 1655 καταφανής·
2819 1576 3069 1647 ζηλωτὸς
3132 1580 3225 1651 μὶν
3274 1578 3343 1653 τῇ
3391 1577 3654 1655 παρῥησίᾳ
3687 1586 3770 1647 τῆς

2156 1665 2440 1736 ἀληθείας,
2479 1665 2728 1735 ζηλωτὸς
2762 1664 2818 1721 δὲ
2848 1672 2914 1741 τῇ
2945 1669 3107 1741 ἀρετῇ
3139 1667 3226 1721 καὶ
3256 1674 3373 1730 τοῖς
3418 1666 3684 1728 τοσούτοις
3711 1670 3775 1739 (9)

2154 1754 2366 1816 πόνοις’
2417 1750 2763 1819 ἀπόϐλεπτος
2817 1754 2874 1811 δὲ
2920 1755 3000 1829 τῷ
3049 1755 3253 1827 πλήθει
3313 1764 3413 1826 τῆς
3458 1753 3773 1825 Ἐκκλησίας.

2152 1846 2312 1899 Ὥστε
2341 1845 2431 1899 καὶ
2481 1846 2706 1921 Πέτρον,
2753 1842 3044 1900 ἐπίσκοπον
3093 1844 3221 1900 ὄντα
3268 1853 3370 1916 τῆς
3410 1842 3773 1919 Ἀλεξανδρέων

387 1957 547 1996 nem.
568 1943 689 2006 Quo
713 1942 926 1996 factum
951 1946 1041 1996 est
1058 1946 1122 1996 ut
1145 1945 1364 2013 Petrus,
1381 1958 1605 2014 magnae
1625 1942 1789 1998 urbis
1807 1942 2044 1999 Alexan-

2161 1932 2608 2010 μεγαλοπόλεως,
2658 1934 2977 1990 ’Δθανασίου
3024 1939 3122 1989 τοῦ
3168 1935 3308 1989 πάνυ
3360 1936 3458 2004 τὴν
3513 1954 3778 2006 ποιμαντι-

2204 2023 2218 2039 ς
2313 2022 2325 2039 ς
2375 2021 2399 2039 λ
2435 2022 2487 2039 ..ι
2711 2026 2814 2039 ηη.
2895 2022 2909 2039 ς
3076 2021 3120 2039 ..ς
3244 2030 3282 2039 ..
3475 2022 3487 2039 .
3614 2026 3639 2036 ..

384 2028 567 2083 drinaa
598 2028 935 2101 episcopus,
967 2028 1301 2101 egregiique
1334 2027 1496 2084 illius
1526 2029 1823 2085 Athanasii
1850 2030 1908 2084 in
1945 2047 2046 2101 pa-

385 2116 587 2173 storali
618 2134 859 2173 munere
908 2134 1232 2187 successor,
1271 2118 1341 2172 ad
1375 2117 1717 2190 Gregorium
1767 2119 2046 2192 Magnum

386 2206 709 2279 scripserit,
734 2205 1389 2279 Constantinopolitanae
1432 2206 1705 2262 Ecclesiaa
1734 2207 2047 2279 imperium

387 2295 439 2353 ei
470 2296 847 2351 confirmans.
884 2297 952 2351 Et
982 2296 1219 2368 quidem
1254 2296 1577 2351 rectissime
1609 2300 1664 2351 et
1693 2296 2047 2369 aequissime,

391 2402 527 2442 eum
559 2384 899 2457 episcOpum
933 2400 1083 2451 esse,
1111 2384 1211 2457 qui
1241 2384 1472 2440 labores
1498 2389 1629 2441 ante
1659 2385 2046 2457 impenderat,

392 2490 568 2548 quam
614 2474 685 2529 ad
730 2473 1077 2545 dignitatem
1113 2475 1456 2544 perveniret,
1487 2474 1907 2547 thronumque,
1932 2492 2048 2531 non

393 2564 654 2618 humano
688 2563 898 2632 favore,
936 2562 1033 2617 sed
1070 2579 1171 2634 pro
1219 2563 1502 2618 sudorum
1534 2562 1771 2635 prazmio
1801 2568 1859 2619 et
1889 2580 2048 2619 mer-

389 2654 527 2708 cede
559 2655 873 2723 acceperat.
910 2654 1259 2723 Quanquam
1291 2656 1485 2707 autem
1520 2669 1715 2707 rerum
1748 2652 1819 2707 ab
1850 2669 1917 2709 eo
1943 2669 2048 2725 ge-

380 2746 607 2798 starum
638 2741 805 2813 copia
828 2744 1067 2812 repente
1098 2740 1155 2795 in
1192 2740 1455 2795 animum
1489 2740 1731 2797 subiens
1762 2742 2045 2799 orationis

379 2830 590 2887 seriem
625 2830 947 2902 perturbat,
984 2846 1050 2885 ac
1092 2828 1253 2885 velut
1301 2830 1360 2884 in
1410 2830 1709 2902 reciproca
1755 2831 2043 2888 ﬂuctuum

381 2918 721 2991 agitatione,
747 2918 1122 2989 sequentium
1150 2918 1404 2990 impetus
1432 2919 1627 2989 priora
1648 2920 1845 2974 obruit
1868 2938 1880 2976 :
1906 2937 2044 2993 quo-

381 3008 536 3063 niam
560 3011 755 3061 tamen
778 3008 846 3061 ad
874 3007 1188 3062 dicendum
1214 3006 1393 3062 semel
1418 3023 1733 3081 aggressus
1753 3025 1907 3075 sum,
1925 3027 2039 3066 non

379 3097 545 3169 prius
576 3096 889 3153 abscedam
916 3111 1094 3166 quam
1118 3096 1189 3151 ad
1220 3096 1397 3151 ﬁnem
1420 3113 1753 3168 pervenero,
1778 3097 2042 3171 Gregorii

377 3191 564 3242 Deum
599 3183 963 3240 inﬁrmitatis
984 3200 1128 3240 mea:
1149 3184 1561 3257 opitulatorem
1594 3202 1926 3255 assumens,
1949 3204 2043 3244 ve-

378 3279 679 3345 stramque
710 3272 1137 3328 humanitatem
1171 3277 1227 3329 et
1268 3273 1603 3330 facilitatem
1635 3274 1894 3331 intuens.

453 3338 681 3418 Erat-in
713 3360 871 3433 regia
915 3360 1149 3417 civitate
1196 3361 1487 3418 Maximus
1534 3363 1797 3435 quidam,
1828 3380 2039 3437 genere
2069 3338 2113 3407 α

377 3451 705 3525 ίΕεγριίιιε,
732 3450 998 3506 moribus
1029 3450 1335 3517 barbarus,
1360 3467 1544 3506 novus
1575 3452 1867 3524 quispiam
1897 3454 2038 3509 Jan-

380 3558 486 3597 nes
506 3541 549 3606 ⁵,
573 3541 857 3596 adversus
887 3539 1259 3611 Gregorium,
1280 3539 1441 3595 velut
1461 3541 1736 3597 adversus
1760 3541 2040 3615 Moysern,

381 3632 566 3687 aciem
598 3629 919 3685 instruens.
959 3629 1081 3695 llic,
1113 3645 1247 3685 cum
1294 3629 1559 3702 cynicam
1607 3628 2043 3703 philosophiam

384 3720 693 3792 amplexus
725 3722 897 3786 esset,
923 3717 1251 3790 baculoque
1282 3723 1338 3775 et
1370 3734 1537 3775 coma
1566 3723 1624 3773 et
1656 3719 1831 3791 pallio
1863 3721 2048 3794 gravi-

378 3810 517 3865 tatis
550 3808 804 3881 speciem
836 3824 954 3879 pra:
1000 3824 1063 3863 se
1114 3808 1307 3875 ferret,
1333 3808 1737 3881 hactenusque
1786 3810 2046 3881 philoso-

380 3900 690 3971 pharetur;
736 3900 1012 3953 caeterum
1075 3896 1333 3968 ingluvie
1389 3902 1445 3952 et
1501 3898 1818 3971 cupiditate
1876 3904 2045 3972 atque

378 3986 747 4059 impudentia
779 3985 944 4041 canis
975 3985 1173 4056 potius
1209 4003 1390 4057 quam
1423 3986 1660 4059 cynicus
1684 3992 1860 4055 esset,
1889 3989 2045 4044 Anti-

375 4075 604 4130 sthenis
652 4073 1040 4129 sectatoribus
1096 4075 1443 4142 contrarius,
1496 4074 1767 4148 talisque,
1812 4077 2043 4149 qualem

378 4163 682 4235 Scriptura
710 4161 893 4218 Nabal
947 4162 1311 4218 describit":
1348 4163 1419 4218 ad
1471 4180 1704 4221 sacrum
1751 4169 2045 4237 pastorem

384 4250 627 4316 accedit,
662 4254 838 4321 atque
878 4251 950 4306 ab
1002 4266 1068 4306 eo
1114 4251 1247 4306 ﬁdei
1298 4251 1643 4307 Christianae
1696 4254 2047 4311 rudimentis

383 4340 671 4408 imbutus,
706 4339 1068 4411 impietatem
1116 4339 1595 4412 dediscens,pars
1628 4341 1890 4398 Ecclesiaa
1922 4344 2045 4399 effi-

381 4429 538 4483 citur
569 4445 735 4485 sacro
784 4428 1139 4502 baptismate
1190 4433 1457 4498 renatus;
1510 4430 1766 4503 ﬁctaque
1813 4432 2047 4503 pietatis

381 4517 574 4591 specie
600 4518 682 4573 ita
714 4517 1053 4590 episcopum
1082 4519 1255 4591 cepit,
1282 4522 1347 4573 ut
1375 4520 1579 4575 eadem
1611 4536 1742 4575 cum
1775 4537 1841 4576 eo
1872 4521 2047 4578 domo

376 4608 702 4679 eademque
735 4624 940 4662 mensa
987 4610 1266 4677 uteretur,
1292 4611 1467 4681 atque
1500 4608 1609 4682 ipsi
1653 4608 1886 4682 quidvis
1917 4626 2046 4667 esse

2156 2023 2256 2091 κήν
2309 2021 2657 2097 ἐκδεξάμενον
2706 2026 2840 2097 (10),
2891 2021 3192 2079 ἐπιστεῖλαι
3244 2022 3535 2099 Γρηγορίῳ
3578 2026 3651 2093 τῷ
3698 2041 3776 2093 με·

2156 2112 2316 2188 γάλῳ
2362 2113 2460 2181 τὴν
2514 2112 2922 2168 Κωνσταντίνου
2978 2110 3195 2175 πόλεως
3245 2112 3425 2191 ἀρχὴν
3495 2106 3779 2187 βεϐαιοῦντα

2156 2205 2291 2275 (t1).
2326 2202 2423 2257 Καὶ
2457 2200 2576 2257 λίαν
2607 2223 2667 2279 γε
2700 2202 2874 2278 ὀρθῶς
2917 2202 3007 2257 καὶ
3058 2200 3306 2272 δικαίως,
3354 2206 3541 2258 τοῦτον
3586 2198 3782 2254 ἐπίσκο-

2157 2311 2259 2346 πον
2294 2292 2405 2365 (12)
2454 2290 2613 2363 εἶναι,
2650 2291 2742 2345 τὸν
2789 2290 2919 2349 τοὺς
2967 2290 3167 2353 πόνους
3212 2288 3679 2367 προεισενεγκόντα
3703 2289 3785 2341 τοῦ

2160 2380 2488 2452 ἀξιώματος,
2518 2379 2609 2434 καὶ
2645 2378 2832 2453 μισθὸν
2866 2376 3114 2453 ἱδρώτων
3153 2381 3245 2435 τὸν
3297 2380 3506 2457 θρόνον,
3543 2375 3677 2433 ἀλλὰ
3722 2375 3785 2447 μὴ

2158 2468 2320 2544 χάριν
2355 2468 2697 2543 ἀνθρωπίνην
2749 2467 3199 2545 ἀπενεγκάμενον.
3250 2469 3324 2524 Τὸ
3384 2470 3475 2542 μὶν
3530 2464 3616 2521 οὖν
3663 2462 3790 2531 πλῆ-

2157 2559 2247 2619 θος
2293 2561 2401 2613 τῶν
2451 2558 2848 2634 πεπραγμένων
2901 2558 3048 2629 αὐτῷ
3099 2558 3311 2633 ἀθρόως
3340 2603 3355 2628 ,
3418 2554 3643 2614 έπεισιόν
3701 2572 3789 2624 μου

2154 2649 2222 2719 τῇ
2274 2645 2503 2719 διανοίᾳ,
2551 2653 2748 2723 συγχεῖ
2793 2648 2893 2716 τὴν
2950 2646 3302 2719 ἀκολουθίαν,
3352 2648 3441 2703 καὶ
3492 2645 3713 2714 καθάπερ
3741 2640 3785 2693 έν

2155 2738 2408 2809 κυμάτων
2459 2735 2807 2791 ἐπαναστάσει
2869 2740 2976 2791 τῶν
3035 2733 3300 2813 δευτέρων
3361 2738 3397 2805 ἡ
3458 2734 3591 2814 (ρορά
3643 2728 3789 2785 καλύλ

2152 2824 2371 2879 πτειτά
2400 2826 2688 2901 φθάσαντα.
2742 2822 2900 2879 Ἀλλ’
2949 2824 3041 2878 οὖν
3092 2825 3229 2896 ἅπαξ
3278 2826 3545 2885 καταστὰς
3594 2820 3662 2881 εἷς
3705 2816 3782 2873 τὸν

2154 2911 2335 2989 λόγον,
2371 2914 2432 2968 ού
2463 2915 2955 2989 προαποστήσομαι
2984 2916 3082 2968 τοῖ’)
3129 2913 3350 2989 τέλους,
3381 2914 3471 2969 τὸν
3505 2907 3781 2989 Γρηγορίου

2152 3004 2278 3058 Θεὸν
2342 2996 2638 3076 λαμϐάνων
2691 3008 2793 3072 τῆς
2850 2994 3118 3065 ἀσθενείας
3176 3005 3288 3077 (13)
3349 3003 3650 3076 ἐπίκουρον,
3700 2993 3779 3050 καὶ

2152 3090 2227 3153 εἷς
2304 3092 2368 3146 τὸ
2426 3091 2747 3168 σύγγνωμον
2826 3091 3043 3170 ἀφορῶν
3118 3098 3220 3161 τῆς
3299 3091 3563 3165 ὑμετέρας
3631 3085 3779 3141 έπιει-

2148 3178 2319 3243 κείας.

2217 3359 2462 3435 Ἑγένετό
2514 3380 2597 3421 τις
2657 3356 2708 3413 έν
2768 3362 2837 3433 τῇ
2917 3357 3161 3435 βασιλίδι
3219 3358 3492 3433 Μάξιμος,
3548 3357 3609 3411 τὸ
3643 3351 3772 3430 γένοδ

2148 3449 2492 3525 Αἱγύπτιος,·
2524 3448 2614 3503 τὸν
2660 3447 2862 3524 τρόπον
2918 3443 3214 3524 βάρϐαρος,
3273 3450 3482 3518 Ἰαννῆς
3536 3466 3615 3506 τις
3662 3440 3787 3507 νέος,

2152 3541 2267 3594 οἷον
2314 3538 2450 3593 κατά
2490 3535 2587 3592 τοῦ
2636 3536 2910 3600 Μωϋσέως
2962 3537 3255 3614 Γρηγορίῳ
3303 3534 3783 3611 παραταττόμενος·

2152 3626 2310 3690 οὗτος
2360 3625 2661 3706 φιλόσοφος
2710 3622 2783 3682 ὢν
2849 3626 3065 3689 κυνικὸς
3130 3632 3198 3701 τῇ
3252 3626 3545 3703 βακτηρίᾳ,
3598 3619 3682 3676 καὶ
3728 3617 3791 3688 τῇ

2151 3715 2297 3791 κόμῃ
2330 3759 2344 3786 ,
2402 3716 2492 3771 καὶ
2544 3719 2624 3788 τῷ
2682 3710 2911 3792 τρίϐωνι
2972 3715 3368 3789 σεμνυνόμενος
3408 3759 3422 3777 ,
3481 3714 3569 3768 καὶ
3642 3708 3793 3782 μέχρι

2150 3805 2347 3860 τούτου
2381 3808 2492 3879 (14)
2541 3801 2684 3880 ἔχων
2734 3805 2795 3859 τὸ
2848 3803 3191 3883 φιλοσοφεῖψ
3224 3806 3321 3873 τὴν
3378 3803 3435 3860 δὲ
3478 3813 3793 3879 γαστριμαρ-

2152 3894 2292 3970 γίαν,
2350 3894 2438 3948 καὶ
2491 3894 2590 3963 τήν
2648 3893 2984 3964 πλεονεξίαν,
3043 3894 3133 3949 καὶ
3189 3895 3288 3961 τήν
3340 3891 3608 3948 ἀναίδειαν
3663 3885 3792 3940 κύων

2159 3982 2372 4057 μᾶλλον
2420 3984 2455 4053 ἢ
2510 3984 2748 4049 κυνικὸς,
2797 3982 2886 4037 καὶ
2939 3987 3048 4037 τῶν
3098 3983 3472 4047 Ἀντισθένους
3519 3973 3794 4057 γνωρίμων

2155 4073 2451 4136 ἀντίθετος·
2504 4071 2593 4126 καὶ
2654 4074 2768 4126 οἷον
2825 4073 2916 4126 τὸν
2966 4067 3183 4143 Νάϐαλ,
3244 4072 3515 4145 ἀκούομεν
3575 4060 3797 4143 προσελο

2154 4162 2260 4217 θὼν
2308 4166 2387 4233 τῷ
2435 4161 2566 4236 ἱερῷ
2631 4163 2869 4234 ποιμένι,
2919 4162 3009 4215 καὶ
3066 4161 3193 4235 παρ’
3244 4161 3412 4216 αὐτοῦ
3455 4150 3797 4233 κατηχηθεῖςν

2159 4251 2483 4325 μεταμαθὼν
2534 4251 2631 4319 τὴν
2682 4249 2884 4321 ἀθείαν,
2943 4249 3105 4326 μέρος
3156 4258 3254 4319 τῆς
3307 4248 3631 4319 Ἐκκλησίας
3682 4239 3796 4326 καθῇ

2161 4324 2387 4407 ίσταται,
2435 4339 2814 4415 ἀναγεννηθεῖς
2855 4344 2937 4411 τῷ
2999 4324 3352 4415 βαπτίσματι.
3405 4331 3700 4393 Εὐλάϐειαν
3750 4324 3800 4380 δὶ

2159 4429 2607 4507 ὑποκρινόμενος,
2652 4428 2953 4507 ὁμορόφιος
3006 4431 3119 4503 (15)
3163 4428 3252 4483 καὶ
3300 4429 3673 4504 ὁμοτράπεζος
3714 4416 3801 4471 τοῦ

2156 4517 2455 4595 ἀρχιερέως
2505 4516 2839 4590 καθίσταται,
2888 4518 3063 4571 πάντα
3111 4516 3256 4588 αὐτῷ
3305 4517 3441 4571 εἶναι
3492 4515 3607 4586 (16)
3654 4526 3804 4595 vopi-

2159 4588 2408 4682 {dglev'bg
2470 4608 2693 4682 γνήσιος
2740 4588 3040 4681 ὑπηρέτης,
3100 4601 3279 4683 λόγων
3340 4605 3664 4673 ἐπαινέτης,
3722 4588 3805 4648 εἷς·

376 4702 732 4769 censeretur,
758 4696 1023 4753 sincerus
1053 4695 1341 4769 minister,
1366 4697 1642 4754 doctrinae
1676 4716 2040 4757 sermonum-

2161 4718 2274 4760 ὀυς
2303 4698 2645 4771 Χριστιανοῖς
2676 4698 2810 4771 (17),
2862 4695 2924 4752 οὐ
2976 4690 3338 4774 φαυλότατος.
3387 4696 3476 4758 Ὠς
3531 4689 3589 4747 δὲ
3626 4688 3807 4761 πεῖραν

446 4858 469 4893 ⁸
498 4857 652 4915 Psal.
684 4873 826 4925 xm,
860 4856 913 4913 4.
990 4857 1011 4892 ⁸
1046 4857 1225 4914 Exod.
1261 4874 1324 4926 ιι,
1359 4859 1454 4928 11;
1489 4859 1538 4915 ΙΙ
1569 4859 1722 4915 Tim.
1756 4876 1844 4930 ιιι,
1874 4862 1928 4917 8.
2006 4863 2027 4897 ⁷

2161 4876 2261 4934 .eg.
2294 4876 2426 4928 xxv,
2458 4860 2492 4915 3
2521 4875 2653 4931 sqq.

382 5050 395 5053 -
446 5018 522 5089 (5)
548 5019 687 5075 God.
719 5023 783 5074 P.
818 5015 1109 5074 ἐδίδασκεν.

448 5091 524 5166 (ὃ)
556 5090 732 5166 Gpdd.
767 5090 863 5166 O_r.
888 5098 963 5166 get
1000 5093 1157 5166 Golb.
1190 5095 1245 5166 _2,
1278 5096 1599 5166 Τοιγαροῦν.
1633 5094 1791 5152 Colb.
1830 5099 1879 5152 1.
1914 5101 2038 5150 Τοι-

374 5162 525 5239 γοῦνἔ
559 5160 692 5239 Mog!
722 5162 858 5239 cod;
886 5163 946 5217 P.
979 5162 1069 5216 καὶ
1100 5160 1296 5239 αίτίάς,
1337 5160 1460 5221 .ςίὴρ
1485 5167 1667 5239 culpa.

444 5232 524 5307 (Ἰ)
554 5234 697 5307 ῼορ.
828 5230 948 5287 ἄνευ
982 5230 1285 5307 μαστίγιυνζ

554 5303 715 5379 βου).
753 5305 805 5379 1,
833 5303 1116 5379 τοσούτοις
1147 5303 1259 5379 οὖν,
1293 5309 1463 5363 tantis
1492 5309 1690 5377 igitur.

447 5376 522 5465 (9)
557 5376 643 5430 Ita
673 5376 798 5430 cod.
832 5377 991 5434 Colb.
1047 5380 1096 5446 1,
1147 5381 1202 5448 2,
1246 5376 1348 5435 'Or.
1383 5384 1437 5434 et
1486 5376 1746 5435 Combef.
1782 5382 1840 5435 In
1894 5381 2032 5436 edit.

372 5466 669 5505 τοιουτοις.

448 5517 687 5594 (10)_Sic
734 5518 977 5594 Oolb‘.‘2,
1022 5524 1078 5574 et
1124 5522 1387 5594 Combef.
1435 5539 1581 5594 cum
1617 5522 1841 5594 antiqui
1892 5522 2030 5578 edit.

2249 5022 2334 5095 11)
2367 5022 2548 5078 Codd.
2597 5022 2657 5078 P.
2691 5022 2852 5079 Colb.
2907 5024 2931 5077 1
2986 5026 3043 5095 et
3088 5024 3142 5092 2,
3194 5014 3606 5095 ἀρχιερωσύνην
3665 5009 3803 5077 αὐτῷ

2155 5094 2811 5171 βεϐανιοῦνταηειιῃιιηέιηι
2839 5094 3203 5171 sacerdotium
3231 5096 3285 5171 ej
3296 5094 3685 5171 ’conﬁnnans.‘

2221 5168 2338 5235 (12)
2372 5167 2549 5222 Codd.
2583 5166 2678 5221 ΟΡ.
2708 5166 2769 5220 Ρ.
2805 5170 2862 5237 et
2891 5164 3051 5237 Colb.
3089 5167 3140 5237 1,
3173 5168 3364 5219 τοῦτον
3400 5164 3733 5217 ἐπισκοπεῖν.

2251 5233 2335 5309 13)
2369 5238 2504 5309 Cod.
2537 5241 2631 5293 Or.
2664 5242 2767 5309 τῇς
2798 5233 3079 5309 ἀληθείας.

2368 5308 2527 5383 Colb.
2563 5310 2611 5376 1,
2648 5306 2819 5383 μέχρι
2844 5307 3071 5383 τούτων.

2365 5380 2522 5455 Cglb.
2644 5372 2947 5455 ὂμδρόιριός
2976 5399 3053 5455 τε,
3087 5381 3214 5435 cod.
3250 5379 3346 5435 Or.
3384 5372 3719 5451 ὁμόρροφοςο

2248 5454 2332 5519 16)
2370 5452 2516 5505 Εἶναι
2552 5454 2716 5509 deest
2748 5452 2802 5507 in
2837 5452 2963 5507 cod.
2999 5452 3093 5507 Or.
3129 5457 3184 5506 et
3217 5456 3277 5505 P.

2248 5458 2332 5519 16)
2370 5458 2516 5505 Εἶναι
2552 5458 2716 5509 deest
2748 5458 2802 5507 in
2837 5458 2963 5507 cod.
2999 5458 3093 5507 Or.
3129 5458 3184 5506 et
3217 5458 3277 5505 P.

2218 5458 2330 5596 (17)
2364 5524 2499 5579 Cod.
2536 5525 2630 5580 Or.
2665 5522 3020 5598 Χριστιανός,
3045 5540 3178 5598 cum
3231 5539 3346 5598 qua
3394 5517 3799 5598 lectionenver-

380 5580 669 5643 Co‘dUOr.
722 5580 1119 5667 εἰσδεξάμενον.
1183 5594 1249 5667 In,
1301 5593 1438 5647 edit.
1498 5580 1873 5667 ἐκδεξαμένου,
1930 5595 2031 5667 sed

2167 5580 2382 5651 endu'm
2433 5600 2606 5667 esset,
2639 5580 3266 5650 sermonum'laudatof
3309 5590 3611 5649 benevolus,
3646 5580 3799 5667 Clyt,-

382 5676 714 5737 pu-rpcram;
750 5678 885 5715 nam
936 5664 1291 5737 Petrum,_de
1320 5680 1434 5737 quo
1484 5664 1797 5737 Gregorius
1842 5666 2031 5737 loqui-

2139 5670 2356 5722 slz'anus
2396 5683 2505 5721 non
2558 5652 2815 5738 vulgaris.
2849 5668 2933 5723 Ita
2981 5672 3038 5722 et
3089 5667 3215 5721 cod.
3247 5668 3311 5738 Ρ.
3345 5677 3578 5738 omnem
3629 5652 3796 5738 89-h“

383 5740 505 5813 ιρι-,ε
528 5736 748 5812 certum
807 5737 897 5813 c_st
951 5740 1081 5805 post
1132 5730 1516 5791 Athanasium
1577 5730 2026 5793 Alexandrinam
2139 5738 2565 5813 difficultatem,
2597 5730 2738 5794 dum
2773 5740 2827 5793 in
2863 5755 2930 5795 eo
2959 5738 3174 5812 legitur
3202 5735 3265 5791 οὐ
3297 5730 3635 5813 φαυλότατος
3666 5731 3795 5801 Χρι-

380 5802 696 5858 Ecclesiam
730 5802 967 5861 rexisse.

2139 5808 2371 5871 στιανός.

3968 1412 3971 1485 ι

3978 1830 3979 1915 ι
