4100 6480
309 476 425 539 283

1436 490 1627 551 VITA
1671 492 1737 551 S.
1785 489 2161 551 GREGORII
2204 490 2600 553 THEOLOGI

3611 489 3733 550 284

309 608 460 666 Urbs
490 626 664 683 porro
694 610 783 669 ira
811 617 1092 686 aestuans,
1126 618 1239 675 dici
1269 636 1384 676 non
1430 624 1620 693 potest
1650 624 1791 692 quot
1819 636 1961 677 eon-

2088 618 2271 690 ἰιξίου;
2322 620 2585 697 Περιὲστη
2653 623 2780 696 γοῦν
2837 617 2984 693 αύτῷ
3044 619 3332 690 κάνταῦθα,
3384 617 3460 682 εἰς
3517 617 3729 675 ἀπολο-

309 698 595 756 viciorum
625 701 887 773 plaustra
918 704 979 761 in
1005 707 1323 764 Maximum
1351 709 1639 778 effuderit,
1672 709 1785 782 ipsi
1818 724 1963 781 quo-

315 804 429 860 que
480 788 755 864 Gregorio
804 810 1178 863 succensens,
1210 799 1310 870 qui
1359 802 1523 854 tanta
1566 797 1966 855 benevolentia

312 881 369 933 et
399 878 793 938 familiaritate
819 885 1105 941 nefarium
1132 886 1431 943 hominem
1462 887 1800 961 complexus
1830 887 1968 944 fuis-

2071 709 2191 785 γίας
2242 710 2354 784 (29)
2398 709 2580 786 ἀγῶνα
2650 709 2715 765 τὸ
2784 706 2986 783 δρᾶμα.
3044 713 3339 786 Τοιγαροῦν
3392 713 3491 766 τοῦ
3545 707 3731 784 δήμου

2071 796 2135 852 τὸ
2178 796 2517 875 φλεγμαῖνον
2561 802 2630 873 τῇ
2682 798 2990 877 φαρμακείᾳ
3034 802 3142 854 τῶν
3191 797 3372 874 λόγων
3422 799 3538 874 (30)
3566 819 3731 855 κατα-

2074 887 2352 962 πραύνων,
2386 887 2519 965 φησὶ
2550 889 2688 965 πρὸς
2722 886 2941 951 αὐτούς.

306 971 413 1023 set.
448 970 649 1042 Itaque
672 972 798 1042 jam
833 989 897 1030 eo
928 991 1021 1031 res
1052 976 1164 1047 ipsi
1198 977 1503 1045 reciderat,
1536 983 1602 1033 ut
1630 982 1688 1033 et
1729 977 1856 1049 ipse
1887 976 1979 1033 sui
2009 979 2299 1050 purgandi
2330 977 2592 1035 laborem
2643 980 2843 1037 subire
2895 982 3218 1052 cogeretur.
3252 979 3331 1036 Ac
3362 978 3631 1052 proinde,
3665 983 3736 1035 ut

302 1055 662 1115 exulceratos
691 1059 878 1133 plebis
909 1063 1139 1121 animos
1171 1065 1451 1121 orationis
1484 1065 1912 1123 medicamento
1941 1064 2167 1135 leniret,
2199 1065 2283 1121 ita
2309 1082 2410 1122 eos
2442 1067 2657 1123 affatus
2686 1071 2777 1123 est
2809 1084 2823 1123 :

376 1195 405 1224 «
442 1174 649 1244 Nolite,
683 1195 715 1233 ο
748 1179 875 1247 viri,
910 1180 1055 1236 mihi
1106 1183 1259 1255 patri
1290 1188 1481 1239 vestro
1516 1198 1882 1239 succensere.
1914 1182 1971 1237 Si

303 1262 461 1319 enim
495 1282 625 1338 ego,
648 1269 802 1339 quod
836 1286 929 1325 me
960 1270 1280 1345 benignum
1305 1272 1387 1327 illi
1412 1290 1478 1328 ac
1500 1272 1800 1328 liberalem
1824 1288 1968 1344 prae-

298 1352 553 1422 buerim,
586 1355 775 1429 culpae
812 1358 1098 1416 obnoxius
1148 1378 1309 1430 sum,
1342 1362 1480 1433 quia
1528 1361 1818 1418 malitiam
1852 1377 1967 1416 non

298 1443 561 1514 prazscivi
597 1462 610 1500 :
647 1447 791 1518 quid
825 1450 1065 1505 tandem
1110 1449 1207 1506 ille
1254 1450 1447 1519 fuerit,
1473 1452 1574 1523 qui
1607 1449 1969 1523 benignitate

302 1546 435 1586 mea
454 1536 513 1588 et
540 1532 821 1592 beneﬂcio
853 1554 1019 1607 usus,
1048 1538 1198 1595 hanc
1223 1539 1368 1595 mihi
1392 1540 1645 1612 gratiam
1677 1539 1966 1611 rependit,

306 1624 373 1675 ut
393 1618 523 1678 vitea
547 1639 687 1680 meae
709 1625 955 1682 insidias
981 1628 1273 1684 strueret?
1300 1629 1500 1703 Neque
1520 1629 1677 1685 enim
1700 1627 1965 1684 fraudem

308 1726 424 1765 non
454 1712 815 1784 praevidisse,
847 1715 1078 1772 crimini
1118 1717 1241 1774 dari
1288 1719 1463 1775 debet
1495 1734 1507 1775 :
1541 1718 1651 1775 hoc
1683 1717 1840 1774 enim
1872 1733 1965 1773 so-

301 1798 419 1855 lius
455 1800 553 1857 Dei
582 1805 792 1861 est.Ac
838 1810 1123 1878 praeterea
1168 1807 1314 1881 legis
1363 1807 1698 1880 praescripto
1743 1806 1967 1863 viscera

299 1889 583 1946 omnibus
628 1893 853 1965 aperire
894 1897 1197 1968 jubemur,
1242 1900 1602 1970 paternoque
1649 1898 1856 1953 affectu
1908 1910 1970 1962 et,

307 1977 715 2038 benevolentia
756 1999 877 2052 eos,
906 1986 1007 2056 qui
1058 1987 1175 2042 fide
1222 1987 1452 2058 praediti
1509 1990 1669 2057 sunt,
1694 1980 1969 2057 amplecti

299 2082 365 2122 ac
395 2070 570 2124 tueri.
607 2072 747 2128 Eum
787 2076 958 2141 enim,
991 2078 1088 2147 qui
1134 2079 1282 2132 venit
1328 2076 1400 2134 ad
1438 2092 1544 2144 me,
1571 2075 1651 2131 ait
1680 2075 1967 2135 Christus,

303 2172 415 2212 ηοη
452 2158 684 2227 eiiciam
732 2162 942 2234 foras“.
978 2165 1259 2239 Magnum
1306 2166 1587 2238 quiddam
1637 2164 1776 2219 mihi
1826 2166 1969 2218 erat,

311 2245 605 2305 Maximus
636 2268 670 2306 a
699 2252 1031 2309 Graecorum
1065 2254 1484 2327 superstitione
1507 2255 1578 2310 ad
1608 2253 1971 2325 baptismum

315 2337 628 2407 accedens,
683 2345 740 2396 et
789 2343 1133 2399 Trinitatem
1192 2344 1458 2401 Herculis
1516 2343 1642 2401 loco
1696 2343 1967 2408 adorans;

307 2427 589 2498 Amplum
649 2446 716 2485 ac
778 2432 1121 2503 praeclarum
1175 2434 1506 2503 videbatur,
1537 2432 1714 2488 homo
1764 2413 1971 2486 virtut1

309 2516 575 2585 studens,
610 2518 841 2577 etiamsi
890 2521 949 2578 in
997 2523 1313 2595 postremis
1358 2525 1535 2579 rebus
1584 2520 1796 2595 prioris
1840 2520 1970 2575 vitae

304 2604 663 2678 hypocrisim
715 2610 1043 2668 luculenter
1086 2613 1361 2669 ostendit.
1395 2613 1507 2668 Sed
1540 2606 1805 2667 nostrum
1856 2626 1972 2665 non

305 2700 396 2753 est
426 2695 548 2753 haec
586 2698 906 2772 explorare.
941 2705 1065 2757 Non
1097 2702 1256 2757 enim
1297 2701 1359 2756 in
1408 2700 1716 2757 hominum
1750 2698 1971 2770 cogita-

303 2784 495 2841 tiones
527 2792 926 2859 penetramus,
951 2806 1057 2846 nec
1089 2790 1317 2847 futuros
1349 2794 1591 2846 eventus
1631 2791 1971 2861 perspectos

311 2873 619 2945 habemus,
681 2876 792 2932 nisi
844 2879 1285 2951 sapientissimo
1354 2880 1455 2936 Dei
1504 2876 1747 2935 consilio
1796 2879 1973 2948 atque

2152 1206 2180 1233 ‹‹
2215 1183 2301 1253 Μή
2359 1203 2475 1255 μοι,
2526 1180 2570 1237 ὦ
2620 1179 2828 1255 ἄνδρες,
2882 1187 2962 1255 τῷ
3010 1182 3173 1259 πατρὶ
3223 1180 3616 1259 χαλεπαίνητε.
3668 1181 3735 1238 Εἰ

2078 1271 2177 1346 γὰρ
2210 1270 2335 1347 ἐγὼ,
2390 1272 2633 1347 χρηστὸς
2685 1270 2875 1345 ἐκείνῳ
2926 1271 3124 1350 φανεὶς,
3159 1271 3331 1334 αἰτίας
3382 1270 3599 1348 ἔνοχος,
3651 1274 3728 1345 μὴ

2078 1360 2350 1434 προγνοὺς
2395 1361 2495 1429 τὴν
2544 1361 2756 1431 κακίαν,
2789 1362 2842 1416 τί
2893 1362 3014 1416 ποτ’
3046 1362 3104 1415 ἂν
3147 1359 3227 1425 εἴη
3264 1362 3292 1416 6
3322 1367 3426 1430 τῆς
3484 1361 3729 1438 χρηστό-

2075 1468 2242 1519 τητος
2290 1447 2627 1516 ἀπολαύσας,
2677 1450 2770 1505 καί
2827 1445 3149 1513 ἐπιϐουλαῖς
3196 1449 3607 1525 ἀμειψάμενος;
3657 1450 3733 1506 Ού

2076 1536 2181 1613 γὰρ
2217 1537 2281 1592 τὸ
2332 1538 2409 1610 μὴ
2454 1536 2772 1615 προῖδέσθαι
2818 1540 2918 1609 τὴν
2974 1538 3162 1595 κακίαν
3214 1539 3529 1595 ὑπεύθυνον’
3571 1544 3736 1595 τοῦτο

2076 1626 2181 1701 γὰρ
2243 1626 2412 1698 μόνου
2468 1630 2623 1686 Θεοῦ.
2683 1629 2828 1704 Πρὸς
2885 1626 2943 1683 δὲ
2996 1628 3087 1683 καὶ
3145 1629 3313 1703 νόμος
3381 1630 3517 1703 ἡμῖν
3592 1627 3734 1683 ἐστιν

2076 1715 2269 1770 ἅπασιν
2328 1715 2560 1792 ἀνοίγειν
2605 1717 2673 1772 τὰ
2719 1715 3027 1794 σπλάγχνα,
3065 1717 3156 1773 καὶ
3224 1722 3430 1794 στοργῇ
3493 1721 3734 1794 πατρικῇ

2074 1808 2181 1860 τῶν
2245 1805 2610 1861 πιστευόντων
2664 1802 3182 1879 ἀντιλαμϐάνεσθαι.
3232 1807 3341 1864 Τὸν
3411 1806 3515 1883 γὰρ
3568 1805 3736 1883 ἐρχό-

2085 1915 2239 1967 μενον
2316 1895 2454 1971 πρὸς
2534 1896 2619 1969 μὶ,
2680 1894 2910 1971 Χριστός
2982 1917 3168 1974 φησιν,
3226 1894 3289 1950 ού
3369 1896 3444 1969 μὴ
3506 1890 3734 1950 ἐκϐάλω

2079 1980 2201 2054 ἔξω.
2252 1984 2404 2058 Μέγα
2453 2006 2549 2057 μοι
2594 1986 2662 2054 ἦν
2717 1984 2768 2055 ἐξ
2817 1982 3104 2055 Ἐλλήνων
3159 1983 3411 2059 Μάξιμος
3471 1984 3735 2061 βαπτιζό-

2085 2093 2266 2147 μενος,
2301 2073 2391 2129 καὶ
2445 2071 2646 2150 Τριάδα
2695 2073 2970 2149 λατρεύων
3021 2074 3133 2128 ἀνθ’
3182 2072 3538 2149 Ἡρακλέους.
3580 2074 3738 2148 Μέγα

2085 2183 2180 2236 μοι
2220 2163 2288 2232 ἧν
2339 2163 2471 2240 ἀνὴρ
2524 2163 2985 2237 μεταποιούμενος
3030 2162 3248 2239 ἀρετῆς,
3300 2163 3345 2219 εἰ
3386 2162 3475 2218 καὶ
3527 2162 3578 2218 ἐν
3614 2169 3737 2225 τοῖς

2078 2250 2413 2315 τελευταίοις
2470 2248 2634 2325 ἔδειξε
2687 2253 2787 2321 τὴν
2846 2252 2895 2307 ὲν
2954 2257 3072 2314 τοῖς
3131 2255 3374 2329 πρώτοις
3430 2250 3734 2328 ὑπόκρισιν.

2079 2339 2238 2395 Ἀλλ’
2285 2340 2392 2416 οὐχ
2436 2343 2597 2414 ἡμῶν
2644 2338 2955 2415 δοκιμάζειν
3003 2344 3191 2397 ταῦτα.
3239 2340 3313 2395 Οὐ
3354 2341 3457 2416 γὰρ
3506 2338 3742 2414 ἐνθυμή-

2084 2450 2242 2503 μασιν
2277 2425 2669 2504 ἐμϐατεύομεν,
2703 2429 2828 2486 οὐδὲ
2854 2430 2917 2485 τὸ
2958 2429 3162 2504 μέλλον
3212 2426 3367 2503 ἴσμεν
3414 2428 3563 2499 πλὴν
3615 2428 3738 2484 ἑπι-

2080 2518 2316 2597 φροσύνῃ
2388 2522 2502 2594 (31)
2563 2524 2698 2576 Θεοῦ
2763 2524 2925 2575 τοῦτο
3011 2518 3325 2597 χαρίσαίτο.
3388 2520 3582 2592 Ἡμεῖς
3644 2518 3743 2593 μὲν

2080 2607 2171 2663 οὖν
2229 2609 2443 2683 ὁρῶμεν
2504 2608 2579 2671 εἰς
2640 2608 2955 2685 πρόσωπον·
2990 2608 3121 2670 Θεὸς
3182 2605 3241 2663 δὲ
3298 2609 3398 2684 ὁρᾷ
3456 2606 3533 2669 εἰς
3608 2628 3742 2682 καρ-

2081 2693 2217 2765 δίαν,
2291 2696 2426 2773 ὅπερ
2509 2697 2799 2770 ἠκούσατε.
2858 2722 2887 2751 »
2945 2696 3174 2760 Τούτοις
3250 2700 3541 2774 τοιγαροῦν
3611 2716 3745 2752 κατ-

2079 2785 2279 2856 εστάλη
2310 2787 2374 2842 τὸ
2403 2788 2636 2860 πλῆθος,
2668 2787 2757 2843 καί
2787 2790 2855 2862 τῇ
2889 2786 3070 2859 εὐνοίᾳ
3103 2785 3317 2861 μᾶλλον
3353 2790 3433 2858 τῷ
3491 2784 3751 2862 ἀρχιερεῖ

2083 2875 2383 2949 προσετέθη
2395 2897 2510 2933 σαν.

305 2980 549 3020 munere
577 2965 635 3020 id
679 2967 847 3023 nobis
878 2968 1190 3025 tribuatur.
1224 2970 1327 3024 Nos
1356 2970 1506 3024 enim
1553 2967 1801 3023 videmus
1830 2966 1891 3020 in
1918 2966 2122 3036 faciem
2152 2984 2171 3020 :
2205 2966 2345 3022 Deus
2392 2970 2578 3024 autem
2626 2983 2721 3024 cor
2771 2968 2953 3039 ipsum
2998 2968 3250 3023 intuetur
3269 2968 3311 3036 ο,
3347 2964 3746 3039 quemadmo-

298 3052 441 3109 dum
473 3055 747 3111 audistis.
784 3077 811 3106 »
843 3056 959 3112 Hac
994 3057 1253 3114 oratione
1286 3056 1688 3113 multitudinis
1717 3054 2024 3111 iracundia
2053 3055 2255 3111 sedata
2307 3060 2483 3129 atque
2527 3073 2795 3129 repressa
2823 3060 2932 3125 est,
2969 3055 3300 3129 majorique
3329 3054 3749 3111 benevolentia

305 3140 565 3214 pontiﬁci
600 3145 901 3218 adjuncta.

372 3261 506 3318 Jam
543 3280 679 3320 vero
729 3264 1082 3337 imperatore
1130 3264 1480 3334 Theodosio,
1514 3264 1613 3337 qui
1661 3279 1846 3337 genus
1896 3279 1965 3318 ex

2147 3265 2253 3316 Τοῦ
2313 3259 2370 3318 δὲ
2432 3240 2701 3339 βασιλέως
2743 3259 3058 3331 Θεοδοσίου,
3105 3261 3167 3325 ὃς
3218 3262 3465 3339 ὑπῆρχεν
3519 3281 3577 3316 εκ
3636 3266 3746 3329 τῆς

314 3350 598 3423 Hispania
654 3353 928 3423 ducebat,
960 3354 1018 3410 in
1077 3355 1476 3411 Macedoniam
1527 3371 1661 3410 cum
1718 3353 1974 3409 exercitu

316 3442 592 3513 profecto,
609 3442 945 3517 bellumque
964 3461 1097 3500 cum
1120 3444 1597 3501 Occidentalibus
1620 3442 1977 3515 quibusdam

318 3530 582 3587 barbaris
603 3538 863 3604 gerente,
880 3534 1610 3607 Maximus,./Egyptiorum
1633 3530 1977 3604 praesulum,

312 3637 347 3677 a
376 3620 593 3693 quibus
625 3620 937 3693 episcopus
968 3622 1312 3695 designatus
1344 3624 1556 3689 fuerat,
1579 3635 1789 3692 agmen
1821 3619 1978 3675 acci-

308 3709 511 3783 piens;
564 3727 628 3767 ac
669 3711 1153 3767 Thessalonicam
1212 3712 1509 3785 profectus
1562 3710 1978 3783 imperatorem

316 3800 459 3871 adit,
484 3805 660 3873 atque
693 3808 955 3874 augustae
990 3803 1153 3859 urbis
1176 3802 1583 3876 episcopatum
1616 3801 1687 3857 ab
1718 3817 1784 3857 eo
1815 3800 1976 3873 petit.

319 3890 603 3956 Quoniam
639 3892 795 3947 enim
836 3892 895 3947 in
945 3891 1175 3964 legibus
1223 3891 1745 3963 sanctionibusque
1793 3888 1978 3946 eccle-

321 3979 577 4036 siasticis
604 3980 751 4035 nihil
799 3981 1053 4037 habebat
1099 3998 1216 4053 quo
1267 3981 1570 4047 niteretur,
1603 3979 1980 4052 imperatorio

318 4068 507 4123 edicto
539 4069 933 4124 sacerdotium
962 4068 1259 4124 vindicare
1290 4069 1603 4141 cogitabat,
1637 4071 1702 4122 ut
1733 4067 1832 4139 qui
1865 4082 1980 4121 non

320 4158 705 4223 sacerdotem,
740 4156 840 4212 sed
890 4162 1207 4230 tyrannum
1259 4172 1428 4229 agere
1476 4157 1534 4211 in
1585 4156 1850 4213 animum
1892 4156 1981 4209 in-

320 4244 604 4301 duxisset.
622 4245 839 4301 Verum
863 4245 1025 4301 illinc
1048 4245 1382 4316 ejiciuntur,
1400 4246 1751 4317 imperatore
1772 4260 1871 4300 eos
1898 4243 1986 4299 ira

324 4334 621 4406 minisque
679 4332 1123 4390 vehementibus
1180 4332 1529 4390 insectante.
1588 4334 1736 4398 Quid
1805 4332 1986 4405 igitur

323 4422 611 4479 Maximus
643 4423 758 4496 (vix
788 4424 947 4479 enim
979 4423 1169 4497 frangi
1201 4427 1257 4480 et
1287 4424 1606 4496 expugnari
1640 4427 1830 4495 potest
1858 4440 1984 4479 am-

328 4512 535 4584 bitio)?
578 4512 989 4569 Alexandriam
1049 4512 1182 4569 navi
1238 4514 1403 4586 petit,
1462 4529 1714 4587 cumque
1772 4512 1984 4569 iisdem

323 4600 552 4657 technis
575 4602 864 4674 quosdam
885 4601 1038 4657 Petri
1062 4600 1442 4657 familiarium
1464 4617 1605 4657 auro
1628 4600 1983 4672 pellexisset,

2017 4602 2195 4692 υτῆς
2254 4598 2374 4671 ἴσης
2444 4597 2757 4677 μοχθηρίας
2813 4596 3197 4676 προσφέρεται.
3256 4621 3285 4649 ‹‹

2088 3350 2355 3414 Ἱσπανίας
2411 3354 2475 3408 τὸ
2528 3350 2708 3429 γένος,
2750 3352 2801 3407 ὲν
2857 3353 2928 3424 τῇ
2994 3348 3301 3423 Μακεδονίᾳ
3349 3346 3744 3425 στρατοπεδεύ-

2088 3461 2297 3515 σαντος,
2346 3442 2436 3496 καί
2481 3462 2591 3496 τισι
2640 3445 2749 3497 τῶν
2806 3438 3067 3517 ἐσπερίων
3112 3438 3492 3513 πολεμοῦντος
3544 3431 3750 3513 βαρϐά-

2089 3548 2222 3605 ρων,
2283 3525 2466 3585 λαϐὼν
2542 3531 2789 3604 Μάξιμος
2847 3529 2909 3585 τὸ
2984 3533 3173 3607 στῖφος
3248 3532 3356 3583 τῶν
3434 3526 3749 3605 Αἰγυπτίων

2089 3617 2423 3691 ἰπισκόπων,
2468 3624 2576 3674 τῶν
2640 3619 3153 3696 προχειρισαμένων
3207 3616 3368 3673 αὑτὸν
3442 3616 3518 3679 εἰς
3578 3616 3752 3689 ἱερέα,

2088 3709 2261 3773 ἐλθὼν
2309 3707 2385 3771 εἰς
2434 3706 2856 3781 Θεσσαλονίκην,
2906 3711 2986 3779 τῷ
3037 3706 3397 3781 αὐτοκράτορι
3446 3704 3754 3782 πρόσεισιν,

2090 3799 2254 3853 αἰτῶν
2316 3805 2415 3869 τῆς
2473 3795 2755 3874 βασιλίδος
2812 3798 2910 3867 τὴν
2969 3796 3289 3867 ἐπισκοπήν.
3347 3795 3443 3851 Ἐκ
3487 3794 3589 3872 γὰρ
3664 3795 3757 3848 θε-

2091 3892 2244 3963 σμῶν
2277 3886 2741 3959 ἐκκλησιαπικῶν
2790 3887 2853 3941 τὸ
2903 3884 3112 3961 ἰσχύειν
3161 3883 3262 3941 οὐκ
3308 3882 3479 3961 ἔχων,
3511 3884 3752 3958 προστά-

2088 3998 2255 4055 γματι
2327 3978 2596 4053 βασιλικῷ
2670 3974 2962 4050 ἱερατεύειν
3029 3972 3305 4046 διενοήθη,
3379 3972 3563 4051 ὥσπερ
3641 3972 3754 4049 οὐχ

2090 4064 2404 4143 ἱερατεύειν,
2454 4064 2598 4121 ἀλλᾶ
2640 4068 2915 4139 τυραννεῖν
2959 4062 3242 4139 ᾑρημένος
3293 4065 3427 4137 (32).
3477 4060 3748 4119 Ἀπελαύ-

2090 4176 2272 4211 νονται
2320 4151 2378 4209 δὲ
2423 4153 2645 4224 ἐκεῖθεν,
2677 4157 2775 4209 τοῦ
2828 4150 3096 4229 βασιλέως
3147 4152 3341 4213 αὐτοὺς
3384 4151 3522 4229 ὀργῇ
3554 4171 3613 4205 τε
3660 4150 3756 4205 καῖ’

2094 4244 2343 4307 ἀπειλαῖς
2403 4241 2661 4322 σφοδραῖς
2730 4239 3112 4313 ἐκδιώξαντος.
3173 4240 3234 4295 Τί
3282 4237 3374 4294 οῦν
3422 4240 3450 4294 6
3503 4239 3755 4312 Μάξιμος

2094 4331 2398 4411 (δύσμαχον
2448 4332 2551 4409 γὰρ
2584 4335 2619 4402 ἠ
2653 4330 2979 4411 φιλαρχία);
3024 4329 3144 4386 Ἐπὶ
3189 4330 3287 4399 τήν
3346 4325 3754 4404 Ἀλεξάνδρειαν

2095 4421 2271 4492 ἔπλει,
2326 4421 2417 4478 καὶ
2471 4427 2588 4484 τοῖς
2648 4420 2833 4483 αὐτοῖς
2894 4416 3257 4496 ἐγχειρήμασί
3312 4438 3462 4480 τινας
3504 4422 3613 4473 τῶν
3670 4416 3759 4471 οἰ-

2094 4511 2256 4569 κείων
2312 4515 2410 4567 τοῦ
2479 4509 2683 4587 Ηὲτρου
2756 4507 3068 4583 ὑποκλέψας
3132 4506 3367 4584 χρυσίῳ,
3422 4506 3656 4580 κάκείνῳ
3700 4505 3760 4561 ἐκ

3345 4596 3410 4651 Ἥ
3477 4594 3582 4673 γάρ
3638 4616 3755 4668 μοι,

323 4692 522 4765 ipsum
554 4707 791 4765 quoque
830 4690 958 4763 pari
1003 4690 1379 4763 improbitate
1424 4690 1783 4764 aggreditur.
1821 4712 1842 4740 ε
1880 4693 1975 4746 Aul

2097 4690 2253 4769 φησὶ,
2307 4695 2407 4759 τῆς
2469 4685 2754 4765 βασιλίδος
2810 4688 2911 4758 τὴν
2968 4686 3269 4755 ἐπισκοπὴν
3309 4683 3753 4762 περιποίησαι,ἢ

320 4783 478 4841 enim
520 4783 686 4851 mihi,
736 4783 951 4856 inquit,
985 4787 1249 4856 auguste
1282 4783 1531 4839 civitatis
1581 4783 1986 4856 episcopatum

322 4889 543 4945 assere,
576 4878 678 4930 aut
722 4890 756 4930 a
801 4877 903 4929 tuo
955 4889 1073 4928 non
1126 4873 1499 4929 abstinebo.»
1536 4873 1607 4929 Et
1637 4873 1874 4945 quidem
1924 4873 1987 4928 in

323 4965 591 5035 apertum
623 4961 846 5019 malum
887 4962 1081 5018 audax
1109 4960 1368 5019 hominis
1416 4961 1645 5020 facinus
1692 4961 1986 5033 desiisset,

395 5173 417 5210 ⁸
444 5177 618 5231 Joan.
649 5190 729 5246 v1,
760 5173 852 5231 37.
928 5174 951 5211 ⁹
982 5166 1011 5232 Ι’
1035 5175 1177 5248 Reg.
1207 5190 1327 5247 xvx,
1354 5175 1412 5230 7.

399 5397 512 5471 (29)
544 5397 723 5473 Codd.
851 5396 1103 5473 etflolb.
1134 5393 1295 5473 μείς
1327 5392 1633 5472 ἀπολογίαν
1656 5393 1752 5473 καὶ
1784 5395 1986 5473 ἀγῶνα,

325 5469 414 5525 ita
438 5469 665 5541 antiqui
698 5469 887 5525 edit...
915 5469 1102 5526 Vertit
1141 5469 1346 5527 Billius
1380 5486 1394 5525 :
1428 5477 1489 5525 ut
1526 5469 1663 5542 lacti
1699 5472 1793 5526 sui
1833 5469 1983 5542 'pur-

329 5543 606 5613 gationem
633 5542 1001 5614 quaerende
1032 5542 1277 5614 haberet.

427 5615 518 5687 30)
550 5608 687 5687 Cod.
722 5614 817 5668 Or.
847 5608 946 5666 τοῦ
976 5609 1172 5687 λύγου.

428 5683 518 5754 31)
549 5685 642 5740 Sic
670 5685 874 5754 legunt
903 5683 1126 5754 antiqui
1158 5685 1295 5740 edit.
1334 5688 1390 5740 et
1432 5685 1560 5741 cod.
1594 5684 1841 5754 Colb.i2.
1879 5683 1987 5741 Alii

332 5753 448 5840 alio
496 5753 689 5840 modo,
729 5753 989 5840 Com‘bef.
1039 5753 1428 5840 Eneuepopévp,
1460 5757 1587 5813 cod.
1620 5762 1716 5840 0!".
1763 5753 1985 5840 ἐπιτρρο-

334 5823 485 5903 σύνῃ.
517 5823 685 5887 Golb.
720 5831 775 5902 1,
822 5825 971 5898 πλὴν
1023 5825 1070 5883 ε⁹ί
1120 5823 1220 5901 μοι
1260 5823 1395 5883 Θεοῦ
1442 5825 1760 5907 σωφροσύνῃ
1802 5823 1987 5885 τοῦτο.

2094 4782 2194 4849 τῆς
2252 4784 2351 4849 σῆς
2412 4776 2513 4833 ούκ
2567 4776 2855 4852 ἀφέξομαι.
2900 4798 2929 4830 ››
2973 4774 3075 4830 Καὶ
3128 4772 3195 4844 δὴ
3249 4772 3308 4829 ἂν
3353 4772 3430 4836 εἰς
3478 4773 3756 4849 προῦπτον

2095 4867 2260 4923 κακὸν
2317 4866 2663 4937 ἰτελεύτησεν
2721 4868 2757 4937 ἡ
2814 4862 3022 4937 τόλμα,
3055 4864 3213 4939 εἰμὴ
3261 4863 3289 4917 6
3336 4868 3438 4933 τῆς
3499 4859 3755 4933 ’Δλεξαν-

2099 4955 2281 5035 δρείας
2346 4954 2599 5033 ὕπαρχος
2656 4952 2764 5028 δᾷει
2821 4951 3058 5017 στάσεως
3114 4952 3207 5010 καὶ
3264 4950 3443 5029 φόνων
3504 4952 3617 5026 (33)
3660 4951 3753 5006 τὸν

2096 5397 2233 5474 god.
2267 5390 2512 5474 P._1t)q)y
2562 5391 2697 5474 Θεοῦ
2746 5383 3099 5474 ἰπιφροσύνῃ.
3127 5385 3343 5474 ρίίιίιιε
3389 5387 3611 5474 vertit‘:
3644 5386 3766 5474 Nisi

2094 5469 2195 5525 Dei
2217 5460 2520 5539 prudentia
2542 5473 2599 5521 et
2632 5460 2893 5539 beneﬁcio
2923 5462 3024 5519 hoc
3045 5460 3204 5518 nobis
3223 5475 3539 5517 concessum
3568 5460 3760 5531 fuerit.

2096 5531 2333 5613 laedit:
2366 5535 2453 5591 ἐπὶ
2486 5531 2828 5613 σωφροσύνῃ.

2168 5610 2281 5683 (32)
2314 5610 2399 5665 Ita
2429 5602 2795 5683 cod._'om_n_es
2824 5620 2931 5661 nec
2962 5620 3079 5661 non
3108 5602 3248 5672 edit,
3271 5606 3394 5659 ant.
3426 5602 3567 5660 olim
3593 5622 3765 5678 προῃ-

2100 5676 2359 5759 ρημένος.
2387 5683 2524 5759 (_10d_.
2554 5676 2924 5759 Ριοίόμενος.

2193 5754 2284 5829 33)
2308 5754 2445 5811 Cod.
2478 5754 2577 5810 Or.
2609 5747 2715 5807 δέει
2745 5744 2983 5812 στάσεως
3009 5744 3101 5804 καὶ
3131 5744 3318 5823 φόνου.
