4100 6418
368 383 488 450 287

1501 389 1688 455 VITA
1730 392 1799 455 S.
1846 390 2218 456 GREGORII
2261 389 2655 454 THEOLOGI

3667 388 3786 457 288

363 530 552 593 usque
582 519 981 579 multitudinis
1013 520 1262 580 salutem
1294 524 1405 581 sibi
1439 526 1836 598 proponebat:
1862 530 2023 580 crete-

2147 526 2413 593 τοσοῦτος,
2472 524 2561 577 καὶ
2620 521 2693 584 είς
2746 518 3024 577 τοσούτων
3092 517 3369 597 σωτηρίαν
3428 521 3544 596 (46)
3597 519 3790 578 ἐσπου-

366 628 499 666 rum
534 612 758 668 fructus
800 628 1178 685 nequaquam
1228 614 1411 671 labori
1458 615 1860 687 respondebat.
1894 614 2019 669 Non

367 700 521 757 enim
556 700 742 756 instar
780 702 1045 774 agricola)
1081 704 1303 760 fructus
1345 704 1721 776 percipiebat,
1753 705 1853 759 sed
1888 720 2018 777 gra-

367 788 517 845 tuito
548 790 840 861 benignus
870 795 1014 861 erat,
1046 791 1277 849 labores
1307 792 1545 864 quidem
1576 810 1796 860 serens,
1820 808 2019 848 verum

372 877 498 933 sine
530 883 766 950 sumptu
799 881 1171 952 Evangelium
1198 883 1305 936 sibi
1330 883 1693 937 constituens
1719 883 1784 935 1³.
1807 882 1889 937 Ex
1910 898 2021 951 quo

370 965 480 1021 hoc
511 969 952 1039 assequebatur,
984 974 1048 1024 ut
1078 971 1379 1026 ardentius
1409 974 1723 1038 amaretur,
1750 976 1922 1042 atque
1953 987 2023 1026 ex

372 1056 687 1111 ardentiori
722 1075 916 1114 amore
946 1058 1224 1115 libentius
1255 1061 1577 1128 audiretur,
1605 1060 1918 1133 pluresque
1948 1062 2019 1117 ad

370 1144 556 1202 Deum
588 1147 919 1213 adduceret,
943 1166 1056 1204 non
1079 1166 1149 1205 ex
1169 1149 1255 1205 ira
1284 1150 1636 1221 percutiens,
1660 1152 1762 1206 sed
1786 1150 2023 1206 lenitate

368 1230 762 1306 ignorantiam
790 1242 846 1291 et
875 1237 1263 1293 rusticitatem
1293 1237 1566 1303 evellens,
1596 1240 2022 1310 animabusque

370 1323 582 1379 bonam
612 1340 679 1379 ex
712 1341 983 1381 sermone
1028 1332 1085 1382 et
1133 1329 1399 1383 doctrina
1447 1328 1854 1384 habitudinem
1878 1326 2020 1384 ὀσο-

369 1428 525 1468 rens.
573 1411 687 1467 Alii
733 1415 891 1469 enim
928 1415 1211 1472 orationis
1269 1416 1554 1473 lenocinio
1605 1417 2021 1489 capiebantur;

370 1500 467 1557 alii
500 1508 833 1558 accuratam
857 1509 913 1559 et
942 1509 1203 1560 exactam
1243 1506 1584 1578 dogmatum
1614 1507 2023 1563 tractationem

369 1589 907 1662 amplectebantur;
941 1591 1063 1662 alii,
1092 1593 1204 1647 viri
1252 1592 1552 1651 laboribus
1592 1612 1658 1651 ac
1702 1595 2024 1652 tolerantiae

369 1679 681 1746 cedebant;
742 1679 841 1735 alii
891 1682 1405 1738 mansuetudinem
1437 1684 1796 1740 venerationi
1846 1684 2024 1740 habe-

370 1768 543 1836 bant;
576 1768 674 1823 alii
704 1769 778 1824 ob
817 1768 1147 1840 simplicem
1195 1775 1253 1825 et
1293 1771 1708 1843 inexquisitam
1763 1773 2027 1845 philoso-

372 1854 725 1928 phicamque
740 1856 867 1912 vitae
890 1858 1175 1915 rationem
1199 1860 1416 1916 arctius
1446 1861 1559 1933 ipsi
1590 1864 2026 1935 conjungeban-

368 1948 496 2010 tur;
531 1943 652 2010 alii,
676 1947 829 2017 quod
863 1946 1057 2017 ipsum
1084 1948 1449 2019 accivissent,
1471 1950 1631 2006 velut
1661 1953 1917 2022 praedam
1948 1955 2028 2007 te-

374 2036 601 2103 nentes,
636 2034 1034 2103 confovebant,
1069 2054 1244 2093 suum
1286 2039 1343 2093 in
1376 2056 1442 2095 eo
1475 2039 1765 2095 calculum
1796 2044 2027 2096 tuentes

372 2138 440 2176 ac
471 2124 845 2179 sententiam.
880 2126 941 2179 In
980 2124 1087 2180 hoc
1130 2143 1299 2198 porro
1331 2127 1548 2184 clarius
1578 2128 1811 2185 lucebat
1840 2130 2029 2201 ipsius

372 2209 614 2266 solertia
645 2212 945 2285 animique
989 2216 1366 2287 perspicacia,
1392 2218 1548 2289 quod
1598 2235 1712 2274 non
1754 2219 2030 2275 omnibus

379 2299 580 2355 omnia
615 2302 1039 2370 committebat,
1086 2321 1289 2360 verum
1336 2307 1804 2379 uniuscujusque
1852 2309 2027 2375 vires,

377 2404 492 2444 non
517 2404 686 2445 secus
706 2406 769 2445 ac
794 2392 1317 2462 praestantissimus
1340 2395 1602 2452 medicus
1622 2397 2029 2469 aegrotantium

374 2475 807 2546 habitudinem,
866 2480 1221 2551 explorabat,
1278 2488 1692 2556 congruentem
1742 2487 2032 2559 cujusque

378 2567 581 2623 morbo
634 2569 986 2625 medicinam
1035 2572 1414 2643 distribuens,
1450 2591 1698 2647 eamque
1745 2576 2032 2632 rationem

376 2659 607 2721 tenens,
640 2661 704 2711 ut
733 2674 836 2713 nec
870 2659 1129 2729 profanis
1161 2666 1261 2716 aut
1292 2662 1543 2719 inﬁrmis
1575 2666 1819 2721 auribus
1847 2666 2031 2737 perfe-

374 2742 641 2800 ctissima
671 2749 953 2818 mysteria
1000 2750 1392 2812 concrederet,
1418 2768 1520 2807 nec
1553 2753 1821 2823 perfectis
1856 2753 2032 2825 quid-

376 2849 556 2902 quam
583 2834 879 2891 occultum
905 2836 1166 2905 haberet,
1191 2839 1359 2910 quasi
1390 2840 1655 2911 ipsorum
1679 2842 1919 2898 utilitati
1949 2842 2040 2897 in-

377 2918 605 2976 videns.
634 2920 796 2977 Alios
826 2923 1057 2993 publice
1087 2927 1390 2998 arguebat,
1420 2946 1568 3000 quos
1600 2930 1883 2987 nimirum
1909 2949 2037 3003 pro-

380 3010 484 3063 bro
513 3010 583 3063 ad
630 3010 1029 3080 paenitentiam
1071 3016 1199 3086 cogi
1245 3034 1395 3088 opus
1443 3025 1567 3073 erat
1598 3036 1611 3075 :
1647 3018 1780 3076 aliis
1830 3038 2037 3077 rursus

380 3097 654 3169 privatim
685 3106 876 3155 errata
924 3107 1445 3161 commonstrabat.
1479 3106 1635 3163 Alios
1665 3109 2034 3181 objurgabat,

378 3203 514 3242 cum
544 3187 602 3242 id
632 3204 663 3244 e
695 3205 756 3245 re
785 3188 1048 3261 ipsorum
1082 3208 1209 3249 esse
1243 3195 1642 3251 arbitrabatur
1672 3213 1685 3252 :
1722 3196 1865 3253 alios
1897 3215 2035 3255 con-

2131 609 2414 686 δασμένος·
2474 614 2507 682 ἡ
2568 608 2627 666 δὲ
2685 608 2986 673 ἀπόλαυσις
3047 608 3154 686 οὔχ
3204 609 3399 682 ὁμοία.
3437 610 3512 665 Οὐ
3562 610 3665 686 γὰρ
3719 612 3793 674 ὡς

2129 700 2372 775 γεωργὸς
2451 704 2671 776 μετεῖχε
2742 704 2848 754 τῶν
2927 700 3297 776 γεννημάτων,
3373 696 3524 755 ἀλλὰ
3596 706 3793 777 προῖκα

2130 790 2371 865 χρηστὸς
2427 792 2516 861 ἧν,
2548 789 2674 852 τοὺς
2738 789 2834 863 μὶν
2880 788 3081 851 πόνους
3112 784 3633 861 καταϐαλλόμενος,
3663 787 3791 845 ἀδά-

2130 899 2302 935 πανον
2351 876 2407 934 δὲ
2451 879 2515 933 τὸ
2580 877 2914 955 Εὐαγγέλιον
2986 879 3160 951 ἑαυτῷ
3215 877 3414 943 τιθείς.
3467 880 3626 933 Ὅθεν
3677 900 3790 934 συν-

2130 964 2335 1023 έϐαινεν
2366 966 2513 1041 αύτῷ
2541 966 2709 1023 πλέον
2743 969 3080 1043 στέργεσθαι,
3112 966 3279 1023 πλέον
3330 966 3392 1022 δὲ
3443 970 3789 1043 στεργομένῳ

2135 1057 2351 1132 μᾶλλον
2392 1057 2697 1125 ἀκούεσθαι,
2729 1058 2819 1112 καὶ
2866 1062 2945 1129 τῷ
2996 1058 3113 1130 Θεῷ
3161 1056 3460 1133 προσάγειν
3514 1056 3787 1126 πλείονας,

2132 1147 2193 1202 οὗ
2224 1148 2382 1220 θυμῷ
2410 1146 2734 1218 πλήσσοντι,
2769 1145 2895 1202 ἀλλ’
2926 1145 3185 1217 ἐπιεικείᾳ
3202 1146 3302 1215 τὴν
3333 1145 3605 1219 ἆμάθειαν
3637 1146 3789 1219 ἐκμο-

2132 1234 2412 1312 χλεύοντι⁹
2444 1236 2535 1290 καὶ
2568 1235 2765 1306 εὐεξίαν
2797 1240 2914 1297 ταῖς
2950 1239 3151 1311 ψυχαῖς
3186 1235 3515 1307 ἐμποιοῦντι
3567 1232 3656 1289 διὰ
3694 1239 3783 1290 τοῦ

2133 1324 2320 1402 λόγου.
2353 1326 2416 1380 Οἱ
2452 1326 2545 1399 μὲν
2577 1326 2677 1401 γὰρ
2702 1328 2770 1398 τῇ
2802 1324 3105 1398 γλυκύτητι
3135 1329 3233 1379 τοῦ
3266 1322 3442 1398 λόγου
3470 1321 3778 1393 ἡλίσκοντο,

2133 1416 2186 1470 οἳ
2219 1413 2277 1469 δὲ
2305 1416 2618 1486 ἠσπάζοντο
2647 1418 2757 1468 τῶν
2790 1411 3080 1489 δογμάτων
3110 1414 3172 1469 τὸ
3202 1408 3447 1489 ἀκριϐές·
3484 1411 3651 1468 ἄλλοι
3677 1418 3787 1472 τοῖς

2131 1504 2319 1565 πόνοις
2361 1508 2460 1558 τοῦ
2510 1500 2703 1578 ἀνδρὸς
2747 1503 2837 1558 καὶ
2879 1507 2947 1575 τῇ
3006 1502 3267 1577 καρτερίᾳ
3312 1503 3647 1557 ὑπέκυπτοψ
3680 1497 3787 1555 ἓτε-

2134 1615 2220 1670 ροι
2268 1590 2326 1648 δὲ
2371 1594 2433 1648 τὸ
2478 1598 2651 1667 πρᾷον
2695 1592 2862 1647 αὐτοῦ
2911 1589 2982 1646 δι’
3018 1589 3207 1654 αἰδοῦς
3266 1592 3444 1667 εἶχοψ
3485 1591 3615 1653 τοὺς
3648 1588 3705 1646 δὲ
3731 1591 3789 1646 τὸ

2131 1681 2550 1753 ἀνεπιτήδευτον
2608 1685 2705 1735 τοῖ’)
2760 1677 2958 1756 ἀνδρὸς
3012 1681 3102 1735 καὶ
3174 1678 3482 1758 φιλόσοφον
3561 1687 3792 1749 συνῆπτε

2132 1769 2322 1826 πλέον·
2358 1771 2411 1825 οἱ
2460 1768 2537 1841 δὲ,
2590 1770 2666 1831 ὡς
2711 1768 3056 1837 καλέσαντες,
3089 1770 3179 1823 καὶ
3228 1769 3563 1843 κατέχοντες
3596 1770 3707 1841 (47)
3734 1768 3791 1821 τὸ

2134 1861 2355 1935 θήραμα
2403 1857 2666 1925 ἔθαλπον,
2724 1858 2825 1926 τὴν
2901 1859 3100 1912 ἑαυτῶν
3170 1856 3521 1928 περιέποντες
3590 1859 3788 1933 ψῆφον.

2136 1950 2234 2005 Καὶ
2290 1950 2352 2003 τὸ
2422 1945 2490 2017 δὴ
2554 1951 2739 2020 μεῖζον
2794 1945 2959 2001 αὐτοῦ
3013 1953 3114 2015 τῆς
3172 1946 3487 2022 ἀγχινοίας,
3520 1944 3584 2000 ού
3632 1950 3785 1999 πᾶσιν

2136 2040 2342 2093 ἅπαντα
2389 2036 2785 2091 κατεπίστευεν’
2845 2033 2993 2091 ἀλλὰ
3048 2042 3150 2104 τῆς
3214 2032 3503 2107 δυνάμεως
3574 2032 3793 2088 ἑκάστου

2134 2124 2583 2202 κατεστοχάζετο,
2618 2124 2692 2187 ὥς
2724 2145 2805 2187 τις
2856 2122 3072 2198 ἄριστος
3119 2125 3307 2197 ἰατρὸς
3347 2130 3455 2193 τῆς
3505 2128 3616 2178 τῶν
3659 2142 3793 2192 καμ-

2136 2216 2338 2271 νόντων
2373 2211 2560 2287 ἕξεως,
2589 2210 2943 2282 κατάλληλον
2993 2214 3091 2282 τήν
3144 2212 3487 2291 φαρμακείαν
3538 2209 3794 2283 διανέμων

2139 2302 2369 2376 ἑκάστῳ,
2400 2303 2489 2358 καὶ
2541 2303 2681 2375 μήτε
2746 2297 3010 2376 βεϐήλοις
3053 2302 3088 2371 ἢ
3139 2300 3414 2365 ἀσθενέσιν
3462 2300 3654 2362 ἀκοαῖς
3702 2320 3792 2353 κα-

2136 2392 2472 2448 ταπιστεύων
2528 2395 2628 2447 τοῦ
2689 2389 2994 2465 μυστηρίου
3022 2390 3089 2445 τὰ
3139 2388 3345 2462 τέλεια,
3384 2392 3530 2464 μήτε
3566 2394 3672 2443 τῶν
3718 2408 3795 2443 τε·

2140 2482 2301 2539 λείων
2334 2478 2542 2557 ἀνδρῶν
2573 2479 2933 2555 ἀποκρύπτων
2968 2500 3041 2553 τι,
3075 2479 3186 2534 οἷον
3252 2479 3561 2553 βασκαίνων
3614 2476 3791 2537 αὐτοῖς

2138 2579 2240 2642 τῆς
2300 2569 2591 2649 ὠφελείας,
2646 2568 2775 2631 τοὺς
2854 2569 2949 2641 μὲν
3028 2565 3239 2645 ἤλεγχε
3306 2565 3578 2642 δημοσίᾳ,
3637 2564 3789 2626 ὅσους

2143 2660 2373 2737 αἰσχύνῃ
2428 2658 2564 2733 πρὸς
2626 2656 2933 2731 μετάμελον
2982 2659 3095 2731 (48)
3120 2659 3241 2731 ἦγεο
3267 2662 3388 2719 τοῖς
3450 2654 3510 2711 δὲ
3572 2652 3678 2726 ἰδίᾳ
3731 2653 3793 2706 τὰ

2142 2747 2453 2821 πταίσματα
2482 2747 2769 2824 ἐνεφάνιζε·
2801 2750 2919 2807 τοῖς
2951 2745 3009 2800 δὲ
3052 2745 3303 2818 ἐπετίμα,
3337 2747 3428 2808 οἷς
3486 2749 3647 2809 τοῦτο
3701 2740 3793 2796 λυ-

2145 2838 2351 2899 σιτελὲς
2411 2837 2544 2891 εἶναι
2605 2834 2765 2908 ᾤετο’
2824 2833 2951 2897 τοὺς
3011 2832 3088 2902 δὲ,
3145 2839 3557 2911 κατορθοῦννας
3622 2830 3799 2904 ἐπῄνει

2144 2930 2419 3002 πατρικῶς
2449 2946 2507 2980 τε
2534 2926 2624 2980 καὶ
2671 2921 3074 2997 κηδεμονικῶς.
3107 2923 3181 2978 Οὐ
3213 2924 3314 3000 γὰρ
3372 2924 3526 2999 πρὸς
3578 2918 3797 2986 θωπείαν

2143 3016 2381 3084 ἐσκόπει,
2417 3013 2543 3070 ἀλλ’
2594 3011 2854 3069 ὡδοποίει
2910 3017 2978 3087 τῇ
3041 3014 3204 3089 ἀρετῇ
3256 3010 3347 3067 διὰ
3373 3019 3491 3083 τῆς
3523 3008 3797 3084 ἀποδοχῆς

2146 3104 2287 3183 ἄγων
2336 3103 2411 3166 εἷς
2452 3104 2757 3177 προκοπήν.
2789 3101 2967 3177 Ταύτῃ
3017 3102 3121 3178 γὰρ
3152 3104 3186 3171 ἠ
3219 3104 3333 3176 (49)
3368 3101 3645 3178 ῥητορικὴ
3696 3097 3797 3152 δια-

2147 3194 2293 3274 φέρει
2338 3191 2686 3272 φιλοσοφίας.
2726 3193 2789 3248 Ἡ
2827 3193 2922 3265 μὲν
2972 3191 3076 3267 γὰρ
3121 3190 3381 3263 κολακείᾳ
3448 3193 3523 3254 ὡς
3560 3192 3668 3263 (50)
3715 3207 3798 3243 κα-

377 3280 655 3348 tra,quos
688 3277 876 3335 ofﬁcio
914 3280 1075 3352 fungi
1102 3282 1351 3350 videbat,
1387 3288 1625 3356 paterne
1654 3286 2034 3360 consulteque

2147 3272 2359 3356 πηλικῇ
2394 3281 2476 3361 ἐφ’
2506 3283 2699 3351 ἑαυτὴν
2730 3286 2844 3343 τοῖς
2876 3278 3177 3355 ἐγκωμίοις
3208 3278 3433 3335 κλέπτει
3482 3284 3591 3335 τῶν
3639 3275 3790 3334 πέλας

378 3364 679 3422 laudabat.
709 3365 825 3423 Nec
854 3369 1011 3424 enim
1052 3369 1161 3425 hoc
1194 3372 1421 3445 agebat,
1445 3378 1511 3429 ut
1552 3391 1650 3430 eos
1698 3375 2034 3432 adulatione

383 3454 792 3527 permulceret,
835 3459 935 3513 sed
988 3463 1050 3514 ut
1096 3460 1249 3517 viam
1312 3462 1509 3517 virtuti
1558 3468 1829 3534 strueret,
1861 3470 1918 3522 et
1965 3466 2038 3522 ad

387 3544 611 3616 majora
663 3550 815 3603 recte
863 3548 1148 3605 factorum
1198 3551 1616 3623 approbatione
1676 3554 2036 3625 proveheret.

384 3632 503 3689 Hoc
534 3634 750 3708 quippe
777 3637 1014 3693 nomine
1045 3639 1333 3696 rethorica
1363 3659 1393 3696 a
1427 3642 1798 3715 philosophia
1825 3644 2039 3702 differt.

2144 3375 2245 3443 τὴν
2280 3368 2512 3427 εύνοιαψ
2546 3373 2581 3442 ἡ
2615 3368 2693 3441 δὲ,
2722 3371 2820 3439 τήν
2855 3368 3120 3448 ὠφέλειαν
3180 3374 3286 3424 τῶν
3346 3369 3656 3448 ἀνθρώπων
3710 3384 3792 3419 πε-

2150 3465 2504 3538 ρισκοποῦσα,
2538 3461 2651 3515 οἷον
2682 3459 2861 3533 μέλιτι
2892 3464 3009 3521 τοῖς
3042 3457 3283 3521 ἐπαίνοις
3307 3462 3414 3512 τῶν
3486 3457 3664 3533 λόγων
3694 3454 3795 3528 (51)

2148 3549 2667 3627 καταγλυκαίνουσα,
2700 3548 2767 3623 τῇ
2825 3546 2995 3622 ἡδονῇ
3051 3552 3159 3604 τῶν
3219 3547 3461 3603 ἐπαίνων
3514 3547 3648 3624 πρὸς
3685 3544 3794 3617 ἀρε·

2150 3643 2250 3711 τήν
2282 3637 2431 3696 ’έλκει
2461 3639 2587 3700 τοὺς
2621 3636 3066 3714 ἐντυγχάνοντας,

382 3720 488 3778 Illa
532 3722 687 3780 enim
719 3725 956 3782 sordida
986 3731 1043 3783 et
1068 3730 1425 3800 cauponaria
1473 3732 1865 3790 assentatione
1910 3751 1978 3791 ac
2023 3733 2360 3791 laudatione
2389 3731 2462 3787 ad
2492 3730 2758 3785 hominm
2803 3726 3265 3784 benevolentiam
3312 3727 3575 3799 irrepere
3621 3721 3799 3780 solet:

382 3810 505 3867 haec
535 3817 736 3868 contra
766 3830 966 3870 eorum
1002 3816 1314 3874 utilitatem
1348 3825 1641 3892 spectans,
1672 3820 1949 3879 laudibus
1976 3822 2145 3896 quasi
2180 3819 2350 3877 melle
2378 3833 2710 3875 sermonem
2752 3816 3003 3887 edulcat,
3038 3833 3103 3873 ac
3133 3832 3237 3889 per
3266 3814 3519 3873 laudum
3548 3812 3801 3884 volupta-

383 3904 499 3955 tem
536 3902 605 3957 ad
644 3903 914 3959 virtutem
948 3907 1245 3964 auditores
1276 3909 1472 3966 trahit.

459 3989 807 4064 Dogmatum
844 4011 1013 4065 porro
1044 3996 1404 4053 sublimitate
1433 4016 1498 4055 ac
1529 3999 1822 4073 theologia
1855 4017 2043 4073 usque

388 4077 533 4133 adeo
564 4080 901 4148 excellebat,
929 4087 990 4137 ut
1019 4086 1290 4155 quamvis
1324 4089 1597 4158 permulti
1628 4090 1735 4144 viri
1769 4090 2042 4147 doctrinae

387 4166 563 4222 laude
590 4168 845 4226 celebres
870 4171 1047 4226 variis
1076 4174 1306 4230 saeculis
1339 4175 1675 4248 theologicae
1703 4179 1784 4234 rei
1796 4196 2045 4251 pperam

388 4254 676 4324 dederint,
703 4258 793 4314 hic
825 4264 1019 4315 tamen
1054 4262 1215 4317 solus
1260 4268 1391 4335 post
1430 4265 1718 4322 Joannem
1750 4266 2044 4339 evangeli-

391 4347 539 4399 stam
566 4345 839 4420 Thcologi
887 4349 1119 4406 nomine
1140 4351 1462 4426 insignitus
1483 4354 1579 4426 sit,
1606 4360 1782 4427 atque
1806 4359 1910 4413 hoc
1950 4374 2044 4413 co-

388 4439 775 4506 gnomentum
806 4438 963 4492 velut
994 4441 1295 4512 proprium
1327 4448 1384 4498 et
1413 4443 1704 4515 peculiare
1737 4445 1815 4501 sit
1844 4462 2047 4503 conse-

2225 3998 2310 4053 ’Ev
2355 3992 2412 4051 δὲ
2444 3992 2735 4071 δογμάτων
2766 3992 2887 4068 ὕψει
2919 3993 3007 4049 καὶ
3040 3990 3296 4069 θεολογίᾳ
3337 3995 3607 4048 τοσοῦτον
3668 3984 3805 4054 αύτῷ

2152 4088 2214 4142 τὸ
2271 4084 2455 4161 περιὸν
2515 4086 2612 4153 τῆς
2671 4080 2973 4156 δυνάμεως,
3009 4081 3166 4151 ὥστε,
3216 4078 3444 4138 πολλῶν
3506 4080 3641 4136 κατὰ
3688 4073 3806 4132 τοὺς

2154 4174 2385 4253 χρόνους
2418 4175 2529 4248 (52)
2564 4170 3009 4249 θεολογησάντων
3062 4169 3273 4248 ἀνδρῶν
3324 4170 3413 4225 ἐπὶ
3468 4168 3629 4248 σοφίᾳ
3682 4182 3810 4239 γνω-

2157 4265 2356 4340 ρίμων,
2395 4262 2558 4337 μόνον
2590 4266 2781 4317 τοῦτον
2819 4264 2954 4335 μετὰ
2980 4258 3073 4316 τὸν
3136 4258 3535 4336 εὐαγγελιστὴν
3567 4257 3807 4319 Ἰωάννην

2157 4353 2420 4430 θεολόγον
2455 4351 2826 4425 ἆνομασθῆναι
2858 4353 2995 4425 (53)·
3030 4351 3122 4405 καὶ
3166 4352 3279 4405 οἷον
3332 4348 3600 4423 ἐξαίρετον
3654 4342 3811 4410 αὐτῷ.

2156 4442 2355 4513 ταύτην
2415 4438 2884 4515 ἆποκληρωθῆναι
2934 4436 3339 4515 προσηγορίαν.
3385 4439 3566 4492 ’Ἃπαν
3617 4432 3729 4505 (54)
3759 4446 3812 4479 τε

389 4524 582 4577 cutus.
616 4523 686 4579 Et
731 4528 1226 4595 quemadmodum
1266 4547 1503 4587 omnem
1553 4531 1729 4589 aliam
1777 4535 2034 4590 virtutem

2158 4531 2324 4587 καλὸν
2356 4530 2408 4585 ἐν
2436 4534 2504 4604 τῇ
2537 4531 2730 4585 ἑαυτοῦ
2758 4526 2956 4605 καρδίᾳ
3004 4525 3373 4620 συνειληφὼς,
3398 4524 3535 4620 ,οὐδὲ
3581 4526 3675 4620 τοῦ

390 4628 457 4667 ac
487 4610 722 4669 laudem
768 4615 949 4671 animi
999 4618 1132 4673 sinu
1181 4620 1520 4692 complexus
1566 4626 1708 4692 erat,
1742 4624 1822 4678 ita
1854 4640 1957 4679 nec
1988 4623 2034 4678 ir

2159 4619 2519 4697 προφητεύει)
2577 4617 3007 4691 ἀπελιμπάνετο.
3060 4616 3160 4671 Καὶ
3206 4616 3296 4672 τὸν
3346 4614 3534 4691 λόγον,
3569 4610 3624 4667 εὖ
3674 4607 3805 4673 οἶδα)

390 4701 661 4759 futurum
690 4705 1048 4763 vaticinandi
1078 4707 1129 4764 ei
1160 4710 1348 4781 gratia
1380 4710 1600 4768 deerat.
1634 4711 1750 4769 Nec
1780 4730 1914 4769 vero
1945 4713 2050 4768 du-

465 4855 509 4890 ¹²
542 4855 564 4910 Ι
594 4854 721 4912 Cor.
757 4874 836 4924 IX,
870 4859 957 4915 18.

463 4996 577 5078 (μβ)
608 4998 703 5053 Sic
731 4998 873 5073 legit
893 5001 1142 5078 _Billius,
1176 5003 1261 5078 sic
1310 5003 1515 5078 volunt
1560 5005 1791 5078 antiqui
1820 5008 1957 5063 edit.
1993 5010 2053 5078 et

394 5069 564 5123 codd.
600 5069 860 5144 manpus'c.
893 5073 955 5128 P.
989 5069 1148 5131 Colb.
1174 5077 1225 5143 1,
1257 5079 1315 5131 et
1344 5075 1439 5131 Or.
1474 5076 1633 5133 Colb.
1664 5069 1721 5144 2,
1753 5077 1829 5140 είς
1858 5076 2051 5132 τοσού-

393 5141 821 5233 transscripta;
855 5145 919 5233 lu
949 5146 1087 5201 edit.
1122 5141 1483 5233 εἶς’τοσοῖθτον
1518 5141 1812 5233 σωτηρίας.

469 5211 583 5289 (47)
614 5211 728 5289 [Sat
752 5214 1093 5289 κατέχοντες,
1154 5224 1264 5274 etc.
1322 5219 1546 5275 Clarior
1603 5211 1773 5277 nobis
1824 5222 2055 5277 videtur

398 5281 733 5362 gombeﬁsii
780 5281 1203 5362 interpretatio,
1250 5307 1429 5362 quam
1485 5292 1830 5362 sequimur;
1876 5292 2052 5348 vertit

398 5351 624 5429 Billius,
651 5357 794 5412 velut
821 5351 1073 5429 prée'dam
1100 5351 1539 5418 sua'm‘consertz's
1559 5351 2054 5420 manibus'retine-

402 5422 751 5511 ὸαῃνιλὶεοᾳιιε
781 5422 979 5511 ﬂuendo
998 5432 1280 5511 judicium
1308 5452 1471 5490 suum
1497 5436 1775 5507 fovebant.

611 5494 745 5555 Cod.
779 5500 840 5554 Ρ.
880 5494 1179 5570 μετᾶνοιαν.

497 5568 585 5636 49)
614 5574 673 5624 Ἡ
703 5568 953 5627 deest‘in
986 5575 1108 5629 cod.
1144 5576 1237 5630 Or.

496 5639 705 5715 εγω-,Ὡς
737 5644 903 5715 deest
934 5645 1002 5715 in_
1021 5646 1148 5700 cod.
1184 5648 1304 5715 Or.,
1337 5648 1437 5703 sed
1488 5649 1758 5715 Montac.,
1791 5648 2051 5705 Combef.

399 5708 457 5767 8t
504 5708 659 5768 Colb.
692 5716 745 5784 2,
793 5713 870 5774 ὡς
918 5711 1006 5766 καί
1053 5708 1301 5786 ποικίλη⁷
1330 5719 1409 5796 ἐφ’
1457 5717 1673 5789 ἑαυτήν.
1720 5708 1859 5777 Cod.
1892 5726 1956 5776 P.
1988 5720 2053 5779 Ἡ

2158 4710 2467 4778 πιστοῦσθε,
2499 4705 2617 4763 ὅσοι
2646 4710 2744 4761 τοῦ
2775 4703 2967 4782 ἀνδρὸς
3026 4712 3126 4775 τῆς
3178 4706 3371 4783 σοφίας
3418 4700 3804 4777 κατατρυφᾶτε·

2167 5003 2259 5078 μὲν
2329 5003 2393 5078 ἂρ
2424 5000 2657 5057 κολακία
2680 4998 2989 5071 καπηλική.
3539 5070 3549 5080 _
3762 5057 3771 5068 _

2234 5022 2346 5131 (Sil
2378 5073 2621 5131 Antiqui
2650 5073 2788 5130 edit.
2820 5072 3045 5130 volunt.
3075 5071 3166 5126 τὸν
3197 5068 3386 5131 λόγον.
3419 5075 3477 5128 et
3504 5084 3590 5127 src
3619 5059 3771 5120 reddi

2208 5059 2621 5159 _(5l).'§ntiqui
2650 5073 2788 5130 edit.
2817 5059 3045 5130 volunt.
3075 5071 3166 5126 τὸν
3197 5068 3386 5148 λόγον,
3419 5075 3477 5128 ει
3504 5070 3590 5127 sic
3619 5059 3808 5120 reddi.

2163 5146 2250 5203 dit
2280 5146 2508 5202 Billius.
2538 5146 2552 5147 ί
3282 5146 3288 5148 “

2235 5220 2347 5275 (52)
2369 5219 2507 5275 Cod.
2527 5216 2688 5274 Colb.
2710 5218 2747 5271 2
2770 5218 2828 5271 et
2848 5215 2945 5271 0r.
2968 5214 3105 5268 κατᾶ
3125 5209 3371 5275 πολλοὺς
3404 5210 3529 5274 τοὺς
3560 5203 3803 5275 χρόνουςτ

2256 5220 2328 5273 52
2369 5220 2507 5275 Cod.
2527 5220 2688 5274 Colb.
2710 5220 2747 5271 2
2770 5220 2828 5271 et
2848 5220 2945 5271 0r.
2968 5220 3105 5268 κατὰ
3125 5220 3371 5275 πολλοὺς
3404 5220 3529 5274 τοὺς
3560 5220 3803 5335 χρόνους.

2233 5220 2347 5415 (53)
2378 5290 2466 5346 Ita
2510 5290 2761 5354 Montac,
2790 5292 2847 5342 et
2893 5286 2989 5342 alii
3022 5287 3162 5342 edit.
3194 5287 3287 5343 Sic
3336 5285 3478 5359 legit
3526 5283 3587 5366 l3i
3618 5279 3729 5364 lius
3757 5272 3810 5326 et

2260 5368 2367 5415 unt
2413 5362 2583 5415 codd.
2638 5360 2697 5414 P.
2731 5358 2891 5415 Colb.
2944 5360 2995 5415 1.
3025 5360 3080 5415 2.
3114 5362 3172 5413 et
3201 5358 3298 5415 0r.
3347 5359 3409 5413 In
3459 5357 3595 5412 edit.
3626 5361 3806 5415 αναφα-

2159 5357 2367 5449 vplunt
2413 5362 2583 5418 codd.
2638 5360 2697 5414 P.
2731 5358 2891 5415 Colb.
2944 5360 2995 5424 1,
3025 5360 3080 5427 2,
3114 5362 3172 5413 et
3201 5358 3298 5415 0r.
3347 5357 3418 5413 Iri
3459 5357 3595 5412 edit.
3626 5357 3806 5420 ἀναφα-

2373 5502 2651 5593 Combef.)
2672 5501 2933 5593 'Erztdv’te
2962 5498 3197 5592 ⁸’καλόνςυ
3211 5500 3366 5558 Colb.
3424 5503 3480 5567 2,
3526 5498 3695 5553 ’Ἀπαν
3754 5480 3807 5536 δῖε

2161 5571 2348 5631 καλόν·
2387 5593 2521 5630 mox
2550 5575 2677 5630 cod.
2711 5574 2806 5629 Or.
2840 5571 2892 5627 ἐν
2924 5575 2993 5645 τῇ
3037 5571 3221 5626 αὐτοῦ.
3636 5636 3644 5646 ⁸
3699 5632 3708 5642 ι

2180 5720 2183 5721 ν
2235 5648 2348 5719 (55)
2405 5643 2689 5721 Οὐδὲλτοίῦ
2744 5642 3131 5721 προφητεύειν,
3191 5648 3299 5721 etc.
3349 5641 3535 5721 Vertit
3591 5632 3800 5695 Billius,

2163 5715 2387 5778 aenea
2412 5718 2707 5794 prophetiae
2737 5715 2956 5791 quidem
2981 5718 3165 5790 gratia
3187 5715 3552 5772 deserebatur.
