4100 6404
399 396 507 454 291

1536 384 1713 446 VI’I‘A
1768 389 1828 445 S.
1881 378 2251 444 GREGOltll
2299 381 2695 447 THEOLOGI

3703 393 3824 451 292

393 538 498 589 tus
529 531 586 583 et
612 525 893 600 gestiens.
922 525 1001 578 Ac
1031 526 1154 577 tum
1189 520 1525 593 pontiﬁcem
1557 519 1926 593 Gregorium,
1961 534 2038 590 pr:

2178 516 2268 571 καὶ
2324 514 2620 586 τηνικαῦτα
2672 514 3060 593 προσδέξασθαι
3134 517 3226 573 τὸν
3291 519 3549 595 ἀρχιερεα
3607 520 3823 598 Γρηγό-

401 635 469 675 eo
501 634 567 674 ac
598 615 901 672 laboribus
949 611 1111 667 illius
1148 610 1396 683 dignum
1443 614 1587 678 erat,
1610 608 1928 665 honoriﬁce
1958 623 2023 662 ac
2043 637 2058 646 -

403 707 579 781 cepit,
610 702 1025 778 prolixiorique
1057 699 1311 772 alloquio
1351 715 1521 755 suam
1552 714 1689 770 erga
1716 714 1853 754 eum
1884 697 2058 752 bene-

398 796 717 855 volentiam
749 792 1051 863 animique
1072 789 1433 845 alacritatem
1460 787 1803 855 declaravit;
1831 802 1896 841 ac
1929 802 2059 857 pos-

397 893 586 944 tremo
618 886 740 941 haec
772 884 843 939 ad
875 898 1008 937 eum
1041 880 1218 935 verba
1265 878 1474 933 habuit
1508 893 1521 932 :
1553 900 1573 927 σ
1610 878 1653 932 Ο
1685 878 1874 943 Pater,
1909 877 2058 931 Deus

396 978 524 1046 tibi,
549 976 788 1046 tuisque
817 970 1156 1035 sudoribus,
1189 982 1411 1040 perme
1442 966 1759 1021 Ecclesiam
1791 965 2058 1020 commit-

395 1068 486 1125 tit.
522 1067 603 1122 En
635 1078 862 1120 sacram
904 1059 1085 1114 eadem
1119 1061 1173 1113 et
1203 1056 1481 1112 thronum
1516 1055 1622 1110 tibi
1654 1054 1892 1109 trado.»
1918 1054 2056 1109 Bea-

396 1162 495 1214 tus
520 1170 691 1228 porro
722 1149 1056 1222 Gregorius,
1091 1146 1339 1201 mirifica
1368 1143 1568 1199 laatitia
1600 1144 1893 1216 perfusus,
1918 1158 2053 1197 cum

396 1247 806 1318 imperatorem
831 1238 1166 1302 salutasset,
1192 1250 1259 1291 ac
1280 1233 1429 1290 votis
1450 1234 1839 1305 precibusque
1867 1248 2057 1288 remu-

397 1338 637 1392 neratus
679 1333 853 1396 esset,
886 1327 1093 1399 pedem
1143 1323 1279 1380 aula
1326 1322 1553 1379 extulit.
1585 1322 1781 1377 Ariani
1833 1324 2051 1392 autem,

393 1424 491 1496 qui
521 1423 592 1479 ad
627 1420 739 1476 hoc
771 1431 959 1489 usque
1007 1420 1243 1485 tempus
1292 1414 1723 1468 sacrosanctam
1754 1409 1935 1465 eadem
1968 1415 2051 1467 te-

390 1516 659 1579 nuerant,
692 1505 1039 1566 sicariorum
1072 1517 1315 1558 manum
1348 1500 1659 1573 parabant,
1692 1515 1796 1571 pro
1829 1515 1896 1554 ea
1918 1514 2052 1554 cum

389 1604 558 1659 beato
589 1600 709 1655 viro
740 1595 921 1653 armis
944 1594 1256 1649 decernere
1281 1589 1730 1645 constituentes.
1758 1588 1958 1659 Itaque
1979 1588 2051 1643 ab

389 1693 742 1763 imperatore
773 1684 1011 1757 quidem
1044 1679 1315 1751 precibus
1345 1678 1792 1743 contendebant,
1817 1693 1888 1731 ne
1913 1682 2055 1731 tem-

391 1781 557 1855 plum
589 1776 701 1833 sibi
733 1771 950 1830 auferri
982 1770 1218 1835 sineret,
1241 1768 1393 1838 quod
1425 1765 1700 1855 videlicet
1723 1764 1910 1855 ipsius
1941 1764 2052 1855 im-

394 1854 555 1943 perio
587 1865 859 1922 resistere
905 1862 1245 1915 vererentur
1276 1872 1289 1910 :
1324 1860 1597 1911 caeterum
1649 1854 1742 1925 pio
1775 1854 1917 1924 viro,
1951 1854 2051 1908 iis-

395 1976 509 2033 que
540 1956 640 2027 qui
673 1951 937 2027 partibus
986 1947 1175 2020 ipsius
1203 1944 1537 2011 studebant,
1570 1943 1776 2033 mortis
1826 1951 2046 2033 metum

390 2031 787 2110 intentabant,
820 2045 945 2095 tum
977 2036 1209 2109 publice
1240 2035 1421 2090 armis
1456 2032 1749 2097 instructi,
1770 2036 1896 2087 tum
1930 2031 2046 2103 pri-

2169 625 2282 680 ριον
2335 604 2567 678 ἐντίμως
2614 627 2673 661 τε
2719 607 2809 661 καὶ
2850 611 2957 662 τῶν
3009 606 3175 662 αὐτοῦ
3222 606 3401 663 πόνων
3435 607 3690 680 ἐπαξίως,
3730 610 3824 666 καὶ

2167 692 2401 766 διαλέξει
2445 695 2752 769 πλατυτέρα
2795 696 2857 750 τὸ
2906 696 3031 771 περὶ
3082 695 3241 752 αὐτὸν
3300 694 3625 768 ἐνδείξασθαι
3676 699 3819 775 πρό-

2165 784 2359 857 θυμον,
2416 782 2505 839 καὶ
2559 782 2718 847 τέλος
2775 783 2967 839 εἰπεῖν·
3021 809 3051 837 ι(
3110 787 3177 842 Ὢ
3232 786 3421 861 πάτερ,
3476 787 3562 841 σοί
3612 808 3671 843 τε
3728 788 3821 844 καὶ

2163 878 2281 934 τοῖς
2312 870 2502 949 ἱδρῶσι
2531 878 2651 936 τοῖς
2689 878 2806 935 σοῖς
2857 872 2927 928 δι’
2951 876 3111 948 ἡμῶν
3147 875 3175 929 6
3205 875 3331 938 Θεὸς
3378 875 3671 952 ἐγχειρίζει
3717 878 3818 947 τὴν

2165 961 2512 1031 Ἐκκλησίαν,
2544 959 2683 1018 Ἰδοὺ
2716 960 2919 1037 δίδωμί
2953 984 3036 1019 σοι
3065 963 3156 1019 τὸν
3202 964 3348 1020 οἶκον
3397 966 3488 1021 τὸν
3532 966 3678 1042 ἱερὸν
3728 968 3822 1022 καὶ

2163 1052 2253 1105 τὸν
2299 1052 2504 1127 θρόνον.
2550 1076 2579 1103 ››
2629 1053 2685 1107 Ὀ
2735 1048 2796 1107 δὲ
2843 1050 3131 1129 μακάριος,
3184 1054 3539 1130 περιχαρείας
3588 1052 3818 1131 πληρω-

2163 1138 2271 1202 θεὶς
2330 1143 2463 1213 (66),
2523 1140 2901 1216 ἀσπασάμενος
2956 1141 3050 1197 τὸν
3136 1141 3530 1217 αὐτοκράτορα,
3587 1144 3677 1200 καὶ
3735 1144 3818 1201 εὐ-

2162 1234 2291 1305 χαῖς
2336 1231 2730 1305 ἀμειψάμενος,
2781 1229 2923 1304 ἐξῄει
2954 1234 3068 1304 (67)
3116 1236 3223 1286 τῶν
3281 1230 3595 1307 βασιλείων.
3645 1236 3705 1288 Οἱ
3754 1232 3813 1290 δὲ

2163 1320 2432 1393 ’Δρειανοὶ
2464 1318 2655 1396 (μέχρι
2687 1322 2787 1396 γὰρ
2820 1324 2918 1374 τοῦ
2948 1318 3149 1395 χρόνου
3178 1318 3338 1376 τοῦδε
3382 1322 3476 1376 τὸν
3526 1322 3667 1397 ἱερὸν
3713 1344 3810 1378 κα-

2163 1412 2315 1482 εῖχον
2392 1408 2566 1483 οἶκον)
2644 1408 3036 1485 παρετάττοντο
3107 1412 3377 1488 ξιφήρεις,
3438 1411 3572 1487 ὑπὲρ
3645 1412 3811 1468 αὐτοῦ

2161 1496 2425 1569 πολεμεῖν
2453 1496 2726 1571 ᾑρημένοι
2772 1499 2909 1574 πρὸς
2956 1498 3048 1554 τὸν
3105 1498 3392 1574 μακάριον.
3426 1501 3525 1555 Καὶ
3572 1501 3663 1557 τὸν
3716 1502 3811 1574 μὶν

2165 1586 2392 1662 βασιλέα
2417 1587 2654 1641 ἱκέτευον
2691 1588 2766 1660 μὴ
2816 1587 3167 1664 ἀφαιρεθῆναι
3201 1591 3315 1662 (68)
3364 1591 3454 1645 τὸν
3506 1589 3679 1661 οἶκον,
3726 1588 3813 1647 δε-

2162 1672 2403 1736 δοικότες
2436 1670 2757 1730 ἀντιϐαίνειν
2789 1680 2869 1747 τῷ
2906 1676 3110 1752 κράτει’
3141 1682 3220 1749 τῷ
3269 1675 3328 1733 δὲ
3376 1676 3512 1751 ὁσίῳ
3557 1679 3649 1733 καὶ
3695 1685 3815 1743 τοῖς

2164 1764 2279 1837 μετ’
2326 1763 2490 1819 αὐτοῦ
2548 1767 2771 1820 θάνατον
2828 1765 3185 1838 ἐπηπείλουν,
3247 1764 3488 1840 δημοσίᾳ
3540 1789 3601 1823 τε
3659 1768 3815 1825 ὁπλι-

2163 1855 2395 1921 σθέντες,
2426 1853 2516 1907 καὶ
2549 1851 2659 1924 ἰδίᾳ
2687 1855 2793 1908 τινὶ
2845 1854 3192 1929 ὑποθέμενοι,
3226 1856 3402 1932 λάθρα
3449 1857 3811 1933 προσελθόντι

2160 1940 2249 1997 διὰ
2298 1946 2407 1997 τῶν
2460 1941 2789 2018 σπλάγχνων
2830 1947 2928 1998 τοῦ
2979 1944 3282 2019 ἀρχιερέως
3312 1945 3469 2000 ὠθεῖν
3518 1946 3579 2000 τὸ
3632 1946 3809 2023 ξίφος.

2158 2031 2257 2086 Καὶ
2287 2032 2324 2101 ἡ
2359 2030 2453 2105 μὲν
2488 2030 2738 2094 σύστασις
2768 2037 2874 2087 τῶν
2908 2031 3191 2105 πολεμίων
3222 2033 3483 2104 τοσαύτη.

386 2140 568 2198 vatim
600 2133 917 2191 subornato
949 2126 1228 2199 quodam,
1258 2122 1357 2195 qui
1407 2123 1480 2179 ad
1530 2122 1865 2194 pontificem
1916 2121 2233 2194 accederet,
2267 2124 2515 2194 ejusque
2547 2127 2750 2194 pectus
2781 2139 2922 2179 ense
2950 2124 3263 2195 trajiceret.
3298 2130 3485 2196 Atque
3532 2125 3655 2182 hac
3685 2132 3811 2182 erat

378 2227 639 2287 hostium
670 2217 1045 2292 conspiratio.

452 2318 621 2374 Mane
649 2313 871 2383 itaque,
894 2323 1029 2363 cum
1060 2301 1315 2377 pepulus
1345 2300 1448 2357 Dei
1479 2299 1655 2356 simul
1678 2316 1813 2357 cum
1847 2303 2038 2373 pasto-

377 2427 438 2466 re
469 2407 544 2463 ad
576 2417 804 2461 sacram
835 2396 1017 2452 aedem
1050 2391 1447 2465 recipiendam
1480 2390 1890 2463 perrexissent,
1918 2406 2035 2445 non

377 2499 578 2555 minus
610 2489 821 2567 gravis,
851 2500 1031 2559 quam
1060 2482 1110 2539 si
1141 2481 1348 2538 civitas
1378 2478 1575 2536 hostili
1611 2480 1830 2551 impetu
1861 2496 2038 2551 expu-

379 2588 678 2661 gnaretur,
705 2576 998 2635 tumultus
1023 2571 1310 2628 excitatus
1331 2572 1442 2638 est,
1469 2568 1669 2624 multis
1692 2568 2036 2625 hominibus

380 2657 440 2733 in
468 2673 612 2731 vicis
635 2675 691 2727 et
720 2664 964 2737 distegis
987 2678 1054 2718 ac
1075 2660 1335 2731 tristegis
1358 2675 1490 2714 cum
1513 2657 1694 2713 armis
1716 2657 2031 2726 stantibus,

376 2762 844 2829 mulieribusque
874 2757 931 2809 et
959 2748 1157 2823 pueris
1194 2763 1429 2820 gravem
1462 2745 1747 2818 ejulatum
1780 2745 2034 2817 permis-

371 2856 481 2911 tim
504 2848 837 2908 edentibus.
864 2844 993 2914 Ipse
1013 2854 1245 2911 quoque
1266 2838 1583 2907 imperator
1607 2834 1891 2905 templum
1916 2852 2034 2890 una

373 2959 509 3001 cum
540 2942 706 2995 beato
735 2929 1010 3003 Gregorio
1043 2928 1346 3000 ingressus
1378 2929 1486 2980 est.
1513 2924 1587 2980 Ut
1618 2930 1813 2979 autem
1848 2922 2034 2979 multa

373 3035 434 3090 in
467 3030 643 3087 rebus
674 3020 950 3081 humanis
980 3034 1120 3073 casu
1153 3014 1382 3070 evenire
1414 3013 1625 3078 solent,
1648 3013 1905 3069 nubibus
1938 3028 2032 3068 so-

378 3122 451 3177 lis
482 3119 682 3175 orbem
735 3111 845 3166 sub
895 3122 1168 3164 auroram
1217 3102 1633 3171 subeuntibus,
1658 3103 1906 3157 tenebrae
1938 3118 2031 3156 re-

379 3213 551 3283 pente
581 3206 786 3260 coortas
819 3200 977 3254 sunt.
1007 3195 1140 3257 Qua).
1169 3209 1299 3283 gres,
1322 3196 1387 3246 ut
1416 3208 1449 3246 a
1478 3191 1625 3283 testo
1655 3189 2033 3283 hujusmodi-

2218 2297 2438 2374 Πρωίας
2488 2296 2546 2355 δὲ
2590 2300 2904 2375 γενομένης,
2958 2301 2987 2355 6
3037 2297 3172 2363 λαὸς
3218 2305 3315 2357 τοῦ
3378 2305 3512 2358 Θεοῦ
3561 2302 3675 2375 ἅμα
3721 2306 3801 2373 τῷ

2144 2387 2362 2462 ποιμένι
2391 2386 2554 2459 ἤεσαν
2581 2391 2692 2462 (69)
2728 2391 2819 2445 τὸν
2865 2390 3009 2465 ἱερὸν
3056 2389 3203 2444 οἶκον
3256 2388 3694 2463 ἀποληψόμενοι·
3728 2391 3797 2460 ἦν

2146 2474 2239 2532 οὗν
2273 2479 2433 2554 θροῦς
2461 2498 2519 2533 τε
2543 2475 2718 2541 πολὺς
2746 2477 2836 2533 καὶ
2864 2477 3126 2553 τάραχος,
3163 2478 3271 2554 οὐχ
3316 2482 3479 2549 ἧττον
3510 2479 3545 2549 ἢ
3578 2476 3799 2542 πόλεως

2143 2568 2530 2642 πορθουμένης
2562 2565 2620 2622 ἐκ
2647 2565 2931 2641 πολεμίων
2964 2565 3181 2646 ἐφόδου,
3204 2567 3432 2624 πολλῶν
3465 2565 3798 2646 ὁπλοφόρων

2144 2655 2196 2711 ἐν
2223 2654 2507 2719 πλατείαις
2536 2677 2596 2711 τε
2623 2655 2714 2711 καὶ
2748 2652 3043 2731 διωρόφοις
3074 2657 3162 2712 καί
3211 2656 3543 2736 τριωρόφοις
3600 2653 3795 2731 ὄντων,

2142 2743 2363 2814 πολλῆς
2390 2766 2449 2799 τε
2478 2744 2734 2820 οῒμωγῆς
2766 2749 3036 2821 γυναικῶν
3085 2746 3176 2801 καὶ
3224 2744 3430 2801 παίδων
3484 2767 3797 2824 συμμιγνυ-

2146 2833 2336 2909 μένης.
2385 2833 2573 2909 Είσῄει
2631 2836 2745 2909 (70)
2791 2832 2840 2889 δ’
2897 2834 2990 2890 οὗν
3030 2836 3120 2890 καὶ
3170 2836 3199 2891 6
3251 2833 3503 2909 βασιλεὺς
3559 2836 3675 2910 ἅμα
3721 2840 3801 2908 τῷ

2146 2922 2397 2997 μακαρίῳ
2428 2922 2503 2985 εἷς
2531 2922 2623 2977 τὸν
2656 2923 2813 2980 νεών.
2849 2924 2946 2977 Οἷα
2978 2920 3035 2978 δὲ
3064 2922 3252 2981 πολλὰ
3282 2919 3566 2996 συμϐαίνει
3600 2924 3654 2979 ἐν
3682 2927 3799 3000 (71)

2143 3011 2505 3088 ἀνθρωπίνοις
2558 3008 2863 3086 πράγμασι,
2914 3011 3126 3088 πρωίας
3172 3009 3340 3083 οῧσης
3401 3012 3605 3089 γίνεται
3666 3013 3798 3069 σκό-

2138 3121 2254 3172 τος,
2286 3098 2517 3179 νεφέλης
2546 3100 2639 3155 τὸν
2670 3098 2900 3169 ἡλιακὸν
2950 3099 3152 3156 κύκλον
3206 3098 3629 3175 ὑποδραμούσης
3657 3104 3797 3177 (72).

2140 3187 2239 3244 Καὶ
2268 3189 2331 3243 τὸ
2362 3183 2593 3261 συμϐὰν,
2622 3189 2818 3263 ἑορτῆς
2847 3210 2908 3245 τε
2965 3189 3055 3244 καὶ
3112 3187 3474 3268 φαιδρότητπ
3531 3190 3797 3263 τοιαύτης

378 3275 491 3372 que
520 3292 813 3350 hilaritate
850 3286 1062 3354 aliena,
1085 3281 1332 3337 Arianos
1382 3280 1662 3349 majorem
1696 3279 1753 3333 in
1789 3280 2030 3336 modum

2152 3275 2389 3353 Βπάρχσν
2422 3275 2738 3353 ἀλλότριον,
2764 3276 2892 3339 τοὺς
2947 3278 3039 3351 μὲν
3093 3278 3402 3355 Ἀρειανοὺς
3452 3278 3625 3335 ἐποίει
3662 3299 3792 3353 φαι-

373 3364 692 3451 recreabat,
718 3376 956 3448 perinde
978 3389 1043 3428 ac
1071 3371 1118 3427 si
1152 3371 1305 3425 Deus
1335 3385 1516 3425 sacrae
1538 3368 1678 3425 aedis
1707 3368 2033 3425 translatio-

2152 3364 2454 3443 Βροτέρους,
2487 3365 2563 3427 ὡς
2588 3370 2683 3420 τοῦ
2713 3371 2848 3422 Θεοῦ
2882 3367 2959 3439 μή
3001 3364 3352 3431 εὐδοκοῦντος
3401 3372 3470 3442 τῇ
3517 3368 3792 3441 μεταθέσει

374 3492 509 3533 nem
542 3473 739 3528 minus
786 3469 1014 3539 gratam
1064 3460 1305 3515 haberet
1336 3475 1349 3513 :
1382 3456 1639 3512 ﬁdelium
1672 3462 1874 3512 contra
1903 3457 2031 3513 ani-

370 3582 499 3622 mas
532 3555 922 3618 intolerabilis
952 3549 1118 3606 dolor
1147 3547 1464 3603 cruciabat.
1497 3544 1713 3601 Verum
1745 3546 1922 3602 simul
1944 3551 2031 3602 at-

367 3671 480 3730 que
524 3650 837 3723 episcopus
867 3647 925 3698 et
956 3641 1277 3711 imperator
1308 3653 1507 3692 sacras
1534 3634 1729 3730 valvas
1778 3634 2036 3707 ingressi

366 3722 526 3810 sunt,
562 3722 737 3809 atque
768 3745 974 3789 omnes
1013 3744 1193 3783 unam
1243 3725 1629 3796 eamdemque
1678 3722 2035 3783 laudationis

369 3847 571 3891 vocem
603 3823 993 3890 sustulerunt,
1020 3831 1349 3886 manusque
1381 3831 1514 3869 cum
1547 3812 1822 3885 lacrymis
1845 3818 2036 3871 exten-

370 3923 605 3988 derunt,
629 3910 961 3975 confestim,
988 3905 1086 3963 Dei
1121 3903 1503 3976 providentia,
1530 3902 1821 3958 subducta
1851 3902 2029 3989 nube,

364 4011 663 4082 fulgentes
691 4002 834 4059 solis
864 3996 1009 4053 radii
1033 4010 1261 4051 sacram
1285 3992 1528 4082 domum
1552 3989 1864 4082 splendore
1898 4008 2029 4059 per-

363 4079 673 4162 fuderunt;
710 4102 958 4158 aereque
1002 4083 1342 4139 collustrato
1373 4079 1643 4135 homines
1673 4080 1855 4135 animi
1885 4098 2031 4137 mo:-

364 4202 557 4245 rorem
600 4184 658 4237 in
690 4177 955 4235 laetitiam
1003 4174 1463 4235 commutarunt,
1486 4173 1663 4239 atque
1712 4168 2029 4240 imperato-

366 4293 513 4346 rem,
536 4277 603 4329 ut
644 4269 986 4341 episcopum
1019 4263 1078 4316 in
1111 4260 1321 4314 throno
1370 4255 1699 4326 collocaret,
1723 4258 2027 4315 obsecrem

369 4369 545 4435 atque
595 4354 875 4415 obtestari
932 4350 1252 4421 cmperunt.
1282 4348 1356 4401 At
1403 4345 1738 4418 Gregorius,
1770 4362 1904 4401 cum
1953 4348 2026 4404 ab

369 4453 475 4510 illa
505 4451 641 4508 sede
690 4443 1048 4510 abhorreret,
1081 4453 1187 4492 nec
1235 4452 1350 4508 praa
1389 4435 1515 4489 vita;
1563 4435 1941 4506 continentia,
1969 4441 2029 4493 et

369 4539 632 4614 corporis
663 4531 1034 4596 inﬁrmitate,
1054 4542 1253 4582 vocem
1286 4525 1346 4579 in
1377 4528 1541 4579 tanto
1571 4523 1880 4579 hominum
1914 4542 2028 4581 nu-

372 4612 533 4690 mero
566 4629 767 4686 efferre
798 4623 1014 4695 posset,
1051 4634 1154 4689 per
1181 4613 1498 4686 quemdam
1528 4612 1623 4668 his
1654 4613 1843 4669 verbis
1875 4613 2025 4670 mul-

2140 3460 2238 3511 τοῦ
2292 3451 2461 3510 οἷϐιου·
2524 3455 2705 3531 ψυχὰς
2783 3452 2841 3510 δὲ
2916 3460 3119 3511 πιστῶν
3199 3456 3354 3512 ἀνία.
3389 3456 3592 3528 ἐπίεζεν
3667 3458 3798 3514 ὑπο-

2141 3543 2429 3620 σμύχουσα
2455 3545 2694 3618 (73).⁴Ως
2723 3541 2780 3599 δὲ
2806 3551 2906 3615 τῆς
2937 3545 3085 3619 ἱερᾶς
3117 3544 3402 3621 κιγκλίδος
3435 3547 3465 3603 ὅ
3492 3568 3551 3602 τε
3581 3548 3795 3620 ποιμὴν

2142 3634 2231 3689 καὶ
2281 3635 2309 3688 ὁ
2356 3631 2609 3709 βασιλεὺς
2658 3629 2787 3689 εἷ’σω
2831 3632 3133 3709 παρέδοσαν
3165 3636 3301 3709 (74),
3334 3633 3477 3710 ἤρθη
3526 3656 3585 3691 τε
3636 3636 3793 3713 φωνή

2146 3722 2243 3797 μία
2298 3721 2444 3799 παρὰ.
2500 3722 2715 3777 πάντων
2772 3721 3049 3791 αἰνέσεως,
3085 3721 3289 3798 δάκρυά
3322 3744 3379 3779 τε
3437 3723 3526 3779 καὶ
3585 3728 3792 3800 ’χειρῶν

2141 3810 2375 3874 ἔκτασις.
2409 3808 2652 3886 Ἀθρόως
2706 3815 2805 3866 τοῦ
2862 3810 3053 3889 νέφους
3114 3811 3502 3883 ὑπεξελθόντος
3561 3813 3795 3889 προνοίᾳ

2140 3905 2295 3974 Θεοῦ,
2328 3897 2610 3974 ἐκλάμψαν
2671 3901 2785 3974 (75)
2839 3901 3070 3969 ἡλιακὸν
3128 3900 3286 3964 σέλας
3342 3902 3433 3957 τὸν
3462 3902 3606 3977 ἱερὸν
3640 3900 3790 3959 οἶκον

2140 3988 2463 4065 κατηόγασεο
2515 3988 2607 4043 καὶ
2647 3993 2726 4061 τῷ
2772 3988 2888 4065 ἀέρι
2939 3989 3258 4068 φωτισθέντι
3307 3992 3361 4045 αἱ
3411 3995 3520 4046 τῶν
3588 3990 3793 4068 ἀνθρώ-

2138 4100 2256 4134 πων
2286 4075 2517 4133 διάνοιαι
2546 4078 2646 4147 τὴν
2682 4074 2976 4151 δυσθυμίαν
3012 4080 3123 4152 (76)
3156 4077 3231 4142 εἷς
3265 4076 3601 4156 φαιδρότητα
3650 4101 3787 4153 συμ-

2141 4162 2462 4242 μετέϐαλον,
2531 4165 2624 4221 τόν
2702 4186 2762 4220 τε
2842 4165 3067 4242 βασιλέα
3142 4168 3385 4222 ἱκέτευον
3470 4165 3789 4243 ἐγκαθιδρῦ-

2135 4278 2222 4312 σαι
2255 4258 2367 4330 (77)
2399 4255 2490 4311 τὸν
2524 4255 2783 4331 ἀρχιερέα
2810 4260 2888 4327 τῷ
2918 4254 3114 4332 θρόνῳ.
3145 4257 3202 4311 Ὁ
3252 4254 3309 4312 δὲ
3369 4257 3656 4334 μακάριος,
3710 4258 3786 4331 μὴ

2140 4340 2475 4422 βουλόμενος
2514 4343 2685 4399 ἐκεῖσε
2713 4341 3154 4418 καθιδρυνθῆναι,
3186 4344 3347 4409 αὐτὸς
3398 4346 3452 4402 ἐν
3509 4346 3791 4409 τοσούτοις

2137 4434 2394 4514 έκφωνεῖν
2424 4433 2528 4489 ὑπὸ
2572 4439 2673 4503 τῆς
2722 4431 3035 4511 ἐγκρατείας
3082 4434 3173 4489 καὶ
3218 4436 3317 4504 τῆς
3364 4434 3637 4497 ἀσθενείας
3681 4434 3790 4511 οὐχ

2137 4524 2251 4586 οἷός
2301 4544 2361 4579 τε
2413 4520 2510 4593 ὢν,
2542 4528 2857 4602 προσφωνεῖ
2893 4527 2973 4595 τῷ
3025 4521 3224 4594 πλήθει
3273 4521 3363 4579 διά
3412 4544 3559 4587 τινος
3606 4521 3787 4600 λέγων

2135 4612 2343 4676 αὐτοῖς’
2378 4636 2406 4665 ‹‹
2446 4613 2513 4667 Ὠ
2554 4610 2732 4684 τέκνα,
2781 4615 2872 4668 νῦν
2918 4612 3108 4690 καιρὸς
3158 4612 3638 4688 εὖγνωμονοῦντας
3685 4614 3787 4683 τὴν

370 4722 687 4779 titudinem
732 4714 944 4771 affatur
973 4726 988 4766 :
1025 4726 1092 4766 :«
1126 4705 1169 4761 Ο
1201 4703 1327 4773 ﬁlii,
1360 4720 1517 4759 nunc
1548 4708 1782 4776 tempus
1829 4708 1918 4760 est
1965 4708 2030 4759 ut

2152 4702 2300 4778 χάριν
2333 4697 2630 4775 ὁμολογεῖν
2656 4699 2735 4778 ἐφ’
2768 4701 2850 4762 οἷς
2883 4698 3175 4805 ἐχαρίσατο
3204 4704 3340 4775 ἡμῖν
3373 4704 3409 4771 ἡ
3440 4699 3624 4777 Τριάς.
3661 4700 3793 4776 Περὶ

371 4808 637 4870 beneficii
668 4817 981 4869 memores,
1011 4798 1086 4853 ob
1129 4812 1197 4852 ea
1229 4811 1355 4866 quae
1386 4792 1596 4865 largita
1626 4792 1885 4849 Trinitas
1914 4797 2023 4863 est,

446 5011 555 5081 (66)
587 5010 835 5081 Montac.
869 5008 928 5081 et
948 5000 1057 5081 alii
1088 4999 1228 5056 edit.
1256 4994 1459 5052 volunt
1483 4991 1735 5059 πληθείς,

464 5072 555 5150 67)
586 5080 722 5136 Cod.
756 5078 852 5133 0r.
885 5072 1065 5150 ἐξίει..
1160 5141 1172 5150 ι
1433 5142 1442 5150 ι
1582 5137 1599 5150 ‘
1624 5137 1640 5150 ῃ
1831 5142 1840 5150 _
1885 5136 1897 5149 ι

464 5084 555 5153 67)
586 5084 722 5136 God.
756 5084 852 5133 Ur.
885 5084 1030 5147 εξιει.
1160 5141 1172 5153 ¹
1300 5139 1311 5150 ,
1885 5136 1897 5149 .

442 5084 913 5237 (68),Ξὶρ“νοιυυι
950 5143 1175 5215 antiqui
1224 5139 1361 5195 edit.
1395 5142 1453 5193 et
1497 5137 1665 5193 codd.
1716 5142 1921 5194 nostri.
1958 5137 2021 5192 In

495 5267 508 5281 .
543 5223 821 5281 ἀφεθῆναι.

372 5224 508 5282 edit.
543 5224 575 5278 ἆ
619 5224 821 5291 εθῆναι.

382 5366 397 5368 A
443 5296 553 5368 (69)
578 5243 721 5351 Eod.
754 5285 1052 5368 0r.‘i'eoaV'
1100 5299 1237 5368 mox
1287 5280 1448 5337 Colb.
1476 5280 1534 5368 '2,
1568 5278 2021 5368 ἀπολειψόμενοι.

369 5351 509 5422 Οοὶί.
537 5351 609 5423 Ῥ.
645 5356 1162 5437 κατερχόγμενοιηαᾴ
1206 5351 1676 5437 ςαοναηιμρηιιιιη
1721 5351 2021 5409 descendis-

639 5419 999 5508 quitiupsd‘au‘l
1029 5419 1168 5508 edit:
1202 5419 1680 5495 ἀποκληψόμενοι.

464 5508 553 5580 70)
587 5494 720 5564 (toti.
755 5506 849 5560 op.
883 5509 939 5558 et
964 5502 1024 5557 P.
1063 5494 1235 5552 εἷσίει.

466 5581 555 5649 71)
589 5581 672 5633 Ἐν
708 5580 867 5632 deest
893 5575 950 5627 in
982 5571 1235 5649 cod..Or.

442 5510 558 5725 (72)
590 5653 676 5725 Ita
706 5650 955 5725 Montac.
983 5648 1039 5725 et
1058 5640 1157 5697 alii
1177 5640 1235 5725 ed

466 5571 555 5649 71)
589 5581 672 5633 Ἐν
708 5580 867 5632 deest
893 5575 950 5627 in
982 5571 1266 5649 cod..__Or:.

466 5636 558 5719 723
590 5653 676 5708 Ita
706 5650 955 5707 Montac.
983 5648 1039 5719 et
1058 5640 1157 5697 alii
1177 5639 1316 5719 edit.
1343 5652 1449 5697 nec
1475 5652 1592 5697 non
1615 5652 1819 5695 amnes
1850 5636 2021 5699 codd.

369 5708 579 5787 nostri.
612 5723 676 5781 In
708 5719 849 5780 edit.
878 5708 1345 5799 περιδραμούσης.

2137 4788 2195 4847 δὲ
2222 4795 2319 4847 τοῦ
2351 4788 2546 4867 θρόνου
2578 4789 2810 4853 εἰσαῦθις
2842 4785 3244 4865 ἀναλαϐώμεθα
3274 4792 3408 4866 (78).
3462 4815 3488 4843 ››
3543 4795 3719 4846 Ταῦτα
3764 4790 3793 4846 6

2203 4992 2316 5065 (73)
2348 4991 2509 5047 Hanc
2562 4990 2871 5065 lectionem
2930 4991 3231 5065 exhibent,
3263 4992 3429 5065 codd,
3480 4990 3789 5065 Or._CAolb.

2134 5060 2252 5157 iet
2279 5060 2346 5148 2',
2381 5079 2488 5119 nec
2541 5080 2657 5119 non
2715 5063 2971 5121 Combef.
3026 5065 3087 5121 In
3146 5064 3283 5122 edit.
3344 5060 3532 5118 ἀνίατα
3588 5060 3795 5131 ἐπίεζεν

2133 5154 2690 5350 υπῖξίίξυέίὶέὀωηοε
2737 5206 2906 5263 codd.
2940 5208 3148 5264 nostri.
3181 5209 3243 5264 In
3294 5206 3433 5264 edit.
3465 5202 3793 5278 παρέδοσαν.

2205 5281 2298 5350 (75
2352 5280 2436 5335 Ita
2456 5277 2718 5350 ,Montac.
2752 5283 2809 5334 et
2839 5295 3043 5337 omnes
3095 5280 3262 5337 codd.
3298 5279 3485 5337 nostri
3531 5295 3598 5336 ac
3625 5284 3793 5335 Gom-

2205 5277 2319 5405 (75)
2352 5280 2436 5335 Ita
2454 5277 2718 5365 'Montac.
2752 5283 2809 5334 et
2839 5295 3043 5337 omnes
3095 5280 3262 5337 codd.
3298 5279 3485 5337 nostri
3531 5277 3598 5336 ac
3625 5284 3795 5335 Com-

2233 5392 2246 5405 .
2280 5350 2345 5405 In
2375 5350 2515 5421 edit.
2536 5345 2860 5421 iéklgptpav.
2886 5418 2896 5421 _

2130 5351 2246 5407 bef.
2280 5351 2345 5405 In
2375 5351 2515 5405 edit.
2549 5351 2860 5421 ἐλλάμψαν.

2204 5422 2316 5496 (γε)
2348 5420 2487 5496 god.
2519 5420 2614 5496 9r.
2649 5416 2982 5496 δυῖτφῃμίαν-

2225 5422 2294 5475 76
2348 5422 2487 5476 Cod.
2519 5422 2614 5477 Or.
2649 5422 2981 5496 δυσφημίαν.

2225 5422 2316 5570 ἷῖί
2346 5492 2594 5570 God--01:
2642 5489 2981 5570 Ξαθιδρῦσαεο

2264 5555 2727 5642 8)_Codd._(_391b.
2769 5555 2896 5622 1'et
2940 5569 2995 5637 2,
3048 5562 3281 5627 εἰσαῦθις
3330 5555 3797 5642 ἆναϐαλλώμεθα,

2131 5637 2197 5696 in
2223 5636 2502 5712 posterum
2528 5636 2870 5712 differamus.
