4100 6462
317 342 437 404 293

1328 330 1698 395 AUCTORE
1743 326 2143 391 GREGORIO
2186 326 2731 392 PRESBYTERO.

3623 336 3745 400 294

326 473 421 547 μὶν
452 469 590 533 λαὸς
624 466 942 543 δεξάμενος,
990 465 1300 543 ἐπραΰνετο·
1335 464 1363 519 ὁ
1393 460 1740 536 αὐτοκράτωρ
1794 457 1852 515 δὲ
1878 465 1978 529 τῆς
2006 522 2007 527 η

2127 461 2312 518 ratias
2342 463 2685 519 referamus.
2709 464 2791 519 De
2808 464 3018 521 throno
3050 471 3243 524 autem
3267 470 3411 525 alias
3442 488 3743 544 agemus.»

328 560 689 639 μετριότητος
759 560 875 633 (79)
935 560 1031 612 τοῦ
1106 550 1297 631 ἀνδρὸς
1362 550 1765 623 κατεπλήττετο
1800 594 1812 607 .
1882 548 1981 603 Καὶ

326 650 501 713 οὕτως
580 650 675 723 μὲν
735 650 772 717 ἡ
844 648 1146 721 πανήγυρις
1208 641 1428 713 διελύθη
1470 686 1484 700 .
1544 640 1875 719 εὐφροσύνην
1925 659 1985 695 τε

325 739 592 810 πλείστην
624 738 1048 814 παρασχομένου
1085 736 1320 810 Χριστοῦ
1367 731 1457 788 καὶ
1498 729 1814 809 ἀσφάλειαν,
1848 728 1987 783 ὥστε

326 830 757 898 κατευνασθῆναι
802 830 911 881 τῶν
964 845 1024 880 τε
1082 822 1269 878 ὅπλων
1338 822 1438 891 τὴν
1494 820 1837 897 παρασκευὴν
1895 816 1985 872 καὶ

326 923 429 990 τῆς
484 917 679 993 μανίας
724 917 789 972 τὸ
848 914 986 985 ζέον·
1043 912 1097 968 ἓν
1158 910 1217 967 δὲ
1276 911 1441 985 μόνον
1500 909 1784 986 γυμνωθὲν
1836 906 1986 985 ξίφος

332 1007 607 1083 ἀναιμωτὶ
636 1005 803 1063 πάλιν
838 998 1187 1079 ἐμϐληθῆναι
1216 1005 1288 1076 τῇ
1318 1000 1604 1079 ξιφοθήκῃ.

407 1272 564 1345 Πλήν
593 1293 658 1350 γε
687 1270 788 1328 οὐκ
825 1269 901 1333 εἰς
941 1268 1103 1332 τέλος
1152 1268 1513 1343 συνεχωρήθη
1569 1266 1646 1340 μὴ
1680 1261 1991 1341 ἐνιδρυνθῆ-

335 1367 535 1436 ναιτῷ
583 1361 780 1436 θρόνῳ.
834 1359 1035 1433 Καίπερ
1082 1357 1184 1435 γὰρ
1234 1356 1334 1412 οὐκ
1373 1353 1646 1424 ἐθέλοντα,
1696 1353 1784 1409 καὶ
1835 1352 1991 1430 ἰσχυ-

342 1456 457 1530 ρῶς
505 1450 875 1524 ἀναινόμενον,
927 1446 1081 1520 ὅμως
1132 1443 1374 1523 ἐνίδρυσε
1428 1450 1531 1514 τῆς
1580 1440 1992 1530 ἀρχιερωσύνης

341 1528 463 1603 τοῖς
522 1541 715 1601 θώκοις
770 1537 1074 1613 ἀρχιερέων
1132 1533 1347 1606 πληθύς
1382 1576 1395 1590 .
1452 1536 1627 1588 Ταῦτα
1682 1528 1742 1586 δὲ
1800 1531 1991 1605 μικρὸν

341 1629 581 1706 ὕστερον.
643 1629 705 1686 Ὁ
766 1627 861 1701 μὲν
916 1623 1011 1680 οὖν
1076 1623 1331 1700 βασιλεὺς
1384 1626 1464 1695 τῶ
1518 1618 1669 1698 ἀνδρὶ
1723 1619 1993 1695 έγεγήθει,

334 1718 547 1794 πατρὸς
604 1717 752 1789 αύτῷ
804 1716 974 1789 τιμὴν
1032 1714 1122 1769 καὶ
1182 1709 1318 1768 αἰδῶ
1369 1710 1682 1783 ἀπονέμων.
1742 1709 1859 1794 Καὶ,
1893 1709 1995 1784 γὰρ

2093 551 2225 607 Haec
2252 552 2428 608 verba
2471 552 2717 608 audiens
2748 553 2999 626 populus
3032 556 3400 627 mitescebat;
3432 558 3750 634 imperator

2092 658 2227 697 vero
2257 641 2514 697 hominis
2548 642 2899 699 modestiam
2928 644 3001 700 ad
3032 648 3332 718 stuporem
3360 665 3547 721 usque
3577 652 3753 708 mira-

2096 731 2290 786 batur.
2347 730 2440 786 Sic
2496 731 2699 787 concio
2764 732 2956 789 soluta
3011 737 3132 804 est,
3192 735 3418 793 Christo
3489 738 3750 797 laetitiam

2098 836 2393 877 summam
2444 820 2940 893 securitatemque
2971 823 3271 895 afferente;
3307 825 3393 882 ita
3440 833 3505 883 ut
3551 832 3608 884 et
3654 847 3752 885 ar-

2099 926 2328 966 morum
2386 913 2705 982 apparatus
2763 912 3104 984 consopitus
3161 914 3369 985 fuerit,
3423 921 3480 973 et
3537 918 3753 976 furoris

2100 1000 2274 1056 ardor
2302 999 2646 1068 exstinctus,
2679 1003 2856 1072 atque
2896 1018 3052 1058 unus
3090 1002 3375 1062 duntaxat
3404 1006 3562 1063 ensis
3594 1025 3756 1065 exer-

2098 1092 2199 1144 tus
2228 1087 2354 1144 sine
2400 1088 2500 1144 illa
2545 1089 2771 1145 cruoris
2799 1089 3084 1149 effusione
3121 1109 3330 1151 rursus
3360 1096 3572 1169 vagina
3619 1115 3759 1155 con-

2102 1177 2279 1233 ditus.

2174 1270 2457 1323 Caeterum
2499 1267 2550 1323 ei
2598 1268 2670 1323 ad
2710 1271 3028 1325 extremum
3059 1286 3248 1342 usque
3303 1273 3587 1332 obsistere
3643 1292 3762 1334 non

2103 1356 2287 1422 licuit,
2309 1356 2628 1428 quominus
2659 1356 2720 1413 in
2745 1356 2954 1414 throno
2983 1358 3380 1420 collocaretur.
3408 1364 3761 1423 Pontificum

2104 1446 2262 1503 enim
2295 1445 2612 1502 multitudo
2641 1462 2799 1514 eum,
2823 1448 3093 1519 quamvis
3121 1449 3417 1508 nolentem
3448 1452 3761 1510 vehemen-

2103 1539 2310 1606 terque
2340 1538 2729 1605 recusantem,
2762 1535 2821 1590 in
2861 1536 3344 1612 archiepiscopali
3374 1542 3512 1598 sede
3543 1543 3764 1599 consti-

2105 1624 2238 1679 tuit.
2261 1624 2368 1679 Sed
2400 1623 2524 1679 haec
2556 1623 2857 1695 aliquanto
2888 1628 3200 1698 posterius.
3231 1629 3455 1685 Interea
3506 1632 3767 1703 impera-

2106 1717 2198 1768 tor
2220 1712 2479 1768 hominis
2501 1713 2927 1770 consuetudine
2949 1714 3369 1789 delectabatur,
3388 1735 3641 1791 eumque
3663 1737 3765 1793 pro

335 1793 523 1878 ἧν,εἷ
570 1808 661 1862 καὶ
708 1802 1040 1866 παιδεύσεως
1091 1800 1343 1876 ἄμοιρος,
1395 1799 1522 1855 ἀλλ’
1571 1798 1662 1854 οὗν
1710 1793 1937 1865 εὐσεϐὴς
1969 1798 1996 1852 ὁ

345 1898 363 1903 -
420 1898 431 1903 _
588 1897 599 1903 -
711 1900 737 1903 μ
893 1891 917 1903 ..
1096 1894 1196 1903 .M.
1370 1887 1459 1903 π..
1610 1888 1662 1903 ..
1712 1889 1726 1903 .
1801 1886 1845 1903 ρ..
1890 1894 1919 1903 Α
1958 1891 1986 1900 η

2127 1807 2353 1873 )arente
2402 1801 2647 1857 colebat.
2691 1802 2968 1868 Quamvis
3025 1804 3182 1859 enim
3242 1807 3515 1863 doctrinae
3563 1824 3769 1881 expers

334 1898 481 1973 ἀνὴρ
511 1897 603 1951 καὶ
630 1900 822 1972 πρᾷος,
862 1891 917 1949 εἷ’
937 1913 1038 1966 περ
1089 1894 1203 1966 (80)
1230 1912 1315 1954 τις
1364 1887 1559 1952 ἄλλος.
1593 1888 1766 1950 Αὐτὸς
1798 1886 1855 1942 δὲ
1884 1891 2000 1958 Θεῷ

334 1985 637 2063 σχολάζειν
677 1982 888 2058 μᾶλλον
934 1983 968 2052 ἢ
1024 1980 1239 2058 βασιλεῖ
1285 1984 1393 2035 τῶν
1438 1976 1620 2034 καλῶν
1655 1977 1783 2033 εἶναι
1816 1976 2000 2049 οἰόμε-

332 2097 450 2148 νος,
487 2074 549 2129 ού
580 2076 795 2149 συχνῶς
842 2069 1045 2144 ὡμίλει
1087 2073 1204 2131 τοῖς
1256 2066 1578 2144 βασιλείοις.
1630 2064 1998 2141 Φιλαργυρίαν

336 2162 401 2221 δὶ
443 2162 576 2225 τοὺς
624 2158 1062 2239 παρισταμένους
1111 2162 1191 2231 τῷ
1242 2155 1459 2235 βασιλεῖ
1504 2160 1793 2218 νοσοῦντας
1834 2157 2001 2231 ὁρῶν,

331 2255 429 2310 καὶ
458 2252 589 2315 τοὺς
622 2248 770 2325 δῶρα
817 2248 1222 2325 χαριζομένους
1270 2243 1739 2321 ἀποδεχομένους,
1780 2248 1888 2299 τῶν
1922 2240 2001 2317 δὲ,

334 2343 459 2405 οἶος
511 2344 578 2411 ἦν
626 2339 786 2401 αὐτὸς
828 2340 966 2412 (81),
1021 2335 1169 2412 μάλα
1216 2338 1720 2414 καταφρονοῦντας·
1782 2330 1873 2388 διά
1916 2353 2002 2389 τοι

334 2436 513 2488 ταῦτα
556 2434 674 2492 ταῖς
724 2431 1063 2505 προσευχαῖς
1112 2425 1203 2481 καὶ
1254 2424 1578 2502 ἀγρυπνίαις
1626 2422 1716 2478 καὶ
1750 2419 2003 2478 διδασκα-

343 2518 503 2582 λίαις
545 2524 827 2595 προσεῖχε,
878 2517 969 2572 καὶ
1026 2516 1260 2571 ἀσθυῶν
1312 2512 1623 2585 θεραπείαις
1651 2511 1741 2568 καὶ
1791 2510 2002 2567 ἐπισκέ-

348 2611 467 2684 ψει,
514 2612 625 2680 Θεῷ
669 2606 888 2669 τούτοις
932 2604 1202 2681 καθαίρων
1253 2602 1440 2659 ἑαυτὸν
1488 2601 1577 2657 καὶ
1624 2602 1687 2658 τὸ
1725 2599 2003 2674 ποίμνιον·

346 2698 486 2755 ποτὶ
534 2694 592 2752 δὲ
636 2697 726 2752 καὶ
776 2696 914 2772 πρὸς
963 2694 1161 2772 ἀγροὺς
1213 2693 1577 2769 ὑπανεχώρει,
1619 2692 1719 2761 τήν
1769 2690 2005 2766 ἡσυχίαν

344 2790 561 2857 ποθῶν,
617 2788 707 2841 καὶ
761 2787 824 2840 τὸ
878 2784 1102 2860 συνεχὲς
1156 2788 1263 2837 τῶν
1308 2782 1488 2837 πόνων
1533 2780 1700 2855 ταύτῃ
1749 2780 2007 2853 ἰώμενος,

345 2878 425 2940 ὡς
470 2876 531 2930 ἂν
582 2874 729 2946 αὐτῷ
772 2875 835 2930 τὸ
877 2878 1035 2946 σῶμα
1080 2872 1217 2948 πρὸς
1262 2871 1386 2933 τοὺς
1436 2870 1628 2949 ἐφεξῆς
1677 2868 1879 2931 πόνους
1930 2871 2005 2943 μὴ

350 2965 653 3039 ἀποκάμοι.
686 2962 892 3026 Αύλαῖς
917 2960 974 3017 δὲ
1000 2959 1289 3039 βασιλείων
1315 2960 1554 3037 χρονίως
1589 2954 1851 3014 ἐνέϐαλλε
1872 2960 2007 3033 (82),

353 3054 423 3111 τὸ
467 3060 569 3124 τῆς
622 3051 928 3127 Παροιμίας
985 3050 1042 3106 εὖ
1097 3050 1188 3106 καὶ
1244 3049 1562 3124 πρεπόντως
1615 3046 2006 3121 ἐκμελετήσας·

361 3139 594 3199 Σπάνιον
659 3141 838 3218 εἴσαγε
910 3141 1000 3196 σὸν
1076 3137 1219 3195 πόδα
1290 3139 1427 3215 πρὸς
1505 3139 1595 3194 σὸν
1670 3137 1862 3217 φίλον,
1919 3134 2011 3193 ’ίνα

362 3233 442 3307 μὴ
473 3230 734 3303 πλησθείς
765 3251 861 3285 σου
892 3231 1002 3305 (83)
1039 3230 1242 3303 μισήσῃ
1273 3248 1349 3283 σε.

428 3319 705 3391 Τοσαύτης
756 3316 813 3374 δὲ
860 3319 1070 3392 ποιμὴν
1124 3316 1451 3387 Ἐκκλησίας
1499 3312 1868 3391 ἀποδειχθεὶς,
1919 3316 2010 3371 καὶ

348 3404 693 3487 παραλαϐὼν
722 3405 1032 3485 προσόδους
1079 3428 1139 3463 τε
1184 3406 1273 3461 καὶ
1303 3404 1664 3461 παντοδαπῶν
1701 3403 2011 3479 κειμηλίων

349 3500 572 3569 πλῆθος
600 3541 615 3569 ,
668 3498 792 3573 μίαν
847 3495 1103 3576 δραχμὴν
1162 3495 1397 3551 ἐντεῦθεν
1456 3494 1518 3549 ού
1583 3497 2012 3569 προσεκτήσατο·

349 3589 538 3648 καίτοι
589 3608 653 3664 γε
715 3585 1037 3665 βουλομένῳ
1092 3587 1182 3641 καὶ
1235 3584 1515 3641 ταλάντων
1560 3584 1814 3663 ἀφθονίαν
1870 3586 2017 3657 αύτῷ

354 3678 760 3756 περιποιεῖσθαι
810 3676 871 3731 ἃν
922 3674 1218 3752 ἐξεγένετο,
1265 3675 1327 3730 ού
1381 3672 1686 3750 λογισμοὺς
1733 3672 2017 3750 προσόδων

358 3770 455 3825 καὶ
510 3766 835 3838 διοικήσεως
895 3767 1008 3840 (84)
1058 3765 1204 3842 παρὰ
1257 3768 1366 3819 τῶν
1423 3762 1893 3836 οἰκονομησάντων
1952 3763 2019 3817 τὰ

357 3866 465 3929 τῆς
520 3853 849 3927 Ἐκκλησίας
901 3854 1254 3926 ἐπεζήτησεν,
1303 3852 1402 3908 οὐκ
1445 3853 1759 3930 ἀναγραφὴν
1813 3855 2016 3906 σκευῶν

359 3949 553 4022 ἱερῶν,
592 3942 916 4017 καπηλικῶν
972 3942 1185 4018 μᾶλλον
1228 3945 1264 4012 ἢ
1298 3940 1759 4012 έκκλησιαστικῶν
1811 3938 2017 4016 ἀνδρῶν

360 4037 430 4092 τὸ
490 4032 644 4112 ἔργον
700 4036 812 4109 (85)
868 4037 1029 4089 τοῦτο
1089 4026 1407 4103 ὑπολαϐὼν,
1456 4030 1547 4086 καὶ
1597 4030 1879 4107 ἀρχόντων
1922 4029 2022 4085 ούκ

367 4123 681 4181 ἐπισκόπων
714 4143 728 4157 ·
787 4122 1004 4185 τούτοις
1062 4122 1294 4183 ἅπαντας
1350 4117 1681 4175 έκπαιδεύων
1742 4124 1858 4192 Θεῷ
1907 4121 2021 4193 (86)

369 4212 711 4290 καθαρότητα
778 4212 1103 4290 προσφέρειν
1176 4218 1276 4281 τῆς
1332 4207 1687 4280 συνειδήσεως
1721 4253 1736 4281 ,
1794 4208 1883 4265 καὶ
1944 4210 2021 4283 μὴ

362 4301 687 4381 ἀνθρώπους
714 4302 997 4380 πειρᾶσθαι
1026 4299 1451 4377 λογοθετοῦντας
1480 4298 1703 4355 πείθειν.

2109 1895 2285 1956 esset,
2310 1891 2443 1963 pius
2469 1895 2668 1947 tamen
2690 1891 2777 1947 vir
2804 1896 2947 1961 erat,
2972 1909 3326 1966 morumque
3356 1896 3592 1953 lenitate
3621 1915 3768 1969 prae-

2111 1982 2294 2052 ditus,
2318 1984 2382 2036 ut
2412 1980 2460 2037 si
2508 1980 2804 2053 quispiam
2837 1981 3012 2038 alius.
3033 1982 3251 2039 Verum
3285 1984 3598 2058 Gregorius
3629 1988 3767 2055 Deo,

2111 2087 2288 2142 quam
2340 2070 2699 2142 imperatori,
2725 2087 2962 2142 operam
3003 2072 3140 2129 dare
3188 2074 3523 2144 praeclarius
3569 2078 3767 2133 existi-

2113 2176 2304 2223 mans,
2337 2158 2496 2215 haud
2538 2159 2870 2231 frequenter
2898 2161 2957 2216 in
2990 2161 3125 2218 aula
3150 2164 3515 2230 versabatur,
3536 2182 3635 2221 eos
3665 2167 3769 2239 qui

2112 2248 2485 2321 imperatoris
2514 2247 2672 2305 latus
2694 2249 3026 2322 cingebant,
3052 2252 3304 2307 avarities
3326 2254 3529 2309 morbo
3561 2255 3767 2324 teneri,

2112 2342 2288 2409 atque
2317 2340 2381 2392 ut
2424 2353 2524 2392 eos
2554 2337 2655 2408 qui
2701 2355 2947 2395 munera
2977 2340 3315 2413 affer-ebant,
3339 2358 3504 2398 caros
3536 2342 3774 2414 habere,

2112 2426 2197 2482 ita
2249 2426 2338 2481 sui
2391 2424 2617 2482 similes
2666 2427 2986 2484 admodum
3036 2431 3338 2502 aspernari
3388 2432 3771 2505 perspiciens.

2115 2514 2395 2581 Quocirca
2425 2515 2862 2587 precationibus
2894 2519 2951 2571 et
2980 2518 3322 2589 pervigiliis,
3345 2525 3521 2592 atque
3554 2523 3774 2578 doctrin

2115 2604 2228 2671 nis,
2253 2604 2603 2676 aagrotisque
2632 2604 2909 2660 curandis
2939 2609 2997 2660 et
3021 2605 3343 2663 invisendis
3370 2608 3772 2679 incumbebat,

2119 2698 2231 2749 Deo
2263 2709 2391 2748 sese
2418 2692 2512 2748 his
2542 2693 2719 2750 rebus
2751 2709 3103 2766 gregemque
3132 2711 3393 2768 purgans
3427 2714 3439 2753 :
3475 2700 3769 2756 interdum

2115 2783 2290 2839 etiam
2323 2782 2446 2838 ruri
2495 2783 2821 2852 secedebat,
2855 2783 3234 2840 solitudinem
3267 2790 3564 2861 expetens,
3588 2806 3771 2862 eaque

2118 2872 2418 2946 perpetuis
2459 2870 2759 2927 laboribus
2799 2872 3083 2929 afﬂictum
3115 2890 3328 2946 corpus
3376 2893 3665 2944 recreans,
3698 2894 3773 2935 ne

2119 2963 2189 3017 ad
2223 2963 2536 3033 sequentes
2583 2959 2813 3017 labores
2863 2961 3174 3018 fatisceret.
3204 2964 3288 3019 Ad
3323 2964 3519 3022 aulam
3578 2972 3775 3025 autem

2120 3068 2251 3106 raro
2298 3050 2684 3121 commeabat,
2726 3049 2869 3105 illud
2925 3051 3372 3109 Proverbiorum
3425 3059 3580 3112 recte
3638 3075 3776 3115 con-

2120 3156 2382 3213 grueque
2412 3138 2835 3211 permeditatus
2869 3157 2881 3195 :
2915 3141 3058 3197 Raro
3102 3142 3291 3213 pedem
3338 3147 3495 3200 tuum
3526 3148 3673 3218 infer
3702 3147 3781 3205 ad

2120 3231 2382 3299 amicum,
2414 3244 2484 3284 ne
2512 3230 2658 3299 forte
2683 3231 2915 3285 satiatus
2944 3232 3126 3287 oderit
3155 3240 3206 3288 te
3231 3232 3295 3288 1⁸.

2194 3320 2394 3374 Tantas
2425 3334 2597 3389 porro
2631 3317 2900 3375 Ecclesiae
2931 3320 3144 3392 praesul
3173 3320 3505 3392 institutus,
3531 3342 3784 3397 proven-

2124 3410 2339 3478 tusque
2370 3409 2427 3460 et
2455 3405 2747 3462 inﬁnitam
2780 3406 2973 3462 omnis
3004 3409 3233 3480 generis
3265 3410 3658 3485 eximiamque
3690 3432 3786 3470 su-

2126 3492 2476 3568 pellectilem
2509 3498 2879 3563 consecutus,
2913 3512 2986 3553 ne
3029 3497 3202 3553 unica
3232 3499 3468 3571 quidem
3501 3503 3784 3560 drachma

2126 3584 2264 3639 hinc
2297 3582 2605 3639 facultates
2634 3600 2773 3639 suas
2813 3586 3013 3640 auxit:
3048 3603 3182 3641 cum
3212 3591 3408 3643 tamen
3463 3591 3783 3647 maximam

2126 3672 2481 3728 talentorum
2512 3673 2763 3745 copiam,
2797 3674 2847 3729 si
2876 3673 2957 3728 ita
3003 3673 3191 3745 ipsius
3233 3676 3505 3734 voluntas
3538 3679 3787 3752 tulisset,

2128 3761 2397 3833 colligere
2446 3762 2757 3833 potuisset.
2792 3762 2874 3817 Ne
2905 3763 3201 3819 redituum
3249 3766 3482 3837 quidem
3515 3774 3572 3823 et
3600 3770 3789 3825 admi-

2129 3849 2496 3906 nistrationis
2528 3851 2818 3906 rationem
2851 3852 2923 3906 ab
2968 3851 3065 3921 iis,
3090 3854 3191 3924 qui
3241 3855 3510 3912 Ecclesiae
3556 3860 3790 3929 negotia

2130 3944 2564 4012 procurassent,
2597 3940 2882 4011 repetivit,
2916 3957 3021 3997 nec
3059 3940 3440 4014 supellectilis
3475 3963 3655 4003 sacrae
3686 3949 3787 4003 de-

2132 4028 2507 4101 scriptionem
2545 4045 2876 4101 cauponum
2907 4030 3121 4100 verius,
3147 4049 3327 4104 quam
3360 4034 3785 4093 ecclesiastico-

2131 4136 2264 4175 rum
2309 4118 2593 4185 vivorum,
2623 4118 2682 4174 id
2732 4135 2861 4175 esse
2914 4124 3201 4188 statuens,
3233 4139 3301 4178 ac
3357 4124 3792 4199 praefectorum,

2133 4226 2251 4266 non
2283 4207 2693 4281 episcoporum
2719 4224 2732 4263 :
2758 4212 2932 4280 atquc
2955 4208 3047 4265 his
3069 4211 3245 4267 rebus
3266 4228 3471 4270 omnes
3494 4215 3796 4285 erudiens,

2136 4303 2202 4355 ut
2261 4296 2632 4354 conscientia;
2692 4298 3008 4370 puritatem
3066 4300 3262 4371 potius
3324 4303 3436 4358 Deo
3495 4304 3797 4375 oﬂ‘errent,

2138 4404 2314 4460 quam
2349 4389 2414 4443 ut
2451 4385 2780 4443 rationibus
2824 4388 3145 4445 referendis
3191 4392 3456 4449 muneris
3486 4392 3579 4448 sui
3610 4394 3799 4452 admi-

2138 4476 2550 4532 nistrationem
2582 4475 2923 4533 hominibus
2953 4479 3204 4549 probare
3235 4480 3580 4538 niterentur.

444 4570 714 4647 Συνεχείᾳ
743 4568 801 4626 δὲ
828 4568 1029 4643 πόνων,
1062 4570 1210 4645 γήρᾳ
1252 4589 1312 4624 τε
1339 4567 1429 4623 καὶ
1476 4566 1717 4639 ἀσθενείᾳ
1746 4564 1855 4639 ἤδη
1886 4588 2007 4641 καμ¹

2208 4566 2469 4621 Tandem
2503 4564 2760 4621 assiduis
2790 4564 3114 4637 laboribus,
3138 4572 3195 4624 et
3214 4570 3399 4638 senio,
3423 4571 3801 4643 corporisque

367 4662 670 4736 πιόμενος,
731 4658 1085 4737 ἀρρωστήσας
1142 4657 1231 4713 ἐπὶ
1288 4662 1388 4713 τοῦ
1438 4653 1743 4730 σκίμποδος
1789 4659 1877 4725 ἦν.
1935 4657 2034 4711 Καὶ

370 4751 447 4820 δή
476 4756 577 4806 τοῦ
607 4748 790 4823 δήμου
820 4747 1035 4818 πλῆθος
1069 4746 1278 4823 ἀθρόως
1312 4742 1603 4815 ἐπεισῆλθε
1629 4749 1708 4817 τῷ
1746 4741 2033 4818 δωματίῳ,

370 4841 505 4897 ἔνθα
562 4841 861 4895 κατέκειτο.
920 4839 978 4890 Ὀ
1037 4833 1131 4907 δὲ,
1191 4836 1279 4891 οἷα
1337 4834 1489 4914 φιλεῖ
1547 4829 1860 4907 συμϐαίνειν
1918 4838 2035 4896 τοῖς

370 4930 748 5002 πτοουμένοις
808 4930 970 5001 (87),
1030 4925 1353 5002 ἐπιστρέψας
1429 4923 1517 4979 ἐπὶ
1576 4930 1673 4979 τοῦ
1733 4920 2034 4996 σκίμποδος

369 5018 508 5082 τοὺς
538 5014 730 5087 πόδας,
781 5015 857 5078 εἷς
909 5012 1177 5094 τοῦδαφος
1229 5012 1427 5069 οὑτωσὶ
1473 5012 1771 5084 ἐκαθέζετο,
1820 5012 1873 5067 τί
1908 5010 2035 5086 βού-

450 5137 497 5175 ³⁸
529 5136 691 5193 Prov.
722 5149 852 5202 xxv,
886 5134 972 5188 17.

473 5250 567 5322 79)
594 5250 756 5311 Colb.
793 5250 845 5317 1,
868 5249 970 5322 τήν
1017 5245 1363 5322 μετριότητα.

473 5319 567 5383 80)
590 5323 730 5383 God.
762 5325 827 5377 P.
860 5319 907 5374 εί
936 5319 1027 5374 καί
1050 5319 1154 5381 τις.

472 5389 566 5461 81)
596 5394 774 5454 Codd.
807 5392 968 5449 Colb.
998 5394 1054 5461 2,
1087 5396 1145 5448 et
1173 5391 1268 5447 Or.
1302 5389 1482 5452 οὗτος.

473 5457 568 5530 82)
596 5469 687 5525 Ita
715 5466 884 5522 codd.
916 5457 1075 5520 Colb.
1099 5466 1157 5530 2,
1188 5468 1247 5520 et
1272 5467 1369 5519 Or.
1402 5463 1462 5517 in
1492 5460 1613 5518 edit
1639 5457 1877 5519 ἐνέϐαλε.

475 5532 710 5610 83)Σοῦ
742 5538 906 5610 deest
933 5535 1185 5610 in_Colb.
1212 5538 1268 5606 2,
1296 5532 1389 5589 ’ίνα
1415 5534 1476 5590 in
1507 5535 1636 5592 cod.
1669 5534 1765 5593 0r.
1799 5535 1899 5610 qui
1930 5535 2042 5593 ha-

376 5603 485 5672 bet
550 5603 693 5684 ίλον,
770 5608 929 5681 ήπως
958 5603 1214 5678 πληθείς.

597 5629 782 5747 Gods.
812 5679 912 5743 Or.
942 5683 1001 5741 et
1027 5678 1091 5740 Ρ.
1123 5674 1208 5736 διο

547 5250 570 5613 ἐ

812 5679 912 5743 0r.
942 5683 1001 5741 et
1027 5674 1091 5740 Ρ.
1123 5674 1469 5755 διοικήσεων,
1500 5693 1639 5738 mox
1665 5679 1793 5739 cod.
1825 5679 1890 5741 P.
1920 5676 2044 5754 ἐζή-

2142 4652 2546 4710 imbecillitate
2590 4653 2833 4721 fractus,
2862 4660 3106 4728 urgente
3134 4656 3188 4711 vi
3220 4658 3430 4729 morbi,
3454 4660 3698 4731 grabato
3740 4676 3803 4717 se

2141 4744 2397 4801 tenebat.
2440 4746 2522 4797 Ac
2572 4742 2892 4799 multitudo
2938 4743 3139 4816 populi
3188 4744 3418 4818 ingens,
3459 4748 3801 4805 cubiculum

2143 4834 2200 4888 in
2234 4849 2349 4905 quo
2372 4832 2609 4903 jacebat
2639 4838 2877 4904 repente
2905 4833 3173 4906 ingressa
3201 4840 3308 4892 est.
3346 4838 3474 4908 Ipse
3503 4837 3702 4911 igitur,
3735 4841 3804 4894 ut

2145 4922 2337 4979 solent
2365 4922 2465 4993 qui
2494 4921 2745 4993 strepitu
2776 4921 2974 4995 aliquo
3006 4929 3464 4995 commoventur,
3490 4928 3558 4983 ad
3594 4944 3655 4983 se
3685 4926 3804 4983 col-

2145 5011 2313 5068 lectis
2334 5011 2393 5066 in
2416 5010 2560 5067 sella
2582 5011 2852 5084 pedibus,
2878 5012 2935 5068 in
2959 5029 3093 5070 eum
3122 5014 3365 5070 modum
3386 5014 3446 5071 in
3469 5015 3804 5089 pavimento

2142 5264 2332 5389 τηῖὲἒ)
2363 5314 2434 5369 Τὸ
2464 5311 2621 5389 ἔργον
2655 5317 2817 5373 deest
2848 5317 2904 5373 in
2937 5319 3065 5374 cod.
3099 5322 3196 5376 Or.

2222 5319 2315 5389 (85
2363 5319 2434 5369 Τὸ
2464 5319 2488 5370 ἔ
2565 5337 2621 5370 ον
2655 5319 2817 5373 deest
2848 5319 2904 5373 in
2937 5319 3065 5374 cod.
3099 5322 3196 5376 Or.

2221 5319 2335 5534 (86)
2365 5390 2450 5472 Ita
2493 5334 2745 5446 gontac.
2770 5388 2906 5447 Cod.
2943 5390 3001 5447 P.
3027 5394 3083 5445 et
3112 5392 3367 5449 Combef.
3392 5393 3453 5449 In
3485 5391 3624 5448 edit.
3648 5390 3807 5451 Θεοὸ.

2244 5462 2312 5515 87
2350 5461 2455 5534 Δ8η)
2483 5461 2688 5517 volunt
2728 5461 2979 5518 Montac.
3012 5464 3181 5519 codd.
3215 5464 3310 5521 Or.
3343 5469 3408 5520 P.
3451 5472 3505 5521 et
3543 5464 3807 5522 Combef.

2244 5461 2335 5522 87)
2365 5461 2455 5517 Sic
2483 5461 2688 5517 volunt
2728 5461 2979 5518 Montac.
3012 5464 3181 5519 codd.
3215 5464 3310 5521 Or.
3343 5469 3408 5520 P.
3451 5472 3505 5521 et
3543 5464 3807 5522 Combef.

2152 5531 2325 5608 hanc
2350 5532 2661 5608 lectionem
2710 5537 2946 5608 secutus
2976 5539 3085 5608 Aest
3129 5536 3356 5608 Billius.
3389 5537 3453 5608 In
3503 5537 3644 5608 edit.
3675 5536 3811 5608 qui-

2152 5605 2324 5662 busd.
2374 5603 2749 5690 ποιουμένοις.
2793 5606 2921 5689 Μοδ
2963 5605 3122 5665 Colb.
3176 5610 3227 5694 1,
3258 5606 3550 5738 έπιτρέφας
3598 5603 3807 5692 Eximi}

2152 5672 2475 5738 σκίμποδος.
2506 5677 2713 5735 Billius
2755 5682 2946 5738 vertit.
2977 5694 3252 5738 conversas
3280 5699 3342 5738 ιη
3369 5682 3448 5738 sal
3474 5697 3511 5738 α
3558 5679 3807 5738 pedibus.

2150 5679 2475 5752 σκίμποδος.
2506 5679 2713 5735 Billius
2755 5679 2946 5751 vertit,
2977 5679 3252 5739 conversis
3280 5682 3342 5739 in
3369 5679 3511 5741 seua
3554 5679 3812 5755 pedibus.
