4100 6422
387 315 503 373 295

1508 312 1692 374 νιΤΑ
1744 315 1809 373 S.
1857 308 2229 373 GREGOIHI
2273 312 2667 375 THEOLOGI

3687 318 3806 383 996

386 446 646 515 sedebat,
680 444 819 516 quid
851 445 964 500 sibi
1009 463 1210 501 eorum
1261 447 1545 501 adventus
1579 446 1748 502 vellet
1798 464 2037 518 percun~

2158 443 2329 517 λεῖαι,
2380 445 2803 518 πυνθανόμενος,
2853 448 2885 515 ἡ
2936 446 3112 501 αὐτῶν
3167 446 3453 520 παρουσία,
3499 452 3564 505 Οἰ
3596 448 3677 520 δὲ,
3708 453 3811 528 χά-

385 539 573 590 ctans.
602 533 688 589 [lli
722 538 916 589 autem
940 551 1073 589 cum
1105 541 1161 589 et
1190 535 1262 589 ob
1293 552 1361 589 ea
1390 552 1518 606 quae
1549 536 1881 590 acciderant
1908 552 2035 605 gra-

382 623 496 680 tias
541 628 653 679 Deo
701 622 979 694 egissent,
1012 640 1075 677 ac
1136 638 1236 693 pro
1294 621 1663 694 imperatoris
1720 623 1929 694 salute,
1962 625 2035 678 ob

379 715 682 785 acceptum
733 712 1041 783 templum,
1074 711 1339 783 aliasque
1388 728 1585 767 sacras
1635 712 1809 783 aedes,
1839 712 2035 768 ortho-

380 804 784 873 doxorumque
830 800 1158 867 ecclesiam,
1208 805 1340 855 vota
1396 801 1686 869 fecissent,
1721 800 2036 872 ipsumque

384 893 598 948 horum
628 890 893 945 omnium
944 894 1238 944 auctorem
1272 893 1327 943 et
1357 888 1739 943 architectum
1790 890 2035 961 professi

388 981 659 1047 fuissent,
684 979 797 1034 laeti
822 977 1089 1034 cubiculo
1114 984 1508 1033 excesserunt.
1536 978 1882 1033 Adolescens
1906 994 2035 1034 vero

388 1071 627 1143 quidam
660 1068 915 1137 relictus,
950 1067 1340 1137 manibusque
1372 1066 1493 1121 suis
1540 1068 1690 1121 beati
1721 1067 1827 1120 viri
1861 1068 2036 1139 pedes

387 1159 804 1231 comprimens,
837 1157 909 1211 ab
939 1173 1004 1211 eo
1036 1172 1167 1209 cum
1214 1154 1486 1227 lacryinis
1518 1162 1573 1210 et
1604 1154 2037 1211 lamentationi-

382 1250 496 1305 bus
527 1246 757 1303 sceleris
801 1244 1029 1301 veniam
1079 1243 1323 1316 supplex
1374 1242 1729 1315 postulabat.
1762 1243 2037 1316 Gregorio

382 1342 575 1394 autem
624 1335 960 1391 sciscitante
1012 1333 1153 1405 quid
1204 1331 1315 1387 sibi
1375 1331 1485 1387 hoc
1538 1349 1805 1388 sermone
1842 1332 2035 1401 vellet,

378 1426 523 1482 nihil
560 1424 822 1497 responsi
872 1423 1047 1479 dabat
1079 1439 1092 1475 :
1125 1422 1225 1477 sed
1273 1424 1503 1476 tantum
1556 1420 1811 1492 lugebat,
1846 1438 1910 1476 ac
1943 1438 2037 1477 ve-

380 1517 539 1572 niam
572 1515 819 1587 petebat.
844 1518 990 1567 Tum
1024 1511 1264 1583 quidam
1299 1526 1367 1565 ex
1398 1510 1469 1565 iis
1500 1511 1599 1580 qui
1632 1514 1923 1576 astabant,
1962 1513 2038 1567 ita

376 1605 612 1662 locutus
659 1607 750 1659 ost
782 1620 793 1657 :
826 1623 852 1654 α
886 1602 986 1655 Hic
1034 1604 1123 1655 est
1168 1598 1263 1655 ille
1294 1598 1548 1654 carnifex
1600 1605 1755 1665 tuus,
1788 1616 1820 1653 ο
1851 1607 2035 1670 pater,

380 1694 539 1766 quia
560 1690 861 1748 nonnullis
889 1690 1247 1746 subornatus
1269 1688 1484 1742 ferrum
1507 1688 1610 1742 tibi
1634 1687 1692 1741 in
1722 1688 2039 1758 praecordia

382 1784 683 1839 deﬁxurus
728 1785 872 1849 erat,
905 1778 1016 1833 nisi
1049 1776 1315 1832 Christus
1348 1777 1651 1849 perspicue
1684 1776 1788 1831 tibi
1822 1776 2037 1832 auxilio
2069 1811 2116 1877 Β

379 1872 606 1928 fuisset.
642 1870 804 1934 Quod
836 1872 1037 1924 autem
1086 1867 1158 1922 ad
1202 1882 1402 1921 eorum
1434 1865 1790 1921 voluntatem
1827 1866 2037 1920 attine-

378 1962 499 2027 bat,
523 1961 750 2016 facinus
773 1961 1168 2030 perpetratum
1193 1961 1301 2010 est.
1321 1954 1567 2009 Proinde
1593 1972 1746 2009 nunc
1769 1955 1838 2009 ad
1866 1956 2039 2025 pedes

375 2049 485 2105 tibi
516 2049 909 2122 procumbens
940 2044 1176 2113 clamat,
1200 2043 1456 2114 suscepti
1510 2042 1745 2098 sceleris
1786 2044 2037 2115 paenitu-

381 2139 517 2195 dine
548 2137 811 2193 affectus.
840 2161 861 2183 ι
899 2133 1212 2205 Confestim
1252 2138 1446 2187 autem
1497 2130 1685 2199 Pater,
1718 2137 1783 2186 ut
1812 2136 2036 2204 patrem

383 2244 616 2300 aequum
669 2230 814 2295 erat,
848 2223 1277 2278 adolescentem
1327 2220 1407 2275 ita
1449 2219 1768 2292 alloquitur
1794 2237 1808 2277 :
1833 2243 1861 2271 «
1894 2225 2039 2276 Pro-

382 2316 563 2391 pitius
610 2315 716 2370 tibi
747 2312 1014 2368 Christus
1061 2311 1157 2379 sit,
1190 2328 1223 2365 ο
1254 2309 1620 2375 charissime,
1654 2310 1878 2381 tibique
1917 2311 2039 2381 ipse

382 2407 669 2479 ignoscat,
700 2404 800 2475 qui
846 2419 938 2457 me
987 2416 1221 2472 quoque
1271 2399 1536 2454 servavit.
1574 2398 1691 2454 Hoc
1739 2398 1931 2454 solum
1966 2400 2038 2454 ad

384 2493 661 2551 facinoris
692 2490 1124 2549 excusationem
1174 2494 1233 2544 et
1281 2488 1683 2559 purgationem
1718 2505 1751 2543 a
1782 2496 1834 2543 te
1883 2493 2037 2559 peto,

369 2590 435 2639 ut
467 2600 631 2639 meus
663 2582 791 2647 ﬁas,
823 2578 1094 2635 haeresim
1144 2581 1500 2643 exsecratus,
1531 2580 1704 2646 atque
1735 2576 1806 2631 ad
1852 2575 2037 2630 Deum

2146 553 2227 609 ριν
2270 534 2712 610 ὁμολογήσαντες
2763 537 2874 605 (88)
2922 539 3001 606 τῷ
3052 539 3169 607 Θεῷ
3216 534 3303 589 ἐπὶ
3345 542 3472 600 τοῖς
3521 543 3820 615 γεγενημέ-

2144 643 2276 693 νοις,
2340 623 2428 677 καὶ
2500 623 2631 695 ὑπὲρ
2696 627 2794 677 τοῦ
2850 622 3120 698 βασιλέως
3181 624 3615 701 ὑπερευξᾶμενοι
3682 634 3815 703 (89),

2142 707 2318 766 ἕνεκεν
2362 716 2459 766 τοῦ
2507 711 2633 781 νεὼ,
2665 711 2757 766 καὶ
2805 716 2910 765 τῶν
2956 710 3143 766 ἄλλων
3175 714 3335 788 ἱερῶν
3369 712 3563 781 οἴκων,
3597 719 3686 771 καὶ
3715 722 3812 787 τῆς

2146 797 2469 869 Ἐκκλησίας
2498 803 2605 853 τῶν
2654 796 2983 875 ὀρθοδόξων,
3029 799 3241 855 πάντων
3295 800 3352 856 δὶ
3382 804 3589 859 τούτων
3633 803 3805 861 αἶ’τιον

2144 887 2527 961 προσειπόντες
2568 889 2661 943 τὸν
2718 890 2973 961 ποιμένα,
3029 890 3323 966 γεγηθότες
3374 891 3617 966 ἀπῄεσαν
3668 898 3804 969 (90).

2145 977 2371 1039 Νεανίας
2430 975 2487 1032 δέ
2544 998 2628 1039 τις
2690 976 3056 1054 ὑπολειφθεὶς,
3106 979 3195 1034 καὶ
3242 986 3363 1043 ταῖς
3414 983 3607 1037 ἑαυτοῦ
3648 987 3802 1059 χερσὶ

2146 1064 2443 1138 συμπιέσας
2484 1064 2647 1122 αὐτοῦ
2694 1066 2823 1130 τοὺς
2871 1063 3063 1136 πόδας,
3118 1065 3384 1141 ὀδυρμοῖς
3416 1071 3508 1124 καὶ
3550 1068 3799 1147 δάκρυσιν

2146 1154 2348 1209 ἱκέτευε
2396 1155 2487 1209 τὸν
2543 1154 2805 1229 μακάριον
2860 1160 3167 1231 συγγνῶναι
3215 1158 3363 1228 αύτῷ
3405 1159 3469 1213 τὸ
3518 1160 3799 1235 πλημμέ-

2147 1240 2323 1315 λημα.
2356 1247 2461 1297 Τοῦ
2493 1241 2549 1297 δὲ
2578 1243 2982 1317 πυνθανομένου
3010 1244 3065 1299 τί
3112 1245 3175 1300 τὸ
3224 1244 3520 1322 λεγόμενον
3571 1245 3674 1319 εἴη,
3707 1248 3796 1304 ού-

2147 1329 2233 1386 δὶν
2294 1331 2638 1407 ἀπεκρίνατο,
2688 1331 2835 1402 πλὴν
2881 1337 2980 1388 τοῦ
3033 1335 3269 1410 θρηνεῖν,
3329 1335 3421 1389 καὶ
3469 1338 3794 1411 συγγνώμην

2146 1421 2335 1477 αἰτεῖν.
2369 1426 2488 1476 Τῶν
2541 1419 2599 1476 δὲ
2646 1424 3054 1498 περισταμένων
3104 1444 3188 1484 τις
3233 1419 3356 1501 ἔφη.
3394 1448 3423 1476 ‹‹
3456 1424 3625 1487 Οὗτός
3664 1424 3797 1481 ἐστιν

2148 1510 2176 1564 ὁ
2207 1510 2298 1571 σὸς
2330 1509 2545 1587 φονεὺς,
2578 1512 2623 1565 ὧ
2670 1512 2782 1583 (9|)
2835 1513 3022 1586 πάτερ,
3053 1512 3114 1573 ὃς
3146 1509 3377 1585 ἔμελλεν
3419 1513 3480 1568 ἐκ
3510 1514 3801 1591 σκαιωρίας

2146 1604 2305 1652 τινῶν
2356 1598 2492 1653 κατὰ
2552 1603 2660 1653 τῶν
2713 1604 2819 1654 σῶν
2872 1598 3108 1675 ἐγκάτων
3160 1599 3403 1655 ἐλαύνειν
3465 1601 3617 1679 ξίφος
3669 1604 3801 1677 (92),

2146 1686 2235 1741 καὶ
2269 1689 2297 1742 ὁ
2329 1687 2565 1760 Χριστός
2598 1709 2693 1741 σου
2741 1692 2925 1765 σαφῶς
2970 1684 3315 1747 ἀντελάϐετο.
3349 1692 3588 1764 Γνώμης
3623 1689 3680 1746 δὲ
3706 1695 3801 1760 τῆς

2148 1774 2321 1830 αὐτῶν
2354 1772 2529 1830 ἕνεκεν
2564 1777 2624 1830 τὸ
2673 1774 2855 1851 δρᾶμα
2902 1776 3231 1849 ἐξετελέσθη.
3267 1778 3454 1853 Ταύτῃ
3499 1801 3586 1834 τοι
3634 1800 3800 1856 προσ-

2145 1864 2357 1918 πίπτων
2399 1865 2499 1938 βοᾷ
2547 1863 2634 1919 ἐπὶ
2680 1869 2750 1938 τῇ
2800 1863 2983 1940 τόλμῃ
3036 1864 3507 1940 μεταμελόμενος.
3544 1892 3572 1921 ››
3603 1869 3803 1926 Αὐτίκα

2147 1948 2205 2006 δὲ
2236 1952 2263 2005 ὁ
2295 1952 2501 2027 Πατὴρ,
2535 1955 2624 2007 οἷα
2661 1955 2841 2028 πατὴρ
2874 1956 3008 2026 (93),
3040 1953 3166 2009 τάδε
3216 1956 3369 2033 φησί·
3406 1982 3438 2010 ι(
3474 1958 3686 2013 Γένοιτό
3719 1979 3802 2013 σοι

2147 2040 2378 2113 Χριστὸς
2412 2044 2523 2113 (94)
2557 2040 2810 2112 εὐμενής,
2844 2044 2889 2097 ὦ
2924 2042 3175 2121 φίλτατε,
3220 2046 3310 2099 καὶ
3363 2043 3483 2117 δῴη
3538 2068 3624 2101 σοι
3675 2068 3800 2121 συγ-

2145 2130 2371 2205 γνώμην
2405 2128 2586 2202 αύτὸς,
2637 2131 2664 2185 ὁ
2710 2131 2851 2205 κάμὲ
2898 2134 3225 2208 περισώσας.
3258 2134 3435 2189 Μόνον
3488 2135 3565 2198 εἷς
3600 2136 3802 2191 ἀπολο-

2146 2216 2269 2292 γίαν
2299 2224 2398 2287 τῆς
2426 2216 2643 2291 τόλμης
2696 2218 2826 2291 ἐμὸς
2873 2225 3053 2296 γενοῦ,
3085 2223 3185 2291 τῆν
3236 2219 3437 2297 α’ίρεσιν
3479 2221 3803 2300 βδελυξάμε-

2146 2327 2259 2376 νος,
2307 2311 2423 2379 Θεῷ
2472 2327 2531 2361 τε
2578 2307 2845 2381 πρόσελθε
2880 2352 2894 2376 ,
2940 2310 3031 2364 καὶ
3088 2308 3311 2366 δούλευε
3357 2312 3510 2385 αὐτῷ
3557 2311 3800 2369 δουλείαν

2148 2393 2418 2469 εἰλικρινῆ
2467 2396 2556 2450 καὶ
2605 2400 2718 2469 (95)
2772 2397 3040 2456 ἑκούσιον.
3096 2423 3117 2450 ι
3169 2405 3230 2454 Ἢ
3282 2398 3371 2454 οὖν
3425 2398 3619 2469 πόλις,
3650 2401 3803 2456 ἀκού-

2150 2504 2283 2539 σασα
2327 2492 2428 2553 τῆς
2477 2485 2814 2561 ἀποκρίσεως
2842 2488 2905 2542 τὸ
2957 2488 3333 2563 μακρόθυμον,
3366 2490 3542 2547 πλέον
3591 2490 3672 2545 ἐπ’
3711 2490 3800 2545 αὖ·

2146 2578 2224 2645 τῷ
2256 2572 2344 2644 ἐξῆ
2354 2575 2457 2651 φθη
2492 2572 2873 2651 φιλοστοργίᾳ.

380 2674 646 2743 accedas,
679 2671 909 2744 ipsique
955 2668 1244 2725 sinceram
1276 2671 1335 2721 et
1367 2664 1759 2720 voluntariam
1808 2667 2145 2721 servitutem
2198 2666 2491 2721 servias.»
2526 2665 2707 2737 Cujus
2751 2668 2878 2739 jam
2927 2667 3075 2726 lenis
3123 2671 3391 2742 responsi
3423 2688 3565 2727 cum
3598 2670 3803 2727 certior

376 2763 531 2819 facta
560 2766 715 2817 esset
743 2759 968 2827 civitas,
1002 2754 1317 2812 ardentiori
1347 2770 1486 2826 erga
1517 2770 1649 2809 eum
1686 2770 1883 2808 amore
1914 2754 2152 2810 incensa
2181 2759 2289 2811 est.

451 2850 570 2906 Sub
593 2849 649 2904 id
672 2864 803 2902 vero
830 2851 1058 2917 tempus
1082 2861 1150 2899 ex
1174 2842 1331 2898 omni
1354 2843 1749 2896 Romanorum
1770 2843 2036 2913 imperio,

2221 2839 2349 2895 ’Υπὸ
2381 2838 2439 2896 δὲ
2466 2842 2556 2896 τὸν
2601 2843 2788 2919 καιρὸν
2836 2847 3023 2898 τοῦτον
3076 2844 3135 2899 ἐκ
3177 2844 3354 2915 πάσης
3403 2850 3511 2916 τῆς
3549 2844 3649 2902 ὑπὸ
3677 2848 3800 2902 Ῥω-

388 2946 775 3015 praeterquam
810 2955 877 2993 ex
899 2937 1140 3008 Egypto
1162 2941 1217 2989 et
1239 2932 1498 2988 occiduis
1533 2933 1814 3001 partibus,
1839 2937 2037 2988 sancta

2154 2928 2327 3001 μαίων
2362 2933 2472 3001 (96)
2505 2929 2705 3005 ἀρχῆς,
2738 2930 2884 3000 πλὴν
2934 2931 3207 3007 Αἰγύπτου
3254 2934 3343 2988 καὶ
3391 2942 3499 3004 τῆς
3535 2933 3795 3010 έσπερίας,

390 3032 798 3104 episcoporum
833 3033 1064 3081 centum
1098 3029 1153 3079 et
1182 3021 1605 3093 quinquaginta
1652 3022 1910 3093 synodus
1941 3038 2041 3076 co-

386 3125 518 3178 acta
543 3123 631 3175 est
662 3123 784 3172 tum
820 3119 883 3170 ut
914 3114 1072 3186 pium
1108 3112 1415 3184 praesulem
1447 3114 1709 3181 augustae
1740 3110 1868 3164 urbi
1904 3126 2045 3181 pra;-

2151 3016 2415 3086 συνῆλθεν
2448 3021 2482 3088 ἡ
2512 3024 2621 3073 τῶν
2654 3019 2837 3074 ἑκατὸν
2891 3023 3227 3090 πεντήκοντα
3274 3022 3396 3097 ἁγία
3439 3021 3680 3093 σύνοδος,
3713 3022 3800 3097 ἀρ-

2151 3104 2339 3180 χιερέα
2385 3114 2713 3176 καταστῆσαι
2764 3110 2830 3181 τῇ
2885 3106 3126 3183 βασιλίδι
3174 3111 3386 3180 πιστὸν,
3436 3115 3530 3168 καὶ
3576 3113 3669 3174 τὰς
3717 3111 3795 3165 αἱ·

387 3212 648 3277 ﬁcerent,
682 3211 805 3261 tum
842 3210 902 3259 ut
931 3204 1181 3257 haereses
1215 3217 1343 3272 quae
1388 3198 1637 3267 interim,
1672 3199 1809 3252 dum
1844 3198 2037 3253 Ariani

2154 3193 2324 3267 ρέσιις
2350 3195 2446 3257 τὰς
2474 3194 2524 3248 ἐν
2566 3195 2643 3268 τῷ
2679 3196 2872 3268 μεταξὺ
2900 3202 3007 3251 τῶν
3039 3199 3388 3273 Ἀρειανικῶν
3441 3204 3559 3275 (97)
3590 3199 3793 3276 χρόνων

386 3314 580 3355 rerum
616 3296 960 3367 potirentur,
984 3295 1195 3346 exortae
1247 3290 1493 3357 fuerant,
1527 3287 1869 3342 oecumenici
1900 3304 2038 3342 con-

384 3387 503 3443 cilii
535 3387 764 3442 decreto
811 3383 881 3437 ab
927 3380 1182 3435 Ecclesia
1211 3378 1677 3433 extruderentur.
1712 3376 2037 3446 Enimvero,

384 3492 512 3549 qua:
561 3476 629 3529 ad
689 3472 938 3526 haereses
987 3467 1383 3539 profligandas
1433 3465 1823 3536 pertinebant,
1856 3464 2038 3519 multo

382 3569 517 3620 ante
544 3579 795 3633 magnus
823 3557 1136 3630 Gregorius
1162 3560 1593 3628 praestruxerat,
1617 3552 1772 3608 velut
1801 3552 2040 3608 insidio-

379 3671 478 3710 sas
510 3652 727 3709 bestias
759 3650 831 3704 ab
864 3647 1129 3703 Ecclesiae
1161 3644 1293 3700 ovili
1342 3660 1584 3698 arcens:
1618 3648 1793 3714 atque
1822 3642 1879 3696 in
1912 3642 2040 3713 ipsa

377 3743 557 3799 etiam
590 3743 964 3797 sacrosancta
1008 3736 1228 3808 synodo
1280 3735 1400 3806 pari
1434 3732 1613 3787 animi
1665 3732 2038 3787 contentione

378 3849 514 3888 cum
555 3831 687 3887 aliis
739 3826 1072 3884 decertavit.
1105 3830 1316 3879 Sancta
1346 3830 1539 3877 autem
1591 3822 1851 3893 synodus
1900 3837 2035 3875 eum

376 3921 717 3994 episc0pum
758 3916 1080 3980 constituit,
1116 3914 1572 3984 antesignanum
1604 3916 1659 3965 et
1690 3911 1895 3965 ducem
1932 3910 2034 3965 ha-

378 4012 526 4066 bens
550 4025 827 4076 magnum
854 4006 1018 4061 illum
1047 4000 1524 4057 Antiochensium
1552 4004 1842 4071 pastorem
1869 3999 2037 4055 Mele-

375 4099 547 4163 tium,
580 4099 768 4152 virum
801 4095 895 4166 pia
926 4093 1039 4147 ﬁde
1081 4091 1408 4162 praeditum,
1443 4088 1660 4159 quique
1693 4087 2037 4143 ﬂorentibus

378 4186 735 4242 Arianorum
769 4185 945 4239 rebus
969 4179 1223 4235 Ecclesia
1245 4177 1450 4249 pulsus
1483 4178 1691 4245 fuerat,
1716 4176 2037 4247 multisque

380 4274 823 4331 calamitatibus
847 4269 1149 4327 exhaustis
1172 4268 1449 4323 diuturno
1474 4264 1790 4321 mulctatus
1810 4266 2035 4321 exsilio.

370 4350 604 4431 .Qnibus
638 4368 833 4418 autem
861 4359 1122 4415 moribus
1146 4355 1421 4428 praeditus
1454 4360 1628 4416 esset,
1653 4353 1791 4425 quid
1827 4356 2041 4411 referre

379 4468 619 4509 necesse
650 4451 776 4506 est?
810 4450 967 4505 Idem
992 4447 1149 4502 enim
1173 4450 1230 4501 et
1252 4448 1595 4499 mansuetus
1625 4448 1751 4499 erat
1779 4448 1836 4498 et
1866 4444 2040 4500 rebus

378 4541 653 4617 gerendis
686 4540 871 4597 solers
904 4544 961 4594 et
980 4536 1206 4600 efﬁcax,
1230 4534 1828 4605 temperans,justus,
1852 4533 2038 4599 fortis,

2151 3283 2471 3359 ἀναφυείσας
2525 3283 2789 3354 ἐξωθῆσαι
2834 3292 2935 3355 τῆς
2987 3284 3314 3357 Ἑκκλησίας
3348 3291 3524 3368 ψήφῳ
3554 3290 3793 3360 οἷκουμε-

2146 3379 2305 3440 νικῆς
2352 3369 2728 3434 συνελεύσεως.
2782 3374 2855 3427 Τὰ
2911 3375 3004 3447 μὶν
3056 3372 3147 3429 οὖν
3194 3376 3329 3430 κατὰ.
3383 3383 3501 3433 τῶν
3552 3378 3789 3451 αἱρέσεων

2146 3456 2598 3536 προωδοποίησεν
2651 3462 2679 3515 ὁ
2734 3460 2896 3537 μέγας
2948 3463 3249 3539 Γρηγόριος
3297 3464 3356 3518 ἐκ
3399 3465 3632 3521 πολλῶν
3692 3467 3791 3518 τῶν

2148 3549 2385 3623 χρόνων,
2421 3548 2603 3625 ὥσπερ
2653 3552 2822 3625 θῆρας
2869 3546 3198 3614 ἐπιϐούλους
3250 3558 3348 3608 τοῦ
3396 3554 3658 3629 ποιμνίου
3698 3558 3793 3621 τῆς

2144 3637 2469 3709 Ἐκκλησίας
2518 3636 2864 3694 ἀποδιώκων’
2920 3640 3011 3694 καὶ
3066 3640 3233 3707 αὐτῆς
3282 3639 3339 3696 δὲ
3390 3644 3673 3718 παρούσης
3700 3646 3793 3709 τῆς

2146 3727 2303 3803 ἁγίας
2331 3725 2575 3799 συνόδου,
2618 3727 2827 3799 ὁμοίως
2874 3730 3301 3805 συνηγωνίσατο.
3331 3733 3392 3788 Ἠ
3428 3729 3491 3788 δὲ
3521 3731 3644 3808 ἁγία
3672 3728 3788 3783 σύν-

2146 3812 2272 3877 οδος
2317 3816 2474 3870 αὐτὸν
2524 3814 2870 3891 ἐνεθρόνισεν,
2919 3817 3167 3892 ἡγεμόνα
3224 3817 3427 3895 ἔχουσα
3481 3822 3572 3876 τὸν
3625 3820 3785 3893 μέγαν

2143 3907 2381 3978 ποιμένα
2408 3912 2507 3975 τῆς
2541 3905 2887 3981 Ἀντιοχέων,
2921 3905 3202 3976 Μελέτιον,
3236 3906 3401 3984 ἄνδρα
3452 3905 3642 3978 εὐσεϐῆ
3696 3907 3786 3979 μὶν

2142 3998 2211 4067 τῇ
2244 3995 2421 4049 πίστει
2450 3993 2538 4048 καὶ
2590 3994 2641 4048 ἐν
2689 4000 2809 4057 τοῖς
2857 3995 3084 4071 χρόνοις
3130 4002 3227 4051 τοῦ
3282 3999 3623 4073 Ἀρειανικοῦ
3669 3993 3792 4071 κρά-

2143 4103 2269 4145 τους
2326 4082 2640 4153 ἐξελαθέντα
2694 4086 2807 4157 (98)
2862 4091 2964 4154 τῆς
3024 4083 3348 4157 Ἐκκλησίας
3385 4132 3399 4159 ,
3462 4084 3692 4144 πλεῖύτά
3740 4102 3797 4137 τε

2144 4173 2617 4244 κακοπαθήσαντα,
2669 4167 2863 4243 συνέϐη
2916 4172 3095 4247 ἐξορ.ᾳ
3143 4174 3510 4251 πολυχρονίῳ
3566 4169 3797 4249 παραδο-

2147 4261 2325 4330 θῆναι·
2358 4261 2448 4315 τὸν
2505 4257 2561 4315 δὲ
2606 4261 2809 4336 τρόπον
2858 4262 2909 4316 τί
2940 4261 3023 4317 δεῖ
3070 4262 3268 4341 λέγειν,
3303 4266 3498 4328 ὁποῖός
3522 4285 3605 4326 τις
3639 4264 3801 4332 ὑπῆρ-

2147 4369 2242 4425 χεν
2280 4369 2293 4418 ;
2326 4350 2382 4403 Ὀ
2411 4349 2512 4425 γὰρ
2545 4349 2706 4413 αὐτὸς
2738 4346 2912 4425 πρᾷός
2959 4372 3019 4406 τε
3065 4352 3132 4421 ἦν
3183 4353 3272 4407 καὶ
3305 4350 3656 4429 δραστήριος,
3698 4347 3797 4403 σώ-

2149 4459 2297 4517 φρων
2332 4439 2466 4512 (99),
2501 4435 2727 4512 δίκαιος,
2758 4437 3027 4516 ἀνδρεῖος,
3064 4442 3247 4520 σοφὸς,
3279 4442 3369 4497 καὶ
3398 4445 3537 4519 πρὸς
3569 4446 3671 4496 πᾶν
3702 4441 3798 4503 τῆς

2150 4526 2346 4602 ἀρετῆς
2378 4529 2455 4601 (1)
2488 4526 2696 4590 κάλλος
2745 4528 3119 4602 ἀπεξεσμένος.
3170 4531 3378 4586 Τούτου
3427 4528 3487 4588 δὲ
3528 4528 3801 4603 εἰσηγήσει

379 4605 638 4704 sapiens,
674 4636 849 4703 atque
889 4626 1051 4685 omni
1105 4626 1389 4680 virtutum
1438 4638 1650 4694 genere
1700 4620 2037 4694 perpolitus.

2150 4616 2241 4704 καὶ
2295 4610 2607 4689 συμϐουλίᾳ
2653 4614 2915 4704 συνοδική
2964 4621 3146 4697 ψῆφος
3199 4618 3438 4697 ἐκύρωσε
3480 4622 3580 4689 τῆν
3636 4632 3797 4704 προες

379 4721 572 4793 Hujus
602 4719 847 4777 consilio
880 4722 1055 4789 atque
1086 4715 1321 4770 hortatu
1348 4712 1625 4783 Gregorio
1656 4716 1921 4783 augustae
1952 4728 2044 4766 ur-

378 4810 471 4866 bis
515 4810 889 4883 episcOpatus
946 4804 1178 4862 concilii
1236 4803 1467 4857 decreto
1522 4799 1902 4855 conﬁrmatus
1930 4804 2039 4856 est.

380 4898 511 4970 Ipse
559 4905 775 4969 autem,
811 4895 1076 4970 quamvis
1130 4891 1394 4963 alioquin
1426 4889 1497 4945 ab
1529 4887 1867 4961 episcopatu
1901 4887 2043 4945 alie-

451 5075 564 5215 (88)
592 5078 769 5132 Codd.
803 5077 959 5133 Colb.
996 5076 1046 5141 1,
1077 5074 1112 5127 2
1143 5075 1201 5127 et
1230 5073 1322 5124 Or.
1357 5063 1814 5159 ὁμολογήσοντες.

475 5148 564 5215 se,
595 5149 773 5203 Codd.
808 5150 904 5203 oi.
938 5154 996 5204 et
1025 5143 1246 5215 Colb.}
1281 5145 1339 5195 et
1366 5142 1423 5207 2,
1456 5138 1813 5212 υπερευξόμεν

938 5154 996 5204 et,
1015 5138 1246 5223 _Col.b.'1
1281 5145 1339 5195 et
1366 5142 1423 5207 2,
1456 5138 1893 5223 ὑπέρευξόμενοι.

597 5220 773 5274 Codd.
806 5222 901 5275 Or.
927 5224 986 5274 et
1015 5217 1075 5273 Ρ.
1109 5212 1349 5268 ἀπίεσαν.

477 5281 569 5359 91)
596 5290 662 5359 Ὦ
694 5291 857 5345 deest
883 5292 939 5345 in
973 5288 1099 5346 cod.
1134 5286 1229 5342 Or.
1262 5288 1389 5339 Mox
1422 5282 1588 5337 codd.
1617 5281 1676 5335 P.
1708 5286 1766 5337 et
1790 5281 1951 5338 Colb.
1984 5283 2038 5348 1,

453 5224 468 5289 t

456 5294 471 5357 (

384 5358 697 5429 σκευωρίας.

404 5434 409 5437 τ
456 5427 569 5506 (9:3,)
601 5431 735 5506 C9d-
770 5430 870 5506 ουτ
894 5430 967 5506 τὸ.
988 5427 1160 5506 eam.

601 5501 705 5573 ῼῖα
730 5501 906 5573 πατήρ
939 5494 1153 5557 desinit
1181 5498 1237 5573 in
1272 5496 1399 5553 cod.
1439 5494 1498 5550 Ρ.

476 5571 567 5635 94)
599 5570 734 5626 Cod.
772 5568 995 5627 Orfco-S
1024 5568 1275 5635 Χριστός.

396 5686 401 5693 ,
459 5637 569 5714 (95)
593 5638 695 5697 Καί
718 5642 915 5699 deerat
934 5644 991 5700 in
1016 5637 1182 5711 edit.,
1206 5640 1304 5698 sed
1330 5637 1759 5697 restituendum
1784 5638 2035 5699 Montsc.

372 5425 385 5438 f

373 5498 383 5507 γ

374 5628 381 5643 \

374 5706 389 5719 ,ι

2153 4703 2306 4780 δρίαν
2355 4712 2455 4775 τῆς
2508 4703 2794 4781 βασιλίδος
2842 4711 2921 4780 τῷ
2968 4707 3279 4785 Γρηγορίῳ.
3310 4710 3367 4763 Ὁ
3407 4707 3484 4779 δὲ,
3516 4708 3707 4779 καίπερ
3734 4700 3799 4755 τὰ

2152 4794 2297 4850 ἄλλα
2329 4792 2694 4871 δυσχεραίνων
2743 4796 2880 4870 πρὸς
2919 4797 3020 4865 τῆν
3053 4796 3377 4869 ἐπισκοπὴν,
3431 4798 3588 4868 πόθῳ
3622 4792 3794 4866 μέντοι

2150 4890 2252 4955 τῆς
2282 4882 2543 4957 ποίμνής,
2575 4884 2665 4938 καὶ
2711 4889 2789 4957 τῷ
2826 4886 3090 4959 νομίζειν,
3122 4886 3167 4941 εἰ
3215 4893 3314 4957 τῆς
3366 4882 3645 4963 βασιλίδος
3676 4895 3796 4955 κρι-

2152 5064 2448 5122 iudicavit.

2143 5082 2530 5213 Juz9g)‘liiiit._
2550 5137 2789 5213 quidam
2812 5137 3021 5213 _vo_lunt
3049 5137 3364 5213 Ῥωμαίοις,
3398 5140 3642 5196 Montac.
3668 5126 3795 5181 Ῥω-

2152 5208 2456 5281 parum,“
2484 5208 2774 5281 sic’habet
2802 5210 2960 5267 Colb.
2996 5213 3046 5267 1.

2242 5283 2333 5347 97)
2365 5280 2501 5353 Cod.
2530 5280 2973 5353 Or._TA_pei_av6)v.

2243 5354 2333 5419 98)
2363 5352 2501 5408 Cod.
2533 5352 2596 5407 P.
2632 5349 2932 5421 ἐξελθόντα.

2219 5422 2333 5547 (99)
2367 5422 2608 5499 Σώφρων
2640 5425 2803 5481 deest
2832 5426 2892 5481 in
2923 5427 3051 5482 cod.
3086 5426 3182 5483 0r.
3349 5498 3361 5510 .
3734 5484 3759 5495 ,

2246 5497 2297 5547 ll
2328 5496 2411 5547 lta
2443 5496 2611 5547 codd.
2638 5496 2733 5547 Or.
2757 5496 2914 5547 Colb-
2951 5500 2974 5547 1
3012 5502 3069 5547 et
3095 5500 3149 5547 2.
3176 5499 3236 5547 in
3271 5499 3410 5547 edit.
3442 5494 3670 5547 tantum
3692 5500 3759 5536 πα

2150 5564 2182 5620 ἆ
2219 5494 2411 5581 (qua
2443 5494 2611 5552 cbdd-
2638 5496 2733 5553 ΟΡ.
2757 5496 2914 5555 Colb.
2951 5500 2975 5554 1
3012 5502 3069 5555 et
3095 5500 3149 5554 2.
3176 5499 3237 5556 In
3271 5498 3410 5555 edit.
3442 5494 3670 5550 tantum
3692 5494 3791 5536 mw

2188 5584 2365 5620 οεττις.

2187 5584 2365 5641 ρετης.
