  <div class='ocr_page' id='page_1' title='image "/cluster/home/n/w/nwhite01/storage/ocr_20150623/35:no.1/coo.31924054869320/154.png"; bbox 0 0 4100 6402; ppageno 0'>
   <div class='ocr_carea' id='block_1_1' title="bbox 317 441 436 504">
    <p class='ocr_par' dir='ltr' id='par_1_1' title="bbox 317 441 436 504">
     <span class='ocr_line' id='line_1_1' title="bbox 317 441 436 504; baseline 0 0"><span class='ocrx_word' id='word_1_1' title='bbox 317 441 436 504; x_wconf 77' lang='grc'><strong>29⁸7</strong></span> 
     </span>
    </p>
   </div>
   <div class='ocr_carea' id='block_1_2' title="bbox 1329 441 2727 516">
    <p class='ocr_par' dir='ltr' id='par_1_2' title="bbox 1329 441 2727 516">
     <span class='ocr_line' id='line_1_2' title="bbox 1329 441 2727 516; baseline 0.006 -10"><span class='ocrx_word' id='word_1_2' title='bbox 1329 441 1696 510; x_wconf 80' lang='lat' dir='ltr'><strong>AUCTORE</strong></span> <span class='ocrx_word' id='word_1_3' title='bbox 1740 442 2140 512; x_wconf 79' lang='lat' dir='ltr'><strong>GREGORIO</strong></span> <span class='ocrx_word' id='word_1_4' title='bbox 2183 449 2727 516; x_wconf 79' lang='lat' dir='ltr'><strong>PRESBYTERO.</strong></span> 
     </span>
    </p>
   </div>
   <div class='ocr_carea' id='block_1_3' title="bbox 3622 460 3743 524">
    <p class='ocr_par' dir='ltr' id='par_1_3' title="bbox 3622 460 3743 524">
     <span class='ocr_line' id='line_1_3' title="bbox 3622 460 3743 524; baseline 0 -1"><span class='ocrx_word' id='word_1_5' title='bbox 3622 460 3743 524; x_wconf 75' lang='grc'><strong>298</strong></span> 
     </span>
    </p>
   </div>
   <div class='ocr_carea' id='block_1_4' title="bbox 315 569 1973 664">
    <p class='ocr_par' dir='ltr' id='par_1_4' title="bbox 315 569 1971 653">
     <span class='ocr_line' id='line_1_4' title="bbox 315 569 1971 653; baseline 0.002 -23"><span class='ocrx_word' id='word_1_6' title='bbox 315 575 519 648; x_wconf 80' lang='grc' dir='ltr'>τήσειε,</span> <span class='ocrx_word' id='word_1_7' title='bbox 554 569 777 636; x_wconf 83' lang='grc' dir='ltr'>δυνατὸς</span> <span class='ocrx_word' id='word_1_8' title='bbox 821 571 1027 630; x_wconf 77' lang='grc' dir='ltr'>ἔσεσθαι</span> <span class='ocrx_word' id='word_1_9' title='bbox 1074 575 1168 638; x_wconf 80' lang='grc' dir='ltr'>τὰς</span> <span class='ocrx_word' id='word_1_10' title='bbox 1199 574 1250 631; x_wconf 83' lang='grc' dir='ltr'><strong>ἐν</strong></span> <span class='ocrx_word' id='word_1_11' title='bbox 1282 575 1471 650; x_wconf 85' lang='grc' dir='ltr'>κύκλῳ</span> <span class='ocrx_word' id='word_1_12' title='bbox 1498 584 1599 648; x_wconf 86' lang='grc' dir='ltr'>τῆς</span> <span class='ocrx_word' id='word_1_13' title='bbox 1641 578 1971 653; x_wconf 70' lang='grc' dir='ltr'>οἰκουμένης</span> 
     </span>
    </p>
   </div>
   <div class='ocr_carea' id='block_1_5' title="bbox 2087 569 3743 664">
    <p class='ocr_par' dir='ltr' id='par_1_5' title="bbox 2087 584 3743 664">
     <span class='ocr_line' id='line_1_5' title="bbox 2087 584 3743 664; baseline 0.006 -25"><span class='ocrx_word' id='word_1_14' title='bbox 2087 600 2228 640; x_wconf 90' lang='lat' dir='ltr'><strong>num</strong></span> <span class='ocrx_word' id='word_1_15' title='bbox 2261 584 2525 641; x_wconf 90' lang='lat' dir='ltr'><strong>animum</strong></span> <span class='ocrx_word' id='word_1_16' title='bbox 2551 586 2814 656; x_wconf 81' lang='lat' dir='ltr'><strong>haberet,</strong></span> <span class='ocrx_word' id='word_1_17' title='bbox 2847 588 3043 661; x_wconf 89' lang='lat' dir='ltr'><strong>gregis</strong></span> <span class='ocrx_word' id='word_1_18' title='bbox 3064 591 3262 646; x_wconf 89' lang='lat' dir='ltr'><strong>tamen</strong></span> <span class='ocrx_word' id='word_1_19' title='bbox 3293 596 3575 664; x_wconf 85' lang='lat' dir='ltr'><strong>amore,et</strong></span> <span class='ocrx_word' id='word_1_20' title='bbox 3604 594 3743 662; x_wconf 88' lang='lat' dir='ltr'><strong>quia</strong></span> 
     </span>
    </p>
   </div>
   <div class='ocr_carea' id='block_1_6' title="bbox 318 661 1973 741">
    <p class='ocr_par' dir='ltr' id='par_1_6' title="bbox 318 661 1973 741">
     <span class='ocr_line' id='line_1_6' title="bbox 318 661 1973 741; baseline 0.002 -21"><span class='ocrx_word' id='word_1_21' title='bbox 318 662 522 740; x_wconf 75' lang='grc' dir='ltr'>ἔριδας.</span> <span class='ocrx_word' id='word_1_22' title='bbox 586 661 768 740; x_wconf 83' lang='grc' dir='ltr'>ὥσπερ</span> <span class='ocrx_word' id='word_1_23' title='bbox 826 664 931 719; x_wconf 87' lang='grc' dir='ltr'><strong>ἀπὸ</strong></span> <span class='ocrx_word' id='word_1_24' title='bbox 1001 672 1228 728; x_wconf 78' lang='grc' dir='ltr'>σκοπιᾶς</span> <span class='ocrx_word' id='word_1_25' title='bbox 1302 686 1445 729; x_wconf 89' lang='grc' dir='ltr'>τινος</span> <span class='ocrx_word' id='word_1_26' title='bbox 1502 668 1923 741; x_wconf 83' lang='grc' dir='ltr'><strong>καταμανθάνων</strong></span> <span class='ocrx_word' id='word_1_27' title='bbox 1959 715 1973 740; x_wconf 93' lang='grc'><strong>,</strong></span> 
     </span>
    </p>
   </div>
   <div class='ocr_carea' id='block_1_7' title="bbox 320 749 1976 834">
    <p class='ocr_par' dir='ltr' id='par_1_7' title="bbox 320 749 1976 834">
     <span class='ocr_line' id='line_1_7' title="bbox 320 749 1976 834; baseline 0.002 -26"><span class='ocrx_word' id='word_1_28' title='bbox 320 751 585 826; x_wconf 87' lang='grc' dir='ltr'>διαλύειν,</span> <span class='ocrx_word' id='word_1_29' title='bbox 620 754 711 809; x_wconf 80' lang='grc' dir='ltr'>καὶ</span> <span class='ocrx_word' id='word_1_30' title='bbox 761 753 895 830; x_wconf 86' lang='grc' dir='ltr'>πρὸς</span> <span class='ocrx_word' id='word_1_31' title='bbox 940 749 1126 809; x_wconf 77' lang='grc' dir='ltr'>ἕνωσιν</span> <span class='ocrx_word' id='word_1_32' title='bbox 1174 755 1375 832; x_wconf 74' lang='grc' dir='ltr'>ἀμφοῖν</span> <span class='ocrx_word' id='word_1_33' title='bbox 1423 761 1540 810; x_wconf 86' lang='grc' dir='ltr'>ταῖν</span> <span class='ocrx_word' id='word_1_34' title='bbox 1590 762 1778 834; x_wconf 83' lang='grc' dir='ltr'>χεροῖν</span> <span class='ocrx_word' id='word_1_35' title='bbox 1828 759 1976 832; x_wconf 81' lang='grc' dir='ltr'>ἅγειν</span> 
     </span>
    </p>
   </div>
   <div class='ocr_carea' id='block_1_8' title="bbox 320 840 1976 918">
    <p class='ocr_par' dir='ltr' id='par_1_8' title="bbox 320 840 1976 918">
     <span class='ocr_line' id='line_1_8' title="bbox 320 840 1976 918; baseline 0.003 -21"><span class='ocrx_word' id='word_1_36' title='bbox 320 840 612 905; x_wconf 81' lang='grc' dir='ltr'>διεστώσας</span> <span class='ocrx_word' id='word_1_37' title='bbox 653 841 749 906; x_wconf 79' lang='grc' dir='ltr'>τὰς</span> <span class='ocrx_word' id='word_1_38' title='bbox 797 841 1145 914; x_wconf 82' lang='grc' dir='ltr'>Ἐκκλησίας,</span> <span class='ocrx_word' id='word_1_39' title='bbox 1191 843 1367 899; x_wconf 68' lang='grc' dir='ltr'>ε’ίλετο</span> <span class='ocrx_word' id='word_1_40' title='bbox 1419 841 1660 918; x_wconf 80' lang='grc' dir='ltr'>δέξασθαι</span> <span class='ocrx_word' id='word_1_41' title='bbox 1707 851 1808 916; x_wconf 79' lang='grc' dir='ltr'><strong>τήν</strong></span> <span class='ocrx_word' id='word_1_42' title='bbox 1861 845 1976 902; x_wconf 87' lang='grc' dir='ltr'>ἐπι-</span> 
     </span>
    </p>
   </div>
   <div class='ocr_carea' id='block_1_9' title="bbox 321 934 552 1004">
    <p class='ocr_par' dir='ltr' id='par_1_9' title="bbox 321 934 552 1004">
     <span class='ocr_line' id='line_1_9' title="bbox 321 934 552 1004; baseline 0.009 -16"><span class='ocrx_word' id='word_1_43' title='bbox 321 934 528 1004; x_wconf 70' lang='grc' dir='ltr'>σκοπήν</span> <span class='ocrx_word' id='word_1_44' title='bbox 540 978 552 990; x_wconf 94' lang='grc'>.</span> 
     </span>
    </p>
   </div>
   <div class='ocr_carea' id='block_1_10' title="bbox 391 1197 1974 1280">
    <p class='ocr_par' dir='ltr' id='par_1_10' title="bbox 391 1197 1974 1280">
     <span class='ocr_line' id='line_1_10' title="bbox 391 1197 1974 1280; baseline 0.001 -24"><span class='ocrx_word' id='word_1_45' title='bbox 391 1205 496 1256; x_wconf 79' lang='grc' dir='ltr'>Τοῦ</span> <span class='ocrx_word' id='word_1_46' title='bbox 527 1198 587 1256; x_wconf 71' lang='grc' dir='ltr'>δὲ</span> <span class='ocrx_word' id='word_1_47' title='bbox 637 1198 792 1256; x_wconf 84' lang='grc' dir='ltr'>ὁσίου</span> <span class='ocrx_word' id='word_1_48' title='bbox 841 1197 1113 1258; x_wconf 85' lang='grc' dir='ltr'>Μελετίου</span> <span class='ocrx_word' id='word_1_49' title='bbox 1161 1201 1586 1274; x_wconf 81' lang='grc' dir='ltr'>τελευτήσαντος</span> <span class='ocrx_word' id='word_1_50' title='bbox 1630 1202 1722 1258; x_wconf 84' lang='grc' dir='ltr'>τὸν</span> <span class='ocrx_word' id='word_1_51' title='bbox 1774 1201 1888 1280; x_wconf 88' lang='grc' dir='ltr'>βίον</span> <span class='ocrx_word' id='word_1_52' title='bbox 1922 1203 1974 1258; x_wconf 88' lang='grc' dir='ltr'><strong>ἐν</strong></span> 
     </span>
    </p>
   </div>
   <div class='ocr_carea' id='block_1_11' title="bbox 322 1288 1977 1367">
    <p class='ocr_par' dir='ltr' id='par_1_11' title="bbox 322 1288 1977 1367">
     <span class='ocr_line' id='line_1_11' title="bbox 322 1288 1977 1367; baseline 0.002 -21"><span class='ocrx_word' id='word_1_53' title='bbox 322 1295 389 1366; x_wconf 74' lang='grc' dir='ltr'>τῇ</span> <span class='ocrx_word' id='word_1_54' title='bbox 426 1289 692 1365; x_wconf 77' lang='grc' dir='ltr'><strong>βασιλίδι,</strong></span> <span class='ocrx_word' id='word_1_55' title='bbox 719 1289 921 1367; x_wconf 85' lang='grc' dir='ltr'>γίνεται</span> <span class='ocrx_word' id='word_1_56' title='bbox 967 1288 1113 1363; x_wconf 86' lang='grc' dir='ltr'>αύτῷ</span> <span class='ocrx_word' id='word_1_57' title='bbox 1140 1291 1278 1365; x_wconf 81' lang='grc' dir='ltr'>τιμὴ</span> <span class='ocrx_word' id='word_1_58' title='bbox 1325 1293 1805 1367; x_wconf 79' lang='grc' dir='ltr'>προπεμπτήριος,</span> <span class='ocrx_word' id='word_1_59' title='bbox 1839 1292 1977 1350; x_wconf 83' lang='grc' dir='ltr'>ὥστε</span> 
     </span>
    </p>
   </div>
   <div class='ocr_carea' id='block_1_12' title="bbox 320 1378 1976 1457">
    <p class='ocr_par' dir='ltr' id='par_1_12' title="bbox 320 1378 1976 1457">
     <span class='ocr_line' id='line_1_12' title="bbox 320 1378 1976 1457; baseline 0.001 -21"><span class='ocrx_word' id='word_1_60' title='bbox 320 1387 494 1436; x_wconf 71' lang='grc' dir='ltr'>πᾶσαν</span> <span class='ocrx_word' id='word_1_61' title='bbox 541 1379 622 1436; x_wconf 80' lang='grc' dir='ltr'>ἐπ’</span> <span class='ocrx_word' id='word_1_62' title='bbox 671 1379 818 1452; x_wconf 85' lang='grc' dir='ltr'>αύτῷ</span> <span class='ocrx_word' id='word_1_63' title='bbox 866 1378 1158 1457; x_wconf 79' lang='grc' dir='ltr'>ἐκχυθῆναι</span> <span class='ocrx_word' id='word_1_64' title='bbox 1205 1381 1304 1450; x_wconf 76' lang='grc' dir='ltr'>τὴν</span> <span class='ocrx_word' id='word_1_65' title='bbox 1360 1378 1635 1456; x_wconf 79' lang='grc' dir='ltr'>βασιλίδα,</span> <span class='ocrx_word' id='word_1_66' title='bbox 1686 1381 1875 1438; x_wconf 85' lang='grc' dir='ltr'>πολλᾶ</span> <span class='ocrx_word' id='word_1_67' title='bbox 1918 1379 1976 1437; x_wconf 79' lang='grc' dir='ltr'>δὲ</span> 
     </span>
    </p>
   </div>
   <div class='ocr_carea' id='block_1_13' title="bbox 324 1467 1972 1547">
    <p class='ocr_par' dir='ltr' id='par_1_13' title="bbox 324 1467 1972 1547">
     <span class='ocr_line' id='line_1_13' title="bbox 324 1467 1972 1547; baseline 0.001 -23"><span class='ocrx_word' id='word_1_68' title='bbox 324 1475 645 1546; x_wconf 78' lang='grc' dir='ltr'>καταγαγεῖν</span> <span class='ocrx_word' id='word_1_69' title='bbox 679 1467 902 1545; x_wconf 86' lang='grc' dir='ltr'>δάκρυα,</span> <span class='ocrx_word' id='word_1_70' title='bbox 950 1469 1041 1524; x_wconf 80' lang='grc' dir='ltr'><strong>καὶ</strong></span> <span class='ocrx_word' id='word_1_71' title='bbox 1086 1472 1382 1540; x_wconf 78' lang='grc' dir='ltr'>τηνικαῦτα</span> <span class='ocrx_word' id='word_1_72' title='bbox 1429 1468 1480 1524; x_wconf 88' lang='grc' dir='ltr'><strong>ἐν</strong></span> <span class='ocrx_word' id='word_1_73' title='bbox 1531 1470 1797 1547; x_wconf 81' lang='grc' dir='ltr'><strong>πρώτοις,</strong></span> <span class='ocrx_word' id='word_1_74' title='bbox 1849 1469 1972 1526; x_wconf 84' lang='grc' dir='ltr'>ὅσον</span> 
     </span>
    </p>
   </div>
   <div class='ocr_carea' id='block_1_14' title="bbox 321 1556 1975 1638">
    <p class='ocr_par' dir='ltr' id='par_1_14' title="bbox 321 1556 1975 1638">
     <span class='ocr_line' id='line_1_14' title="bbox 321 1556 1975 1638; baseline 0.001 -24"><span class='ocrx_word' id='word_1_75' title='bbox 321 1556 408 1628; x_wconf 51' lang='grc' dir='ltr'>εἴη</span> <span class='ocrx_word' id='word_1_76' title='bbox 468 1558 673 1628; x_wconf 79' lang='grc' dir='ltr'>πλῆθος</span> <span class='ocrx_word' id='word_1_77' title='bbox 721 1558 1117 1636; x_wconf 78' lang='grc' dir='ltr'>ἐπιγνωσθῆναι</span> <span class='ocrx_word' id='word_1_78' title='bbox 1167 1562 1264 1614; x_wconf 76' lang='grc' dir='ltr'><strong>τοῦ</strong></span> <span class='ocrx_word' id='word_1_79' title='bbox 1322 1556 1547 1622; x_wconf 75' lang='grc' dir='ltr'>ἄστεως.</span> <span class='ocrx_word' id='word_1_80' title='bbox 1601 1557 1766 1621; x_wconf 76' lang='grc' dir='ltr'>Αὖθις</span> <span class='ocrx_word' id='word_1_81' title='bbox 1809 1560 1975 1638; x_wconf 77' lang='grc' dir='ltr'>φιλο-</span> 
     </span>
    </p>
   </div>
   <div class='ocr_carea' id='block_1_15' title="bbox 319 1646 1971 1725">
    <p class='ocr_par' dir='ltr' id='par_1_15' title="bbox 319 1646 1971 1725">
     <span class='ocr_line' id='line_1_15' title="bbox 319 1646 1971 1725; baseline 0.001 -23"><span class='ocrx_word' id='word_1_82' title='bbox 319 1647 498 1703; x_wconf 85' lang='grc' dir='ltr'>νεικία</span> <span class='ocrx_word' id='word_1_83' title='bbox 526 1649 647 1724; x_wconf 79' lang='grc' dir='ltr'>περὶ</span> <span class='ocrx_word' id='word_1_84' title='bbox 691 1646 788 1702; x_wconf 77' lang='grc' dir='ltr'>τοῦ</span> <span class='ocrx_word' id='word_1_85' title='bbox 826 1647 1041 1724; x_wconf 82' lang='grc' dir='ltr'>θρόνου,</span> <span class='ocrx_word' id='word_1_86' title='bbox 1073 1648 1162 1702; x_wconf 87' lang='grc' dir='ltr'><strong>καὶ</strong></span> <span class='ocrx_word' id='word_1_87' title='bbox 1210 1647 1347 1724; x_wconf 87' lang='grc' dir='ltr'>πρὸς</span> <span class='ocrx_word' id='word_1_88' title='bbox 1388 1647 1673 1719; x_wconf 83' lang='grc' dir='ltr'>ἀλλήλους</span> <span class='ocrx_word' id='word_1_89' title='bbox 1706 1649 1971 1725; x_wconf 85' lang='grc' dir='ltr'>ἐζυγομά-</span> 
     </span>
    </p>
   </div>
   <div class='ocr_carea' id='block_1_16' title="bbox 317 1735 1974 1816">
    <p class='ocr_par' dir='ltr' id='par_1_16' title="bbox 317 1735 1974 1816">
     <span class='ocr_line' id='line_1_16' title="bbox 317 1735 1974 1816; baseline 0 -23"><span class='ocrx_word' id='word_1_90' title='bbox 317 1759 457 1814; x_wconf 82' lang='grc' dir='ltr'>’χουν</span> <span class='ocrx_word' id='word_1_91' title='bbox 507 1737 829 1795; x_wconf 84' lang='grc' dir='ltr'>ἐπίσκοποι.</span> <span class='ocrx_word' id='word_1_92' title='bbox 880 1738 979 1792; x_wconf 84' lang='grc' dir='ltr'>Καὶ</span> <span class='ocrx_word' id='word_1_93' title='bbox 1031 1738 1082 1792; x_wconf 81' lang='grc' dir='ltr'>οἳ</span> <span class='ocrx_word' id='word_1_94' title='bbox 1136 1738 1229 1810; x_wconf 78' lang='grc' dir='ltr'>μὲν</span> <span class='ocrx_word' id='word_1_95' title='bbox 1278 1738 1344 1792; x_wconf 78' lang='grc' dir='ltr'>τὰ</span> <span class='ocrx_word' id='word_1_96' title='bbox 1406 1739 1743 1816; x_wconf 71' lang='grc' dir='ltr'>ψηφισθέντα</span> <span class='ocrx_word' id='word_1_97' title='bbox 1795 1735 1974 1794; x_wconf 87' lang='grc' dir='ltr'>δίκαια</span> 
     </span>
    </p>
   </div>
   <div class='ocr_carea' id='block_1_17' title="bbox 319 1821 1971 1904">
    <p class='ocr_par' dir='ltr' id='par_1_17' title="bbox 319 1821 1971 1904">
     <span class='ocr_line' id='line_1_17' title="bbox 319 1821 1971 1904; baseline 0.001 -23"><span class='ocrx_word' id='word_1_98' title='bbox 319 1829 457 1882; x_wconf 83' lang='grc' dir='ltr'>εἶναι</span> <span class='ocrx_word' id='word_1_99' title='bbox 505 1827 801 1903; x_wconf 76' lang='grc' dir='ltr'>κρίνοντες,</span> <span class='ocrx_word' id='word_1_100' title='bbox 852 1821 1042 1904; x_wconf 79' lang='grc' dir='ltr'>βέϐαια</span> <span class='ocrx_word' id='word_1_101' title='bbox 1095 1832 1270 1900; x_wconf 85' lang='grc' dir='ltr'>μεῖναι</span> <span class='ocrx_word' id='word_1_102' title='bbox 1316 1832 1483 1882; x_wconf 74' lang='grc' dir='ltr'>ταῦτα</span> <span class='ocrx_word' id='word_1_103' title='bbox 1533 1822 1865 1884; x_wconf 72' lang='grc' dir='ltr'>ἐϐούλοντοο</span> <span class='ocrx_word' id='word_1_104' title='bbox 1920 1829 1971 1882; x_wconf 71' lang='grc' dir='ltr'>οἳ</span> 
     </span>
    </p>
   </div>
   <div class='ocr_carea' id='block_1_18' title="bbox 318 1913 1972 1990">
    <p class='ocr_par' dir='ltr' id='par_1_18' title="bbox 318 1913 1972 1990">
     <span class='ocr_line' id='line_1_18' title="bbox 318 1913 1972 1990; baseline 0.001 -20"><span class='ocrx_word' id='word_1_105' title='bbox 318 1914 376 1970; x_wconf 75' lang='grc' dir='ltr'><strong>δὲ</strong></span> <span class='ocrx_word' id='word_1_106' title='bbox 407 1917 729 1971; x_wconf 85' lang='grc' dir='ltr'>ἀντέπιπτον</span> <span class='ocrx_word' id='word_1_107' title='bbox 775 1914 912 1990; x_wconf 87' lang='grc' dir='ltr'>πρὸς</span> <span class='ocrx_word' id='word_1_108' title='bbox 959 1936 1026 1970; x_wconf 89' lang='grc' dir='ltr'><strong>τα</strong></span> <span class='ocrx_word' id='word_1_109' title='bbox 1071 1913 1181 1987; x_wconf 57' lang='grc' dir='ltr'><strong>⁵ἤδη</strong></span> <span class='ocrx_word' id='word_1_110' title='bbox 1230 1913 1529 1990; x_wconf 73' lang='grc' dir='ltr'>δεδογμένα</span> <span class='ocrx_word' id='word_1_111' title='bbox 1575 1917 1779 1979; x_wconf 84' lang='grc' dir='ltr'>καλῶς.</span> <span class='ocrx_word' id='word_1_112' title='bbox 1811 1922 1865 1970; x_wconf 78' lang='grc' dir='ltr'>Ὀ</span> <span class='ocrx_word' id='word_1_113' title='bbox 1915 1914 1972 1972; x_wconf 77' lang='grc' dir='ltr'>δὲ</span> 
     </span>
    </p>
   </div>
   <div class='ocr_carea' id='block_1_19' title="bbox 315 2003 1978 2082">
    <p class='ocr_par' dir='ltr' id='par_1_19' title="bbox 315 2003 1978 2082">
     <span class='ocr_line' id='line_1_19' title="bbox 315 2003 1978 2082; baseline 0.001 -21"><span class='ocrx_word' id='word_1_114' title='bbox 315 2006 642 2082; x_wconf 80' lang='grc' dir='ltr'>Γρηγόριος,</span> <span class='ocrx_word' id='word_1_115' title='bbox 689 2007 763 2078; x_wconf 88' lang='lat'><strong>(2)</strong></span> <span class='ocrx_word' id='word_1_116' title='bbox 820 2005 955 2075; x_wconf 81' lang='grc' dir='ltr'>ἅπαξ</span> <span class='ocrx_word' id='word_1_117' title='bbox 1003 2006 1102 2074; x_wconf 72' lang='grc' dir='ltr'>τὴν</span> <span class='ocrx_word' id='word_1_118' title='bbox 1158 2003 1418 2080; x_wconf 87' lang='grc' dir='ltr'>καθέδραν</span> <span class='ocrx_word' id='word_1_119' title='bbox 1477 2003 1792 2080; x_wconf 79' lang='grc' dir='ltr'>δεξάμενος,</span> <span class='ocrx_word' id='word_1_120' title='bbox 1855 2027 1978 2080; x_wconf 83' lang='grc' dir='ltr'>μετ-</span> 
     </span>
    </p>
   </div>
   <div class='ocr_carea' id='block_1_20' title="bbox 317 2093 1972 2171">
    <p class='ocr_par' dir='ltr' id='par_1_20' title="bbox 317 2093 1972 2171">
     <span class='ocr_line' id='line_1_20' title="bbox 317 2093 1972 2171; baseline 0 -21"><span class='ocrx_word' id='word_1_121' title='bbox 317 2101 556 2150; x_wconf 87' lang='grc' dir='ltr'>εποιεῖτο</span> <span class='ocrx_word' id='word_1_122' title='bbox 607 2095 793 2167; x_wconf 75' lang='grc' dir='ltr'>αὐτῆς,</span> <span class='ocrx_word' id='word_1_123' title='bbox 825 2096 959 2170; x_wconf 88' lang='grc' dir='ltr'>πρὸς</span> <span class='ocrx_word' id='word_1_124' title='bbox 1007 2093 1203 2157; x_wconf 75' lang='grc' dir='ltr'>αὐτοὺς</span> <span class='ocrx_word' id='word_1_125' title='bbox 1256 2096 1545 2171; x_wconf 87' lang='grc' dir='ltr'>χρώμενος</span> <span class='ocrx_word' id='word_1_126' title='bbox 1587 2094 1831 2151; x_wconf 86' lang='grc' dir='ltr'>τοιοῖσδε</span> <span class='ocrx_word' id='word_1_127' title='bbox 1876 2094 1972 2150; x_wconf 88' lang='grc' dir='ltr'><strong>λό-</strong></span> 
     </span>
    </p>
   </div>
   <div class='ocr_carea' id='block_1_21' title="bbox 316 2183 1972 2261">
    <p class='ocr_par' dir='ltr' id='par_1_21' title="bbox 316 2183 1972 2261">
     <span class='ocr_line' id='line_1_21' title="bbox 316 2183 1972 2261; baseline 0.001 -23"><span class='ocrx_word' id='word_1_128' title='bbox 316 2206 462 2260; x_wconf 88' lang='grc' dir='ltr'>γοις·</span> <span class='ocrx_word' id='word_1_129' title='bbox 497 2209 526 2236; x_wconf 79' lang='grc' dir='ltr'><strong>(ί</strong></span> <span class='ocrx_word' id='word_1_130' title='bbox 565 2184 724 2261; x_wconf 85' lang='grc' dir='ltr'>Ἐγὼ,</span> <span class='ocrx_word' id='word_1_131' title='bbox 776 2185 1034 2256; x_wconf 89' lang='grc' dir='ltr'>ποιμένες</span> <span class='ocrx_word' id='word_1_132' title='bbox 1081 2185 1220 2259; x_wconf 76' lang='grc' dir='ltr'>ἱεροὶ</span> <span class='ocrx_word' id='word_1_133' title='bbox 1268 2183 1356 2238; x_wconf 85' lang='grc' dir='ltr'><strong>καὶ</strong></span> <span class='ocrx_word' id='word_1_134' title='bbox 1410 2183 1609 2257; x_wconf 79' lang='grc' dir='ltr'>τίμιοι,</span> <span class='ocrx_word' id='word_1_135' title='bbox 1640 2186 1741 2254; x_wconf 80' lang='grc' dir='ltr'>τήν</span> <span class='ocrx_word' id='word_1_136' title='bbox 1793 2184 1972 2260; x_wconf 79' lang='grc' dir='ltr'>ἀρχὴν</span> 
     </span>
    </p>
   </div>
   <div class='ocr_carea' id='block_1_22' title="bbox 318 2271 1973 2350">
    <p class='ocr_par' dir='ltr' id='par_1_22' title="bbox 318 2271 1973 2350">
     <span class='ocr_line' id='line_1_22' title="bbox 318 2271 1973 2350; baseline 0 -21"><span class='ocrx_word' id='word_1_137' title='bbox 318 2274 421 2330; x_wconf 79' lang='grc' dir='ltr'><strong>οὐκ</strong></span> <span class='ocrx_word' id='word_1_138' title='bbox 469 2272 672 2344; x_wconf 64' lang='grc' dir='ltr'>ἤθελον</span> <span class='ocrx_word' id='word_1_139' title='bbox 735 2280 833 2342; x_wconf 83' lang='grc' dir='ltr'>τῆς</span> <span class='ocrx_word' id='word_1_140' title='bbox 896 2271 1178 2348; x_wconf 85' lang='grc' dir='ltr'>βασιλίδος</span> <span class='ocrx_word' id='word_1_141' title='bbox 1237 2275 1539 2350; x_wconf 76' lang='grc' dir='ltr'>ἡγήσασθαι</span> <span class='ocrx_word' id='word_1_142' title='bbox 1599 2272 1746 2329; x_wconf 78' lang='grc' dir='ltr'>ἀλλὰ</span> <span class='ocrx_word' id='word_1_143' title='bbox 1792 2274 1882 2329; x_wconf 87' lang='grc' dir='ltr'><strong>καὶ</strong></span> <span class='ocrx_word' id='word_1_144' title='bbox 1927 2273 1973 2329; x_wconf 77' lang='grc' dir='ltr'>εἷ</span> 
     </span>
    </p>
   </div>
   <div class='ocr_carea' id='block_1_23' title="bbox 318 2360 1970 2438">
    <p class='ocr_par' dir='ltr' id='par_1_23' title="bbox 318 2360 1970 2438">
     <span class='ocr_line' id='line_1_23' title="bbox 318 2360 1970 2438; baseline -0.001 -21"><span class='ocrx_word' id='word_1_145' title='bbox 318 2363 512 2425; x_wconf 78' lang='grc' dir='ltr'>πόνοις</span> <span class='ocrx_word' id='word_1_146' title='bbox 555 2383 616 2417; x_wconf 90' lang='grc' dir='ltr'><strong>τε</strong></span> <span class='ocrx_word' id='word_1_147' title='bbox 657 2363 747 2417; x_wconf 79' lang='grc' dir='ltr'><strong>καὶ</strong></span> <span class='ocrx_word' id='word_1_148' title='bbox 806 2360 1027 2438; x_wconf 73' lang='grc' dir='ltr'>ἱδρῶσιν</span> <span class='ocrx_word' id='word_1_149' title='bbox 1080 2362 1235 2435; x_wconf 80' lang='grc' dir='ltr'>ἐμοῖς</span> <span class='ocrx_word' id='word_1_150' title='bbox 1286 2361 1456 2438; x_wconf 77' lang='grc' dir='ltr'>ἐπάγη</span> <span class='ocrx_word' id='word_1_151' title='bbox 1505 2383 1564 2416; x_wconf 93' lang='grc' dir='ltr'><strong>τε</strong></span> <span class='ocrx_word' id='word_1_152' title='bbox 1615 2361 1705 2416; x_wconf 88' lang='grc' dir='ltr'><strong>καὶ</strong></span> <span class='ocrx_word' id='word_1_153' title='bbox 1761 2362 1970 2433; x_wconf 73' lang='grc' dir='ltr'>ηὐξήθη</span> 
     </span>
    </p>
   </div>
   <div class='ocr_carea' id='block_1_24' title="bbox 317 2449 1975 2527">
    <p class='ocr_par' dir='ltr' id='par_1_24' title="bbox 317 2449 1975 2527">
     <span class='ocr_line' id='line_1_24' title="bbox 317 2449 1975 2527; baseline 0.009 -27"><span class='ocrx_word' id='word_1_154' title='bbox 317 2457 430 2508; x_wconf 79' lang='grc' dir='ltr'><strong>τῶν</strong></span> <span class='ocrx_word' id='word_1_155' title='bbox 460 2449 592 2524; x_wconf 79' lang='grc' dir='ltr'>τῇδε</span> <span class='ocrx_word' id='word_1_156' title='bbox 620 2454 655 2522; x_wconf 77' lang='grc' dir='ltr'><strong>ἡ</strong></span> <span class='ocrx_word' id='word_1_157' title='bbox 687 2450 1004 2523; x_wconf 78' lang='grc' dir='ltr'>Ἐκκλησία,</span> <span class='ocrx_word' id='word_1_158' title='bbox 1059 2451 1212 2527; x_wconf 67' lang='grc' dir='ltr'>ἤρκει</span> <span class='ocrx_word' id='word_1_159' title='bbox 1258 2473 1350 2524; x_wconf 88' lang='grc' dir='ltr'><strong>μοι</strong></span> <span class='ocrx_word' id='word_1_160' title='bbox 1393 2455 1562 2505; x_wconf 80' lang='grc' dir='ltr'>ταῦτα</span> <span class='ocrx_word' id='word_1_161' title='bbox 1606 2455 1685 2522; x_wconf 83' lang='grc' dir='ltr'>τῷ</span> <span class='ocrx_word' id='word_1_162' title='bbox 1732 2456 1848 2523; x_wconf 85' lang='grc' dir='ltr'><strong>Θεῷ</strong></span> <span class='ocrx_word' id='word_1_163' title='bbox 1881 2462 1975 2521; x_wconf 85' lang='grc' dir='ltr'>θη-</span> 
     </span>
    </p>
   </div>
   <div class='ocr_carea' id='block_1_25' title="bbox 319 2537 1972 2616">
    <p class='ocr_par' dir='ltr' id='par_1_25' title="bbox 319 2537 1972 2616">
     <span class='ocr_line' id='line_1_25' title="bbox 319 2537 1972 2616; baseline -0.001 -21"><span class='ocrx_word' id='word_1_164' title='bbox 319 2541 591 2615; x_wconf 84' lang='grc' dir='ltr'>σαυρίζειν</span> <span class='ocrx_word' id='word_1_165' title='bbox 625 2542 752 2616; x_wconf 85' lang='grc' dir='ltr'>παρ’</span> <span class='ocrx_word' id='word_1_166' title='bbox 783 2538 946 2595; x_wconf 79' lang='grc' dir='ltr'><strong>αύτοῦ</strong></span> <span class='ocrx_word' id='word_1_167' title='bbox 987 2541 1085 2608; x_wconf 77' lang='grc' dir='ltr'>τὴν</span> <span class='ocrx_word' id='word_1_168' title='bbox 1137 2538 1407 2595; x_wconf 84' lang='grc' dir='ltr'>ἀντίδοσιν</span> <span class='ocrx_word' id='word_1_169' title='bbox 1449 2537 1789 2613; x_wconf 83' lang='grc' dir='ltr'>ἀναμένοντι.</span> <span class='ocrx_word' id='word_1_170' title='bbox 1824 2539 1972 2594; x_wconf 83' lang='grc' dir='ltr'>Ἐπεὶ</span> 
     </span>
    </p>
   </div>
   <div class='ocr_carea' id='block_1_26' title="bbox 320 2626 1975 2707">
    <p class='ocr_par' dir='ltr' id='par_1_26' title="bbox 320 2626 1975 2707">
     <span class='ocr_line' id='line_1_26' title="bbox 320 2626 1975 2707; baseline -0.001 -23"><span class='ocrx_word' id='word_1_171' title='bbox 320 2627 380 2684; x_wconf 72' lang='grc' dir='ltr'>δὲ</span> <span class='ocrx_word' id='word_1_172' title='bbox 410 2629 581 2693; x_wconf 78' lang='grc' dir='ltr'>πόθος</span> <span class='ocrx_word' id='word_1_173' title='bbox 613 2650 670 2684; x_wconf 90' lang='grc' dir='ltr'><strong>τε</strong></span> <span class='ocrx_word' id='word_1_174' title='bbox 696 2629 936 2702; x_wconf 85' lang='grc' dir='ltr'>ποίμνης</span> <span class='ocrx_word' id='word_1_175' title='bbox 968 2629 1057 2683; x_wconf 78' lang='grc' dir='ltr'><strong>καὶ</strong></span> <span class='ocrx_word' id='word_1_176' title='bbox 1111 2629 1259 2702; x_wconf 84' lang='grc' dir='ltr'>ὑμῶν</span> <span class='ocrx_word' id='word_1_177' title='bbox 1309 2629 1466 2703; x_wconf 76' lang='grc' dir='ltr'>κοινὴ</span> <span class='ocrx_word' id='word_1_178' title='bbox 1516 2632 1699 2707; x_wconf 71' lang='grc' dir='ltr'>ψῆφος</span> <span class='ocrx_word' id='word_1_179' title='bbox 1731 2626 1975 2699; x_wconf 80' lang='grc' dir='ltr'>δέξασθαί</span> 
     </span>
    </p>
   </div>
   <div class='ocr_carea' id='block_1_27' title="bbox 321 2713 1972 2793">
    <p class='ocr_par' dir='ltr' id='par_1_27' title="bbox 321 2713 1972 2793">
     <span class='ocr_line' id='line_1_27' title="bbox 321 2713 1972 2793; baseline -0.001 -19"><span class='ocrx_word' id='word_1_180' title='bbox 321 2740 391 2792; x_wconf 87' lang='grc' dir='ltr'><strong>με</strong></span> <span class='ocrx_word' id='word_1_181' title='bbox 413 2721 512 2788; x_wconf 78' lang='grc' dir='ltr'>τὴν</span> <span class='ocrx_word' id='word_1_182' title='bbox 546 2722 624 2793; x_wconf 87' lang='grc'><strong>(3)</strong></span> <span class='ocrx_word' id='word_1_183' title='bbox 651 2717 913 2792; x_wconf 87' lang='grc' dir='ltr'>καθέδραν</span> <span class='ocrx_word' id='word_1_184' title='bbox 957 2713 1285 2789; x_wconf 76' lang='grc' dir='ltr'>ἐξεϐιάσατο,</span> <span class='ocrx_word' id='word_1_185' title='bbox 1318 2716 1380 2772; x_wconf 73' lang='grc' dir='ltr'><strong>ού</strong></span> <span class='ocrx_word' id='word_1_186' title='bbox 1435 2739 1529 2792; x_wconf 88' lang='grc' dir='ltr'><strong>μοι</strong></span> <span class='ocrx_word' id='word_1_187' title='bbox 1578 2715 1784 2774; x_wconf 85' lang='grc' dir='ltr'>δοκεῖτε</span> <span class='ocrx_word' id='word_1_188' title='bbox 1811 2723 1972 2772; x_wconf 78' lang='grc' dir='ltr'>τοῦτο</span> 
     </span>
    </p>
   </div>
   <div class='ocr_carea' id='block_1_28' title="bbox 318 2806 1973 2884">
    <p class='ocr_par' dir='ltr' id='par_1_28' title="bbox 318 2806 1973 2884">
     <span class='ocr_line' id='line_1_28' title="bbox 318 2806 1973 2884; baseline 0 -22"><span class='ocrx_word' id='word_1_189' title='bbox 318 2808 498 2884; x_wconf 79' lang='grc' dir='ltr'>ὀρθῶς</span> <span class='ocrx_word' id='word_1_190' title='bbox 565 2813 656 2862; x_wconf 73' lang='grc' dir='ltr'>νῦν</span> <span class='ocrx_word' id='word_1_191' title='bbox 707 2808 980 2884; x_wconf 83' lang='grc' dir='ltr'>πράττειν,</span> <span class='ocrx_word' id='word_1_192' title='bbox 1043 2806 1427 2881; x_wconf 80' lang='grc' dir='ltr'>ἀνατρέποντες</span> <span class='ocrx_word' id='word_1_193' title='bbox 1483 2807 1550 2862; x_wconf 77' lang='grc' dir='ltr'>τὰ</span> <span class='ocrx_word' id='word_1_194' title='bbox 1606 2808 1779 2862; x_wconf 76' lang='grc' dir='ltr'>οἰκεῖα</span> <span class='ocrx_word' id='word_1_195' title='bbox 1836 2807 1973 2882; x_wconf 81' lang='grc' dir='ltr'>πρὸς</span> 
     </span>
    </p>
   </div>
   <div class='ocr_carea' id='block_1_29' title="bbox 314 2894 1973 2976">
    <p class='ocr_par' dir='ltr' id='par_1_29' title="bbox 314 2894 1973 2976">
     <span class='ocr_line' id='line_1_29' title="bbox 314 2894 1973 2976; baseline -0.001 -24"><span class='ocrx_word' id='word_1_196' title='bbox 314 2899 397 2970; x_wconf 80' lang='grc' dir='ltr'>τῷ</span> <span class='ocrx_word' id='word_1_197' title='bbox 428 2901 506 2970; x_wconf 79' lang='grc'><strong>(4)</strong></span> <span class='ocrx_word' id='word_1_198' title='bbox 541 2895 682 2972; x_wconf 72' lang='grc' dir='ltr'>μηδὲ</span> <span class='ocrx_word' id='word_1_199' title='bbox 729 2898 961 2959; x_wconf 79' lang='grc' dir='ltr'>ἅπαντας</span> <span class='ocrx_word' id='word_1_200' title='bbox 1010 2902 1341 2976; x_wconf 72' lang='grc' dir='ltr'>συμφωνεῖνσ</span> <span class='ocrx_word' id='word_1_201' title='bbox 1392 2895 1538 2953; x_wconf 82' lang='grc' dir='ltr'>ἀλλᾶ</span> <span class='ocrx_word' id='word_1_202' title='bbox 1582 2902 1700 2960; x_wconf 89' lang='grc' dir='ltr'>τοῖς</span> <span class='ocrx_word' id='word_1_203' title='bbox 1755 2898 1848 2971; x_wconf 75' lang='grc' dir='ltr'><strong>μὶν</strong></span> <span class='ocrx_word' id='word_1_204' title='bbox 1883 2894 1973 2952; x_wconf 88' lang='grc' dir='ltr'>δο-</span> 
     </span>
    </p>
   </div>
   <div class='ocr_carea' id='block_1_30' title="bbox 319 2983 1971 3063">
    <p class='ocr_par' dir='ltr' id='par_1_30' title="bbox 319 2983 1971 3063">
     <span class='ocr_line' id='line_1_30' title="bbox 319 2983 1971 3063; baseline 0.001 -21"><span class='ocrx_word' id='word_1_205' title='bbox 319 2993 436 3042; x_wconf 80' lang='grc' dir='ltr'>κεῖν</span> <span class='ocrx_word' id='word_1_206' title='bbox 478 2990 738 3063; x_wconf 76' lang='grc' dir='ltr'>κρατῆσαι</span> <span class='ocrx_word' id='word_1_207' title='bbox 788 2987 855 3042; x_wconf 81' lang='grc' dir='ltr'><strong>τά</strong></span> <span class='ocrx_word' id='word_1_208' title='bbox 899 2984 1009 3057; x_wconf 74' lang='grc' dir='ltr'><strong>ἤδη</strong></span> <span class='ocrx_word' id='word_1_209' title='bbox 1063 2984 1325 3056; x_wconf 80' lang='grc' dir='ltr'>δόξαντα,</span> <span class='ocrx_word' id='word_1_210' title='bbox 1375 2992 1490 3049; x_wconf 87' lang='grc' dir='ltr'>τοῖς</span> <span class='ocrx_word' id='word_1_211' title='bbox 1544 2983 1600 3041; x_wconf 80' lang='grc' dir='ltr'>δὲ</span> <span class='ocrx_word' id='word_1_212' title='bbox 1663 2987 1724 3040; x_wconf 87' lang='grc' dir='ltr'><strong>ού</strong></span> <span class='ocrx_word' id='word_1_213' title='bbox 1771 2984 1971 3043; x_wconf 88' lang='grc' dir='ltr'>δοκεῖν.</span> 
     </span>
    </p>
   </div>
   <div class='ocr_carea' id='block_1_31' title="bbox 323 3073 1974 3153">
    <p class='ocr_par' dir='ltr' id='par_1_31' title="bbox 323 3073 1974 3153">
     <span class='ocr_line' id='line_1_31' title="bbox 323 3073 1974 3153; baseline 0.001 -24"><span class='ocrx_word' id='word_1_214' title='bbox 323 3076 474 3149; x_wconf 85' lang='grc' dir='ltr'><strong>Ἐγὼ</strong></span> <span class='ocrx_word' id='word_1_215' title='bbox 506 3073 559 3130; x_wconf 70' lang='grc' dir='ltr'>δὲ</span> <span class='ocrx_word' id='word_1_216' title='bbox 608 3075 668 3131; x_wconf 86' lang='grc' dir='ltr'><strong>ού</strong></span> <span class='ocrx_word' id='word_1_217' title='bbox 718 3075 984 3144; x_wconf 87' lang='grc' dir='ltr'>πλούτου,</span> <span class='ocrx_word' id='word_1_218' title='bbox 1038 3073 1163 3130; x_wconf 68' lang='grc' dir='ltr'>οὐδὲ</span> <span class='ocrx_word' id='word_1_219' title='bbox 1209 3073 1428 3149; x_wconf 80' lang='grc' dir='ltr'>ὑψηλῆς</span> <span class='ocrx_word' id='word_1_220' title='bbox 1479 3075 1760 3153; x_wconf 75' lang='grc' dir='ltr'>ἐφιέμενος</span> <span class='ocrx_word' id='word_1_221' title='bbox 1817 3077 1974 3140; x_wconf 85' lang='grc' dir='ltr'>καθέ-</span> 
     </span>
    </p>
   </div>
   <div class='ocr_carea' id='block_1_32' title="bbox 329 3161 1973 3242">
    <p class='ocr_par' dir='ltr' id='par_1_32' title="bbox 329 3161 1973 3242">
     <span class='ocr_line' id='line_1_32' title="bbox 329 3161 1973 3242; baseline 0.001 -24"><span class='ocrx_word' id='word_1_222' title='bbox 329 3161 475 3239; x_wconf 81' lang='grc' dir='ltr'>δρας,</span> <span class='ocrx_word' id='word_1_223' title='bbox 524 3163 648 3220; x_wconf 80' lang='grc' dir='ltr'>τάδε</span> <span class='ocrx_word' id='word_1_224' title='bbox 701 3165 867 3242; x_wconf 77' lang='grc' dir='ltr'>φημι,</span> <span class='ocrx_word' id='word_1_225' title='bbox 921 3163 1049 3219; x_wconf 68' lang='grc' dir='ltr'>οὐδὲ</span> <span class='ocrx_word' id='word_1_226' title='bbox 1106 3161 1388 3240; x_wconf 85' lang='grc' dir='ltr'>βασιλίδος</span> <span class='ocrx_word' id='word_1_227' title='bbox 1433 3166 1796 3241; x_wconf 85' lang='grc' dir='ltr'>χρηματίζειν</span> <span class='ocrx_word' id='word_1_228' title='bbox 1858 3165 1973 3220; x_wconf 80' lang='grc' dir='ltr'>ἐπί-</span> 
     </span>
    </p>
   </div>
   <div class='ocr_carea' id='block_1_33' title="bbox 323 3253 1972 3334">
    <p class='ocr_par' dir='ltr' id='par_1_33' title="bbox 323 3253 1972 3334">
     <span class='ocr_line' id='line_1_33' title="bbox 323 3253 1972 3334; baseline 0 -26"><span class='ocrx_word' id='word_1_229' title='bbox 323 3274 541 3316; x_wconf 82' lang='grc' dir='ltr'>σκοπος·</span> <span class='ocrx_word' id='word_1_230' title='bbox 595 3253 739 3310; x_wconf 83' lang='grc' dir='ltr'><strong>ἀλλά</strong></span> <span class='ocrx_word' id='word_1_231' title='bbox 787 3259 1002 3331; x_wconf 86' lang='grc' dir='ltr'>πρῶτον</span> <span class='ocrx_word' id='word_1_232' title='bbox 1066 3255 1160 3327; x_wconf 80' lang='grc' dir='ltr'>μὶν</span> <span class='ocrx_word' id='word_1_233' title='bbox 1214 3253 1471 3333; x_wconf 80' lang='grc' dir='ltr'>ὀρφανίαν</span> <span class='ocrx_word' id='word_1_234' title='bbox 1533 3254 1733 3310; x_wconf 88' lang='grc' dir='ltr'>τέκνων</span> <span class='ocrx_word' id='word_1_235' title='bbox 1793 3255 1972 3334; x_wconf 85' lang='grc' dir='ltr'>φέρειν</span> 
     </span>
    </p>
   </div>
   <div class='ocr_carea' id='block_1_34' title="bbox 2090 673 3739 754">
    <p class='ocr_par' dir='ltr' id='par_1_34' title="bbox 2090 673 3739 754">
     <span class='ocr_line' id='line_1_34' title="bbox 2090 673 3739 754; baseline 0.007 -26"><span class='ocrx_word' id='word_1_236' title='bbox 2090 673 2356 730; x_wconf 79' lang='lat' dir='ltr'><strong>futurum</strong></span> <span class='ocrx_word' id='word_1_237' title='bbox 2387 676 2852 745; x_wconf 83' lang='lat' dir='ltr'><strong>existimabat,ut</strong></span> <span class='ocrx_word' id='word_1_238' title='bbox 2869 677 2917 734; x_wconf 92' lang='lat' dir='ltr'><strong>si</strong></span> <span class='ocrx_word' id='word_1_239' title='bbox 2951 679 3152 734; x_wconf 86' lang='lat' dir='ltr'><strong>urbem</strong></span> <span class='ocrx_word' id='word_1_240' title='bbox 3171 684 3739 754; x_wconf 88' lang='lat' dir='ltr'><strong>augustamteneret,</strong></span> 
     </span>
    </p>
   </div>
   <div class='ocr_carea' id='block_1_35' title="bbox 2089 763 3744 838">
    <p class='ocr_par' dir='ltr' id='par_1_35' title="bbox 2089 763 3744 838">
     <span class='ocr_line' id='line_1_35' title="bbox 2089 763 3744 838; baseline 0.004 -21"><span class='ocrx_word' id='word_1_241' title='bbox 2089 763 2489 820; x_wconf 79' lang='lat' dir='ltr'><strong>contentiones</strong></span> <span class='ocrx_word' id='word_1_242' title='bbox 2519 781 2620 836; x_wconf 93' lang='lat' dir='ltr'><strong>per</strong></span> <span class='ocrx_word' id='word_1_243' title='bbox 2649 766 2850 821; x_wconf 88' lang='lat' dir='ltr'><strong>orbem</strong></span> <span class='ocrx_word' id='word_1_244' title='bbox 2881 769 3173 822; x_wconf 88' lang='lat' dir='ltr'><strong>terrarum</strong></span> <span class='ocrx_word' id='word_1_245' title='bbox 3194 767 3546 838; x_wconf 90' lang='lat' dir='ltr'><strong>oborientes,</strong></span> <span class='ocrx_word' id='word_1_246' title='bbox 3583 768 3744 825; x_wconf 86' lang='lat' dir='ltr'><strong>velut</strong></span> 
     </span>
    </p>
   </div>
   <div class='ocr_carea' id='block_1_36' title="bbox 2089 853 3742 930">
    <p class='ocr_par' dir='ltr' id='par_1_36' title="bbox 2089 853 3742 930">
     <span class='ocr_line' id='line_1_36' title="bbox 2089 853 3742 930; baseline 0.003 -23"><span class='ocrx_word' id='word_1_247' title='bbox 2089 867 2119 907; x_wconf 91' lang='lat' dir='ltr'><strong>e</strong></span> <span class='ocrx_word' id='word_1_248' title='bbox 2151 853 2388 924; x_wconf 87' lang='lat' dir='ltr'><strong>specula</strong></span> <span class='ocrx_word' id='word_1_249' title='bbox 2419 855 2673 925; x_wconf 90' lang='lat' dir='ltr'><strong>quadam</strong></span> <span class='ocrx_word' id='word_1_250' title='bbox 2706 859 3063 928; x_wconf 87' lang='lat' dir='ltr'><strong>perspectas,</strong></span> <span class='ocrx_word' id='word_1_251' title='bbox 3109 856 3527 930; x_wconf 80' lang='lat' dir='ltr'><strong>exstingueret,</strong></span> <span class='ocrx_word' id='word_1_252' title='bbox 3561 857 3742 914; x_wconf 88' lang='lat' dir='ltr'><strong>dissi-</strong></span> 
     </span>
    </p>
   </div>
   <div class='ocr_carea' id='block_1_37' title="bbox 2088 933 3742 1016">
    <p class='ocr_par' dir='ltr' id='par_1_37' title="bbox 2088 933 3742 1016">
     <span class='ocr_line' id='line_1_37' title="bbox 2088 933 3742 1016; baseline 0.004 -20"><span class='ocrx_word' id='word_1_253' title='bbox 2088 943 2408 1015; x_wconf 88' lang='lat' dir='ltr'><strong>dentesque</strong></span> <span class='ocrx_word' id='word_1_254' title='bbox 2439 943 2727 1000; x_wconf 83' lang='lat' dir='ltr'><strong>Ecclesiae</strong></span> <span class='ocrx_word' id='word_1_255' title='bbox 2758 945 3069 1016; x_wconf 88' lang='lat' dir='ltr'><strong>ambabus,</strong></span> <span class='ocrx_word' id='word_1_256' title='bbox 3102 948 3167 1001; x_wconf 92' lang='lat' dir='ltr'><strong>ut</strong></span> <span class='ocrx_word' id='word_1_257' title='bbox 3189 933 3433 1014; x_wconf 87' lang='lat' dir='ltr'><strong>dicitur,</strong></span> <span class='ocrx_word' id='word_1_258' title='bbox 3464 948 3742 1004; x_wconf 83' lang='lat' dir='ltr'><strong>manibus</strong></span> 
     </span>
    </p>
   </div>
   <div class='ocr_carea' id='block_1_38' title="bbox 2087 1031 3741 1110">
    <p class='ocr_par' dir='ltr' id='par_1_38' title="bbox 2087 1031 3741 1110">
     <span class='ocr_line' id='line_1_38' title="bbox 2087 1031 3741 1110; baseline 0.005 -24"><span class='ocrx_word' id='word_1_259' title='bbox 2087 1031 2160 1086; x_wconf 86' lang='lat' dir='ltr'><strong>ad</strong></span> <span class='ocrx_word' id='word_1_260' title='bbox 2177 1032 2454 1088; x_wconf 91' lang='lat' dir='ltr'><strong>unionem</strong></span> <span class='ocrx_word' id='word_1_261' title='bbox 2480 1033 2970 1106; x_wconf 82' lang='lat' dir='ltr'><strong>concordiamque</strong></span> <span class='ocrx_word' id='word_1_262' title='bbox 2990 1035 3741 1110; x_wconf 87' lang='lat' dir='ltr'><strong>adduceret,episcopatum</strong></span> 
     </span>
    </p>
   </div>
   <div class='ocr_carea' id='block_1_39' title="bbox 2086 1119 2817 1192">
    <p class='ocr_par' dir='ltr' id='par_1_39' title="bbox 2086 1119 2817 1192">
     <span class='ocr_line' id='line_1_39' title="bbox 2086 1119 2817 1192; baseline 0.005 -18"><span class='ocrx_word' id='word_1_263' title='bbox 2086 1119 2349 1192; x_wconf 92' lang='lat' dir='ltr'><strong>accipere</strong></span> <span class='ocrx_word' id='word_1_264' title='bbox 2367 1138 2484 1176; x_wconf 90' lang='lat' dir='ltr'><strong>non</strong></span> <span class='ocrx_word' id='word_1_265' title='bbox 2507 1121 2817 1178; x_wconf 81' lang='lat' dir='ltr'><strong>recusavit.</strong></span> 
     </span>
    </p>
   </div>
   <div class='ocr_carea' id='block_1_40' title="bbox 2155 1209 3742 1272">
    <p class='ocr_par' dir='ltr' id='par_1_40' title="bbox 2155 1209 3742 1272">
     <span class='ocr_line' id='line_1_40' title="bbox 2155 1209 3742 1272; baseline 0.004 -8"><span class='ocrx_word' id='word_1_266' title='bbox 2155 1209 2229 1264; x_wconf 86' lang='lat' dir='ltr'><strong>At</strong></span> <span class='ocrx_word' id='word_1_267' title='bbox 2255 1225 2388 1266; x_wconf 88' lang='lat' dir='ltr'><strong>vero</strong></span> <span class='ocrx_word' id='word_1_268' title='bbox 2420 1209 2688 1267; x_wconf 89' lang='lat' dir='ltr'><strong>Meletius</strong></span> <span class='ocrx_word' id='word_1_269' title='bbox 2718 1214 2974 1268; x_wconf 81' lang='lat' dir='ltr'><strong>extremo</strong></span> <span class='ocrx_word' id='word_1_270' title='bbox 3001 1210 3130 1266; x_wconf 70' lang='lat' dir='ltr'><strong>vitae</strong></span> <span class='ocrx_word' id='word_1_271' title='bbox 3187 1211 3282 1268; x_wconf 90' lang='lat' dir='ltr'><strong>die</strong></span> <span class='ocrx_word' id='word_1_272' title='bbox 3329 1212 3742 1272; x_wconf 89' lang='lat' dir='ltr'><strong>Constantino-</strong></span> 
     </span>
    </p>
   </div>
   <div class='ocr_carea' id='block_1_41' title="bbox 2086 1295 3743 1373">
    <p class='ocr_par' dir='ltr' id='par_1_41' title="bbox 2086 1295 3743 1373">
     <span class='ocr_line' id='line_1_41' title="bbox 2086 1295 3743 1373; baseline 0.004 -21"><span class='ocrx_word' id='word_1_273' title='bbox 2086 1295 2203 1368; x_wconf 87' lang='lat' dir='ltr'><strong>poli</strong></span> <span class='ocrx_word' id='word_1_274' title='bbox 2235 1299 2598 1370; x_wconf 83' lang='lat' dir='ltr'><strong>perfunctus,</strong></span> <span class='ocrx_word' id='word_1_275' title='bbox 2631 1301 2774 1357; x_wconf 91' lang='lat' dir='ltr'><strong>adeo</strong></span> <span class='ocrx_word' id='word_1_276' title='bbox 2817 1299 3030 1356; x_wconf 86' lang='lat' dir='ltr'><strong>celebri</strong></span> <span class='ocrx_word' id='word_1_277' title='bbox 3079 1304 3255 1373; x_wconf 85' lang='lat' dir='ltr'><strong>atque</strong></span> <span class='ocrx_word' id='word_1_278' title='bbox 3299 1301 3621 1359; x_wconf 77' lang='lat' dir='ltr'><strong>honorifico</strong></span> <span class='ocrx_word' id='word_1_279' title='bbox 3658 1303 3743 1360; x_wconf 83' lang='lat' dir='ltr'><strong>fu-</strong></span> 
     </span>
    </p>
   </div>
   <div class='ocr_carea' id='block_1_42' title="bbox 2087 1389 3742 1462">
    <p class='ocr_par' dir='ltr' id='par_1_42' title="bbox 2087 1389 3742 1462">
     <span class='ocr_line' id='line_1_42' title="bbox 2087 1389 3742 1462; baseline 0.005 -22"><span class='ocrx_word' id='word_1_280' title='bbox 2087 1403 2222 1442; x_wconf 89' lang='lat' dir='ltr'><strong>nere</strong></span> <span class='ocrx_word' id='word_1_281' title='bbox 2253 1389 2511 1458; x_wconf 74' lang='lat' dir='ltr'><strong>effertur,</strong></span> <span class='ocrx_word' id='word_1_282' title='bbox 2546 1393 2612 1445; x_wconf 88' lang='lat' dir='ltr'><strong>ut</strong></span> <span class='ocrx_word' id='word_1_283' title='bbox 2640 1389 2712 1444; x_wconf 88' lang='lat' dir='ltr'><strong>ad</strong></span> <span class='ocrx_word' id='word_1_284' title='bbox 2748 1389 2944 1462; x_wconf 89' lang='lat' dir='ltr'><strong>ipsum</strong></span> <span class='ocrx_word' id='word_1_285' title='bbox 2980 1389 3122 1446; x_wconf 91' lang='lat' dir='ltr'><strong>urbs</strong></span> <span class='ocrx_word' id='word_1_286' title='bbox 3152 1394 3275 1446; x_wconf 88' lang='lat' dir='ltr'><strong>tota</strong></span> <span class='ocrx_word' id='word_1_287' title='bbox 3304 1407 3432 1448; x_wconf 88' lang='lat' dir='ltr'><strong>sese</strong></span> <span class='ocrx_word' id='word_1_288' title='bbox 3480 1392 3742 1449; x_wconf 78' lang='lat' dir='ltr'><strong>offunde-</strong></span> 
     </span>
    </p>
   </div>
   <div class='ocr_carea' id='block_1_43' title="bbox 2085 1478 3739 1552">
    <p class='ocr_par' dir='ltr' id='par_1_43' title="bbox 2085 1478 3739 1552">
     <span class='ocr_line' id='line_1_43' title="bbox 2085 1478 3739 1552; baseline 0.004 -20"><span class='ocrx_word' id='word_1_289' title='bbox 2085 1482 2192 1547; x_wconf 85' lang='lat' dir='ltr'><strong>ret,</strong></span> <span class='ocrx_word' id='word_1_290' title='bbox 2227 1478 2660 1550; x_wconf 83' lang='lat' dir='ltr'><strong>maximamque</strong></span> <span class='ocrx_word' id='word_1_291' title='bbox 2702 1478 3093 1552; x_wconf 83' lang='lat' dir='ltr'><strong>lacrymarum</strong></span> <span class='ocrx_word' id='word_1_292' title='bbox 3142 1480 3260 1536; x_wconf 90' lang='lat' dir='ltr'><strong>vim</strong></span> <span class='ocrx_word' id='word_1_293' title='bbox 3309 1481 3620 1548; x_wconf 85' lang='lat' dir='ltr'><strong>emitteret,</strong></span> <span class='ocrx_word' id='word_1_294' title='bbox 3671 1499 3739 1538; x_wconf 88' lang='lat' dir='ltr'><strong>ac</strong></span> 
     </span>
    </p>
   </div>
   <div class='ocr_carea' id='block_1_44' title="bbox 2083 1567 3735 1645">
    <p class='ocr_par' dir='ltr' id='par_1_44' title="bbox 2083 1567 3735 1645">
     <span class='ocr_line' id='line_1_44' title="bbox 2083 1567 3735 1645; baseline 0.004 -23"><span class='ocrx_word' id='word_1_295' title='bbox 2083 1569 2209 1622; x_wconf 90' lang='lat' dir='ltr'><strong>tum</strong></span> <span class='ocrx_word' id='word_1_296' title='bbox 2239 1567 2787 1641; x_wconf 84' lang='lat' dir='ltr'><strong>imprimis,quanta</strong></span> <span class='ocrx_word' id='word_1_297' title='bbox 2808 1569 3022 1625; x_wconf 86' lang='lat' dir='ltr'><strong>civium</strong></span> <span class='ocrx_word' id='word_1_298' title='bbox 3037 1569 3354 1626; x_wconf 89' lang='lat' dir='ltr'><strong>multitudo</strong></span> <span class='ocrx_word' id='word_1_299' title='bbox 3372 1576 3735 1645; x_wconf 88' lang='lat' dir='ltr'><strong>esset,agno-</strong></span> 
     </span>
    </p>
   </div>
   <div class='ocr_carea' id='block_1_45' title="bbox 2083 1657 3737 1730">
    <p class='ocr_par' dir='ltr' id='par_1_45' title="bbox 2083 1657 3737 1730">
     <span class='ocr_line' id='line_1_45' title="bbox 2083 1657 3737 1730; baseline 0.002 -18"><span class='ocrx_word' id='word_1_300' title='bbox 2083 1661 2362 1713; x_wconf 90' lang='lat' dir='ltr'><strong>sceretur.</strong></span> <span class='ocrx_word' id='word_1_301' title='bbox 2396 1658 2623 1714; x_wconf 86' lang='lat' dir='ltr'><strong>Rursus</strong></span> <span class='ocrx_word' id='word_1_302' title='bbox 2647 1657 2846 1730; x_wconf 87' lang='lat' dir='ltr'><strong>itaque</strong></span> <span class='ocrx_word' id='word_1_303' title='bbox 2889 1659 2961 1714; x_wconf 91' lang='lat' dir='ltr'><strong>de</strong></span> <span class='ocrx_word' id='word_1_304' title='bbox 3008 1659 3220 1715; x_wconf 90' lang='lat' dir='ltr'><strong>throno</strong></span> <span class='ocrx_word' id='word_1_305' title='bbox 3251 1659 3546 1717; x_wconf 90' lang='lat' dir='ltr'><strong>contentio</strong></span> <span class='ocrx_word' id='word_1_306' title='bbox 3584 1661 3737 1717; x_wconf 86' lang='lat' dir='ltr'><strong>exci-</strong></span> 
     </span>
    </p>
   </div>
   <div class='ocr_carea' id='block_1_46' title="bbox 2083 1746 3736 1821">
    <p class='ocr_par' dir='ltr' id='par_1_46' title="bbox 2083 1746 3736 1821">
     <span class='ocr_line' id='line_1_46' title="bbox 2083 1746 3736 1821; baseline 0.004 -21"><span class='ocrx_word' id='word_1_307' title='bbox 2083 1749 2206 1801; x_wconf 89' lang='lat' dir='ltr'><strong>tata</strong></span> <span class='ocrx_word' id='word_1_308' title='bbox 2231 1750 2338 1814; x_wconf 90' lang='lat' dir='ltr'><strong>est,</strong></span> <span class='ocrx_word' id='word_1_309' title='bbox 2374 1751 2544 1817; x_wconf 85' lang='lat' dir='ltr'><strong>atque</strong></span> <span class='ocrx_word' id='word_1_310' title='bbox 2573 1746 2725 1802; x_wconf 89' lang='lat' dir='ltr'><strong>inter</strong></span> <span class='ocrx_word' id='word_1_311' title='bbox 2754 1764 2817 1803; x_wconf 91' lang='lat' dir='ltr'><strong>se</strong></span> <span class='ocrx_word' id='word_1_312' title='bbox 2847 1747 3281 1803; x_wconf 87' lang='lat' dir='ltr'><strong>altercabantur</strong></span> <span class='ocrx_word' id='word_1_313' title='bbox 3308 1748 3589 1821; x_wconf 87' lang='lat' dir='ltr'><strong>episcopi.</strong></span> <span class='ocrx_word' id='word_1_314' title='bbox 3620 1749 3736 1806; x_wconf 86' lang='lat' dir='ltr'><strong>Alii</strong></span> 
     </span>
    </p>
   </div>
   <div class='ocr_carea' id='block_1_47' title="bbox 2082 1834 3736 1909">
    <p class='ocr_par' dir='ltr' id='par_1_47' title="bbox 2082 1834 3736 1909">
     <span class='ocr_line' id='line_1_47' title="bbox 2082 1834 3736 1909; baseline 0.002 -19"><span class='ocrx_word' id='word_1_315' title='bbox 2082 1834 2397 1906; x_wconf 78' lang='lat' dir='ltr'><strong>enim,qua3</strong></span> <span class='ocrx_word' id='word_1_316' title='bbox 2429 1835 2726 1907; x_wconf 76' lang='lat' dir='ltr'><strong>suffragiis</strong></span> <span class='ocrx_word' id='word_1_317' title='bbox 2748 1838 2968 1890; x_wconf 87' lang='lat' dir='ltr'><strong>statuta</strong></span> <span class='ocrx_word' id='word_1_318' title='bbox 2988 1835 3403 1906; x_wconf 62' lang='lat' dir='ltr'><strong>fuerantjusta</strong></span> <span class='ocrx_word' id='word_1_319' title='bbox 3428 1837 3736 1909; x_wconf 88' lang='lat' dir='ltr'><strong>essejudi-</strong></span> 
     </span>
    </p>
   </div>
   <div class='ocr_carea' id='block_1_48' title="bbox 2085 1923 3734 1998">
    <p class='ocr_par' dir='ltr' id='par_1_48' title="bbox 2085 1923 3734 1998">
     <span class='ocr_line' id='line_1_48' title="bbox 2085 1923 3734 1998; baseline 0.002 -18"><span class='ocrx_word' id='word_1_320' title='bbox 2085 1927 2305 1993; x_wconf 90' lang='lat' dir='ltr'><strong>cantes,</strong></span> <span class='ocrx_word' id='word_1_321' title='bbox 2335 1924 2506 1978; x_wconf 84' lang='lat' dir='ltr'><strong>ﬁrma</strong></span> <span class='ocrx_word' id='word_1_322' title='bbox 2533 1939 2602 1978; x_wconf 90' lang='lat' dir='ltr'><strong>ea</strong></span> <span class='ocrx_word' id='word_1_323' title='bbox 2631 1940 2868 1980; x_wconf 89' lang='lat' dir='ltr'><strong>manere</strong></span> <span class='ocrx_word' id='word_1_324' title='bbox 2897 1923 3186 1981; x_wconf 89' lang='lat' dir='ltr'><strong>volebant.</strong></span> <span class='ocrx_word' id='word_1_325' title='bbox 3220 1924 3330 1979; x_wconf 91' lang='lat' dir='ltr'><strong>Alii</strong></span> <span class='ocrx_word' id='word_1_326' title='bbox 3359 1924 3589 1998; x_wconf 79' lang='lat' dir='ltr'><strong>iis,quea</strong></span> <span class='ocrx_word' id='word_1_327' title='bbox 3607 1926 3734 1997; x_wconf 89' lang='lat' dir='ltr'><strong>jam</strong></span> 
     </span>
    </p>
   </div>
   <div class='ocr_carea' id='block_1_49' title="bbox 2085 2012 3734 2086">
    <p class='ocr_par' dir='ltr' id='par_1_49' title="bbox 2085 2012 3734 2086">
     <span class='ocr_line' id='line_1_49' title="bbox 2085 2012 3734 2086; baseline 0.002 -19"><span class='ocrx_word' id='word_1_328' title='bbox 2085 2017 2238 2067; x_wconf 91' lang='lat' dir='ltr'><strong>recte</strong></span> <span class='ocrx_word' id='word_1_329' title='bbox 2267 2013 2500 2068; x_wconf 88' lang='lat' dir='ltr'><strong>decreta</strong></span> <span class='ocrx_word' id='word_1_330' title='bbox 2530 2012 3272 2079; x_wconf 85' lang='lat' dir='ltr'><strong>fuerant,adversabantur.</strong></span> <span class='ocrx_word' id='word_1_331' title='bbox 3292 2016 3368 2069; x_wconf 81' lang='lat' dir='ltr'><strong>At</strong></span> <span class='ocrx_word' id='word_1_332' title='bbox 3399 2015 3734 2086; x_wconf 86' lang='lat' dir='ltr'><strong>Gregorius,</strong></span> 
     </span>
    </p>
   </div>
   <div class='ocr_carea' id='block_1_50' title="bbox 2085 2099 3735 2172">
    <p class='ocr_par' dir='ltr' id='par_1_50' title="bbox 2085 2099 3735 2172">
     <span class='ocr_line' id='line_1_50' title="bbox 2085 2099 3735 2172; baseline 0.002 -16"><span class='ocrx_word' id='word_1_333' title='bbox 2085 2105 2148 2156; x_wconf 89' lang='lat' dir='ltr'><strong>ut</strong></span> <span class='ocrx_word' id='word_1_334' title='bbox 2178 2099 2278 2172; x_wconf 89' lang='lat' dir='ltr'><strong>qui</strong></span> <span class='ocrx_word' id='word_1_335' title='bbox 2300 2100 2482 2156; x_wconf 89' lang='lat' dir='ltr'><strong>semel</strong></span> <span class='ocrx_word' id='word_1_336' title='bbox 2504 2101 2845 2156; x_wconf 88' lang='lat' dir='ltr'><strong>cathedram</strong></span> <span class='ocrx_word' id='word_1_337' title='bbox 2867 2102 3358 2169; x_wconf 82' lang='lat' dir='ltr'><strong>admisisset,eam</strong></span> <span class='ocrx_word' id='word_1_338' title='bbox 3379 2103 3735 2172; x_wconf 89' lang='lat' dir='ltr'><strong>vindicabat,</strong></span> 
     </span>
    </p>
   </div>
   <div class='ocr_carea' id='block_1_51' title="bbox 2082 2189 3734 2265">
    <p class='ocr_par' dir='ltr' id='par_1_51' title="bbox 2082 2189 3734 2265">
     <span class='ocr_line' id='line_1_51' title="bbox 2082 2189 3734 2265; baseline 0.003 -21"><span class='ocrx_word' id='word_1_339' title='bbox 2082 2189 2425 2260; x_wconf 85' lang='lat' dir='ltr'><strong>hujusmodi</strong></span> <span class='ocrx_word' id='word_1_340' title='bbox 2459 2191 2528 2246; x_wconf 89' lang='lat' dir='ltr'><strong>ad</strong></span> <span class='ocrx_word' id='word_1_341' title='bbox 2563 2206 2661 2245; x_wconf 88' lang='lat' dir='ltr'><strong>eos</strong></span> <span class='ocrx_word' id='word_1_342' title='bbox 2693 2190 2952 2246; x_wconf 77' lang='lat' dir='ltr'><strong>oratione</strong></span> <span class='ocrx_word' id='word_1_343' title='bbox 2983 2196 3155 2246; x_wconf 88' lang='lat' dir='ltr'><strong>utens</strong></span> <span class='ocrx_word' id='word_1_344' title='bbox 3188 2209 3202 2247; x_wconf 89' lang='lat'><strong>:</strong></span> <span class='ocrx_word' id='word_1_345' title='bbox 3238 2214 3265 2241; x_wconf 85' lang='lat'><strong>«</strong></span> <span class='ocrx_word' id='word_1_346' title='bbox 3299 2193 3436 2263; x_wconf 92' lang='lat' dir='ltr'><strong>Ego,</strong></span> <span class='ocrx_word' id='word_1_347' title='bbox 3469 2197 3734 2265; x_wconf 84' lang='lat' dir='ltr'><strong>pastores</strong></span> 
     </span>
    </p>
   </div>
   <div class='ocr_carea' id='block_1_52' title="bbox 2083 2279 3735 2355">
    <p class='ocr_par' dir='ltr' id='par_1_52' title="bbox 2083 2279 3735 2355">
     <span class='ocr_line' id='line_1_52' title="bbox 2083 2279 3735 2355; baseline 0.002 -20"><span class='ocrx_word' id='word_1_348' title='bbox 2083 2279 2234 2335; x_wconf 85' lang='lat' dir='ltr'><strong>sacri</strong></span> <span class='ocrx_word' id='word_1_349' title='bbox 2285 2282 2342 2334; x_wconf 87' lang='lat' dir='ltr'><strong>et</strong></span> <span class='ocrx_word' id='word_1_350' title='bbox 2369 2279 2752 2346; x_wconf 84' lang='lat' dir='ltr'><strong>venerabiles,</strong></span> <span class='ocrx_word' id='word_1_351' title='bbox 2784 2279 3043 2351; x_wconf 90' lang='lat' dir='ltr'><strong>primum</strong></span> <span class='ocrx_word' id='word_1_352' title='bbox 3076 2285 3336 2352; x_wconf 76' lang='lat' dir='ltr'><strong>augustae</strong></span> <span class='ocrx_word' id='word_1_353' title='bbox 3376 2283 3540 2338; x_wconf 85' lang='lat' dir='ltr'><strong>urbis</strong></span> <span class='ocrx_word' id='word_1_354' title='bbox 3593 2298 3735 2355; x_wconf 66' lang='lat' dir='ltr'><strong>prae-</strong></span> 
     </span>
    </p>
   </div>
   <div class='ocr_carea' id='block_1_53' title="bbox 2083 2367 3738 2439">
    <p class='ocr_par' dir='ltr' id='par_1_53' title="bbox 2083 2367 3738 2439">
     <span class='ocr_line' id='line_1_53' title="bbox 2083 2367 3738 2439; baseline 0.005 -19"><span class='ocrx_word' id='word_1_355' title='bbox 2083 2367 2366 2422; x_wconf 86' lang='lat' dir='ltr'><strong>fecturam</strong></span> <span class='ocrx_word' id='word_1_356' title='bbox 2399 2368 2661 2439; x_wconf 89' lang='lat' dir='ltr'><strong>accipere</strong></span> <span class='ocrx_word' id='word_1_357' title='bbox 2679 2369 3054 2424; x_wconf 88' lang='lat' dir='ltr'><strong>recusabam:</strong></span> <span class='ocrx_word' id='word_1_358' title='bbox 3088 2385 3155 2425; x_wconf 90' lang='lat' dir='ltr'><strong>ac</strong></span> <span class='ocrx_word' id='word_1_359' title='bbox 3175 2369 3310 2426; x_wconf 89' lang='lat' dir='ltr'><strong>licet</strong></span> <span class='ocrx_word' id='word_1_360' title='bbox 3337 2370 3456 2426; x_wconf 79' lang='lat' dir='ltr'><strong>haec</strong></span> <span class='ocrx_word' id='word_1_361' title='bbox 3477 2369 3738 2428; x_wconf 87' lang='lat' dir='ltr'><strong>Ecclesia</strong></span> 
     </span>
    </p>
   </div>
   <div class='ocr_carea' id='block_1_54' title="bbox 2081 2455 3735 2533">
    <p class='ocr_par' dir='ltr' id='par_1_54' title="bbox 2081 2455 3735 2533">
     <span class='ocr_line' id='line_1_54' title="bbox 2081 2455 3735 2533; baseline 0.005 -23"><span class='ocrx_word' id='word_1_362' title='bbox 2081 2455 2383 2512; x_wconf 89' lang='lat' dir='ltr'><strong>laboribus</strong></span> <span class='ocrx_word' id='word_1_363' title='bbox 2425 2456 2858 2529; x_wconf 77' lang='lat' dir='ltr'><strong>sudoribusque</strong></span> <span class='ocrx_word' id='word_1_364' title='bbox 2907 2457 3052 2514; x_wconf 85' lang='lat' dir='ltr'><strong>meis</strong></span> <span class='ocrx_word' id='word_1_365' title='bbox 3109 2464 3514 2531; x_wconf 82' lang='lat' dir='ltr'><strong>coagmentata</strong></span> <span class='ocrx_word' id='word_1_366' title='bbox 3556 2465 3735 2533; x_wconf 86' lang='lat' dir='ltr'><strong>atque</strong></span> 
     </span>
    </p>
   </div>
   <div class='ocr_carea' id='block_1_55' title="bbox 2083 2544 3734 2622">
    <p class='ocr_par' dir='ltr' id='par_1_55' title="bbox 2083 2544 3734 2622">
     <span class='ocr_line' id='line_1_55' title="bbox 2083 2544 3734 2622; baseline 0.004 -22"><span class='ocrx_word' id='word_1_367' title='bbox 2083 2544 2441 2616; x_wconf 81' lang='lat' dir='ltr'><strong>ampliﬁcata</strong></span> <span class='ocrx_word' id='word_1_368' title='bbox 2474 2544 2703 2612; x_wconf 85' lang='lat' dir='ltr'><strong>fuisset.</strong></span> <span class='ocrx_word' id='word_1_369' title='bbox 2726 2545 2870 2602; x_wconf 88' lang='lat' dir='ltr'><strong>mihi</strong></span> <span class='ocrx_word' id='word_1_370' title='bbox 2900 2552 3095 2603; x_wconf 87' lang='lat' dir='ltr'><strong>tamen</strong></span> <span class='ocrx_word' id='word_1_371' title='bbox 3115 2549 3258 2604; x_wconf 87' lang='lat' dir='ltr'><strong>satis</strong></span> <span class='ocrx_word' id='word_1_372' title='bbox 3290 2565 3584 2622; x_wconf 88' lang='lat' dir='ltr'><strong>superque</strong></span> <span class='ocrx_word' id='word_1_373' title='bbox 3606 2553 3734 2606; x_wconf 91' lang='lat' dir='ltr'><strong>erat</strong></span> 
     </span>
    </p>
   </div>
   <div class='ocr_carea' id='block_1_56' title="bbox 2083 2632 3736 2707">
    <p class='ocr_par' dir='ltr' id='par_1_56' title="bbox 2083 2632 3736 2707">
     <span class='ocr_line' id='line_1_56' title="bbox 2083 2632 3736 2707; baseline 0.004 -18"><span class='ocrx_word' id='word_1_374' title='bbox 2083 2634 2206 2689; x_wconf 76' lang='lat' dir='ltr'><strong>haec</strong></span> <span class='ocrx_word' id='word_1_375' title='bbox 2229 2638 2340 2689; x_wconf 93' lang='lat' dir='ltr'><strong>Deo</strong></span> <span class='ocrx_word' id='word_1_376' title='bbox 2368 2632 2784 2699; x_wconf 87' lang='lat' dir='ltr'><strong>thesaurizare,</strong></span> <span class='ocrx_word' id='word_1_377' title='bbox 2817 2640 2995 2707; x_wconf 90' lang='lat' dir='ltr'><strong>atque</strong></span> <span class='ocrx_word' id='word_1_378' title='bbox 3045 2637 3119 2692; x_wconf 87' lang='lat' dir='ltr'><strong>ab</strong></span> <span class='ocrx_word' id='word_1_379' title='bbox 3161 2653 3228 2692; x_wconf 90' lang='lat' dir='ltr'><strong>eo</strong></span> <span class='ocrx_word' id='word_1_380' title='bbox 3285 2638 3614 2694; x_wconf 88' lang='lat' dir='ltr'><strong>mercedem</strong></span> <span class='ocrx_word' id='word_1_381' title='bbox 3635 2654 3736 2694; x_wconf 80' lang='lat' dir='ltr'><strong>ex-</strong></span> 
     </span>
    </p>
   </div>
   <div class='ocr_carea' id='block_1_57' title="bbox 2083 2723 3738 2798">
    <p class='ocr_par' dir='ltr' id='par_1_57' title="bbox 2083 2723 3738 2798">
     <span class='ocr_line' id='line_1_57' title="bbox 2083 2723 3738 2798; baseline 0.002 -19"><span class='ocrx_word' id='word_1_382' title='bbox 2083 2727 2363 2796; x_wconf 90' lang='lat' dir='ltr'><strong>spectare.</strong></span> <span class='ocrx_word' id='word_1_383' title='bbox 2399 2723 2718 2795; x_wconf 87' lang='lat' dir='ltr'><strong>Postquam</strong></span> <span class='ocrx_word' id='word_1_384' title='bbox 2751 2727 2945 2779; x_wconf 89' lang='lat' dir='ltr'><strong>autem</strong></span> <span class='ocrx_word' id='word_1_385' title='bbox 2977 2727 3035 2779; x_wconf 93' lang='lat' dir='ltr'><strong>et</strong></span> <span class='ocrx_word' id='word_1_386' title='bbox 3061 2724 3255 2798; x_wconf 89' lang='lat' dir='ltr'><strong>gregis</strong></span> <span class='ocrx_word' id='word_1_387' title='bbox 3284 2730 3565 2795; x_wconf 91' lang='lat' dir='ltr'><strong>amore,et</strong></span> <span class='ocrx_word' id='word_1_388' title='bbox 3582 2743 3738 2783; x_wconf 87' lang='lat' dir='ltr'><strong>com-</strong></span> 
     </span>
    </p>
   </div>
   <div class='ocr_carea' id='block_1_58' title="bbox 2083 2812 3734 2888">
    <p class='ocr_par' dir='ltr' id='par_1_58' title="bbox 2083 2812 3734 2888">
     <span class='ocr_line' id='line_1_58' title="bbox 2083 2812 3734 2888; baseline 0.002 -20"><span class='ocrx_word' id='word_1_389' title='bbox 2083 2813 2366 2869; x_wconf 89' lang='lat' dir='ltr'><strong>munibus</strong></span> <span class='ocrx_word' id='word_1_390' title='bbox 2395 2813 2608 2868; x_wconf 87' lang='lat' dir='ltr'><strong>vestris</strong></span> <span class='ocrx_word' id='word_1_391' title='bbox 2631 2812 2892 2882; x_wconf 89' lang='lat' dir='ltr'><strong>calculis,</strong></span> <span class='ocrx_word' id='word_1_392' title='bbox 2925 2814 3265 2869; x_wconf 90' lang='lat' dir='ltr'><strong>cathedram</strong></span> <span class='ocrx_word' id='word_1_393' title='bbox 3312 2816 3573 2888; x_wconf 90' lang='lat' dir='ltr'><strong>accipere</strong></span> <span class='ocrx_word' id='word_1_394' title='bbox 3603 2831 3734 2872; x_wconf 88' lang='lat' dir='ltr'><strong>coa-</strong></span> 
     </span>
    </p>
   </div>
   <div class='ocr_carea' id='block_1_59' title="bbox 2085 2901 3736 2976">
    <p class='ocr_par' dir='ltr' id='par_1_59' title="bbox 2085 2901 3736 2976">
     <span class='ocr_line' id='line_1_59' title="bbox 2085 2901 3736 2976; baseline 0.002 -19"><span class='ocrx_word' id='word_1_395' title='bbox 2085 2908 2215 2958; x_wconf 90' lang='lat' dir='ltr'><strong>ctus</strong></span> <span class='ocrx_word' id='word_1_396' title='bbox 2232 2902 2538 2974; x_wconf 86' lang='lat' dir='ltr'><strong>sum,mihi</strong></span> <span class='ocrx_word' id='word_1_397' title='bbox 2567 2901 3028 2974; x_wconf 88' lang='lat' dir='ltr'><strong>haudquaquam</strong></span> <span class='ocrx_word' id='word_1_398' title='bbox 3052 2908 3204 2960; x_wconf 86' lang='lat' dir='ltr'><strong>recte</strong></span> <span class='ocrx_word' id='word_1_399' title='bbox 3235 2920 3404 2976; x_wconf 90' lang='lat' dir='ltr'><strong>agere</strong></span> <span class='ocrx_word' id='word_1_400' title='bbox 3432 2904 3736 2972; x_wconf 89' lang='lat' dir='ltr'><strong>videmini,</strong></span> 
     </span>
    </p>
   </div>
   <div class='ocr_carea' id='block_1_60' title="bbox 2085 2991 3737 3066">
    <p class='ocr_par' dir='ltr' id='par_1_60' title="bbox 2085 2991 3737 3066">
     <span class='ocr_line' id='line_1_60' title="bbox 2085 2991 3737 3066; baseline 0.004 -21"><span class='ocrx_word' id='word_1_401' title='bbox 2085 2991 2209 3063; x_wconf 82' lang='lat' dir='ltr'><strong>qui,</strong></span> <span class='ocrx_word' id='word_1_402' title='bbox 2242 2992 2396 3063; x_wconf 90' lang='lat' dir='ltr'><strong>quod</strong></span> <span class='ocrx_word' id='word_1_403' title='bbox 2431 2991 2543 3064; x_wconf 91' lang='lat' dir='ltr'><strong>ipsi</strong></span> <span class='ocrx_word' id='word_1_404' title='bbox 2577 2991 2818 3062; x_wconf 86' lang='lat' dir='ltr'><strong>fecistis,</strong></span> <span class='ocrx_word' id='word_1_405' title='bbox 2841 2991 3166 3047; x_wconf 89' lang='lat' dir='ltr'><strong>convellitis</strong></span> <span class='ocrx_word' id='word_1_406' title='bbox 3199 2997 3372 3065; x_wconf 88' lang='lat' dir='ltr'><strong>atque</strong></span> <span class='ocrx_word' id='word_1_407' title='bbox 3403 2994 3737 3066; x_wconf 89' lang='lat' dir='ltr'><strong>abrogatis:</strong></span> 
     </span>
    </p>
   </div>
   <div class='ocr_carea' id='block_1_61' title="bbox 2085 3081 3736 3154">
    <p class='ocr_par' dir='ltr' id='par_1_61' title="bbox 2085 3081 3736 3154">
     <span class='ocr_line' id='line_1_61' title="bbox 2085 3081 3736 3154; baseline 0.001 -18"><span class='ocrx_word' id='word_1_408' title='bbox 2085 3085 2151 3136; x_wconf 92' lang='lat' dir='ltr'><strong>ut</strong></span> <span class='ocrx_word' id='word_1_409' title='bbox 2182 3081 2413 3136; x_wconf 87' lang='lat' dir='ltr'><strong>interim</strong></span> <span class='ocrx_word' id='word_1_410' title='bbox 2454 3086 2703 3146; x_wconf 88' lang='lat' dir='ltr'><strong>taceam,</strong></span> <span class='ocrx_word' id='word_1_411' title='bbox 2750 3082 2904 3152; x_wconf 90' lang='lat' dir='ltr'><strong>quod</strong></span> <span class='ocrx_word' id='word_1_412' title='bbox 2937 3098 3010 3137; x_wconf 89' lang='lat' dir='ltr'><strong>ne</strong></span> <span class='ocrx_word' id='word_1_413' title='bbox 3056 3081 3210 3137; x_wconf 90' lang='lat' dir='ltr'><strong>inter</strong></span> <span class='ocrx_word' id='word_1_414' title='bbox 3248 3099 3452 3138; x_wconf 87' lang='lat' dir='ltr'><strong>omnes</strong></span> <span class='ocrx_word' id='word_1_415' title='bbox 3496 3083 3736 3154; x_wconf 91' lang='lat' dir='ltr'><strong>quidem</strong></span> 
     </span>
    </p>
   </div>
   <div class='ocr_carea' id='block_1_62' title="bbox 2087 3168 3740 3242">
    <p class='ocr_par' dir='ltr' id='par_1_62' title="bbox 2087 3168 3740 3242">
     <span class='ocr_line' id='line_1_62' title="bbox 2087 3168 3740 3242; baseline 0.003 -18"><span class='ocrx_word' id='word_1_416' title='bbox 2087 3170 2232 3225; x_wconf 89' lang='lat' dir='ltr'><strong>satis</strong></span> <span class='ocrx_word' id='word_1_417' title='bbox 2255 3169 2556 3236; x_wconf 90' lang='lat' dir='ltr'><strong>convenit;</strong></span> <span class='ocrx_word' id='word_1_418' title='bbox 2592 3185 2790 3224; x_wconf 89' lang='lat' dir='ltr'><strong>verum</strong></span> <span class='ocrx_word' id='word_1_419' title='bbox 2837 3168 2935 3225; x_wconf 89' lang='lat' dir='ltr'><strong>alii</strong></span> <span class='ocrx_word' id='word_1_420' title='bbox 2977 3186 3045 3226; x_wconf 89' lang='lat' dir='ltr'><strong>ea</strong></span> <span class='ocrx_word' id='word_1_421' title='bbox 3093 3186 3220 3242; x_wconf 75' lang='lat' dir='ltr'><strong>quas</strong></span> <span class='ocrx_word' id='word_1_422' title='bbox 3258 3171 3387 3242; x_wconf 86' lang='lat' dir='ltr'><strong>jam</strong></span> <span class='ocrx_word' id='word_1_423' title='bbox 3419 3172 3740 3229; x_wconf 80' lang='lat' dir='ltr'><strong>constituta</strong></span> 
     </span>
    </p>
   </div>
   <div class='ocr_carea' id='block_1_63' title="bbox 2087 3259 3738 3327">
    <p class='ocr_par' dir='ltr' id='par_1_63' title="bbox 2087 3259 3738 3327">
     <span class='ocr_line' id='line_1_63' title="bbox 2087 3259 3738 3327; baseline 0.002 -12"><span class='ocrx_word' id='word_1_424' title='bbox 2087 3264 2246 3326; x_wconf 87' lang='lat' dir='ltr'><strong>sunt,</strong></span> <span class='ocrx_word' id='word_1_425' title='bbox 2280 3264 2406 3315; x_wconf 86' lang='lat' dir='ltr'><strong>rata</strong></span> <span class='ocrx_word' id='word_1_426' title='bbox 2436 3273 2564 3314; x_wconf 88' lang='lat' dir='ltr'><strong>esse</strong></span> <span class='ocrx_word' id='word_1_427' title='bbox 2594 3259 2806 3314; x_wconf 88' lang='lat' dir='ltr'><strong>debere</strong></span> <span class='ocrx_word' id='word_1_428' title='bbox 2836 3262 3113 3327; x_wconf 80' lang='lat' dir='ltr'><strong>censent;</strong></span> <span class='ocrx_word' id='word_1_429' title='bbox 3146 3259 3276 3315; x_wconf 88' lang='lat' dir='ltr'><strong>aliis</strong></span> <span class='ocrx_word' id='word_1_430' title='bbox 3298 3276 3468 3316; x_wconf 87' lang='lat' dir='ltr'><strong>secus</strong></span> <span class='ocrx_word' id='word_1_431' title='bbox 3487 3260 3738 3319; x_wconf 86' lang='lat' dir='ltr'><strong>videtur.</strong></span> 
     </span>
    </p>
   </div>
   <div class='ocr_carea' id='block_1_64' title="bbox 317 3332 1973 3422">
    <p class='ocr_par' dir='ltr' id='par_1_64' title="bbox 317 3332 1972 3421">
     <span class='ocr_line' id='line_1_64' title="bbox 317 3332 1972 3421; baseline 0.001 -22"><span class='ocrx_word' id='word_1_432' title='bbox 317 3344 542 3404; x_wconf 79' lang='grc' dir='ltr'>ἀπαθῶς</span> <span class='ocrx_word' id='word_1_433' title='bbox 574 3341 1015 3421; x_wconf 82' lang='grc' dir='ltr'>δυσχερέστατον,</span> <span class='ocrx_word' id='word_1_434' title='bbox 1065 3344 1154 3398; x_wconf 84' lang='grc' dir='ltr'><strong>καὶ</strong></span> <span class='ocrx_word' id='word_1_435' title='bbox 1205 3332 1439 3414; x_wconf 76' lang='grc' dir='ltr'>ἠλιθίων</span> <span class='ocrx_word' id='word_1_436' title='bbox 1471 3344 1534 3399; x_wconf 86' lang='grc' dir='ltr'>τὸ</span> <span class='ocrx_word' id='word_1_437' title='bbox 1563 3345 1753 3407; x_wconf 80' lang='grc' dir='ltr'>πάθος·</span> <span class='ocrx_word' id='word_1_438' title='bbox 1788 3332 1972 3400; x_wconf 69' lang='grc' dir='ltr'>ἔπειτα</span> 
     </span>
    </p>
   </div>
   <div class='ocr_carea' id='block_1_65' title="bbox 2087 3332 3741 3422">
    <p class='ocr_par' dir='ltr' id='par_1_65' title="bbox 2087 3347 3741 3422">
     <span class='ocr_line' id='line_1_65' title="bbox 2087 3347 3741 3422; baseline 0 -17"><span class='ocrx_word' id='word_1_439' title='bbox 2087 3349 2200 3405; x_wconf 88' lang='lat' dir='ltr'><strong>Nec</strong></span> <span class='ocrx_word' id='word_1_440' title='bbox 2227 3364 2360 3404; x_wconf 90' lang='lat' dir='ltr'><strong>vero</strong></span> <span class='ocrx_word' id='word_1_441' title='bbox 2391 3348 2510 3403; x_wconf 82' lang='lat' dir='ltr'><strong>haec</strong></span> <span class='ocrx_word' id='word_1_442' title='bbox 2544 3365 2575 3402; x_wconf 89' lang='lat' dir='ltr'><strong>a</strong></span> <span class='ocrx_word' id='word_1_443' title='bbox 2615 3363 2708 3402; x_wconf 90' lang='lat' dir='ltr'><strong>me</strong></span> <span class='ocrx_word' id='word_1_444' title='bbox 2737 3363 2803 3402; x_wconf 88' lang='lat' dir='ltr'><strong>eo</strong></span> <span class='ocrx_word' id='word_1_445' title='bbox 2835 3347 3136 3413; x_wconf 89' lang='lat' dir='ltr'><strong>dicuntur,</strong></span> <span class='ocrx_word' id='word_1_446' title='bbox 3159 3349 3315 3420; x_wconf 92' lang='lat' dir='ltr'><strong>quod</strong></span> <span class='ocrx_word' id='word_1_447' title='bbox 3338 3348 3428 3405; x_wconf 90' lang='lat' dir='ltr'><strong>vel</strong></span> <span class='ocrx_word' id='word_1_448' title='bbox 3459 3365 3618 3422; x_wconf 75' lang='lat' dir='ltr'><strong>opes,</strong></span> <span class='ocrx_word' id='word_1_449' title='bbox 3651 3349 3741 3406; x_wconf 90' lang='lat' dir='ltr'><strong>vel</strong></span> 
     </span>
    </p>
   </div>
   <div class='ocr_carea' id='block_1_66' title="bbox 322 3429 1973 3512">
    <p class='ocr_par' dir='ltr' id='par_1_66' title="bbox 322 3429 1973 3512">
     <span class='ocr_line' id='line_1_66' title="bbox 322 3429 1973 3512; baseline 0.001 -24"><span class='ocrx_word' id='word_1_450' title='bbox 322 3435 400 3508; x_wconf 77' lang='grc' dir='ltr'>μὴ</span> <span class='ocrx_word' id='word_1_451' title='bbox 446 3429 638 3504; x_wconf 79' lang='grc' dir='ltr'>δόξητε</span> <span class='ocrx_word' id='word_1_452' title='bbox 669 3435 821 3506; x_wconf 87' lang='grc' dir='ltr'>ὑμεῖς</span> <span class='ocrx_word' id='word_1_453' title='bbox 854 3433 1032 3512; x_wconf 67' lang='grc' dir='ltr'>φθόνῳ</span> <span class='ocrx_word' id='word_1_454' title='bbox 1070 3434 1177 3488; x_wconf 84' lang='grc' dir='ltr'>τινὶ</span> <span class='ocrx_word' id='word_1_455' title='bbox 1212 3434 1238 3502; x_wconf 64' lang='grc' dir='ltr'>ἢ</span> <span class='ocrx_word' id='word_1_456' title='bbox 1269 3433 1569 3512; x_wconf 75' lang='grc' dir='ltr'>κουφότητι</span> <span class='ocrx_word' id='word_1_457' title='bbox 1619 3431 1776 3508; x_wconf 70' lang='grc' dir='ltr'>ἕτερα</span> <span class='ocrx_word' id='word_1_458' title='bbox 1804 3436 1973 3511; x_wconf 77' lang='grc' dir='ltr'>πράτ-</span> 
     </span>
    </p>
   </div>
   <div class='ocr_carea' id='block_1_67' title="bbox 314 3520 1970 3598">
    <p class='ocr_par' dir='ltr' id='par_1_67' title="bbox 314 3520 1970 3598">
     <span class='ocr_line' id='line_1_67' title="bbox 314 3520 1970 3598; baseline -0.001 -21"><span class='ocrx_word' id='word_1_459' title='bbox 314 3543 428 3577; x_wconf 86' lang='grc' dir='ltr'>τειν</span> <span class='ocrx_word' id='word_1_460' title='bbox 464 3527 572 3578; x_wconf 63' lang='grc' dir='ltr'><strong>τῶν</strong></span> <span class='ocrx_word' id='word_1_461' title='bbox 622 3524 814 3596; x_wconf 85' lang='grc' dir='ltr'>πρώην</span> <span class='ocrx_word' id='word_1_462' title='bbox 857 3521 1230 3597; x_wconf 81' lang='grc' dir='ltr'>ἐγνωσμένων.</span> <span class='ocrx_word' id='word_1_463' title='bbox 1294 3522 1360 3579; x_wconf 87' lang='grc' dir='ltr'><strong>Εἰ</strong></span> <span class='ocrx_word' id='word_1_464' title='bbox 1410 3520 1467 3577; x_wconf 75' lang='grc' dir='ltr'><strong>δὲ</strong></span> <span class='ocrx_word' id='word_1_465' title='bbox 1519 3528 1641 3594; x_wconf 80' lang='grc' dir='ltr'>νικᾷ</span> <span class='ocrx_word' id='word_1_466' title='bbox 1684 3525 1810 3598; x_wconf 88' lang='grc' dir='ltr'>παρ’</span> <span class='ocrx_word' id='word_1_467' title='bbox 1844 3525 1970 3596; x_wconf 83' lang='grc' dir='ltr'>ὑμῖν</span> 
     </span>
    </p>
   </div>
   <div class='ocr_carea' id='block_1_68' title="bbox 317 3606 1970 3690">
    <p class='ocr_par' dir='ltr' id='par_1_68' title="bbox 317 3606 1970 3690">
     <span class='ocr_line' id='line_1_68' title="bbox 317 3606 1970 3690; baseline 0.002 -24"><span class='ocrx_word' id='word_1_468' title='bbox 317 3613 386 3666; x_wconf 79' lang='grc' dir='ltr'>τὰ</span> <span class='ocrx_word' id='word_1_469' title='bbox 431 3609 547 3684; x_wconf 72' lang='grc' dir='ltr'>νῦν,</span> <span class='ocrx_word' id='word_1_470' title='bbox 595 3611 686 3665; x_wconf 79' lang='grc' dir='ltr'><strong>καὶ</strong></span> <span class='ocrx_word' id='word_1_471' title='bbox 732 3612 798 3665; x_wconf 77' lang='grc' dir='ltr'><strong>τά</strong></span> <span class='ocrx_word' id='word_1_472' title='bbox 842 3611 1034 3685; x_wconf 82' lang='grc' dir='ltr'>πρώην</span> <span class='ocrx_word' id='word_1_473' title='bbox 1083 3611 1159 3672; x_wconf 86' lang='grc' dir='ltr'>ὡς</span> <span class='ocrx_word' id='word_1_474' title='bbox 1205 3606 1354 3665; x_wconf 70' lang='grc' dir='ltr'>ἕωλα</span> <span class='ocrx_word' id='word_1_475' title='bbox 1400 3619 1814 3690; x_wconf 83' lang='grc' dir='ltr'>καταφρονεῖται</span> <span class='ocrx_word' id='word_1_476' title='bbox 1873 3616 1970 3686; x_wconf 87' lang='lat'>(5),</span> 
     </span>
    </p>
   </div>
   <div class='ocr_carea' id='block_1_69' title="bbox 317 3699 1971 3774">
    <p class='ocr_par' dir='ltr' id='par_1_69' title="bbox 317 3699 1971 3774">
     <span class='ocr_line' id='line_1_69' title="bbox 317 3699 1971 3774; baseline 0 -19"><span class='ocrx_word' id='word_1_477' title='bbox 317 3699 548 3762; x_wconf 85' lang='grc' dir='ltr'>ἀλύπως</span> <span class='ocrx_word' id='word_1_478' title='bbox 585 3707 689 3770; x_wconf 79' lang='grc' dir='ltr'>τῆς</span> <span class='ocrx_word' id='word_1_479' title='bbox 721 3699 1020 3769; x_wconf 74' lang='grc' dir='ltr'>ἐπισκοπῆς</span> <span class='ocrx_word' id='word_1_480' title='bbox 1069 3699 1370 3772; x_wconf 78' lang='grc' dir='ltr'>ἐξίσταμαι.</span> <span class='ocrx_word' id='word_1_481' title='bbox 1423 3699 1768 3768; x_wconf 81' lang='grc' dir='ltr'>Βουλεύεσθε,</span> <span class='ocrx_word' id='word_1_482' title='bbox 1801 3701 1971 3774; x_wconf 90' lang='grc' dir='ltr'>πράτ-</span> 
     </span>
    </p>
   </div>
   <div class='ocr_carea' id='block_1_70' title="bbox 312 3787 1972 3865">
    <p class='ocr_par' dir='ltr' id='par_1_70' title="bbox 312 3787 1972 3865">
     <span class='ocr_line' id='line_1_70' title="bbox 312 3787 1972 3865; baseline 0 -21"><span class='ocrx_word' id='word_1_483' title='bbox 312 3810 434 3844; x_wconf 89' lang='grc' dir='ltr'>τετε</span> <span class='ocrx_word' id='word_1_484' title='bbox 475 3791 544 3845; x_wconf 78' lang='grc' dir='ltr'>τὰ</span> <span class='ocrx_word' id='word_1_485' title='bbox 571 3791 690 3854; x_wconf 86' lang='grc' dir='ltr'>καθ’</span> <span class='ocrx_word' id='word_1_486' title='bbox 730 3790 973 3861; x_wconf 74' lang='grc' dir='ltr'>ἑαυτοὺς,</span> <span class='ocrx_word' id='word_1_487' title='bbox 1005 3789 1072 3844; x_wconf 79' lang='grc' dir='ltr'>τὰ</span> <span class='ocrx_word' id='word_1_488' title='bbox 1119 3789 1508 3864; x_wconf 85' lang='grc' dir='ltr'>παριστάμενα.</span> <span class='ocrx_word' id='word_1_489' title='bbox 1545 3791 1702 3864; x_wconf 82' lang='grc' dir='ltr'>Ἐμοὶ</span> <span class='ocrx_word' id='word_1_490' title='bbox 1751 3787 1810 3844; x_wconf 78' lang='grc' dir='ltr'>δὲ</span> <span class='ocrx_word' id='word_1_491' title='bbox 1839 3789 1972 3865; x_wconf 81' lang='grc' dir='ltr'>ἀγα-</span> 
     </span>
    </p>
   </div>
   <div class='ocr_carea' id='block_1_71' title="bbox 313 3876 1972 3955">
    <p class='ocr_par' dir='ltr' id='par_1_71' title="bbox 313 3876 1972 3955">
     <span class='ocr_line' id='line_1_71' title="bbox 313 3876 1972 3955; baseline 0.001 -22"><span class='ocrx_word' id='word_1_492' title='bbox 313 3880 490 3951; x_wconf 83' lang='grc' dir='ltr'>πητὸν</span> <span class='ocrx_word' id='word_1_493' title='bbox 524 3881 559 3948; x_wconf 79' lang='grc' dir='ltr'>ἡ</span> <span class='ocrx_word' id='word_1_494' title='bbox 593 3878 798 3952; x_wconf 81' lang='grc' dir='ltr'>ἐρημία</span> <span class='ocrx_word' id='word_1_495' title='bbox 846 3879 936 3932; x_wconf 86' lang='grc' dir='ltr'><strong>καὶ</strong></span> <span class='ocrx_word' id='word_1_496' title='bbox 987 3876 1157 3933; x_wconf 86' lang='grc' dir='ltr'>πάλαι</span> <span class='ocrx_word' id='word_1_497' title='bbox 1205 3877 1296 3932; x_wconf 88' lang='grc' dir='ltr'><strong>καὶ</strong></span> <span class='ocrx_word' id='word_1_498' title='bbox 1326 3883 1436 3935; x_wconf 79' lang='grc' dir='ltr'>νῦν.</span> <span class='ocrx_word' id='word_1_499' title='bbox 1470 3877 1547 3936; x_wconf 81' lang='grc' dir='ltr'><strong>Οὐ</strong></span> <span class='ocrx_word' id='word_1_500' title='bbox 1576 3879 1676 3955; x_wconf 76' lang='grc' dir='ltr'>γὰρ</span> <span class='ocrx_word' id='word_1_501' title='bbox 1706 3878 1796 3934; x_wconf 83' lang='grc' dir='ltr'><strong>καὶ</strong></span> <span class='ocrx_word' id='word_1_502' title='bbox 1840 3883 1972 3934; x_wconf 80' lang='grc' dir='ltr'>Θεοῦ</span> 
     </span>
    </p>
   </div>
   <div class='ocr_carea' id='block_1_72' title="bbox 313 3967 1576 4043">
    <p class='ocr_par' dir='ltr' id='par_1_72' title="bbox 313 3967 1576 4043">
     <span class='ocr_line' id='line_1_72' title="bbox 313 3967 1576 4043; baseline -0.003 -21"><span class='ocrx_word' id='word_1_503' title='bbox 313 3967 579 4041; x_wconf 66' lang='grc' dir='ltr'>εἴρξουσιν</span> <span class='ocrx_word' id='word_1_504' title='bbox 614 3967 665 4022; x_wconf 81' lang='grc' dir='ltr'><strong>οἱ</strong></span> <span class='ocrx_word' id='word_1_505' title='bbox 694 3967 784 4022; x_wconf 87' lang='grc' dir='ltr'>τὸν</span> <span class='ocrx_word' id='word_1_506' title='bbox 819 3968 1006 4043; x_wconf 79' lang='grc' dir='ltr'>θρόνον</span> <span class='ocrx_word' id='word_1_507' title='bbox 1042 3969 1514 4043; x_wconf 78' lang='grc' dir='ltr'>ἀποστερήσοντες.</span> <span class='ocrx_word' id='word_1_508' title='bbox 1546 3992 1576 4019; x_wconf 85' lang='grc'><strong>››</strong></span> 
     </span>
    </p>
   </div>
   <div class='ocr_carea' id='block_1_73' title="bbox 2085 3435 3743 3510">
    <p class='ocr_par' dir='ltr' id='par_1_73' title="bbox 2085 3435 3743 3510">
     <span class='ocr_line' id='line_1_73' title="bbox 2085 3435 3743 3510; baseline 0.001 -16"><span class='ocrx_word' id='word_1_509' title='bbox 2085 3437 2400 3494; x_wconf 89' lang='lat' dir='ltr'><strong>sublimem</strong></span> <span class='ocrx_word' id='word_1_510' title='bbox 2423 3435 2761 3492; x_wconf 87' lang='lat' dir='ltr'><strong>cathedram</strong></span> <span class='ocrx_word' id='word_1_511' title='bbox 2809 3442 3096 3508; x_wconf 87' lang='lat' dir='ltr'><strong>expetam,</strong></span> <span class='ocrx_word' id='word_1_512' title='bbox 3148 3437 3237 3492; x_wconf 91' lang='lat' dir='ltr'><strong>vel</strong></span> <span class='ocrx_word' id='word_1_513' title='bbox 3268 3443 3529 3510; x_wconf 72' lang='lat' dir='ltr'><strong>augustae</strong></span> <span class='ocrx_word' id='word_1_514' title='bbox 3576 3439 3743 3496; x_wconf 88' lang='lat' dir='ltr'><strong>urbis</strong></span> 
     </span>
    </p>
   </div>
   <div class='ocr_carea' id='block_1_74' title="bbox 2083 3525 3739 3600">
    <p class='ocr_par' dir='ltr' id='par_1_74' title="bbox 2083 3525 3739 3600">
     <span class='ocr_line' id='line_1_74' title="bbox 2083 3525 3739 3600; baseline 0.001 -18"><span class='ocrx_word' id='word_1_515' title='bbox 2083 3529 2394 3598; x_wconf 83' lang='lat' dir='ltr'><strong>episcOpus</strong></span> <span class='ocrx_word' id='word_1_516' title='bbox 2429 3525 2720 3580; x_wconf 89' lang='lat' dir='ltr'><strong>nominari</strong></span> <span class='ocrx_word' id='word_1_517' title='bbox 2752 3525 3190 3598; x_wconf 88' lang='lat' dir='ltr'><strong>concupiscam.</strong></span> <span class='ocrx_word' id='word_1_518' title='bbox 3238 3527 3350 3582; x_wconf 90' lang='lat' dir='ltr'><strong>Sed</strong></span> <span class='ocrx_word' id='word_1_519' title='bbox 3382 3528 3642 3600; x_wconf 88' lang='lat' dir='ltr'><strong>primum</strong></span> <span class='ocrx_word' id='word_1_520' title='bbox 3669 3529 3739 3583; x_wconf 80' lang='lat' dir='ltr'><strong>ﬂ-</strong></span> 
     </span>
    </p>
   </div>
   <div class='ocr_carea' id='block_1_75' title="bbox 2083 3614 3742 3685">
    <p class='ocr_par' dir='ltr' id='par_1_75' title="bbox 2083 3614 3742 3685">
     <span class='ocr_line' id='line_1_75' title="bbox 2083 3614 3742 3685; baseline 0.001 -14"><span class='ocrx_word' id='word_1_521' title='bbox 2083 3615 2296 3671; x_wconf 89' lang='lat' dir='ltr'><strong>liorum</strong></span> <span class='ocrx_word' id='word_1_522' title='bbox 2329 3615 2640 3670; x_wconf 88' lang='lat' dir='ltr'><strong>orbitatem</strong></span> <span class='ocrx_word' id='word_1_523' title='bbox 2671 3614 2990 3685; x_wconf 88' lang='lat' dir='ltr'><strong>tranquillo</strong></span> <span class='ocrx_word' id='word_1_524' title='bbox 3023 3615 3220 3671; x_wconf 90' lang='lat' dir='ltr'><strong>animo</strong></span> <span class='ocrx_word' id='word_1_525' title='bbox 3267 3616 3414 3672; x_wconf 81' lang='lat' dir='ltr'><strong>ferre</strong></span> <span class='ocrx_word' id='word_1_526' title='bbox 3463 3616 3742 3673; x_wconf 84' lang='lat' dir='ltr'><strong>difﬁcilli-</strong></span> 
     </span>
    </p>
   </div>
   <div class='ocr_carea' id='block_1_76' title="bbox 2084 3703 3740 3778">
    <p class='ocr_par' dir='ltr' id='par_1_76' title="bbox 2084 3703 3740 3778">
     <span class='ocr_line' id='line_1_76' title="bbox 2084 3703 3740 3778; baseline 0.001 -19"><span class='ocrx_word' id='word_1_527' title='bbox 2084 3721 2250 3759; x_wconf 89' lang='lat' dir='ltr'><strong>mum</strong></span> <span class='ocrx_word' id='word_1_528' title='bbox 2283 3708 2390 3775; x_wconf 90' lang='lat' dir='ltr'><strong>est,</strong></span> <span class='ocrx_word' id='word_1_529' title='bbox 2415 3720 2519 3759; x_wconf 90' lang='lat' dir='ltr'><strong>nec</strong></span> <span class='ocrx_word' id='word_1_530' title='bbox 2551 3703 2664 3758; x_wconf 88' lang='lat' dir='ltr'><strong>nisi</strong></span> <span class='ocrx_word' id='word_1_531' title='bbox 2697 3703 2959 3758; x_wconf 90' lang='lat' dir='ltr'><strong>vecordis</strong></span> <span class='ocrx_word' id='word_1_532' title='bbox 2981 3704 3308 3776; x_wconf 87' lang='lat' dir='ltr'><strong>cujuspiam</strong></span> <span class='ocrx_word' id='word_1_533' title='bbox 3331 3704 3590 3761; x_wconf 89' lang='lat' dir='ltr'><strong>hominis</strong></span> <span class='ocrx_word' id='word_1_534' title='bbox 3613 3705 3740 3778; x_wconf 89' lang='lat' dir='ltr'><strong>pla-</strong></span> 
     </span>
    </p>
   </div>
   <div class='ocr_carea' id='block_1_77' title="bbox 2083 3790 3742 3864">
    <p class='ocr_par' dir='ltr' id='par_1_77' title="bbox 2083 3790 3742 3864">
     <span class='ocr_line' id='line_1_77' title="bbox 2083 3790 3742 3864; baseline 0.001 -16"><span class='ocrx_word' id='word_1_535' title='bbox 2083 3809 2272 3864; x_wconf 89' lang='lat' dir='ltr'><strong>neque</strong></span> <span class='ocrx_word' id='word_1_536' title='bbox 2302 3791 2546 3863; x_wconf 88' lang='lat' dir='ltr'><strong>stupidi.</strong></span> <span class='ocrx_word' id='word_1_537' title='bbox 2581 3791 2804 3847; x_wconf 92' lang='lat' dir='ltr'><strong>Deinde</strong></span> <span class='ocrx_word' id='word_1_538' title='bbox 2837 3790 2983 3846; x_wconf 89' lang='lat' dir='ltr'><strong>illud</strong></span> <span class='ocrx_word' id='word_1_539' title='bbox 3017 3793 3742 3861; x_wconf 88' lang='lat' dir='ltr'><strong>metuendum,neinvidia</strong></span> 
     </span>
    </p>
   </div>
   <div class='ocr_carea' id='block_1_78' title="bbox 2084 3879 3741 3954">
    <p class='ocr_par' dir='ltr' id='par_1_78' title="bbox 2084 3879 3741 3954">
     <span class='ocr_line' id='line_1_78' title="bbox 2084 3879 3741 3954; baseline 0.002 -18"><span class='ocrx_word' id='word_1_540' title='bbox 2084 3881 2338 3954; x_wconf 88' lang='lat' dir='ltr'><strong>quadam</strong></span> <span class='ocrx_word' id='word_1_541' title='bbox 2370 3883 2472 3936; x_wconf 90' lang='lat' dir='ltr'><strong>aut</strong></span> <span class='ocrx_word' id='word_1_542' title='bbox 2496 3879 2731 3936; x_wconf 87' lang='lat' dir='ltr'><strong>levitate</strong></span> <span class='ocrx_word' id='word_1_543' title='bbox 2761 3896 2854 3935; x_wconf 89' lang='lat' dir='ltr'><strong>res</strong></span> <span class='ocrx_word' id='word_1_544' title='bbox 2894 3897 3075 3952; x_wconf 87' lang='lat' dir='ltr'><strong>nuper</strong></span> <span class='ocrx_word' id='word_1_545' title='bbox 3124 3881 3392 3938; x_wconf 87' lang='lat' dir='ltr'><strong>decretas</strong></span> <span class='ocrx_word' id='word_1_546' title='bbox 3421 3882 3741 3940; x_wconf 89' lang='lat' dir='ltr'><strong>immutare</strong></span> 
     </span>
    </p>
   </div>
   <div class='ocr_carea' id='block_1_79' title="bbox 2079 3968 3738 4042">
    <p class='ocr_par' dir='ltr' id='par_1_79' title="bbox 2079 3968 3738 4042">
     <span class='ocr_line' id='line_1_79' title="bbox 2079 3968 3738 4042; baseline 0.001 -17"><span class='ocrx_word' id='word_1_547' title='bbox 2079 3970 2418 4026; x_wconf 90' lang='lat' dir='ltr'><strong>videamini.</strong></span> <span class='ocrx_word' id='word_1_548' title='bbox 2451 3968 2686 4032; x_wconf 87' lang='lat' dir='ltr'><strong>Quodsi</strong></span> <span class='ocrx_word' id='word_1_549' title='bbox 2740 3968 2902 4024; x_wconf 93' lang='lat' dir='ltr'><strong>vobis</strong></span> <span class='ocrx_word' id='word_1_550' title='bbox 2960 3970 3270 4040; x_wconf 82' lang='lat' dir='ltr'><strong>praesentia</strong></span> <span class='ocrx_word' id='word_1_551' title='bbox 3329 3970 3519 4042; x_wconf 88' lang='lat' dir='ltr'><strong>magis</strong></span> <span class='ocrx_word' id='word_1_552' title='bbox 3577 3971 3738 4027; x_wconf 90' lang='lat' dir='ltr'><strong>cordi</strong></span> 
     </span>
    </p>
   </div>
   <div class='ocr_carea' id='block_1_80' title="bbox 323 4065 3736 4142">
    <p class='ocr_par' dir='ltr' id='par_1_80' title="bbox 323 4065 3736 4142">
     <span class='ocr_line' id='line_1_80' title="bbox 323 4065 3736 4142; baseline 0.001 -19"><span class='ocrx_word' id='word_1_553' title='bbox 323 4073 490 4134; x_wconf 78' lang='lat' dir='ltr'><strong>sunt,</strong></span> <span class='ocrx_word' id='word_1_554' title='bbox 520 4083 583 4121; x_wconf 83' lang='lat' dir='ltr'><strong>ac</strong></span> <span class='ocrx_word' id='word_1_555' title='bbox 603 4083 694 4122; x_wconf 90' lang='lat' dir='ltr'><strong>res</strong></span> <span class='ocrx_word' id='word_1_556' title='bbox 725 4067 876 4122; x_wconf 87' lang='lat' dir='ltr'><strong>haud</strong></span> <span class='ocrx_word' id='word_1_557' title='bbox 906 4067 1136 4138; x_wconf 89' lang='lat' dir='ltr'><strong>pridem</strong></span> <span class='ocrx_word' id='word_1_558' title='bbox 1170 4067 1518 4123; x_wconf 82' lang='lat' dir='ltr'><strong>constitutas</strong></span> <span class='ocrx_word' id='word_1_559' title='bbox 1547 4065 1706 4122; x_wconf 85' lang='lat' dir='ltr'><strong>velut</strong></span> <span class='ocrx_word' id='word_1_560' title='bbox 1734 4067 2027 4125; x_wconf 88' lang='lat' dir='ltr'><strong>obsoletas</strong></span> <span class='ocrx_word' id='word_1_561' title='bbox 2056 4073 2113 4126; x_wconf 91' lang='lat' dir='ltr'><strong>et</strong></span> <span class='ocrx_word' id='word_1_562' title='bbox 2143 4066 2380 4123; x_wconf 76' lang='lat' dir='ltr'><strong>frivolas</strong></span> <span class='ocrx_word' id='word_1_563' title='bbox 2411 4065 2810 4134; x_wconf 89' lang='lat' dir='ltr'><strong>contemnitis,</strong></span> <span class='ocrx_word' id='word_1_564' title='bbox 2844 4066 3002 4121; x_wconf 89' lang='lat' dir='ltr'><strong>haud</strong></span> <span class='ocrx_word' id='word_1_565' title='bbox 3045 4071 3254 4122; x_wconf 75' lang='lat' dir='ltr'><strong>mmsto</strong></span> <span class='ocrx_word' id='word_1_566' title='bbox 3287 4069 3484 4124; x_wconf 86' lang='lat' dir='ltr'><strong>animo</strong></span> <span class='ocrx_word' id='word_1_567' title='bbox 3511 4070 3736 4142; x_wconf 86' lang='lat' dir='ltr'><strong>episco-</strong></span> 
     </span>
    </p>
   </div>
   <div class='ocr_carea' id='block_1_81' title="bbox 317 4154 3734 4229">
    <p class='ocr_par' dir='ltr' id='par_1_81' title="bbox 317 4154 3734 4229">
     <span class='ocr_line' id='line_1_81' title="bbox 317 4154 3734 4229; baseline 0.001 -19"><span class='ocrx_word' id='word_1_568' title='bbox 317 4157 464 4228; x_wconf 89' lang='lat' dir='ltr'><strong>patu</strong></span> <span class='ocrx_word' id='word_1_569' title='bbox 498 4170 588 4210; x_wconf 87' lang='lat' dir='ltr'><strong>me</strong></span> <span class='ocrx_word' id='word_1_570' title='bbox 618 4154 841 4210; x_wconf 84' lang='lat' dir='ltr'><strong>abdico.</strong></span> <span class='ocrx_word' id='word_1_571' title='bbox 867 4154 1188 4211; x_wconf 87' lang='lat' dir='ltr'><strong>Consilium</strong></span> <span class='ocrx_word' id='word_1_572' title='bbox 1221 4155 1381 4226; x_wconf 78' lang='lat' dir='ltr'><strong>inite,</strong></span> <span class='ocrx_word' id='word_1_573' title='bbox 1415 4173 1507 4212; x_wconf 89' lang='lat' dir='ltr'><strong>res</strong></span> <span class='ocrx_word' id='word_1_574' title='bbox 1537 4160 1760 4212; x_wconf 88' lang='lat' dir='ltr'><strong>vestras</strong></span> <span class='ocrx_word' id='word_1_575' title='bbox 1791 4157 1966 4229; x_wconf 86' lang='lat' dir='ltr'><strong>agite,</strong></span> <span class='ocrx_word' id='word_1_576' title='bbox 1999 4161 2055 4214; x_wconf 91' lang='lat' dir='ltr'><strong>et</strong></span> <span class='ocrx_word' id='word_1_577' title='bbox 2086 4155 2374 4229; x_wconf 91' lang='lat' dir='ltr'><strong>quidquid</strong></span> <span class='ocrx_word' id='word_1_578' title='bbox 2403 4155 2566 4211; x_wconf 91' lang='lat' dir='ltr'><strong>vobis</strong></span> <span class='ocrx_word' id='word_1_579' title='bbox 2600 4154 2662 4209; x_wconf 91' lang='lat' dir='ltr'><strong>in</strong></span> <span class='ocrx_word' id='word_1_580' title='bbox 2695 4158 2950 4210; x_wconf 89' lang='lat' dir='ltr'><strong>mentem</strong></span> <span class='ocrx_word' id='word_1_581' title='bbox 2999 4155 3239 4210; x_wconf 89' lang='lat' dir='ltr'><strong>venerit.</strong></span> <span class='ocrx_word' id='word_1_582' title='bbox 3303 4156 3448 4212; x_wconf 92' lang='lat' dir='ltr'><strong>Mihi</strong></span> <span class='ocrx_word' id='word_1_583' title='bbox 3496 4157 3734 4229; x_wconf 91' lang='lat' dir='ltr'><strong>quidem</strong></span> 
     </span>
    </p>
   </div>
   <div class='ocr_carea' id='block_1_82' title="bbox 315 4243 3737 4316">
    <p class='ocr_par' dir='ltr' id='par_1_82' title="bbox 315 4243 3737 4316">
     <span class='ocr_line' id='line_1_82' title="bbox 315 4243 3737 4316; baseline 0 -14"><span class='ocrx_word' id='word_1_584' title='bbox 315 4244 576 4302; x_wconf 87' lang='lat' dir='ltr'><strong>solitudo</strong></span> <span class='ocrx_word' id='word_1_585' title='bbox 615 4247 672 4301; x_wconf 91' lang='lat' dir='ltr'><strong>et</strong></span> <span class='ocrx_word' id='word_1_586' title='bbox 702 4245 840 4301; x_wconf 87' lang='lat' dir='ltr'><strong>olim</strong></span> <span class='ocrx_word' id='word_1_587' title='bbox 872 4245 1050 4301; x_wconf 89' lang='lat' dir='ltr'><strong>chara</strong></span> <span class='ocrx_word' id='word_1_588' title='bbox 1079 4245 1206 4316; x_wconf 80' lang='lat' dir='ltr'><strong>fuit,</strong></span> <span class='ocrx_word' id='word_1_589' title='bbox 1239 4249 1295 4301; x_wconf 90' lang='lat' dir='ltr'><strong>et</strong></span> <span class='ocrx_word' id='word_1_590' title='bbox 1325 4261 1483 4302; x_wconf 90' lang='lat' dir='ltr'><strong>nunc</strong></span> <span class='ocrx_word' id='word_1_591' title='bbox 1520 4249 1628 4302; x_wconf 88' lang='lat' dir='ltr'><strong>est.</strong></span> <span class='ocrx_word' id='word_1_592' title='bbox 1661 4245 1786 4301; x_wconf 91' lang='lat' dir='ltr'><strong>Non</strong></span> <span class='ocrx_word' id='word_1_593' title='bbox 1819 4247 1977 4302; x_wconf 90' lang='lat' dir='ltr'><strong>enim</strong></span> <span class='ocrx_word' id='word_1_594' title='bbox 2010 4263 2044 4302; x_wconf 89' lang='lat' dir='ltr'><strong>a</strong></span> <span class='ocrx_word' id='word_1_595' title='bbox 2066 4251 2179 4302; x_wconf 92' lang='lat' dir='ltr'><strong>Deo</strong></span> <span class='ocrx_word' id='word_1_596' title='bbox 2211 4261 2440 4316; x_wconf 90' lang='lat' dir='ltr'><strong>quoque</strong></span> <span class='ocrx_word' id='word_1_597' title='bbox 2469 4261 2578 4300; x_wconf 86' lang='lat' dir='ltr'><strong>nos</strong></span> <span class='ocrx_word' id='word_1_598' title='bbox 2636 4244 2937 4312; x_wconf 88' lang='lat' dir='ltr'><strong>arcebunt,</strong></span> <span class='ocrx_word' id='word_1_599' title='bbox 2996 4243 3098 4316; x_wconf 90' lang='lat' dir='ltr'><strong>qui</strong></span> <span class='ocrx_word' id='word_1_600' title='bbox 3146 4244 3426 4302; x_wconf 90' lang='lat' dir='ltr'><strong>thronum</strong></span> <span class='ocrx_word' id='word_1_601' title='bbox 3482 4245 3737 4304; x_wconf 89' lang='lat' dir='ltr'><strong>ablaturi</strong></span> 
     </span>
    </p>
   </div>
   <div class='ocr_carea' id='block_1_83' title="bbox 314 4338 545 4393">
    <p class='ocr_par' dir='ltr' id='par_1_83' title="bbox 314 4338 545 4393">
     <span class='ocr_line' id='line_1_83' title="bbox 314 4338 545 4393; baseline -0.017 0"><span class='ocrx_word' id='word_1_602' title='bbox 314 4338 479 4393; x_wconf 89' lang='lat' dir='ltr'><strong>sunt.</strong></span> <span class='ocrx_word' id='word_1_603' title='bbox 517 4355 545 4384; x_wconf 85' lang='lat'><strong>»</strong></span> 
     </span>
    </p>
   </div>
   <div class='ocr_carea' id='block_1_84' title="bbox 384 4429 1971 4509">
    <p class='ocr_par' dir='ltr' id='par_1_84' title="bbox 384 4429 1971 4509">
     <span class='ocr_line' id='line_1_84' title="bbox 384 4429 1971 4509; baseline 0.001 -22"><span class='ocrx_word' id='word_1_604' title='bbox 384 4434 564 4488; x_wconf 76' lang='grc' dir='ltr'>Ταῦτα</span> <span class='ocrx_word' id='word_1_605' title='bbox 594 4431 783 4503; x_wconf 77' lang='grc' dir='ltr'>εἰπὼν,</span> <span class='ocrx_word' id='word_1_606' title='bbox 832 4433 922 4487; x_wconf 85' lang='grc' dir='ltr'><strong>καὶ</strong></span> <span class='ocrx_word' id='word_1_607' title='bbox 969 4431 1289 4506; x_wconf 80' lang='grc' dir='ltr'>αἰσθόμενος</span> <span class='ocrx_word' id='word_1_608' title='bbox 1319 4431 1446 4495; x_wconf 79' lang='grc' dir='ltr'>τοὺς</span> <span class='ocrx_word' id='word_1_609' title='bbox 1487 4431 1734 4495; x_wconf 81' lang='grc' dir='ltr'>πολλοὺς</span> <span class='ocrx_word' id='word_1_610' title='bbox 1768 4429 1971 4509; x_wconf 76' lang='grc' dir='ltr'>προϐο-</span> 
     </span>
    </p>
   </div>
   <div class='ocr_carea' id='block_1_85' title="bbox 313 4519 1972 4594">
    <p class='ocr_par' dir='ltr' id='par_1_85' title="bbox 313 4519 1972 4594">
     <span class='ocr_line' id='line_1_85' title="bbox 313 4519 1972 4594; baseline 0.001 -18"><span class='ocrx_word' id='word_1_611' title='bbox 313 4521 423 4591; x_wconf 77' lang='grc' dir='ltr'>λὴν</span> <span class='ocrx_word' id='word_1_612' title='bbox 456 4519 634 4576; x_wconf 81' lang='grc' dir='ltr'>ἄλλου</span> <span class='ocrx_word' id='word_1_613' title='bbox 660 4519 1082 4590; x_wconf 83' lang='grc' dir='ltr'>σπουδάζοντας,</span> <span class='ocrx_word' id='word_1_614' title='bbox 1114 4521 1295 4591; x_wconf 85' lang='grc' dir='ltr'>αὐτὸς,</span> <span class='ocrx_word' id='word_1_615' title='bbox 1331 4520 1621 4577; x_wconf 86' lang='grc' dir='ltr'>ἀπολιπὼν</span> <span class='ocrx_word' id='word_1_616' title='bbox 1666 4522 1758 4576; x_wconf 88' lang='grc' dir='ltr'>τὸν</span> <span class='ocrx_word' id='word_1_617' title='bbox 1801 4522 1972 4594; x_wconf 78' lang='grc' dir='ltr'>οἶκον,</span> 
     </span>
    </p>
   </div>
   <div class='ocr_carea' id='block_1_86' title="bbox 313 4608 1975 4687">
    <p class='ocr_par' dir='ltr' id='par_1_86' title="bbox 313 4608 1975 4687">
     <span class='ocr_line' id='line_1_86' title="bbox 313 4608 1975 4687; baseline 0.001 -22"><span class='ocrx_word' id='word_1_618' title='bbox 313 4608 437 4666; x_wconf 80' lang='grc' dir='ltr'>ἔνθα</span> <span class='ocrx_word' id='word_1_619' title='bbox 492 4612 804 4683; x_wconf 87' lang='grc' dir='ltr'>κατέμενεν,</span> <span class='ocrx_word' id='word_1_620' title='bbox 855 4608 1024 4666; x_wconf 81' lang='grc' dir='ltr'>ἄλλον</span> <span class='ocrx_word' id='word_1_621' title='bbox 1083 4615 1403 4687; x_wconf 86' lang='grc' dir='ltr'>περισκοπεῖ</span> <span class='ocrx_word' id='word_1_622' title='bbox 1454 4610 1645 4686; x_wconf 73' lang='grc' dir='ltr'>πόρρω</span> <span class='ocrx_word' id='word_1_623' title='bbox 1701 4618 1802 4681; x_wconf 82' lang='grc' dir='ltr'><strong>τῆς</strong></span> <span class='ocrx_word' id='word_1_624' title='bbox 1859 4613 1975 4668; x_wconf 84' lang='grc' dir='ltr'><strong>Ἐκ-</strong></span> 
     </span>
    </p>
   </div>
   <div class='ocr_carea' id='block_1_87' title="bbox 312 4696 1976 4776">
    <p class='ocr_par' dir='ltr' id='par_1_87' title="bbox 312 4696 1976 4776">
     <span class='ocr_line' id='line_1_87' title="bbox 312 4696 1976 4776; baseline 0.001 -21"><span class='ocrx_word' id='word_1_625' title='bbox 312 4698 590 4773; x_wconf 84' lang='grc' dir='ltr'>κλησίας,</span> <span class='ocrx_word' id='word_1_626' title='bbox 640 4699 769 4762; x_wconf 88' lang='grc' dir='ltr'>τούς</span> <span class='ocrx_word' id='word_1_627' title='bbox 826 4720 884 4754; x_wconf 88' lang='grc' dir='ltr'><strong>τε</strong></span> <span class='ocrx_word' id='word_1_628' title='bbox 941 4696 1205 4776; x_wconf 81' lang='grc' dir='ltr'>θορύϐους</span> <span class='ocrx_word' id='word_1_629' title='bbox 1264 4697 1678 4775; x_wconf 77' lang='grc' dir='ltr'>ἀποδιδράσκων</span> <span class='ocrx_word' id='word_1_630' title='bbox 1735 4701 1824 4754; x_wconf 87' lang='grc' dir='ltr'><strong>καὶ</strong></span> <span class='ocrx_word' id='word_1_631' title='bbox 1881 4701 1976 4762; x_wconf 80' lang='grc' dir='ltr'>τὰς</span> 
     </span>
    </p>
   </div>
   <div class='ocr_carea' id='block_1_88' title="bbox 315 4787 1977 4865">
    <p class='ocr_par' dir='ltr' id='par_1_88' title="bbox 315 4787 1977 4865">
     <span class='ocr_line' id='line_1_88' title="bbox 315 4787 1977 4865; baseline 0.001 -21"><span class='ocrx_word' id='word_1_632' title='bbox 315 4789 584 4865; x_wconf 74' lang='grc' dir='ltr'>ὀχλήσεις</span> <span class='ocrx_word' id='word_1_633' title='bbox 621 4795 729 4844; x_wconf 86' lang='grc' dir='ltr'><strong>τῶν</strong></span> <span class='ocrx_word' id='word_1_634' title='bbox 779 4787 1162 4846; x_wconf 89' lang='grc' dir='ltr'>συνελεύσεων.</span> <span class='ocrx_word' id='word_1_635' title='bbox 1199 4787 1410 4844; x_wconf 82' lang='grc' dir='ltr'>Πολλοὶ</span> <span class='ocrx_word' id='word_1_636' title='bbox 1441 4794 1572 4864; x_wconf 80' lang='grc' dir='ltr'>γοῦν</span> <span class='ocrx_word' id='word_1_637' title='bbox 1603 4794 1700 4844; x_wconf 79' lang='grc' dir='ltr'><strong>τοῦ</strong></span> <span class='ocrx_word' id='word_1_638' title='bbox 1732 4787 1868 4844; x_wconf 78' lang='grc' dir='ltr'>λαοῦ</span> <span class='ocrx_word' id='word_1_639' title='bbox 1899 4792 1977 4865; x_wconf 90' lang='grc'><strong>(6)</strong></span> 
     </span>
    </p>
   </div>
   <div class='ocr_carea' id='block_1_89' title="bbox 317 4873 1974 4954">
    <p class='ocr_par' dir='ltr' id='par_1_89' title="bbox 317 4873 1974 4954">
     <span class='ocr_line' id='line_1_89' title="bbox 317 4873 1974 4954; baseline 0.001 -21"><span class='ocrx_word' id='word_1_640' title='bbox 317 4879 492 4933; x_wconf 87' lang='grc' dir='ltr'>ἐκεῖσε</span> <span class='ocrx_word' id='word_1_641' title='bbox 548 4877 828 4953; x_wconf 71' lang='grc' dir='ltr'>συνέρῥεον</span> <span class='ocrx_word' id='word_1_642' title='bbox 859 4923 871 4947; x_wconf 91' lang='grc'><strong>,</strong></span> <span class='ocrx_word' id='word_1_643' title='bbox 924 4876 1264 4954; x_wconf 83' lang='grc' dir='ltr'>δακρύοντες,</span> <span class='ocrx_word' id='word_1_644' title='bbox 1318 4878 1648 4939; x_wconf 74' lang='grc' dir='ltr'>ἱκετεύοντες</span> <span class='ocrx_word' id='word_1_645' title='bbox 1683 4923 1697 4950; x_wconf 93' lang='grc'><strong>,</strong></span> <span class='ocrx_word' id='word_1_646' title='bbox 1756 4873 1974 4934; x_wconf 72' lang='grc' dir='ltr'>ἀντιϐο-</span> 
     </span>
    </p>
   </div>
   <div class='ocr_carea' id='block_1_90' title="bbox 317 4965 1974 5044">
    <p class='ocr_par' dir='ltr' id='par_1_90' title="bbox 317 4965 1974 5044">
     <span class='ocr_line' id='line_1_90' title="bbox 317 4965 1974 5044; baseline 0.001 -24"><span class='ocrx_word' id='word_1_647' title='bbox 317 4965 541 5029; x_wconf 75' lang='grc' dir='ltr'>λοῦντες</span> <span class='ocrx_word' id='word_1_648' title='bbox 577 4965 795 5037; x_wconf 72' lang='grc' dir='ltr'>ἐλεῆσαι</span> <span class='ocrx_word' id='word_1_649' title='bbox 826 4967 888 5022; x_wconf 85' lang='grc' dir='ltr'>τὸ</span> <span class='ocrx_word' id='word_1_650' title='bbox 943 4967 1220 5039; x_wconf 87' lang='grc' dir='ltr'>ποίμνιον,</span> <span class='ocrx_word' id='word_1_651' title='bbox 1255 4968 1283 5022; x_wconf 77' lang='grc' dir='ltr'><strong>’ὀ</strong></span> <span class='ocrx_word' id='word_1_652' title='bbox 1315 4966 1505 5030; x_wconf 82' lang='grc' dir='ltr'>πόνοις</span> <span class='ocrx_word' id='word_1_653' title='bbox 1548 4988 1608 5022; x_wconf 91' lang='grc' dir='ltr'><strong>τε</strong></span> <span class='ocrx_word' id='word_1_654' title='bbox 1651 4967 1743 5023; x_wconf 81' lang='grc' dir='ltr'><strong>καὶ</strong></span> <span class='ocrx_word' id='word_1_655' title='bbox 1784 4965 1974 5044; x_wconf 77' lang='grc' dir='ltr'>ἱδρῶσι</span> 
     </span>
    </p>
   </div>
   <div class='ocr_carea' id='block_1_91' title="bbox 315 5052 1976 5133">
    <p class='ocr_par' dir='ltr' id='par_1_91' title="bbox 315 5052 1976 5133">
     <span class='ocr_line' id='line_1_91' title="bbox 315 5052 1976 5133; baseline 0.001 -22"><span class='ocrx_word' id='word_1_656' title='bbox 315 5055 602 5119; x_wconf 79' lang='grc' dir='ltr'>τοσούτοις</span> <span class='ocrx_word' id='word_1_657' title='bbox 651 5055 897 5131; x_wconf 76' lang='grc' dir='ltr'>ἐξέθρεψέ</span> <span class='ocrx_word' id='word_1_658' title='bbox 938 5077 997 5112; x_wconf 91' lang='grc' dir='ltr'><strong>τε</strong></span> <span class='ocrx_word' id='word_1_659' title='bbox 1043 5057 1132 5111; x_wconf 81' lang='grc' dir='ltr'><strong>καὶ</strong></span> <span class='ocrx_word' id='word_1_660' title='bbox 1182 5052 1402 5127; x_wconf 70' lang='grc' dir='ltr'>ηὔξησε.</span> <span class='ocrx_word' id='word_1_661' title='bbox 1435 5057 1593 5120; x_wconf 83' lang='grc' dir='ltr'><strong>«Δὸς</strong></span> <span class='ocrx_word' id='word_1_662' title='bbox 1634 5058 1734 5126; x_wconf 73' lang='grc' dir='ltr'>τὴν</span> <span class='ocrx_word' id='word_1_663' title='bbox 1787 5059 1976 5133; x_wconf 81' lang='grc' dir='ltr'>χάριν,</span> 
     </span>
    </p>
   </div>
   <div class='ocr_carea' id='block_1_92' title="bbox 321 5140 1976 5222">
    <p class='ocr_par' dir='ltr' id='par_1_92' title="bbox 321 5140 1976 5222">
     <span class='ocr_line' id='line_1_92' title="bbox 321 5140 1976 5222; baseline 0.001 -24"><span class='ocrx_word' id='word_1_664' title='bbox 321 5140 533 5218; x_wconf 65' lang='grc' dir='ltr'>ἔλεγον,</span> <span class='ocrx_word' id='word_1_665' title='bbox 563 5150 680 5206; x_wconf 91' lang='grc' dir='ltr'>τοῖς</span> <span class='ocrx_word' id='word_1_666' title='bbox 711 5150 824 5206; x_wconf 88' lang='grc' dir='ltr'>σοῖς</span> <span class='ocrx_word' id='word_1_667' title='bbox 873 5143 1179 5222; x_wconf 74' lang='grc' dir='ltr'>φιλτάτοις,</span> <span class='ocrx_word' id='word_1_668' title='bbox 1229 5145 1317 5199; x_wconf 81' lang='grc' dir='ltr'><strong>καὶ</strong></span> <span class='ocrx_word' id='word_1_669' title='bbox 1370 5145 1450 5207; x_wconf 79' lang='grc' dir='ltr'><strong>οἷς</strong></span> <span class='ocrx_word' id='word_1_670' title='bbox 1502 5147 1565 5200; x_wconf 89' lang='grc' dir='ltr'>τὸ</span> <span class='ocrx_word' id='word_1_671' title='bbox 1615 5146 1844 5219; x_wconf 80' lang='grc' dir='ltr'>ἀκμαῖόν</span> <span class='ocrx_word' id='word_1_672' title='bbox 1879 5168 1976 5200; x_wconf 90' lang='grc' dir='ltr'><strong>σου</strong></span> 
     </span>
    </p>
   </div>
   <div class='ocr_carea' id='block_1_93' title="bbox 319 5230 1975 5310">
    <p class='ocr_par' dir='ltr' id='par_1_93' title="bbox 319 5230 1975 5310">
     <span class='ocr_line' id='line_1_93' title="bbox 319 5230 1975 5310; baseline 0.001 -23"><span class='ocrx_word' id='word_1_673' title='bbox 319 5239 421 5302; x_wconf 79' lang='grc' dir='ltr'>τῆς</span> <span class='ocrx_word' id='word_1_674' title='bbox 455 5238 599 5303; x_wconf 76' lang='grc' dir='ltr'>ζωῆς</span> <span class='ocrx_word' id='word_1_675' title='bbox 630 5233 1020 5306; x_wconf 87' lang='grc' dir='ltr'>προανάλωσας</span> <span class='ocrx_word' id='word_1_676' title='bbox 1066 5236 1226 5306; x_wconf 74' lang='grc' dir='ltr'>ἡμῖν,</span> <span class='ocrx_word' id='word_1_677' title='bbox 1283 5230 1530 5310; x_wconf 84' lang='grc' dir='ltr'>δώρησαι</span> <span class='ocrx_word' id='word_1_678' title='bbox 1558 5234 1648 5289; x_wconf 84' lang='grc' dir='ltr'><strong>καὶ</strong></span> <span class='ocrx_word' id='word_1_679' title='bbox 1691 5235 1753 5289; x_wconf 86' lang='grc' dir='ltr'>τὸ</span> <span class='ocrx_word' id='word_1_680' title='bbox 1786 5233 1975 5290; x_wconf 85' lang='grc' dir='ltr'>λειπό-</span> 
     </span>
    </p>
   </div>
   <div class='ocr_carea' id='block_1_94' title="bbox 325 5318 1973 5398">
    <p class='ocr_par' dir='ltr' id='par_1_94' title="bbox 325 5318 1973 5398">
     <span class='ocr_line' id='line_1_94' title="bbox 325 5318 1973 5398; baseline 0.014 -39"><span class='ocrx_word' id='word_1_681' title='bbox 325 5341 510 5394; x_wconf 73' lang='grc' dir='ltr'>μενον·</span> <span class='ocrx_word' id='word_1_682' title='bbox 536 5319 610 5376; x_wconf 69' lang='grc' dir='ltr'><strong>τίν’</strong></span> <span class='ocrx_word' id='word_1_683' title='bbox 636 5318 862 5397; x_wconf 74' lang='grc' dir='ltr'>ἔχοιμεν</span> <span class='ocrx_word' id='word_1_684' title='bbox 895 5323 972 5395; x_wconf 88' lang='lat'><strong>(7)</strong></span> <span class='ocrx_word' id='word_1_685' title='bbox 1003 5321 1257 5396; x_wconf 80' lang='grc' dir='ltr'>λείψανον</span> <span class='ocrx_word' id='word_1_686' title='bbox 1289 5321 1353 5377; x_wconf 85' lang='grc' dir='ltr'>τὸ</span> <span class='ocrx_word' id='word_1_687' title='bbox 1385 5322 1476 5378; x_wconf 88' lang='grc' dir='ltr'><strong>σὸν</strong></span> <span class='ocrx_word' id='word_1_688' title='bbox 1509 5327 1691 5397; x_wconf 80' lang='grc' dir='ltr'>σῶμα,</span> <span class='ocrx_word' id='word_1_689' title='bbox 1723 5324 1776 5378; x_wconf 77' lang='grc' dir='ltr'>οὶ</span> <span class='ocrx_word' id='word_1_690' title='bbox 1806 5326 1872 5398; x_wconf 79' lang='grc' dir='ltr'>τῇ</span> <span class='ocrx_word' id='word_1_691' title='bbox 1906 5327 1973 5398; x_wconf 78' lang='grc' dir='ltr'>σῇ</span> 
     </span>
    </p>
   </div>
   <div class='ocr_carea' id='block_1_95' title="bbox 321 5407 1976 5494">
    <p class='ocr_par' dir='ltr' id='par_1_95' title="bbox 321 5407 1976 5494">
     <span class='ocr_line' id='line_1_95' title="bbox 321 5407 1976 5494; baseline 0.002 -29"><span class='ocrx_word' id='word_1_692' title='bbox 321 5407 644 5484; x_wconf 80' lang='grc' dir='ltr'>διδασκαλίᾳ</span> <span class='ocrx_word' id='word_1_693' title='bbox 685 5411 1113 5490; x_wconf 80' lang='grc' dir='ltr'>πεφωτισμένοι.</span> <span class='ocrx_word' id='word_1_694' title='bbox 1147 5437 1176 5466; x_wconf 80' lang='grc'><strong>››</strong></span> <span class='ocrx_word' id='word_1_695' title='bbox 1222 5412 1472 5482; x_wconf 76' lang='grc' dir='ltr'>Τούτοις,</span> <span class='ocrx_word' id='word_1_696' title='bbox 1522 5414 1611 5468; x_wconf 82' lang='grc' dir='ltr'>οἷα</span> <span class='ocrx_word' id='word_1_697' title='bbox 1657 5411 1976 5494; x_wconf 78' lang='grc' dir='ltr'>φιλότεκνος</span> 
     </span>
    </p>
   </div>
   <div class='ocr_carea' id='block_1_96' title="bbox 387 5564 1156 5640">
    <p class='ocr_par' dir='ltr' id='par_1_96' title="bbox 387 5564 1156 5640">
     <span class='ocr_line' id='line_1_96' title="bbox 387 5564 1156 5640; baseline 0.003 -21"><span class='ocrx_word' id='word_1_698' title='bbox 387 5566 469 5640; x_wconf 65' lang='lat'>(2)</span> <span class='ocrx_word' id='word_1_699' title='bbox 499 5565 588 5640; x_wconf 58' lang='grc' dir='ltr'><strong>ζΩς</strong></span> <span class='ocrx_word' id='word_1_700' title='bbox 619 5565 785 5640; x_wconf 79' lang='lat' dir='ltr'><strong>deest</strong></span> <span class='ocrx_word' id='word_1_701' title='bbox 807 5564 868 5640; x_wconf 76' lang='lat' dir='ltr'><strong>ip</strong></span> <span class='ocrx_word' id='word_1_702' title='bbox 892 5566 1022 5622; x_wconf 92' lang='lat' dir='ltr'><strong>cod.</strong></span> <span class='ocrx_word' id='word_1_703' title='bbox 1058 5565 1156 5621; x_wconf 92' lang='lat' dir='ltr'><strong>0r.</strong></span> 
     </span>
    </p>
   </div>
   <div class='ocr_carea' id='block_1_97' title="bbox 388 5566 1980 5714">
    <p class='ocr_par' dir='ltr' id='par_1_97' title="bbox 388 5566 1980 5714">
     <span class='ocr_line' id='line_1_97' title="bbox 388 5566 1156 5640; baseline 0 -19"><span class='ocrx_word' id='word_1_704' title='bbox 388 5567 448 5640; x_wconf 87' lang='lat'>(2</span> <span class='ocrx_word' id='word_1_705' title='bbox 499 5566 588 5628; x_wconf 75' lang='grc' dir='ltr'>Ὠς</span> <span class='ocrx_word' id='word_1_706' title='bbox 619 5566 785 5623; x_wconf 88' lang='lat' dir='ltr'><strong>deest</strong></span> <span class='ocrx_word' id='word_1_707' title='bbox 807 5566 868 5620; x_wconf 90' lang='lat' dir='ltr'><strong>in</strong></span> <span class='ocrx_word' id='word_1_708' title='bbox 892 5566 1022 5622; x_wconf 92' lang='lat' dir='ltr'><strong>cod.</strong></span> <span class='ocrx_word' id='word_1_709' title='bbox 1058 5566 1156 5621; x_wconf 92' lang='lat' dir='ltr'><strong>0r.</strong></span> 
     </span>
     <span class='ocr_line' id='line_1_98' title="bbox 388 5566 1980 5714; baseline 0.001 -20"><span class='ocrx_word' id='word_1_710' title='bbox 388 5566 469 5713; x_wconf 73' lang='lat'>(3)</span> <span class='ocrx_word' id='word_1_711' title='bbox 497 5638 588 5696; x_wconf 89' lang='lat' dir='ltr'><strong>Ita</strong></span> <span class='ocrx_word' id='word_1_712' title='bbox 614 5637 782 5696; x_wconf 88' lang='lat' dir='ltr'><strong>codd.</strong></span> <span class='ocrx_word' id='word_1_713' title='bbox 817 5637 918 5696; x_wconf 92' lang='lat' dir='ltr'><strong>0r.</strong></span> <span class='ocrx_word' id='word_1_714' title='bbox 973 5643 1050 5696; x_wconf 89' lang='lat' dir='ltr'><strong>et.</strong></span> <span class='ocrx_word' id='word_1_715' title='bbox 1097 5643 1160 5693; x_wconf 91' lang='lat' dir='ltr'><strong>P.</strong></span> <span class='ocrx_word' id='word_1_716' title='bbox 1195 5636 1261 5695; x_wconf 89' lang='lat' dir='ltr'><strong>In</strong></span> <span class='ocrx_word' id='word_1_717' title='bbox 1308 5637 1432 5696; x_wconf 89' lang='lat' dir='ltr'><strong>edit</strong></span> <span class='ocrx_word' id='word_1_718' title='bbox 1474 5640 1705 5698; x_wconf 88' lang='lat' dir='ltr'><strong>tantum</strong></span> <span class='ocrx_word' id='word_1_719' title='bbox 1735 5634 1980 5714; x_wconf 79' lang='grc' dir='ltr'>δέξασθαι</span> 
     </span>
    </p>
   </div>
   <div class='ocr_carea' id='block_1_98' title="bbox 313 5711 1022 5861">
    <p class='ocr_par' dir='ltr' id='par_1_98' title="bbox 313 5711 1022 5861">
     <span class='ocr_line' id='line_1_99' title="bbox 313 5711 1022 5861; baseline -0.01 -19"><span class='ocrx_word' id='word_1_720' title='bbox 313 5711 464 5861; x_wconf 55' lang='grc' dir='ltr'><strong>τήῖέ)</strong></span> <span class='ocrx_word' id='word_1_721' title='bbox 497 5781 638 5842; x_wconf 88' lang='lat' dir='ltr'><strong>Cod.</strong></span> <span class='ocrx_word' id='word_1_722' title='bbox 671 5782 768 5841; x_wconf 90' lang='lat' dir='ltr'><strong>Or.</strong></span> <span class='ocrx_word' id='word_1_723' title='bbox 792 5780 929 5855; x_wconf 84' lang='grc' dir='ltr'>πρὸς</span> <span class='ocrx_word' id='word_1_724' title='bbox 959 5779 1022 5836; x_wconf 87' lang='grc' dir='ltr'>τό</span> 
     </span>
    </p>
   </div>
   <div class='ocr_carea' id='block_1_99' title="bbox 639 5909 1353 5979">
    <p class='ocr_par' dir='ltr' id='par_1_99' title="bbox 639 5909 1353 5979">
     <span class='ocr_line' id='line_1_100' title="bbox 639 5909 1353 5979; baseline 0.008 -6"><span class='ocrx_word' id='word_1_725' title='bbox 639 5911 904 5975; x_wconf 73' lang='grc' dir='ltr'>ΡΑτιιοι..</span> <span class='ocrx_word' id='word_1_726' title='bbox 949 5909 1060 5976; x_wconf 79' lang='lat' dir='ltr'><strong>Gn.</strong></span> <span class='ocrx_word' id='word_1_727' title='bbox 1106 5910 1353 5979; x_wconf 84' lang='lat' dir='ltr'><strong>XXXV.</strong></span> 
     </span>
    </p>
   </div>
   <div class='ocr_carea' id='block_1_100' title="bbox 2156 4432 3742 4508">
    <p class='ocr_par' dir='ltr' id='par_1_100' title="bbox 2156 4432 3742 4508">
     <span class='ocr_line' id='line_1_101' title="bbox 2156 4432 3742 4508; baseline 0.001 -18"><span class='ocrx_word' id='word_1_728' title='bbox 2156 4435 2274 4490; x_wconf 88' lang='lat' dir='ltr'><strong>Hac</strong></span> <span class='ocrx_word' id='word_1_729' title='bbox 2305 4433 2567 4490; x_wconf 88' lang='lat' dir='ltr'><strong>oratione</strong></span> <span class='ocrx_word' id='word_1_730' title='bbox 2595 4432 2818 4500; x_wconf 86' lang='lat' dir='ltr'><strong>habita,</strong></span> <span class='ocrx_word' id='word_1_731' title='bbox 2853 4449 2990 4489; x_wconf 92' lang='lat' dir='ltr'><strong>cum</strong></span> <span class='ocrx_word' id='word_1_732' title='bbox 3045 4433 3356 4508; x_wconf 85' lang='lat' dir='ltr'><strong>plerosque</strong></span> <span class='ocrx_word' id='word_1_733' title='bbox 3386 4433 3448 4490; x_wconf 90' lang='lat' dir='ltr'><strong>in</strong></span> <span class='ocrx_word' id='word_1_734' title='bbox 3496 4433 3742 4492; x_wconf 79' lang='lat' dir='ltr'><strong>alterius</strong></span> 
     </span>
    </p>
   </div>
   <div class='ocr_carea' id='block_1_101' title="bbox 2085 4522 3743 4597">
    <p class='ocr_par' dir='ltr' id='par_1_101' title="bbox 2085 4522 3743 4597">
     <span class='ocr_line' id='line_1_102' title="bbox 2085 4522 3743 4597; baseline 0.001 -16"><span class='ocrx_word' id='word_1_735' title='bbox 2085 4523 2343 4597; x_wconf 87' lang='lat' dir='ltr'><strong>episcopi</strong></span> <span class='ocrx_word' id='word_1_736' title='bbox 2374 4522 2727 4579; x_wconf 89' lang='lat' dir='ltr'><strong>creationem</strong></span> <span class='ocrx_word' id='word_1_737' title='bbox 2775 4524 3037 4580; x_wconf 86' lang='lat' dir='ltr'><strong>studiose</strong></span> <span class='ocrx_word' id='word_1_738' title='bbox 3066 4524 3407 4581; x_wconf 87' lang='lat' dir='ltr'><strong>incumbere</strong></span> <span class='ocrx_word' id='word_1_739' title='bbox 3435 4526 3743 4594; x_wconf 84' lang='lat' dir='ltr'><strong>sensisset,</strong></span> 
     </span>
    </p>
   </div>
   <div class='ocr_carea' id='block_1_102' title="bbox 2084 4611 3744 4685">
    <p class='ocr_par' dir='ltr' id='par_1_102' title="bbox 2084 4611 3744 4685">
     <span class='ocr_line' id='line_1_103' title="bbox 2084 4611 3744 4685; baseline 0.001 -16"><span class='ocrx_word' id='word_1_740' title='bbox 2084 4615 2210 4684; x_wconf 90' lang='lat' dir='ltr'><strong>ipse</strong></span> <span class='ocrx_word' id='word_1_741' title='bbox 2236 4613 2409 4668; x_wconf 91' lang='lat' dir='ltr'><strong>domo</strong></span> <span class='ocrx_word' id='word_1_742' title='bbox 2440 4628 2528 4678; x_wconf 88' lang='lat' dir='ltr'><strong>ea,</strong></span> <span class='ocrx_word' id='word_1_743' title='bbox 2581 4611 2638 4666; x_wconf 91' lang='lat' dir='ltr'><strong>in</strong></span> <span class='ocrx_word' id='word_1_744' title='bbox 2671 4627 2787 4684; x_wconf 89' lang='lat' dir='ltr'><strong>qua</strong></span> <span class='ocrx_word' id='word_1_745' title='bbox 2831 4613 3126 4680; x_wconf 87' lang='lat' dir='ltr'><strong>manebat,</strong></span> <span class='ocrx_word' id='word_1_746' title='bbox 3187 4613 3410 4685; x_wconf 88' lang='lat' dir='ltr'><strong>relicta,</strong></span> <span class='ocrx_word' id='word_1_747' title='bbox 3459 4613 3637 4671; x_wconf 85' lang='lat' dir='ltr'><strong>aliam</strong></span> <span class='ocrx_word' id='word_1_748' title='bbox 3670 4613 3744 4671; x_wconf 87' lang='lat' dir='ltr'><strong>ab</strong></span> 
     </span>
    </p>
   </div>
   <div class='ocr_carea' id='block_1_103' title="bbox 2085 4699 3743 4774">
    <p class='ocr_par' dir='ltr' id='par_1_103' title="bbox 2085 4699 3743 4774">
     <span class='ocr_line' id='line_1_104' title="bbox 2085 4699 3743 4774; baseline 0 -16"><span class='ocrx_word' id='word_1_749' title='bbox 2085 4702 2347 4758; x_wconf 88' lang='lat' dir='ltr'><strong>Ecclesia</strong></span> <span class='ocrx_word' id='word_1_750' title='bbox 2377 4700 2580 4774; x_wconf 90' lang='lat' dir='ltr'><strong>procul</strong></span> <span class='ocrx_word' id='word_1_751' title='bbox 2612 4699 2887 4757; x_wconf 90' lang='lat' dir='ltr'><strong>dissitam</strong></span> <span class='ocrx_word' id='word_1_752' title='bbox 2910 4701 3382 4774; x_wconf 89' lang='lat' dir='ltr'><strong>circumspectat,</strong></span> <span class='ocrx_word' id='word_1_753' title='bbox 3417 4707 3481 4758; x_wconf 87' lang='lat' dir='ltr'><strong>ut</strong></span> <span class='ocrx_word' id='word_1_754' title='bbox 3511 4703 3743 4759; x_wconf 88' lang='lat' dir='ltr'><strong>tumul-</strong></span> 
     </span>
    </p>
   </div>
   <div class='ocr_carea' id='block_1_104' title="bbox 2086 4789 3742 4864">
    <p class='ocr_par' dir='ltr' id='par_1_104' title="bbox 2086 4789 3742 4864">
     <span class='ocr_line' id='line_1_105' title="bbox 2086 4789 3742 4864; baseline 0 -17"><span class='ocrx_word' id='word_1_755' title='bbox 2086 4800 2203 4862; x_wconf 89' lang='lat' dir='ltr'><strong>tus,</strong></span> <span class='ocrx_word' id='word_1_756' title='bbox 2235 4792 2632 4864; x_wconf 84' lang='lat' dir='ltr'><strong>molestosque</strong></span> <span class='ocrx_word' id='word_1_757' title='bbox 2663 4794 2719 4846; x_wconf 91' lang='lat' dir='ltr'><strong>et</strong></span> <span class='ocrx_word' id='word_1_758' title='bbox 2739 4789 3109 4862; x_wconf 88' lang='lat' dir='ltr'><strong>importunos</strong></span> <span class='ocrx_word' id='word_1_759' title='bbox 3136 4791 3444 4847; x_wconf 89' lang='lat' dir='ltr'><strong>hominum</strong></span> <span class='ocrx_word' id='word_1_760' title='bbox 3467 4808 3742 4864; x_wconf 87' lang='lat' dir='ltr'><strong>congres-</strong></span> 
     </span>
    </p>
   </div>
   <div class='ocr_carea' id='block_1_105' title="bbox 2085 4879 3743 4953">
    <p class='ocr_par' dir='ltr' id='par_1_105' title="bbox 2085 4879 3743 4953">
     <span class='ocr_line' id='line_1_106' title="bbox 2085 4879 3743 4953; baseline 0.001 -16"><span class='ocrx_word' id='word_1_761' title='bbox 2085 4898 2187 4937; x_wconf 89' lang='lat' dir='ltr'><strong>sus</strong></span> <span class='ocrx_word' id='word_1_762' title='bbox 2221 4880 2521 4953; x_wconf 83' lang='lat' dir='ltr'><strong>effugeret.</strong></span> <span class='ocrx_word' id='word_1_763' title='bbox 2554 4879 2835 4935; x_wconf 89' lang='lat' dir='ltr'><strong>Permulti</strong></span> <span class='ocrx_word' id='word_1_764' title='bbox 2879 4880 3098 4952; x_wconf 91' lang='lat' dir='ltr'><strong>quippe</strong></span> <span class='ocrx_word' id='word_1_765' title='bbox 3155 4896 3226 4936; x_wconf 81' lang='lat' dir='ltr'><strong>ex</strong></span> <span class='ocrx_word' id='word_1_766' title='bbox 3281 4880 3507 4953; x_wconf 90' lang='lat' dir='ltr'><strong>plebeia</strong></span> <span class='ocrx_word' id='word_1_767' title='bbox 3538 4881 3743 4938; x_wconf 88' lang='lat' dir='ltr'><strong>ordine</strong></span> 
     </span>
    </p>
   </div>
   <div class='ocr_carea' id='block_1_106' title="bbox 2083 4967 3747 5043">
    <p class='ocr_par' dir='ltr' id='par_1_106' title="bbox 2083 4967 3747 5043">
     <span class='ocr_line' id='line_1_107' title="bbox 2083 4967 3747 5043; baseline 0.001 -18"><span class='ocrx_word' id='word_1_768' title='bbox 2083 4969 2225 5028; x_wconf 91' lang='lat' dir='ltr'><strong>illuc</strong></span> <span class='ocrx_word' id='word_1_769' title='bbox 2255 4970 2650 5037; x_wconf 87' lang='lat' dir='ltr'><strong>conﬂuebant,</strong></span> <span class='ocrx_word' id='word_1_770' title='bbox 2675 4985 2810 5024; x_wconf 89' lang='lat' dir='ltr'><strong>cum</strong></span> <span class='ocrx_word' id='word_1_771' title='bbox 2843 4967 3120 5043; x_wconf 83' lang='lat' dir='ltr'><strong>lacrymis</strong></span> <span class='ocrx_word' id='word_1_772' title='bbox 3150 4987 3285 5026; x_wconf 90' lang='lat' dir='ltr'><strong>eum</strong></span> <span class='ocrx_word' id='word_1_773' title='bbox 3318 4975 3551 5027; x_wconf 90' lang='lat' dir='ltr'><strong>orantes</strong></span> <span class='ocrx_word' id='word_1_774' title='bbox 3568 4976 3747 5043; x_wconf 88' lang='lat' dir='ltr'><strong>atque</strong></span> 
     </span>
    </p>
   </div>
   <div class='ocr_carea' id='block_1_107' title="bbox 2085 5058 3746 5132">
    <p class='ocr_par' dir='ltr' id='par_1_107' title="bbox 2085 5058 3746 5132">
     <span class='ocr_line' id='line_1_108' title="bbox 2085 5058 3746 5132; baseline -0.001 -17"><span class='ocrx_word' id='word_1_775' title='bbox 2085 5061 2464 5126; x_wconf 88' lang='lat' dir='ltr'><strong>obtestantes,</strong></span> <span class='ocrx_word' id='word_1_776' title='bbox 2499 5063 2563 5114; x_wconf 91' lang='lat' dir='ltr'><strong>ut</strong></span> <span class='ocrx_word' id='word_1_777' title='bbox 2610 5058 2829 5132; x_wconf 91' lang='lat' dir='ltr'><strong>gregis,</strong></span> <span class='ocrx_word' id='word_1_778' title='bbox 2859 5075 3033 5131; x_wconf 91' lang='lat' dir='ltr'><strong>quem</strong></span> <span class='ocrx_word' id='word_1_779' title='bbox 3078 5062 3166 5114; x_wconf 91' lang='lat' dir='ltr'><strong>tot</strong></span> <span class='ocrx_word' id='word_1_780' title='bbox 3195 5059 3492 5132; x_wconf 88' lang='lat' dir='ltr'><strong>tantisque</strong></span> <span class='ocrx_word' id='word_1_781' title='bbox 3529 5059 3746 5116; x_wconf 91' lang='lat' dir='ltr'><strong>labori-</strong></span> 
     </span>
    </p>
   </div>
   <div class='ocr_carea' id='block_1_108' title="bbox 2083 5147 3747 5220">
    <p class='ocr_par' dir='ltr' id='par_1_108' title="bbox 2083 5147 3747 5220">
     <span class='ocr_line' id='line_1_109' title="bbox 2083 5147 3747 5220; baseline 0.001 -15"><span class='ocrx_word' id='word_1_782' title='bbox 2083 5150 2196 5205; x_wconf 92' lang='lat' dir='ltr'><strong>bus</strong></span> <span class='ocrx_word' id='word_1_783' title='bbox 2237 5165 2303 5204; x_wconf 92' lang='lat' dir='ltr'><strong>ac</strong></span> <span class='ocrx_word' id='word_1_784' title='bbox 2333 5147 2649 5204; x_wconf 90' lang='lat' dir='ltr'><strong>sudoribus</strong></span> <span class='ocrx_word' id='word_1_785' title='bbox 2683 5147 2908 5203; x_wconf 88' lang='lat' dir='ltr'><strong>aluerat</strong></span> <span class='ocrx_word' id='word_1_786' title='bbox 2936 5153 3125 5220; x_wconf 55' lang='lat' dir='ltr'><strong>Latque</strong></span> <span class='ocrx_word' id='word_1_787' title='bbox 3177 5155 3534 5220; x_wconf 83' lang='lat' dir='ltr'><strong>provexerat,</strong></span> <span class='ocrx_word' id='word_1_788' title='bbox 3568 5149 3747 5206; x_wconf 86' lang='lat' dir='ltr'><strong>mise-</strong></span> 
     </span>
    </p>
   </div>
   <div class='ocr_carea' id='block_1_109' title="bbox 2084 5236 3746 5306">
    <p class='ocr_par' dir='ltr' id='par_1_109' title="bbox 2084 5236 3746 5306">
     <span class='ocr_line' id='line_1_110' title="bbox 2084 5236 3746 5306; baseline 0.001 -13"><span class='ocrx_word' id='word_1_789' title='bbox 2084 5241 2328 5294; x_wconf 89' lang='lat' dir='ltr'><strong>reretur.</strong></span> <span class='ocrx_word' id='word_1_790' title='bbox 2380 5259 2410 5288; x_wconf 88' lang='grc'><strong>‹‹</strong></span> <span class='ocrx_word' id='word_1_791' title='bbox 2433 5236 2517 5294; x_wconf 93' lang='lat' dir='ltr'><strong>Da</strong></span> <span class='ocrx_word' id='word_1_792' title='bbox 2548 5237 2657 5292; x_wconf 91' lang='lat' dir='ltr'><strong>hoc</strong></span> <span class='ocrx_word' id='word_1_793' title='bbox 2707 5236 3076 5293; x_wconf 88' lang='lat' dir='ltr'><strong>charissimis</strong></span> <span class='ocrx_word' id='word_1_794' title='bbox 3105 5236 3211 5292; x_wconf 87' lang='lat' dir='ltr'><strong>tibi</strong></span> <span class='ocrx_word' id='word_1_795' title='bbox 3262 5237 3621 5306; x_wconf 81' lang='lat' dir='ltr'><strong>hominibus,</strong></span> <span class='ocrx_word' id='word_1_796' title='bbox 3654 5239 3746 5296; x_wconf 90' lang='lat' dir='ltr'><strong>in-</strong></span> 
     </span>
    </p>
   </div>
   <div class='ocr_carea' id='block_1_110' title="bbox 2085 5324 3747 5401">
    <p class='ocr_par' dir='ltr' id='par_1_110' title="bbox 2085 5324 3747 5401">
     <span class='ocr_line' id='line_1_111' title="bbox 2085 5324 3747 5401; baseline 0.002 -21"><span class='ocrx_word' id='word_1_797' title='bbox 2085 5326 2388 5399; x_wconf 90' lang='lat' dir='ltr'><strong>quiebant,</strong></span> <span class='ocrx_word' id='word_1_798' title='bbox 2419 5331 2478 5381; x_wconf 92' lang='lat' dir='ltr'><strong>et</strong></span> <span class='ocrx_word' id='word_1_799' title='bbox 2510 5325 2728 5398; x_wconf 88' lang='lat' dir='ltr'><strong>quibus</strong></span> <span class='ocrx_word' id='word_1_800' title='bbox 2751 5324 2884 5381; x_wconf 63' lang='lat' dir='ltr'><strong>vita</strong></span> <span class='ocrx_word' id='word_1_801' title='bbox 2902 5329 3016 5380; x_wconf 76' lang='lat' dir='ltr'><strong>tuae</strong></span> <span class='ocrx_word' id='word_1_802' title='bbox 3043 5327 3300 5398; x_wconf 89' lang='lat' dir='ltr'><strong>vigorem</strong></span> <span class='ocrx_word' id='word_1_803' title='bbox 3336 5328 3500 5400; x_wconf 88' lang='lat' dir='ltr'><strong>prius</strong></span> <span class='ocrx_word' id='word_1_804' title='bbox 3518 5329 3747 5401; x_wconf 84' lang='lat' dir='ltr'><strong>impen-</strong></span> 
     </span>
    </p>
   </div>
   <div class='ocr_carea' id='block_1_111' title="bbox 2086 5415 3744 5492">
    <p class='ocr_par' dir='ltr' id='par_1_111' title="bbox 2086 5415 3744 5492">
     <span class='ocr_line' id='line_1_112' title="bbox 2086 5415 3744 5492; baseline 0.002 -19"><span class='ocrx_word' id='word_1_805' title='bbox 2086 5415 2249 5488; x_wconf 90' lang='lat' dir='ltr'><strong>disti,</strong></span> <span class='ocrx_word' id='word_1_806' title='bbox 2279 5415 2492 5472; x_wconf 91' lang='lat' dir='ltr'><strong>iisdem</strong></span> <span class='ocrx_word' id='word_1_807' title='bbox 2524 5431 2780 5487; x_wconf 88' lang='lat' dir='ltr'><strong>quoque,</strong></span> <span class='ocrx_word' id='word_1_808' title='bbox 2811 5416 2967 5488; x_wconf 92' lang='lat' dir='ltr'><strong>quod</strong></span> <span class='ocrx_word' id='word_1_809' title='bbox 2997 5415 3127 5472; x_wconf 83' lang='lat' dir='ltr'><strong>vitae</strong></span> <span class='ocrx_word' id='word_1_810' title='bbox 3159 5421 3450 5490; x_wconf 91' lang='lat' dir='ltr'><strong>superest,</strong></span> <span class='ocrx_word' id='word_1_811' title='bbox 3483 5417 3695 5492; x_wconf 88' lang='lat' dir='ltr'><strong>largire</strong></span> <span class='ocrx_word' id='word_1_812' title='bbox 3728 5435 3744 5490; x_wconf 73' lang='grc' dir='ltr'><strong>ς</strong></span> 
     </span>
    </p>
   </div>
   <div class='ocr_carea' id='block_1_112' title="bbox 2184 5566 3193 5653">
    <p class='ocr_par' dir='ltr' id='par_1_112' title="bbox 2184 5566 3193 5653">
     <span class='ocr_line' id='line_1_113' title="bbox 2184 5566 3193 5653; baseline 0.001 -29"><span class='ocrx_word' id='word_1_813' title='bbox 2481 5567 2578 5653; x_wconf 70' lang='grc' dir='ltr'>ρι’.</span> <span class='ocrx_word' id='word_1_814' title='bbox 2612 5569 2671 5653; x_wconf 76' lang='lat' dir='ltr'><strong>et</strong></span> <span class='ocrx_word' id='word_1_815' title='bbox 2784 5571 3193 5653; x_wconf 55' lang='grc' dir='ltr'>καταφρονεῖτε.</span> 
     </span>
    </p>
   </div>
   <div class='ocr_carea' id='block_1_113' title="bbox 2163 5568 3164 5788">
    <p class='ocr_par' dir='ltr' id='par_1_113' title="bbox 2163 5568 3164 5788">
     <span class='ocr_line' id='line_1_114' title="bbox 2163 5568 3164 5788; baseline -0.003 -162"><span class='ocrx_word' id='word_1_816' title='bbox 2163 5568 2241 5788; x_wconf 70' lang='lat'>(5)</span> <span class='ocrx_word' id='word_1_817' title='bbox 2266 5568 2446 5626; x_wconf 84' lang='lat' dir='ltr'><strong>Codd.</strong></span> <span class='ocrx_word' id='word_1_818' title='bbox 2481 5568 2578 5624; x_wconf 84' lang='lat' dir='ltr'><strong>Or.</strong></span> <span class='ocrx_word' id='word_1_819' title='bbox 2612 5569 2671 5623; x_wconf 82' lang='lat' dir='ltr'><strong>et</strong></span> <span class='ocrx_word' id='word_1_820' title='bbox 2701 5568 2762 5624; x_wconf 88' lang='lat' dir='ltr'><strong>P.</strong></span> <span class='ocrx_word' id='word_1_821' title='bbox 2784 5571 3164 5654; x_wconf 54' lang='grc' dir='ltr'>καταφρονεῖτε</span> 
     </span>
     <span class='ocr_line' id='line_1_115' title="bbox 2185 5635 3164 5700; baseline -0.003 -3"><span class='ocrx_word' id='word_1_822' title='bbox 2185 5641 2220 5696; x_wconf 85' lang='grc'><strong>6</strong></span> <span class='ocrx_word' id='word_1_823' title='bbox 2272 5639 2452 5697; x_wconf 88' lang='lat' dir='ltr'><strong>Codd.</strong></span> <span class='ocrx_word' id='word_1_824' title='bbox 2486 5638 2581 5695; x_wconf 65' lang='grc' dir='ltr'><strong>ΟΡ.</strong></span> <span class='ocrx_word' id='word_1_825' title='bbox 2613 5641 2671 5694; x_wconf 84' lang='lat' dir='ltr'><strong>et</strong></span> <span class='ocrx_word' id='word_1_826' title='bbox 2696 5637 2758 5694; x_wconf 92' lang='lat' dir='ltr'><strong>P.</strong></span> <span class='ocrx_word' id='word_1_827' title='bbox 2790 5635 2850 5693; x_wconf 73' lang='grc' dir='ltr'><strong>ἐκ</strong></span> <span class='ocrx_word' id='word_1_828' title='bbox 2876 5657 2974 5693; x_wconf 86' lang='grc' dir='ltr'><strong>του</strong></span> <span class='ocrx_word' id='word_1_829' title='bbox 3004 5635 3164 5700; x_wconf 87' lang='grc' dir='ltr'>λαου.</span> 
     </span>
     <span class='ocr_line' id='line_1_116' title="bbox 2184 5641 3116 5788; baseline 0.005 -21"><span class='ocrx_word' id='word_1_830' title='bbox 2184 5641 2242 5788; x_wconf 71' lang='lat'>7)</span> <span class='ocrx_word' id='word_1_831' title='bbox 2273 5711 2448 5771; x_wconf 90' lang='lat' dir='ltr'><strong>Codd.</strong></span> <span class='ocrx_word' id='word_1_832' title='bbox 2482 5710 2576 5770; x_wconf 82' lang='lat' dir='ltr'><strong>0r.</strong></span> <span class='ocrx_word' id='word_1_833' title='bbox 2600 5708 2763 5769; x_wconf 85' lang='lat' dir='ltr'><strong>Golb.</strong></span> <span class='ocrx_word' id='word_1_834' title='bbox 2795 5712 2848 5786; x_wconf 91' lang='grc'>1,</span> <span class='ocrx_word' id='word_1_835' title='bbox 2876 5706 3116 5788; x_wconf 76' lang='grc' dir='ltr'>ἔχωμεν.</span> 
     </span>
    </p>
   </div>
   <div class='ocr_carea' id='block_1_114' title="bbox 2184 5706 3116 5789">
    <p class='ocr_par' dir='ltr' id='par_1_114' title="bbox 2184 5706 3116 5789">
     <span class='ocr_line' id='line_1_117' title="bbox 2184 5706 3116 5789; baseline 0.005 -22"><span class='ocrx_word' id='word_1_836' title='bbox 2184 5706 2241 5788; x_wconf 87' lang='lat'>7)</span> <span class='ocrx_word' id='word_1_837' title='bbox 2273 5711 2448 5771; x_wconf 90' lang='lat' dir='ltr'><strong>Codd.</strong></span> <span class='ocrx_word' id='word_1_838' title='bbox 2482 5710 2576 5770; x_wconf 82' lang='lat' dir='ltr'><strong>0r.</strong></span> <span class='ocrx_word' id='word_1_839' title='bbox 2600 5708 2763 5769; x_wconf 85' lang='lat' dir='ltr'><strong>Golb.</strong></span> <span class='ocrx_word' id='word_1_840' title='bbox 2795 5712 2848 5786; x_wconf 91' lang='grc'>1,</span> <span class='ocrx_word' id='word_1_841' title='bbox 2876 5706 3116 5789; x_wconf 76' lang='grc' dir='ltr'>ἔχωμεν.</span> 
     </span>
    </p>
   </div>
   <div class='ocr_carea' id='block_1_115' title="bbox 3389 5913 3470 6002">
    <p class='ocr_par' dir='ltr' id='par_1_115' title="bbox 3389 5913 3470 6002">
     <span class='ocr_line' id='line_1_118' title="bbox 3389 5913 3470 6002; baseline 0 0"><span class='ocrx_word' id='word_1_842' title='bbox 3389 5913 3470 6002; x_wconf 73' lang='grc' dir='ltr'>ιρ</span> 
     </span>
    </p>
   </div>
  </div>
