4100 6422
1032 8 1057 13 νη..
1066 10 1071 13 .
1090 2 1523 13 ﬂamma-Hi
1556 10 1575 11 κ

260 412 386 472 299

1394 405 1585 466 VITA.
1627 407 1692 467 S.
1741 404 2115 466 GREGORII
2160 402 2552 463 THEOLOGI

3572 402 3699 463 300

265 547 331 599 ut
352 543 451 616 qui
484 540 753 598 doctrina
791 544 895 595 tua
940 539 1265 595 collustrati
1323 556 1554 612 sumus,
1608 540 1693 595 tui
1744 540 1917 596 etiam

2060 536 2235 611 πατὴρ,
2289 531 2625 608 ἐμαλάσσετο
2675 532 2788 605 μὶν,
2835 530 3032 609 ἠπόρει
3086 529 3143 587 δὲ
3184 529 3215 586 δ’
3258 553 3310 587 τι
3344 530 3557 609 δράσειε
3599 537 3701 609 (8),

266 632 527 704 corporis
559 629 839 702 reliquias
868 629 1216 684 habeamus.
1253 651 1280 678 ››
1312 628 1411 684 His
1454 630 1647 684 verbis
1698 628 1921 683 mollie-

264 723 440 777 batur
459 721 698 793 quidem
718 718 1274 790 indulgentissimus
1296 718 1461 774 Pater
1486 737 1498 786 ;
1526 724 1799 774 caeterum
1823 735 1926 772 an-

267 811 465 883 cipitis
495 814 621 866 erat
664 808 842 864 animi
898 807 1038 878 quid
1092 811 1308 877 ageret,
1350 807 1652 878 Deumque
1684 806 1930 878 supplex

268 900 471 956 orabat
499 904 588 965 ut,
621 896 776 969 quod
810 896 917 951 sibi
954 896 1206 950 maxime
1258 895 1613 963 conveniret,
1655 895 1929 967 dispone-

268 993 377 1044 ret.
412 990 546 1054 Qute
579 1004 712 1042 cum
739 986 819 1040 ita
850 1002 911 1041 se
942 984 1246 1055 haberent,
1281 986 1496 1040 affuere
1516 984 1929 1056 episcopi,tum

268 1093 338 1133 ex
387 1077 652 1149 Egypto,
686 1081 812 1129 tum
845 1090 914 1129 ex
945 1073 1308 1143 Macedonia,
1342 1074 1685 1146 Byzantium
1722 1072 1930 1139 vocati,

270 1181 403 1221 cum
436 1165 629 1220 adhuc
654 1163 995 1235 supradicta
1019 1163 1279 1234 synodus
1310 1163 1369 1217 in
1390 1164 1533 1218 urbe
1563 1164 1931 1218 consisteret.

269 1255 340 1311 Et
369 1254 604 1325 quidem
638 1252 745 1319 illi,
769 1251 1047 1323 quoniam
1060 1252 1374 1322 Gregorius
1405 1253 1553 1307 citra
1578 1268 1778 1307 eorum
1802 1267 1935 1307 sen-

272 1343 515 1398 tentiam
545 1341 754 1397 throno
786 1340 1101 1412 impositus
1160 1342 1373 1407 fuerat,
1426 1341 1685 1395 humano
1726 1340 1937 1395 affectu

273 1432 522 1499 obsessi,
550 1431 781 1486 decreto
813 1430 1259 1501 repugnabant:
1298 1446 1414 1484 non
1452 1430 1607 1500 quod
1640 1446 1774 1484 eum
1807 1428 1938 1484 odio

273 1521 557 1577 haberent
586 1518 1111 1591 (quemadmodum
1144 1518 1389 1573 occultis
1418 1518 1469 1574 ei
1492 1518 1938 1590 signiﬁcationi-

275 1610 388 1665 bus
421 1609 892 1675 confirmabant),
926 1608 1027 1662 sed
1060 1610 1126 1662 ut
1156 1623 1276 1674 eos,
1311 1608 1410 1679 qui
1437 1608 1633 1679 ipsum
1666 1609 1941 1679 praefece-

274 1702 429 1764 rant,
454 1697 928 1753 ulciscerentur:
981 1702 1045 1750 ut
1075 1695 1178 1767 qui
1227 1696 1352 1752 sine
1400 1712 1604 1753 eorum
1655 1696 1945 1752 sententia

2030 624 2120 679 καὶ
2149 625 2237 678 τὸν
2272 625 2395 680 θεὸν
2432 622 2735 698 ἐξελιπάρει
2766 622 2825 676 τὸ
2873 622 3019 693 αύτῷ
3070 621 3272 698 πρέπον
3310 621 3700 696 οἰκονομῆσαι.

2006 714 2249 779 ,Τούτων
2281 712 2519 789 ἐχόντων
2559 712 2650 765 τὸν
2692 710 2896 784 τρόπον
2942 716 3159 781 τοῦτον,
3191 719 3438 785 παρῆσαν
3486 712 3702 768 ἐπίσκο-

2037 825 2130 858 ποι
2180 802 2508 875 κεκλημένοι
2559 800 2618 855 ἔκ
2661 822 2720 854 τε
2764 800 3040 876 Αἱγύπτου
3096 800 3185 855 καὶ
3233 799 3571 864 Μακεδονίας
3621 803 3698 865 εἰς

2038 895 2100 949 τὸ
2136 892 2442 961 Βυζάντιον,
2472 887 2547 946 ἔτι
2578 898 2678 960 τῆς
2731 889 3025 967 εἰρημένης
3072 888 3420 963 ἐνδημούσης
3452 890 3699 949 συνόδου.

2042 982 2147 1037 Καὶ
2181 979 2247 1050 δὴ
2281 981 2453 1049 οὗτοι,
2488 980 2563 1041 ὡς
2595 978 2772 1055 χωρὶς
2803 987 2902 1047 τῆς
2938 978 3112 1033 αὐτῶν
3141 980 3374 1054 γνώμης
3416 978 3704 1057 καθιδρυν-

2046 1072 2230 1132 θέντος
2284 1074 2383 1124 τοῦ
2446 1069 2711 1143 μακαρίου
2769 1068 3101 1144 Γρηγορίου,
3154 1067 3312 1132 πάθει
3374 1069 3704 1145 ἀνθρωπίνῳ

2043 1158 2485 1234 κατασχεθέντες,
2535 1156 2818 1231 ἀντέλεγον
2872 1160 2942 1230 τῇ
2996 1159 3187 1235 ψήφῳ·
3222 1156 3348 1232 οὐχί
3395 1159 3704 1233 Γρηγόριον

2052 1252 2333 1322 μισοῦντες
2366 1247 2464 1321 (ὡς
2510 1245 2667 1300 αὐτὸν
2702 1246 3008 1309 συνέπειθον
3039 1248 3115 1319 (9)
3144 1245 3393 1323 κρυφίοις
3431 1243 3703 1319 δηλώμα-

2050 1338 2175 1409 σιν),
2209 1335 2354 1391 ἀλλὰ
2400 1335 2526 1398 τοὺς
2581 1331 3002 1409 καθιδρύσαντας
3055 1333 3408 1406 ἀμυνόμενοι,
3454 1334 3525 1396 ὡς
3575 1332 3709 1410 δίχα

2049 1427 2278 1501 γνώμης
2308 1426 2420 1497 (10)
2452 1423 2625 1478 αὐτῶν
2678 1420 2983 1484 δεδωκότας
3028 1423 3119 1477 τὸν
3170 1422 3383 1498 θρόνον.
3414 1423 3475 1480 Ὀ
3515 1420 3573 1477 δὲ
3606 1444 3711 1496 μα-

2050 1516 2238 1591 κάριος
2269 1513 2355 1567 ἐπὶ
2403 1514 2465 1567 τὸ
2496 1513 2627 1568 αὐτὸ
2670 1512 2881 1567 πάντων
2923 1513 3031 1583 (11)
3064 1513 3551 1588 συναθροισθέντων
3598 1518 3710 1568 τῶν

2054 1602 2384 1675 ἐπισκόπων,
2427 1601 2691 1664 καταστὰς
2723 1600 2773 1656 ἐν
2812 1599 2959 1675 μέσῳ
3007 1622 3087 1674 τῳ
3136 1599 3396 1677 συλλόγῳ
3429 1604 3560 1675 (12),
3582 1600 3715 1657 τάδε

2054 1692 2204 1768 φησῦ

274 1785 751 1857 archiepiscopali
783 1786 919 1840 sede
948 1783 1289 1857 Gregorium
1306 1786 1643 1841 donassent.
1680 1787 1751 1840 At
1769 1785 1858 1840 vir
1888 1786 2113 1854 beatus,
2146 1781 2422 1838 omnibus
2444 1781 2733 1854 episcopis
2782 1780 2843 1835 in
2890 1797 3076 1836 unum
3132 1781 3373 1849 coactis,
3421 1781 3480 1836 in
3513 1780 3709 1837 medio

276 1875 523 1931 concilio
547 1880 731 1942 stans,
766 1874 840 1929 ad
872 1874 1029 1929 hunc
1052 1875 1293 1929 modum
1326 1876 1501 1930 verba
1540 1874 1682 1930 facit
1709 1891 1720 1930 :

354 1992 375 2022 ι
410 1973 532 2027 Viri
564 1971 816 2043 collegae,
844 1976 1309 2044 etcompastores
1343 1973 1718 2029 sacrosancti
1745 1972 1940 2045 gregis
1970 1974 2018 2039 B

273 2061 511 2126 Christi,
544 2066 713 2132 turpe
744 2063 942 2130 fuerit,
985 2077 1348 2133 prorsusque
1379 2079 1413 2117 a
1458 2063 1626 2119 vobis
1656 2062 1937 2127 alienum,

279 2152 349 2218 si,
393 2151 492 2222 qui
517 2151 592 2205 ad
616 2166 818 2221 pacem
847 2149 992 2205 alios
1022 2150 1292 2216 eruditis,
1316 2151 1661 2207 intestinum
1685 2150 1798 2224 ipsi
1818 2149 1939 2205 bel-

275 2238 401 2294 lum
428 2239 580 2294 inter
607 2256 707 2294 vos
738 2239 1017 2295 excitetis.
1067 2240 1331 2302 Quonam
1372 2240 1529 2295 enim
1570 2241 1740 2296 modo
1795 2239 1941 2295 alios

279 2328 351 2383 ad
384 2328 755 2383 concordiam
798 2328 1177 2397 adduxeritis,
1240 2327 1354 2399 ipsi
1404 2330 1558 2384 circa
1617 2329 1940 2385 sententias

279 2421 509 2471 vestras
543 2424 601 2471 et
623 2418 854 2471 decreta
885 2418 1329 2488 discrepantes?
1353 2418 1433 2473 Ac
1482 2435 1583 2473 vos
1615 2435 1718 2490 per
1747 2418 1939 2473 Trini-

279 2510 461 2561 tatem
493 2506 683 2577 ipsam
716 2506 976 2574 obsecro,
1002 2511 1069 2560 ut
1089 2510 1281 2561 vestra
1313 2507 1545 2578 negotia
1592 2506 1865 2578 prazclare
1886 2511 1942 2562 et

280 2595 521 2667 paciﬁce
552 2593 706 2649 inter
738 2610 836 2649 vos
869 2593 1233 2666 transigatis.
1296 2596 1458 2659 Quod
1513 2597 1563 2651 si
1622 2596 1789 2652 vobis
1820 2596 1938 2651 ullo

280 2684 457 2739 modo
488 2683 718 2739 dissidii
746 2700 925 2739 causa
952 2700 1105 2747 sum,
1162 2683 1377 2739 Jonam
1429 2684 1776 2756 prophetam
1808 2686 1939 2739 vitae

282 2773 625 2844 integritate
657 2788 771 2826 non
804 2788 1037 2843 supero.
1072 2773 1264 2827 Mittite
1308 2789 1396 2828 me
1434 2776 1498 2828 in
1527 2790 1701 2841 mare,
1749 2777 1799 2829 et
1828 2790 1941 2830 ces-

284 2861 474 2916 sabita
498 2860 647 2915 vobis
675 2861 1017 2914 tumultuum
1055 2861 1295 2931 procella
1337 2861 1400 2915 1⁷.
1454 2860 1746 2932 Quidquid
1779 2862 1942 2918 vobis

281 2948 477 3005 visum
508 2948 700 3019 fuerit,
731 2947 966 3002 tametsi
996 2965 1030 3002 a
1059 2948 1230 3020 culpa
1260 2948 1777 3017 immunis,vestra3
1806 2967 1942 3005 con-

285 3036 493 3092 cordiae
528 3052 722 3105 causa,
756 3035 1004 3091 libenter
1034 3039 1338 3109 perpetiar.
1362 3038 1594 3094 Throno
1617 3040 1941 3108 exturbate,

282 3126 429 3181 urbe
458 3124 667 3196 ejicite.
715 3126 944 3179 Tantum
990 3128 1273 3182 veritatem
1330 3136 1385 3181 et
1432 3144 1641 3198 pacem,
1696 3133 1757 3183 ut
1809 3145 1943 3183 cum

282 3213 563 3270 Zacharia
592 3213 818 3284 loquar,
851 3214 1072 3282 diligite
1104 3214 1166 3268 ‘3.
1201 3214 1419 3282 Valete,
1470 3216 1620 3271 sacri
1656 3222 1942 3287 pastores.

286 3319 552 3358 meorum
584 3302 850 3357 laborum
870 3304 1215 3357 memoriam
1256 3309 1599 3376 perpetuam
1633 3322 1941 3361 conserva-

286 3396 366 3447 te.
400 3413 426 3441 ››
452 3390 582 3445 Haec
611 3408 677 3446 eo
712 3389 1032 3462 prolocuto,
1068 3392 1288 3463 pudore
1319 3395 1570 3464 quodam
1625 3394 1737 3466 ipsi
1782 3399 1941 3450 tene-

289 3481 525 3548 bantur,
558 3480 687 3550 ejus
721 3479 981 3535 oratione
1012 3481 1366 3552 compuncti.
1398 3483 1546 3536 Tum
1573 3482 1777 3554 ipsein
1801 3489 1946 3556 Cap-

288 3569 594 3642 padociam
629 3573 1003 3639 perrecturus
1035 3585 1065 3623 e
1092 3568 1335 3625 concilio
1367 3571 1948 3644 excessit,voluptate

288 3657 467 3713 simul
497 3661 553 3712 et
572 3674 815 3712 mcerore
847 3658 1087 3713 aﬂ‘ectus
1123 3674 1134 3711 :
1167 3657 1334 3725 illud,
1377 3661 1531 3730 quod
1566 3659 1833 3718 laborum
1857 3678 1947 3717 re-

288 3748 485 3819 quiem
517 3746 835 3802 invenisset
866 3762 877 3800 :
914 3746 1043 3817 hoc,
1107 3738 1341 3819 prOpter
1371 3764 1633 3821 gregem,
1688 3766 1947 3821 quonam

287 3837 461 3892 modo
494 3836 691 3907 ipsum
717 3836 1090 3901 relinqueret.

364 3943 425 3998 In
460 3943 654 3998 aulam
688 3947 882 3998 autem
914 3944 1227 4015 profectus,
1269 3944 1619 4000 beneficium
1653 3946 1724 4000 ab
1761 3948 1947 4019 Impe-

291 4037 482 4087 ratorc
514 4032 868 4103 postulabat,
903 4033 995 4086 his
1024 4032 1215 4087 verbis
1273 4034 1436 4103 prius
1493 4051 1629 4089 eum
1688 4035 1900 4090 affatus
1931 4052 1945 4091 :

295 4142 325 4173 ‹‹
349 4120 479 4175 Tibi
512 4121 768 4191 quidem,
800 4137 831 4174 o
859 4123 1199 4191 Imperator,
1226 4138 1327 4191 pro
1340 4122 1460 4177 tuis
1482 4138 1619 4194 erga
1636 4122 1949 4179 Ecclesiam

295 4208 523 4266 meritis
557 4209 839 4264 retribuat
866 4208 1130 4263 Christus
1164 4209 1219 4262 in
1254 4210 1348 4264 die
1390 4211 1819 4267 retributionis.
1846 4212 1951 4266 Be-

294 4298 570 4356 neﬁcium
604 4303 821 4367 autem,
856 4297 1010 4368 quod
1034 4313 1187 4352 nunc
1220 4315 1253 4352 a
1283 4304 1337 4353 te
1361 4303 1512 4369 peto,
1545 4300 1953 4370 potentissime

296 4387 589 4459 princeps,
619 4387 757 4441 dare
788 4401 859 4440 ne
888 4385 1165 4455 graveris.
1202 4386 1328 4441 Non
1389 4404 1491 4458 pro
1548 4388 1813 4459 pecuniis
1846 4389 1953 4445 tibi

298 4492 431 4532 sum
481 4476 725 4547 supplex
758 4492 770 4543 ;
803 4491 919 4530 non
969 4475 1225 4545 pretiosa
1263 4474 1535 4531 altarium
1616 4482 1956 4548 tegumenta

299 4567 649 4637 concupisco
675 4582 688 4631 ;
723 4582 837 4620 non
864 4564 1130 4637 cognatis
1153 4563 1466 4637 dignitates
1498 4566 1694 4621 ambio
1720 4592 1733 4635 ;
1760 4568 1957 4635 sed,ut

298 4656 599 4712 laboribus
659 4654 886 4724 liberer,
932 4653 1192 4709 obsecro.
1234 4653 1433 4711 Cesset
1464 4655 1639 4710 etiam
1688 4656 1952 4727 invidia;

298 4761 500 4817 pacem
532 4744 725 4800 colant
754 4744 1040 4816 episOOpi;
1079 4748 1138 4799 tu
1172 4742 1424 4800 maxime
1454 4744 1513 4801 in
1546 4761 1674 4801 eam
1705 4762 1828 4802 rem
1859 4748 1959 4802 ad-

298 4836 482 4892 nitere
506 4851 519 4902 ;
541 4835 911 4891 sacerdotum
942 4832 1165 4889 bellum
1199 4834 1650 4906 comprime,qui
1682 4836 1959 4892 barbaro-

304 5024 347 5060 "
376 5024 510 5095 Jon,
544 5021 672 5078 112.
708 5022 751 5060 18
782 5021 953 5079 Zach.
983 5038 1104 5095 vm,
1140 5023 1227 5077 19.

379 5231 455 5305 (8)
487 5229 628 5305 god.
660 5232 755 5305 Or.
783 5224 986 5305 δράσει.

382 5299 459 5373 (9)
490 5301 628 5357 Cod.
662 5302 756 5356 op.
792 5299 1026 5363 ἔπειθον.

380 5370 495 5447 (10)
522 5374 606 5447 [ιε
636 5373 929 5447 codd._0_r.
954 5373 1112 5447 Cplb.
1149 5371 1201 5441 1,
1237 5377 1293 5447 et
1324 5372 1396 5447 _2.
1432 5370 1492 5447 I_n
1535 5372 1672 5427 edit.
1707 5373 1961 5447 γνώμων’

307 5439 445 5501 mox
478 5439 769 5499 ineisdem
810 5439 1129 5512 δεδωκότες,
1162 5439 1263 5501 sed
1323 5443 1635 5499 lectionem
1679 5439 1835 5500 codf
1865 5447 1961 5503 Or.

308 5514 740 5570 amplectimur.

442 5586 493 5671 1)
527 5584 743 5639 Πάντων
779 5584 941 5665 deest
969 5586 1026 5639 in
1058 5586 1186 5641 cod.
1222 5586 1318 5643 Or.

438 5656 495 5710 2)
521 5658 656 5710 Cod.
689 5656 753 5710 P.
777 5672 886 5705 των
921 5653 1228 5710 συηλόγων.

409 5656 495 5726 12)
521 5658 656 5713 Cod.
689 5656 753 5711 P.
777 5656 886 5705 τῶν
921 5656 1228 5729 συηλόγων.

407 5726 494 5801 13)
521 5730 655 5786 God.
689 5727 791 5783 Or.
824 5720 1049 5800 αἰσχρὸν
1086 5725 1181 5803 μὲν
1211 5724 1269 5783 ἂν
1299 5722 1406 5799 εἵη.

2124 1995 2153 2020 ‹‹
2185 1966 2418 2043 ’Ἀνδρες
2452 1966 2821 2041 συμποιμένες
2850 1973 2949 2037 τῆς
2998 1967 3144 2043 ἱερᾶς
3174 1965 3418 2040 ποίμνης
3451 1969 3714 2042 Χριστοῦ,

2050 2057 2283 2133 αἱσχρὸν
2337 2057 2430 2129 μὶν
2485 2054 2567 2124 εἰή
2622 2058 2734 2129 (13)
2792 2055 2880 2110 καὶ
2930 2054 3212 2117 παντελῶς
3265 2055 3372 2131 οὐχ
3420 2057 3595 2129 ὑμῶν,
3642 2058 3716 2127 εἰ,

2051 2146 2177 2208 τοὺς
2210 2144 2415 2207 ἄλλους
2466 2144 2689 2220 εἰρήνην
2741 2142 3106 2217 παιδεύοντες,
3161 2144 3315 2200 αὐτοὶ
3365 2145 3503 2218 πρὸς
3533 2144 3719 2216 ἀλλή-

2052 2235 2183 2298 λους
2238 2233 2484 2307 πόλεμον
2536 2231 2760 2308 ἤρασθε.
2810 2238 2936 2296 Πῶς
2994 2231 3040 2288 δ’
3088 2234 3146 2289 ἃν
3198 2236 3452 2307 ὁμονοεῖν
3496 2234 3717 2307 ἑτέρους

2050 2325 2271 2395 πείσητε
2302 2327 2438 2396 (14),
2468 2323 2621 2378 αὐτοὶ
2673 2319 2818 2386 ὄντες
2868 2317 2991 2400 περὶ
3039 2326 3106 2379 τὰ
3138 2321 3406 2379 δοκοῦντα
3445 2322 3712 2399 ἀσύμφω-

2049 2433 2182 2482 νοι;
2239 2410 2395 2467 Ἀλλ’
2448 2412 2671 2467 ἱκετεύω
2721 2413 2861 2486 ὑμᾶς
2912 2412 3044 2487 πρὸς
3090 2420 3192 2482 τῆς
3251 2410 3484 2489 Τριάδος
3539 2411 3718 2482 αὐτῆς

2048 2502 2233 2564 καλῶς
2264 2522 2323 2557 τε
2350 2501 2440 2556 καὶ
2475 2500 2762 2576 εἰρηνικῶς
2814 2499 3084 2555 διαθέσθαι
3134 2502 3200 2556 τὰ
3232 2501 3366 2577 πρὸς
3399 2499 3714 2571 ἀλλήλους.

2050 2591 2115 2648 Εἰ
2147 2590 2203 2646 δέ
2227 2613 2281 2647 τι
2326 2592 2452 2665 ὑμῖν
2511 2591 2620 2666 ἐγὼ
2668 2598 2769 2661 τῆς
2820 2588 3147 2653 διαστάσεως
3195 2589 3389 2663 αἶ’τιος,
3445 2590 3543 2645 οὐκ
3592 2591 3715 2663 εἰμί

2050 2680 2371 2753 σεμνότερος
2418 2681 2576 2735 Ἰωνᾶ
2622 2684 2718 2734 τοῦ
2761 2682 3066 2758 προφήτου.
3120 2679 3317 2735 Βάλετέ
3369 2701 3433 2753 με
3478 2680 3552 2741 είς
3600 2680 3709 2747 τὴν

2052 2769 2363 2841 θάλασσαν,
2420 2770 2510 2825 καὶ
2567 2767 2825 2824 παύσεται
2883 2769 2972 2847 ἀφ’
3030 2769 3180 2843 ὑμῶν
3241 2771 3269 2823 ὁ
3326 2767 3540 2823 κλύδων
3591 2772 3709 2823 τῶν

2050 2860 2472 2933 ταραχῶνΗῧ).
2514 2859 2786 2931 Αἱροῦμαι
2841 2861 3027 2913 παθεῖν
3086 2857 3116 2913 ὅ
3170 2879 3222 2912 τι
3284 2856 3340 2912 ἂν
3406 2856 3712 2933 βούλησθε,

2050 2948 2243 3022 καίπερ
2276 2948 2452 3008 ἀθῶος
2501 2945 2597 3017 ὢν,
2630 2954 2730 3016 τῆς
2781 2948 2933 3019 ὑμῶν
2964 2944 3138 3002 ἕνεκεν
3188 2946 3466 3020 ὁμονοίας.
3501 2946 3717 3021 Θρόνου

2054 3035 2332 3107 ἐξώσατε,
2392 3034 2608 3098 πόλεως
2660 3035 2965 3091 ἁπελάσατε
2995 3079 3005 3091 .
3066 3036 3238 3091 Μόνον
3290 3039 3389 3105 τὴν
3449 3036 3719 3105 ἀλήθειαν

2052 3125 2144 3179 καὶ
2171 3126 2271 3193 τήν
2325 3124 2571 3198 εἰρήνην,
2613 3125 2689 3187 ὡς
2738 3126 2764 3179 ὁ
2815 3126 3087 3201 Ζαχαρίας
3136 3126 3324 3203 φησὶν,
3375 3125 3714 3200 ἀγαπήσατε.

2053 3214 2351 3290 ’Ἑῤῥωσθῃ
2406 3213 2542 3287 ἱεροὶ
2588 3213 2866 3287 ποιμένες,
2898 3215 2987 3269 καὶ
3036 3220 3141 3269 τῶν
3173 3214 3319 3287 ἐμῶν
3370 3214 3543 3269 πόνων
3580 3236 3724 3287 μνη-

2061 3303 2395 3377 μονεύοντες,
2434 3304 2507 3376 μή
2545 3302 2877 3374 ἀπολήξητε.
2930 3329 2957 3357 ››
3010 3309 3185 3359 Ταῦτα
3234 3304 3499 3371 εἰπόντος,
3543 3300 3722 3364 αἰδώς

2053 3414 2139 3455 τις
2196 3391 2389 3453 αὐτοὺς
2445 3392 2561 3466 εἶχε
2607 3398 2723 3454 τοῖς
2769 3393 3082 3465 εἰρημένοις
3134 3392 3523 3467 κατανυγέντας
3571 3394 3716 3461 (16).
3796 3446 3799 3449 .

2052 3484 2111 3539 Ὀ
2148 3482 2241 3554 μὲν
2272 3482 2363 3535 οὗν
2397 3479 2483 3534 ἐπὶ
2512 3483 2612 3549 τὴν
2638 3479 3017 3537 Καππαδοκῶν
3050 3479 3408 3557 βαδιούμενος
3442 3480 3723 3554 ἐξῄειῌἹ)

2053 3576 2150 3626 τοῦ
2192 3569 2491 3644 συλλόγου,
2543 3572 2829 3646 συμμιγὴς
2882 3575 3028 3646 χαρᾷ
3074 3590 3132 3625 τε
3176 3570 3265 3624 καὶ
3314 3569 3599 3646 κατηφείᾳ·
3651 3569 3722 3623 τὸ

2061 3662 2175 3734 μὲν,
2209 3660 2293 3715 ὅτι
2322 3664 2427 3713 τῶν
2458 3660 2635 3713 πόνων
2689 3660 2998 3715 ἀνάπαυλαν
3031 3659 3236 3735 ηὕρατο
3269 3662 3401 3733 (18),
3436 3659 3497 3713 τὸ
3529 3656 3585 3712 δὲ
3616 3663 3721 3713 τοῦ

2056 3749 2323 3823 ποιμνίου
2353 3747 2538 3824 χάριν,
2572 3747 2722 3811 ὅπως
2756 3748 2884 3803 αὐτὸ
2913 3747 3309 3822 καταλείψειεν.

2130 3944 2334 4001 Ἐλθὼν
2370 3943 2427 3999 δὲ
2471 3944 2549 4007 εἷς
2594 3945 2661 3999 τὰ
2713 3944 2983 4018 βασίλεια,
3034 3939 3151 4017 ᾔτει
3203 3943 3364 4020 χάριν
3415 3943 3506 3998 τὸν
3555 3942 3721 3997 αὐτο-

2058 4036 2317 4111 κράτορα,
2344 4030 2527 4088 τοιάδε
2559 4032 2723 4087 εἰπὼν
2752 4032 3036 4109 πρότερον·
3063 4056 3091 4085 ‹‹
3127 4031 3200 4086 Σὺ
3236 4033 3351 4105 μὲν,
3387 4033 3431 4085 ὦ
3472 4031 3723 4106 βασιλεῦ,

2061 4123 2134 4177 ὧν
2185 4124 2281 4191 τήν
2340 4122 2663 4193 Ἐκκλησίαν
2724 4121 3126 4199 εύηργέτησας,
3187 4123 3575 4197 ἀντιμετρήσαι
3635 4142 3729 4175 σοι

2062 4212 2294 4287 Χριστὸς
2327 4211 2378 4265 ἐν
2429 4210 2610 4285 ἡμέρᾳ
2660 4209 3090 4274 ἆνταποδόσεως·
3122 4211 3183 4264 ‘r'v
3216 4208 3272 4265 δὲ
3319 4215 3407 4264 νῦν
3451 4210 3585 4264 αἰτῶ
3616 4209 3726 4285 χά-

2066 4322 2166 4374 ριν,
2201 4302 2245 4355 ὦ
2276 4300 2546 4375 κράτιστε,
2583 4298 2766 4355 δοῦναι
2820 4302 2897 4373 μὴ
2950 4302 3251 4376 ἀπαρνήσῃ.
3285 4299 3357 4353 Οὐ
3412 4299 3535 4372 περὶ
3576 4319 3726 4375 χρη-

2070 4389 2251 4462 μάτων
2304 4389 2567 4445 ἱκετεύω·
2619 4389 2744 4445 οὐδὲ
2792 4395 2947 4454 ποθῶ
2990 4388 3269 4458 πολυτελῆ
3326 4388 3733 4464 θυσιαστηρίων

2066 4480 2438 4555 σκεπάσματα,
2490 4479 2551 4533 ού
2604 4484 2875 4555 συγγενῶν
2918 4480 3111 4555 ἀρχάςο
3164 4476 3290 4534 ἀλλ’
3338 4478 3565 4534 ἱκετεύω
3612 4482 3728 4532 τῶν

2066 4554 2246 4622 π’όνων
2282 4569 2556 4637 ἀνεθῆναι.
2592 4554 2821 4644 Ληγέτω
2853 4562 2910 4623 δὲ
2940 4554 3028 4623 καί
3063 4571 3177 4642 (19)
3208 4568 3424 4645 φθόνος,
3460 4566 3733 4644 εἰρηνευὲ-

2065 4678 2239 4712 τωσαν
2277 4657 2326 4711 οἰ
2361 4656 2671 4731 ἐπίσκοποι,
2705 4663 2799 4713 σοῦ
2835 4657 3069 4732 μάλιστα
3098 4662 3258 4712 τοῦτο
3303 4654 3729 4724 σπουδάζοντος.

2071 4751 2280 4801 Παῦσον
2308 4751 2414 4801 τῶν
2444 4747 2629 4822 ἱερέων
2678 4748 2769 4801 τὸν
2819 4745 3090 4819 πόλεμον,
3124 4747 3150 4800 ὁ
3183 4747 3381 4816 στήσας
3434 4739 3729 4819 βαρϐάρων

2070 4837 2286 4912 θράσος·
2316 4838 2381 4890 τὰ
2415 4836 2637 4912 μέγιστα
2665 4836 2899 4912 τρόπαια
2946 4840 3042 4890 τοῦ
3097 4839 3191 4889 σοῦ
3240 4836 3469 4911 κράτους
3522 4832 3598 4887 ἐνὶ
3630 4831 3733 4886 κό-

2151 5233 2266 5306 (14)
2286 5231 2448 5306 Colb.
2481 5233 2549 5306 1,_
2565 5230 2824 5306 vtato-ctu.

2151 5301 2264 5374 (15)
2295 5304 2474 5360 Codd.
2519 5304 2615 5376 Or.
2686 5305 2746 5360 P.
2797 5304 2957 5376 Colb.
2996 5305 3020 5359 1
3074 5308 3130 5359 et
3157 5306 3213 5375 2,
3244 5306 3387 5376 τῶν*
3413 5301 3745 5376 συμφορῶν.

2113 5378 2261 5476 ι(16)
2312 5377 2449 5432 Cod.
2512 5375 2608 5431 Or.
2688 5375 3094 5450 κατανυγέντες.
3150 5377 3287 5432 Cod.
3360 5374 3419 5430 P.
3487 5374 3749 5427 κάτοινοι-

2073 5468 2317 5520 γινταςη
2390 5518 2401 5520 _
2476 5517 2496 5520 ᾼ
2595 5514 2629 5520 ,ν

2146 5521 2261 5593 (17)
2292 5518 2431 5593 Cod.
2465 5517 2560 5593 ρι’.
2592 5514 2741 5593 έξιῂει.

2145 5586 2259 5663 (18)
2289 5591 2425 5645 Cod.
2476 5589 2570 5645 Or.
2628 5586 2845 5664 εὕρατο,
2895 5590 3053 5648 Colb.
3107 5592 3158 5646 1.
3217 5588 3423 5667 εὕρετο.
3482 5588 3621 5646 Cod.
3668 5586 3750 5651 P.

2070 5657 2265 5737 ἥράτοὶ

2142 5736 2254 5811 (19)
2283 5733 2350 5787 Δέ
2378 5730 2467 5786 καί
2497 5733 2713 5792 desunt
2738 5732 2800 5793 in
2832 5736 2961 5794 cod.
2995 5734 3093 5795 0r.
