4100 6426
233 410 350 472 301

1264 410 1638 475 AUCTORE
1682 412 2081 476 GBEGORIO
2126 415 2651 479 PRESBYTERO

3553 419 3672 478 302

232 543 560 617 σμησον,τῇ
594 539 884 621 συμφωνίᾳ
911 543 1024 617 (20)
1052 546 1160 598 τῶν
1189 542 1519 600 ἐπισκόπων.
1550 542 1760 615 Ταύτην
1791 545 1899 620 ἐγὼ

2037 565 2147 604 -um
2178 550 2481 605 audaciam
2514 548 2929 621 compescuisti
2963 566 2976 606 :
3004 548 3259 605 maxima
3314 547 3547 621 imperii
3590 548 3674 604 tui

236 631 445 708 δωρεὰν
480 629 763 704 αῗτοῦμαν
796 629 995 701 ταύτην
1027 629 1337 687 τελευταίαν
1375 653 1467 705 μοι
1502 634 1613 705 (21)
1640 632 1898 707 παρέχεις

236 722 429 798 χάριν.
465 745 487 772 ι
535 721 829 794 Θαυμάσας
877 717 935 774 δὲ
980 721 1047 774 τὰ
1094 720 1355 797 εἰρημένα
1403 720 1433 775 ὅ
1474 742 1535 775 τε
1581 724 1694 795 (22)
1740 721 1901 776 αὐτο-

238 813 461 887 κράτωρ
486 809 577 865 καὶ
608 810 660 864 οἱ
692 816 790 879 τῆς
823 808 1134 885 συγκλήτου
1170 809 1398 885 βουλῆς,
1422 812 1507 866 οἷα
1539 813 1649 885 (23)
1682 809 1900 889 σφοδρῷ

241 905 327 972 τῷ
354 900 478 975 περὶ
536 898 697 953 αὐτὸν
754 898 909 970 πόθῳ
961 898 1368 969 συντετηκότες,
1404 899 1567 973 μόλις
1626 896 1897 954 ἀπέλυσαν

247 988 407 1045 αὐτὸν
442 989 576 1063 (24),
607 990 708 1058 τὴν
741 983 921 1058 ἔξοδον
944 986 1344 1063 ἐπιτρέψαντες.

320 1166 715 1241 Ἐνδημοῦντος
749 1163 807 1221 δὲ
836 1166 1001 1222 αὐτοῦ
1048 1161 1125 1222 ἔτι
1172 1170 1240 1240 τῇ
1295 1164 1557 1243 βασιλίδι,
1590 1167 1901 1222 καθίσταται

257 1257 331 1321 εἷς
371 1260 471 1328 τὴν
523 1257 686 1311 αὐτοῦ
721 1254 1048 1327 Ἐκκλησίαν
1109 1258 1213 1312 ὑπὸ
1262 1264 1360 1326 τῆς
1418 1253 1645 1311 συνόδου
1694 1256 1895 1311 Νεκτά-

242 1348 361 1419 ριός
414 1368 497 1409 τις
546 1345 861 1417 ἐπίσκοπος,
889 1346 1121 1420 Ταρσεὺς
1168 1346 1430 1421 ὑπάρχων
1478 1353 1579 1415 τῆς
1626 1344 1894 1407 Κιλικίας.

241 1435 425 1497 Αὐτὸς
470 1432 523 1490 δὲ
563 1433 1078 1511 προσκαλεσάμενος
1282 1437 1373 1490 τὸν
1423 1435 1630 1507 γλῆρον
1664 1434 1753 1489 καὶ
1800 1434 1897 1489 τοῦ

241 1525 392 1581 λαοῦ
440 1524 557 1586 τοὺς
600 1524 878 1600 ἐκκρίτους
921 1528 1056 1599 (26),
1086 1527 1409 1596 νουθετήσας
1455 1546 1512 1580 τε
1568 1524 1763 1587 αὐτοὺς
1804 1546 1899 1599 φυ-

243 1615 465 1670 λάττειν
510 1615 603 1682 τὴν
666 1615 1127 1688 παρακαταθήκην
1192 1620 1294 1684 τῆς
1351 1613 1606 1681 πίστεως,
1656 1614 1745 1668 καὶ
1801 1614 1897 1676 τὰς

245 1700 477 1764 ἐντολὰς
559 1706 656 1758 τοῦ
748 1707 882 1758 Θεοῦ
965 1703 1408 1777 κατεργάζεσθαι,
1498 1702 1896 1775 ἀσπασάμενος,

243 1789 438 1847 πολλά
463 1812 523 1847 τε
558 1793 781 1862 κινήσας
835 1792 999 1846 ἅπασι
1050 1788 1272 1866 δάκρυα,
1304 1799 1404 1861 τῆς
1453 1789 1771 1868 ὁδοιπορίας
1825 1790 1898 1845 εἴ·

244 1901 405 1956 χετο.
456 1885 715 1956 Ἔρχεται
769 1876 827 1934 δὲ
874 1879 948 1941 εἷς
1000 1880 1300 1956 Ἀριανζὸν,
1352 1881 1560 1957 χωρίον
1606 1879 1896 1935 Καππαδο-

244 1970 396 2038 κίας,
430 1967 561 2043 ὅπερ
619 1968 872 2039 ἐκέκτητο
904 1971 1017 2041 (27)
1067 1970 1125 2023 ἐκ
1180 1975 1444 2044 πατρικοῦ
1487 1968 1724 2046 κλήρου,
1770 1991 1899 2025 κατ-

248 2058 409 2115 ελθὸν
470 2058 543 2119 εἷς
592 2057 772 2114 αὐτόν.
805 2056 1029 2113 Πολλοῦ
1079 2056 1137 2113 δὲ
1191 2059 1397 2134 χρόνου
1470 2060 1900 2136 παρῳχηκότος,

246 2148 344 2225 ἀφ’
374 2148 435 2202 οὗ
466 2146 747 2209 Βασίλειος
779 2147 807 2201 ὁ
850 2145 1013 2223 μέγας
1062 2147 1198 2223 πρὸς
1248 2149 1337 2203 τὸν
1391 2149 1516 2203 Θεὸν
1569 2148 1901 2221 ἐνεδήμησεν

246 2238 311 2293 ἐκ
340 2241 437 2293 τοῦ
480 2237 601 2312 βίου
646 2235 863 2307 τούτου,
896 2236 1033 2311 πρὸς
1084 2237 1424 2312 ὑψηλοτέραν
1480 2239 1622 2307 ζωὴν
1677 2239 1902 2311 μεταθέ-

250 2348 419 2400 μενος
466 2326 535 2381 τὰ
579 2324 840 2399 παρόντα,
873 2325 1081 2402 γράψας
1128 2328 1219 2381 τὸν
1266 2326 1349 2381 ἐπ’
1397 2327 1544 2400 αὐτῷ
1601 2327 1902 2405 ἐπιτάφιον,

244 2416 326 2478 εἲς
384 2416 480 2483 σὴν
532 2415 837 2489 Καισαρέων
898 2416 1000 2484 ἧκε
1044 2416 1143 2484 τὴν
1202 2416 1350 2492 ἱερὰν
1403 2415 1768 2491 μητρόπολιν·
1816 2416 1905 2473 καὶ

247 2508 658 2582 προσφωνήσας
702 2505 795 2560 τὸν
846 2503 1012 2580 λόγον
1058 2508 1126 2579 τῇ
1174 2505 1492 2577 Ἐκκλησία,
1543 2500 1780 2574 έϐάδιζει
1825 2503 1906 2559 οἷ’-

249 2592 407 2651 καδε.

327 2682 530 2757 Χρόνον
592 2680 649 2737 δὲ
706 2680 957 2738 πλεῖστον
1017 2689 1115 2753 τῆς
1201 2682 1468 2756 πατρίδος
1538 2685 1703 2739 αὐτοῦ
1768 2684 1908 2740 ἀπο-

252 2772 565 2849 λειφθέντος
624 2768 713 2825 διὰ
765 2774 864 2841 τὴν
916 2772 967 2827 ἐν
1018 2777 1087 2847 τῇ
1144 2772 1383 2848 βασιλίδι
1453 2770 1739 2850 διατριϐὴν
1789 2771 1909 2845 (δύο

256 2862 360 2935 γὰρ
412 2860 499 2915 καὶ
554 2857 680 2914 δέκα
730 2857 819 2930 ἔτη
874 2859 1036 2937 λόγος
1085 2860 1246 2916 αὐτόν
1276 2861 1327 2917 έν
1370 2867 1450 2934 τῷ
1498 2862 1775 2935 Βυζαντίῳ
1822 2883 1915 2917 πε-

259 2949 588 3022 ποιηκέναι),
638 2945 834 3020 συνέϐη
883 2955 990 3005 τῶν
1041 2949 1469 3026 Ἀπὸλλιναρίου
1523 2957 1779 3025 μαθητῶν
1830 2973 1913 3006 τι-

267 3058 365 3098 νας
399 3037 472 3099 είς
501 3040 594 3107 τὴν
628 3036 875 3114 δευτέραν
929 3039 1193 3116 ἐπαρχίαν
1241 3045 1349 3095 τῶν
1402 3040 1774 3096 Καππαδοκῶν
1805 3044 1917 3115 ('28)

279 3124 524 3189 πολλοὺς
579 3129 671 3200 μὲν
728 3128 1047 3198 ἐξαπατῆσαι
1080 3136 1198 3191 τοῖς
1251 3128 1441 3205 λόγοις
1492 3134 1593 3200 τῆς
1651 3126 1917 3203 ἀσεϐείας,

281 3223 549 3287 τολμῆσαι
601 3216 657 3271 δὲ
709 3219 874 3292 μέχρι
921 3218 1010 3273 καὶ
1053 3216 1215 3273 τοῦδε
1256 3222 1366 3291 (29)
1406 3218 1748 3295 προσελθεῖν,
1783 3219 1923 3275 ὥστε

2012 638 2272 710 trophaaa
2302 656 2418 694 una
2450 656 2509 694 re
2536 639 3069 706 exorna,nimirum
3092 638 3503 710 episcoporum
3535 653 3675 693 con-

2012 728 2227 782 cordia.
2260 732 2379 783 Hoc
2410 745 2515 801 ego
2547 729 2768 784 donum
2801 746 2833 784 a
2873 734 2927 784 te
2961 734 3092 800 peto
3128 744 3142 782 :
3176 727 3286 782 hoc
3317 727 3462 782 mihi
3495 727 3677 783 bene—

2012 816 2209 872 ﬁcium
2234 817 2508 872 ultimum
2542 817 2794 889 porrige.
2829 839 2858 867 »
2891 817 3007 873 Hac
3040 817 3306 871 oratione
3331 818 3674 887 Imperator.

2011 910 2069 960 et
2098 905 2199 975 qui
2224 906 2498 962 senatorii
2518 906 2743 961 ordinis
2760 905 3013 977 erant,in
3028 904 3477 960 admirationem
3500 905 3673 976 rapti,

2013 998 2075 1048 ut
2106 1000 2238 1066 pote
2263 995 2545 1050 acerrimo
2586 994 2777 1066 ipsius
2808 1011 3007 1050 amore
3038 995 3543 1060 contabescentes,
3571 994 3675 1048 ab-

2008 1084 2187 1138 eundi
2219 1083 2371 1139 facta
2402 1083 2676 1139 facultate
2696 1084 2792 1138 vix
2813 1101 2848 1139 a
2878 1100 2941 1139 se
2970 1083 3349 1139 dimiserunt.

2080 1174 2362 1228 Caeterum
2386 1172 2487 1228 illo
2518 1172 2711 1228 adhuc
2743 1173 2801 1227 in
2834 1178 3087 1244 augusta
3118 1173 3264 1227 urbe
3296 1176 3526 1245 agente,
3560 1172 3673 1227 Ne-

2010 1261 2227 1317 ctarius
2258 1262 2522 1333 quidam,
2573 1263 2757 1317 Tarso
2805 1261 3015 1316 Ciliciae
3056 1261 3287 1317 civitate
3344 1265 3529 1328 ortus,
3565 1260 3673 1315 Ec-

2010 1351 2196 1406 clesiaa
2227 1351 2415 1423 ipsius
2437 1369 2472 1407 a
2502 1353 2724 1423 synodo
2767 1351 3077 1423 episcOpus
3108 1350 3506 1406 constituitur.
3542 1349 3674 1420 Ipse

2010 1444 2203 1495 autem
2233 1457 2364 1496 cum
2399 1440 2620 1496 clerum
2653 1458 2720 1496 ac
2772 1439 3325 1512 praestantissimum
3381 1454 3675 1510 quemque

2009 1545 2077 1584 ex
2110 1530 2307 1601 populi
2354 1529 2739 1585 multitudine
2786 1529 3107 1594 accivisset,
3139 1544 3377 1599 eosque,
3429 1532 3493 1583 ut
3539 1527 3677 1582 ﬁdei

2011 1618 2342 1691 depositum
2377 1623 2695 1686 servarent,
2730 1618 2949 1691 Deique
2980 1623 3265 1689 praecepta
3298 1631 3679 1687 exsequeren'

2010 1710 2127 1775 tur,
2160 1707 2587 1774 admonuisset,
2620 1709 3079 1779 complexusque
3106 1705 3677 1776 fuisset,mu1tasque

2013 1798 2289 1852 omnibus
2315 1797 2575 1869 lacymas
2634 1796 2941 1864 movisset,
2994 1796 3189 1850 itineri
3241 1811 3303 1850 se
3335 1794 3515 1864 dedit,
3546 1797 3677 1848 tan-

2014 1887 2265 1957 demque
2292 1887 2607 1941 Arianzum
2640 1885 2921 1957 pervenit.
2972 1883 3348 1956 Cappadociae
3394 1887 3592 1939 autem
3625 1881 3677 1937 is

2012 1972 2175 2029 locus
2198 1980 2487 2046 est,quem
2521 1990 2588 2029 ex
2616 1978 2859 2045 paterna
2909 1973 3250 2028 haereditate
3294 1971 3366 2027 ad
3409 1986 3472 2026 se
3503 1971 3679 2025 devo-

2013 2063 2202 2118 lutum
2219 2063 2740 2135 possidebat.Cum
2760 2067 2955 2117 autem
2980 2062 3235 2116 multum
3265 2059 3547 2132 temporis
3569 2058 3679 2114 ﬂu-

2012 2154 2216 2221 xisset,
2248 2169 2317 2208 ex
2347 2170 2461 2225 quo
2482 2152 2736 2207 Basilius
2752 2168 3001 2224 magnus
3019 2167 3085 2205 ex
3116 2150 3226 2205 hac
3242 2150 3363 2205 vita
3392 2149 3464 2204 ad
3487 2148 3675 2204 Deum

2014 2240 2286 2305 evolarat,
2324 2258 2389 2295 ac
2422 2241 2881 2312 praesentiacum
2900 2239 3245 2295 sublimiore
3273 2238 3395 2294 vita
3411 2254 3680 2293 commu-

2014 2336 2189 2402 tarat,
2224 2330 2453 2385 funebri
2475 2331 2736 2385 oratione
2767 2329 2827 2384 in
2854 2328 3044 2401 ipsius
3075 2328 3308 2384 laudem
3344 2326 3681 2399 conscripta

2017 2436 2242 2477 sacram
2275 2419 2719 2475 Caesariensium
2750 2417 3120 2490 metropolim
3174 2416 3338 2484 adiit,
3381 2415 3682 2471 Ecclesia:-

2020 2527 2135 2582 que
2162 2514 2499 2581 nuncupata
2555 2524 2622 2563 ac
2652 2509 2847 2564 dicata
2894 2523 2962 2562 ea
3019 2507 3282 2562 oratione
3339 2507 3583 2561 domum
3617 2521 3681 2561 se

2020 2600 2255 2669 recepit.

2093 2688 2204 2742 Sed
2236 2703 2367 2742 cum
2398 2686 2605 2758 perdiu
2636 2686 2761 2757 ipse
2792 2703 2825 2741 a
2854 2684 3064 2757 patria,
3090 2687 3398 2757 propterea
3428 2683 3595 2754 quod.
3619 2681 3683 2736 in

2022 2777 2399 2849 imperatoria
2431 2777 2574 2831 urbe
2605 2779 3088 2841 commoraretur,
3122 2772 3407 2828 abfuisset
3438 2771 3686 2843 (duode-

2024 2868 2138 2920 cim
2170 2882 2426 2936 namque
2477 2868 2672 2936 ipsum
2706 2863 2964 2937 Byzantii
2996 2880 3181 2918 annos
3221 2862 3412 2934 egisse
3441 2860 3685 2930 ferunt),

2026 2955 2237 3010 accidit
2266 2960 2330 3009 ut
2361 2954 2603 3025 quidam
2636 2952 2979 3025 Apollinarii
3020 2951 3295 3023 discipuli
3328 2950 3386 3004 in
3428 2949 3688 3005 secunda

2029 3045 2435 3116 Cappadocum
2452 3044 2796 3115 praefectura
2827 3042 2951 3098 suis
2969 3041 3289 3113 impietatis
3307 3039 3683 3095 sermonibus

2030 3135 2251 3189 multos
2281 3134 2341 3188 in
2376 3134 2639 3188 fraudem
2672 3133 3030 3200 inducerent,
3064 3147 3247 3202 eoque
3268 3129 3525 3185 audacias
3547 3144 3682 3205 pro-

2033 3228 2434 3297 grederentur,
2469 3226 2535 3276 ut
2564 3222 2634 3276 ad
2660 3221 2816 3277 hunc
2837 3236 3072 3291 quoque
3109 3208 3471 3285 accederent,
3506 3220 3685 3287 atque

277 3305 362 3359 καί
394 3304 720 3367 ἐπισκόπους
764 3306 815 3361 ἐν
863 3311 929 3380 τῇ
976 3308 1136 3383 χώρᾳ
1180 3316 1583 3384 χειροτονῆσαι,
1616 3309 1705 3365 καὶ
1754 3309 1917 3378 αὐτῆς

2037 3314 2338 3383 episcopos
2370 3312 2429 3366 in
2461 3327 2529 3366 ea
2576 3310 2811 3382 regione
2860 3314 3141 3376 crearent,
3203 3324 3275 3363 ne
3304 3306 3417 3379 ipsi
3449 3305 3691 3377 quidem

273 3391 330 3449 δὲ
373 3401 477 3463 τῆς
540 3400 858 3464 Ναζιανζοῦ.
908 3397 1162 3471 Καθαίρει
1226 3398 1318 3469 μὲν
1370 3396 1460 3452 οῦν
1508 3402 1623 3470 (30)
1669 3400 1768 3467 τήν
1815 3406 1921 3452 Να-

275 3485 485 3554 ζιανζὸν
516 3490 613 3538 τοῦ
645 3485 898 3539 τοιούτου
930 3484 1095 3561 ἄγους
1128 3488 1202 3550 ὡς
1234 3487 1484 3562 τάχιστα·
1539 3486 1659 3543 λίαν
1708 3486 1766 3543 δὲ
1819 3489 1926 3542 ἱκε-

268 3573 564 3646 τευόμενος
614 3577 909 3647 προστῆναι
953 3584 1052 3646 τῆς
1098 3575 1381 3651 πατρίδος,
1439 3576 1499 3630 οὐ
1560 3574 1776 3653 δέχεται
1824 3578 1922 3645 τὴν

274 3662 583 3731 ἐπισκοπὴν
665 3662 865 3737 (μάλα
947 3666 1048 3741 γὰρ
1132 3666 1222 3721 τὸν
1310 3666 1544 3741 ἡσύχιον
1631 3664 1927 3739 μετεδίωκε

274 3751 439 3827 βίον)·
499 3750 589 3805 καί
646 3773 767 3806 τινα
823 3752 1092 3809 Εὐλάλιον
1150 3757 1251 3824 τῆς
1320 3759 1619 3823 Ναζιανζοῦ
1694 3753 1928 3827 ποιμένα

269 3842 621 3911 κατέστησεν,
682 3842 739 3896 ὃν
801 3840 956 3918 ἔσχεν
1021 3841 1150 3919 ἄγαν
1212 3844 1263 3898 έν
1319 3849 1435 3906 τοῖς
1487 3844 1720 3917 τιμίοις,
1772 3845 1928 3919 θερα-

269 3928 511 3984 πεύοντά
552 3950 611 3985 τε
666 3930 848 4002 αὐτὸν,
896 3932 985 3986 καὶ
1058 3932 1276 4009 μέτριον
1343 3935 1407 3988 τὸ
1460 3936 1592 4002 ἦθος
1630 3934 1932 4009 τυγχάνον-

270 4038 341 4073 τα
371 4019 507 4091 (31).
540 4018 715 4082 Αὐτὸς
749 4017 807 4074 δὲ
836 4019 887 4074 ἐν
919 4021 1159 4093 ἀσθενείᾳ
1204 4021 1596 4097 κρατούμενος,
1630 4021 1681 4075 έν
1714 4026 1930 4097 Ἀριαν-

278 4112 393 4176 ζοῖς
425 4106 690 4183 ἀνέψυχεν
724 4110 860 4182 (32).
1056 4172 1059 4173 ν

350 4193 692 4271 Ὁδοιπορεῖν
723 4196 821 4251 οὐκ
859 4194 936 4253 ἔτι
988 4199 1101 4261 οἷός
1144 4220 1203 4254 τε
1252 4197 1345 4271 ὢν,
1378 4197 1668 4255 ἐπέστελλε
1718 4196 1933 4270 Κληδο-

273 4284 382 4357 νίῳ
441 4284 517 4358 τῷ
575 4281 946 4362 πρεσϐυτέρῳ,
999 4287 1155 4363 ἀνδρὶ
1211 4284 1453 4343 θεοσεϐεῖ
1509 4290 1599 4343 καὶ
1646 4291 1935 4363 θεράποντι

272 4372 491 4449 γνησίῳ
550 4379 704 4447 Θεοῦ,
748 4376 837 4430 καὶ
898 4377 1100 4452 ἑτέροις
1156 4378 1318 4449 τισὶν,
1375 4376 1514 4433 ὥστε
1570 4379 1644 4451 μὴ
1707 4375 1938 4454 παραδέ-

270 4474 472 4539 χεσθαι
528 4464 621 4518 τὸν
679 4462 875 4538 λοιμὸν
924 4473 1023 4537 τῆς
1066 4466 1347 4539 αἱρέσεως,
1380 4468 1473 4530 τάς
1504 4488 1563 4521 τε
1592 4467 1937 4543 χειροτονίας

351 4607 465 4677 (20)
499 4608 580 4663 Ita
606 4608 811 4666 volunt
829 4615 1077 4668 Montac.
1112 4616 1169 4667 et
1210 4611 1308 4667 alii
1339 4612 1479 4667 edit.
1516 4611 1603 4667 Ita
1633 4613 1804 4669 codd.
1840 4630 1941 4668 no-

276 4671 410 4754 stri.
444 4671 562 4748 Or.,
596 4680 754 4754 Colb.
787 4682 844 4749 1,
872 4685 950 4751 2.,
981 4690 1067 4754 Ρ.,
1101 4701 1327 4739 necnon
1377 4688 1433 4738 et
1464 4683 1666 4740 Comb.
1709 4686 1771 4739 In
1800 4686 1940 4740 edit.
1973 4671 2020 4737 D

275 4748 555 4829 κόσμισολθ⁵
576 4752 676 4829 την
695 4748 1041 4829 συμφωνίαν.

354 4821 592 4898 (21),8ἱο
613 4821 788 4898 οριβς
813 4821 861 4882 1’.
895 4834 951 4884 et
981 4829 1108 4885 cod.
1134 4826 1301 4882 Or.In
1321 4823 1564 4898 editpol
1595 4827 1784 4882 deest:
1808 4844 1943 4883 mox

281 4893 459 4974 codd;
475 4897 628 4974 P._et
649 4895 810 4953 Colb.
847 4901 895 4967 1,
931 4900 1220 4974 παρέχοις,
1254 4914 1432 4970 quam
1460 4893 1767 4955 lectionem
1791 4899 1943 4955 indi-

285 4968 380 5020 cat
402 4963 654 5021 Montac.

358 5036 473 5177 (22)
502 5037 585 5092 Ita
613 5038 775 5095 Colb.
804 5042 827 5095 1
865 5048 920 5098 et
948 5046 1002 5111 2,
1037 5039 1125 5095 ὅτε
1157 5041 1323 5097 deest
1344 5041 1403 5095 in
1435 5041 1586 5096 edit.

380 5107 451 5160 23
503 5110 639 5164 Cod.
674 5110 768 5166 ΟΡ.
804 5110 904 5177 οτίῳ
963 5110 1207 5177 σφοδρῷ,
1251 5130 1386 5168 mox
1442 5113 1586 5167 idem

380 5107 639 5190 Cod.
674 5110 768 5166 ΟΡ.
804 5110 904 5185 οτίῳ
963 5107 1207 5190 σφοδρῷ,
1251 5130 1386 5168 mox
1442 5113 1597 5167 idem
1658 5114 1787 5169 cod.
1821 5133 1943 5166 συν-

290 5177 595 5244 εστηκότες.

503 5247 679 5330 Μόλις
738 5252 1260 5330 ἀπέλυσανᾼαῦτόν,
1311 5259 1421 5310 etc.
1472 5255 1649 5311 Nobis
1705 5256 1947 5330 Combee

289 5319 407 5400 ﬁsii
436 5319 840 5400 interpretatio
891 5327 1080 5400 magis
1111 5319 1345 5400 arridet
1360 5343 1547 5400 quam
1578 5327 1765 5383 versio
1796 5328 1947 5383 Billii

288 5392 746 5522 gelliersligtrégdit
780 5416 792 5455 :
830 5420 859 5451 «
890 5392 1024 5454 vix“
1038 5392 1405 5456 discedendi_
1429 5403 1776 5470 potestatem
1834 5400 1947 5472 ipsi

362 5536 593 5664 (25ρεἱο
624 5539 872 5598 Montac.
934 5546 993 5599 et
1045 5541 1144 5599 alii
1190 5540 1394 5597 volunt
1439 5540 1578 5623 edit.
1612 5558 1627 5598 :
1661 5542 1744 5599 sic
1778 5542 1948 5599 codd.

286 5606 411 5664 0r..
491 5653 528 5664 ..
559 5611 716 5664 Colb.
749 5614 803 5664 4.
853 5617 907 5664 2-
951 5619 1009 5664 et
1064 5614 1321 5664 Combef.
1372 5612 1438 5664 In
1489 5614 1628 5664 edit.
1686 5611 1858 5664 Αὐτὸν
1893 5611 1948 5664 δὲ

286 5677 794 5753 προκαλεσάμενος,

358 5752 479 5828 (26)
517 5752 652 5813 Cod.
715 5757 810 5814 Or.
863 5754 1168 5835 ἐγκρίτους,
1232 5756 1560 5829 νουθετήσας
1616 5753 1813 5821 αὐτοὺς
1855 5778 1950 5841 φυ-

2031 3401 2320 3457 Nazianzo
2351 3404 2675 3472 parcentes.
2717 3404 2843 3471 [pse
2889 3414 3022 3454 vero
3068 3396 3422 3452 Nazianzum
3456 3394 3692 3466 quidem

2034 3491 2144 3545 hoc
2176 3489 2405 3561 piaculo
2437 3505 2614 3559 quam
2647 3487 2949 3543 celerrime
2997 3485 3287 3557 purgavit.
3320 3488 3463 3539 Cum
3495 3487 3694 3538 autem

2037 3578 2268 3633 obnixis
2300 3577 2574 3648 precibus
2592 3581 2919 3648 rogaretur,
2954 3580 3019 3630 ut
3050 3574 3250 3646 patriae
3291 3572 3536 3629 antistes
3570 3586 3702 3626 esse

2036 3667 2228 3734 vellet,
2262 3666 2473 3721 adduci
2499 3682 2615 3720 non
2647 3664 2838 3735 potuit
2879 3667 2945 3718 ut
2975 3662 3382 3734 episcopatum
3414 3659 3706 3729 acciperet

2040 3754 2447 3827 (tranquillam
2473 3753 2626 3809 enim
2660 3740 2840 3808 vitam
2884 3752 3129 3807 miriﬁce
3181 3747 3653 3819 consectabatur)
3687 3765 3703 3816 ;

2038 3861 2242 3900 verum
2275 3842 2572 3898 Eulalium
2605 3842 3161 3913 quemdam,quem,
3191 3844 3258 3894 ut
3287 3836 3706 3906 suicultorem,

2042 3935 2529 4002 moderatumque
2561 3931 2884 3998 hominem,
2921 3927 3217 4000 imprimis
3250 3926 3497 3982 charum
3524 3924 3709 3979 habe-

2041 4024 2163 4091 bat,
2195 4021 2470 4078 Nazianzi
2497 4020 2841 4092 episcopum
2873 4017 3203 4075 constituit.
3229 4018 3359 4087 Ipse
3388 4018 3585 4069 autem
3614 4012 3708 4069 in-

2044 4111 2320 4167 ﬁrmitate
2351 4126 2595 4181 pressus
2626 4109 2860 4165 Arianzi
2896 4124 3107 4180 corpus
3139 4104 3518 4162 refocillabat.

2115 4207 2257 4255 Cum
2288 4204 2486 4254 autem
2517 4201 2642 4268 jam
2675 4199 2785 4254 iter
2816 4199 3005 4253 facere
3062 4213 3179 4251 non
3237 4194 3474 4261 valeret,
3511 4191 3713 4248 Cledo-

2049 4291 2212 4346 nium
2258 4289 2686 4361 presbyterum,
2747 4288 2937 4343 virum
2988 4288 3175 4358 pium,
3234 4299 3556 4355 verumque
3613 4282 3713 4337 Dei

2049 4376 2635 4449 cultorem,aliosque
2669 4376 2986 4431 nonnullos
3010 4391 3113 4447 per
3135 4374 3365 4430 litteras
3381 4371 3712 4441 admonuit,

2051 4485 2122 4524 ne
2153 4465 2386 4522 haeresis
2436 4470 2659 4537 pestem
2707 4465 3098 4537 susciperent,
3134 4463 3234 4519 sed
3266 4459 3716 4534 Apollinarista-

2052 4606 2265 4666 λάττειν
2298 4627 2396 4675 την
2430 4606 2775 4680 παραθήκην,

2122 4682 2235 4754 (27)
2270 4672 2716 4754 l_t_a'Montac.'_et’
2735 4676 2831 4754 alii
2862 4676 3002 4754 e_di_t.
3038 4675 3245 4732 volunt
3276 4693 3295 4731 :
3318 4674 3399 4730 ita
3431 4673 3600 4729 codd.
3623 4672 3714 4743 P.,

2050 4747 2171 4821 Orl,
2205 4747 2366 4807 Colb.
2392 4752 2419 4805 1
2455 4756 2512 4805 et
2538 4751 2592 4804 2.
2630 4750 2691 4805 In
2722 4749 2860 4805 edit.
2893 4747 3200 4817 ἐκέκτησεν.

2122 4813 2233 4896 (28)
2266 4823 2517 4896 Montac.
2547 4820 2786 4896 cui‘non
2810 4813 3144 4896 repugnant
3165 4817 3436 4896 aliinedit.
3472 4833 3486 4871 :
3521 4813 3712 4896 Forte.

2054 4886 2266 4979 inquit,
2287 4889 2853 4979 .deest‘égsm.80v1ac,
2875 4886 2991 4975 aut
3008 4886 3440 4979 ἐπεισελθόντας·
3476 4902 3612 4979 nam
3644 4886 3717 4969 de

2054 4956 2197 5025 iisin
2213 4956 2403 5039 prima
2425 4967 2495 5022 ad
2512 4956 2857 5021 Cledonium
2874 4960 3441 5037 epistolaGregorius
3464 4956 3605 5013 aitoi
3623 4958 3710 5009 νῦν

2054 5037 2392 5092 ἐπελθόντες.
2420 5036 2507 5092 vel
2541 5043 2607 5092 ut
2634 5042 2723 5092 est
2761 5038 2820 5092 in
2855 5037 3109 5092 scriptis.
3144 5029 3567 5089 ἐπεισελθόντες.

2054 5037 2392 5108 ἐπελθόντες,
2420 5037 2507 5093 vel
2541 5043 2607 5092 ut
2634 5042 2723 5093 est
2761 5038 2820 5092 in
2855 5037 3109 5108 scriptis,
3144 5037 3567 5089 ἐπεισελθόντες.

2128 5112 2241 5183 (29)
2273 5111 2367 5165 Sic
2394 5111 2655 5183 Montac.,
2674 5115 2731 5164 et
2751 5109 2860 5183 alii
2917 5109 3086 5183 editn
3115 5120 3365 5183 quorum
3399 5102 3713 5183 lectionem

2056 5172 2408 5267 conﬁrmant
2436 5182 2606 5237 codd.
2628 5181 2712 5250 P.,
2738 5180 2858 5249 Or.,
2891 5180 3086 5236 Colb.l
3109 5172 3232 5245 e't2,
3264 5176 3323 5231 in
3356 5172 3716 5245 quibusdam

2055 5255 2711 5399 ﬂpfgofclltﬂontacet
2740 5323 2837 5380 alii
2863 5323 2999 5379 edit.
3022 5326 3105 5378 lta
3139 5318 3310 5376 codd.
3342 5315 3503 5374 Colb.
3526 5316 3552 5369 1
3577 5296 3634 5371 et
3660 5316 3717 5369 2.

2062 5392 2295 5454 In'edit.
2342 5392 2431 5450 οῦν
2461 5396 2645 5451 deest.

2130 5468 2543 5543 (3i)_Mont_a_c.
2578 5466 2769 5543 etalii
2810 5464 3319 5543 edit_:5m':pxov1a_,
3398 5458 3491 5543 ita
3542 5456 3722 5543 etiam

2059 5528 2351 5611 codd.'_P.,
2373 5538 2536 5611 Colb.
2568 5539 2621 5607 1,
2650 5539 2704 5595 2.
2746 5542 2876 5595 Mox
2934 5538 3050 5595 duo
3091 5528 3447 5611 posteriores
3476 5528 3720 5598 habent,

491 5653 528 5681 .,
559 5611 716 5684 Colb.
749 5614 803 5679 1,
853 5617 908 5684 2,
951 5619 1009 5669 et
1064 5614 1321 5670 Combef.
1372 5612 1438 5668 In
1489 5613 1628 5668 edit.
1686 5611 1917 5670 Αὐτὸνδ

2059 5611 2221 5675 αὐτὸς
2245 5608 2301 5665 δὲ
2332 5608 2593 5684 ἀσθενείᾳ.

2130 5685 2243 5755 (32)
2275 5686 2413 5742 Cod.
2443 5687 2507 5738 P.
2538 5678 2819 5758 ἀνέψυξεν.
