  <div class='ocr_page' id='page_1' title='image "/cluster/home/n/w/nwhite01/storage/ocr_20150623/35:no.1/coo.31924054869320/157.png"; bbox 0 0 4100 6402; ppageno 0'>
   <div class='ocr_carea' id='block_1_1' title="bbox 433 432 551 491">
    <p class='ocr_par' dir='ltr' id='par_1_1' title="bbox 433 432 551 491">
     <span class='ocr_line' id='line_1_1' title="bbox 433 432 551 491; baseline -0.034 1"><span class='ocrx_word' id='word_1_1' title='bbox 433 432 551 491; x_wconf 84' lang='grc'>303</span> 
     </span>
    </p>
   </div>
   <div class='ocr_carea' id='block_1_2' title="bbox 1569 416 2717 485">
    <p class='ocr_par' dir='ltr' id='par_1_2' title="bbox 1569 416 2717 485">
     <span class='ocr_line' id='line_1_2' title="bbox 1569 416 2717 485; baseline -0.005 0"><span class='ocrx_word' id='word_1_2' title='bbox 1569 422 1753 485; x_wconf 82' lang='lat' dir='ltr'>VITA</span> <span class='ocrx_word' id='word_1_3' title='bbox 1796 424 1859 481; x_wconf 91' lang='lat' dir='ltr'>S.</span> <span class='ocrx_word' id='word_1_4' title='bbox 1910 416 2274 480; x_wconf 79' lang='lat' dir='ltr'>GREGORII</span> <span class='ocrx_word' id='word_1_5' title='bbox 2321 416 2717 479; x_wconf 70' lang='lat' dir='ltr'>THEOIDGI</span> 
     </span>
    </p>
   </div>
   <div class='ocr_carea' id='block_1_3' title="bbox 3738 421 3861 480">
    <p class='ocr_par' dir='ltr' id='par_1_3' title="bbox 3738 421 3861 480">
     <span class='ocr_line' id='line_1_3' title="bbox 3738 421 3861 480; baseline 0.008 -2"><span class='ocrx_word' id='word_1_6' title='bbox 3738 421 3861 480; x_wconf 72' lang='lat'>304</span> 
     </span>
    </p>
   </div>
   <div class='ocr_carea' id='block_1_4' title="bbox 439 550 2079 630">
    <p class='ocr_par' dir='ltr' id='par_1_4' title="bbox 439 553 2079 625">
     <span class='ocr_line' id='line_1_4' title="bbox 439 553 2079 625; baseline -0.006 -7"><span class='ocrx_word' id='word_1_7' title='bbox 439 579 569 618; x_wconf 90' lang='lat' dir='ltr'>rum</span> <span class='ocrx_word' id='word_1_8' title='bbox 603 560 1104 625; x_wconf 76' lang='lat' dir='ltr'>ordinationes,ut</span> <span class='ocrx_word' id='word_1_9' title='bbox 1126 558 1378 615; x_wconf 82' lang='lat' dir='ltr'>nefarias</span> <span class='ocrx_word' id='word_1_10' title='bbox 1408 561 1466 614; x_wconf 88' lang='lat' dir='ltr'>et</span> <span class='ocrx_word' id='word_1_11' title='bbox 1494 558 1566 614; x_wconf 84' lang='lat' dir='ltr'>ab</span> <span class='ocrx_word' id='word_1_12' title='bbox 1600 556 1855 613; x_wconf 75' lang='lat' dir='ltr'>Ecclesia</span> <span class='ocrx_word' id='word_1_13' title='bbox 1875 553 2079 610; x_wconf 89' lang='lat' dir='ltr'>Catho-</span> 
     </span>
    </p>
   </div>
   <div class='ocr_carea' id='block_1_5' title="bbox 2196 550 3857 630">
    <p class='ocr_par' dir='ltr' id='par_1_5' title="bbox 2199 550 3857 630">
     <span class='ocr_line' id='line_1_5' title="bbox 2199 550 3857 630; baseline 0.004 -25"><span class='ocrx_word' id='word_1_14' title='bbox 2199 550 2403 607; x_wconf 76' lang='grc' dir='ltr'>ἀθετεῖν</span> <span class='ocrx_word' id='word_1_15' title='bbox 2449 557 2555 609; x_wconf 86' lang='grc' dir='ltr'>τῶν</span> <span class='ocrx_word' id='word_1_16' title='bbox 2608 552 3129 630; x_wconf 84' lang='grc' dir='ltr'>Ἀπολλιναριστῶν,</span> <span class='ocrx_word' id='word_1_17' title='bbox 3178 552 3255 615; x_wconf 88' lang='grc' dir='ltr'>ὡς</span> <span class='ocrx_word' id='word_1_18' title='bbox 3301 553 3567 625; x_wconf 77' lang='grc' dir='ltr'>ἀθέσμους</span> <span class='ocrx_word' id='word_1_19' title='bbox 3615 554 3705 609; x_wconf 83' lang='grc' dir='ltr'>καὶ</span> <span class='ocrx_word' id='word_1_20' title='bbox 3756 554 3857 611; x_wconf 86' lang='grc' dir='ltr'>ἀλ-</span> 
     </span>
    </p>
   </div>
   <div class='ocr_carea' id='block_1_6' title="bbox 438 643 2093 722">
    <p class='ocr_par' dir='ltr' id='par_1_6' title="bbox 438 643 2093 722">
     <span class='ocr_line' id='line_1_6' title="bbox 438 643 2093 722; baseline -0.005 -15"><span class='ocrx_word' id='word_1_21' title='bbox 438 652 552 707; x_wconf 86' lang='lat' dir='ltr'>lica</span> <span class='ocrx_word' id='word_1_22' title='bbox 583 651 826 717; x_wconf 88' lang='lat' dir='ltr'>alienas,</span> <span class='ocrx_word' id='word_1_23' title='bbox 859 667 963 722; x_wconf 91' lang='lat' dir='ltr'>pro</span> <span class='ocrx_word' id='word_1_24' title='bbox 994 650 1177 704; x_wconf 84' lang='lat' dir='ltr'>irritis</span> <span class='ocrx_word' id='word_1_25' title='bbox 1226 648 1526 703; x_wconf 90' lang='lat' dir='ltr'>haberent.</span> <span class='ocrx_word' id='word_1_26' title='bbox 1584 646 1699 701; x_wconf 88' lang='lat' dir='ltr'>Nec</span> <span class='ocrx_word' id='word_1_27' title='bbox 1755 662 1888 700; x_wconf 84' lang='lat' dir='ltr'>vero</span> <span class='ocrx_word' id='word_1_28' title='bbox 1949 643 2093 699; x_wconf 81' lang='lat' dir='ltr'>satis</span> 
     </span>
    </p>
   </div>
   <div class='ocr_carea' id='block_1_7' title="bbox 438 730 2091 807">
    <p class='ocr_par' dir='ltr' id='par_1_7' title="bbox 438 730 2091 807">
     <span class='ocr_line' id='line_1_7' title="bbox 438 730 2091 807; baseline -0.005 -12"><span class='ocrx_word' id='word_1_29' title='bbox 438 739 693 795; x_wconf 86' lang='lat' dir='ltr'>habebat</span> <span class='ocrx_word' id='word_1_30' title='bbox 722 740 882 793; x_wconf 80' lang='lat' dir='ltr'>nuda</span> <span class='ocrx_word' id='word_1_31' title='bbox 911 742 967 792; x_wconf 91' lang='lat' dir='ltr'>et</span> <span class='ocrx_word' id='word_1_32' title='bbox 998 736 1252 807; x_wconf 78' lang='lat' dir='ltr'>simplici</span> <span class='ocrx_word' id='word_1_33' title='bbox 1285 732 1708 789; x_wconf 84' lang='lat' dir='ltr'>contestatione</span> <span class='ocrx_word' id='word_1_34' title='bbox 1738 732 1809 787; x_wconf 91' lang='lat' dir='ltr'>ad</span> <span class='ocrx_word' id='word_1_35' title='bbox 1840 748 1939 786; x_wconf 89' lang='lat' dir='ltr'>eos</span> <span class='ocrx_word' id='word_1_36' title='bbox 1972 730 2091 786; x_wconf 90' lang='lat' dir='ltr'>uti:</span> 
     </span>
    </p>
   </div>
   <div class='ocr_carea' id='block_1_8' title="bbox 435 820 2093 899">
    <p class='ocr_par' dir='ltr' id='par_1_8' title="bbox 435 820 2093 899">
     <span class='ocr_line' id='line_1_8' title="bbox 435 820 2093 899; baseline -0.005 -16"><span class='ocrx_word' id='word_1_37' title='bbox 435 844 636 884; x_wconf 88' lang='lat' dir='ltr'>verum</span> <span class='ocrx_word' id='word_1_38' title='bbox 659 826 890 899; x_wconf 83' lang='lat' dir='ltr'>plenius</span> <span class='ocrx_word' id='word_1_39' title='bbox 922 826 1279 896; x_wconf 83' lang='lat' dir='ltr'>uberiusque</span> <span class='ocrx_word' id='word_1_40' title='bbox 1309 823 1619 890; x_wconf 79' lang='lat' dir='ltr'>scribebat,</span> <span class='ocrx_word' id='word_1_41' title='bbox 1650 820 1887 894; x_wconf 87' lang='lat' dir='ltr'>singula</span> <span class='ocrx_word' id='word_1_42' title='bbox 1924 821 2093 875; x_wconf 89' lang='lat' dir='ltr'>abor-</span> 
     </span>
    </p>
   </div>
   <div class='ocr_carea' id='block_1_9' title="bbox 438 911 2093 988">
    <p class='ocr_par' dir='ltr' id='par_1_9' title="bbox 438 911 2093 988">
     <span class='ocr_line' id='line_1_9' title="bbox 438 911 2093 988; baseline -0.005 -15"><span class='ocrx_word' id='word_1_43' title='bbox 438 919 568 974; x_wconf 61' lang='grc' dir='ltr'>τίνω</span> <span class='ocrx_word' id='word_1_44' title='bbox 588 914 929 988; x_wconf 90' lang='lat' dir='ltr'>Apollinarii</span> <span class='ocrx_word' id='word_1_45' title='bbox 963 913 1202 970; x_wconf 65' lang='lat' dir='ltr'>haeresis</span> <span class='ocrx_word' id='word_1_46' title='bbox 1244 912 1679 983; x_wconf 77' lang='lat' dir='ltr'>impietatisque</span> <span class='ocrx_word' id='word_1_47' title='bbox 1711 911 1902 981; x_wconf 89' lang='lat' dir='ltr'>capita</span> <span class='ocrx_word' id='word_1_48' title='bbox 1930 925 2093 965; x_wconf 86' lang='lat' dir='ltr'>ever-</span> 
     </span>
    </p>
   </div>
   <div class='ocr_carea' id='block_1_10' title="bbox 435 999 2093 1075">
    <p class='ocr_par' dir='ltr' id='par_1_10' title="bbox 435 999 2093 1075">
     <span class='ocr_line' id='line_1_10' title="bbox 435 999 2093 1075; baseline -0.004 -16"><span class='ocrx_word' id='word_1_49' title='bbox 435 1000 1636 1075; x_wconf 87' lang='lat' dir='ltr'>tensatqueopprimens,quemadmodum</span> <span class='ocrx_word' id='word_1_50' title='bbox 1651 999 1874 1071; x_wconf 90' lang='lat' dir='ltr'>liquido</span> <span class='ocrx_word' id='word_1_51' title='bbox 1896 1003 2093 1054; x_wconf 89' lang='lat' dir='ltr'>osten-</span> 
     </span>
    </p>
   </div>
   <div class='ocr_carea' id='block_1_11' title="bbox 438 1088 2091 1161">
    <p class='ocr_par' dir='ltr' id='par_1_11' title="bbox 438 1088 2091 1161">
     <span class='ocr_line' id='line_1_11' title="bbox 438 1088 2091 1161; baseline -0.005 -11"><span class='ocrx_word' id='word_1_52' title='bbox 438 1094 587 1150; x_wconf 89' lang='lat' dir='ltr'>dunt</span> <span class='ocrx_word' id='word_1_53' title='bbox 615 1096 743 1147; x_wconf 88' lang='lat' dir='ltr'>tum</span> <span class='ocrx_word' id='word_1_54' title='bbox 790 1093 917 1146; x_wconf 75' lang='lat' dir='ltr'>duae</span> <span class='ocrx_word' id='word_1_55' title='bbox 969 1090 1078 1145; x_wconf 65' lang='lat' dir='ltr'>illa:</span> <span class='ocrx_word' id='word_1_56' title='bbox 1137 1090 1209 1146; x_wconf 92' lang='lat' dir='ltr'>ad</span> <span class='ocrx_word' id='word_1_57' title='bbox 1257 1089 1600 1145; x_wconf 86' lang='lat' dir='ltr'>Cledonium</span> <span class='ocrx_word' id='word_1_58' title='bbox 1650 1088 1930 1161; x_wconf 62' lang='lat' dir='ltr'>epistolae,</span> <span class='ocrx_word' id='word_1_59' title='bbox 1965 1092 2091 1143; x_wconf 87' lang='lat' dir='ltr'>tum</span> 
     </span>
    </p>
   </div>
   <div class='ocr_carea' id='block_1_12' title="bbox 436 1176 2093 1254">
    <p class='ocr_par' dir='ltr' id='par_1_12' title="bbox 436 1176 2093 1254">
     <span class='ocr_line' id='line_1_12' title="bbox 436 1176 2093 1254; baseline -0.004 -17"><span class='ocrx_word' id='word_1_60' title='bbox 436 1181 725 1254; x_wconf 69' lang='lat' dir='ltr'>praecipue</span> <span class='ocrx_word' id='word_1_61' title='bbox 744 1184 1028 1235; x_wconf 88' lang='lat' dir='ltr'>tractatus</span> <span class='ocrx_word' id='word_1_62' title='bbox 1081 1178 1311 1251; x_wconf 88' lang='lat' dir='ltr'>poetici,</span> <span class='ocrx_word' id='word_1_63' title='bbox 1345 1195 1493 1249; x_wconf 90' lang='lat' dir='ltr'>quos</span> <span class='ocrx_word' id='word_1_64' title='bbox 1524 1177 1783 1250; x_wconf 86' lang='lat' dir='ltr'>reliquit.</span> <span class='ocrx_word' id='word_1_65' title='bbox 1827 1177 2001 1233; x_wconf 89' lang='lat' dir='ltr'>Porro</span> <span class='ocrx_word' id='word_1_66' title='bbox 2032 1176 2093 1231; x_wconf 88' lang='lat' dir='ltr'>in</span> 
     </span>
    </p>
   </div>
   <div class='ocr_carea' id='block_1_13' title="bbox 434 1266 2093 1341">
    <p class='ocr_par' dir='ltr' id='par_1_13' title="bbox 434 1266 2093 1341">
     <span class='ocr_line' id='line_1_13' title="bbox 434 1266 2093 1341; baseline -0.003 -15"><span class='ocrx_word' id='word_1_67' title='bbox 434 1270 673 1341; x_wconf 83' lang='lat' dir='ltr'>poeticis</span> <span class='ocrx_word' id='word_1_68' title='bbox 704 1267 1234 1338; x_wconf 87' lang='lat' dir='ltr'>lucubrationibus,</span> <span class='ocrx_word' id='word_1_69' title='bbox 1253 1284 1502 1338; x_wconf 88' lang='lat' dir='ltr'>quarum</span> <span class='ocrx_word' id='word_1_70' title='bbox 1516 1267 1691 1323; x_wconf 88' lang='lat' dir='ltr'>etiam</span> <span class='ocrx_word' id='word_1_71' title='bbox 1725 1272 1858 1323; x_wconf 87' lang='lat' dir='ltr'>ante</span> <span class='ocrx_word' id='word_1_72' title='bbox 1880 1266 2093 1321; x_wconf 87' lang='lat' dir='ltr'>memi-</span> 
     </span>
    </p>
   </div>
   <div class='ocr_carea' id='block_1_14' title="bbox 437 1355 2092 1429">
    <p class='ocr_par' dir='ltr' id='par_1_14' title="bbox 437 1355 2092 1429">
     <span class='ocr_line' id='line_1_14' title="bbox 437 1355 2092 1429; baseline -0.002 -15"><span class='ocrx_word' id='word_1_73' title='bbox 437 1359 518 1429; x_wconf 89' lang='lat' dir='ltr'>ni,</span> <span class='ocrx_word' id='word_1_74' title='bbox 552 1358 768 1429; x_wconf 87' lang='lat' dir='ltr'>duplex</span> <span class='ocrx_word' id='word_1_75' title='bbox 816 1357 898 1411; x_wconf 89' lang='lat' dir='ltr'>illi</span> <span class='ocrx_word' id='word_1_76' title='bbox 958 1373 1171 1428; x_wconf 88' lang='lat' dir='ltr'>scopus</span> <span class='ocrx_word' id='word_1_77' title='bbox 1230 1356 1566 1428; x_wconf 86' lang='lat' dir='ltr'>propositus</span> <span class='ocrx_word' id='word_1_78' title='bbox 1598 1361 1722 1413; x_wconf 89' lang='lat' dir='ltr'>erat</span> <span class='ocrx_word' id='word_1_79' title='bbox 1764 1355 1975 1423; x_wconf 85' lang='lat' dir='ltr'>:alter,</span> <span class='ocrx_word' id='word_1_80' title='bbox 2027 1359 2092 1410; x_wconf 88' lang='lat' dir='ltr'>ut</span> 
     </span>
    </p>
   </div>
   <div class='ocr_carea' id='block_1_15' title="bbox 433 1444 2089 1519">
    <p class='ocr_par' dir='ltr' id='par_1_15' title="bbox 433 1444 2089 1519">
     <span class='ocr_line' id='line_1_15' title="bbox 433 1444 2089 1519; baseline -0.001 -18"><span class='ocrx_word' id='word_1_81' title='bbox 433 1448 679 1519; x_wconf 84' lang='lat' dir='ltr'>impiam</span> <span class='ocrx_word' id='word_1_82' title='bbox 719 1446 953 1518; x_wconf 85' lang='lat' dir='ltr'>tyranni</span> <span class='ocrx_word' id='word_1_83' title='bbox 982 1445 1201 1501; x_wconf 88' lang='lat' dir='ltr'>Juliani</span> <span class='ocrx_word' id='word_1_84' title='bbox 1245 1445 1456 1517; x_wconf 85' lang='lat' dir='ltr'>legem,</span> <span class='ocrx_word' id='word_1_85' title='bbox 1488 1447 1635 1515; x_wconf 75' lang='lat' dir='ltr'>&#39;qua</span> <span class='ocrx_word' id='word_1_86' title='bbox 1684 1444 1999 1500; x_wconf 87' lang='lat' dir='ltr'>Christiani</span> <span class='ocrx_word' id='word_1_87' title='bbox 2055 1461 2089 1499; x_wconf 91' lang='lat' dir='ltr'>a</span> 
     </span>
    </p>
   </div>
   <div class='ocr_carea' id='block_1_16' title="bbox 434 1534 2087 1609">
    <p class='ocr_par' dir='ltr' id='par_1_16' title="bbox 434 1534 2087 1609">
     <span class='ocr_line' id='line_1_16' title="bbox 434 1534 2087 1609; baseline -0.002 -18"><span class='ocrx_word' id='word_1_88' title='bbox 434 1536 695 1609; x_wconf 80' lang='lat' dir='ltr'>profanis</span> <span class='ocrx_word' id='word_1_89' title='bbox 725 1535 1053 1606; x_wconf 88' lang='lat' dir='ltr'>disciplinis</span> <span class='ocrx_word' id='word_1_90' title='bbox 1084 1534 1454 1601; x_wconf 86' lang='lat' dir='ltr'>arcebantur,</span> <span class='ocrx_word' id='word_1_91' title='bbox 1480 1534 1761 1605; x_wconf 88' lang='lat' dir='ltr'>puerilem</span> <span class='ocrx_word' id='word_1_92' title='bbox 1795 1540 1969 1606; x_wconf 90' lang='lat' dir='ltr'>atque</span> <span class='ocrx_word' id='word_1_93' title='bbox 1999 1535 2087 1589; x_wconf 86' lang='lat' dir='ltr'>in-</span> 
     </span>
    </p>
   </div>
   <div class='ocr_carea' id='block_1_17' title="bbox 435 1624 2089 1693">
    <p class='ocr_par' dir='ltr' id='par_1_17' title="bbox 435 1624 2089 1693">
     <span class='ocr_line' id='line_1_17' title="bbox 435 1624 2089 1693; baseline -0.002 -13"><span class='ocrx_word' id='word_1_94' title='bbox 435 1626 669 1680; x_wconf 76' lang='lat' dir='ltr'>firmam</span> <span class='ocrx_word' id='word_1_95' title='bbox 692 1631 749 1679; x_wconf 91' lang='lat' dir='ltr'>et</span> <span class='ocrx_word' id='word_1_96' title='bbox 771 1624 1078 1679; x_wconf 86' lang='lat' dir='ltr'>ridiculam</span> <span class='ocrx_word' id='word_1_97' title='bbox 1093 1641 1220 1679; x_wconf 88' lang='lat' dir='ltr'>esse</span> <span class='ocrx_word' id='word_1_98' title='bbox 1233 1625 1567 1679; x_wconf 88' lang='lat' dir='ltr'>ostenderet</span> <span class='ocrx_word' id='word_1_99' title='bbox 1593 1642 1606 1679; x_wconf 93' lang='lat'><strong>:</strong></span> <span class='ocrx_word' id='word_1_100' title='bbox 1641 1624 2089 1693; x_wconf 85' lang='lat' dir='ltr'>alter,quoniam</span> 
     </span>
    </p>
   </div>
   <div class='ocr_carea' id='block_1_18' title="bbox 434 1712 2086 1785">
    <p class='ocr_par' dir='ltr' id='par_1_18' title="bbox 434 1712 2086 1785">
     <span class='ocr_line' id='line_1_18' title="bbox 434 1712 2086 1785; baseline 0.001 -17"><span class='ocrx_word' id='word_1_101' title='bbox 434 1714 867 1785; x_wconf 85' lang='lat' dir='ltr'>Apollinarium</span> <span class='ocrx_word' id='word_1_102' title='bbox 885 1713 1101 1768; x_wconf 86' lang='lat' dir='ltr'>multos</span> <span class='ocrx_word' id='word_1_103' title='bbox 1132 1712 1313 1768; x_wconf 89' lang='lat' dir='ltr'>libros</span> <span class='ocrx_word' id='word_1_104' title='bbox 1343 1712 1518 1768; x_wconf 88' lang='lat' dir='ltr'>variis</span> <span class='ocrx_word' id='word_1_105' title='bbox 1550 1714 1881 1768; x_wconf 86' lang='lat' dir='ltr'>carminum</span> <span class='ocrx_word' id='word_1_106' title='bbox 1912 1729 2086 1785; x_wconf 89' lang='lat' dir='ltr'>gene-</span> 
     </span>
    </p>
   </div>
   <div class='ocr_carea' id='block_1_19' title="bbox 437 1802 2085 1874">
    <p class='ocr_par' dir='ltr' id='par_1_19' title="bbox 437 1802 2085 1874">
     <span class='ocr_line' id='line_1_19' title="bbox 437 1802 2085 1874; baseline 0.001 -17"><span class='ocrx_word' id='word_1_107' title='bbox 437 1803 601 1858; x_wconf 87' lang='lat' dir='ltr'>ribus</span> <span class='ocrx_word' id='word_1_108' title='bbox 629 1803 904 1866; x_wconf 81' lang='lat' dir='ltr'>texuisse,</span> <span class='ocrx_word' id='word_1_109' title='bbox 939 1802 1150 1873; x_wconf 85' lang='lat' dir='ltr'>iisque,</span> <span class='ocrx_word' id='word_1_110' title='bbox 1197 1807 1396 1874; x_wconf 84' lang='lat' dir='ltr'>utpote</span> <span class='ocrx_word' id='word_1_111' title='bbox 1424 1802 1717 1859; x_wconf 89' lang='lat' dir='ltr'>eruditum</span> <span class='ocrx_word' id='word_1_112' title='bbox 1764 1803 2085 1871; x_wconf 90' lang='lat' dir='ltr'>hominem,</span> 
     </span>
    </p>
   </div>
   <div class='ocr_carea' id='block_1_20' title="bbox 437 1890 2086 1964">
    <p class='ocr_par' dir='ltr' id='par_1_20' title="bbox 437 1890 2086 1964">
     <span class='ocr_line' id='line_1_20' title="bbox 437 1890 2086 1964; baseline 0 -17"><span class='ocrx_word' id='word_1_113' title='bbox 437 1890 785 1964; x_wconf 88' lang='lat' dir='ltr'>dicendique</span> <span class='ocrx_word' id='word_1_114' title='bbox 814 1890 1089 1945; x_wconf 84' lang='lat' dir='ltr'>facultate</span> <span class='ocrx_word' id='word_1_115' title='bbox 1112 1894 1510 1962; x_wconf 64' lang='lat' dir='ltr'>prastantem,</span> <span class='ocrx_word' id='word_1_116' title='bbox 1545 1892 1762 1946; x_wconf 91' lang='lat' dir='ltr'>multos</span> <span class='ocrx_word' id='word_1_117' title='bbox 1796 1892 1868 1946; x_wconf 94' lang='lat' dir='ltr'>ad</span> <span class='ocrx_word' id='word_1_118' title='bbox 1900 1893 2086 1947; x_wconf 71' lang='lat' dir='ltr'>haere-</span> 
     </span>
    </p>
   </div>
   <div class='ocr_carea' id='block_1_21' title="bbox 2204 639 3856 722">
    <p class='ocr_par' dir='ltr' id='par_1_21' title="bbox 2204 639 3856 722">
     <span class='ocr_line' id='line_1_21' title="bbox 2204 639 3856 722; baseline 0.002 -26"><span class='ocrx_word' id='word_1_119' title='bbox 2204 639 2424 716; x_wconf 90' lang='grc' dir='ltr'>λοτρίας</span> <span class='ocrx_word' id='word_1_120' title='bbox 2455 650 2556 712; x_wconf 89' lang='grc' dir='ltr'>τῆς</span> <span class='ocrx_word' id='word_1_121' title='bbox 2586 644 2886 714; x_wconf 87' lang='grc' dir='ltr'>καθολικῆς</span> <span class='ocrx_word' id='word_1_122' title='bbox 2911 643 3261 713; x_wconf 87' lang='grc' dir='ltr'>Ἐκκλησίας.</span> <span class='ocrx_word' id='word_1_123' title='bbox 3295 641 3436 713; x_wconf 82' lang='grc' dir='ltr'>Ἤδη</span> <span class='ocrx_word' id='word_1_124' title='bbox 3473 641 3531 698; x_wconf 74' lang='grc' dir='ltr'>δέ</span> <span class='ocrx_word' id='word_1_125' title='bbox 3572 645 3634 699; x_wconf 82' lang='grc' dir='ltr'>οὐ</span> <span class='ocrx_word' id='word_1_126' title='bbox 3690 646 3856 722; x_wconf 80' lang='grc' dir='ltr'>μέχρι</span> 
     </span>
    </p>
   </div>
   <div class='ocr_carea' id='block_1_22' title="bbox 2200 730 3858 809">
    <p class='ocr_par' dir='ltr' id='par_1_22' title="bbox 2200 730 3858 809">
     <span class='ocr_line' id='line_1_22' title="bbox 2200 730 3858 809; baseline 0.002 -25"><span class='ocrx_word' id='word_1_127' title='bbox 2200 736 2297 785; x_wconf 80' lang='grc' dir='ltr'>τοῦ</span> <span class='ocrx_word' id='word_1_128' title='bbox 2345 730 2485 805; x_wconf 76' lang='grc' dir='ltr'>ψιλῇ</span> <span class='ocrx_word' id='word_1_129' title='bbox 2540 730 2903 809; x_wconf 78' lang='grc' dir='ltr'>διαμαρτυρίᾳ</span> <span class='ocrx_word' id='word_1_130' title='bbox 2949 733 3086 808; x_wconf 86' lang='grc' dir='ltr'>πρὸς</span> <span class='ocrx_word' id='word_1_131' title='bbox 3118 730 3315 794; x_wconf 78' lang='grc' dir='ltr'>αὐτοὺς</span> <span class='ocrx_word' id='word_1_132' title='bbox 3346 735 3677 807; x_wconf 76' lang='grc' dir='ltr'>χρήσασθαι,</span> <span class='ocrx_word' id='word_1_133' title='bbox 3712 734 3858 790; x_wconf 85' lang='grc' dir='ltr'>ἀλλά</span> 
     </span>
    </p>
   </div>
   <div class='ocr_carea' id='block_1_23' title="bbox 2202 814 3858 899">
    <p class='ocr_par' dir='ltr' id='par_1_23' title="bbox 2202 814 3858 899">
     <span class='ocr_line' id='line_1_23' title="bbox 2202 814 3858 899; baseline 0.002 -24"><span class='ocrx_word' id='word_1_134' title='bbox 2202 821 2291 875; x_wconf 85' lang='grc' dir='ltr'>καὶ</span> <span class='ocrx_word' id='word_1_135' title='bbox 2342 819 2780 897; x_wconf 83' lang='grc' dir='ltr'>διεξοδικώτερον</span> <span class='ocrx_word' id='word_1_136' title='bbox 2847 820 3068 899; x_wconf 79' lang='grc' dir='ltr'>ἔγραφε,</span> <span class='ocrx_word' id='word_1_137' title='bbox 3116 822 3233 876; x_wconf 87' lang='grc' dir='ltr'>καθ’</span> <span class='ocrx_word' id='word_1_138' title='bbox 3278 814 3339 876; x_wconf 77' lang='grc' dir='ltr'>ἓν</span> <span class='ocrx_word' id='word_1_139' title='bbox 3408 821 3720 898; x_wconf 75' lang='grc' dir='ltr'>ἀνατρέπων</span> <span class='ocrx_word' id='word_1_140' title='bbox 3790 824 3858 879; x_wconf 74' lang='grc' dir='ltr'>τὰ</span> 
     </span>
    </p>
   </div>
   <div class='ocr_carea' id='block_1_24' title="bbox 2199 906 3856 984">
    <p class='ocr_par' dir='ltr' id='par_1_24' title="bbox 2199 906 3856 984">
     <span class='ocr_line' id='line_1_24' title="bbox 2199 906 3856 984; baseline 0.002 -19"><span class='ocrx_word' id='word_1_141' title='bbox 2199 916 2300 979; x_wconf 85' lang='grc' dir='ltr'>τῆς</span> <span class='ocrx_word' id='word_1_142' title='bbox 2358 906 2599 966; x_wconf 78' lang='grc' dir='ltr'>ἀσεϐείας</span> <span class='ocrx_word' id='word_1_143' title='bbox 2656 909 3080 984; x_wconf 86' lang='grc' dir='ltr'>Ἀπολλιναρίου</span> <span class='ocrx_word' id='word_1_144' title='bbox 3135 907 3506 984; x_wconf 75' lang='grc' dir='ltr'>ἀμϐλώματα.</span> <span class='ocrx_word' id='word_1_145' title='bbox 3566 917 3737 967; x_wconf 76' lang='grc' dir='ltr'>Τοῦτο</span> <span class='ocrx_word' id='word_1_146' title='bbox 3798 910 3856 969; x_wconf 72' lang='grc' dir='ltr'>δέ</span> 
     </span>
    </p>
   </div>
   <div class='ocr_carea' id='block_1_25' title="bbox 2204 996 3856 1078">
    <p class='ocr_par' dir='ltr' id='par_1_25' title="bbox 2204 996 3856 1078">
     <span class='ocr_line' id='line_1_25' title="bbox 2204 996 3856 1078; baseline 0.003 -25"><span class='ocrx_word' id='word_1_147' title='bbox 2204 996 2503 1054; x_wconf 80' lang='grc' dir='ltr'>δεικνύουσι</span> <span class='ocrx_word' id='word_1_148' title='bbox 2537 1005 2721 1078; x_wconf 76' lang='grc' dir='ltr'>σαφῶς</span> <span class='ocrx_word' id='word_1_149' title='bbox 2750 998 2805 1054; x_wconf 64' lang='grc' dir='ltr'>α’ί</span> <span class='ocrx_word' id='word_1_150' title='bbox 2860 1022 2919 1055; x_wconf 89' lang='grc' dir='ltr'>τε</span> <span class='ocrx_word' id='word_1_151' title='bbox 2964 1000 3101 1076; x_wconf 85' lang='grc' dir='ltr'>πρὸς</span> <span class='ocrx_word' id='word_1_152' title='bbox 3153 997 3450 1066; x_wconf 82' lang='grc' dir='ltr'>Κληδόνιον</span> <span class='ocrx_word' id='word_1_153' title='bbox 3498 998 3593 1056; x_wconf 82' lang='grc' dir='ltr'>δύο</span> <span class='ocrx_word' id='word_1_154' title='bbox 3644 1001 3856 1058; x_wconf 83' lang='grc' dir='ltr'>ἐπιστο-</span> 
     </span>
    </p>
   </div>
   <div class='ocr_carea' id='block_1_26' title="bbox 2203 1086 3854 1164">
    <p class='ocr_par' dir='ltr' id='par_1_26' title="bbox 2203 1086 3854 1164">
     <span class='ocr_line' id='line_1_26' title="bbox 2203 1086 3854 1164; baseline 0.002 -20"><span class='ocrx_word' id='word_1_155' title='bbox 2203 1087 2316 1155; x_wconf 82' lang='grc' dir='ltr'>λαὶ,</span> <span class='ocrx_word' id='word_1_156' title='bbox 2349 1088 2460 1164; x_wconf 83' lang='grc' dir='ltr'>οὐχ</span> <span class='ocrx_word' id='word_1_157' title='bbox 2489 1087 2684 1158; x_wconf 75' lang='grc' dir='ltr'>ἥκιστα</span> <span class='ocrx_word' id='word_1_158' title='bbox 2718 1087 2774 1144; x_wconf 79' lang='grc' dir='ltr'>δὲ</span> <span class='ocrx_word' id='word_1_159' title='bbox 2802 1090 2890 1143; x_wconf 87' lang='grc' dir='ltr'>καὶ</span> <span class='ocrx_word' id='word_1_160' title='bbox 2923 1090 2975 1143; x_wconf 78' lang='grc' dir='ltr'>οἱ</span> <span class='ocrx_word' id='word_1_161' title='bbox 3022 1086 3284 1162; x_wconf 79' lang='grc' dir='ltr'>ἕμμετροι</span> <span class='ocrx_word' id='word_1_162' title='bbox 3335 1086 3518 1164; x_wconf 91' lang='grc' dir='ltr'>λόγοι,</span> <span class='ocrx_word' id='word_1_163' title='bbox 3551 1090 3646 1153; x_wconf 81' lang='grc' dir='ltr'>οὓς</span> <span class='ocrx_word' id='word_1_164' title='bbox 3692 1113 3854 1148; x_wconf 88' lang='grc' dir='ltr'>κατα-</span> 
     </span>
    </p>
   </div>
   <div class='ocr_carea' id='block_1_27' title="bbox 2203 1175 3851 1255">
    <p class='ocr_par' dir='ltr' id='par_1_27' title="bbox 2203 1175 3851 1255">
     <span class='ocr_line' id='line_1_27' title="bbox 2203 1175 3851 1255; baseline 0.002 -23"><span class='ocrx_word' id='word_1_165' title='bbox 2203 1175 2430 1232; x_wconf 79' lang='grc' dir='ltr'>λέλοιπε</span> <span class='ocrx_word' id='word_1_166' title='bbox 2479 1180 2612 1252; x_wconf 90' lang='lat'>(33).</span> <span class='ocrx_word' id='word_1_167' title='bbox 2664 1180 2795 1255; x_wconf 86' lang='grc' dir='ltr'>Περὶ</span> <span class='ocrx_word' id='word_1_168' title='bbox 2841 1176 2898 1233; x_wconf 67' lang='grc' dir='ltr'>δὲ</span> <span class='ocrx_word' id='word_1_169' title='bbox 2943 1183 3052 1233; x_wconf 82' lang='grc' dir='ltr'>τῶν</span> <span class='ocrx_word' id='word_1_170' title='bbox 3100 1178 3405 1253; x_wconf 79' lang='grc' dir='ltr'>ἐμμέτρων,</span> <span class='ocrx_word' id='word_1_171' title='bbox 3438 1180 3512 1233; x_wconf 85' lang='grc' dir='ltr'>ὧν</span> <span class='ocrx_word' id='word_1_172' title='bbox 3574 1179 3851 1252; x_wconf 78' lang='grc' dir='ltr'>ἐμνήσθην</span> 
     </span>
    </p>
   </div>
   <div class='ocr_carea' id='block_1_28' title="bbox 2199 1265 3855 1344">
    <p class='ocr_par' dir='ltr' id='par_1_28' title="bbox 2199 1265 3855 1344">
     <span class='ocr_line' id='line_1_28' title="bbox 2199 1265 3855 1344; baseline 0.001 -23"><span class='ocrx_word' id='word_1_173' title='bbox 2199 1266 2289 1321; x_wconf 87' lang='grc' dir='ltr'>καὶ</span> <span class='ocrx_word' id='word_1_174' title='bbox 2341 1267 2552 1342; x_wconf 81' lang='grc' dir='ltr'>πρώην,</span> <span class='ocrx_word' id='word_1_175' title='bbox 2596 1265 2775 1330; x_wconf 88' lang='grc' dir='ltr'>διττὸς</span> <span class='ocrx_word' id='word_1_176' title='bbox 2832 1267 2979 1340; x_wconf 81' lang='grc' dir='ltr'>αὑτῷ</span> <span class='ocrx_word' id='word_1_177' title='bbox 3030 1268 3243 1343; x_wconf 78' lang='grc' dir='ltr'>γέγονεν</span> <span class='ocrx_word' id='word_1_178' title='bbox 3290 1268 3317 1321; x_wconf 86' lang='grc' dir='ltr'>ὁ</span> <span class='ocrx_word' id='word_1_179' title='bbox 3362 1268 3585 1329; x_wconf 80' lang='grc' dir='ltr'>σκοπός·</span> <span class='ocrx_word' id='word_1_180' title='bbox 3636 1272 3855 1344; x_wconf 83' lang='grc' dir='ltr'>πρῶτος</span> 
     </span>
    </p>
   </div>
   <div class='ocr_carea' id='block_1_29' title="bbox 2205 1354 3852 1431">
    <p class='ocr_par' dir='ltr' id='par_1_29' title="bbox 2205 1354 3852 1431">
     <span class='ocr_line' id='line_1_29' title="bbox 2205 1354 3852 1431; baseline 0.002 -23"><span class='ocrx_word' id='word_1_181' title='bbox 2205 1355 2299 1428; x_wconf 76' lang='grc' dir='ltr'>μὶν</span> <span class='ocrx_word' id='word_1_182' title='bbox 2329 1358 2463 1428; x_wconf 98' lang='grc'>(34),</span> <span class='ocrx_word' id='word_1_183' title='bbox 2498 1355 2645 1418; x_wconf 80' lang='grc' dir='ltr'>ὅπως</span> <span class='ocrx_word' id='word_1_184' title='bbox 2688 1359 2787 1425; x_wconf 85' lang='grc' dir='ltr'>τήν</span> <span class='ocrx_word' id='word_1_185' title='bbox 2837 1354 3068 1430; x_wconf 76' lang='grc' dir='ltr'>ἄθεσμον</span> <span class='ocrx_word' id='word_1_186' title='bbox 3102 1354 3401 1411; x_wconf 88' lang='grc' dir='ltr'>Ἰουλιανοῦ</span> <span class='ocrx_word' id='word_1_187' title='bbox 3444 1361 3543 1411; x_wconf 80' lang='grc' dir='ltr'>τοῦ</span> <span class='ocrx_word' id='word_1_188' title='bbox 3588 1359 3852 1431; x_wconf 83' lang='grc' dir='ltr'>τυράννου</span> 
     </span>
    </p>
   </div>
   <div class='ocr_carea' id='block_1_30' title="bbox 2198 1443 3854 1521">
    <p class='ocr_par' dir='ltr' id='par_1_30' title="bbox 2198 1443 3854 1521">
     <span class='ocr_line' id='line_1_30' title="bbox 2198 1443 3854 1521; baseline 0.001 -22"><span class='ocrx_word' id='word_1_189' title='bbox 2198 1444 2522 1517; x_wconf 77' lang='grc' dir='ltr'>νομοθεσίαν</span> <span class='ocrx_word' id='word_1_190' title='bbox 2554 1443 2890 1521; x_wconf 80' lang='grc' dir='ltr'>μειρακιώδη</span> <span class='ocrx_word' id='word_1_191' title='bbox 2941 1446 3029 1500; x_wconf 86' lang='grc' dir='ltr'>καὶ</span> <span class='ocrx_word' id='word_1_192' title='bbox 3075 1444 3368 1520; x_wconf 90' lang='grc' dir='ltr'>ἀνίσχυρον</span> <span class='ocrx_word' id='word_1_193' title='bbox 3420 1446 3719 1519; x_wconf 77' lang='grc' dir='ltr'>ἀπαΛέγξῃ,</span> <span class='ocrx_word' id='word_1_194' title='bbox 3770 1468 3854 1501; x_wconf 86' lang='grc' dir='ltr'>κε-</span> 
     </span>
    </p>
   </div>
   <div class='ocr_carea' id='block_1_31' title="bbox 2203 1531 3850 1610">
    <p class='ocr_par' dir='ltr' id='par_1_31' title="bbox 2203 1531 3850 1610">
     <span class='ocr_line' id='line_1_31' title="bbox 2203 1531 3850 1610; baseline -0.001 -21"><span class='ocrx_word' id='word_1_195' title='bbox 2203 1531 2463 1589; x_wconf 85' lang='grc' dir='ltr'>λεύουσαν</span> <span class='ocrx_word' id='word_1_196' title='bbox 2536 1536 2611 1607; x_wconf 79' lang='grc' dir='ltr'>μὴ</span> <span class='ocrx_word' id='word_1_197' title='bbox 2694 1540 2932 1607; x_wconf 85' lang='grc' dir='ltr'>μετεῖναι</span> <span class='ocrx_word' id='word_1_198' title='bbox 3001 1538 3343 1610; x_wconf 80' lang='grc' dir='ltr'>Χριστιανοῖς</span> <span class='ocrx_word' id='word_1_199' title='bbox 3409 1541 3508 1603; x_wconf 90' lang='grc' dir='ltr'>τῆς</span> <span class='ocrx_word' id='word_1_200' title='bbox 3568 1533 3850 1605; x_wconf 82' lang='grc' dir='ltr'>Ἐλλήνων</span> 
     </span>
    </p>
   </div>
   <div class='ocr_carea' id='block_1_32' title="bbox 2198 1620 3849 1701">
    <p class='ocr_par' dir='ltr' id='par_1_32' title="bbox 2198 1620 3849 1701">
     <span class='ocr_line' id='line_1_32' title="bbox 2198 1620 3849 1701; baseline 0.002 -25"><span class='ocrx_word' id='word_1_201' title='bbox 2198 1620 2461 1685; x_wconf 79' lang='grc' dir='ltr'>παιδείας·</span> <span class='ocrx_word' id='word_1_202' title='bbox 2498 1621 2747 1701; x_wconf 74' lang='grc' dir='ltr'>δεύτερος</span> <span class='ocrx_word' id='word_1_203' title='bbox 2793 1621 2851 1679; x_wconf 71' lang='grc' dir='ltr'>δὲ</span> <span class='ocrx_word' id='word_1_204' title='bbox 2898 1627 3032 1698; x_wconf 87' lang='grc'>(35),</span> <span class='ocrx_word' id='word_1_205' title='bbox 3065 1623 3178 1678; x_wconf 74' lang='grc' dir='ltr'>ἐπεὶ</span> <span class='ocrx_word' id='word_1_206' title='bbox 3224 1624 3367 1699; x_wconf 75' lang='grc' dir='ltr'>ἑώρα</span> <span class='ocrx_word' id='word_1_207' title='bbox 3426 1621 3849 1700; x_wconf 82' lang='grc' dir='ltr'>Ἀπολλινάριον</span> 
     </span>
    </p>
   </div>
   <div class='ocr_carea' id='block_1_33' title="bbox 2202 1708 3852 1789">
    <p class='ocr_par' dir='ltr' id='par_1_33' title="bbox 2202 1708 3852 1789">
     <span class='ocr_line' id='line_1_33' title="bbox 2202 1708 3852 1789; baseline 0.001 -24"><span class='ocrx_word' id='word_1_208' title='bbox 2202 1710 2439 1787; x_wconf 81' lang='grc' dir='ltr'>ῥάψαντα</span> <span class='ocrx_word' id='word_1_209' title='bbox 2467 1715 2581 1786; x_wconf 86' lang='grc'>(36)</span> <span class='ocrx_word' id='word_1_210' title='bbox 2620 1713 2990 1789; x_wconf 81' lang='grc' dir='ltr'>πολυστίχους</span> <span class='ocrx_word' id='word_1_211' title='bbox 3047 1708 3274 1788; x_wconf 71' lang='grc' dir='ltr'>βίϐλους</span> <span class='ocrx_word' id='word_1_212' title='bbox 3325 1710 3385 1767; x_wconf 87' lang='grc' dir='ltr'>ἐκ</span> <span class='ocrx_word' id='word_1_213' title='bbox 3434 1710 3706 1789; x_wconf 73' lang='grc' dir='ltr'>διαφόρων</span> <span class='ocrx_word' id='word_1_214' title='bbox 3762 1714 3852 1785; x_wconf 80' lang='grc' dir='ltr'>μέ-</span> 
     </span>
    </p>
   </div>
   <div class='ocr_carea' id='block_1_34' title="bbox 2196 1800 3845 1877">
    <p class='ocr_par' dir='ltr' id='par_1_34' title="bbox 2196 1800 3845 1877">
     <span class='ocr_line' id='line_1_34' title="bbox 2196 1800 3845 1877; baseline 0 -22"><span class='ocrx_word' id='word_1_215' title='bbox 2196 1822 2363 1877; x_wconf 89' lang='grc' dir='ltr'>τρων,</span> <span class='ocrx_word' id='word_1_216' title='bbox 2410 1803 2499 1856; x_wconf 82' lang='grc' dir='ltr'>καὶ</span> <span class='ocrx_word' id='word_1_217' title='bbox 2557 1801 2770 1865; x_wconf 78' lang='grc' dir='ltr'>τούτοις</span> <span class='ocrx_word' id='word_1_218' title='bbox 2818 1800 3091 1876; x_wconf 75' lang='grc' dir='ltr'>κλέψαντα</span> <span class='ocrx_word' id='word_1_219' title='bbox 3132 1800 3259 1864; x_wconf 76' lang='grc' dir='ltr'>τοὺς</span> <span class='ocrx_word' id='word_1_220' title='bbox 3324 1800 3570 1864; x_wconf 84' lang='grc' dir='ltr'>πολλοὺς</span> <span class='ocrx_word' id='word_1_221' title='bbox 3624 1801 3701 1863; x_wconf 80' lang='grc' dir='ltr'>εἷς</span> <span class='ocrx_word' id='word_1_222' title='bbox 3747 1804 3845 1870; x_wconf 78' lang='grc' dir='ltr'>τὴν</span> 
     </span>
    </p>
   </div>
   <div class='ocr_carea' id='block_1_35' title="bbox 2196 1878 3847 1967">
    <p class='ocr_par' dir='ltr' id='par_1_35' title="bbox 2196 1878 3847 1967">
     <span class='ocr_line' id='line_1_35' title="bbox 2196 1878 3847 1967; baseline 0.002 -23"><span class='ocrx_word' id='word_1_223' title='bbox 2196 1888 2422 1966; x_wconf 79' lang='grc' dir='ltr'>α’ίρεσιν,</span> <span class='ocrx_word' id='word_1_224' title='bbox 2473 1892 2548 1953; x_wconf 85' lang='grc' dir='ltr'>ὡς</span> <span class='ocrx_word' id='word_1_225' title='bbox 2607 1891 2911 1967; x_wconf 80' lang='grc' dir='ltr'>ἐλλόγιμον</span> <span class='ocrx_word' id='word_1_226' title='bbox 2972 1890 3157 1962; x_wconf 85' lang='grc' dir='ltr'>δῆθεν,</span> <span class='ocrx_word' id='word_1_227' title='bbox 3208 1878 3498 1966; x_wconf 74' lang='grc' dir='ltr'>ἀναγκαῖον</span> <span class='ocrx_word' id='word_1_228' title='bbox 3560 1891 3741 1963; x_wconf 65' lang='grc' dir='ltr'>ᾠήθη,</span> <span class='ocrx_word' id='word_1_229' title='bbox 3793 1890 3847 1947; x_wconf 81' lang='grc' dir='ltr'>ἐν</span> 
     </span>
    </p>
   </div>
   <div class='ocr_carea' id='block_1_36' title="bbox 436 1954 2079 2058">
    <p class='ocr_par' dir='ltr' id='par_1_36' title="bbox 436 1979 2079 2051">
     <span class='ocr_line' id='line_1_36' title="bbox 436 1979 2079 2051; baseline 0.001 -15"><span class='ocrx_word' id='word_1_230' title='bbox 436 1983 550 2037; x_wconf 88' lang='lat' dir='ltr'>sim</span> <span class='ocrx_word' id='word_1_231' title='bbox 585 1998 751 2036; x_wconf 84' lang='lat' dir='ltr'>suam</span> <span class='ocrx_word' id='word_1_232' title='bbox 784 1979 1038 2035; x_wconf 82' lang='lat' dir='ltr'>illexisse</span> <span class='ocrx_word' id='word_1_233' title='bbox 1069 1980 1478 2051; x_wconf 84' lang='lat' dir='ltr'>perspiciebat,</span> <span class='ocrx_word' id='word_1_234' title='bbox 1513 1981 1840 2037; x_wconf 90' lang='lat' dir='ltr'>necessario</span> <span class='ocrx_word' id='word_1_235' title='bbox 1872 1981 1984 2036; x_wconf 90' lang='lat' dir='ltr'>sibi</span> <span class='ocrx_word' id='word_1_236' title='bbox 2010 1981 2079 2037; x_wconf 86' lang='lat' dir='ltr'>fa-</span> 
     </span>
    </p>
   </div>
   <div class='ocr_carea' id='block_1_37' title="bbox 2196 1954 3851 2058">
    <p class='ocr_par' dir='ltr' id='par_1_37' title="bbox 2197 1979 3851 2058">
     <span class='ocr_line' id='line_1_37' title="bbox 2197 1979 3851 2058; baseline -0.001 -21"><span class='ocrx_word' id='word_1_237' title='bbox 2197 1981 2498 2056; x_wconf 83' lang='grc' dir='ltr'>Ἀριανζοῖς</span> <span class='ocrx_word' id='word_1_238' title='bbox 2531 1982 2824 2058; x_wconf 76' lang='grc' dir='ltr'>ἡσυχάζων</span> <span class='ocrx_word' id='word_1_239' title='bbox 2856 1983 2990 2054; x_wconf 84' lang='grc' dir='ltr'>μετά</span> <span class='ocrx_word' id='word_1_240' title='bbox 3027 1982 3125 2050; x_wconf 81' lang='grc' dir='ltr'>νῆν</span> <span class='ocrx_word' id='word_1_241' title='bbox 3178 1981 3525 2058; x_wconf 78' lang='grc' dir='ltr'>ὑποστροφὴν</span> <span class='ocrx_word' id='word_1_242' title='bbox 3574 1979 3663 2035; x_wconf 72' lang='grc' dir='ltr'>καί</span> <span class='ocrx_word' id='word_1_243' title='bbox 3719 2000 3851 2056; x_wconf 81' lang='grc' dir='ltr'>σχο-</span> 
     </span>
    </p>
   </div>
   <div class='ocr_carea' id='block_1_38' title="bbox 436 2068 2085 2141">
    <p class='ocr_par' dir='ltr' id='par_1_38' title="bbox 436 2068 2085 2141">
     <span class='ocr_line' id='line_1_38' title="bbox 436 2068 2085 2141; baseline -0.001 -15"><span class='ocrx_word' id='word_1_244' title='bbox 436 2072 709 2126; x_wconf 90' lang='lat' dir='ltr'>ciendum</span> <span class='ocrx_word' id='word_1_245' title='bbox 744 2069 987 2141; x_wconf 87' lang='lat' dir='ltr'>putavit,</span> <span class='ocrx_word' id='word_1_246' title='bbox 1043 2075 1106 2123; x_wconf 92' lang='lat' dir='ltr'>ut</span> <span class='ocrx_word' id='word_1_247' title='bbox 1134 2068 1365 2124; x_wconf 82' lang='lat' dir='ltr'>Arianzi</span> <span class='ocrx_word' id='word_1_248' title='bbox 1424 2074 1557 2141; x_wconf 90' lang='lat' dir='ltr'>post</span> <span class='ocrx_word' id='word_1_249' title='bbox 1604 2071 1859 2125; x_wconf 87' lang='lat' dir='ltr'>reditum</span> <span class='ocrx_word' id='word_1_250' title='bbox 1907 2086 2085 2126; x_wconf 89' lang='lat' dir='ltr'>suum</span> 
     </span>
    </p>
   </div>
   <div class='ocr_carea' id='block_1_39' title="bbox 430 2157 2084 2230">
    <p class='ocr_par' dir='ltr' id='par_1_39' title="bbox 430 2157 2084 2230">
     <span class='ocr_line' id='line_1_39' title="bbox 430 2157 2084 2230; baseline 0 -17"><span class='ocrx_word' id='word_1_251' title='bbox 430 2160 760 2230; x_wconf 89' lang='lat' dir='ltr'>quiescens,</span> <span class='ocrx_word' id='word_1_252' title='bbox 790 2163 963 2229; x_wconf 90' lang='lat' dir='ltr'>atque</span> <span class='ocrx_word' id='word_1_253' title='bbox 996 2158 1067 2212; x_wconf 88' lang='lat' dir='ltr'>ab</span> <span class='ocrx_word' id='word_1_254' title='bbox 1099 2157 1376 2213; x_wconf 92' lang='lat' dir='ltr'>omnibus</span> <span class='ocrx_word' id='word_1_255' title='bbox 1409 2158 1655 2230; x_wconf 81' lang='lat' dir='ltr'>negotiis</span> <span class='ocrx_word' id='word_1_256' title='bbox 1690 2158 2084 2230; x_wconf 87' lang='lat' dir='ltr'>accupationi-</span> 
     </span>
    </p>
   </div>
   <div class='ocr_carea' id='block_1_40' title="bbox 425 2249 2084 2321">
    <p class='ocr_par' dir='ltr' id='par_1_40' title="bbox 425 2249 2084 2321">
     <span class='ocr_line' id='line_1_40' title="bbox 425 2249 2084 2321; baseline 0 -16"><span class='ocrx_word' id='word_1_257' title='bbox 425 2249 931 2321; x_wconf 86' lang='lat' dir='ltr'>busqueferiatus,</span> <span class='ocrx_word' id='word_1_258' title='bbox 956 2249 1245 2304; x_wconf 88' lang='lat' dir='ltr'>cudendis</span> <span class='ocrx_word' id='word_1_259' title='bbox 1270 2249 1537 2305; x_wconf 89' lang='lat' dir='ltr'>versibus</span> <span class='ocrx_word' id='word_1_260' title='bbox 1569 2250 1835 2305; x_wconf 90' lang='lat' dir='ltr'>animum</span> <span class='ocrx_word' id='word_1_261' title='bbox 1858 2250 2084 2321; x_wconf 85' lang='lat' dir='ltr'>adjice-</span> 
     </span>
    </p>
   </div>
   <div class='ocr_carea' id='block_1_41' title="bbox 428 2337 2082 2410">
    <p class='ocr_par' dir='ltr' id='par_1_41' title="bbox 428 2337 2082 2410">
     <span class='ocr_line' id='line_1_41' title="bbox 428 2337 2082 2410; baseline 0.001 -16"><span class='ocrx_word' id='word_1_262' title='bbox 428 2346 536 2394; x_wconf 88' lang='lat' dir='ltr'>ret.</span> <span class='ocrx_word' id='word_1_263' title='bbox 565 2344 748 2410; x_wconf 83' lang='lat' dir='ltr'>Atque</span> <span class='ocrx_word' id='word_1_264' title='bbox 778 2338 914 2392; x_wconf 91' lang='lat' dir='ltr'>hinc</span> <span class='ocrx_word' id='word_1_265' title='bbox 946 2338 1246 2393; x_wconf 88' lang='lat' dir='ltr'>uberrima</span> <span class='ocrx_word' id='word_1_266' title='bbox 1276 2338 1421 2393; x_wconf 92' lang='lat' dir='ltr'>mihi</span> <span class='ocrx_word' id='word_1_267' title='bbox 1454 2337 1634 2409; x_wconf 89' lang='lat' dir='ltr'>hujus</span> <span class='ocrx_word' id='word_1_268' title='bbox 1656 2338 1936 2395; x_wconf 89' lang='lat' dir='ltr'>orationis</span> <span class='ocrx_word' id='word_1_269' title='bbox 1959 2356 2082 2396; x_wconf 89' lang='lat' dir='ltr'>ma-</span> 
     </span>
    </p>
   </div>
   <div class='ocr_carea' id='block_1_42' title="bbox 424 2426 979 2484">
    <p class='ocr_par' dir='ltr' id='par_1_42' title="bbox 424 2426 979 2484">
     <span class='ocr_line' id='line_1_42' title="bbox 424 2426 979 2484; baseline -0.005 0"><span class='ocrx_word' id='word_1_270' title='bbox 424 2429 571 2484; x_wconf 89' lang='lat' dir='ltr'>teria</span> <span class='ocrx_word' id='word_1_271' title='bbox 599 2426 841 2483; x_wconf 89' lang='lat' dir='ltr'>collecta</span> <span class='ocrx_word' id='word_1_272' title='bbox 870 2430 979 2482; x_wconf 91' lang='lat' dir='ltr'>est.</span> 
     </span>
    </p>
   </div>
   <div class='ocr_carea' id='block_1_43' title="bbox 496 2515 2085 2591">
    <p class='ocr_par' dir='ltr' id='par_1_43' title="bbox 496 2515 2085 2591">
     <span class='ocr_line' id='line_1_43' title="bbox 496 2515 2085 2591; baseline 0.002 -18"><span class='ocrx_word' id='word_1_273' title='bbox 496 2517 641 2573; x_wconf 88' lang='lat' dir='ltr'>Cum</span> <span class='ocrx_word' id='word_1_274' title='bbox 665 2521 862 2573; x_wconf 89' lang='lat' dir='ltr'>autem</span> <span class='ocrx_word' id='word_1_275' title='bbox 898 2515 1163 2571; x_wconf 91' lang='lat' dir='ltr'>nonnihil</span> <span class='ocrx_word' id='word_1_276' title='bbox 1179 2515 1591 2588; x_wconf 87' lang='lat' dir='ltr'>temporisillic</span> <span class='ocrx_word' id='word_1_277' title='bbox 1612 2515 1910 2573; x_wconf 87' lang='lat' dir='ltr'>solitarius</span> <span class='ocrx_word' id='word_1_278' title='bbox 1933 2518 2085 2591; x_wconf 84' lang='lat' dir='ltr'>egis-</span> 
     </span>
    </p>
   </div>
   <div class='ocr_carea' id='block_1_44' title="bbox 420 2604 2085 2680">
    <p class='ocr_par' dir='ltr' id='par_1_44' title="bbox 420 2604 2085 2680">
     <span class='ocr_line' id='line_1_44' title="bbox 420 2604 2085 2680; baseline 0.001 -16"><span class='ocrx_word' id='word_1_279' title='bbox 420 2614 529 2675; x_wconf 87' lang='lat' dir='ltr'>set,</span> <span class='ocrx_word' id='word_1_280' title='bbox 590 2607 887 2677; x_wconf 88' lang='lat' dir='ltr'>vitamque</span> <span class='ocrx_word' id='word_1_281' title='bbox 936 2604 1308 2676; x_wconf 89' lang='lat' dir='ltr'>philosophia</span> <span class='ocrx_word' id='word_1_282' title='bbox 1370 2610 1703 2677; x_wconf 89' lang='lat' dir='ltr'>purgasset,</span> <span class='ocrx_word' id='word_1_283' title='bbox 1759 2624 1825 2663; x_wconf 89' lang='lat' dir='ltr'>ac</span> <span class='ocrx_word' id='word_1_284' title='bbox 1870 2610 2085 2680; x_wconf 79' lang='lat' dir='ltr'>majori</span> 
     </span>
    </p>
   </div>
   <div class='ocr_carea' id='block_1_45' title="bbox 421 2692 2081 2766">
    <p class='ocr_par' dir='ltr' id='par_1_45' title="bbox 421 2692 2081 2766">
     <span class='ocr_line' id='line_1_45' title="bbox 421 2692 2081 2766; baseline 0.002 -14"><span class='ocrx_word' id='word_1_285' title='bbox 421 2693 901 2766; x_wconf 87' lang='lat' dir='ltr'>contemplationi</span> <span class='ocrx_word' id='word_1_286' title='bbox 932 2692 1198 2749; x_wconf 90' lang='lat' dir='ltr'>animum</span> <span class='ocrx_word' id='word_1_287' title='bbox 1231 2694 1643 2763; x_wconf 84' lang='lat' dir='ltr'>addixisset,in</span> <span class='ocrx_word' id='word_1_288' title='bbox 1662 2700 1921 2753; x_wconf 80' lang='lat' dir='ltr'>extrema</span> <span class='ocrx_word' id='word_1_289' title='bbox 1952 2705 2081 2755; x_wconf 87' lang='lat' dir='ltr'>tan-</span> 
     </span>
    </p>
   </div>
   <div class='ocr_carea' id='block_1_46' title="bbox 421 2783 2083 2844">
    <p class='ocr_par' dir='ltr' id='par_1_46' title="bbox 421 2783 2083 2844">
     <span class='ocr_line' id='line_1_46' title="bbox 421 2783 2083 2844; baseline 0.002 -4"><span class='ocrx_word' id='word_1_290' title='bbox 421 2787 555 2840; x_wconf 89' lang='lat' dir='ltr'>dem</span> <span class='ocrx_word' id='word_1_291' title='bbox 588 2788 887 2839; x_wconf 89' lang='lat' dir='ltr'>senectute</span> <span class='ocrx_word' id='word_1_292' title='bbox 919 2784 1203 2837; x_wconf 89' lang='lat' dir='ltr'>caducam</span> <span class='ocrx_word' id='word_1_293' title='bbox 1235 2783 1387 2838; x_wconf 89' lang='lat' dir='ltr'>hanc</span> <span class='ocrx_word' id='word_1_294' title='bbox 1427 2786 1607 2839; x_wconf 90' lang='lat' dir='ltr'>vitam</span> <span class='ocrx_word' id='word_1_295' title='bbox 1665 2801 1798 2840; x_wconf 93' lang='lat' dir='ltr'>cum</span> <span class='ocrx_word' id='word_1_296' title='bbox 1855 2787 2083 2844; x_wconf 86' lang='lat' dir='ltr'>meliori</span> 
     </span>
    </p>
   </div>
   <div class='ocr_carea' id='block_1_47' title="bbox 316 2872 2082 2947">
    <p class='ocr_par' dir='ltr' id='par_1_47' title="bbox 316 2872 2082 2947">
     <span class='ocr_line' id='line_1_47' title="bbox 316 2872 2082 2947; baseline 0.006 -24"><span class='ocrx_word' id='word_1_297' title='bbox 316 2922 319 2923; x_wconf 30' lang='grc' dir='ltr'><em>ν</em></span> <span class='ocrx_word' id='word_1_298' title='bbox 418 2879 477 2929; x_wconf 88' lang='lat' dir='ltr'>et</span> <span class='ocrx_word' id='word_1_299' title='bbox 528 2872 859 2928; x_wconf 89' lang='lat' dir='ltr'>sublimiori</span> <span class='ocrx_word' id='word_1_300' title='bbox 912 2888 1107 2925; x_wconf 89' lang='lat' dir='ltr'>rerum</span> <span class='ocrx_word' id='word_1_301' title='bbox 1171 2874 1349 2939; x_wconf 90' lang='lat' dir='ltr'>statu,</span> <span class='ocrx_word' id='word_1_302' title='bbox 1412 2874 1583 2943; x_wconf 83' lang='lat' dir='ltr'>cujus</span> <span class='ocrx_word' id='word_1_303' title='bbox 1640 2873 1732 2928; x_wconf 91' lang='lat' dir='ltr'>hic</span> <span class='ocrx_word' id='word_1_304' title='bbox 1768 2882 2082 2947; x_wconf 87' lang='lat' dir='ltr'>pertenues</span> 
     </span>
    </p>
   </div>
   <div class='ocr_carea' id='block_1_48' title="bbox 415 2958 2080 3032">
    <p class='ocr_par' dir='ltr' id='par_1_48' title="bbox 415 2958 2080 3032">
     <span class='ocr_line' id='line_1_48' title="bbox 415 2958 2080 3032; baseline 0.002 -16"><span class='ocrx_word' id='word_1_305' title='bbox 415 2962 591 3017; x_wconf 89' lang='lat' dir='ltr'>etiam</span> <span class='ocrx_word' id='word_1_306' title='bbox 627 2960 849 3030; x_wconf 76' lang='lat' dir='ltr'>Species</span> <span class='ocrx_word' id='word_1_307' title='bbox 880 2958 972 3013; x_wconf 84' lang='lat' dir='ltr'>vix</span> <span class='ocrx_word' id='word_1_308' title='bbox 1004 2959 1245 3031; x_wconf 88' lang='lat' dir='ltr'>reperiri</span> <span class='ocrx_word' id='word_1_309' title='bbox 1306 2967 1543 3031; x_wconf 84' lang='lat' dir='ltr'>queant,</span> <span class='ocrx_word' id='word_1_310' title='bbox 1576 2964 1948 3032; x_wconf 87' lang='lat' dir='ltr'>permutavit.</span> <span class='ocrx_word' id='word_1_311' title='bbox 1982 2967 2080 3020; x_wconf 91' lang='lat' dir='ltr'>At-</span> 
     </span>
    </p>
   </div>
   <div class='ocr_carea' id='block_1_49' title="bbox 412 3047 2084 3121">
    <p class='ocr_par' dir='ltr' id='par_1_49' title="bbox 412 3047 2084 3121">
     <span class='ocr_line' id='line_1_49' title="bbox 412 3047 2084 3121; baseline 0.003 -16"><span class='ocrx_word' id='word_1_312' title='bbox 412 3067 524 3121; x_wconf 92' lang='lat' dir='ltr'>que</span> <span class='ocrx_word' id='word_1_313' title='bbox 554 3048 801 3105; x_wconf 87' lang='lat' dir='ltr'>ornandi</span> <span class='ocrx_word' id='word_1_314' title='bbox 826 3047 1064 3120; x_wconf 90' lang='lat' dir='ltr'>quidem</span> <span class='ocrx_word' id='word_1_315' title='bbox 1088 3048 1351 3121; x_wconf 79' lang='lat' dir='ltr'>Gregorii</span> <span class='ocrx_word' id='word_1_316' title='bbox 1382 3066 1625 3105; x_wconf 90' lang='lat' dir='ltr'>munere</span> <span class='ocrx_word' id='word_1_317' title='bbox 1648 3068 1751 3121; x_wconf 92' lang='lat' dir='ltr'>pro</span> <span class='ocrx_word' id='word_1_318' title='bbox 1781 3052 2084 3110; x_wconf 87' lang='lat' dir='ltr'>virilimea</span> 
     </span>
    </p>
   </div>
   <div class='ocr_carea' id='block_1_50' title="bbox 98 3140 2078 3264">
    <p class='ocr_par' dir='ltr' id='par_1_50' title="bbox 98 3140 2078 3264">
     <span class='ocr_line' id='line_1_50' title="bbox 98 3140 2078 3264; baseline 0.002 -68"><span class='ocrx_word' id='word_1_319' title='bbox 98 3142 759 3264; x_wconf 50' lang='lat' dir='ltr'>Motus</span> <span class='ocrx_word' id='word_1_320' title='bbox 792 3145 1242 3210; x_wconf 88' lang='lat' dir='ltr'>sum,quantum</span> <span class='ocrx_word' id='word_1_321' title='bbox 1266 3140 1338 3195; x_wconf 90' lang='lat' dir='ltr'>ad</span> <span class='ocrx_word' id='word_1_322' title='bbox 1363 3140 1419 3193; x_wconf 93' lang='lat' dir='ltr'>id</span> <span class='ocrx_word' id='word_1_323' title='bbox 1445 3141 1751 3209; x_wconf 86' lang='lat' dir='ltr'>attinebat,</span> <span class='ocrx_word' id='word_1_324' title='bbox 1774 3148 1838 3198; x_wconf 93' lang='lat' dir='ltr'>ut</span> <span class='ocrx_word' id='word_1_325' title='bbox 1860 3149 1915 3198; x_wconf 92' lang='lat' dir='ltr'>et</span> <span class='ocrx_word' id='word_1_326' title='bbox 1948 3144 2078 3200; x_wconf 51' lang='lat' dir='ltr'>bon‘</span> 
     </span>
     <span class='ocr_line' id='line_1_51' title="bbox 418 3227 2040 3264; baseline 0 0"><span class='ocrx_word' id='word_1_327' title='bbox 418 3230 603 3264; x_wconf 67' lang='grc' dir='ltr'>οειιπξα</span> <span class='ocrx_word' id='word_1_328' title='bbox 636 3234 685 3264; x_wconf 63' lang='grc' dir='ltr'>οι</span> <span class='ocrx_word' id='word_1_329' title='bbox 713 3245 912 3264; x_wconf 74' lang='lat' dir='ltr'>annum</span> <span class='ocrx_word' id='word_1_330' title='bbox 964 3229 1060 3264; x_wconf 77' lang='grc' dir='ltr'>ηιιί</span> <span class='ocrx_word' id='word_1_331' title='bbox 1088 3229 1262 3264; x_wconf 66' lang='grc' dir='ltr'>υἰιοηπ</span> <span class='ocrx_word' id='word_1_332' title='bbox 1298 3227 1458 3264; x_wconf 62' lang='lat' dir='ltr'>illium</span> <span class='ocrx_word' id='word_1_333' title='bbox 1492 3230 1691 3264; x_wconf 61' lang='lat' dir='ltr'>multum</span> <span class='ocrx_word' id='word_1_334' title='bbox 1713 3234 2040 3264; x_wconf 62' lang='grc' dir='ltr'>ιηοιξοιυηςι</span> 
     </span>
    </p>
   </div>
   <div class='ocr_carea' id='block_1_51' title="bbox 416 3227 2062 3303">
    <p class='ocr_par' dir='ltr' id='par_1_51' title="bbox 416 3227 2062 3303">
     <span class='ocr_line' id='line_1_52' title="bbox 416 3227 2062 3303; baseline 0.002 -18"><span class='ocrx_word' id='word_1_335' title='bbox 416 3230 606 3287; x_wconf 87' lang='lat' dir='ltr'>Patris</span> <span class='ocrx_word' id='word_1_336' title='bbox 636 3234 692 3285; x_wconf 91' lang='lat' dir='ltr'>et</span> <span class='ocrx_word' id='word_1_337' title='bbox 713 3245 936 3295; x_wconf 91' lang='lat' dir='ltr'>eorum,</span> <span class='ocrx_word' id='word_1_338' title='bbox 964 3229 1063 3299; x_wconf 91' lang='lat' dir='ltr'>qui</span> <span class='ocrx_word' id='word_1_339' title='bbox 1088 3229 1266 3283; x_wconf 89' lang='lat' dir='ltr'>vitam</span> <span class='ocrx_word' id='word_1_340' title='bbox 1298 3227 1459 3285; x_wconf 91' lang='lat' dir='ltr'>illius</span> <span class='ocrx_word' id='word_1_341' title='bbox 1491 3230 1691 3286; x_wconf 88' lang='lat' dir='ltr'>audire</span> <span class='ocrx_word' id='word_1_342' title='bbox 1712 3234 2062 3303; x_wconf 84' lang='lat' dir='ltr'>gestiebant,</span> 
     </span>
    </p>
   </div>
   <div class='ocr_carea' id='block_1_52' title="bbox 2198 2069 3844 2147">
    <p class='ocr_par' dir='ltr' id='par_1_52' title="bbox 2198 2069 3844 2147">
     <span class='ocr_line' id='line_1_53' title="bbox 2198 2069 3844 2147; baseline -0.001 -22"><span class='ocrx_word' id='word_1_343' title='bbox 2198 2069 2301 2139; x_wconf 80' lang='grc' dir='ltr'>λῆν</span> <span class='ocrx_word' id='word_1_344' title='bbox 2350 2070 2495 2144; x_wconf 77' lang='grc' dir='ltr'>ἄγων</span> <span class='ocrx_word' id='word_1_345' title='bbox 2530 2074 2663 2144; x_wconf 87' lang='grc'>(37),</span> <span class='ocrx_word' id='word_1_346' title='bbox 2696 2072 2783 2125; x_wconf 77' lang='grc' dir='ltr'>οἷα</span> <span class='ocrx_word' id='word_1_347' title='bbox 2827 2073 3159 2147; x_wconf 85' lang='grc' dir='ltr'>πραγμάτων</span> <span class='ocrx_word' id='word_1_348' title='bbox 3210 2069 3660 2146; x_wconf 76' lang='grc' dir='ltr'>ἀπηλλαγμένος,</span> <span class='ocrx_word' id='word_1_349' title='bbox 3690 2091 3844 2141; x_wconf 89' lang='grc' dir='ltr'>τηνι-</span> 
     </span>
    </p>
   </div>
   <div class='ocr_carea' id='block_1_53' title="bbox 2192 2155 3841 2235">
    <p class='ocr_par' dir='ltr' id='par_1_53' title="bbox 2192 2155 3841 2235">
     <span class='ocr_line' id='line_1_54' title="bbox 2192 2155 3841 2235; baseline 0.001 -24"><span class='ocrx_word' id='word_1_350' title='bbox 2192 2156 2361 2213; x_wconf 79' lang='grc' dir='ltr'>καῦτα</span> <span class='ocrx_word' id='word_1_351' title='bbox 2434 2161 2635 2235; x_wconf 78' lang='grc' dir='ltr'>γράψαι</span> <span class='ocrx_word' id='word_1_352' title='bbox 2692 2160 2759 2215; x_wconf 81' lang='grc' dir='ltr'>τὰ</span> <span class='ocrx_word' id='word_1_353' title='bbox 2834 2155 3099 2235; x_wconf 75' lang='grc' dir='ltr'>ἔμμετρα,</span> <span class='ocrx_word' id='word_1_354' title='bbox 3159 2159 3277 2215; x_wconf 76' lang='grc' dir='ltr'>ὅθεν</span> <span class='ocrx_word' id='word_1_355' title='bbox 3360 2181 3452 2233; x_wconf 90' lang='grc' dir='ltr'>μοι</span> <span class='ocrx_word' id='word_1_356' title='bbox 3530 2159 3750 2235; x_wconf 80' lang='grc' dir='ltr'>εὕρηται</span> <span class='ocrx_word' id='word_1_357' title='bbox 3806 2161 3841 2229; x_wconf 78' lang='grc' dir='ltr'>ἡ</span> 
     </span>
    </p>
   </div>
   <div class='ocr_carea' id='block_1_54' title="bbox 2193 2246 3253 2320">
    <p class='ocr_par' dir='ltr' id='par_1_54' title="bbox 2193 2246 3253 2320">
     <span class='ocr_line' id='line_1_55' title="bbox 2193 2246 3253 2320; baseline 0.003 -18"><span class='ocrx_word' id='word_1_358' title='bbox 2193 2246 2422 2319; x_wconf 84' lang='grc' dir='ltr'>πλείστη</span> <span class='ocrx_word' id='word_1_359' title='bbox 2459 2248 2564 2320; x_wconf 73' lang='grc' dir='ltr'>ὕλη</span> <span class='ocrx_word' id='word_1_360' title='bbox 2595 2246 2761 2319; x_wconf 86' lang='grc' dir='ltr'>τῆσδε</span> <span class='ocrx_word' id='word_1_361' title='bbox 2789 2252 2889 2319; x_wconf 85' lang='grc' dir='ltr'>τῆς</span> <span class='ocrx_word' id='word_1_362' title='bbox 2926 2249 3253 2311; x_wconf 72' lang='grc' dir='ltr'>ὑποθέσεως.</span> 
     </span>
    </p>
   </div>
   <div class='ocr_carea' id='block_1_55' title="bbox 2262 2514 3841 2595">
    <p class='ocr_par' dir='ltr' id='par_1_55' title="bbox 2262 2514 3841 2595">
     <span class='ocr_line' id='line_1_56' title="bbox 2262 2514 3841 2595; baseline 0 -24"><span class='ocrx_word' id='word_1_363' title='bbox 2262 2517 2520 2582; x_wconf 79' lang='grc' dir='ltr'>Ἐνταῦθα</span> <span class='ocrx_word' id='word_1_364' title='bbox 2568 2518 2854 2594; x_wconf 73' lang='grc' dir='ltr'>ήρεμήσας</span> <span class='ocrx_word' id='word_1_365' title='bbox 2901 2517 3124 2595; x_wconf 85' lang='grc' dir='ltr'>χρόνον,</span> <span class='ocrx_word' id='word_1_366' title='bbox 3155 2518 3243 2572; x_wconf 85' lang='grc' dir='ltr'>καὶ</span> <span class='ocrx_word' id='word_1_367' title='bbox 3288 2515 3523 2593; x_wconf 79' lang='grc' dir='ltr'>καθάρας</span> <span class='ocrx_word' id='word_1_368' title='bbox 3575 2516 3666 2572; x_wconf 88' lang='grc' dir='ltr'>τὸν</span> <span class='ocrx_word' id='word_1_369' title='bbox 3721 2514 3841 2591; x_wconf 87' lang='grc' dir='ltr'>βίον</span> 
     </span>
    </p>
   </div>
   <div class='ocr_carea' id='block_1_56' title="bbox 2192 2604 3843 2684">
    <p class='ocr_par' dir='ltr' id='par_1_56' title="bbox 2192 2604 3843 2684">
     <span class='ocr_line' id='line_1_57' title="bbox 2192 2604 3843 2684; baseline -0.001 -24"><span class='ocrx_word' id='word_1_370' title='bbox 2192 2604 2509 2684; x_wconf 75' lang='grc' dir='ltr'>φιλοσοφίᾳ,</span> <span class='ocrx_word' id='word_1_371' title='bbox 2561 2606 2852 2681; x_wconf 88' lang='grc' dir='ltr'>γενόμενός</span> <span class='ocrx_word' id='word_1_372' title='bbox 2899 2628 2957 2662; x_wconf 91' lang='grc' dir='ltr'>τε</span> <span class='ocrx_word' id='word_1_373' title='bbox 2999 2606 3050 2660; x_wconf 80' lang='grc' dir='ltr'>ἐν</span> <span class='ocrx_word' id='word_1_374' title='bbox 3103 2606 3301 2681; x_wconf 77' lang='grc' dir='ltr'>θεωρίᾳ</span> <span class='ocrx_word' id='word_1_375' title='bbox 3352 2605 3583 2679; x_wconf 79' lang='grc' dir='ltr'>μείζονι,</span> <span class='ocrx_word' id='word_1_376' title='bbox 3630 2605 3843 2679; x_wconf 74' lang='grc' dir='ltr'>μετατί-</span> 
     </span>
    </p>
   </div>
   <div class='ocr_carea' id='block_1_57' title="bbox 2192 2691 3847 2771">
    <p class='ocr_par' dir='ltr' id='par_1_57' title="bbox 2192 2691 3847 2771">
     <span class='ocr_line' id='line_1_58' title="bbox 2192 2691 3847 2771; baseline -0.002 -20"><span class='ocrx_word' id='word_1_377' title='bbox 2192 2698 2335 2751; x_wconf 88' lang='grc' dir='ltr'>θεται</span> <span class='ocrx_word' id='word_1_378' title='bbox 2392 2697 2491 2765; x_wconf 73' lang='grc' dir='ltr'>τὴν</span> <span class='ocrx_word' id='word_1_379' title='bbox 2542 2695 2799 2771; x_wconf 76' lang='grc' dir='ltr'>ἐπίκηρον</span> <span class='ocrx_word' id='word_1_380' title='bbox 2844 2693 3005 2767; x_wconf 72' lang='grc' dir='ltr'>τήνδε</span> <span class='ocrx_word' id='word_1_381' title='bbox 3056 2696 3199 2765; x_wconf 78' lang='grc' dir='ltr'>ζωῆν</span> <span class='ocrx_word' id='word_1_382' title='bbox 3234 2697 3283 2751; x_wconf 91' lang='grc' dir='ltr'>ἐν</span> <span class='ocrx_word' id='word_1_383' title='bbox 3322 2695 3511 2770; x_wconf 85' lang='grc' dir='ltr'>βαθείᾳ</span> <span class='ocrx_word' id='word_1_384' title='bbox 3551 2698 3619 2768; x_wconf 82' lang='grc' dir='ltr'>τῇ</span> <span class='ocrx_word' id='word_1_385' title='bbox 3672 2691 3847 2765; x_wconf 79' lang='grc' dir='ltr'>πολιᾷ</span> 
     </span>
    </p>
   </div>
   <div class='ocr_carea' id='block_1_58' title="bbox 2191 2780 3849 2861">
    <p class='ocr_par' dir='ltr' id='par_1_58' title="bbox 2191 2780 3849 2861">
     <span class='ocr_line' id='line_1_59' title="bbox 2191 2780 3849 2861; baseline -0.001 -22"><span class='ocrx_word' id='word_1_386' title='bbox 2191 2786 2328 2859; x_wconf 88' lang='grc' dir='ltr'>πρὸς</span> <span class='ocrx_word' id='word_1_387' title='bbox 2356 2786 2455 2855; x_wconf 80' lang='grc' dir='ltr'>τῆν</span> <span class='ocrx_word' id='word_1_388' title='bbox 2500 2783 2707 2857; x_wconf 81' lang='grc' dir='ltr'>ἀμείνω</span> <span class='ocrx_word' id='word_1_389' title='bbox 2754 2786 2843 2839; x_wconf 87' lang='grc' dir='ltr'>καὶ</span> <span class='ocrx_word' id='word_1_390' title='bbox 2894 2780 3233 2861; x_wconf 74' lang='grc' dir='ltr'>ὑψηλοτέραν</span> <span class='ocrx_word' id='word_1_391' title='bbox 3293 2786 3635 2854; x_wconf 86' lang='grc' dir='ltr'>κατάστασιν,</span> <span class='ocrx_word' id='word_1_392' title='bbox 3668 2786 3731 2851; x_wconf 78' lang='grc' dir='ltr'>ῆς</span> <span class='ocrx_word' id='word_1_393' title='bbox 3764 2781 3849 2837; x_wconf 82' lang='grc' dir='ltr'>ἐν·</span> 
     </span>
    </p>
   </div>
   <div class='ocr_carea' id='block_1_59' title="bbox 2189 2870 3845 2952">
    <p class='ocr_par' dir='ltr' id='par_1_59' title="bbox 2189 2870 3845 2952">
     <span class='ocr_line' id='line_1_60' title="bbox 2189 2870 3845 2952; baseline -0.001 -23"><span class='ocrx_word' id='word_1_394' title='bbox 2189 2877 2358 2930; x_wconf 78' lang='grc' dir='ltr'>ταῦθα</span> <span class='ocrx_word' id='word_1_395' title='bbox 2416 2873 2577 2947; x_wconf 84' lang='grc' dir='ltr'>μόλις</span> <span class='ocrx_word' id='word_1_396' title='bbox 2633 2877 2747 2949; x_wconf 88' lang='grc'>(38)</span> <span class='ocrx_word' id='word_1_397' title='bbox 2810 2874 2866 2929; x_wconf 73' lang='grc' dir='ltr'>ἂν</span> <span class='ocrx_word' id='word_1_398' title='bbox 2928 2875 3167 2952; x_wconf 73' lang='grc' dir='ltr'>εὑρεθείη</span> <span class='ocrx_word' id='word_1_399' title='bbox 3240 2874 3329 2929; x_wconf 86' lang='grc' dir='ltr'>καὶ</span> <span class='ocrx_word' id='word_1_400' title='bbox 3400 2874 3466 2928; x_wconf 79' lang='grc' dir='ltr'>τὰ</span> <span class='ocrx_word' id='word_1_401' title='bbox 3534 2870 3845 2945; x_wconf 74' lang='grc' dir='ltr'>ἰνδάλματα</span> 
     </span>
    </p>
   </div>
   <div class='ocr_carea' id='block_1_60' title="bbox 2194 2959 3841 3037">
    <p class='ocr_par' dir='ltr' id='par_1_60' title="bbox 2194 2959 3841 3037">
     <span class='ocr_line' id='line_1_61' title="bbox 2194 2959 3841 3037; baseline -0.002 -19"><span class='ocrx_word' id='word_1_402' title='bbox 2194 2964 2350 3035; x_wconf 79' lang='grc' dir='ltr'>Ἐμοὶ</span> <span class='ocrx_word' id='word_1_403' title='bbox 2383 2966 2476 3035; x_wconf 71' lang='grc' dir='ltr'>μὲν</span> <span class='ocrx_word' id='word_1_404' title='bbox 2509 2965 2598 3017; x_wconf 74' lang='grc' dir='ltr'>οὖν</span> <span class='ocrx_word' id='word_1_405' title='bbox 2632 2966 2747 3037; x_wconf 86' lang='grc'>(39)</span> <span class='ocrx_word' id='word_1_406' title='bbox 2780 2967 2879 3033; x_wconf 81' lang='grc' dir='ltr'>τῆς</span> <span class='ocrx_word' id='word_1_407' title='bbox 2930 2964 3005 3026; x_wconf 79' lang='grc' dir='ltr'>είς</span> <span class='ocrx_word' id='word_1_408' title='bbox 3052 2963 3211 3018; x_wconf 81' lang='grc' dir='ltr'>αὑτὸν</span> <span class='ocrx_word' id='word_1_409' title='bbox 3257 2970 3425 3036; x_wconf 86' lang='grc' dir='ltr'>τιμῆς</span> <span class='ocrx_word' id='word_1_410' title='bbox 3477 2962 3553 3025; x_wconf 81' lang='grc' dir='ltr'>εἰς</span> <span class='ocrx_word' id='word_1_411' title='bbox 3614 2959 3841 3034; x_wconf 78' lang='grc' dir='ltr'>δύναμιν</span> 
     </span>
    </p>
   </div>
   <div class='ocr_carea' id='block_1_61' title="bbox 2192 3051 3847 3131">
    <p class='ocr_par' dir='ltr' id='par_1_61' title="bbox 2192 3051 3847 3131">
     <span class='ocr_line' id='line_1_62' title="bbox 2192 3051 3847 3131; baseline 0 -23"><span class='ocrx_word' id='word_1_412' title='bbox 2192 3052 2509 3131; x_wconf 73' lang='grc' dir='ltr'>ἀφωσίωται</span> <span class='ocrx_word' id='word_1_413' title='bbox 2549 3052 2671 3107; x_wconf 78' lang='grc' dir='ltr'>ὅσον</span> <span class='ocrx_word' id='word_1_414' title='bbox 2722 3053 2812 3107; x_wconf 88' lang='grc' dir='ltr'>τὸν</span> <span class='ocrx_word' id='word_1_415' title='bbox 2861 3053 3025 3107; x_wconf 83' lang='grc' dir='ltr'>πόθον</span> <span class='ocrx_word' id='word_1_416' title='bbox 3077 3052 3478 3128; x_wconf 80' lang='grc' dir='ltr'>ἀποπληρῶσαι</span> <span class='ocrx_word' id='word_1_417' title='bbox 3528 3051 3737 3124; x_wconf 81' lang='grc' dir='ltr'>Πατρός</span> <span class='ocrx_word' id='word_1_418' title='bbox 3785 3073 3847 3108; x_wconf 87' lang='grc' dir='ltr'>τε</span> 
     </span>
    </p>
   </div>
   <div class='ocr_carea' id='block_1_62' title="bbox 2194 3140 3841 3218">
    <p class='ocr_par' dir='ltr' id='par_1_62' title="bbox 2194 3140 3841 3218">
     <span class='ocr_line' id='line_1_63' title="bbox 2194 3140 3841 3218; baseline 0 -22"><span class='ocrx_word' id='word_1_419' title='bbox 2194 3142 2394 3218; x_wconf 77' lang='grc' dir='ltr'>ἀγαθοῦ</span> <span class='ocrx_word' id='word_1_420' title='bbox 2437 3143 2525 3196; x_wconf 88' lang='grc' dir='ltr'>καὶ</span> <span class='ocrx_word' id='word_1_421' title='bbox 2572 3147 2679 3197; x_wconf 81' lang='grc' dir='ltr'>τῶν</span> <span class='ocrx_word' id='word_1_422' title='bbox 2728 3142 2794 3197; x_wconf 75' lang='grc' dir='ltr'>τὰ</span> <span class='ocrx_word' id='word_1_423' title='bbox 2841 3141 3045 3198; x_wconf 86' lang='grc' dir='ltr'>ἐκείνου</span> <span class='ocrx_word' id='word_1_424' title='bbox 3092 3140 3544 3212; x_wconf 78' lang='grc' dir='ltr'>ποθούντων,καὶ</span> <span class='ocrx_word' id='word_1_425' title='bbox 3596 3140 3753 3207; x_wconf 79' lang='grc' dir='ltr'>ὥστε,</span> <span class='ocrx_word' id='word_1_426' title='bbox 3789 3140 3841 3196; x_wconf 84' lang='grc' dir='ltr'>ἐν</span> 
     </span>
    </p>
   </div>
   <div class='ocr_carea' id='block_1_63' title="bbox 2194 3227 3844 3309">
    <p class='ocr_par' dir='ltr' id='par_1_63' title="bbox 2194 3227 3844 3309">
     <span class='ocr_line' id='line_1_64' title="bbox 2194 3227 3844 3309; baseline 0 -25"><span class='ocrx_word' id='word_1_427' title='bbox 2194 3230 2365 3306; x_wconf 83' lang='grc' dir='ltr'>ὀλίγῳ</span> <span class='ocrx_word' id='word_1_428' title='bbox 2409 3228 2824 3309; x_wconf 77' lang='grc' dir='ltr'>συνειληφότας,</span> <span class='ocrx_word' id='word_1_429' title='bbox 2874 3227 3018 3307; x_wconf 79' lang='grc' dir='ltr'>ἔχειν</span> <span class='ocrx_word' id='word_1_430' title='bbox 3075 3231 3335 3306; x_wconf 83' lang='grc' dir='ltr'>βραχεῖάν</span> <span class='ocrx_word' id='word_1_431' title='bbox 3399 3251 3519 3285; x_wconf 88' lang='grc' dir='ltr'>τινα</span> <span class='ocrx_word' id='word_1_432' title='bbox 3571 3233 3669 3285; x_wconf 78' lang='grc' dir='ltr'>τοῦ</span> <span class='ocrx_word' id='word_1_433' title='bbox 3718 3229 3844 3305; x_wconf 91' lang='grc' dir='ltr'>βίου</span> 
     </span>
    </p>
   </div>
   <div class='ocr_carea' id='block_1_64' title="bbox 418 3317 2079 3397">
    <p class='ocr_par' dir='ltr' id='par_1_64' title="bbox 418 3318 2075 3391">
     <span class='ocr_line' id='line_1_65' title="bbox 418 3318 2075 3391; baseline 0.002 -16"><span class='ocrx_word' id='word_1_434' title='bbox 418 3320 567 3376; x_wconf 87' lang='lat' dir='ltr'>votis</span> <span class='ocrx_word' id='word_1_435' title='bbox 597 3319 1021 3385; x_wconf 84' lang='lat' dir='ltr'>satisfacerem,</span> <span class='ocrx_word' id='word_1_436' title='bbox 1053 3324 1229 3388; x_wconf 88' lang='lat' dir='ltr'>atque</span> <span class='ocrx_word' id='word_1_437' title='bbox 1260 3322 1326 3372; x_wconf 93' lang='lat' dir='ltr'>ut</span> <span class='ocrx_word' id='word_1_438' title='bbox 1356 3318 1625 3390; x_wconf 85' lang='lat' dir='ltr'>exiguam</span> <span class='ocrx_word' id='word_1_439' title='bbox 1653 3322 1973 3391; x_wconf 88' lang='lat' dir='ltr'>quamdam</span> <span class='ocrx_word' id='word_1_440' title='bbox 1994 3323 2075 3378; x_wconf 87' lang='lat' dir='ltr'>vi-</span> 
     </span>
    </p>
   </div>
   <div class='ocr_carea' id='block_1_65' title="bbox 2196 3317 3839 3397">
    <p class='ocr_par' dir='ltr' id='par_1_65' title="bbox 2196 3317 3839 3397">
     <span class='ocr_line' id='line_1_66' title="bbox 2196 3317 3839 3397; baseline -0.002 -22"><span class='ocrx_word' id='word_1_441' title='bbox 2196 3322 2518 3397; x_wconf 68' lang='grc' dir='ltr'>Ξιναγραφήν·</span> <span class='ocrx_word' id='word_1_442' title='bbox 2578 3320 2647 3374; x_wconf 89' lang='grc' dir='ltr'>Τὸ</span> <span class='ocrx_word' id='word_1_443' title='bbox 2701 3320 2805 3395; x_wconf 80' lang='grc' dir='ltr'>γὰρ</span> <span class='ocrx_word' id='word_1_444' title='bbox 2881 3322 3089 3375; x_wconf 79' lang='grc' dir='ltr'>ἅπαντα</span> <span class='ocrx_word' id='word_1_445' title='bbox 3160 3317 3551 3394; x_wconf 79' lang='grc' dir='ltr'>ἐκδιηγεῖσθαι,</span> <span class='ocrx_word' id='word_1_446' title='bbox 3608 3318 3643 3385; x_wconf 72' lang='grc' dir='ltr'><strong>ἢ</strong></span> <span class='ocrx_word' id='word_1_447' title='bbox 3698 3317 3839 3392; x_wconf 81' lang='grc' dir='ltr'>πρὸς</span> 
     </span>
    </p>
   </div>
   <div class='ocr_carea' id='block_1_66' title="bbox 420 3408 2076 3480">
    <p class='ocr_par' dir='ltr' id='par_1_66' title="bbox 420 3408 2076 3480">
     <span class='ocr_line' id='line_1_67' title="bbox 420 3408 2076 3480; baseline 0.001 -14"><span class='ocrx_word' id='word_1_448' title='bbox 420 3417 489 3466; x_wconf 66' lang='lat' dir='ltr'>tte</span> <span class='ocrx_word' id='word_1_449' title='bbox 523 3408 976 3480; x_wconf 88' lang='lat' dir='ltr'>descriptionem</span> <span class='ocrx_word' id='word_1_450' title='bbox 1020 3408 1269 3462; x_wconf 89' lang='lat' dir='ltr'>breviter</span> <span class='ocrx_word' id='word_1_451' title='bbox 1317 3409 1801 3480; x_wconf 87' lang='lat' dir='ltr'>comprehensam</span> <span class='ocrx_word' id='word_1_452' title='bbox 1834 3411 2076 3468; x_wconf 88' lang='lat' dir='ltr'>habere-</span> 
     </span>
    </p>
   </div>
   <div class='ocr_carea' id='block_1_67' title="bbox 422 3495 2079 3569">
    <p class='ocr_par' dir='ltr' id='par_1_67' title="bbox 422 3495 2079 3569">
     <span class='ocr_line' id='line_1_68' title="bbox 422 3495 2079 3569; baseline 0.002 -15"><span class='ocrx_word' id='word_1_453' title='bbox 422 3515 578 3554; x_wconf 88' lang='lat' dir='ltr'>mus.</span> <span class='ocrx_word' id='word_1_454' title='bbox 605 3497 747 3552; x_wconf 90' lang='lat' dir='ltr'>Nam</span> <span class='ocrx_word' id='word_1_455' title='bbox 782 3512 986 3552; x_wconf 88' lang='lat' dir='ltr'>omnes</span> <span class='ocrx_word' id='word_1_456' title='bbox 1017 3495 1179 3550; x_wconf 90' lang='lat' dir='ltr'>illius</span> <span class='ocrx_word' id='word_1_457' title='bbox 1210 3496 1413 3551; x_wconf 87' lang='lat' dir='ltr'>laudes</span> <span class='ocrx_word' id='word_1_458' title='bbox 1460 3496 1706 3569; x_wconf 70' lang='lat' dir='ltr'>vitaeque</span> <span class='ocrx_word' id='word_1_459' title='bbox 1733 3507 2079 3557; x_wconf 85' lang='lat' dir='ltr'>ornamenta</span> 
     </span>
    </p>
   </div>
   <div class='ocr_carea' id='block_1_68' title="bbox 422 3585 2074 3659">
    <p class='ocr_par' dir='ltr' id='par_1_68' title="bbox 422 3585 2074 3659">
     <span class='ocr_line' id='line_1_69' title="bbox 422 3585 2074 3659; baseline 0.001 -16"><span class='ocrx_word' id='word_1_460' title='bbox 422 3602 730 3659; x_wconf 85' lang='lat' dir='ltr'>exponere,</span> <span class='ocrx_word' id='word_1_461' title='bbox 764 3590 865 3640; x_wconf 87' lang='lat' dir='ltr'>aut</span> <span class='ocrx_word' id='word_1_462' title='bbox 896 3601 999 3657; x_wconf 88' lang='lat' dir='ltr'>pro</span> <span class='ocrx_word' id='word_1_463' title='bbox 1048 3585 1129 3639; x_wconf 90' lang='lat' dir='ltr'>rei</span> <span class='ocrx_word' id='word_1_464' title='bbox 1176 3585 1461 3656; x_wconf 82' lang='lat' dir='ltr'>dignitate</span> <span class='ocrx_word' id='word_1_465' title='bbox 1489 3592 1760 3656; x_wconf 88' lang='lat' dir='ltr'>tractare,</span> <span class='ocrx_word' id='word_1_466' title='bbox 1791 3590 1934 3644; x_wconf 93' lang='lat' dir='ltr'>adeo</span> <span class='ocrx_word' id='word_1_467' title='bbox 1964 3590 2074 3644; x_wconf 92' lang='lat' dir='ltr'>dif-</span> 
     </span>
    </p>
   </div>
   <div class='ocr_carea' id='block_1_69' title="bbox 422 3673 2076 3749">
    <p class='ocr_par' dir='ltr' id='par_1_69' title="bbox 422 3673 2076 3749">
     <span class='ocr_line' id='line_1_70' title="bbox 422 3673 2076 3749; baseline 0.002 -18"><span class='ocrx_word' id='word_1_468' title='bbox 422 3676 573 3732; x_wconf 84' lang='lat' dir='ltr'>iicile</span> <span class='ocrx_word' id='word_1_469' title='bbox 606 3680 779 3747; x_wconf 85' lang='lat' dir='ltr'>atque</span> <span class='ocrx_word' id='word_1_470' title='bbox 806 3675 1055 3728; x_wconf 89' lang='lat' dir='ltr'>arduum</span> <span class='ocrx_word' id='word_1_471' title='bbox 1090 3673 1286 3744; x_wconf 85' lang='lat' dir='ltr'>fuerit,</span> <span class='ocrx_word' id='word_1_472' title='bbox 1321 3678 1386 3729; x_wconf 92' lang='lat' dir='ltr'>ut</span> <span class='ocrx_word' id='word_1_473' title='bbox 1441 3675 1596 3730; x_wconf 92' lang='lat' dir='ltr'>haud</span> <span class='ocrx_word' id='word_1_474' title='bbox 1649 3677 1769 3731; x_wconf 90' lang='lat' dir='ltr'>scio</span> <span class='ocrx_word' id='word_1_475' title='bbox 1810 3694 1882 3733; x_wconf 92' lang='lat' dir='ltr'>an</span> <span class='ocrx_word' id='word_1_476' title='bbox 1918 3678 2076 3749; x_wconf 91' lang='lat' dir='ltr'>quis-</span> 
     </span>
    </p>
   </div>
   <div class='ocr_carea' id='block_1_70' title="bbox 422 3762 2075 3838">
    <p class='ocr_par' dir='ltr' id='par_1_70' title="bbox 422 3762 2075 3838">
     <span class='ocr_line' id='line_1_71' title="bbox 422 3762 2075 3838; baseline 0.001 -17"><span class='ocrx_word' id='word_1_477' title='bbox 422 3783 619 3838; x_wconf 87' lang='lat' dir='ltr'>quam,</span> <span class='ocrx_word' id='word_1_478' title='bbox 649 3780 852 3819; x_wconf 87' lang='lat' dir='ltr'>eorum</span> <span class='ocrx_word' id='word_1_479' title='bbox 883 3764 1059 3817; x_wconf 88' lang='lat' dir='ltr'>etiam</span> <span class='ocrx_word' id='word_1_480' title='bbox 1091 3762 1191 3833; x_wconf 91' lang='lat' dir='ltr'>qui</span> <span class='ocrx_word' id='word_1_481' title='bbox 1250 3779 1548 3819; x_wconf 87' lang='lat' dir='ltr'>summam</span> <span class='ocrx_word' id='word_1_482' title='bbox 1576 3765 1921 3822; x_wconf 88' lang='lat' dir='ltr'>eruditionis</span> <span class='ocrx_word' id='word_1_483' title='bbox 1953 3768 2075 3824; x_wconf 88' lang='lat' dir='ltr'>lau-</span> 
     </span>
    </p>
   </div>
   <div class='ocr_carea' id='block_1_71' title="bbox 423 3850 2072 3925">
    <p class='ocr_par' dir='ltr' id='par_1_71' title="bbox 423 3850 2072 3925">
     <span class='ocr_line' id='line_1_72' title="bbox 423 3850 2072 3925; baseline 0.001 -14"><span class='ocrx_word' id='word_1_484' title='bbox 423 3859 554 3911; x_wconf 90' lang='lat' dir='ltr'>dem</span> <span class='ocrx_word' id='word_1_485' title='bbox 578 3853 875 3910; x_wconf 90' lang='lat' dir='ltr'>consecuti</span> <span class='ocrx_word' id='word_1_486' title='bbox 907 3857 1066 3915; x_wconf 88' lang='lat' dir='ltr'>sunt,</span> <span class='ocrx_word' id='word_1_487' title='bbox 1090 3850 1199 3906; x_wconf 89' lang='lat' dir='ltr'>hoc</span> <span class='ocrx_word' id='word_1_488' title='bbox 1230 3857 1506 3923; x_wconf 70' lang='lat' dir='ltr'>praestare</span> <span class='ocrx_word' id='word_1_489' title='bbox 1560 3856 1767 3925; x_wconf 91' lang='lat' dir='ltr'>possit.</span> <span class='ocrx_word' id='word_1_490' title='bbox 1797 3856 1883 3910; x_wconf 93' lang='lat' dir='ltr'>Tu</span> <span class='ocrx_word' id='word_1_491' title='bbox 1914 3873 2072 3925; x_wconf 91' lang='lat' dir='ltr'>vero,</span> 
     </span>
    </p>
   </div>
   <div class='ocr_carea' id='block_1_72' title="bbox 422 3940 2074 4015">
    <p class='ocr_par' dir='ltr' id='par_1_72' title="bbox 422 3940 2074 4015">
     <span class='ocr_line' id='line_1_73' title="bbox 422 3940 2074 4015; baseline 0.002 -15"><span class='ocrx_word' id='word_1_492' title='bbox 422 3946 589 4000; x_wconf 79' lang='lat' dir='ltr'>Pater</span> <span class='ocrx_word' id='word_1_493' title='bbox 636 3946 820 4007; x_wconf 87' lang='lat' dir='ltr'>beate,</span> <span class='ocrx_word' id='word_1_494' title='bbox 853 3944 1075 4011; x_wconf 79' lang='lat' dir='ltr'>verique</span> <span class='ocrx_word' id='word_1_495' title='bbox 1121 3940 1283 3995; x_wconf 90' lang='lat' dir='ltr'>illius</span> <span class='ocrx_word' id='word_1_496' title='bbox 1324 3942 1672 4005; x_wconf 79' lang='lat' dir='ltr'>tabernaculi</span> <span class='ocrx_word' id='word_1_497' title='bbox 1693 3945 1735 3978; x_wconf 83' lang='grc'>¹⁹</span> <span class='ocrx_word' id='word_1_498' title='bbox 1776 3943 2074 4015; x_wconf 88' lang='lat' dir='ltr'>inspector</span> 
     </span>
    </p>
   </div>
   <div class='ocr_carea' id='block_1_73' title="bbox 419 4030 2071 4099">
    <p class='ocr_par' dir='ltr' id='par_1_73' title="bbox 419 4030 2071 4099">
     <span class='ocr_line' id='line_1_74' title="bbox 419 4030 2071 4099; baseline -0.006 -9"><span class='ocrx_word' id='word_1_499' title='bbox 419 4041 479 4090; x_wconf 90' lang='lat' dir='ltr'>et</span> <span class='ocrx_word' id='word_1_500' title='bbox 504 4033 755 4099; x_wconf 79' lang='lat' dir='ltr'>conscie,</span> <span class='ocrx_word' id='word_1_501' title='bbox 792 4031 893 4085; x_wconf 91' lang='lat' dir='ltr'>ubi</span> <span class='ocrx_word' id='word_1_502' title='bbox 940 4030 1333 4085; x_wconf 71' lang='lat' dir='ltr'>exsultationi:</span> <span class='ocrx_word' id='word_1_503' title='bbox 1387 4034 1440 4085; x_wconf 78' lang='lat' dir='ltr'>et</span> <span class='ocrx_word' id='word_1_504' title='bbox 1497 4032 1693 4087; x_wconf 76' lang='lat' dir='ltr'>salutis</span> <span class='ocrx_word' id='word_1_505' title='bbox 1715 4050 1824 4089; x_wconf 72' lang='lat' dir='ltr'>vox</span> <span class='ocrx_word' id='word_1_506' title='bbox 1850 4034 1897 4070; x_wconf 76' lang='grc' dir='ltr'>⁸ο</span> <span class='ocrx_word' id='word_1_507' title='bbox 1943 4035 2071 4092; x_wconf 83' lang='lat' dir='ltr'>lau-</span> 
     </span>
    </p>
   </div>
   <div class='ocr_carea' id='block_1_74' title="bbox 418 4117 2067 4193">
    <p class='ocr_par' dir='ltr' id='par_1_74' title="bbox 418 4117 2067 4193">
     <span class='ocr_line' id='line_1_75' title="bbox 418 4117 2067 4193; baseline 0.001 -14"><span class='ocrx_word' id='word_1_508' title='bbox 418 4122 687 4179; x_wconf 86' lang='lat' dir='ltr'>dantium</span> <span class='ocrx_word' id='word_1_509' title='bbox 721 4120 903 4175; x_wconf 90' lang='lat' dir='ltr'>Deum</span> <span class='ocrx_word' id='word_1_510' title='bbox 928 4117 1289 4190; x_wconf 83' lang='lat' dir='ltr'>angelorum</span> <span class='ocrx_word' id='word_1_511' title='bbox 1326 4119 1545 4191; x_wconf 88' lang='lat' dir='ltr'>pariter</span> <span class='ocrx_word' id='word_1_512' title='bbox 1592 4139 1657 4177; x_wconf 90' lang='lat' dir='ltr'>ac</span> <span class='ocrx_word' id='word_1_513' title='bbox 1706 4128 2067 4193; x_wconf 88' lang='lat' dir='ltr'>sanctorum,</span> 
     </span>
    </p>
   </div>
   <div class='ocr_carea' id='block_1_75' title="bbox 417 4207 2067 4283">
    <p class='ocr_par' dir='ltr' id='par_1_75' title="bbox 417 4207 2067 4283">
     <span class='ocr_line' id='line_1_76' title="bbox 417 4207 2067 4283; baseline 0.001 -15"><span class='ocrx_word' id='word_1_514' title='bbox 417 4210 677 4283; x_wconf 89' lang='lat' dir='ltr'>Gregorii</span> <span class='ocrx_word' id='word_1_515' title='bbox 710 4209 816 4275; x_wconf 85' lang='lat' dir='ltr'>tui,</span> <span class='ocrx_word' id='word_1_516' title='bbox 850 4207 949 4279; x_wconf 93' lang='lat' dir='ltr'>qui</span> <span class='ocrx_word' id='word_1_517' title='bbox 973 4208 1243 4279; x_wconf 85' lang='lat' dir='ltr'>exiguam</span> <span class='ocrx_word' id='word_1_518' title='bbox 1295 4208 1445 4263; x_wconf 90' lang='lat' dir='ltr'>hanc</span> <span class='ocrx_word' id='word_1_519' title='bbox 1488 4211 1920 4268; x_wconf 88' lang='lat' dir='ltr'>oratiunculam</span> <span class='ocrx_word' id='word_1_520' title='bbox 1954 4213 2067 4270; x_wconf 83' lang='lat' dir='ltr'>ela-</span> 
     </span>
    </p>
   </div>
   <div class='ocr_carea' id='block_1_76' title="bbox 412 4297 2066 4368">
    <p class='ocr_par' dir='ltr' id='par_1_76' title="bbox 412 4297 2066 4368">
     <span class='ocr_line' id='line_1_77' title="bbox 412 4297 2066 4368; baseline 0 -11"><span class='ocrx_word' id='word_1_521' title='bbox 412 4299 660 4368; x_wconf 89' lang='lat' dir='ltr'>boravit,</span> <span class='ocrx_word' id='word_1_522' title='bbox 687 4314 911 4352; x_wconf 89' lang='lat' dir='ltr'>memor</span> <span class='ocrx_word' id='word_1_523' title='bbox 941 4300 1085 4352; x_wconf 87' lang='lat' dir='ltr'>esto.</span> <span class='ocrx_word' id='word_1_524' title='bbox 1112 4297 1389 4362; x_wconf 88' lang='lat' dir='ltr'>Quamvis</span> <span class='ocrx_word' id='word_1_525' title='bbox 1419 4298 1573 4353; x_wconf 90' lang='lat' dir='ltr'>enim</span> <span class='ocrx_word' id='word_1_526' title='bbox 1610 4300 1682 4356; x_wconf 92' lang='lat' dir='ltr'>ob</span> <span class='ocrx_word' id='word_1_527' title='bbox 1708 4301 1921 4357; x_wconf 84' lang='lat' dir='ltr'>virium</span> <span class='ocrx_word' id='word_1_528' title='bbox 1952 4302 2066 4358; x_wconf 83' lang='lat' dir='ltr'>im-</span> 
     </span>
    </p>
   </div>
   <div class='ocr_carea' id='block_1_77' title="bbox 2186 3405 3839 3484">
    <p class='ocr_par' dir='ltr' id='par_1_77' title="bbox 2186 3405 3839 3484">
     <span class='ocr_line' id='line_1_78' title="bbox 2186 3405 3839 3484; baseline -0.002 -21"><span class='ocrx_word' id='word_1_529' title='bbox 2186 3410 2355 3479; x_wconf 68' lang='grc' dir='ltr'>ἀξίαν,</span> <span class='ocrx_word' id='word_1_530' title='bbox 2389 3409 2489 3463; x_wconf 84' lang='grc' dir='ltr'>οὐκ</span> <span class='ocrx_word' id='word_1_531' title='bbox 2541 3406 2663 3463; x_wconf 74' lang='grc' dir='ltr'>οἶδα</span> <span class='ocrx_word' id='word_1_532' title='bbox 2720 3406 2771 3463; x_wconf 77' lang='grc' dir='ltr'>εἷ’</span> <span class='ocrx_word' id='word_1_533' title='bbox 2816 3430 2900 3471; x_wconf 89' lang='grc' dir='ltr'>τις</span> <span class='ocrx_word' id='word_1_534' title='bbox 2948 3410 3036 3463; x_wconf 84' lang='grc' dir='ltr'>καὶ</span> <span class='ocrx_word' id='word_1_535' title='bbox 3078 3413 3186 3463; x_wconf 80' lang='grc' dir='ltr'>τῶν</span> <span class='ocrx_word' id='word_1_536' title='bbox 3232 3407 3364 3483; x_wconf 82' lang='grc' dir='ltr'>ἄγαν</span> <span class='ocrx_word' id='word_1_537' title='bbox 3394 3407 3480 3462; x_wconf 80' lang='grc' dir='ltr'>ἐπὶ</span> <span class='ocrx_word' id='word_1_538' title='bbox 3512 3405 3673 3484; x_wconf 73' lang='grc' dir='ltr'>σοφίᾳ</span> <span class='ocrx_word' id='word_1_539' title='bbox 3715 3417 3839 3470; x_wconf 87' lang='grc' dir='ltr'>θαυ-</span> 
     </span>
    </p>
   </div>
   <div class='ocr_carea' id='block_1_78' title="bbox 2192 3495 3839 3574">
    <p class='ocr_par' dir='ltr' id='par_1_78' title="bbox 2192 3495 3839 3574">
     <span class='ocr_line' id='line_1_79' title="bbox 2192 3495 3839 3574; baseline -0.001 -23"><span class='ocrx_word' id='word_1_540' title='bbox 2192 3496 2512 3571; x_wconf 77' lang='grc' dir='ltr'>μαζομένων</span> <span class='ocrx_word' id='word_1_541' title='bbox 2567 3504 2792 3566; x_wconf 79' lang='grc' dir='ltr'>ποιῆσαι</span> <span class='ocrx_word' id='word_1_542' title='bbox 2852 3496 3143 3574; x_wconf 67' lang='grc' dir='ltr'>ίσχὺσειενυ</span> <span class='ocrx_word' id='word_1_543' title='bbox 3180 3497 3243 3552; x_wconf 69' lang='grc' dir='ltr'>σὺ</span> <span class='ocrx_word' id='word_1_544' title='bbox 3302 3495 3358 3552; x_wconf 81' lang='grc' dir='ltr'>δέ</span> <span class='ocrx_word' id='word_1_545' title='bbox 3420 3518 3535 3571; x_wconf 89' lang='grc' dir='ltr'>μοι,</span> <span class='ocrx_word' id='word_1_546' title='bbox 3570 3497 3614 3550; x_wconf 83' lang='grc' dir='ltr'><strong>ὦ</strong></span> <span class='ocrx_word' id='word_1_547' title='bbox 3669 3498 3839 3569; x_wconf 87' lang='grc' dir='ltr'>μακά-</span> 
     </span>
    </p>
   </div>
   <div class='ocr_carea' id='block_1_79' title="bbox 2187 3585 3845 3663">
    <p class='ocr_par' dir='ltr' id='par_1_79' title="bbox 2187 3585 3845 3663">
     <span class='ocr_line' id='line_1_80' title="bbox 2187 3585 3845 3663; baseline 0.001 -24"><span class='ocrx_word' id='word_1_548' title='bbox 2187 3607 2268 3661; x_wconf 91' lang='grc' dir='ltr'>ριε</span> <span class='ocrx_word' id='word_1_549' title='bbox 2327 3586 2522 3663; x_wconf 85' lang='grc' dir='ltr'>Πάτερ,</span> <span class='ocrx_word' id='word_1_550' title='bbox 2572 3586 2660 3641; x_wconf 78' lang='grc' dir='ltr'>καὶ</span> <span class='ocrx_word' id='word_1_551' title='bbox 2716 3593 2817 3656; x_wconf 89' lang='grc' dir='ltr'>τῆς</span> <span class='ocrx_word' id='word_1_552' title='bbox 2893 3595 3093 3656; x_wconf 80' lang='grc' dir='ltr'>σκηνῆς</span> <span class='ocrx_word' id='word_1_553' title='bbox 3149 3590 3249 3657; x_wconf 80' lang='grc' dir='ltr'>τῆς</span> <span class='ocrx_word' id='word_1_554' title='bbox 3303 3587 3574 3657; x_wconf 79' lang='grc' dir='ltr'>ἀληθινῆς</span> <span class='ocrx_word' id='word_1_555' title='bbox 3632 3585 3845 3641; x_wconf 77' lang='grc' dir='ltr'>ἐπόπτα</span> 
     </span>
    </p>
   </div>
   <div class='ocr_carea' id='block_1_80' title="bbox 2182 3674 3843 3755">
    <p class='ocr_par' dir='ltr' id='par_1_80' title="bbox 2182 3674 3843 3755">
     <span class='ocr_line' id='line_1_81' title="bbox 2182 3674 3843 3755; baseline 0.001 -26"><span class='ocrx_word' id='word_1_556' title='bbox 2182 3681 2271 3730; x_wconf 82' lang='grc' dir='ltr'>καὶ</span> <span class='ocrx_word' id='word_1_557' title='bbox 2310 3674 2530 3750; x_wconf 16' lang='grc' dir='ltr'>νμὺστα,</span> <span class='ocrx_word' id='word_1_558' title='bbox 2563 3674 2684 3740; x_wconf 84' lang='grc' dir='ltr'>ἔνθα</span> <span class='ocrx_word' id='word_1_559' title='bbox 2750 3678 2901 3755; x_wconf 77' lang='grc' dir='ltr'>φωνή</span> <span class='ocrx_word' id='word_1_560' title='bbox 2965 3675 3346 3752; x_wconf 84' lang='grc' dir='ltr'>ἀγαλλιάσεως</span> <span class='ocrx_word' id='word_1_561' title='bbox 3396 3677 3484 3731; x_wconf 85' lang='grc' dir='ltr'>καὶ</span> <span class='ocrx_word' id='word_1_562' title='bbox 3545 3676 3843 3751; x_wconf 77' lang='grc' dir='ltr'>σωτηρίας,</span> 
     </span>
    </p>
   </div>
   <div class='ocr_carea' id='block_1_81' title="bbox 2184 3764 3846 3843">
    <p class='ocr_par' dir='ltr' id='par_1_81' title="bbox 2184 3764 3846 3843">
     <span class='ocr_line' id='line_1_82' title="bbox 2184 3764 3846 3843; baseline 0.002 -25"><span class='ocrx_word' id='word_1_563' title='bbox 2184 3764 2497 3837; x_wconf 72' lang='grc' dir='ltr'>ὑμνούντων</span> <span class='ocrx_word' id='word_1_564' title='bbox 2531 3766 2657 3821; x_wconf 88' lang='grc' dir='ltr'>Θεὸν</span> <span class='ocrx_word' id='word_1_565' title='bbox 2691 3766 2933 3842; x_wconf 77' lang='grc' dir='ltr'>ἀγγέλων</span> <span class='ocrx_word' id='word_1_566' title='bbox 2982 3788 3041 3822; x_wconf 86' lang='grc' dir='ltr'>τε</span> <span class='ocrx_word' id='word_1_567' title='bbox 3087 3767 3176 3822; x_wconf 83' lang='grc' dir='ltr'>καὶ</span> <span class='ocrx_word' id='word_1_568' title='bbox 3227 3766 3390 3843; x_wconf 82' lang='grc' dir='ltr'>ἁγίων</span> <span class='ocrx_word' id='word_1_569' title='bbox 3420 3768 3553 3840; x_wconf 84' lang='grc'>(40),</span> <span class='ocrx_word' id='word_1_570' title='bbox 3591 3765 3846 3839; x_wconf 84' lang='grc' dir='ltr'>μέμνησο</span> 
     </span>
    </p>
   </div>
   <div class='ocr_carea' id='block_1_82' title="bbox 2184 3853 3847 3933">
    <p class='ocr_par' dir='ltr' id='par_1_82' title="bbox 2184 3853 3847 3933">
     <span class='ocr_line' id='line_1_83' title="bbox 2184 3853 3847 3933; baseline -0.001 -24"><span class='ocrx_word' id='word_1_571' title='bbox 2184 3855 2487 3931; x_wconf 83' lang='grc' dir='ltr'>Γρηγορίου</span> <span class='ocrx_word' id='word_1_572' title='bbox 2543 3859 2640 3910; x_wconf 76' lang='grc' dir='ltr'>τοῦ</span> <span class='ocrx_word' id='word_1_573' title='bbox 2695 3860 2811 3928; x_wconf 78' lang='grc' dir='ltr'>σοῦ,</span> <span class='ocrx_word' id='word_1_574' title='bbox 2868 3855 3075 3931; x_wconf 84' lang='grc' dir='ltr'>βραχέα</span> <span class='ocrx_word' id='word_1_575' title='bbox 3136 3877 3216 3917; x_wconf 90' lang='grc' dir='ltr'>ςοι</span> <span class='ocrx_word' id='word_1_576' title='bbox 3258 3853 3386 3910; x_wconf 89' lang='grc' dir='ltr'>τάδε</span> <span class='ocrx_word' id='word_1_577' title='bbox 3436 3853 3847 3933; x_wconf 71' lang='grc' dir='ltr'>φιλοσοφήσαν-</span> 
     </span>
    </p>
   </div>
   <div class='ocr_carea' id='block_1_83' title="bbox 2178 3941 3846 4020">
    <p class='ocr_par' dir='ltr' id='par_1_83' title="bbox 2178 3941 3846 4020">
     <span class='ocr_line' id='line_1_84' title="bbox 2178 3941 3846 4020; baseline 0 -21"><span class='ocrx_word' id='word_1_578' title='bbox 2178 3964 2291 4005; x_wconf 89' lang='grc' dir='ltr'>τος.</span> <span class='ocrx_word' id='word_1_579' title='bbox 2327 3943 2391 3998; x_wconf 86' lang='grc' dir='ltr'>Εἰ</span> <span class='ocrx_word' id='word_1_580' title='bbox 2440 3945 2543 4020; x_wconf 84' lang='grc' dir='ltr'>γὰρ</span> <span class='ocrx_word' id='word_1_581' title='bbox 2586 3944 2675 3998; x_wconf 89' lang='grc' dir='ltr'>καὶ</span> <span class='ocrx_word' id='word_1_582' title='bbox 2707 3951 2807 4013; x_wconf 88' lang='grc' dir='ltr'>τῆς</span> <span class='ocrx_word' id='word_1_583' title='bbox 2836 3942 3116 4017; x_wconf 86' lang='grc' dir='ltr'>δυνάμεως</span> <span class='ocrx_word' id='word_1_584' title='bbox 3146 3941 3339 3999; x_wconf 80' lang='grc' dir='ltr'>ἐνδέων</span> <span class='ocrx_word' id='word_1_585' title='bbox 3387 3946 3501 4015; x_wconf 87' lang='grc'>(41)</span> <span class='ocrx_word' id='word_1_586' title='bbox 3529 3950 3629 4012; x_wconf 84' lang='grc' dir='ltr'>τῆς</span> <span class='ocrx_word' id='word_1_587' title='bbox 3687 3942 3846 4016; x_wconf 77' lang='grc' dir='ltr'>ἀξίας</span> 
     </span>
    </p>
   </div>
   <div class='ocr_carea' id='block_1_84' title="bbox 2180 4031 3841 4108">
    <p class='ocr_par' dir='ltr' id='par_1_84' title="bbox 2180 4031 3841 4108">
     <span class='ocr_line' id='line_1_85' title="bbox 2180 4031 3841 4108; baseline -0.001 -21"><span class='ocrx_word' id='word_1_588' title='bbox 2180 4032 2659 4107; x_wconf 87' lang='grc' dir='ltr'>ἀπολιμπάνομαι,</span> <span class='ocrx_word' id='word_1_589' title='bbox 2691 4033 2787 4087; x_wconf 84' lang='grc' dir='ltr'>κπὶ</span> <span class='ocrx_word' id='word_1_590' title='bbox 2838 4035 2949 4107; x_wconf 85' lang='grc'>(42)</span> <span class='ocrx_word' id='word_1_591' title='bbox 2980 4037 3145 4087; x_wconf 80' lang='grc' dir='ltr'>ταῦτα</span> <span class='ocrx_word' id='word_1_592' title='bbox 3182 4031 3307 4108; x_wconf 82' lang='grc' dir='ltr'>περὶ</span> <span class='ocrx_word' id='word_1_593' title='bbox 3358 4038 3456 4087; x_wconf 81' lang='grc' dir='ltr'>σοῦ</span> <span class='ocrx_word' id='word_1_594' title='bbox 3486 4035 3600 4106; x_wconf 90' lang='grc'>(43)</span> <span class='ocrx_word' id='word_1_595' title='bbox 3632 4032 3841 4107; x_wconf 82' lang='grc' dir='ltr'>λέγων,</span> 
     </span>
    </p>
   </div>
   <div class='ocr_carea' id='block_1_85' title="bbox 2178 4116 3835 4197">
    <p class='ocr_par' dir='ltr' id='par_1_85' title="bbox 2178 4116 3835 4197">
     <span class='ocr_line' id='line_1_86' title="bbox 2178 4116 3835 4197; baseline -0.001 -21"><span class='ocrx_word' id='word_1_596' title='bbox 2178 4120 2305 4177; x_wconf 86' lang='grc' dir='ltr'>ἀλλ’</span> <span class='ocrx_word' id='word_1_597' title='bbox 2337 4122 2397 4176; x_wconf 80' lang='grc' dir='ltr'>οὐ</span> <span class='ocrx_word' id='word_1_598' title='bbox 2434 4116 2621 4194; x_wconf 77' lang='grc' dir='ltr'>μέμψῃ</span> <span class='ocrx_word' id='word_1_599' title='bbox 2650 4125 2718 4194; x_wconf 82' lang='grc' dir='ltr'>τῇ</span> <span class='ocrx_word' id='word_1_600' title='bbox 2772 4120 3071 4197; x_wconf 85' lang='grc' dir='ltr'>προθυμίᾳ.</span> <span class='ocrx_word' id='word_1_601' title='bbox 3110 4122 3189 4190; x_wconf 82' lang='grc' dir='ltr'>Σή</span> <span class='ocrx_word' id='word_1_602' title='bbox 3240 4120 3343 4196; x_wconf 84' lang='grc' dir='ltr'>γάρ</span> <span class='ocrx_word' id='word_1_603' title='bbox 3396 4121 3537 4176; x_wconf 74' lang='grc' dir='ltr'>ἐστιν</span> <span class='ocrx_word' id='word_1_604' title='bbox 3584 4120 3761 4191; x_wconf 85' lang='grc' dir='ltr'>ἐκείνη</span> <span class='ocrx_word' id='word_1_605' title='bbox 3801 4126 3835 4193; x_wconf 81' lang='grc' dir='ltr'>ἡ</span> 
     </span>
    </p>
   </div>
   <div class='ocr_carea' id='block_1_86' title="bbox 2176 4208 3835 4288">
    <p class='ocr_par' dir='ltr' id='par_1_86' title="bbox 2176 4208 3835 4288">
     <span class='ocr_line' id='line_1_87' title="bbox 2176 4208 3835 4288; baseline 0.003 -24"><span class='ocrx_word' id='word_1_606' title='bbox 2176 4212 2295 4287; x_wconf 77' lang='grc' dir='ltr'>ἱερὰ</span> <span class='ocrx_word' id='word_1_607' title='bbox 2362 4211 2655 4288; x_wconf 74' lang='grc' dir='ltr'>φωνή,καὶ</span> <span class='ocrx_word' id='word_1_608' title='bbox 2714 4214 2830 4282; x_wconf 87' lang='grc' dir='ltr'>Θεῷ</span> <span class='ocrx_word' id='word_1_609' title='bbox 2888 4208 3120 4287; x_wconf 82' lang='grc' dir='ltr'>λέγουσα</span> <span class='ocrx_word' id='word_1_610' title='bbox 3178 4209 3335 4288; x_wconf 76' lang='grc' dir='ltr'>φίλον</span> <span class='ocrx_word' id='word_1_611' title='bbox 3384 4210 3517 4265; x_wconf 77' lang='grc' dir='ltr'>εἶναι</span> <span class='ocrx_word' id='word_1_612' title='bbox 3575 4212 3636 4265; x_wconf 87' lang='grc' dir='ltr'>τὸ</span> <span class='ocrx_word' id='word_1_613' title='bbox 3693 4215 3835 4268; x_wconf 84' lang='grc' dir='ltr'>κατά</span> 
     </span>
    </p>
   </div>
   <div class='ocr_carea' id='block_1_87' title="bbox 2178 4297 2573 4375">
    <p class='ocr_par' dir='ltr' id='par_1_87' title="bbox 2178 4297 2573 4375">
     <span class='ocr_line' id='line_1_88' title="bbox 2178 4297 2573 4375; baseline 0.003 -21"><span class='ocrx_word' id='word_1_614' title='bbox 2178 4297 2403 4374; x_wconf 78' lang='grc' dir='ltr'>δύναμιν</span> <span class='ocrx_word' id='word_1_615' title='bbox 2438 4302 2573 4375; x_wconf 92' lang='grc'>(44).</span> 
     </span>
    </p>
   </div>
   <div class='ocr_carea' id='block_1_88' title="bbox 409 4385 3836 4462">
    <p class='ocr_par' dir='ltr' id='par_1_88' title="bbox 409 4385 3836 4462">
     <span class='ocr_line' id='line_1_89' title="bbox 409 4385 3836 4462; baseline -0.001 -16"><span class='ocrx_word' id='word_1_616' title='bbox 409 4389 786 4447; x_wconf 83' lang='lat' dir='ltr'>becillitatem</span> <span class='ocrx_word' id='word_1_617' title='bbox 816 4385 1129 4441; x_wconf 74' lang='lat' dir='ltr'>virtutibus</span> <span class='ocrx_word' id='word_1_618' title='bbox 1160 4386 1276 4441; x_wconf 89' lang='lat' dir='ltr'>tuis</span> <span class='ocrx_word' id='word_1_619' title='bbox 1308 4402 1508 4458; x_wconf 88' lang='lat' dir='ltr'>parem</span> <span class='ocrx_word' id='word_1_620' title='bbox 1540 4389 1863 4445; x_wconf 88' lang='lat' dir='ltr'>orationem</span> <span class='ocrx_word' id='word_1_621' title='bbox 1915 4408 2031 4446; x_wconf 92' lang='lat' dir='ltr'>non</span> <span class='ocrx_word' id='word_1_622' title='bbox 2085 4389 2404 4457; x_wconf 87' lang='lat' dir='ltr'>attulerim,</span> <span class='ocrx_word' id='word_1_623' title='bbox 2448 4390 2625 4461; x_wconf 90' lang='lat' dir='ltr'>idque</span> <span class='ocrx_word' id='word_1_624' title='bbox 2675 4390 2745 4444; x_wconf 90' lang='lat' dir='ltr'>de</span> <span class='ocrx_word' id='word_1_625' title='bbox 2790 4393 2845 4444; x_wconf 87' lang='lat' dir='ltr'>te</span> <span class='ocrx_word' id='word_1_626' title='bbox 2892 4389 3066 4445; x_wconf 89' lang='lat' dir='ltr'>verba</span> <span class='ocrx_word' id='word_1_627' title='bbox 3118 4390 3375 4458; x_wconf 87' lang='lat' dir='ltr'>faciens;</span> <span class='ocrx_word' id='word_1_628' title='bbox 3417 4386 3836 4462; x_wconf 86' lang='lat' dir='ltr'>promptitudi-</span> 
     </span>
    </p>
   </div>
   <div class='ocr_carea' id='block_1_89' title="bbox 408 4473 3829 4553">
    <p class='ocr_par' dir='ltr' id='par_1_89' title="bbox 408 4473 3829 4553">
     <span class='ocr_line' id='line_1_90' title="bbox 408 4473 3829 4553; baseline 0 -17"><span class='ocrx_word' id='word_1_629' title='bbox 408 4495 543 4536; x_wconf 90' lang='lat' dir='ltr'>nem</span> <span class='ocrx_word' id='word_1_630' title='bbox 575 4482 773 4533; x_wconf 86' lang='lat' dir='ltr'>tamen</span> <span class='ocrx_word' id='word_1_631' title='bbox 822 4474 1003 4531; x_wconf 87' lang='lat' dir='ltr'>animi</span> <span class='ocrx_word' id='word_1_632' title='bbox 1052 4473 1511 4546; x_wconf 88' lang='lat' dir='ltr'>haudquaquam</span> <span class='ocrx_word' id='word_1_633' title='bbox 1561 4479 1883 4537; x_wconf 86' lang='lat' dir='ltr'>accusabis.</span> <span class='ocrx_word' id='word_1_634' title='bbox 1934 4480 2059 4535; x_wconf 90' lang='lat' dir='ltr'>Tua</span> <span class='ocrx_word' id='word_1_635' title='bbox 2105 4480 2263 4536; x_wconf 88' lang='lat' dir='ltr'>enim</span> <span class='ocrx_word' id='word_1_636' title='bbox 2310 4496 2417 4535; x_wconf 83' lang='lat' dir='ltr'>vox</span> <span class='ocrx_word' id='word_1_637' title='bbox 2467 4478 2569 4535; x_wconf 91' lang='lat' dir='ltr'>illa</span> <span class='ocrx_word' id='word_1_638' title='bbox 2608 4495 2775 4536; x_wconf 88' lang='lat' dir='ltr'>sacra</span> <span class='ocrx_word' id='word_1_639' title='bbox 2816 4485 2925 4550; x_wconf 88' lang='lat' dir='ltr'>est,</span> <span class='ocrx_word' id='word_1_640' title='bbox 2976 4479 3092 4535; x_wconf 88' lang='lat' dir='ltr'>Deo</span> <span class='ocrx_word' id='word_1_641' title='bbox 3131 4479 3189 4535; x_wconf 92' lang='lat' dir='ltr'>id</span> <span class='ocrx_word' id='word_1_642' title='bbox 3223 4484 3456 4553; x_wconf 91' lang='lat' dir='ltr'>gratum</span> <span class='ocrx_word' id='word_1_643' title='bbox 3488 4494 3636 4546; x_wconf 83' lang='lat' dir='ltr'>esse,</span> <span class='ocrx_word' id='word_1_644' title='bbox 3671 4483 3829 4550; x_wconf 89' lang='lat' dir='ltr'>quod</span> 
     </span>
    </p>
   </div>
   <div class='ocr_carea' id='block_1_90' title="bbox 405 4564 994 4639">
    <p class='ocr_par' dir='ltr' id='par_1_90' title="bbox 405 4564 994 4639">
     <span class='ocr_line' id='line_1_91' title="bbox 405 4564 994 4639; baseline -0.008 -13"><span class='ocrx_word' id='word_1_645' title='bbox 405 4569 629 4626; x_wconf 88' lang='lat' dir='ltr'>viribus</span> <span class='ocrx_word' id='word_1_646' title='bbox 661 4564 994 4639; x_wconf 85' lang='lat' dir='ltr'>respondet.</span> 
     </span>
    </p>
   </div>
   <div class='ocr_carea' id='block_1_91' title="bbox 477 4799 1529 4871">
    <p class='ocr_par' dir='ltr' id='par_1_91' title="bbox 477 4799 1529 4871">
     <span class='ocr_line' id='line_1_92' title="bbox 477 4799 1529 4871; baseline -0.005 -10"><span class='ocrx_word' id='word_1_647' title='bbox 477 4807 522 4841; x_wconf 79' lang='grc'>¹⁹</span> <span class='ocrx_word' id='word_1_648' title='bbox 551 4804 722 4860; x_wconf 86' lang='lat' dir='ltr'>Hebr.</span> <span class='ocrx_word' id='word_1_649' title='bbox 756 4818 875 4871; x_wconf 83' lang='lat' dir='ltr'>VIII,</span> <span class='ocrx_word' id='word_1_650' title='bbox 895 4803 951 4855; x_wconf 90' lang='lat'>2.</span> <span class='ocrx_word' id='word_1_651' title='bbox 983 4800 1029 4835; x_wconf 82' lang='grc'>²⁰</span> <span class='ocrx_word' id='word_1_652' title='bbox 1061 4799 1210 4855; x_wconf 88' lang='lat' dir='ltr'>Psal.</span> <span class='ocrx_word' id='word_1_653' title='bbox 1243 4816 1417 4868; x_wconf 84' lang='lat' dir='ltr'>cxvu,</span> <span class='ocrx_word' id='word_1_654' title='bbox 1444 4800 1529 4856; x_wconf 86' lang='lat'>15.</span> 
     </span>
    </p>
   </div>
   <div class='ocr_carea' id='block_1_92' title="bbox 476 5032 2055 5114">
    <p class='ocr_par' dir='ltr' id='par_1_92' title="bbox 476 5032 2055 5114">
     <span class='ocr_line' id='line_1_93' title="bbox 476 5032 2055 5114; baseline -0.003 -18"><span class='ocrx_word' id='word_1_655' title='bbox 476 5038 933 5114; x_wconf 13' lang='lat' dir='ltr'>(33)gMontac._et</span> <span class='ocrx_word' id='word_1_656' title='bbox 954 5032 1213 5114; x_wconf 24' lang='lat' dir='ltr'>alii‘edit.</span> <span class='ocrx_word' id='word_1_657' title='bbox 1240 5033 1578 5114; x_wconf 46' lang='lat' dir='ltr'>sic‘volunt,</span> <span class='ocrx_word' id='word_1_658' title='bbox 1602 5050 1705 5091; x_wconf 91' lang='lat' dir='ltr'>nec</span> <span class='ocrx_word' id='word_1_659' title='bbox 1738 5052 1853 5091; x_wconf 90' lang='lat' dir='ltr'>non</span> <span class='ocrx_word' id='word_1_660' title='bbox 1886 5035 2055 5092; x_wconf 89' lang='lat' dir='ltr'>codd.</span> 
     </span>
    </p>
   </div>
   <div class='ocr_carea' id='block_1_93' title="bbox 400 5102 1483 5169">
    <p class='ocr_par' dir='ltr' id='par_1_93' title="bbox 400 5102 1483 5169">
     <span class='ocr_line' id='line_1_94' title="bbox 400 5102 1483 5169; baseline -0.007 0"><span class='ocrx_word' id='word_1_661' title='bbox 400 5102 742 5169; x_wconf 31' lang='lat' dir='ltr'>PfetColb.</span> <span class='ocrx_word' id='word_1_662' title='bbox 774 5110 829 5164; x_wconf 78' lang='grc'>2.</span> <span class='ocrx_word' id='word_1_663' title='bbox 866 5108 927 5162; x_wconf 88' lang='lat' dir='ltr'>In</span> <span class='ocrx_word' id='word_1_664' title='bbox 959 5106 1097 5161; x_wconf 84' lang='lat' dir='ltr'>edit.</span> <span class='ocrx_word' id='word_1_665' title='bbox 1130 5102 1483 5161; x_wconf 81' lang='grc' dir='ltr'>καταλέλιπε.</span> 
     </span>
    </p>
   </div>
   <div class='ocr_carea' id='block_1_94' title="bbox 494 5176 1235 5252">
    <p class='ocr_par' dir='ltr' id='par_1_94' title="bbox 494 5176 1235 5252">
     <span class='ocr_line' id='line_1_95' title="bbox 494 5176 1235 5252; baseline -0.008 -14"><span class='ocrx_word' id='word_1_666' title='bbox 494 5185 584 5249; x_wconf 88' lang='grc'>34)</span> <span class='ocrx_word' id='word_1_667' title='bbox 612 5182 748 5237; x_wconf 88' lang='lat' dir='ltr'>Cod.</span> <span class='ocrx_word' id='word_1_668' title='bbox 866 5180 1081 5252; x_wconf 69' lang='grc' dir='ltr'>πρῶτον</span> <span class='ocrx_word' id='word_1_669' title='bbox 1118 5176 1235 5252; x_wconf 67' lang='grc' dir='ltr'>μέν.</span> 
     </span>
    </p>
   </div>
   <div class='ocr_carea' id='block_1_95' title="bbox 472 5184 1216 5325">
    <p class='ocr_par' dir='ltr' id='par_1_95' title="bbox 472 5184 1216 5325">
     <span class='ocr_line' id='line_1_96' title="bbox 494 5184 1211 5252; baseline -0.015 -14"><span class='ocrx_word' id='word_1_670' title='bbox 494 5185 584 5249; x_wconf 85' lang='grc'>34)</span> <span class='ocrx_word' id='word_1_671' title='bbox 612 5184 748 5237; x_wconf 88' lang='lat' dir='ltr'>Cod.</span> <span class='ocrx_word' id='word_1_672' title='bbox 781 5184 841 5234; x_wconf 93' lang='lat' dir='ltr'>P.</span> <span class='ocrx_word' id='word_1_673' title='bbox 866 5184 1081 5252; x_wconf 81' lang='grc' dir='ltr'>πρῶτον</span> <span class='ocrx_word' id='word_1_674' title='bbox 1118 5184 1211 5246; x_wconf 77' lang='grc' dir='ltr'>μὲν</span> 
     </span>
     <span class='ocr_line' id='line_1_97' title="bbox 472 5184 1216 5325; baseline -0.011 -15"><span class='ocrx_word' id='word_1_675' title='bbox 472 5184 584 5325; x_wconf 73' lang='grc'>(35)</span> <span class='ocrx_word' id='word_1_676' title='bbox 606 5253 743 5308; x_wconf 83' lang='lat' dir='ltr'>Cod.</span> <span class='ocrx_word' id='word_1_677' title='bbox 780 5251 838 5306; x_wconf 85' lang='lat' dir='ltr'>P.</span> <span class='ocrx_word' id='word_1_678' title='bbox 865 5245 1109 5325; x_wconf 76' lang='grc' dir='ltr'>δεύτερον</span> <span class='ocrx_word' id='word_1_679' title='bbox 1140 5245 1216 5325; x_wconf 29' lang='grc' dir='ltr'>δέ..</span> 
     </span>
    </p>
   </div>
   <div class='ocr_carea' id='block_1_96' title="bbox 474 5319 2049 5415">
    <p class='ocr_par' dir='ltr' id='par_1_96' title="bbox 474 5319 2049 5415">
     <span class='ocr_line' id='line_1_98' title="bbox 474 5319 2049 5415; baseline -0.001 -35"><span class='ocrx_word' id='word_1_680' title='bbox 474 5319 587 5415; x_wconf 54' lang='grc'>(36)</span> <span class='ocrx_word' id='word_1_681' title='bbox 617 5329 862 5379; x_wconf 83' lang='lat' dir='ltr'>Montac.</span> <span class='ocrx_word' id='word_1_682' title='bbox 896 5326 953 5377; x_wconf 89' lang='lat' dir='ltr'>et</span> <span class='ocrx_word' id='word_1_683' title='bbox 982 5319 1079 5377; x_wconf 89' lang='lat' dir='ltr'>alii</span> <span class='ocrx_word' id='word_1_684' title='bbox 1112 5321 1249 5377; x_wconf 89' lang='lat' dir='ltr'>edit.</span> <span class='ocrx_word' id='word_1_685' title='bbox 1312 5336 1377 5375; x_wconf 90' lang='lat' dir='ltr'>ac</span> <span class='ocrx_word' id='word_1_686' title='bbox 1425 5319 1593 5375; x_wconf 91' lang='lat' dir='ltr'>codd.</span> <span class='ocrx_word' id='word_1_687' title='bbox 1625 5319 1785 5377; x_wconf 88' lang='lat' dir='ltr'>Colb.</span> <span class='ocrx_word' id='word_1_688' title='bbox 1816 5325 1872 5393; x_wconf 88' lang='lat'>2,</span> <span class='ocrx_word' id='word_1_689' title='bbox 1906 5328 1959 5378; x_wconf 84' lang='lat' dir='ltr'>et</span> <span class='ocrx_word' id='word_1_690' title='bbox 1988 5322 2049 5378; x_wconf 91' lang='lat' dir='ltr'>P.</span> 
     </span>
    </p>
   </div>
   <div class='ocr_carea' id='block_1_97' title="bbox 398 5399 2048 5594">
    <p class='ocr_par' dir='ltr' id='par_1_97' title="bbox 398 5399 2048 5594">
     <span class='ocr_line' id='line_1_99' title="bbox 398 5399 2048 5592; baseline -0.002 -68"><span class='ocrx_word' id='word_1_691' title='bbox 398 5399 700 5592; x_wconf 52' lang='grc' dir='ltr'>’ίρξξῆνῖῗεῐ</span> <span class='ocrx_word' id='word_1_692' title='bbox 728 5448 978 5520; x_wconf 77' lang='lat' dir='ltr'>Montac.</span> <span class='ocrx_word' id='word_1_693' title='bbox 1013 5467 1070 5517; x_wconf 90' lang='lat' dir='ltr'>et</span> <span class='ocrx_word' id='word_1_694' title='bbox 1118 5462 1215 5517; x_wconf 88' lang='lat' dir='ltr'>alii</span> <span class='ocrx_word' id='word_1_695' title='bbox 1272 5462 1436 5543; x_wconf 78' lang='lat' dir='ltr'>edit.,</span> <span class='ocrx_word' id='word_1_696' title='bbox 1470 5476 1574 5516; x_wconf 91' lang='lat' dir='ltr'>nec</span> <span class='ocrx_word' id='word_1_697' title='bbox 1620 5478 1734 5518; x_wconf 91' lang='lat' dir='ltr'>non</span> <span class='ocrx_word' id='word_1_698' title='bbox 1766 5464 1933 5520; x_wconf 90' lang='lat' dir='ltr'>codd.</span> <span class='ocrx_word' id='word_1_699' title='bbox 1962 5464 2048 5536; x_wconf 89' lang='lat' dir='ltr'>P.,</span> 
     </span>
     <span class='ocr_line' id='line_1_100' title="bbox 401 5533 1839 5594; baseline -0.007 0"><span class='ocrx_word' id='word_1_700' title='bbox 401 5538 479 5594; x_wconf 89' lang='lat' dir='ltr'>Co</span> <span class='ocrx_word' id='word_1_701' title='bbox 508 5541 563 5593; x_wconf 92' lang='lat' dir='ltr'>b.</span> <span class='ocrx_word' id='word_1_702' title='bbox 599 5539 622 5591; x_wconf 99' lang='lat'>1</span> <span class='ocrx_word' id='word_1_703' title='bbox 651 5543 708 5592; x_wconf 86' lang='lat' dir='ltr'>et</span> <span class='ocrx_word' id='word_1_704' title='bbox 736 5540 792 5594; x_wconf 86' lang='grc'>2.</span> <span class='ocrx_word' id='word_1_705' title='bbox 816 5552 882 5589; x_wconf 91' lang='lat' dir='ltr'>ac</span> <span class='ocrx_word' id='word_1_706' title='bbox 911 5534 1166 5590; x_wconf 84' lang='lat' dir='ltr'>Combef.</span> <span class='ocrx_word' id='word_1_707' title='bbox 1205 5535 1267 5588; x_wconf 90' lang='lat' dir='ltr'>In</span> <span class='ocrx_word' id='word_1_708' title='bbox 1302 5533 1442 5588; x_wconf 76' lang='lat' dir='ltr'>edit.</span> <span class='ocrx_word' id='word_1_709' title='bbox 1476 5552 1623 5594; x_wconf 85' lang='grc' dir='ltr'>αγων</span> <span class='ocrx_word' id='word_1_710' title='bbox 1656 5535 1839 5592; x_wconf 77' lang='lat' dir='ltr'>deest.</span> 
     </span>
    </p>
   </div>
   <div class='ocr_carea' id='block_1_98' title="bbox 448 5550 1839 5695">
    <p class='ocr_par' dir='ltr' id='par_1_98' title="bbox 448 5550 1839 5695">
     <span class='ocr_line' id='line_1_101' title="bbox 448 5550 1839 5606; baseline -0.001 -12"><span class='ocrx_word' id='word_1_711' title='bbox 448 5550 563 5596; x_wconf 76' lang='grc' dir='ltr'>οη).</span> <span class='ocrx_word' id='word_1_712' title='bbox 599 5550 622 5591; x_wconf 86' lang='grc'>1</span> <span class='ocrx_word' id='word_1_713' title='bbox 651 5550 708 5592; x_wconf 87' lang='lat' dir='ltr'>et</span> <span class='ocrx_word' id='word_1_714' title='bbox 736 5550 792 5602; x_wconf 67' lang='grc' dir='ltr'>κ,</span> <span class='ocrx_word' id='word_1_715' title='bbox 816 5552 882 5589; x_wconf 90' lang='lat' dir='ltr'>ac</span> <span class='ocrx_word' id='word_1_716' title='bbox 911 5550 1166 5590; x_wconf 81' lang='lat' dir='ltr'>uomneI.</span> <span class='ocrx_word' id='word_1_717' title='bbox 1205 5550 1267 5588; x_wconf 87' lang='lat' dir='ltr'>In</span> <span class='ocrx_word' id='word_1_718' title='bbox 1302 5550 1442 5588; x_wconf 72' lang='lat' dir='ltr'>eant.</span> <span class='ocrx_word' id='word_1_719' title='bbox 1476 5552 1623 5606; x_wconf 86' lang='grc' dir='ltr'>αγων</span> <span class='ocrx_word' id='word_1_720' title='bbox 1656 5550 1839 5592; x_wconf 79' lang='lat' dir='ltr'>deest.</span> 
     </span>
     <span class='ocr_line' id='line_1_102' title="bbox 474 5601 1413 5695; baseline -0.011 -28"><span class='ocrx_word' id='word_1_721' title='bbox 474 5609 589 5695; x_wconf 83' lang='grc'>(38)</span> <span class='ocrx_word' id='word_1_722' title='bbox 621 5608 799 5666; x_wconf 84' lang='lat' dir='ltr'>Codd.</span> <span class='ocrx_word' id='word_1_723' title='bbox 823 5604 983 5663; x_wconf 90' lang='lat' dir='ltr'>Colb.</span> <span class='ocrx_word' id='word_1_724' title='bbox 1015 5607 1039 5673; x_wconf 70' lang='grc'>1</span> <span class='ocrx_word' id='word_1_725' title='bbox 1078 5610 1135 5662; x_wconf 85' lang='lat' dir='ltr'>et</span> <span class='ocrx_word' id='word_1_726' title='bbox 1160 5608 1195 5660; x_wconf 87' lang='grc'>2</span> <span class='ocrx_word' id='word_1_727' title='bbox 1230 5601 1413 5679; x_wconf 85' lang='grc' dir='ltr'>μόγις.</span> 
     </span>
    </p>
   </div>
   <div class='ocr_carea' id='block_1_99' title="bbox 2238 5032 3819 5104">
    <p class='ocr_par' dir='ltr' id='par_1_99' title="bbox 2238 5032 3819 5104">
     <span class='ocr_line' id='line_1_103' title="bbox 2238 5032 3819 5104; baseline 0.006 -19"><span class='ocrx_word' id='word_1_728' title='bbox 2238 5032 2351 5104; x_wconf 88' lang='grc'>(39)</span> <span class='ocrx_word' id='word_1_729' title='bbox 2381 5032 2539 5088; x_wconf 90' lang='lat' dir='ltr'>Colb.</span> <span class='ocrx_word' id='word_1_730' title='bbox 2578 5033 2603 5087; x_wconf 94' lang='lat'>1</span> <span class='ocrx_word' id='word_1_731' title='bbox 2634 5036 2691 5087; x_wconf 89' lang='lat' dir='ltr'>et</span> <span class='ocrx_word' id='word_1_732' title='bbox 2726 5035 2883 5104; x_wconf 14' lang='lat' dir='ltr'>2A.Aac</span> <span class='ocrx_word' id='word_1_733' title='bbox 2940 5032 3197 5093; x_wconf 84' lang='lat' dir='ltr'>Combei.</span> <span class='ocrx_word' id='word_1_734' title='bbox 3231 5034 3451 5092; x_wconf 89' lang='lat' dir='ltr'>habent</span> <span class='ocrx_word' id='word_1_735' title='bbox 3496 5035 3562 5089; x_wconf 79' lang='grc' dir='ltr'>τὰ</span> <span class='ocrx_word' id='word_1_736' title='bbox 3590 5040 3691 5104; x_wconf 82' lang='grc' dir='ltr'>τῆς</span> <span class='ocrx_word' id='word_1_737' title='bbox 3721 5034 3819 5098; x_wconf 81' lang='grc' dir='ltr'>εἷς.</span> 
     </span>
    </p>
   </div>
   <div class='ocr_carea' id='block_1_100' title="bbox 2166 5100 2987 5177">
    <p class='ocr_par' dir='ltr' id='par_1_100' title="bbox 2166 5100 2987 5177">
     <span class='ocr_line' id='line_1_104' title="bbox 2166 5100 2987 5177; baseline 0.001 -19"><span class='ocrx_word' id='word_1_738' title='bbox 2166 5100 2297 5177; x_wconf 72' lang='grc' dir='ltr'>Μόχ</span> <span class='ocrx_word' id='word_1_739' title='bbox 2317 5100 2443 5160; x_wconf 70' lang='lat' dir='ltr'>cod.</span> <span class='ocrx_word' id='word_1_740' title='bbox 2474 5105 2533 5159; x_wconf 90' lang='lat' dir='ltr'>P.</span> <span class='ocrx_word' id='word_1_741' title='bbox 2566 5104 2717 5177; x_wconf 53' lang='lat' dir='ltr'>meai</span> <span class='ocrx_word' id='word_1_742' title='bbox 2741 5100 2987 5177; x_wconf 73' lang='grc' dir='ltr'>δύναμιν.</span> 
     </span>
    </p>
   </div>
   <div class='ocr_carea' id='block_1_101' title="bbox 2237 5174 3078 5249">
    <p class='ocr_par' dir='ltr' id='par_1_101' title="bbox 2237 5174 3078 5249">
     <span class='ocr_line' id='line_1_105' title="bbox 2237 5174 3078 5249; baseline 0.004 -21"><span class='ocrx_word' id='word_1_743' title='bbox 2371 5177 2517 5249; x_wconf 64' lang='grc' dir='ltr'>βοᾷ.</span> <span class='ocrx_word' id='word_1_744' title='bbox 2552 5176 2609 5230; x_wconf 84' lang='grc' dir='ltr'>Ρ.</span> <span class='ocrx_word' id='word_1_745' title='bbox 2633 5174 2723 5249; x_wconf 84' lang='grc' dir='ltr'>καὶ</span> <span class='ocrx_word' id='word_1_746' title='bbox 2756 5174 3078 5249; x_wconf 84' lang='grc' dir='ltr'>ἀνθρώπων.</span> 
     </span>
    </p>
   </div>
   <div class='ocr_carea' id='block_1_102' title="bbox 2236 5243 3138 5319">
    <p class='ocr_par' dir='ltr' id='par_1_102' title="bbox 2236 5243 3138 5319">
     <span class='ocr_line' id='line_1_106' title="bbox 2236 5243 3138 5319; baseline 0.002 -19"><span class='ocrx_word' id='word_1_747' title='bbox 2236 5243 2350 5319; x_wconf 77' lang='grc'>(41)</span> <span class='ocrx_word' id='word_1_748' title='bbox 2371 5243 2598 5319; x_wconf 75' lang='grc' dir='ltr'>Ἐνδὲων</span> <span class='ocrx_word' id='word_1_749' title='bbox 2632 5248 2796 5304; x_wconf 89' lang='lat' dir='ltr'>deest</span> <span class='ocrx_word' id='word_1_750' title='bbox 2828 5243 2885 5303; x_wconf 87' lang='lat' dir='ltr'>in</span> <span class='ocrx_word' id='word_1_751' title='bbox 2912 5250 3040 5305; x_wconf 90' lang='lat' dir='ltr'>cod.</span> <span class='ocrx_word' id='word_1_752' title='bbox 3075 5254 3138 5303; x_wconf 92' lang='lat' dir='ltr'>P.</span> 
     </span>
    </p>
   </div>
   <div class='ocr_carea' id='block_1_103' title="bbox 2233 5318 2957 5391">
    <p class='ocr_par' dir='ltr' id='par_1_103' title="bbox 2233 5318 2957 5391">
     <span class='ocr_line' id='line_1_107' title="bbox 2233 5318 2957 5391; baseline 0.006 -20"><span class='ocrx_word' id='word_1_753' title='bbox 2233 5318 2349 5391; x_wconf 70' lang='grc'>(42)</span> <span class='ocrx_word' id='word_1_754' title='bbox 2380 5318 2536 5391; x_wconf 73' lang='lat' dir='ltr'>Orat.</span> <span class='ocrx_word' id='word_1_755' title='bbox 2571 5320 2629 5391; x_wconf 90' lang='lat' dir='ltr'>in</span> <span class='ocrx_word' id='word_1_756' title='bbox 2653 5320 2957 5391; x_wconf 86' lang='lat' dir='ltr'>Basilium.</span> 
     </span>
    </p>
   </div>
   <div class='ocr_carea' id='block_1_104' title="bbox 2207 5387 3819 5493">
    <p class='ocr_par' dir='ltr' id='par_1_104' title="bbox 2207 5387 3819 5493">
     <span class='ocr_line' id='line_1_108' title="bbox 2207 5387 3819 5493; baseline 0.002 -50"><span class='ocrx_word' id='word_1_757' title='bbox 2207 5387 2343 5493; x_wconf 57' lang='lat'>1(4&#39;3)</span> <span class='ocrx_word' id='word_1_758' title='bbox 2374 5388 2530 5447; x_wconf 86' lang='lat' dir='ltr'>Colb.</span> <span class='ocrx_word' id='word_1_759' title='bbox 2559 5390 2615 5459; x_wconf 83' lang='lat'>2,</span> <span class='ocrx_word' id='word_1_760' title='bbox 2652 5389 2783 5466; x_wconf 71' lang='grc' dir='ltr'>ὑπὲρ</span> <span class='ocrx_word' id='word_1_761' title='bbox 2831 5395 2945 5445; x_wconf 73' lang='grc' dir='ltr'>σοῦ.</span> <span class='ocrx_word' id='word_1_762' title='bbox 2999 5392 3129 5447; x_wconf 86' lang='lat' dir='ltr'>Mox</span> <span class='ocrx_word' id='word_1_763' title='bbox 3173 5392 3300 5447; x_wconf 91' lang='lat' dir='ltr'>cod.</span> <span class='ocrx_word' id='word_1_764' title='bbox 3354 5391 3412 5446; x_wconf 90' lang='lat' dir='ltr'>P.</span> <span class='ocrx_word' id='word_1_765' title='bbox 3471 5387 3598 5447; x_wconf 86' lang='grc' dir='ltr'>ἀλλ’</span> <span class='ocrx_word' id='word_1_766' title='bbox 3629 5390 3718 5446; x_wconf 81' lang='grc' dir='ltr'>οὗν</span> <span class='ocrx_word' id='word_1_767' title='bbox 3752 5392 3819 5447; x_wconf 84' lang='grc' dir='ltr'>οὑ</span> 
     </span>
    </p>
   </div>
   <div class='ocr_carea' id='block_1_105' title="bbox 2208 5481 3809 5605">
    <p class='ocr_par' dir='ltr' id='par_1_105' title="bbox 2208 5481 3809 5605">
     <span class='ocr_line' id='line_1_109' title="bbox 2208 5481 3809 5605; baseline 0.002 -18"><span class='ocrx_word' id='word_1_768' title='bbox 2208 5481 2509 5605; x_wconf 41' lang='grc' dir='ltr'>ὕδίῖῗϐοό.</span> <span class='ocrx_word' id='word_1_769' title='bbox 2544 5534 2604 5589; x_wconf 87' lang='grc' dir='ltr'>Ρ.</span> <span class='ocrx_word' id='word_1_770' title='bbox 2638 5534 2820 5603; x_wconf 84' lang='lat' dir='ltr'>addit,</span> <span class='ocrx_word' id='word_1_771' title='bbox 2846 5531 2929 5588; x_wconf 75' lang='grc' dir='ltr'>ὅτι</span> <span class='ocrx_word' id='word_1_772' title='bbox 2962 5531 3109 5605; x_wconf 85' lang='grc' dir='ltr'>αὐτῷ</span> <span class='ocrx_word' id='word_1_773' title='bbox 3136 5535 3170 5603; x_wconf 77' lang='grc' dir='ltr'>ἡ</span> <span class='ocrx_word' id='word_1_774' title='bbox 3195 5531 3321 5605; x_wconf 79' lang='grc' dir='ltr'>δόξα</span> <span class='ocrx_word' id='word_1_775' title='bbox 3352 5532 3426 5595; x_wconf 63' lang='grc' dir='ltr'>είς</span> <span class='ocrx_word' id='word_1_776' title='bbox 3455 5532 3584 5599; x_wconf 80' lang='grc' dir='ltr'>τοὺς</span> <span class='ocrx_word' id='word_1_777' title='bbox 3613 5534 3809 5598; x_wconf 74' lang='grc' dir='ltr'>αἰῶνας</span> 
     </span>
    </p>
   </div>
   <div class='ocr_carea' id='block_1_106' title="bbox 2156 5603 2759 5681">
    <p class='ocr_par' dir='ltr' id='par_1_106' title="bbox 2156 5603 2759 5681">
     <span class='ocr_line' id='line_1_110' title="bbox 2156 5603 2759 5681; baseline 0.012 -26"><span class='ocrx_word' id='word_1_778' title='bbox 2156 5606 2265 5659; x_wconf 81' lang='grc' dir='ltr'>τῶν</span> <span class='ocrx_word' id='word_1_779' title='bbox 2297 5603 2530 5663; x_wconf 78' lang='grc' dir='ltr'>αἰώνων.</span> <span class='ocrx_word' id='word_1_780' title='bbox 2559 5606 2759 5681; x_wconf 73' lang='grc' dir='ltr'>Ἀμήν.</span> 
     </span>
    </p>
   </div>
  </div>
