4100 6402
286 398 402 462 305

1164 391 1547 458 VETERUM
1588 392 1690 453 ET
1734 392 2305 454 RECENTIORUM
2350 392 2858 455 TESTIMONIA.

3601 390 3722 452 806

1023 676 1533 762 SELECTA
1596 674 2169 763 VETERUM
2246 674 2969 763 'I‘ESTIMONIA.

1384 855 1463 915 IN
1511 854 1833 916 LAUDEM
1881 854 2165 915 SANCTI
2213 855 2610 915 GREGORII.

1654 1134 1761 1196 Ea:
1789 1132 2021 1195 Basilio
2047 1133 2238 1215 (epist.
2271 1135 2388 1216 8).-

359 1275 557 1334 Σκεῦος
587 1271 826 1345 ἐκλογῆς
876 1270 966 1324 καὶ
1011 1270 1177 1347 φρέαρ
1236 1268 1391 1343 βαθῦο
1444 1266 1588 1343 λέγω
1636 1264 1695 1323 δὲ
1740 1267 1802 1322 τὸ
1839 1271 1937 1322 τοῦ

2122 1273 2239 1324 Vas
2270 1269 2589 1340 electionis,
2614 1273 2669 1325 et
2699 1274 2910 1341 puteus
2944 1270 3295 1342 profundus,
3318 1287 3383 1326 os
3410 1269 3538 1325 dico
3558 1269 3716 1325 Chri'

285 1361 526 1436 Χριστοῦ
556 1358 733 1433 στόμα
762 1358 1083 1434 Γρηγόριον.

2051 1359 2125 1415 sti
2163 1358 2530 1429 Gregorium.

629 1486 737 1548 Ex
763 1486 1153 1569 Hieronymo,
1190 1485 1493 1562 Catologo
1524 1485 1738 1563 script.
1774 1484 2025 1558 eccles.,
2068 1505 2128 1557 η,
2167 1502 2355 1557 cxvu,
2408 1494 2545 1544 tom.
2599 1486 2699 1557 IV,
2729 1494 2893 1563 part.
2912 1501 2980 1557 II,
3038 1503 3184 1564 pag.
3227 1486 3364 1544 126.

360 1592 685 1660 Gregorius,
720 1590 976 1663 primum
1022 1591 1412 1655 Sasimorum,
1454 1590 1663 1645 deinde
1695 1590 1938 1645 Nazian-

282 1696 468 1735 zenus
516 1680 843 1751 episcopus,
892 1680 981 1733 vir
1032 1679 1575 1750 eloquentissimus,
1624 1682 1942 1749 praeceptor

283 1785 472 1833 meus,
508 1784 541 1822 a
570 1785 679 1839 quo
726 1768 1052 1840 scripturas
1102 1767 1449 1839 explanante
1500 1767 1698 1834 didici,
1734 1769 1805 1821 ad
1838 1767 1938 1821 tri-

280 1858 445 1930 ginta
476 1856 663 1912 millia
691 1873 967 1912 versuum
1003 1856 1200 1910 omnia
1230 1873 1403 1927 opera
1452 1872 1559 1910 sua
1588 1858 1936 1927 composuit,

281 1964 312 2003 e
342 1946 557 2019 quibus
592 1944 691 2001 illa
722 1948 900 2000 sunt:
936 1946 1012 1999 De
1054 1952 1225 1999 morte
1264 1945 1459 2016 fratris
1511 1945 1774 2005 Ctesarii;
1811 1943 1936 2018 Περὶ

279 2033 690 2111 φιλοπτωχίας·
744 2033 954 2089 Laudes
998 2034 1475 2095 Machaba’orum;
1523 2034 1730 2089 Laudes
1777 2035 1941 2089 Atha-

278 2127 463 2186 nasii;
493 2123 713 2179 Laudes
742 2123 975 2178 Maximi
999 2121 1341 2193 philosOphi,
1383 2127 1513 2194 post
1542 2122 1811 2178 exsilium
1844 2140 1937 2179 re-

278 2213 448 2282 versi,
476 2228 653 2284 quem
697 2212 843 2268 falso
892 2211 1131 2266 nomine
1164 2211 1405 2282 quidam
1455 2212 1701 2268 Heronis
1732 2229 1937 2284 super-

282 2304 646 2375 scripserunt
672 2318 685 2356 :
721 2302 863 2372 quia
892 2306 981 2356 est
1012 2304 1069 2355 et
1099 2300 1249 2355 alius
1272 2300 1421 2356 liber
1448 2300 1937 2372 vituperationem

281 2394 549 2464 ejusdem
566 2389 803 2445 Maximi
829 2388 1171 2459 continens;
1195 2389 1359 2459 quasi
1397 2406 1512 2444 non
1534 2389 1937 2445 licueriteum-

2052 1592 2181 1645 dem
2216 1595 2272 1645 et
2302 1589 2543 1645 laudare
2576 1594 2633 1645 et
2661 1590 2989 1660 vituperare
3024 1606 3123 1660 pro
3155 1594 3434 1660 tempore.
3470 1594 3536 1643 Et
3564 1588 3710 1644 liber

2050 1679 2385 1734 hexametro
2417 1696 2606 1743 versu,
2641 1679 2997 1750 virginitatis
3040 1683 3096 1733 et
3134 1678 3472 1748 nuptiarum
3506 1683 3709 1733 contra

2051 1784 2112 1823 se
2142 1768 2580 1823 disserentium.
2616 1768 2912 1823 Adversum
2956 1769 3287 1822 Eunomium
3338 1768 3481 1821 liber
3512 1785 3704 1835 unus;

2054 1859 2123 1913 De
2150 1859 2366 1924 Spiritu
2394 1866 2576 1911 sancto
2606 1856 2752 1912 liber
2784 1874 2937 1911 unus
2963 1875 2975 1924 ;
3000 1865 3186 1912 contra
3214 1858 3504 1912 lulianum
3535 1860 3708 1927 impe-

2048 1956 2289 2001 ratorem
2321 1944 2452 1999 libri
2485 1946 2619 2000 duo.
2656 1946 2904 2000 Secutus
2948 1950 3037 1999 est
3083 1949 3280 1999 autem
3335 1944 3707 1999 Polemonem

2048 2034 2279 2089 dicendi
2335 2038 2665 2089 caractere:
2719 2034 2964 2105 vivoque
2994 2050 3054 2087 se
3103 2033 3445 2104 episcopum
3496 2033 3551 2087 in
3587 2033 3709 2089 loco

2049 2140 2155 2179 suo
2205 2123 2508 2190 ordinans,
2560 2123 2677 2177 ruri
2731 2123 2908 2176 vitam
2959 2121 3231 2176 monachi
3272 2122 3546 2177 exercuit.
3595 2123 3709 2177 De-

2048 2213 2341 2283 cessitque
2373 2218 2507 2267 ante
2530 2212 2637 2267 hoc
2670 2212 2848 2267 ferme
2871 2211 3214 2281 triennium,
3242 2204 3351 2266 sub
3384 2211 3707 2268 Theodosio

2046 2302 2330 2374 principe.

988 2512 1093 2574 Ea:
1124 2514 1361 2593 Rufino.
1399 2513 1655 2595 Prologo
1686 2516 1747 2575 in
1780 2521 1938 2577 orat.
1970 2515 2271 2595 Gregorii,
2307 2535 2452 2595 quas
2480 2516 2691 2576 Latine
2720 2514 3001 2575 reddidit.

355 2622 692 2696 Gregorius,
746 2623 834 2677 vir
881 2640 984 2694 per
1040 2623 1236 2677 omnia
1283 2621 1780 2694 incomparabilis,
1836 2622 1937 2694 qui

280 2715 457 2771 verbo
508 2718 566 2769 et
591 2712 871 2785 operibus
899 2711 1112 2779 clarus,
1141 2710 1691 2784 splendidissimum
1735 2711 1935 2767 lumen

280 2804 541 2862 scientiae
572 2802 787 2859 Christi
831 2799 1100 2856 Ecclesiis
1148 2801 1420 2872 praebuit,
1452 2801 1591 2855 dum
1635 2817 1701 2855 ea
1740 2801 1938 2856 docuit

279 2912 409 2966 quae
440 2892 597 2962 fecit,
626 2908 730 2946 nec
779 2890 1037 2962 seipsum
1088 2890 1499 2945 condemnavit
1545 2891 1768 2962 agendo
1801 2908 1937 2945 con-

276 2984 463 3039 traria
493 2997 670 3053 quam
721 2980 980 3035 docebat.
1036 2981 1099 3034 Et
1139 2981 1329 3034 muttis
1381 2981 1713 3051 interjectis:
1748 2981 1935 3052 Hujus

280 3087 473 3144 neque
502 3070 616 3125 vita
647 3068 867 3140 aliquid
916 3068 1278 3140 probabilius
1328 3073 1384 3123 et
1432 3069 1714 3135 sanctius,
1749 3088 1937 3140 neque

278 3159 616 3233 eloquentia
646 3158 861 3214 clarius
892 3163 949 3213 et
995 3157 1306 3223 illustrius,
1360 3174 1548 3229 neque
1589 3160 1698 3214 ﬁde
1732 3159 1935 3229 purius

278 3257 334 3308 et
364 3249 600 3316 rectius,
634 3263 824 3318 neque
868 3246 1116 3302 scientia
1149 3245 1376 3317 plenius
1416 3252 1473 3301 et
1501 3248 1815 3319 perfectius
1846 3248 1935 3303 in-

2047 2623 2242 2679 venire
2272 2628 2484 2695 potest,
2518 2628 2713 2696 utpote
2744 2623 2842 2695 qui
2866 2622 3027 2679 solus
3054 2624 3131 2680 sit
3160 2625 3230 2679 de
3260 2623 3429 2694 cujus
3462 2624 3575 2679 fide
3607 2642 3707 2680 ne-

2048 2712 2397 2768 dissidentes
2432 2713 2668 2785 quidem
2700 2713 2852 2767 inter
2880 2729 2940 2767 se
2958 2716 3048 2782 (ut
3079 2711 3200 2767 fieri
3235 2711 3402 2782 solet)
3436 2717 3627 2782 partes
3651 2718 3710 2768 et

2047 2802 2242 2857 studia
2273 2802 2573 2874 disputare
2607 2801 2938 2873 potuerint:
2977 2803 3073 2857 sed
3112 2802 3167 2856 id
3202 2801 3519 2856 obtinuerit
3551 2803 3706 2873 apud

2046 2891 2361 2946 Dominum
2396 2896 2451 2945 et
2475 2891 2759 2947 Ecclesiae
2793 2891 2889 2947 Dei
2918 2889 3129 2958 meriti,
3166 2896 3231 2945 ut
3253 2891 3590 2963 quicunque
3612 2908 3713 2945 au-

2046 2998 2149 3037 sus
2183 2980 2352 3036 fuerit
2382 2980 2661 3037 doctrinae
2691 2982 2817 3051 ejus
2849 2981 2907 3035 in
2937 2979 3133 3052 aliquo
3164 2980 3463 3051 refragari,
3500 2997 3569 3035 ex
3599 2980 3709 3036 hoc

2046 3070 2172 3141 ipso
2206 3071 2343 3141 quia
2376 3071 2498 3141 ipse
2530 3071 2717 3143 magis
2751 3070 2827 3126 sit
2858 3070 3162 3125 haereticus
3195 3074 3493 3141 arguatur.
3528 3070 3709 3126 Mani-

2045 3161 2260 3215 festum
2295 3176 2550 3231 namque
2580 3160 2865 3215 indicium
2906 3164 3012 3227 est,
3048 3177 3164 3214 non
3210 3175 3339 3215 esse
3372 3164 3537 3215 rectm
3573 3160 3708 3217 ﬁdei

2045 3249 2369 3314 hominem,
2401 3250 2503 3320 qui
2537 3249 2594 3303 in
2628 3250 2741 3304 fide
2772 3250 3047 3322 Gregorio
3081 3266 3196 3304 non
3228 3251 3563 3305 concordat.

954 3373 1061 3433 Ex
1100 3372 1397 3434 iheodoro
1432 3374 1695 3435 Studita.
1731 3376 1920 3436 lamb.
1948 3394 2137 3452 LXVII,
2166 3396 2311 3457 pag.
2360 3378 2498 3451 766,
2525 3375 2667 3436 edit.
2703 3374 3035 3436 Sirmondi.

422 3483 669 3554 Βροντῶν
700 3480 768 3566 ’Ξᾶ
796 3479 913 3532 Beia
1176 3482 1280 3569 τῷν
1311 3474 1625 3568 δογμάτων,

426 3546 677 3637 ’Ἡχησας
708 3546 882 3637 ὅντως
896 3546 1004 3617 τήν
1028 3546 1373 3625 ὖπόυράνιον,
1391 3546 1609 3637 ’μάκαρ

427 3617 541 3696 Κοιῖ
555 3617 725 3696 πάσας
755 3621 911 3696 ἀπρῖξ
948 3617 1199 3696 μωράνας
1230 3623 1325 3684 τὰς
1356 3617 1610 3696 αἱρέσεις,

425 3694 526 3748 Τὸν
560 3692 766 3765 κόσμον
803 3692 1079 3769 ἐστήριξοις
1112 3692 1161 3746 ἐν
1193 3699 1309 3755 τοῖς
1342 3692 1457 3755 σοῖς
1491 3694 1699 3769 λόγοις.

1966 3485 2014 3549 Β

2189 3484 2324 3550 Quae
2356 3487 2414 3538 tu
2442 3484 2652 3553 potenti
2678 3499 2802 3538 voce
2831 3483 3029 3554 [adisti
3054 3491 3246 3538 tonans

2191 3556 2451 3620 Oracuta,
2485 3557 2680 3617 omnis,
2714 3554 2855 3624 dive,
2890 3554 3125 3609 mundus
3154 3554 3371 3609 audiit:

2188 3628 2577 3695 Perimensrlue
2606 3630 2825 3680 cunctas
2856 3627 3091 3682 haereses
3117 3628 3410 3693 radicitus,

2190 3698 2382 3751 Orbem
2412 3700 2730 3751 universum
2758 3714 2932 3753 sermo
2962 3698 3207 3767 ﬁrmavit
3238 3707 3381 3752 tuus.

986 3819 1145 3880 Idem
1179 3819 1322 3880 ibid.
1351 3819 1754 3881 Antirrhetico
1786 3837 1829 3881 ῙῙ
1860 3820 2159 3881 adversus
2189 3822 2659 3894 lconomacbos,
2687 3841 2830 3901 pag.
2870 3823 3003 3881 1’23.

352 3923 453 3979 Καὶ
513 3921 578 3995 δὴ
641 3923 979 3997 ἀκουσόμεθα
1034 3930 1139 3979 τῶν
1168 3926 1611 4002 κορυφαιοτάτων
1656 3926 1932 4000 Πατὲρων,

279 4013 591 4089 Βρηγορίου
627 4013 719 4087 μὲν
743 4018 839 4069 τοῦ
868 4012 1165 4089 Θεολόγου.
1248 4058 1261 4071 .
1344 4058 1357 4071 .
1439 4012 1725 4070 Βασιλείου
1752 4012 1809 4069 δὲ
1836 4019 1934 4069 τοῦ

280 4101 560 4179 Μεγάλου.

863 4194 956 4247 Ἐκ
982 4196 1089 4247 τῶν
1128 4190 1349 4249 Σουίδα.

349 4296 705 4375 Γρηγόριος,
785 4304 1087 4369 Ναζιανζοῦ
1153 4298 1444 4362 ἐπίσκοπος
1521 4302 1801 4373 (σταθμὸς
1878 4297 1936 4356 δὲ

280 4388 417 4443 ἐστιν
478 4388 637 4450 οὗτος
693 4386 1152 4461 Καππαδοκίας),
1213 4389 1349 4463 ἀνὴρ
1429 4387 1883 4465 ἐλλογιμώτατος
1919 4435 1932 4460 ,

277 4478 569 4552 ἀναγκαῖος
617 4476 776 4554 φίλος
826 4478 1109 4532 Βασιλείου
1160 4482 1256 4532 τοῦ
1307 4486 1406 4547 τῆς
1450 4478 1767 4555 Καισαρείας
1818 4478 1933 4533 ἐπι-

279 4566 505 4636 σκόπου,
537 4573 641 4634 τῆς
685 4566 735 4620 ἐν
788 4565 1160 4639 Καππαδοκίᾳ.
1212 4567 1381 4629 Οὗτος
1431 4568 1491 4622 οὗ
1545 4569 1709 4640 μόνον
1756 4590 1934 4644 γραμ-

2116 3928 2435 3983 Audiemus
2468 3932 2619 3983 certe
2651 3928 2810 3999 ipsos
2843 3928 3077 3983 Patrum
3110 3929 3464 4001 coryphaos,
3490 3928 3709 4000 Grego-

2046 4017 2198 4073 rium
2223 4018 2606 4089 Theologum.
2639 4054 2689 4071 ..
2720 4059 2731 4071 .
2762 4058 2772 4070 .
2802 4059 2813 4071 .
2839 4017 3123 4073 Basilium
3145 4035 3379 4089 quoque
3403 4018 3708 4090 Magnum.

2258 4198 2341 4251 Ea:
2370 4195 2560 4263 Suida,
2588 4194 2778 4251 Lexic.
2813 4205 2945 4252 tom.
2978 4196 3021 4262 I,
3050 4212 3178 4267 pag.
3214 4196 3340 4252 196.

2117 4302 2453 4374 Gregorius,
2476 4302 2786 4373 episcopus
2808 4302 3206 4357 Nazianzenus
3237 4303 3349 4375 (est
3372 4306 3565 4359 autem
3589 4302 3710 4356 Na—

2044 4391 2282 4446 zianzus
2296 4390 2467 4445 statio
2482 4390 3526 4462 Cappadociae),vireloquentissimus
3550 4407 3711 4445 sum-

2048 4498 2181 4535 mus
2211 4481 2437 4534 amicus
2470 4480 2665 4534 Basilii
2697 4480 2967 4534 Caesareas
2999 4479 3378 4551 Cappadociae
3405 4480 3567 4533 urbis
3590 4480 3709 4550 epi-

2047 4570 2226 4639 scOpi.
2256 4570 2355 4623 Hic
2380 4586 2494 4623 non
2527 4568 2699 4623 modo
2721 4568 3119 4639 grammatica
3138 4568 3507 4640 poeticesque
3534 4569 3709 4623 laude

282 4656 507 4728 ματικὸς
553 4654 643 4709 καὶ
691 4654 757 4709 τὰ
806 4654 860 4717 ἐς
902 4656 999 4725 τήν
1052 4655 1273 4726 ποίησιν
1319 4654 1512 4728 δεξιὸς,
1560 4654 1705 4710 ἀλλὰ
1735 4656 1934 4729 πολλῷ

2050 4658 2307 4724 ﬂorebat,
2342 4658 2440 4713 sed
2476 4658 2659 4711 multo
2685 4658 2872 4727 magis
2896 4656 3324 4726 philos0phiam
3352 4657 3705 4724 excoluerat,

276 4743 467 4799 πλεῖον
519 4743 609 4798 καὶ
661 4743 735 4806 εἰς
784 4741 1109 4821 φιλοσοφίαν
1158 4744 1445 4817 ἰξήσκητο,
1497 4744 1583 4799 καὶ
1636 4745 1818 4821 ῥήτωρ
1864 4747 1930 4815 ἦν

278 4830 616 4909 ἀμφιδέξιος.
670 4833 841 4895 Οὗτος
899 4830 1097 4909 ἔγραψε
1151 4830 1534 4909 καταλογάδην
1584 4832 1787 4891 πολλά.
1839 4834 1930 4897 Εἷς

277 4921 380 4995 γὰρ
439 4925 584 4996 τρεῖς
646 4918 907 4996 μυριάδας
974 4920 1179 4997 στίχων
1238 4922 1304 4976 τὰ
1363 4924 1709 4997 συντάγματα
1768 4923 1931 4978 αὐτοῦ

279 5011 560 5081 συνέθηκεν
598 5027 611 5040 ’
673 5010 760 5086 ἀφ’
814 5011 888 5065 ὧν
944 5011 1044 5066 εἶσι
1105 5009 1274 5066 τάδε’
1333 5012 1462 5085 Περὶ
1519 5015 1616 5081 τῆς
1673 5012 1931 5082 τελευτῆς

276 5102 373 5153 τοῦ
420 5095 660 5174 ἀδελφοῦ
714 5100 1032 5173 Καισαρείου
1064 5147 1079 5173 ,
1133 5099 1418 5178 ἐπιτάφιος
1467 5101 1542 5163 εἷς
1596 5103 1685 5157 τὸν
1740 5103 1931 5157 ἑαυτοῦ

277 5188 502 5263 πατέρα,
532 5184 716 5263 ἕτερος
763 5188 839 5250 εἷς
888 5190 985 5258 τήν
1036 5187 1276 5266 ἀδελφὴν
1330 5190 1644 5265 Γοργονίαν,
1681 5192 1808 5265 Περὶ
1842 5214 1928 5269 φι-

278 5275 604 5353 λοπτωχίας
639 5324 652 5348 ,
711 5280 964 5333 ’Ἑπαινοι

276 5370 583 5443 Κυπριανοῦ
617 5412 630 5438 ,
691 5372 944 5423 Ἕποιινοι

274 5476 365 5518 νος
443 5455 746 5534 φιλοσόφου
798 5477 811 5489 ·

278 5544 436 5622 λόγοι
489 5543 605 5619 δύο,
668 5549 798 5623 Περὶ
853 5552 951 5603 τοῦ
1010 5546 1171 5624 ἀγίου
1230 5546 1544 5620 Πνεῦματος
1612 5546 1779 5623 λόγος
1835 5549 1931 5622 εἷς,

274 5635 640 5713 πανηγυρικοὶ
698 5634 853 5714 λόγοι
914 5634 1060 5707 δέκα,
1120 5638 1208 5692 καὶ
1265 5633 1439 5714 ἕτεροι
1496 5635 1785 5711 πλεῖστοι,
1844 5639 1933 5694 καὶ

277 5730 411 5783 πᾶσι
457 5726 755 5805 γνώριμοι.
803 5726 1180 5798 Ἠκολούϐησε
1227 5724 1283 5784 δὲ
1328 5730 1406 5783 τῶ
1455 5724 1789 5801 Πολέμωνος
1836 5748 1935 5803 χα-

1043 5284 1147 5333 τῶν
1211 5275 1617 5348 Μακκαϐαίων,
1680 5282 1932 5335 Ἕταινοι

1004 5368 1321 5423 Ἀθανασίου
1357 5415 1370 5441 ,
1431 5375 1679 5424 ’Έπαινοι
1749 5372 1929 5444 Ἥρω-

869 5458 1015 5513 Kurd
1094 5457 1396 5513 ’[ουλιανοῦ
1485 5463 1582 5513 τοῦ
1664 5459 1931 5533 βασιλέως

2047 4752 2219 4818 atque
2250 4748 2308 4801 in
2341 4747 2594 4801 oratoria
2625 4746 2896 4800 facultate
2926 4746 3177 4817 insignis
3207 4750 3349 4800 erat.
3383 4746 3561 4800 Prosa
3581 4761 3705 4799 ora-

2045 4837 2200 4891 tione
2231 4835 2520 4905 permulta
2568 4834 2932 4905 conscripsit.
2983 4835 3066 4889 Ad
3100 4834 3343 4905 triginta
3388 4833 3545 4888 enim
3577 4850 3704 4888 ver-
3778 4876 3781 4877 ν

2042 4942 2218 4980 suum
2253 4924 2434 4979 millia
2483 4940 2660 4995 cpera
2689 4939 2796 4977 sua
2844 4923 3161 4988 contexuit,
3205 4940 3272 4977 ex
3316 4923 3531 4993 quibus
3564 4925 3704 4977 sunt

2043 5014 2201 5080 haec;
2236 5016 2307 5069 De
2353 5022 2525 5069 morte
2575 5012 2802 5067 Cesarii
2846 5014 3069 5082 fratris,
3124 5010 3385 5067 funebris
3426 5011 3610 5066 oratio
3641 5010 3700 5066 in

2041 5104 2200 5158 obitu
2237 5104 2437 5173 patris,
2473 5102 2655 5157 altera
2683 5102 2740 5155 in
2791 5102 2988 5156 funere
3019 5100 3317 5170 Gorgonis:
3359 5100 3599 5170 sororis,
3630 5100 3704 5157 De

2040 5208 2345 5263 pauperum
2377 5208 2586 5257 amore,
2639 5191 2848 5246 Laudes
2897 5191 3356 5256 Maehabaeorum,
3411 5190 3703 5261 Cypriani,

2041 5284 2355 5351 Athanasii,
2416 5283 2649 5336 Neronis
2706 5280 3036 5350 philosOphi,
3090 5281 3354 5334 adversus
3410 5280 3705 5335 Julianum

2042 5373 2337 5426 orationes
2369 5374 2516 5437 duae,
2553 5372 2627 5425 De
2670 5370 2883 5439 Spiritu
2911 5372 3098 5424 saneto
3129 5369 3275 5423 liber
3317 5385 3493 5433 unus,
3525 5386 3702 5439 pane-

2044 5461 2249 5533 gyricae
2281 5460 2574 5516 orationes
2604 5460 2825 5528 decem,
2859 5458 3098 5527 aliaeque
3127 5458 3457 5529 complures
3489 5474 3553 5513 ac
3580 5457 3703 5513 cui-

2042 5551 2132 5607 vis
2164 5556 2331 5605 notae.
2365 5551 2609 5603 Secutus
2641 5553 2729 5603 est
2758 5548 2815 5601 in
2848 5546 3142 5601 scribendi
3190 5562 3401 5617 genere
3432 5546 3703 5601 Polemo-

2043 5655 2177 5695 nem
2211 5638 2649 5703 Laodicensem,
2682 5636 2781 5708 qui
2814 5637 3074 5707 Smyrna;
3108 5634 3456 5691 rhetoricam
3481 5634 3700 5702 docuit,

2044 5735 2219 5801 atque
2254 5728 2527 5785 Aristidis
2572 5724 2821 5784 oratoris
2869 5730 3189 5798 praeceptor
3232 5723 3476 5780 exstitit.
3507 5723 3702 5779 Alium
