4100 6410
390 416 509 478 307

383 635 789 708 virginitatem
810 638 869 690 et
896 636 1076 690 vitam
1100 636 1473 706 conjugatam
1496 650 1595 705 per
1617 650 1678 689 se
1702 634 2057 689 disserentes

385 723 639 791 inducit,
673 723 907 796 aliaque
940 724 1117 779 etiam
1151 727 1498 795 argumenta
1533 722 1691 777 omni
1724 720 2055 777 carminum

389 828 603 886 genere
633 812 973 885 complexus
1021 816 1129 878 est,
1180 828 1305 883 quae
1355 812 1593 882 quidem
1650 811 1721 865 ad
1762 826 2057 865 summam

394 903 711 972 subducta,
745 900 987 974 triginta
1015 916 1293 957 versuum
1335 899 1523 955 millia
1568 900 1905 955 conﬁciunt.
1938 903 2057 954 Hu-

385 992 489 1062 jus
521 1007 693 1063 porro
723 989 980 1060 Gregorii
1015 989 1262 1044 Arianus
1284 1006 1518 1060 quoque
1548 989 1976 1060 Philostorgius
2000 988 2060 1042 in

394 1081 489 1137 sui
520 1080 801 1152 temporis
830 1078 1077 1134 historia
1126 1079 1485 1133 mentionem
1533 1079 1670 1134 facit
1700 1079 1792 1133 his
1826 1078 2017 1133 verbis
2047 1084 2060 1123 ε

397 1191 428 1219 ‹‹
463 1169 540 1225 Ea
569 1172 917 1239 tempestate
947 1167 1262 1237 Gregorius
1294 1166 1351 1220 in
1388 1167 1532 1221 urbe
1563 1166 1929 1221 Nazianzena
1959 1166 2061 1220 ﬂo-

395 1257 564 1313 rebat
594 1259 704 1326 (est
724 1261 918 1311 autem
944 1255 1269 1310 Nazianzus
1315 1255 1492 1309 statio
1516 1254 1937 1327 Cappadociae),
1962 1255 2065 1311 Ba-

396 1346 569 1402 silius
602 1345 660 1399 in
692 1348 951 1400 Caesarea
979 1343 1353 1415 Cappadociae
1378 1344 1606 1410 urbe,et
1625 1343 2063 1415 Appollinarius

396 1434 459 1491 in
488 1434 766 1489 Laodicea
794 1433 992 1505 Syriae.
1026 1432 1093 1487 Hi
1125 1437 1244 1487 tres
1290 1432 1399 1487 viri
1450 1449 1552 1504 pro
1600 1432 1969 1499 homoousio,
2003 1433 2061 1487 id

394 1530 484 1581 est
505 1521 1020 1588 consubstantiali,
1043 1522 1324 1577 adversus
1346 1537 1444 1577 eos
1472 1520 1573 1593 qui
1596 1520 1721 1575 Filii
1744 1522 2061 1578 essentiam

391 1628 427 1668 a
460 1611 652 1667 Patris
682 1610 941 1667 essentia
981 1610 1271 1665 diversam
1303 1626 1432 1665 esse
1482 1610 1926 1681 proﬁtebantur,
1959 1612 2059 1666 de-

394 1700 722 1765 certabant,
757 1699 1042 1771 longeque
1088 1715 1292 1754 omnes
1340 1715 1441 1755 eos
1480 1698 1924 1766 antecellebant,
1958 1688 2060 1771 qui

393 1788 485 1846 vel
517 1789 681 1860 prius
712 1788 800 1844 vel
832 1793 982 1860 post,
1014 1788 1085 1843 ad
1113 1804 1303 1843 meam
1335 1805 1524 1860 usque
1553 1793 1783 1843 aetatem
1814 1788 2060 1859 hujusce

1255 412 1641 476 VETERUM
1690 414 1787 475 ET
1833 412 2399 476 RECENTIORUM
2443 411 2954 475 TESTIMONIA.

384 562 624 618 quoque
658 548 974 601 tractatum
1007 545 1237 601 heroico
1273 546 1531 600 carmine
1562 544 1818 617 scripsit,
1852 545 1909 599 in
1939 562 2054 616 quo

2171 564 2300 618 ρακτ
2311 548 2337 612 ῆ
2348 563 2399 617 ρι
2481 548 2578 597 τοῦ

3697 414 3819 480 308

2666 542 2990 616 Λαοεικέως,
3076 538 3174 598 τοῦ
3248 544 3689 624 σοφιστεύσαντος
3762 548 3813 603 ἐν

2168 631 2412 705 Σμύρνῃ,
2444 633 2503 693 ὃς
2557 631 2791 707 ἐγεγόνει
2841 628 3169 694 διδάσκαλος
3206 631 3540 709 Ἀριστείδου
3583 640 3679 691 τοῦ
3715 636 3815 713 ῥή-

2163 717 2344 795 τορος.
2382 721 2622 798 Ἐγράφη
2659 718 2716 775 δέ
2766 720 2910 792 αὐτῷ
2958 721 3048 775 καὶ
3094 722 3249 796 ἑτέρα
3302 718 3493 798 βίϐλος
3535 722 3604 778 δι’
3634 724 3818 799 ἑξαμέ-

2166 830 2329 884 τρων,
2361 808 2650 882 παρθενίας
2700 810 2790 863 καὶ
2842 811 3023 884 γάμου
3070 812 3185 864 καθ’
3235 810 3457 874 έάυτοὺς
3500 811 3818 889 διαλεγομέ-

2169 918 2297 952 νων·
2332 899 2421 952 καὶ
2455 898 2529 960 εἷς
2580 899 2762 972 ἑτέρας
2814 898 3097 962 ὑποθέσεις
3149 898 3199 952 έν
3250 900 3530 963 παντοίοις
3562 901 3652 956 καὶ
3704 900 3820 957 δια-

2172 989 2362 1065 φόροις
2416 988 2669 1061 μέτροις,
2722 989 2874 1041 ἅτινα
2924 990 3237 1063 συνάγονατι
3284 988 3362 1050 εἷς
3408 988 3553 1044 ἐπῶν
3607 993 3823 1064 μυριά-

2174 1074 2264 1137 δας
2294 1082 2461 1150 τρεῖς.
2494 1081 2597 1130 Τοῦ
2632 1074 2689 1130 δέ
2720 1077 3019 1151 Γρηγορίου
3068 1076 3260 1132 τούτου
3304 1077 3393 1131 καὶ
3425 1077 3827 1156 Φιλοστόργιος

2174 1166 2202 1220 6
2243 1167 2515 1238 Ἀρειανὸς
2576 1165 2627 1219 έν
2676 1169 2745 1238 τῇ
2793 1167 2909 1220 κατ’
2954 1165 3113 1220 αὐτὸν
3169 1165 3383 1241 ἱστορίᾳ
3436 1170 3662 1241 μνήμην
3725 1190 3826 1225 πε.

2172 1253 2417 1323 ποίηται,
2476 1253 2567 1307 καί
2624 1272 2783 1329 φησι*
2828 1278 2857 1303 ‹‹
2919 1253 3220 1329 Γρηγόριος
3277 1256 3381 1330 γὰρ
3434 1253 3651 1327 ἤκμαζε
3706 1258 3827 1313 κατ’

2173 1341 2411 1404 ἐκείνους
2458 1342 2584 1404 τοὺς
2635 1342 2870 1417 χρόνους
2925 1341 2976 1397 έν
3022 1346 3090 1416 τῇ
3144 1348 3422 1414 Ναζιανζῷ
3469 1346 3730 1418 (σταθμὸς
3764 1343 3824 1400 δὲ

2173 1431 2330 1493 οὗτος
2392 1433 2419 1487 ὁ
2493 1428 2659 1494 τόπος
2739 1429 3196 1504 Καππαδοκίας),
3257 1434 3345 1486 καὶ
3426 1432 3705 1497 Βασίλειος
3775 1434 3826 1490 ἐν

2174 1519 2463 1594 Καισαρείᾳ
2508 1527 2608 1590 τῆς
2670 1517 3083 1592 Καππαδοκίας,
3145 1521 3235 1575 καὶ
3289 1519 3711 1597 Ἀπολλινάριος
3771 1522 3824 1579 έν

2168 1612 2237 1683 τῇ
2288 1607 2577 1679 Λαοδικείᾳ
2621 1612 2720 1678 τῆς
2773 1608 2989 1685 Συρίας.
3038 1615 3191 1685 Τρεῖς
3246 1608 3312 1679 δὴ
3364 1610 3512 1664 οὗτοι
3563 1611 3686 1666 τότε
3733 1610 3826 1668 ἅν-

2171 1695 2292 1774 δρες
2324 1704 2421 1753 τοῦ
2452 1698 2745 1771 ὁμοουσίόυ
2794 1698 3153 1775 προῦμάχουν
3201 1698 3337 1753 κατὰ
3363 1703 3459 1753 τοῦ
3492 1698 3822 1775 έτερουσίου,

2174 1792 2365 1863 μακρῷ
2438 1789 2639 1850 πάντας
2719 1787 3133 1864 παρενεγκόντες
3210 1787 3336 1849 τοὺς
3411 1787 3672 1863 πρότερον
3730 1791 3823 1846 καὶ

395 1883 569 1933 sectae
601 1877 989 1949 patrocinium
1035 1880 1459 1948 susceperunt:
1494 1877 1635 1932 adeo
1678 1881 1741 1931 ut
1770 1894 1884 1948 prae
1916 1877 2067 1980 ipsis

2174 1875 2391 1949 ὕστερον
2449 1878 2611 1952 ἄχρις
2674 1876 2809 1949 ἐμοῦ
2864 1879 2963 1945 τῆς
3021 1876 3189 1946 αὐτῆς
3250 1877 3505 1954 αἱρέσεως
3564 1878 3830 1950 προστάν-

2340 1966 2351 1980 .
2515 1963 2567 1980 -.ι
2766 1967 2778 1980 .
2870 1966 2883 1980 .
2960 1971 2981 1980 _
3155 1967 3217 1980 Α-
3394 1968 3406 1980 .
3480 1967 3573 1980 ..,.
3666 1969 3675 1980 .

396 1965 483 2023 illi
517 1970 765 2021 externae
806 1965 1081 2021 doctrinas
1131 1965 1603 2037 magnitudinem
1653 1970 1976 2030 evaserant,
2010 1954 2068 2021 et

394 2055 755 2111 Athanasius
773 2071 919 2127 puer
942 2060 1297 2126 senseretur,
1313 2072 1565 2127 namque
1581 2055 1747 2110 estin
1763 2072 2061 2111 summam

396 2143 457 2199 in
493 2143 678 2200 sacris
711 2144 1052 2215 Scripturis,
1099 2149 1385 2215 quantum
1429 2145 1503 2199 ad
1542 2143 1848 2200 lectionem
1881 2147 1936 2199 et
1964 2160 2061 2199 ex-

395 2232 654 2304 peditam
688 2233 1034 2288 memoriam
1066 2233 1450 2301 conducebat,
1484 2250 1600 2289 non
1630 2231 1930 2305 vulgarem
1958 2250 2060 2288 ex-

394 2320 742 2393 perientiam
789 2321 1106 2390 habebant,
1167 2338 1233 2378 ac
1282 2322 1659 2394 potissimum
1719 2323 2056 2395 Gregorius-

392 2408 527 2466 Jam
556 2426 689 2465 vero
720 2411 780 2465 in
812 2427 917 2466 suo
945 2410 1193 2482 quisque
1224 2411 1521 2467 scribendi
1559 2428 1770 2484 genere
1802 2412 2058 2469 maxima

393 2497 671 2555 facultate
693 2499 970 2569 praeditus
990 2504 1133 2555 erat.
1157 2500 1554 2570 Apollinarius
1576 2501 1793 2572 quippe
1819 2502 1878 2556 in
1901 2516 2056 2557 com-

393 2586 681 2642 mentario
710 2586 942 2642 dicendi
973 2603 1183 2658 genere
1234 2588 1617 2659 praecellebat.
1664 2590 1919 2645 Basilius
1951 2608 2054 2646 au-

392 2679 513 2731 tem
543 2675 603 2729 in
632 2674 979 2747 panegyrico
1004 2676 1313 2749 insigniter
1333 2677 1649 2733 eminebat.
1675 2684 1749 2732 At
1767 2696 1900 2735 vero
1922 2680 2054 2736 Gre-

395 2762 558 2835 gorio
589 2762 648 2818 in
694 2768 944 2835 utroque
992 2764 1126 2820 licet
1174 2766 1508 2837 exercitato,
1559 2768 1633 2821 ad
1672 2768 2053 2839 conscriptio-

402 2868 537 2907 nem
566 2855 762 2907 tamen
794 2854 982 2925 magis
1007 2854 1282 2910 tendebat
1302 2857 1507 2911 oratio.
1530 2858 1718 2927 Atque
1751 2862 1813 2911 ut
1842 2857 2059 2929 Apolli-

403 2940 570 2997 nario
603 2941 661 2994 in
705 2941 951 2996 dicendo
1001 2944 1280 3014 grandior
1329 2961 1395 2999 ac
1443 2944 1690 3017 plenior,
1740 2946 1821 3001 ita
1850 2964 2057 3002 rursus

405 3027 621 3084 Basilio
673 3029 896 3085 ﬁrmior
950 3037 1093 3086 erat.
1144 3032 1410 3105 Cumque
1457 3039 1620 3089 tanta
1663 3050 1865 3091 eorum
1905 3041 2062 3091 esset

402 3121 531 3174 tum
566 3118 625 3172 in
653 3117 897 3175 dicendo
919 3124 1045 3174 tum
1069 3120 1128 3175 in
1153 3122 1461 3178 scribendo
1484 3123 1749 3193 facultas,
1772 3116 1902 3179 tum
1924 3140 2059 3179 vero

402 3206 488 3262 ita
538 3208 804 3263 moribus
852 3211 1173 3279 comparati
1206 3215 1391 3276 erant,
1442 3216 1506 3266 ut
1548 3211 1634 3267 vel
1666 3212 1788 3269 solo
1820 3218 2059 3285 aspectu

2170 1986 2286 2027 τας·
2323 1966 2397 2027 ὡς
2437 1963 2605 2021 παῖδα
2652 1967 2778 2041 παρ’
2826 1966 3009 2028 αὐτοῖς
3058 1967 3307 2042 κριθῆναι
3354 1968 3443 2020 τὸν
3480 1967 3826 2028 Ἀθανάσιον.

2171 2059 2276 2123 Τῆς
2334 2075 2392 2109 τε
2453 2056 2554 2131 γὰρ
2631 2053 2821 2127 ἔξωθεν
2900 2054 3249 2127 καλουμένης
3320 2052 3656 2118 παιδεύσεως
3711 2056 3827 2111 ἐπι-

2168 2141 2426 2198 πλεῖστον
2469 2143 2621 2198 οὗτοι
2668 2141 3161 2217 προεληλύθεισαν,
3208 2140 3298 2198 καί
3344 2148 3451 2199 τῶν
3492 2145 3652 2219 ἱερῶν
3686 2151 3825 2220 Γρα-

2168 2236 2305 2309 φῶν,
2356 2232 2528 2287 ὁπόσα
2577 2232 2652 2295 εἷς
2702 2232 3002 2307 ἀνάγνωσιν
3050 2232 3137 2287 καὶ
3186 2232 3285 2301 τὴν
3336 2232 3636 2309 πρόχειρον
3688 2237 3824 2307 μνή-

2170 2342 2277 2394 μην
2311 2320 2503 2394 ἐτέλει,
2534 2320 2755 2391 πολλὴν
2788 2321 2941 2397 ε’ίχον
2971 2322 3069 2389 τὴν
3099 2319 3403 2398 ἐμπειρίαν,
3442 2322 3531 2376 καὶ
3586 2320 3824 2395 μάλιστά

2165 2431 2229 2485 γε
2284 2410 2459 2466 αὐτῶν
2514 2412 2541 2466 ὁ
2599 2410 2899 2487 Γρηγόριος
2933 2453 2947 2468 .
3008 2410 3105 2465 Καὶ
3177 2412 3282 2483 μὴν
3342 2411 3432 2466 καὶ
3492 2412 3822 2489 συγγράφειν

2160 2496 2385 2563 ἕκαστος
2427 2500 2601 2556 αὐτῶν
2653 2500 2729 2562 εἷς
2776 2501 2867 2556 τὸν
2908 2500 3072 2555 αὐτοῦ
3118 2500 3319 2575 τρόπον
3353 2501 3418 2569 ἧν
3460 2501 3817 2565 ἱκανώτατος.

2162 2594 2249 2660 Τῷ
2308 2589 2400 2662 μέν
2460 2611 2522 2664 γε
2577 2588 2989 2665 Ἀπολλιναρίῳ
3044 2590 3106 2644 τὸ
3160 2590 3611 2662 ὑπομνηματικὸν
3672 2587 3815 2653 εἶδος

2161 2684 2263 2747 τῆς
2323 2677 2516 2749 λέξεως
2578 2683 2769 2752 μακρῷ
2830 2676 3019 2753 ἄριστα
3071 2678 3205 2754 εἶχε’
3267 2678 3547 2740 Βασίλειος
3608 2676 3666 2733 δὲ
3713 2700 3818 2735 πα-

2162 2768 2443 2842 νηγυρίσαι
2495 2767 2880 2843 λαμπρότατος
2930 2769 3018 2837 ἦν·
3067 2772 3146 2839 τῷ
3197 2764 3253 2822 δέ
3291 2787 3355 2842 γε
3386 2767 3694 2843 Γρηγορίῳ,
3729 2768 3822 2821 καὶ

2164 2857 2290 2931 παρ’
2337 2857 2669 2933 ἀμφοτέροις
2723 2855 3107 2929 ἐξεταζομένῳ,
3162 2855 3329 2929 μέίζω
3379 2856 3530 2931 βάσιν
3584 2856 3659 2919 εἷς
3693 2878 3820 2932 συγ-

2165 2946 2375 3021 γραφὴν
2424 2946 2566 3020 εἶχεν
2616 2945 2644 2999 6
2686 2943 2874 3019 λόγος.
2928 2945 3024 2998 Καὶ
3072 2948 3137 3013 ἦν
3178 2946 3345 2999 εἰπεῖν
3397 2943 3824 3021 Ἀπολλιναρίου

2172 3035 2265 3107 μὲν
2328 3031 2633 3106 ἁδρότερος,
2686 3032 2976 3090 Βασιλείου
3036 3031 3093 3088 δέ
3152 3034 3571 3109 σταθερώτερος.
3629 3033 3829 3089 Τοσαύ-

2166 3144 2268 3192 της
2317 3121 2375 3177 δέ
2421 3123 2604 3184 αὐτοῖς
2652 3123 2703 3177 έν
2752 3128 2830 3195 τῷ
2879 3122 3057 3198 λέγειν
3117 3123 3205 3177 καὶ
3264 3123 3487 3201 γράφειν
3542 3121 3825 3197 δυνάμεως

2170 3210 2359 3285 οῦσης,
2393 3212 2482 3267 καὶ
2511 3212 2573 3266 τὸ
2603 3214 2733 3281 ἦθος
2786 3210 2940 3266 οὐδέν
2990 3213 3153 3281 ἦττον
3183 3214 3235 3266 oi.
3275 3210 3465 3285 ἄνδρες
3494 3213 3824 3287 παρείχοντο

403 3295 714 3367 plerosque
744 3298 816 3351 ad
863 3314 926 3352 se
973 3297 1204 3354 allicere
1252 3298 1529 3355 facillime
1559 3307 1820 3373 possent.
1855 3303 2059 3375 Itaque

2171 3302 2307 3375 πρὸς
2361 3303 2462 3370 τήν
2519 3305 2626 3354 τῶν
2687 3298 2913 3356 πολλῶν
2973 3300 3092 3355 θέαν
3152 3299 3604 3375 ἐπαγωγότατον.
3663 3302 3825 3354 Ὥστε

397 3383 612 3455 partim
670 3384 796 3457 ipso
845 3385 1084 3454 intuitu,
1132 3388 1347 3459 partim
1398 3391 1790 3462 sermonibus,
1838 3392 2051 3462 partim

400 3472 575 3529 editis
594 3472 1107 3532 lucubrationibus
1122 3477 1193 3531 ad
1208 3494 1347 3533 suas
1360 3483 1555 3549 partes
1569 3479 2054 3537 familiaritatem-

394 3577 512 3633 que
545 3578 713 3618 suam
748 3580 847 3619 eos
877 3564 1314 3635 pertrahebant,
1347 3568 1443 3634 qui
1496 3567 1693 3639 aliqua
1723 3568 1931 3625 harum
1963 3587 2052 3625 re-

392 3667 525 3705 rum
558 3651 789 3708 facilius
822 3653 948 3724 capi
982 3659 1271 3725 poterant.
1296 3655 1428 3712 Haec
1458 3658 1529 3713 de
1560 3657 1678 3714 illis
1709 3659 1894 3714 obiter
1921 3659 2053 3714 Phi-

389 3738 732 3812 lostorgius,
764 3742 933 3813 isque
964 3744 1233 3812 Arianus,
1260 3743 1475 3800 litteris
1494 3748 1815 3803 mandavit.
1841 3748 2049 3803 Adhuc

389 3846 563 3901 porro
594 3836 894 3901 superstes
924 3832 1260 3905 Gregorius,
1291 3834 1606 3907 subrogato
1634 3836 1747 3892 sibi
1769 3838 1827 3891 in
1859 3837 2049 3893 Eccle-

392 3918 480 3973 sia
522 3918 888 3977 Nazianzena
933 3921 1225 3994 episcopo,
1270 3924 1394 3978 ruri
1436 3925 1617 3979 vitam
1660 3926 2048 3982 monasticam

390 4007 529 4080 egit.
560 4010 751 4079 Atque
780 4010 853 4064 ad
896 4012 1216 4082 nonaginta
1245 4029 1430 4067 annos
1456 4019 1513 4067 et
1542 4014 1697 4070 ultra
1726 4019 1893 4071 atate
1920 4033 2051 4087 pro-

391 4100 611 4164 vectus,
662 4097 988 4155 Theodosio
1040 4100 1329 4156 decimum
1379 4103 1619 4158 tertium
1668 4104 1897 4176 imperii
1938 4124 2047 4161 an-

389 4201 533 4240 num
567 4190 793 4257 agente,
844 4187 1023 4243 vitam
1073 4205 1206 4244 cum
1256 4193 1442 4246 morte
1488 4196 1889 4265 commutavit,
1936 4196 2046 4252 hoc

390 4289 577 4328 unum
609 4272 920 4347 indignum
952 4275 1165 4332 virtute
1188 4294 1297 4334 sua
1322 4294 1551 4349 passus,
1577 4281 1731 4350 quod
1764 4281 2046 4355 principis

390 4359 555 4417 urbis
605 4361 883 4417 cathedra
931 4362 1214 4436 expulsus
1262 4369 1373 4434 est,
1423 4366 1793 4438 improbique
1852 4371 2047 4441 potius

388 4448 556 4505 electi
609 4454 767 4521 sunt,
818 4467 995 4522 quam
1044 4453 1143 4524 qui
1190 4453 1403 4510 virtute
1451 4471 1516 4511 ac
1561 4455 1688 4512 vitas
1737 4456 2047 4529 splendore

389 4554 596 4595 omnes
626 4539 905 4596 anteibat.

2162 3389 2253 3444 καὶ
2284 3391 2365 3451 οἷς
2399 3390 2673 3466 ἑωρῶντο,
2704 3391 2794 3444 καὶ
2845 3392 2928 3451 οἷς
2970 3387 3159 3464 ἔλεγον
3194 3389 3282 3444 καὶ
3328 3389 3498 3443 ὁπόσα
3525 3388 3821 3466 γράφοντες

2164 3476 2485 3544 διεδίδοσαν,
2540 3480 2630 3533 διὰ
2676 3478 2891 3534 πάντων
2942 3478 3108 3555 ᾕρουν
3139 3478 3214 3541 εἰς
3257 3480 3353 3547 τήν
3386 3479 3587 3533 ἑαυτῶν
3618 3498 3819 3532 κοινω-

2161 3568 2275 3623 νίαν
2306 3568 2433 3631 τοὺς
2464 3570 2583 3632 καθ’
2630 3569 2811 3624 ὁτιοῦν
2862 3567 3035 3623 αὐτῶν
3085 3567 3474 3644 εὐμαρέστερον
3504 3564 3815 3621 ἁλίσκεσθαι

2163 3655 2512 3730 δυναμένους.
2557 3662 2801 3713 Τοσαῦτα
2848 3658 2971 3733 περὶ
3026 3657 3197 3713 αὐτῶν
3258 3658 3335 3719 ὡς
3384 3656 3434 3710 έν
3484 3654 3817 3732 παραδρομῇ

2163 3746 2614 3821 Φιλοστόργιος,
2663 3748 2752 3801 καὶ
2809 3752 2977 3802 ταῦτα
3034 3746 3309 3821 Ἀρειανὸς
3369 3743 3483 3816 ὢν,
3542 3743 3767 3822 ἔγραψεν
3801 3786 3815 3802 .

2162 3838 2281 3893 Ἑτι
2322 3841 2451 3910 γοῦν
2484 3837 2685 3908 περιὼν
2720 3835 2795 3897 εἰς
2844 3836 2934 3890 τὸν
2987 3836 3185 3890 οἳκεῐον
3233 3834 3399 3889 τόπον
3434 3836 3461 3888 6
3493 3834 3821 3911 Γρηγόριος,

2161 3923 2451 3979 ἐπίσκοπον
2492 3927 2830 3995 καταστήσας
2879 3924 2931 3978 έν
2976 3927 3044 3997 τῇ
3092 3921 3342 3999 λαχούσῃ
3390 3922 3548 3979 αὐτὸν
3582 3922 3821 3992 Ἐκκλη-

2162 4014 2269 4086 σίᾳ,
2303 4014 2461 4075 αὐτὸς
2511 4013 2562 4066 ἐν
2609 4013 2759 4089 ἀγρῷ
2787 4035 2889 4067 τινι
2929 4012 3043 4088 βίον
3102 4009 3393 4085 μοναδικὸν
3454 4012 3819 4087 ἀπηνέγκατο.

2163 4101 2390 4165 Ἐλάσας
2443 4100 2500 4156 δέ
2545 4102 2668 4178 περὶ
2726 4102 2794 4156 τὰ
2854 4103 3197 4172 ἐννενήκοντα
3244 4099 3337 4171 ἔτη
3397 4100 3487 4155 καὶ
3533 4100 3780 4156 ἐπέκεινα
3809 4131 3824 4160 ν

2159 4189 2451 4247 θεοδοσίου
2480 4191 2660 4265 τρίτον
2709 4190 2800 4245 καὶ
2851 4188 3071 4246 δέκατον
3120 4188 3242 4253 ἔτος
3273 4187 3526 4264 ἄγοντος,
3565 4187 3829 4244 καταλύει

2156 4282 2247 4334 τὸν
2288 4280 2426 4355 βίον,
2460 4280 2667 4349 ἀνάξιον
2695 4277 2856 4334 τοῦτο
2885 4287 2988 4349 τῆς
3036 4278 3201 4334 αὐτοῦ
3251 4280 3435 4333 παθὼν
3481 4278 3700 4353 ἀρετῆς,
3732 4277 3827 4332 καὶ

2156 4372 2253 4438 τῆς
2297 4367 2558 4443 καθέδρας
2610 4370 3051 4444 ἀποκρουσθῆναι
3097 4376 3198 4439 τῆς
3263 4366 3660 4445 βασιλευούσης
3709 4370 3824 4421 τῶν

2157 4456 2397 4530 πόλεων,
2452 4458 2541 4513 καὶ
2589 4466 2952 4534 προκριθῆναι
3008 4456 3221 4531 μᾶλλον
3254 4458 3383 4520 τοὺς
3428 4455 3824 4535 φαυλοτέρους,

2158 4551 2192 4618 ἢ
2219 4548 2310 4603 τὸν
2346 4547 2428 4603 ἐπ’
2460 4548 2625 4623 ἀρετῇ
2657 4548 2748 4604 καὶ
2780 4545 3131 4623 λαμπρότητι
3188 4548 3311 4623 βίου
3360 4547 3575 4603 πάντων
3610 4544 3823 4621 μᾶλλον

2159 4636 2516 4715 ὑπερέχοντα.

1662 4807 1725 4868 Ε
1728 4827 1773 4867 :1:
1802 4807 2077 4873 Sz'meone
2106 4810 2532 4893 Metaphrastc.

462 4938 712 5009 Magnus
770 4938 865 4993 hic
914 4938 1229 5009 Gregorius
1288 4939 1619 5013 Theologus
1686 4941 1866 4999 vitam
1924 4944 2052 5016 ipse
2080 4955 2127 5019 D
2163 4963 2261 5002 eos
2291 4946 2391 5018 qui
2428 4945 2871 5004 actionislaude
2896 4945 3205 5011 florebant,
3231 4947 3593 5016 superasset,
3617 4958 3682 5000 eo
3705 4961 3831 5000 rur-

387 5041 555 5080 suam
578 5027 847 5099 exposuit
867 5028 925 5081 in
950 5027 1022 5082 iis
1049 5029 1395 5085 funebribus
1417 5031 1803 5101 orationibus,
1833 5034 2050 5104 quibus

386 5112 666 5169 Basilium
700 5115 1003 5187 Magnum,
1049 5118 1392 5189 Gregorium
1442 5123 1686 5191 patrem,
1733 5123 2048 5179 Caesarium

381 5202 646 5273 fratrem,
679 5207 737 5256 et
766 5204 1120 5277 Gorgoniam
1168 5223 1429 5262 sororem
1473 5212 1663 5263 ornat.
1697 5212 1775 5265 Ac
1804 5212 2050 5282 proinde

387 5289 487 5362 qui
512 5290 691 5345 vitam
710 5289 867 5348 illius
889 5294 1386 5367 conscripserunt,
1402 5313 1517 5351 non
1537 5297 1771 5353 aliunde
1785 5316 1963 5370 quam
1983 5318 2051 5357 ex

386 5378 577 5449 ipsius
607 5379 883 5450 operibus
933 5383 1165 5439 dicendi
1215 5389 1626 5456 argumentum
1676 5394 2045 5461 acceperunt.

386 5467 506 5522 Hoc
551 5484 735 5522 unum
788 5471 1116 5527 necessario
1166 5473 1499 5542 dicendum,
1552 5477 1708 5546 quod
1758 5478 2048 5550 siquidem

389 5556 542 5626 apud
579 5555 848 5611 homines
879 5560 1152 5615 exsistere
1173 5578 1408 5617 necesse
1434 5568 1559 5618 erat
1580 5564 1834 5637 efﬁgiem
1859 5584 2049 5638 quan-

393 5645 530 5699 dam
562 5650 613 5701 et
649 5644 1005 5703 columniam
1031 5666 1096 5706 ex
1124 5654 1399 5710 omnibus
1428 5654 1744 5711 virtutibus
1775 5663 2049 5715 constan-

396 5736 539 5803 tem,
572 5732 681 5788 hoc
712 5737 835 5789 erat
864 5734 1198 5809 Gregorius.
1231 5740 1378 5798 Nam
1409 5758 1543 5798 cum
1581 5745 1711 5802 vitae
1738 5746 2050 5819 splendore

2163 5053 2266 5091 sus
2295 5034 2810 5107 contemplationis
2860 5051 3207 5108 progressus
3256 5036 3365 5101 est,
3419 5036 3485 5089 ut
3510 5049 3720 5089 omnes
3746 5032 3834 5089 illi

2165 5123 2464 5197 sapientiae
2523 5123 2915 5195 doctrinaeque
2972 5123 3149 5178 laude
3205 5123 3502 5188 cederent,
3549 5125 3672 5176 tam
3704 5123 3836 5192 ejus

2162 5231 2288 5286 qua
2319 5214 2380 5269 in
2413 5213 2606 5269 verbis
2638 5230 2812 5285 quam
2848 5230 2976 5285 quae
3028 5212 3089 5267 in
3123 5211 3258 5267 ﬁdei
3300 5211 3676 5282 dogmatibus
3707 5228 3837 5267 ver-

2162 5308 2350 5359 satur.
2385 5303 2547 5359 Unde
2580 5303 2756 5358 etiam
2789 5302 3067 5375 Theologi
3091 5304 3548 5374 cognomentum
3584 5301 3835 5372 adeptus

2159 5396 2266 5449 est.
2299 5393 2596 5456 Quantum
2648 5396 2846 5448 autem
2891 5393 2960 5448 ad
3012 5391 3273 5461 corporis
3317 5392 3567 5445 formam
3600 5389 3832 5460 attinet,

2160 5484 2386 5537 statura
2418 5481 2696 5537 mediocri
2727 5486 2872 5549 erat,
2906 5480 3165 5553 pallidus
3212 5479 3673 5553 aliquantulum,
3708 5496 3826 5539 non

2160 5575 2354 5626 tamen
2390 5572 2536 5626 citra
2567 5575 2953 5641 venustatem,
2989 5571 3266 5641 depresso
3288 5586 3455 5641 naso,
3489 5568 3823 5641 superciliis

2161 5660 2215 5715 in
2249 5664 2474 5716 rectum
2500 5660 2811 5732 protensis,
2845 5662 3085 5730 aspectu
3112 5658 3328 5716 blando
3351 5664 3407 5716 et
3428 5657 3614 5729 suavi,
3637 5656 3818 5715 altero

2158 5748 2345 5823 oculo,
2379 5765 2588 5822 nempe
2617 5750 2839 5818 dextro,
2876 5748 3200 5821 subtristis,
3234 5765 3409 5821 quem
3452 5748 3631 5806 etiam
3660 5744 3815 5804 cica-
