4100 6408
353 397 469 458 309

1224 397 1603 461 VETERUM
1649 396 1751 458 ET
1797 394 2368 458 RECENTIOHUM
2412 396 2923 460 TESTIMONIA.

3664 395 3783 457 310

354 531 468 586 trix
516 530 793 603 quaedam
841 528 1241 599 contrahebat,
1295 529 1477 585 barba
1524 547 1641 586 non
1700 529 2012 603 promissa,
2045 532 2099 596 Α
2132 528 2329 584 calvus
2357 530 2503 600 erat)
2555 528 2719 585 albos
2770 530 2961 585 crines
3012 528 3281 599 habebat,
3334 544 3595 583 summas
3641 529 3779 585 item

357 621 539 676 densa
568 625 798 676 tamen.
833 620 957 686 Qua
986 622 1151 691 parte
1173 618 1370 673 calvus
1393 636 1507 675 non
1526 623 1650 675 erat
1682 618 1843 691 (nam
1877 620 2015 674 sub-

2128 617 2322 672 barbaa
2355 623 2551 689 partes
2580 619 2738 673 velut
2769 619 2930 673 fumo
2962 618 3184 673 obsitas
3214 618 3576 673 ostendebat.

810 747 1013 808 Conon
1043 745 1112 807 de
1144 756 1341 806 saneto
1373 746 1625 819 Basilio,
1659 746 1823 827 apud
1848 744 2133 806 Bolland.
2169 745 2445 825 Append.
2480 745 2561 806 ad
2586 756 2726 806 tom.
2762 746 2830 807 ll
2852 746 3045 819 Junii,
3079 744 3185 805 ode
3230 763 3338 805 vn.

428 855 494 908 Ὠ
537 851 817 925 σύμπνοια
871 855 968 905 νοῦ
1026 851 1146 927 ἱερά
1192 872 1251 905 τε
1299 850 1550 926 ξυνωρὶς,
1600 854 1635 920 ἡ
1688 850 1866 923 ὥσπερ
1922 850 2015 923 μία

360 944 512 1018 ψυχὴ
546 941 596 997 ἐν
631 940 749 997 δυσὶ
802 942 1047 1013 σώμασιν
1100 937 1425 1015 ἀδιαίρετος,
1461 940 1510 994 ἐν
1564 940 1857 1016 Γρηγορίῳ
1908 946 2012 995 Βα-

362 1030 582 1104 σίλειος,
614 1030 773 1103 πόθῳ
817 1032 981 1100 θεῖκῷ
1032 1027 1389 1101 συνημμένοι,
1442 1029 1493 1083 ἐν
1546 1026 1816 1101 Βασιλείῳ
1869 1035 2015 1103 Γρηο

359 1118 561 1194 γόριος·
616 1117 706 1175 vim
768 1117 1071 1174 ὶκετεύσανε
1129 1117 1359 1191 Χριστὸν
1417 1117 1548 1193 ὑπὲρ
1602 1125 1702 1187 τῆς
1772 1116 2012 1191 ποίμνης

358 1211 392 1277 ἡ
413 1214 548 1281 μῶν.

2201 852 2244 906 Ο
2277 852 2584 907 consensio
2615 853 2947 907 animorum
2995 856 3051 908 et
3091 856 3293 907 sancta
3339 852 3622 907 societas!
3668 869 3781 923 qua

2126 941 2285 996 velut
2308 958 2461 996 unus
2478 945 2533 996 et
2554 941 2894 996 individuus
2919 941 2977 997 in
3000 941 3233 1014 gemino
3260 957 3500 1012 corpore
3533 941 3781 1012 spiritus

2126 1030 2184 1083 in
2210 1030 2484 1101 Gregorio
2508 1029 2759 1085 Basilius
2787 1030 2982 1086 divino
3005 1046 3206 1085 amore
3232 1029 3453 1095 unitus,
3476 1029 3537 1084 in
3564 1029 3780 1085 Basilio

2127 1118 2440 1189 Gregorius
2473 1119 2599 1173 fuit.
2633 1120 2805 1175 Orate
2844 1135 3002 1175 nunc
3034 1136 3137 1191 pro
3168 1134 3343 1191 grege
3386 1122 3587 1175 nostro
3618 1118 3783 1173 Chri-

2125 1212 2305 1265 stum.

437 1459 532 1533 His
579 1458 885 1533 subnectere
933 1459 1225 1533 potuissem
1282 1460 1597 1533 testimonia
1646 1460 1926 1533 Haimonis
1980 1459 2466 1533 Halberstatensis,
2516 1475 2632 1533 cap.
2696 1460 2747 1527 4,
2800 1460 2900 1513 lib.
2935 1476 2969 1513 χ
3001 1458 3216 1533 Histor.
3253 1455 3516 1533 _Ec_cles.:,
3576 1455 3784 1533 Adoniss

380 1529 967 1602 Viennensisepiscopi
994 1532 1053 1583 in
1082 1529 1347 1584 Chronic.
1382 1534 1539 1584 estate
1566 1540 1755 1593 sexta;
1788 1531 2019 1602 Goﬂridi
2071 1532 2273 1587 Viterb.
2329 1530 2595 1586 Chronic.
2624 1540 2780 1600 parte
2808 1541 2989 1598 sexta,
3024 1532 3120 1584 ubi
3148 1529 3212 1584 de
3239 1530 3464 1602 Iuliano
3496 1529 3663 1583 verba
3692 1529 3779 1602 [af

358 1602 479 1665 cit;
506 1602 658 1656 Petri
685 1598 1073 1656 dei/Vatalibus
1108 1604 1164 1655 in
1196 1602 1461 1671 catalogo
1494 1598 1983 1659 sanctorumflib.
2020 1619 2081 1669 II,
2115 1620 2233 1672 cap.
2266 1602 2371 1664 69;
2396 1605 2550 1657 Petri
2576 1598 2799 1668 criniti,
2836 1603 2933 1655 lib.
2966 1618 3069 1665 vn,
3096 1618 3214 1671 cap.
3254 1602 3303 1665 1,
3336 1599 3671 1672 Βθᾼῇοηθεῐ.
3700 1598 3781 1672 d_i-_

356 1672 526 1743 scipl.
556 1688 568 1725 :
608 1674 890 1727 Trithemzi
920 1673 1001 1727 De
1032 1673 1299 1743 scriptor.
1334 1673 1654 1728 ecclesiast.
1680 1691 1693 1741 ;

1731 1676 2035 1739 Mantuani,
2070 1666 2187 1729 libf
2212 1691 2249 1737 1,
2284 1675 2426 1729 Fast.
2461 1674 2723 1728 Sabellici
2755 1666 3022 1727 Enneade
3052 1674 3104 1738 7,
3141 1666 3234 1726 lib.
3280 1688 3354 1725 1x.
3407 1670 3509 1725 Sed
3557 1672 3688 1740 quia
3720 1666 3781 1723 hi

352 1758 541 1817 omnes
561 1759 669 1798 non
692 1744 917 1817 aliunde
945 1745 1173 1798 haurire
1200 1752 1519 1814 potuerunt,
1553 1760 1716 1815 quam
1744 1761 1812 1799 ea:
1841 1748 1924 1800 his
1973 1762 2102 1817 quos
2149 1762 2318 1814 supra
2368 1747 2680 1813 citavimus,
2712 1744 2876 1797 nulla
2924 1744 3066 1797 mihi
3111 1759 3279 1797 causa
3308 1743 3426 1796 visa
3458 1744 3778 1817 est,_gugm-

353 1816 537 1870 obrem
569 1814 813 1870 eamdem
843 1818 1105 1871 eramben
1137 1812 1297 1870 toties
1328 1818 1432 1869 tibi
1461 1812 1822 1871 obtruderem.
1858 1812 2035 1884 Quare
2067 1817 2154 1871 hic
2183 1812 2349 1886 ﬁnem
2379 1812 2677 1886 imponam,
2709 1831 2820 1870 non
2865 1820 3049 1869 tamen
3094 1820 3228 1869 ante
3256 1830 3418 1884 quam
3453 1812 3619 1886 Pselti
3651 1812 3781 1886 Cyri

353 1886 526 1942 Graeci
555 1888 842 1957 scriptoris
873 1889 1219 1956 epigramma
1248 1887 1311 1942 de
1340 1888 1686 1943 Nazianzeno
1712 1891 1898 1944 nostra
1932 1890 2128 1943 Latine
2175 1884 2465 1958 utcunque
2484 1887 2797 1955 reddidero,
2829 1903 2893 1940 ac
2921 1887 3200 1941 coronidis
3233 1887 3365 1955 vice,
3398 1885 3592 1955 magni
3623 1884 3778 1938 illius

352 1958 573 2015 Erasini
600 1958 665 2014 de
694 1959 890 2014 eodem
913 1958 1181 2027 iudicium
1214 1974 1527 2029 opposuere.

1623 2184 1934 2247 PSELLI
1972 2183 2510 2247 EPIGRAMMA.

353 2299 569 2355 Divina:
604 2298 823 2371 sophia;
856 2299 1037 2353 decus
1068 2298 1399 2355 immortale
1430 2317 1715 2356 canamus

422 2388 791 2459 Gregorium,
823 2387 1009 2459 viguit
1039 2404 1152 2459 quo
1186 2404 1333 2443 nova
1372 2393 1555 2444 Roma
1584 2391 1750 2445 duce.

351 2476 598 2531 Viribus
629 2474 845 2546 eloquii
874 2476 1079 2546 valuit,
1106 2476 1436 2549 linguasque
1466 2478 1694 2533 disertae
1720 2496 1732 2534 :

424 2563 738 2619 Melliﬂuos
768 2564 923 2619 dulci
957 2565 1197 2636 protulit
1228 2583 1327 2621 ore
1358 2584 1553 2622 sonos.

354 2653 612 2709 Maxima
635 2652 765 2707 laus
796 2653 854 2707 in
882 2669 947 2708 eo
979 2653 1251 2708 doctrinae
1284 2654 1592 2727 utriusque
1618 2655 1865 2723 refulsit,

419 2743 549 2798 Sive
576 2742 821 2815 profana
852 2742 997 2798 velis
1027 2743 1323 2815 dogmata,
1360 2743 1477 2800 sive
1512 2762 1697 2800 sacra.

346 2834 392 2890 Ο
423 2832 583 2888 salve
614 2832 868 2903 conjunx
899 2831 1245 2887 charissima
1275 2833 1651 2905 virginitatis,

417 2922 559 2983 Quae
588 2920 750 2990 prius
774 2922 833 2975 in
867 2938 1101 2977 summo
1134 2922 1396 2989 numine,
1430 2924 1639 2979 deinde
1672 2924 1866 2979 choris

350 3008 670 3080 Angelicis,
704 3009 978 3081 purisque
1010 3010 1315 3066 hominum
1350 3013 1750 3084 complexibus
1783 3012 1997 3069 haeret:

424 3097 787 3169 Assidueque
816 3103 982 3154 tuum
1014 3098 1144 3154 laeta
1170 3100 1361 3156 cubile
1394 3102 1561 3157 fovet.

2041 2303 2089 2367 B
2120 2300 2475 2356 Christicolae
2497 2299 2767 2355 columen
2803 2300 3075 2355 defensor
3105 2298 3356 2353 maxime
3387 2296 3614 2369 gentis;

2186 2394 2487 2446 Stentoreo
2520 2390 2753 2445 Triadis
2784 2406 3002 2445 numen
3037 2389 3095 2443 in
3128 2405 3226 2443 ore
3259 2389 3471 2443 ferens.

2116 2479 2407 2534 Haereticaa
2440 2479 2596 2534 salve
2629 2478 2837 2533 manias
2868 2477 3196 2533 certissima
3218 2477 3429 2547 pestis,-

2184 2570 2307 2633 Qua
2331 2567 2506 2622 simul
2541 2566 2804 2638 oppressi
2842 2567 2994 2635 Lybs
3026 2566 3383 2635 Macedoque
3416 2564 3656 2618 cadunt.

2114 2657 2363 2726 Quaeque
2384 2657 2584 2709 Arium
2619 2655 3065 2726 perimis,cujus
3093 2652 3472 2709 sanctissima
3504 2652 3772 2723 primum

2184 2746 2459 2801 Horrihili
2493 2762 2557 2801 ac
2590 2746 2781 2817 stygio
2815 2748 2971 2801 secta
3003 2746 3197 2800 furore
3226 2743 3415 2799 Trlas.
3656 2743 3769 2815 [est

2114 2835 2280 2891 Salve
2312 2834 2588 2890 doctrinae
2622 2835 2908 2901 Antistes,
2940 2838 3115 2904 atque
3147 2833 3321 2887 unica
3342 2848 3481 2887 cura

2184 2924 2502 2990 Pieridum,
2528 2922 2742 2994 eloquii
2774 2922 3210 2993 rhetoricesque
3242 2921 3443 2976 decus.

2112 3012 2367 3069 Saltator
2399 3013 2623 3085 lugens,
2648 3012 2879 3067 Triadis
2902 3012 3001 3083 qui
3036 3009 3277 3066 numine
3307 3009 3516 3081 plenus

2184 3102 2340 3157 Hanc
2370 3118 2601 3173 quoque
2630 3100 2939 3172 terrigenis
2971 3098 3249 3155 omnibus
3279 3097 3590 3171 eloqueris.

1018 3349 1355 3410 ERASMI
1395 3349 1519 3411 DE
1568 3350 1994 3415 GREGORIO

2111 3349 2623 3413 AZIANZENO
2661 3348 3092 3413 JUDICIUM.

1189 3454 1390 3535 Epist.
1421 3456 1685 3537 praeﬁxa
1715 3456 1858 3518 edit.
1898 3457 2149 3519 Claudii
2176 3456 2573 3531 Chevallonii,
2605 3476 2705 3517 an.
2743 3457 2919 3517 1532.

416 3586 479 3639 In
510 3583 787 3656 Gregorio
835 3586 1193 3642 Nazianzeno
1236 3588 1423 3660 pietas
1466 3591 1891 3660 propemodum
1924 3608 1991 3647 ex
2029 3593 2071 3658 C
2114 3590 2391 3658 modavit,
2426 3606 2610 3661 eoque
2644 3589 2826 3643 fusior
2858 3591 2967 3651 est,
3007 3605 3073 3643 ac
3115 3588 3471 3660 simplicior;
3505 3592 3562 3643 et
3594 3588 3651 3643 in
3681 3589 3767 3645 lo-

345 3690 511 3745 ssquo
534 3677 715 3729 certat
744 3691 876 3729 cum
908 3676 1218 3743 facundia;
1255 3679 1356 3733 sed
1408 3683 1566 3733 amat
1597 3679 1995 3749 signiﬁcantes

341 3760 781 3833 argutias,quas
803 3778 868 3816 eo
891 3762 1192 3818 difﬁcilius
1214 3769 1303 3819 est
1336 3765 1537 3819 Latine
1570 3766 1993 3836 reddere,quod

335 3848 627 3922 pleraeque
666 3855 806 3905 sunt
851 3850 904 3904 in
952 3852 1144 3907 verbis
1196 3853 1341 3908 sitae.
1384 3853 1529 3908 Tota
1578 3870 1710 3908 vero
1762 3854 1994 3925 phrasis

334 3938 603 3993 nonnihil
639 3939 861 3994 accedit
896 3941 965 3994 ad
1001 3947 1362 3997 structuram
1405 3942 1802 3998 Isocraticam.
1840 3944 1994 3999 Adde

334 4026 493 4097 quod
525 4027 597 4081 de
625 4029 796 4083 rebus
828 4029 1062 4100 divinis,
1097 4047 1224 4101 quea
1254 4031 1347 4086 vix
1380 4030 1515 4086 ullis
1552 4032 1739 4087 verbis
1786 4033 1991 4087 huma-

333 4116 428 4170 nis
461 4114 734 4186 explicari
765 4123 1033 4189 possunt,
1066 4118 1318 4175 libenter
1339 4138 1405 4175 ac
1432 4121 1768 4193 frequenter
1800 4122 1991 4193 philo-

332 4205 636 4276 sophatur.
682 4207 880 4263 Frater
914 4208 1096 4280 hujus
1156 4210 1408 4265 Basilius
1458 4212 1622 4266 suavi
1653 4212 1905 4283 quodam
1937 4216 1994 4267 et

333 4294 669 4351 inaffectata
696 4295 971 4352 dictionis
1008 4298 1190 4363 ﬂuxu,
1224 4304 1281 4354 et
1305 4298 1605 4370 pietatem,
1630 4306 1687 4355 et
1716 4301 1993 4357 eruditio-

331 4400 485 4453 nem,
520 4389 579 4439 et
612 4401 882 4454 acumen,
916 4386 1105 4442 sicubi
1139 4404 1229 4443 res
1263 4388 1543 4459 postulat,
1577 4393 1634 4445 et
1664 4390 1991 4461 perspicui-

330 4476 533 4541 tatem,
563 4477 621 4529 et
644 4473 1108 4544 jucunditatem,
1133 4482 1189 4530 et
1213 4477 1261 4531 si
1294 4493 1471 4547 quam
1506 4477 1681 4533 aliam
1713 4479 1989 4534 virtutem

330 4560 391 4616 in
430 4566 663 4617 oratore
691 4561 1021 4622 Christiano
1054 4566 1376 4637 quisquam
1418 4567 1751 4622 desiderare
1785 4567 1991 4639 possit,

333 4648 763 4721 complectitur.
791 4652 1047 4709 Joannes
1078 4653 1533 4725 Chrysostomus
1564 4654 1763 4710 Basilii
1785 4672 1989 4726 quem-

333 4739 653 4794 admodum
684 4739 743 4794 in
775 4739 1013 4809 litteris,
1044 4743 1127 4798 sic
1160 4743 1337 4798 etiam
1366 4742 1426 4798 in
1478 4744 1838 4815 professione
1863 4745 1990 4800 sin-

332 4827 571 4885 cerioris
601 4828 728 4884 vitas
760 4831 979 4898 socius,
1014 4836 1189 4903 atque
1220 4836 1311 4899 (ut
1339 4831 1420 4888 ita
1457 4832 1687 4905 loquar)
1716 4832 1986 4901 Achates,

330 4915 617 4987 quidquid
642 4917 759 4973 fere
781 4918 1033 4990 scripsit,
1054 4920 1123 4975 ad
1146 4920 1489 4991 popularem
1509 4925 1747 4993 captum
1770 4938 1989 4977 accom.

2108 3679 2191 3734 cis
2223 3679 2639 3734 communibus
2672 3677 2912 3748 spatiari
2945 3676 3171 3745 maluit,
3198 3695 3375 3748 quam
3400 3678 3457 3731 in
3493 3678 3768 3732 difficilli-

2107 3768 2219 3822 mis
2252 3767 2469 3822 versari
2492 3766 2933 3837 quaestionibus.
2972 3766 3087 3819 Hoc
3119 3765 3458 3820 triumviros
3480 3782 3597 3820 una
3628 3766 3766 3821 tulit

2106 3862 2244 3911 aetas
2275 3857 2428 3927 apud
2464 3855 2711 3923 Graecos,
2744 3855 2964 3925 pietate
2992 3870 3181 3924 pares,
3208 3869 3313 3907 nec
3341 3854 3612 3924 dispares
3634 3870 3760 3909 eru-

2106 3945 2347 4009 ditione,
2380 3946 2479 3999 sed
2514 3944 2787 3998 dictionis
2820 3947 3117 3997 caractere
3148 3942 3491 3997 dissimiles.
3526 3946 3682 4006 Quos
3708 3943 3757 3998 si

2105 4050 2234 4089 cum
2254 4033 2471 4088 nostris
2497 4033 2757 4087 conferre
2778 4030 2941 4086 velis.
2966 4031 3422 4102 Chrysostomus
3442 4048 3557 4086 non
3579 4032 3758 4088 dissi-

2105 4122 2263 4178 milis
2309 4131 2397 4177 est
2445 4122 2794 4193 Augustino,
2845 4120 3164 4192 Gregorius
3210 4119 3541 4188 Ambrosio,
3576 4121 3674 4193 qui
3710 4122 3759 4176 si

2103 4212 2296 4267 Grmce
2329 4212 2681 4282 scripsisset,
2707 4210 3032 4283 plurimum
3065 4208 3282 4281 negotii
3308 4210 3518 4265 fuisset
3547 4210 3763 4266 exhibi-

2102 4304 2271 4356 turus
2303 4300 2625 4372 interpreti.
2660 4302 2839 4365 Quem
2902 4298 3113 4354 Basilio
3158 4298 3450 4353 conferam
3498 4301 3760 4355 nondum

2103 4390 2353 4454 invenio,
2405 4389 2519 4444 nisi
2573 4388 2621 4444 si
2672 4389 2804 4459 quis
2850 4388 3286 4459 Scripturarum
3341 4388 3761 4459 cognitionem,

2102 4496 2281 4550 quam
2306 4478 2511 4533 habuit
2544 4478 2954 4549 Hieronymus,
2983 4493 3117 4531 cum
3140 4476 3423 4531 Lactantii
3446 4476 3597 4532 felici
3623 4478 3761 4533 faci-

2101 4566 2266 4622 litate
2294 4566 2542 4637 copulet.
2570 4570 2655 4620 Me
2682 4570 2834 4619 certe
2866 4583 2899 4619 a
2928 4565 3206 4619 vertendo
3230 4565 3506 4635 Gregorio
3528 4581 3763 4637 semper

2101 4656 2386 4711 deterruit
2414 4655 2685 4709 dictionis
2717 4654 2968 4725 argutia,
3001 4658 3057 4706 et
3086 4669 3285 4707 rerum
3317 4652 3680 4720 sublimitas,
3704 4656 3761 4709 et

2101 4744 2421 4799 allusiones
2468 4743 2865 4798 subobscursa.
2920 4743 3057 4796 Eam
3116 4742 3476 4812 provinciam
3542 4741 3756 4796 eximio

2103 4834 2357 4904 quodam
2389 4832 2623 4904 pietatis
2652 4831 2856 4885 ardore
2884 4829 2995 4886 sibi
3024 4828 3280 4901 sumpsit
3306 4828 3628 4884 Bilibaldus
3660 4846 3757 4885 no-

2101 4926 2242 4991 ster,
2279 4921 2370 4977 cui
2404 4924 2461 4976 et
2492 4920 2849 4975 immortuus
2880 4924 2988 4974 est.

683 5069 801 5143 Qui
827 5069 994 5152 apud
1034 5081 1245 5134 veteres
1275 5082 1543 5133 auctores
1573 5072 1951 5136 Nazianzeni
1992 5077 2374 5216 mammerint
2400 5093 2475 5134 ex
2506 5073 2781 5155 illiusque
2810 5073 3047 5153 scriptis
3079 5070 3412 5132 testimonia

1859 5164 2038 5216 protu
2098 5158 2243 5215 rint.

1854 5158 2243 5235 protulerint.

398 5271 500 5328 Vix
530 5272 689 5330 ullus
719 5274 781 5331 in
812 5278 935 5332 tota
965 5277 1186 5334 Graecia
1221 5278 1472 5351 scriptor
1500 5280 1744 5348 exstitit,
1778 5281 1848 5335 de
1897 5298 1988 5337 ec-
2024 5283 2070 5347 D
2102 5279 2205 5347 vit,
2254 5284 2319 5334 ut
2363 5280 2575 5334 bonam
2630 5281 2856 5350 partem
2916 5277 3200 5332 librorum
3255 5294 3498 5332 suorum
3548 5278 3619 5332 de
3650 5278 3765 5332 fide

328 5359 673 5420 clesiasticis
703 5363 933 5438 loquor,
963 5366 1064 5439 qui
1099 5384 1213 5423 non
1246 5368 1737 5439 perhonoriﬁcam
1771 5370 1988 5443 Grego-

324 5449 397 5505 rii
430 5452 792 5509 mentionem
844 5454 1067 5525 fecerit,
1120 5474 1189 5512 ex
1238 5457 1545 5529 ipsiusque
1596 5461 1875 5531 cperibus
1908 5465 1992 5515 te-

325 5540 606 5598 stimonia
635 5543 990 5614 produxerit.
1044 5545 1448 5603 Damascenus
1492 5553 1647 5604 certe
1695 5566 1811 5603 non
1855 5566 1992 5604 con—

352 5633 530 5686 entus
581 5632 808 5705 scripta
862 5651 971 5689 sua
1013 5634 1201 5706 ipsius
1248 5638 1591 5694 auctoritate
1632 5654 1994 5710 saepenume-

2103 5368 2436 5425 Orthodoxa
2465 5385 2533 5423 ex
2553 5369 2681 5439 ejus
2704 5367 2869 5422 libris
2894 5365 3210 5433 consuerit,
3236 5369 3391 5421 totas
3414 5366 3765 5438 plerumque

2105 5458 2375 5530 periodos
2407 5456 2587 5511 nullis
2618 5456 2811 5511 verbis
2841 5454 3171 5510 immutatis
3205 5454 3263 5509 in
3314 5454 3615 5511 volumina
3656 5472 3766 5509 sua

2105 5548 2484 5602 transferens.
2514 5546 2571 5601 Id
2592 5546 2745 5616 quod
2773 5544 3073 5617 productis
3096 5545 3454 5615 quibusdam
3479 5544 3620 5599 locis
3640 5544 3764 5616 pla-

2108 5654 2250 5691 num
2284 5639 2469 5691 facere
2496 5634 2939 5703 constitueram,
2977 5633 3035 5687 ni
3075 5633 3129 5687 id
3173 5633 3287 5706 ipsi
3326 5638 3446 5688 tam
3488 5634 3761 5704 frequens

325 5732 395 5775 ro
433 5719 815 5789 conﬁrmare,
846 5722 1140 5797 sexcentis
1192 5723 1337 5780 locis
1377 5725 1459 5781 ita
1514 5740 1649 5781 eum
1710 5725 1999 5799 compila-
2108 5741 2236 5782 esse
2266 5723 2708 5797 comperissem,
2740 5726 2805 5778 ut
2837 5721 3029 5795 prima
3066 5722 3257 5779 fronte
3299 5721 3519 5778 furtum
3552 5720 3759 5793 depre-
