  <div class='ocr_page' id='page_1' title='image "/cluster/home/n/w/nwhite01/storage/ocr_20150623/35:no.1/coo.31924054869320/161.png"; bbox 0 0 4100 6406; ppageno 0'>
   <div class='ocr_carea' id='block_1_1' title="bbox 307 351 421 415">
    <p class='ocr_par' dir='ltr' id='par_1_1' title="bbox 307 351 421 415">
     <span class='ocr_line' id='line_1_1' title="bbox 307 351 421 415; baseline -0.035 0"><span class='ocrx_word' id='word_1_1' title='bbox 307 351 421 415; x_wconf 81' lang='grc'>311</span> 
     </span>
    </p>
   </div>
   <div class='ocr_carea' id='block_1_2' title="bbox 1169 345 2848 410">
    <p class='ocr_par' dir='ltr' id='par_1_2' title="bbox 1169 345 2848 410">
     <span class='ocr_line' id='line_1_2' title="bbox 1169 345 2848 410; baseline -0.001 -1"><span class='ocrx_word' id='word_1_2' title='bbox 1169 345 1548 409; x_wconf 79' lang='lat' dir='ltr'>VETEBUM</span> <span class='ocrx_word' id='word_1_3' title='bbox 1593 347 1695 406; x_wconf 85' lang='lat' dir='ltr'><strong>ET</strong></span> <span class='ocrx_word' id='word_1_4' title='bbox 1737 346 2298 410; x_wconf 77' lang='lat' dir='ltr'>RECENTIORUM</span> <span class='ocrx_word' id='word_1_5' title='bbox 2344 347 2848 410; x_wconf 80' lang='lat' dir='ltr'>TESTIMONIA.</span> 
     </span>
    </p>
   </div>
   <div class='ocr_carea' id='block_1_3' title="bbox 3606 352 3728 413">
    <p class='ocr_par' dir='ltr' id='par_1_3' title="bbox 3606 352 3728 413">
     <span class='ocr_line' id='line_1_3' title="bbox 3606 352 3728 413; baseline -0.008 -1"><span class='ocrx_word' id='word_1_6' title='bbox 3606 352 3728 413; x_wconf 75' lang='grc'>312</span> 
     </span>
    </p>
   </div>
   <div class='ocr_carea' id='block_1_4' title="bbox 308 481 3727 556">
    <p class='ocr_par' dir='ltr' id='par_1_4' title="bbox 308 481 3727 556">
     <span class='ocr_line' id='line_1_4' title="bbox 308 481 3727 556; baseline -0 -14"><span class='ocrx_word' id='word_1_7' title='bbox 308 485 488 542; x_wconf 88' lang='lat' dir='ltr'>bendi</span> <span class='ocrx_word' id='word_1_8' title='bbox 523 487 738 556; x_wconf 82' lang='lat' dir='ltr'>posset.</span> <span class='ocrx_word' id='word_1_9' title='bbox 759 483 906 548; x_wconf 88' lang='lat' dir='ltr'>Quid</span> <span class='ocrx_word' id='word_1_10' title='bbox 931 484 1000 538; x_wconf 88' lang='lat' dir='ltr'>de</span> <span class='ocrx_word' id='word_1_11' title='bbox 1024 483 1389 538; x_wconf 79' lang='lat' dir='ltr'>Theodoreto</span> <span class='ocrx_word' id='word_1_12' title='bbox 1413 481 1733 552; x_wconf 87' lang='lat' dir='ltr'>dicam,qui</span> <span class='ocrx_word' id='word_1_13' title='bbox 1766 481 1955 552; x_wconf 88' lang='lat' dir='ltr'>ipsam</span> <span class='ocrx_word' id='word_1_14' title='bbox 1991 483 2044 548; x_wconf 78' lang='grc' dir='ltr'><strong>Α</strong></span> <span class='ocrx_word' id='word_1_15' title='bbox 2073 482 2302 537; x_wconf 84' lang='lat' dir='ltr'>Christo</span> <span class='ocrx_word' id='word_1_16' title='bbox 2335 482 2499 549; x_wconf 91' lang='lat' dir='ltr'>illud,</span> <span class='ocrx_word' id='word_1_17' title='bbox 2534 487 2589 537; x_wconf 92' lang='lat' dir='ltr'>et</span> <span class='ocrx_word' id='word_1_18' title='bbox 2619 483 2676 537; x_wconf 86' lang='lat' dir='ltr'>in</span> <span class='ocrx_word' id='word_1_19' title='bbox 2700 483 2959 539; x_wconf 80' lang='lat' dir='ltr'>Ecclesia</span> <span class='ocrx_word' id='word_1_20' title='bbox 2980 484 3395 555; x_wconf 89' lang='lat' dir='ltr'>interpretans,</span> <span class='ocrx_word' id='word_1_21' title='bbox 3423 501 3535 539; x_wconf 92' lang='lat' dir='ltr'>non</span> <span class='ocrx_word' id='word_1_22' title='bbox 3565 501 3626 540; x_wconf 90' lang='lat' dir='ltr'>se</span> <span class='ocrx_word' id='word_1_23' title='bbox 3645 486 3727 541; x_wconf 91' lang='lat' dir='ltr'>ita</span> 
     </span>
    </p>
   </div>
   <div class='ocr_carea' id='block_1_5' title="bbox 315 571 1962 647">
    <p class='ocr_par' dir='ltr' id='par_1_5' title="bbox 315 571 1962 647">
     <span class='ocr_line' id='line_1_5' title="bbox 315 571 1962 647; baseline -0.002 -17"><span class='ocrx_word' id='word_1_24' title='bbox 315 591 551 647; x_wconf 91' lang='lat' dir='ltr'>quoque</span> <span class='ocrx_word' id='word_1_25' title='bbox 567 573 821 643; x_wconf 82' lang='lat' dir='ltr'>theologi</span> <span class='ocrx_word' id='word_1_26' title='bbox 843 572 1105 644; x_wconf 89' lang='lat' dir='ltr'>phrasim</span> <span class='ocrx_word' id='word_1_27' title='bbox 1120 571 1438 626; x_wconf 71' lang='lat' dir='ltr'>affectavit?</span> <span class='ocrx_word' id='word_1_28' title='bbox 1456 571 1962 636; x_wconf 82' lang='lat' dir='ltr'>Quemadmodum</span> 
     </span>
    </p>
   </div>
   <div class='ocr_carea' id='block_1_6' title="bbox 316 659 1962 733">
    <p class='ocr_par' dir='ltr' id='par_1_6' title="bbox 316 659 1962 733">
     <span class='ocr_line' id='line_1_6' title="bbox 316 659 1962 733; baseline -0.003 -14"><span class='ocrx_word' id='word_1_29' title='bbox 316 680 385 720; x_wconf 88' lang='lat' dir='ltr'>ex</span> <span class='ocrx_word' id='word_1_30' title='bbox 414 664 585 718; x_wconf 90' lang='lat' dir='ltr'>unico</span> <span class='ocrx_word' id='word_1_31' title='bbox 617 662 804 733; x_wconf 86' lang='lat' dir='ltr'>capite</span> <span class='ocrx_word' id='word_1_32' title='bbox 837 661 971 715; x_wconf 82' lang='lat' dir='ltr'>libri</span> <span class='ocrx_word' id='word_1_33' title='bbox 1005 660 1197 731; x_wconf 83' lang='lat' dir='ltr'>quarti</span> <span class='ocrx_word' id='word_1_34' title='bbox 1229 663 1424 716; x_wconf 69' lang='lat' dir='ltr'>Haeret.</span> <span class='ocrx_word' id='word_1_35' title='bbox 1447 659 1767 729; x_wconf 76' lang='lat' dir='ltr'>fabularum</span> <span class='ocrx_word' id='word_1_36' title='bbox 1798 675 1962 730; x_wconf 89' lang='lat' dir='ltr'>aper-</span> 
     </span>
    </p>
   </div>
   <div class='ocr_carea' id='block_1_7' title="bbox 316 748 1966 822">
    <p class='ocr_par' dir='ltr' id='par_1_7' title="bbox 316 748 1966 822">
     <span class='ocr_line' id='line_1_7' title="bbox 316 748 1966 822; baseline -0.004 -13"><span class='ocrx_word' id='word_1_37' title='bbox 316 752 547 809; x_wconf 80' lang='lat' dir='ltr'>tissime</span> <span class='ocrx_word' id='word_1_38' title='bbox 570 750 774 822; x_wconf 84' lang='lat' dir='ltr'>liquet,</span> <span class='ocrx_word' id='word_1_39' title='bbox 802 750 901 806; x_wconf 92' lang='lat' dir='ltr'>ubi</span> <span class='ocrx_word' id='word_1_40' title='bbox 925 767 992 805; x_wconf 87' lang='lat' dir='ltr'>ex</span> <span class='ocrx_word' id='word_1_41' title='bbox 1016 749 1189 804; x_wconf 79' lang='lat' dir='ltr'>variis</span> <span class='ocrx_word' id='word_1_42' title='bbox 1211 749 1467 820; x_wconf 82' lang='lat' dir='ltr'>Gregorii</span> <span class='ocrx_word' id='word_1_43' title='bbox 1492 748 1726 819; x_wconf 82' lang='lat' dir='ltr'>scriptis</span> <span class='ocrx_word' id='word_1_44' title='bbox 1756 749 1966 802; x_wconf 91' lang='lat' dir='ltr'>oratio-</span> 
     </span>
    </p>
   </div>
   <div class='ocr_carea' id='block_1_8' title="bbox 319 835 1965 907">
    <p class='ocr_par' dir='ltr' id='par_1_8' title="bbox 319 835 1965 907">
     <span class='ocr_line' id='line_1_8' title="bbox 319 835 1965 907; baseline -0.004 -10"><span class='ocrx_word' id='word_1_45' title='bbox 319 857 455 898; x_wconf 88' lang='lat' dir='ltr'>nem</span> <span class='ocrx_word' id='word_1_46' title='bbox 478 856 646 895; x_wconf 90' lang='lat' dir='ltr'>suam</span> <span class='ocrx_word' id='word_1_47' title='bbox 666 837 1416 894; x_wconf 85' lang='lat' dir='ltr'>concinnavit.DeNestoric</span> <span class='ocrx_word' id='word_1_48' title='bbox 1432 835 1965 907; x_wconf 89' lang='lat' dir='ltr'>enimloquens(45)</span> 
     </span>
    </p>
   </div>
   <div class='ocr_carea' id='block_1_9' title="bbox 319 921 1966 1000">
    <p class='ocr_par' dir='ltr' id='par_1_9' title="bbox 319 921 1966 1000">
     <span class='ocr_line' id='line_1_9' title="bbox 319 921 1966 1000; baseline -0.005 -15"><span class='ocrx_word' id='word_1_49' title='bbox 319 927 538 998; x_wconf 65' lang='grc' dir='ltr'>ἸΙ’Δλλην</span> <span class='ocrx_word' id='word_1_50' title='bbox 571 926 621 997; x_wconf 75' lang='grc' dir='ltr'>ἐξ</span> <span class='ocrx_word' id='word_1_51' title='bbox 654 923 830 995; x_wconf 73' lang='grc' dir='ltr'>ἄλλης</span> <span class='ocrx_word' id='word_1_52' title='bbox 865 921 1108 998; x_wconf 72' lang='grc' dir='ltr'>ἀμείϐων</span> <span class='ocrx_word' id='word_1_53' title='bbox 1155 925 1364 1000; x_wconf 82' lang='grc' dir='ltr'>χώραν,</span> <span class='ocrx_word' id='word_1_54' title='bbox 1395 925 1632 998; x_wconf 86' lang='grc' dir='ltr'>καθάπερ</span> <span class='ocrx_word' id='word_1_55' title='bbox 1669 923 1966 998; x_wconf 71' lang='grc' dir='ltr'>Αἰγυπτια-</span> 
     </span>
    </p>
   </div>
   <div class='ocr_carea' id='block_1_10' title="bbox 321 1011 1967 1090">
    <p class='ocr_par' dir='ltr' id='par_1_10' title="bbox 321 1011 1967 1090">
     <span class='ocr_line' id='line_1_10' title="bbox 321 1011 1967 1090; baseline -0.005 -16"><span class='ocrx_word' id='word_1_56' title='bbox 321 1019 391 1088; x_wconf 80' lang='grc' dir='ltr'>κή</span> <span class='ocrx_word' id='word_1_57' title='bbox 423 1037 505 1079; x_wconf 84' lang='grc' dir='ltr'>τις</span> <span class='ocrx_word' id='word_1_58' title='bbox 547 1015 756 1089; x_wconf 79' lang='grc' dir='ltr'>μάστιξ,</span> <span class='ocrx_word' id='word_1_59' title='bbox 787 1017 857 1089; x_wconf 74' lang='grc' dir='ltr'>τῇ</span> <span class='ocrx_word' id='word_1_60' title='bbox 909 1013 1124 1090; x_wconf 77' lang='grc' dir='ltr'>μεγάλῃ</span> <span class='ocrx_word' id='word_1_61' title='bbox 1169 1019 1275 1068; x_wconf 78' lang='grc' dir='ltr'>τῶν</span> <span class='ocrx_word' id='word_1_62' title='bbox 1332 1015 1657 1088; x_wconf 75' lang='grc' dir='ltr'>Ἀντιοχέων</span> <span class='ocrx_word' id='word_1_63' title='bbox 1709 1011 1967 1086; x_wconf 76' lang='grc' dir='ltr'>ἐνέσκηψε</span> 
     </span>
    </p>
   </div>
   <div class='ocr_carea' id='block_1_11' title="bbox 325 1102 1968 1179">
    <p class='ocr_par' dir='ltr' id='par_1_11' title="bbox 325 1102 1968 1179">
     <span class='ocr_line' id='line_1_11' title="bbox 325 1102 1968 1179; baseline -0.005 -16"><span class='ocrx_word' id='word_1_64' title='bbox 325 1105 504 1162; x_wconf 64' lang='grc' dir='ltr'>πόλιν</span> <span class='ocrx_word' id='word_1_65' title='bbox 542 1103 592 1161; x_wconf 74' lang='grc' dir='ltr'>ἰν</span> <span class='ocrx_word' id='word_1_66' title='bbox 619 1104 786 1179; x_wconf 74' lang='grc' dir='ltr'>ταύτῃ</span> <span class='ocrx_word' id='word_1_67' title='bbox 816 1102 997 1179; x_wconf 88' lang='grc' dir='ltr'>λόγων</span> <span class='ocrx_word' id='word_1_68' title='bbox 1047 1102 1364 1179; x_wconf 78' lang='grc' dir='ltr'>ἐλευθερίων</span> <span class='ocrx_word' id='word_1_69' title='bbox 1411 1103 1641 1178; x_wconf 83' lang='grc' dir='ltr'>μετρίως</span> <span class='ocrx_word' id='word_1_70' title='bbox 1697 1122 1968 1177; x_wconf 83' lang='grc' dir='ltr'>μετεσχη-</span> 
     </span>
    </p>
   </div>
   <div class='ocr_carea' id='block_1_12' title="bbox 324 1191 1968 1270">
    <p class='ocr_par' dir='ltr' id='par_1_12' title="bbox 324 1191 1968 1270">
     <span class='ocr_line' id='line_1_12' title="bbox 324 1191 1968 1270; baseline -0.004 -18"><span class='ocrx_word' id='word_1_71' title='bbox 324 1195 553 1267; x_wconf 84' lang='grc' dir='ltr'>κὼς....,</span> <span class='ocrx_word' id='word_1_72' title='bbox 607 1198 675 1267; x_wconf 80' lang='grc' dir='ltr'>τῇ</span> <span class='ocrx_word' id='word_1_73' title='bbox 735 1192 1032 1264; x_wconf 73' lang='grc' dir='ltr'>Ἐκκλησία</span> <span class='ocrx_word' id='word_1_74' title='bbox 1088 1191 1184 1247; x_wconf 59' lang='lat' dir='ltr'>to?)</span> <span class='ocrx_word' id='word_1_75' title='bbox 1242 1197 1375 1247; x_wconf 78' lang='grc' dir='ltr'>Θεοῦ</span> <span class='ocrx_word' id='word_1_76' title='bbox 1441 1192 1648 1267; x_wconf 79' lang='grc' dir='ltr'>προϊὼν</span> <span class='ocrx_word' id='word_1_77' title='bbox 1726 1191 1968 1270; x_wconf 77' lang='grc' dir='ltr'>εἷσεφθά-</span> 
     </span>
    </p>
   </div>
   <div class='ocr_carea' id='block_1_13' title="bbox 2073 572 3723 646">
    <p class='ocr_par' dir='ltr' id='par_1_13' title="bbox 2073 572 3723 646">
     <span class='ocr_line' id='line_1_13' title="bbox 2073 572 3723 646; baseline 0.004 -20"><span class='ocrx_word' id='word_1_78' title='bbox 2073 575 2388 637; x_wconf 90' lang='lat' dir='ltr'>asserat,ut</span> <span class='ocrx_word' id='word_1_79' title='bbox 2410 572 2727 628; x_wconf 86' lang='lat' dir='ltr'>testimonii</span> <span class='ocrx_word' id='word_1_80' title='bbox 2755 573 3087 643; x_wconf 83' lang='lat' dir='ltr'>postulabat</span> <span class='ocrx_word' id='word_1_81' title='bbox 3110 573 3723 646; x_wconf 85' lang='lat' dir='ltr'>dignitas,expressis-</span> 
     </span>
    </p>
   </div>
   <div class='ocr_carea' id='block_1_14' title="bbox 2074 661 3725 732">
    <p class='ocr_par' dir='ltr' id='par_1_14' title="bbox 2074 661 3725 732">
     <span class='ocr_line' id='line_1_14' title="bbox 2074 661 3725 732; baseline 0.003 -17"><span class='ocrx_word' id='word_1_82' title='bbox 2074 678 2154 724; x_wconf 87' lang='lat' dir='ltr'>se,</span> <span class='ocrx_word' id='word_1_83' title='bbox 2189 662 2287 715; x_wconf 91' lang='lat' dir='ltr'>sed</span> <span class='ocrx_word' id='word_1_84' title='bbox 2322 663 2755 732; x_wconf 85' lang='lat' dir='ltr'>quodammodo</span> <span class='ocrx_word' id='word_1_85' title='bbox 2789 661 3035 716; x_wconf 82' lang='lat' dir='ltr'>dixerit:</span> <span class='ocrx_word' id='word_1_86' title='bbox 3093 662 3220 716; x_wconf 89' lang='lat' dir='ltr'>Scio</span> <span class='ocrx_word' id='word_1_87' title='bbox 3254 663 3392 732; x_wconf 84' lang='lat' dir='ltr'>quia</span> <span class='ocrx_word' id='word_1_88' title='bbox 3422 664 3584 719; x_wconf 89' lang='lat' dir='ltr'>locus</span> <span class='ocrx_word' id='word_1_89' title='bbox 3615 665 3725 720; x_wconf 86' lang='lat' dir='ltr'>iste</span> 
     </span>
    </p>
   </div>
   <div class='ocr_carea' id='block_1_15' title="bbox 2074 750 3728 822">
    <p class='ocr_par' dir='ltr' id='par_1_15' title="bbox 2074 750 3728 822">
     <span class='ocr_line' id='line_1_15' title="bbox 2074 750 3728 822; baseline 0.003 -19"><span class='ocrx_word' id='word_1_90' title='bbox 2074 750 2470 805; x_wconf 75' lang='lat' dir='ltr'>ineffabilibus</span> <span class='ocrx_word' id='word_1_91' title='bbox 2504 750 2712 820; x_wconf 91' lang='lat' dir='ltr'>plenus</span> <span class='ocrx_word' id='word_1_92' title='bbox 2734 751 2810 806; x_wconf 89' lang='lat' dir='ltr'>sit</span> <span class='ocrx_word' id='word_1_93' title='bbox 2835 753 3241 822; x_wconf 85' lang='lat' dir='ltr'>sacramentis,</span> <span class='ocrx_word' id='word_1_94' title='bbox 3267 757 3323 807; x_wconf 89' lang='lat' dir='ltr'>et</span> <span class='ocrx_word' id='word_1_95' title='bbox 3344 753 3607 809; x_wconf 85' lang='lat' dir='ltr'>divinum</span> <span class='ocrx_word' id='word_1_96' title='bbox 3631 771 3728 810; x_wconf 87' lang='lat' dir='ltr'>cor</span> 
     </span>
    </p>
   </div>
   <div class='ocr_carea' id='block_1_16' title="bbox 2076 839 2744 910">
    <p class='ocr_par' dir='ltr' id='par_1_16' title="bbox 2076 839 2744 910">
     <span class='ocr_line' id='line_1_16' title="bbox 2076 839 2744 910; baseline 0 -17"><span class='ocrx_word' id='word_1_97' title='bbox 2076 844 2296 910; x_wconf 78' lang='lat' dir='ltr'>quzerat</span> <span class='ocrx_word' id='word_1_98' title='bbox 2326 839 2681 910; x_wconf 88' lang='lat' dir='ltr'>interpretis.</span> <span class='ocrx_word' id='word_1_99' title='bbox 2717 861 2744 887; x_wconf 89' lang='grc'>››</span> 
     </span>
    </p>
   </div>
   <div class='ocr_carea' id='block_1_17' title="bbox 2146 927 3732 1000">
    <p class='ocr_par' dir='ltr' id='par_1_17' title="bbox 2146 927 3732 1000">
     <span class='ocr_line' id='line_1_17' title="bbox 2146 927 3732 1000; baseline 0.002 -17"><span class='ocrx_word' id='word_1_100' title='bbox 2146 929 2510 1000; x_wconf 81' lang='lat' dir='ltr'>Augustinus</span> <span class='ocrx_word' id='word_1_101' title='bbox 2533 930 2640 999; x_wconf 89' lang='lat'>(48)</span> <span class='ocrx_word' id='word_1_102' title='bbox 2659 927 2907 999; x_wconf 88' lang='lat' dir='ltr'>epistola</span> <span class='ocrx_word' id='word_1_103' title='bbox 2924 945 3128 983; x_wconf 82' lang='lat' dir='ltr'>chvm</span> <span class='ocrx_word' id='word_1_104' title='bbox 3152 929 3223 983; x_wconf 88' lang='lat' dir='ltr'>ad</span> <span class='ocrx_word' id='word_1_105' title='bbox 3244 929 3732 987; x_wconf 90' lang='lat' dir='ltr'>Fortunatianum</span> 
     </span>
    </p>
   </div>
   <div class='ocr_carea' id='block_1_18' title="bbox 2078 1018 3733 1090">
    <p class='ocr_par' dir='ltr' id='par_1_18' title="bbox 2078 1018 3733 1090">
     <span class='ocr_line' id='line_1_18' title="bbox 2078 1018 3733 1090; baseline 0 -16"><span class='ocrx_word' id='word_1_106' title='bbox 2078 1018 2268 1074; x_wconf 85' lang='lat' dir='ltr'>citatis</span> <span class='ocrx_word' id='word_1_107' title='bbox 2299 1018 2651 1089; x_wconf 89' lang='lat' dir='ltr'>quibusdam</span> <span class='ocrx_word' id='word_1_108' title='bbox 2675 1036 2744 1073; x_wconf 87' lang='lat' dir='ltr'>cx</span> <span class='ocrx_word' id='word_1_109' title='bbox 2766 1018 3105 1084; x_wconf 87' lang='lat' dir='ltr'>Athanasio,</span> <span class='ocrx_word' id='word_1_110' title='bbox 3133 1041 3158 1067; x_wconf 79' lang='grc' dir='ltr'>α</span> <span class='ocrx_word' id='word_1_111' title='bbox 3185 1018 3498 1090; x_wconf 86' lang='lat' dir='ltr'>Gregorius</span> <span class='ocrx_word' id='word_1_112' title='bbox 3530 1019 3733 1088; x_wconf 87' lang='lat' dir='ltr'>etiam,</span> 
     </span>
    </p>
   </div>
   <div class='ocr_carea' id='block_1_19' title="bbox 2079 1106 3734 1179">
    <p class='ocr_par' dir='ltr' id='par_1_19' title="bbox 2079 1106 3734 1179">
     <span class='ocr_line' id='line_1_19' title="bbox 2079 1106 3734 1179; baseline 0.002 -18"><span class='ocrx_word' id='word_1_113' title='bbox 2079 1107 2286 1178; x_wconf 86' lang='lat' dir='ltr'>inquit,</span> <span class='ocrx_word' id='word_1_114' title='bbox 2338 1112 2578 1162; x_wconf 89' lang='lat' dir='ltr'>sanctus</span> <span class='ocrx_word' id='word_1_115' title='bbox 2624 1107 2936 1179; x_wconf 89' lang='lat' dir='ltr'>episcopus</span> <span class='ocrx_word' id='word_1_116' title='bbox 2996 1106 3304 1163; x_wconf 88' lang='lat' dir='ltr'>Orientalis</span> <span class='ocrx_word' id='word_1_117' title='bbox 3359 1107 3734 1178; x_wconf 85' lang='lat' dir='ltr'>apertissime</span> 
     </span>
    </p>
   </div>
   <div class='ocr_carea' id='block_1_20' title="bbox 2079 1196 3729 1267">
    <p class='ocr_par' dir='ltr' id='par_1_20' title="bbox 2079 1196 3729 1267">
     <span class='ocr_line' id='line_1_20' title="bbox 2079 1196 3729 1267; baseline 0.001 -16"><span class='ocrx_word' id='word_1_118' title='bbox 2079 1197 2240 1264; x_wconf 86' lang='lat' dir='ltr'>dicit,</span> <span class='ocrx_word' id='word_1_119' title='bbox 2264 1197 2447 1251; x_wconf 92' lang='lat' dir='ltr'>Deum</span> <span class='ocrx_word' id='word_1_120' title='bbox 2475 1202 2682 1252; x_wconf 87' lang='lat' dir='ltr'>natura</span> <span class='ocrx_word' id='word_1_121' title='bbox 2702 1196 3075 1265; x_wconf 89' lang='lat' dir='ltr'>invisibilem,</span> <span class='ocrx_word' id='word_1_122' title='bbox 3103 1198 3335 1266; x_wconf 84' lang='lat' dir='ltr'>quando</span> <span class='ocrx_word' id='word_1_123' title='bbox 3360 1197 3624 1267; x_wconf 89' lang='lat' dir='ltr'>patribus</span> <span class='ocrx_word' id='word_1_124' title='bbox 3645 1199 3729 1253; x_wconf 91' lang='lat' dir='ltr'>vi-</span> 
     </span>
    </p>
   </div>
   <div class='ocr_carea' id='block_1_21' title="bbox 326 1280 1984 1362">
    <p class='ocr_par' dir='ltr' id='par_1_21' title="bbox 326 1280 1972 1362">
     <span class='ocr_line' id='line_1_21' title="bbox 326 1280 1972 1362; baseline -0.003 -23"><span class='ocrx_word' id='word_1_125' title='bbox 326 1306 417 1362; x_wconf 92' lang='grc' dir='ltr'>ρη.</span> <span class='ocrx_word' id='word_1_126' title='bbox 452 1287 521 1341; x_wconf 91' lang='lat' dir='ltr'>Et</span> <span class='ocrx_word' id='word_1_127' title='bbox 552 1285 724 1357; x_wconf 91' lang='lat' dir='ltr'>paulo</span> <span class='ocrx_word' id='word_1_128' title='bbox 756 1285 1000 1340; x_wconf 88' lang='lat' dir='ltr'>inferius</span> <span class='ocrx_word' id='word_1_129' title='bbox 1032 1301 1044 1339; x_wconf 92' lang='lat'>:</span> <span class='ocrx_word' id='word_1_130' title='bbox 1079 1283 1336 1337; x_wconf 78' lang='grc' dir='ltr'>Ἐνταῦθεὶ</span> <span class='ocrx_word' id='word_1_131' title='bbox 1381 1304 1473 1354; x_wconf 84' lang='grc' dir='ltr'>μοι</span> <span class='ocrx_word' id='word_1_132' title='bbox 1525 1281 1716 1337; x_wconf 87' lang='grc' dir='ltr'>λοιπὸν</span> <span class='ocrx_word' id='word_1_133' title='bbox 1768 1281 1856 1335; x_wconf 81' lang='grc' dir='ltr'>καὶ</span> <span class='ocrx_word' id='word_1_134' title='bbox 1905 1280 1972 1334; x_wconf 77' lang='grc' dir='ltr'>τὰ</span> 
     </span>
    </p>
   </div>
   <div class='ocr_carea' id='block_1_22' title="bbox 2084 1280 3734 1362">
    <p class='ocr_par' dir='ltr' id='par_1_22' title="bbox 2084 1285 3734 1357">
     <span class='ocr_line' id='line_1_22' title="bbox 2084 1285 3734 1357; baseline -0.002 -15"><span class='ocrx_word' id='word_1_135' title='bbox 2084 1304 2183 1342; x_wconf 89' lang='lat' dir='ltr'>sus</span> <span class='ocrx_word' id='word_1_136' title='bbox 2213 1290 2322 1352; x_wconf 89' lang='lat' dir='ltr'>est,</span> <span class='ocrx_word' id='word_1_137' title='bbox 2345 1287 2497 1340; x_wconf 86' lang='lat' dir='ltr'>sicut</span> <span class='ocrx_word' id='word_1_138' title='bbox 2519 1286 2721 1357; x_wconf 85' lang='lat' dir='ltr'>Moysi,</span> <span class='ocrx_word' id='word_1_139' title='bbox 2747 1303 2881 1340; x_wconf 92' lang='lat' dir='ltr'>cum</span> <span class='ocrx_word' id='word_1_140' title='bbox 2905 1302 3020 1357; x_wconf 80' lang='lat' dir='ltr'>quo</span> <span class='ocrx_word' id='word_1_141' title='bbox 3045 1286 3184 1340; x_wconf 91' lang='lat' dir='ltr'>facie</span> <span class='ocrx_word' id='word_1_142' title='bbox 3211 1287 3282 1339; x_wconf 90' lang='lat' dir='ltr'>ad</span> <span class='ocrx_word' id='word_1_143' title='bbox 3311 1285 3516 1340; x_wconf 83' lang='lat' dir='ltr'>faciem</span> <span class='ocrx_word' id='word_1_144' title='bbox 3535 1286 3734 1357; x_wconf 72' lang='lat' dir='ltr'>loque:</span> 
     </span>
    </p>
   </div>
   <div class='ocr_carea' id='block_1_23' title="bbox 327 1369 1984 1448">
    <p class='ocr_par' dir='ltr' id='par_1_23' title="bbox 327 1369 1973 1448">
     <span class='ocr_line' id='line_1_23' title="bbox 327 1369 1973 1448; baseline -0.002 -20"><span class='ocrx_word' id='word_1_145' title='bbox 327 1371 595 1448; x_wconf 82' lang='grc' dir='ltr'>δράματα,</span> <span class='ocrx_word' id='word_1_146' title='bbox 651 1374 725 1426; x_wconf 83' lang='grc' dir='ltr'>ὧν</span> <span class='ocrx_word' id='word_1_147' title='bbox 790 1376 987 1446; x_wconf 79' lang='grc' dir='ltr'>μικροῦ</span> <span class='ocrx_word' id='word_1_148' title='bbox 1043 1369 1267 1446; x_wconf 82' lang='grc' dir='ltr'>πλήρης</span> <span class='ocrx_word' id='word_1_149' title='bbox 1340 1377 1483 1425; x_wconf 78' lang='grc' dir='ltr'>πᾶσα</span> <span class='ocrx_word' id='word_1_150' title='bbox 1523 1373 1593 1446; x_wconf 76' lang='grc' dir='ltr'>γῆ</span> <span class='ocrx_word' id='word_1_151' title='bbox 1637 1392 1697 1426; x_wconf 83' lang='grc' dir='ltr'>τε</span> <span class='ocrx_word' id='word_1_152' title='bbox 1742 1370 1831 1425; x_wconf 84' lang='grc' dir='ltr'>καὶ</span> <span class='ocrx_word' id='word_1_153' title='bbox 1874 1370 1973 1425; x_wconf 80' lang='grc' dir='ltr'>Θά-</span> 
     </span>
    </p>
   </div>
   <div class='ocr_carea' id='block_1_24' title="bbox 2084 1369 3733 1448">
    <p class='ocr_par' dir='ltr' id='par_1_24' title="bbox 2084 1373 3733 1446">
     <span class='ocr_line' id='line_1_24' title="bbox 2084 1373 3733 1446; baseline 0.001 -16"><span class='ocrx_word' id='word_1_154' title='bbox 2084 1376 2273 1442; x_wconf 90' lang='lat' dir='ltr'>batur,</span> <span class='ocrx_word' id='word_1_155' title='bbox 2308 1375 2560 1445; x_wconf 87' lang='lat' dir='ltr'>alicujus</span> <span class='ocrx_word' id='word_1_156' title='bbox 2590 1373 3005 1445; x_wconf 92' lang='lat' dir='ltr'>conspicabilis</span> <span class='ocrx_word' id='word_1_157' title='bbox 3052 1373 3310 1428; x_wconf 67' lang='lat' dir='ltr'>materiae</span> <span class='ocrx_word' id='word_1_158' title='bbox 3349 1373 3733 1446; x_wconf 88' lang='lat' dir='ltr'>dispositione</span> 
     </span>
    </p>
   </div>
   <div class='ocr_carea' id='block_1_25' title="bbox 325 1461 3734 1535">
    <p class='ocr_par' dir='ltr' id='par_1_25' title="bbox 325 1461 3734 1535">
     <span class='ocr_line' id='line_1_25' title="bbox 325 1461 3734 1535; baseline 0.001 -17"><span class='ocrx_word' id='word_1_159' title='bbox 325 1461 516 1519; x_wconf 88' lang='grc' dir='ltr'>λαττα.</span> <span class='ocrx_word' id='word_1_160' title='bbox 543 1469 757 1518; x_wconf 87' lang='lat' dir='ltr'>Annon</span> <span class='ocrx_word' id='word_1_161' title='bbox 789 1463 913 1519; x_wconf 67' lang='lat' dir='ltr'>haec</span> <span class='ocrx_word' id='word_1_162' title='bbox 945 1464 1060 1518; x_wconf 93' lang='lat' dir='ltr'>duo</span> <span class='ocrx_word' id='word_1_163' title='bbox 1091 1463 1218 1517; x_wconf 91' lang='lat' dir='ltr'>loca</span> <span class='ocrx_word' id='word_1_164' title='bbox 1249 1463 1319 1518; x_wconf 90' lang='lat' dir='ltr'>ad</span> <span class='ocrx_word' id='word_1_165' title='bbox 1351 1463 1591 1516; x_wconf 88' lang='lat' dir='ltr'>verbum</span> <span class='ocrx_word' id='word_1_166' title='bbox 1622 1463 1976 1533; x_wconf 89' lang='lat' dir='ltr'>transcripta</span> <span class='ocrx_word' id='word_1_167' title='bbox 2084 1469 2407 1535; x_wconf 89' lang='lat' dir='ltr'>assumpta,</span> <span class='ocrx_word' id='word_1_168' title='bbox 2442 1463 2601 1518; x_wconf 89' lang='lat' dir='ltr'>salva</span> <span class='ocrx_word' id='word_1_169' title='bbox 2633 1481 2739 1518; x_wconf 89' lang='lat' dir='ltr'>sua</span> <span class='ocrx_word' id='word_1_170' title='bbox 2770 1462 3169 1518; x_wconf 87' lang='lat' dir='ltr'>invisibilitate</span> <span class='ocrx_word' id='word_1_171' title='bbox 3201 1462 3382 1518; x_wconf 91' lang='lat' dir='ltr'>videri</span> <span class='ocrx_word' id='word_1_172' title='bbox 3413 1463 3734 1535; x_wconf 81' lang='lat' dir='ltr'>potuisse.»</span> 
     </span>
    </p>
   </div>
   <div class='ocr_carea' id='block_1_26' title="bbox 327 1550 2895 1624">
    <p class='ocr_par' dir='ltr' id='par_1_26' title="bbox 327 1550 2895 1624">
     <span class='ocr_line' id='line_1_26' title="bbox 327 1550 2895 1624; baseline -0.002 -15"><span class='ocrx_word' id='word_1_173' title='bbox 327 1558 468 1610; x_wconf 89' lang='lat' dir='ltr'>sunt</span> <span class='ocrx_word' id='word_1_174' title='bbox 515 1568 584 1608; x_wconf 86' lang='lat' dir='ltr'>ex</span> <span class='ocrx_word' id='word_1_175' title='bbox 632 1551 1033 1607; x_wconf 87' lang='lat' dir='ltr'>Athanasiana</span> <span class='ocrx_word' id='word_1_176' title='bbox 1081 1550 1343 1622; x_wconf 90' lang='lat' dir='ltr'>Gregorii</span> <span class='ocrx_word' id='word_1_177' title='bbox 1395 1550 1700 1605; x_wconf 81' lang='lat' dir='ltr'>oratione?</span> <span class='ocrx_word' id='word_1_178' title='bbox 1751 1551 1976 1605; x_wconf 82' lang='lat' dir='ltr'>Rursus</span> <span class='ocrx_word' id='word_1_179' title='bbox 2084 1553 2235 1609; x_wconf 87' lang='lat' dir='ltr'>Citat</span> <span class='ocrx_word' id='word_1_180' title='bbox 2267 1557 2469 1624; x_wconf 82' lang='lat' dir='ltr'>postea</span> <span class='ocrx_word' id='word_1_181' title='bbox 2497 1553 2895 1607; x_wconf 81' lang='lat' dir='ltr'>Ambrosium.</span> 
     </span>
    </p>
   </div>
   <div class='ocr_carea' id='block_1_27' title="bbox 326 1636 1974 1712">
    <p class='ocr_par' dir='ltr' id='par_1_27' title="bbox 326 1636 1974 1712">
     <span class='ocr_line' id='line_1_27' title="bbox 326 1636 1974 1712; baseline -0.005 -14"><span class='ocrx_word' id='word_1_182' title='bbox 326 1642 450 1698; x_wconf 76' lang='lat' dir='ltr'>haec</span> <span class='ocrx_word' id='word_1_183' title='bbox 479 1642 656 1697; x_wconf 88' lang='lat' dir='ltr'>verba</span> <span class='ocrx_word' id='word_1_184' title='bbox 707 1642 811 1707; x_wconf 79' lang='grc' dir='ltr'>Τῆς</span> <span class='ocrx_word' id='word_1_185' title='bbox 850 1638 985 1692; x_wconf 85' lang='grc' dir='ltr'>κατὰ</span> <span class='ocrx_word' id='word_1_186' title='bbox 1037 1636 1604 1695; x_wconf 77' lang='grc' dir='ltr'>Κωνσταντινούπολιν</span> <span class='ocrx_word' id='word_1_187' title='bbox 1652 1642 1757 1690; x_wconf 81' lang='grc' dir='ltr'>τῶν</span> <span class='ocrx_word' id='word_1_188' title='bbox 1813 1637 1974 1712; x_wconf 81' lang='grc' dir='ltr'>ὀρθο-</span> 
     </span>
    </p>
   </div>
   <div class='ocr_carea' id='block_1_28' title="bbox 330 1723 1975 1801">
    <p class='ocr_par' dir='ltr' id='par_1_28' title="bbox 330 1723 1975 1801">
     <span class='ocr_line' id='line_1_28' title="bbox 330 1723 1975 1801; baseline -0.002 -16"><span class='ocrx_word' id='word_1_189' title='bbox 330 1726 500 1799; x_wconf 76' lang='grc' dir='ltr'>δόξων</span> <span class='ocrx_word' id='word_1_190' title='bbox 574 1727 872 1796; x_wconf 75' lang='grc' dir='ltr'>καθολικῆς</span> <span class='ocrx_word' id='word_1_191' title='bbox 950 1725 1272 1797; x_wconf 68' lang='grc' dir='ltr'>Ἐκοιλησίας</span> <span class='ocrx_word' id='word_1_192' title='bbox 1346 1728 1445 1796; x_wconf 79' lang='grc' dir='ltr'>τὴν</span> <span class='ocrx_word' id='word_1_193' title='bbox 1520 1723 1810 1801; x_wconf 81' lang='grc' dir='ltr'>προεδρίαν</span> <span class='ocrx_word' id='word_1_194' title='bbox 1888 1726 1975 1781; x_wconf 86' lang='grc' dir='ltr'>πί-</span> 
     </span>
    </p>
   </div>
   <div class='ocr_carea' id='block_1_29' title="bbox 2159 1641 3736 1715">
    <p class='ocr_par' dir='ltr' id='par_1_29' title="bbox 2159 1641 3736 1715">
     <span class='ocr_line' id='line_1_29' title="bbox 2159 1641 3736 1715; baseline 0.002 -19"><span class='ocrx_word' id='word_1_195' title='bbox 2159 1643 2314 1696; x_wconf 89' lang='lat' dir='ltr'>Idem</span> <span class='ocrx_word' id='word_1_196' title='bbox 2349 1643 2458 1712; x_wconf 91' lang='lat'>(49)</span> <span class='ocrx_word' id='word_1_197' title='bbox 2491 1641 2591 1696; x_wconf 87' lang='lat' dir='ltr'>lib.</span> <span class='ocrx_word' id='word_1_198' title='bbox 2627 1659 2644 1695; x_wconf 83' lang='grc' dir='ltr'>ι</span> <span class='ocrx_word' id='word_1_199' title='bbox 2681 1641 2878 1696; x_wconf 80' lang='lat' dir='ltr'>Contra</span> <span class='ocrx_word' id='word_1_200' title='bbox 2924 1643 3212 1697; x_wconf 75' lang='lat' dir='ltr'>Iulianum</span> <span class='ocrx_word' id='word_1_201' title='bbox 3246 1642 3630 1715; x_wconf 75' lang='lat' dir='ltr'>Pelagianam,</span> <span class='ocrx_word' id='word_1_202' title='bbox 3665 1644 3736 1699; x_wconf 90' lang='lat' dir='ltr'>de</span> 
     </span>
    </p>
   </div>
   <div class='ocr_carea' id='block_1_30' title="bbox 2086 1729 3733 1804">
    <p class='ocr_par' dir='ltr' id='par_1_30' title="bbox 2086 1729 3733 1804">
     <span class='ocr_line' id='line_1_30' title="bbox 2086 1729 3733 1804; baseline 0.002 -19"><span class='ocrx_word' id='word_1_203' title='bbox 2086 1734 2320 1803; x_wconf 85' lang='lat' dir='ltr'>peccato</span> <span class='ocrx_word' id='word_1_204' title='bbox 2352 1729 2642 1801; x_wconf 88' lang='lat' dir='ltr'>originali,</span> <span class='ocrx_word' id='word_1_205' title='bbox 2668 1734 2798 1800; x_wconf 88' lang='lat' dir='ltr'>post</span> <span class='ocrx_word' id='word_1_206' title='bbox 2819 1730 3026 1784; x_wconf 91' lang='lat' dir='ltr'>citatos</span> <span class='ocrx_word' id='word_1_207' title='bbox 3050 1729 3379 1785; x_wconf 85' lang='lat' dir='ltr'>Occidentis</span> <span class='ocrx_word' id='word_1_208' title='bbox 3410 1730 3733 1804; x_wconf 89' lang='lat' dir='ltr'>episcopos,</span> 
     </span>
    </p>
   </div>
   <div class='ocr_carea' id='block_1_31' title="bbox 330 1814 1984 1915">
    <p class='ocr_par' dir='ltr' id='par_1_31' title="bbox 330 1814 1974 1891">
     <span class='ocr_line' id='line_1_31' title="bbox 330 1814 1974 1891; baseline -0.001 -18"><span class='ocrx_word' id='word_1_209' title='bbox 330 1816 592 1891; x_wconf 77' lang='grc' dir='ltr'>στεῦεται,</span> <span class='ocrx_word' id='word_1_210' title='bbox 621 1815 772 1872; x_wconf 71' lang='grc' dir='ltr'>οὐδὲν</span> <span class='ocrx_word' id='word_1_211' title='bbox 807 1814 864 1871; x_wconf 73' lang='grc' dir='ltr'>δὲ</span> <span class='ocrx_word' id='word_1_212' title='bbox 892 1818 1052 1886; x_wconf 75' lang='grc' dir='ltr'>ἧττον</span> <span class='ocrx_word' id='word_1_213' title='bbox 1085 1815 1172 1870; x_wconf 85' lang='grc' dir='ltr'>καὶ</span> <span class='ocrx_word' id='word_1_214' title='bbox 1203 1823 1303 1885; x_wconf 82' lang='grc' dir='ltr'>τῆς</span> <span class='ocrx_word' id='word_1_215' title='bbox 1361 1815 1686 1887; x_wconf 73' lang='grc' dir='ltr'>οἷκουμένης</span> <span class='ocrx_word' id='word_1_216' title='bbox 1742 1815 1974 1886; x_wconf 80' lang='grc' dir='ltr'>ἀπάσης.</span> 
     </span>
    </p>
   </div>
   <div class='ocr_carea' id='block_1_32' title="bbox 2084 1814 3737 1915">
    <p class='ocr_par' dir='ltr' id='par_1_32' title="bbox 2087 1818 3737 1891">
     <span class='ocr_line' id='line_1_32' title="bbox 2087 1818 3737 1891; baseline 0.001 -17"><span class='ocrx_word' id='word_1_217' title='bbox 2087 1820 2171 1874; x_wconf 91' lang='lat' dir='ltr'>sic</span> <span class='ocrx_word' id='word_1_218' title='bbox 2202 1820 2271 1874; x_wconf 92' lang='lat' dir='ltr'>de</span> <span class='ocrx_word' id='word_1_219' title='bbox 2301 1819 2573 1890; x_wconf 90' lang='lat' dir='ltr'>Gregorio</span> <span class='ocrx_word' id='word_1_220' title='bbox 2618 1818 3000 1886; x_wconf 88' lang='lat' dir='ltr'>Nazianzeno,</span> <span class='ocrx_word' id='word_1_221' title='bbox 3054 1835 3225 1889; x_wconf 91' lang='lat' dir='ltr'>quem</span> <span class='ocrx_word' id='word_1_222' title='bbox 3279 1821 3533 1891; x_wconf 88' lang='lat' dir='ltr'>primum</span> <span class='ocrx_word' id='word_1_223' title='bbox 3586 1821 3737 1876; x_wconf 90' lang='lat' dir='ltr'>inter</span> 
     </span>
    </p>
   </div>
   <div class='ocr_carea' id='block_1_33' title="bbox 331 1906 1975 1981">
    <p class='ocr_par' dir='ltr' id='par_1_33' title="bbox 331 1906 1975 1981">
     <span class='ocr_line' id='line_1_33' title="bbox 331 1906 1975 1981; baseline -0.002 -16"><span class='ocrx_word' id='word_1_224' title='bbox 331 1909 640 1981; x_wconf 90' lang='lat' dir='ltr'>Ipsissima</span> <span class='ocrx_word' id='word_1_225' title='bbox 670 1913 809 1963; x_wconf 92' lang='lat' dir='ltr'>sunt</span> <span class='ocrx_word' id='word_1_226' title='bbox 839 1908 1014 1962; x_wconf 91' lang='lat' dir='ltr'>verba</span> <span class='ocrx_word' id='word_1_227' title='bbox 1035 1906 1438 1977; x_wconf 86' lang='lat' dir='ltr'>Gregorii,etsi</span> <span class='ocrx_word' id='word_1_228' title='bbox 1460 1907 1654 1962; x_wconf 94' lang='lat' dir='ltr'>locum</span> <span class='ocrx_word' id='word_1_229' title='bbox 1679 1925 1834 1962; x_wconf 91' lang='lat' dir='ltr'>nunc</span> <span class='ocrx_word' id='word_1_230' title='bbox 1860 1925 1975 1962; x_wconf 92' lang='lat' dir='ltr'>non</span> 
     </span>
    </p>
   </div>
   <div class='ocr_carea' id='block_1_34' title="bbox 331 1996 1978 2063">
    <p class='ocr_par' dir='ltr' id='par_1_34' title="bbox 331 1996 1978 2063">
     <span class='ocr_line' id='line_1_34' title="bbox 331 1996 1978 2063; baseline -0.002 -9"><span class='ocrx_word' id='word_1_231' title='bbox 331 1998 474 2054; x_wconf 92' lang='lat' dir='ltr'>satis</span> <span class='ocrx_word' id='word_1_232' title='bbox 509 1997 946 2063; x_wconf 89' lang='lat' dir='ltr'>memini.Quod</span> <span class='ocrx_word' id='word_1_233' title='bbox 971 2001 1027 2051; x_wconf 93' lang='lat' dir='ltr'>et</span> <span class='ocrx_word' id='word_1_234' title='bbox 1054 1996 1185 2051; x_wconf 89' lang='lat' dir='ltr'>aliis</span> <span class='ocrx_word' id='word_1_235' title='bbox 1215 1996 1406 2051; x_wconf 87' lang='lat' dir='ltr'>verbis</span> <span class='ocrx_word' id='word_1_236' title='bbox 1427 1996 1510 2052; x_wconf 90' lang='lat' dir='ltr'>ita</span> <span class='ocrx_word' id='word_1_237' title='bbox 1539 1997 1701 2052; x_wconf 76' lang='lat' dir='ltr'>effert</span> <span class='ocrx_word' id='word_1_238' title='bbox 1734 1997 1792 2050; x_wconf 91' lang='lat' dir='ltr'>in</span> <span class='ocrx_word' id='word_1_239' title='bbox 1827 1998 1978 2053; x_wconf 88' lang='lat' dir='ltr'>Basi-</span> 
     </span>
    </p>
   </div>
   <div class='ocr_carea' id='block_1_35' title="bbox 2087 1907 3740 1979">
    <p class='ocr_par' dir='ltr' id='par_1_35' title="bbox 2087 1907 3740 1979">
     <span class='ocr_line' id='line_1_35' title="bbox 2087 1907 3740 1979; baseline 0.002 -16"><span class='ocrx_word' id='word_1_240' title='bbox 2087 1909 2339 1964; x_wconf 89' lang='lat' dir='ltr'>Orientis</span> <span class='ocrx_word' id='word_1_241' title='bbox 2370 1907 2676 1979; x_wconf 87' lang='lat' dir='ltr'>episcopos</span> <span class='ocrx_word' id='word_1_242' title='bbox 2708 1908 3005 1964; x_wconf 87' lang='lat' dir='ltr'>nominat:</span> <span class='ocrx_word' id='word_1_243' title='bbox 3062 1931 3089 1957; x_wconf 87' lang='lat'><strong><em>«</em></strong></span> <span class='ocrx_word' id='word_1_244' title='bbox 3122 1909 3232 1963; x_wconf 91' lang='lat' dir='ltr'>Sed</span> <span class='ocrx_word' id='word_1_245' title='bbox 3269 1925 3384 1963; x_wconf 91' lang='lat' dir='ltr'>non</span> <span class='ocrx_word' id='word_1_246' title='bbox 3417 1909 3523 1962; x_wconf 92' lang='lat' dir='ltr'>tibi</span> <span class='ocrx_word' id='word_1_247' title='bbox 3554 1910 3740 1966; x_wconf 88' lang='lat' dir='ltr'>deerit</span> 
     </span>
    </p>
   </div>
   <div class='ocr_carea' id='block_1_36' title="bbox 2087 1996 3740 2070">
    <p class='ocr_par' dir='ltr' id='par_1_36' title="bbox 2087 1996 3740 2070">
     <span class='ocr_line' id='line_1_36' title="bbox 2087 1996 3740 2070; baseline 0.002 -19"><span class='ocrx_word' id='word_1_248' title='bbox 2087 1997 2283 2068; x_wconf 80' lang='lat' dir='ltr'>magni</span> <span class='ocrx_word' id='word_1_249' title='bbox 2311 1996 2568 2051; x_wconf 86' lang='lat' dir='ltr'>nominis</span> <span class='ocrx_word' id='word_1_250' title='bbox 2593 2001 2648 2049; x_wconf 89' lang='lat' dir='ltr'>et</span> <span class='ocrx_word' id='word_1_251' title='bbox 2673 1996 2828 2050; x_wconf 89' lang='lat' dir='ltr'>fama</span> <span class='ocrx_word' id='word_1_252' title='bbox 2849 1996 3225 2052; x_wconf 89' lang='lat' dir='ltr'>celeberrima</span> <span class='ocrx_word' id='word_1_253' title='bbox 3246 1996 3493 2052; x_wconf 88' lang='lat' dir='ltr'>illustris</span> <span class='ocrx_word' id='word_1_254' title='bbox 3519 1999 3740 2070; x_wconf 89' lang='lat' dir='ltr'>episco-</span> 
     </span>
    </p>
   </div>
   <div class='ocr_carea' id='block_1_37' title="bbox 325 2081 1984 2160">
    <p class='ocr_par' dir='ltr' id='par_1_37' title="bbox 325 2081 1977 2160">
     <span class='ocr_line' id='line_1_37' title="bbox 325 2081 1977 2160; baseline -0.002 -18"><span class='ocrx_word' id='word_1_255' title='bbox 325 2087 501 2157; x_wconf 83' lang='lat' dir='ltr'>liana,</span> <span class='ocrx_word' id='word_1_256' title='bbox 537 2087 635 2140; x_wconf 79' lang='grc' dir='ltr'>Διά</span> <span class='ocrx_word' id='word_1_257' title='bbox 668 2090 793 2158; x_wconf 79' lang='grc' dir='ltr'>μιᾶς</span> <span class='ocrx_word' id='word_1_258' title='bbox 819 2091 920 2153; x_wconf 83' lang='grc' dir='ltr'>τῆς</span> <span class='ocrx_word' id='word_1_259' title='bbox 949 2085 1259 2159; x_wconf 82' lang='grc' dir='ltr'>Καισαρέως</span> <span class='ocrx_word' id='word_1_260' title='bbox 1309 2081 1526 2145; x_wconf 81' lang='grc' dir='ltr'>πόλεως</span> <span class='ocrx_word' id='word_1_261' title='bbox 1569 2084 1639 2154; x_wconf 80' lang='grc' dir='ltr'>τῇ</span> <span class='ocrx_word' id='word_1_262' title='bbox 1688 2083 1977 2160; x_wconf 70' lang='grc' dir='ltr'>οἰκουμένῃ</span> 
     </span>
    </p>
   </div>
   <div class='ocr_carea' id='block_1_38' title="bbox 2084 2081 3737 2160">
    <p class='ocr_par' dir='ltr' id='par_1_38' title="bbox 2087 2084 3737 2158">
     <span class='ocr_line' id='line_1_38' title="bbox 2087 2084 3737 2158; baseline 0.002 -17"><span class='ocrx_word' id='word_1_263' title='bbox 2087 2104 2199 2158; x_wconf 91' lang='lat' dir='ltr'>pus</span> <span class='ocrx_word' id='word_1_264' title='bbox 2219 2085 2392 2141; x_wconf 91' lang='lat' dir='ltr'>etiam</span> <span class='ocrx_word' id='word_1_265' title='bbox 2417 2086 2488 2140; x_wconf 92' lang='lat' dir='ltr'>de</span> <span class='ocrx_word' id='word_1_266' title='bbox 2511 2086 2778 2157; x_wconf 89' lang='lat' dir='ltr'>partibus</span> <span class='ocrx_word' id='word_1_267' title='bbox 2799 2084 3069 2155; x_wconf 89' lang='lat' dir='ltr'>Orientis,</span> <span class='ocrx_word' id='word_1_268' title='bbox 3096 2087 3264 2156; x_wconf 91' lang='lat' dir='ltr'>cujus</span> <span class='ocrx_word' id='word_1_269' title='bbox 3286 2085 3519 2158; x_wconf 90' lang='lat' dir='ltr'>eloquia</span> <span class='ocrx_word' id='word_1_270' title='bbox 3540 2087 3737 2158; x_wconf 88' lang='lat' dir='ltr'>ingen-</span> 
     </span>
    </p>
   </div>
   <div class='ocr_carea' id='block_1_39' title="bbox 325 2172 1974 2250">
    <p class='ocr_par' dir='ltr' id='par_1_39' title="bbox 325 2172 1974 2250">
     <span class='ocr_line' id='line_1_39' title="bbox 325 2172 1974 2250; baseline 0.002 -22"><span class='ocrx_word' id='word_1_271' title='bbox 325 2173 470 2248; x_wconf 81' lang='grc' dir='ltr'>πάσῃ</span> <span class='ocrx_word' id='word_1_272' title='bbox 499 2172 802 2250; x_wconf 79' lang='grc' dir='ltr'>πυρσεύειν.</span> <span class='ocrx_word' id='word_1_273' title='bbox 834 2175 966 2230; x_wconf 89' lang='lat' dir='ltr'>Jam</span> <span class='ocrx_word' id='word_1_274' title='bbox 999 2191 1132 2229; x_wconf 93' lang='lat' dir='ltr'>cum</span> <span class='ocrx_word' id='word_1_275' title='bbox 1165 2175 1316 2228; x_wconf 89' lang='lat' dir='ltr'>idem</span> <span class='ocrx_word' id='word_1_276' title='bbox 1359 2174 1581 2230; x_wconf 91' lang='lat' dir='ltr'>Theod.</span> <span class='ocrx_word' id='word_1_277' title='bbox 1613 2176 1814 2230; x_wconf 89' lang='lat' dir='ltr'>eodem</span> <span class='ocrx_word' id='word_1_278' title='bbox 1850 2175 1974 2232; x_wconf 91' lang='lat' dir='ltr'>loco</span> 
     </span>
    </p>
   </div>
   <div class='ocr_carea' id='block_1_40' title="bbox 318 2257 1971 2338">
    <p class='ocr_par' dir='ltr' id='par_1_40' title="bbox 318 2257 1971 2338">
     <span class='ocr_line' id='line_1_40' title="bbox 318 2257 1971 2338; baseline -0.002 -17"><span class='ocrx_word' id='word_1_279' title='bbox 318 2266 419 2333; x_wconf 83' lang='lat' dir='ltr'>ait,</span> <span class='ocrx_word' id='word_1_280' title='bbox 469 2264 556 2325; x_wconf 77' lang='grc' dir='ltr'>Ὠς</span> <span class='ocrx_word' id='word_1_281' title='bbox 594 2261 697 2338; x_wconf 75' lang='grc' dir='ltr'>γὰρ</span> <span class='ocrx_word' id='word_1_282' title='bbox 748 2263 839 2317; x_wconf 84' lang='grc' dir='ltr'>τὸν</span> <span class='ocrx_word' id='word_1_283' title='bbox 891 2262 1142 2337; x_wconf 78' lang='grc' dir='ltr'>μέγιστον</span> <span class='ocrx_word' id='word_1_284' title='bbox 1195 2261 1396 2317; x_wconf 81' lang='grc' dir='ltr'>ἐκεῖνον</span> <span class='ocrx_word' id='word_1_285' title='bbox 1448 2257 1713 2318; x_wconf 77' lang='grc' dir='ltr'>κατέλαϐε</span> <span class='ocrx_word' id='word_1_286' title='bbox 1760 2263 1971 2338; x_wconf 85' lang='grc' dir='ltr'>θρόνον,</span> 
     </span>
    </p>
   </div>
   <div class='ocr_carea' id='block_1_41' title="bbox 319 2348 1971 2428">
    <p class='ocr_par' dir='ltr' id='par_1_41' title="bbox 319 2348 1971 2428">
     <span class='ocr_line' id='line_1_41' title="bbox 319 2348 1971 2428; baseline 0 -21"><span class='ocrx_word' id='word_1_287' title='bbox 319 2353 560 2428; x_wconf 85' lang='grc' dir='ltr'>καθάπερ</span> <span class='ocrx_word' id='word_1_288' title='bbox 606 2352 725 2406; x_wconf 76' lang='grc' dir='ltr'>τινὰ</span> <span class='ocrx_word' id='word_1_289' title='bbox 771 2348 1059 2426; x_wconf 76' lang='grc' dir='ltr'>τυραννίδα</span> <span class='ocrx_word' id='word_1_290' title='bbox 1104 2353 1201 2419; x_wconf 74' lang='grc' dir='ltr'>τῆς</span> <span class='ocrx_word' id='word_1_291' title='bbox 1247 2350 1661 2427; x_wconf 78' lang='grc' dir='ltr'>ἀρχιερωσύνης</span> <span class='ocrx_word' id='word_1_292' title='bbox 1705 2353 1803 2421; x_wconf 71' lang='grc' dir='ltr'>τὴν</span> <span class='ocrx_word' id='word_1_293' title='bbox 1837 2373 1971 2428; x_wconf 86' lang='grc' dir='ltr'>προ-</span> 
     </span>
    </p>
   </div>
   <div class='ocr_carea' id='block_1_42' title="bbox 321 2439 1971 2517">
    <p class='ocr_par' dir='ltr' id='par_1_42' title="bbox 321 2439 1971 2517">
     <span class='ocr_line' id='line_1_42' title="bbox 321 2439 1971 2517; baseline 0.003 -23"><span class='ocrx_word' id='word_1_294' title='bbox 321 2439 535 2495; x_wconf 87' lang='grc' dir='ltr'>στασίαν</span> <span class='ocrx_word' id='word_1_295' title='bbox 572 2441 832 2517; x_wconf 79' lang='grc' dir='ltr'>ἀρπάσας·</span> <span class='ocrx_word' id='word_1_296' title='bbox 862 2441 1247 2514; x_wconf 90' lang='lat' dir='ltr'>proculdubio</span> <span class='ocrx_word' id='word_1_297' title='bbox 1280 2441 1401 2497; x_wconf 81' lang='lat' dir='ltr'>haec</span> <span class='ocrx_word' id='word_1_298' title='bbox 1433 2459 1466 2497; x_wconf 91' lang='lat' dir='ltr'>a</span> <span class='ocrx_word' id='word_1_299' title='bbox 1493 2442 1769 2515; x_wconf 86' lang='lat' dir='ltr'>Gregorio</span> <span class='ocrx_word' id='word_1_300' title='bbox 1811 2460 1971 2499; x_wconf 88' lang='lat' dir='ltr'>acce-</span> 
     </span>
    </p>
   </div>
   <div class='ocr_carea' id='block_1_43' title="bbox 319 2529 1970 2606">
    <p class='ocr_par' dir='ltr' id='par_1_43' title="bbox 319 2529 1970 2606">
     <span class='ocr_line' id='line_1_43' title="bbox 319 2529 1970 2606; baseline -0.001 -20"><span class='ocrx_word' id='word_1_301' title='bbox 319 2531 424 2604; x_wconf 86' lang='lat' dir='ltr'>pit,</span> <span class='ocrx_word' id='word_1_302' title='bbox 457 2532 626 2602; x_wconf 89' lang='lat' dir='ltr'>cujus</span> <span class='ocrx_word' id='word_1_303' title='bbox 657 2531 716 2586; x_wconf 93' lang='lat' dir='ltr'>in</span> <span class='ocrx_word' id='word_1_304' title='bbox 747 2531 1147 2587; x_wconf 88' lang='lat' dir='ltr'>Athanasiana</span> <span class='ocrx_word' id='word_1_305' title='bbox 1178 2529 1302 2586; x_wconf 74' lang='lat' dir='ltr'>haec</span> <span class='ocrx_word' id='word_1_306' title='bbox 1341 2531 1515 2586; x_wconf 90' lang='lat' dir='ltr'>verba</span> <span class='ocrx_word' id='word_1_307' title='bbox 1560 2535 1721 2598; x_wconf 92' lang='lat' dir='ltr'>sunt,</span> <span class='ocrx_word' id='word_1_308' title='bbox 1764 2529 1835 2584; x_wconf 75' lang='grc' dir='ltr'>Οὐ</span> <span class='ocrx_word' id='word_1_309' title='bbox 1867 2529 1970 2606; x_wconf 72' lang='grc' dir='ltr'>γὰρ</span> 
     </span>
    </p>
   </div>
   <div class='ocr_carea' id='block_1_44' title="bbox 324 2614 1971 2694">
    <p class='ocr_par' dir='ltr' id='par_1_44' title="bbox 324 2614 1971 2694">
     <span class='ocr_line' id='line_1_44' title="bbox 324 2614 1971 2694; baseline 0 -20"><span class='ocrx_word' id='word_1_310' title='bbox 324 2616 464 2692; x_wconf 76' lang='grc' dir='ltr'><strong>ὁμοῦ</strong></span> <span class='ocrx_word' id='word_1_311' title='bbox 495 2639 551 2673; x_wconf 85' lang='grc' dir='ltr'>τε</span> <span class='ocrx_word' id='word_1_312' title='bbox 581 2614 988 2692; x_wconf 74' lang='grc' dir='ltr'>καταλαμϐάνει</span> <span class='ocrx_word' id='word_1_313' title='bbox 1020 2619 1108 2673; x_wconf 87' lang='grc' dir='ltr'>τὸν</span> <span class='ocrx_word' id='word_1_314' title='bbox 1144 2617 1358 2690; x_wconf 82' lang='grc' dir='ltr'>θρόνον,</span> <span class='ocrx_word' id='word_1_315' title='bbox 1393 2616 1572 2694; x_wconf 82' lang='grc' dir='ltr'>ὥσπερ</span> <span class='ocrx_word' id='word_1_316' title='bbox 1628 2619 1678 2673; x_wconf 72' lang='grc' dir='ltr'>οἱ</span> <span class='ocrx_word' id='word_1_317' title='bbox 1724 2619 1971 2694; x_wconf 88' lang='grc' dir='ltr'>τυραννί-</span> 
     </span>
    </p>
   </div>
   <div class='ocr_carea' id='block_1_45' title="bbox 317 2704 1968 2783">
    <p class='ocr_par' dir='ltr' id='par_1_45' title="bbox 317 2704 1968 2783">
     <span class='ocr_line' id='line_1_45' title="bbox 317 2704 1968 2783; baseline 0.002 -20"><span class='ocrx_word' id='word_1_318' title='bbox 317 2705 384 2763; x_wconf 85' lang='grc' dir='ltr'>δα</span> <span class='ocrx_word' id='word_1_319' title='bbox 429 2708 547 2763; x_wconf 78' lang='grc' dir='ltr'>τινὰ</span> <span class='ocrx_word' id='word_1_320' title='bbox 577 2709 611 2776; x_wconf 73' lang='grc' dir='ltr'>ἢ</span> <span class='ocrx_word' id='word_1_321' title='bbox 659 2707 1034 2782; x_wconf 68' lang='grc' dir='ltr'>κληρονομίαν</span> <span class='ocrx_word' id='word_1_322' title='bbox 1084 2704 1385 2780; x_wconf 78' lang='grc' dir='ltr'>παράδοξον</span> <span class='ocrx_word' id='word_1_323' title='bbox 1439 2707 1790 2783; x_wconf 81' lang='grc' dir='ltr'>ἁρπάσαντες.</span> <span class='ocrx_word' id='word_1_324' title='bbox 1825 2711 1968 2765; x_wconf 82' lang='lat' dir='ltr'>Rur-</span> 
     </span>
    </p>
   </div>
   <div class='ocr_carea' id='block_1_46' title="bbox 322 2792 1969 2872">
    <p class='ocr_par' dir='ltr' id='par_1_46' title="bbox 322 2792 1969 2872">
     <span class='ocr_line' id='line_1_46' title="bbox 322 2792 1969 2872; baseline -0.001 -18"><span class='ocrx_word' id='word_1_325' title='bbox 322 2816 424 2854; x_wconf 89' lang='lat' dir='ltr'>sus</span> <span class='ocrx_word' id='word_1_326' title='bbox 455 2795 736 2867; x_wconf 63' lang='lat' dir='ltr'>illa,oi’n0L</span> <span class='ocrx_word' id='word_1_327' title='bbox 765 2799 831 2852; x_wconf 84' lang='grc' dir='ltr'>τὰ</span> <span class='ocrx_word' id='word_1_328' title='bbox 859 2795 1046 2852; x_wconf 79' lang='grc' dir='ltr'>πολλὰ</span> <span class='ocrx_word' id='word_1_329' title='bbox 1080 2792 1320 2872; x_wconf 75' lang='grc' dir='ltr'>βιϐλίοις</span> <span class='ocrx_word' id='word_1_330' title='bbox 1347 2798 1828 2872; x_wconf 80' lang='grc' dir='ltr'>προσανὲχων,καὶ</span> <span class='ocrx_word' id='word_1_331' title='bbox 1851 2799 1969 2862; x_wconf 85' lang='grc' dir='ltr'>καθ’</span> 
     </span>
    </p>
   </div>
   <div class='ocr_carea' id='block_1_47' title="bbox 322 2885 1966 2960">
    <p class='ocr_par' dir='ltr' id='par_1_47' title="bbox 322 2885 1966 2960">
     <span class='ocr_line' id='line_1_47' title="bbox 322 2885 1966 2960; baseline 0.002 -21"><span class='ocrx_word' id='word_1_332' title='bbox 322 2885 556 2960; x_wconf 74' lang='grc' dir='ltr'>ἡσυχίαν</span> <span class='ocrx_word' id='word_1_333' title='bbox 591 2887 762 2957; x_wconf 74' lang='grc' dir='ltr'>ἑαυτῷ</span> <span class='ocrx_word' id='word_1_334' title='bbox 809 2885 1220 2960; x_wconf 83' lang='grc' dir='ltr'>συγγινόμενος,</span> <span class='ocrx_word' id='word_1_335' title='bbox 1255 2905 1324 2942; x_wconf 87' lang='lat' dir='ltr'>ex</span> <span class='ocrx_word' id='word_1_336' title='bbox 1372 2888 1635 2943; x_wconf 86' lang='lat' dir='ltr'>oratione</span> <span class='ocrx_word' id='word_1_337' title='bbox 1684 2889 1755 2943; x_wconf 93' lang='lat' dir='ltr'>ad</span> <span class='ocrx_word' id='word_1_338' title='bbox 1805 2888 1966 2943; x_wconf 91' lang='lat' dir='ltr'>Aria-</span> 
     </span>
    </p>
   </div>
   <div class='ocr_carea' id='block_1_48' title="bbox 315 2975 1966 3047">
    <p class='ocr_par' dir='ltr' id='par_1_48' title="bbox 315 2975 1966 3047">
     <span class='ocr_line' id='line_1_48' title="bbox 315 2975 1966 3047; baseline 0 -16"><span class='ocrx_word' id='word_1_339' title='bbox 315 2992 424 3033; x_wconf 89' lang='lat' dir='ltr'>nos</span> <span class='ocrx_word' id='word_1_340' title='bbox 454 2981 693 3047; x_wconf 90' lang='lat' dir='ltr'>sumpta</span> <span class='ocrx_word' id='word_1_341' title='bbox 724 2980 882 3031; x_wconf 92' lang='lat' dir='ltr'>sunt.</span> <span class='ocrx_word' id='word_1_342' title='bbox 915 2975 1028 3030; x_wconf 91' lang='lat' dir='ltr'>Sed</span> <span class='ocrx_word' id='word_1_343' title='bbox 1060 2976 1129 3030; x_wconf 91' lang='lat' dir='ltr'>de</span> <span class='ocrx_word' id='word_1_344' title='bbox 1160 2975 1270 3030; x_wconf 91' lang='lat' dir='ltr'>hoc</span> <span class='ocrx_word' id='word_1_345' title='bbox 1304 2975 1467 3031; x_wconf 90' lang='lat' dir='ltr'>satis.</span> <span class='ocrx_word' id='word_1_346' title='bbox 1499 2979 1738 3042; x_wconf 65' lang='lat' dir='ltr'>Quantas</span> <span class='ocrx_word' id='word_1_347' title='bbox 1769 2981 1966 3032; x_wconf 92' lang='lat' dir='ltr'>autem</span> 
     </span>
    </p>
   </div>
   <div class='ocr_carea' id='block_1_49' title="bbox 324 3064 1965 3138">
    <p class='ocr_par' dir='ltr' id='par_1_49' title="bbox 324 3064 1965 3138">
     <span class='ocr_line' id='line_1_49' title="bbox 324 3064 1965 3138; baseline 0.001 -18"><span class='ocrx_word' id='word_1_348' title='bbox 324 3065 492 3120; x_wconf 62' lang='lat' dir='ltr'>fama</span> <span class='ocrx_word' id='word_1_349' title='bbox 526 3069 699 3135; x_wconf 88' lang='lat' dir='ltr'>atque</span> <span class='ocrx_word' id='word_1_350' title='bbox 726 3064 1092 3120; x_wconf 88' lang='lat' dir='ltr'>auctoritatis</span> <span class='ocrx_word' id='word_1_351' title='bbox 1114 3064 1172 3119; x_wconf 91' lang='lat' dir='ltr'>in</span> <span class='ocrx_word' id='word_1_352' title='bbox 1205 3065 1475 3120; x_wconf 88' lang='lat' dir='ltr'>universa</span> <span class='ocrx_word' id='word_1_353' title='bbox 1491 3065 1749 3122; x_wconf 89' lang='lat' dir='ltr'>Ecclesia</span> <span class='ocrx_word' id='word_1_354' title='bbox 1779 3065 1965 3138; x_wconf 89' lang='lat' dir='ltr'>ipsius</span> 
     </span>
    </p>
   </div>
   <div class='ocr_carea' id='block_1_50' title="bbox 317 3152 1964 3225">
    <p class='ocr_par' dir='ltr' id='par_1_50' title="bbox 317 3152 1964 3225">
     <span class='ocr_line' id='line_1_50' title="bbox 317 3152 1964 3225; baseline 0 -16"><span class='ocrx_word' id='word_1_355' title='bbox 317 3158 702 3210; x_wconf 89' lang='lat' dir='ltr'>monumenta</span> <span class='ocrx_word' id='word_1_356' title='bbox 731 3153 969 3219; x_wconf 88' lang='lat' dir='ltr'>fuerint,</span> <span class='ocrx_word' id='word_1_357' title='bbox 1003 3152 1163 3207; x_wconf 90' lang='lat' dir='ltr'>nullo</span> <span class='ocrx_word' id='word_1_358' title='bbox 1195 3158 1543 3225; x_wconf 88' lang='lat' dir='ltr'>argumento</span> <span class='ocrx_word' id='word_1_359' title='bbox 1576 3154 1834 3225; x_wconf 88' lang='lat' dir='ltr'>apertius</span> <span class='ocrx_word' id='word_1_360' title='bbox 1865 3155 1964 3210; x_wconf 90' lang='lat' dir='ltr'>de-</span> 
     </span>
    </p>
   </div>
   <div class='ocr_carea' id='block_1_51' title="bbox 2087 2173 3739 2246">
    <p class='ocr_par' dir='ltr' id='par_1_51' title="bbox 2087 2173 3739 2246">
     <span class='ocr_line' id='line_1_51' title="bbox 2087 2173 3739 2246; baseline 0.002 -17"><span class='ocrx_word' id='word_1_361' title='bbox 2087 2176 2158 2230; x_wconf 91' lang='lat' dir='ltr'>lis</span> <span class='ocrx_word' id='word_1_362' title='bbox 2184 2175 2390 2230; x_wconf 87' lang='lat' dir='ltr'>merito</span> <span class='ocrx_word' id='word_1_363' title='bbox 2413 2174 2633 2246; x_wconf 71' lang='lat' dir='ltr'>gratias,</span> <span class='ocrx_word' id='word_1_364' title='bbox 2658 2173 2832 2230; x_wconf 91' lang='lat' dir='ltr'>etiam</span> <span class='ocrx_word' id='word_1_365' title='bbox 2866 2174 2922 2228; x_wconf 91' lang='lat' dir='ltr'>in</span> <span class='ocrx_word' id='word_1_366' title='bbox 2954 2173 3214 2245; x_wconf 87' lang='lat' dir='ltr'>linguam</span> <span class='ocrx_word' id='word_1_367' title='bbox 3251 2175 3516 2230; x_wconf 88' lang='lat' dir='ltr'>Latinam</span> <span class='ocrx_word' id='word_1_368' title='bbox 3550 2180 3739 2232; x_wconf 88' lang='lat' dir='ltr'>trans-</span> 
     </span>
    </p>
   </div>
   <div class='ocr_carea' id='block_1_52' title="bbox 2085 2262 3732 2336">
    <p class='ocr_par' dir='ltr' id='par_1_52' title="bbox 2085 2262 3732 2336">
     <span class='ocr_line' id='line_1_52' title="bbox 2085 2262 3732 2336; baseline 0.001 -18"><span class='ocrx_word' id='word_1_369' title='bbox 2085 2263 2201 2318; x_wconf 87' lang='lat' dir='ltr'>lata</span> <span class='ocrx_word' id='word_1_370' title='bbox 2224 2280 2647 2334; x_wconf 87' lang='lat' dir='ltr'>usquequaque</span> <span class='ocrx_word' id='word_1_371' title='bbox 2671 2262 3023 2318; x_wconf 90' lang='lat' dir='ltr'>claruerunt.</span> <span class='ocrx_word' id='word_1_372' title='bbox 3049 2264 3256 2318; x_wconf 86' lang='lat' dir='ltr'>Sedeat</span> <span class='ocrx_word' id='word_1_373' title='bbox 3280 2280 3414 2336; x_wconf 89' lang='lat' dir='ltr'>ergo</span> <span class='ocrx_word' id='word_1_374' title='bbox 3445 2281 3576 2319; x_wconf 91' lang='lat' dir='ltr'>cum</span> <span class='ocrx_word' id='word_1_375' title='bbox 3603 2265 3732 2321; x_wconf 89' lang='lat' dir='ltr'>istis</span> 
     </span>
    </p>
   </div>
   <div class='ocr_carea' id='block_1_53' title="bbox 2086 2351 3731 2427">
    <p class='ocr_par' dir='ltr' id='par_1_53' title="bbox 2086 2351 3731 2427">
     <span class='ocr_line' id='line_1_53' title="bbox 2086 2351 3731 2427; baseline 0 -19"><span class='ocrx_word' id='word_1_376' title='bbox 2086 2353 2353 2408; x_wconf 86' lang='lat' dir='ltr'>Patribus</span> <span class='ocrx_word' id='word_1_377' title='bbox 2382 2352 2627 2425; x_wconf 91' lang='lat' dir='ltr'>(Latinis</span> <span class='ocrx_word' id='word_1_378' title='bbox 2660 2351 2904 2424; x_wconf 89' lang='lat' dir='ltr'>scilicet)</span> <span class='ocrx_word' id='word_1_379' title='bbox 2930 2352 3104 2407; x_wconf 87' lang='lat' dir='ltr'>etiam</span> <span class='ocrx_word' id='word_1_380' title='bbox 3131 2356 3368 2408; x_wconf 89' lang='lat' dir='ltr'>sanctus</span> <span class='ocrx_word' id='word_1_381' title='bbox 3399 2354 3731 2427; x_wconf 88' lang='lat' dir='ltr'>Gregorius,</span> 
     </span>
    </p>
   </div>
   <div class='ocr_carea' id='block_1_54' title="bbox 2083 2441 3734 2516">
    <p class='ocr_par' dir='ltr' id='par_1_54' title="bbox 2083 2441 3734 2516">
     <span class='ocr_line' id='line_1_54' title="bbox 2083 2441 3734 2516; baseline 0.001 -19"><span class='ocrx_word' id='word_1_382' title='bbox 2083 2447 2139 2497; x_wconf 92' lang='lat' dir='ltr'>et</span> <span class='ocrx_word' id='word_1_383' title='bbox 2167 2459 2300 2497; x_wconf 91' lang='lat' dir='ltr'>cum</span> <span class='ocrx_word' id='word_1_384' title='bbox 2334 2443 2418 2498; x_wconf 90' lang='lat' dir='ltr'>eis</span> <span class='ocrx_word' id='word_1_385' title='bbox 2450 2447 2565 2498; x_wconf 77' lang='lat' dir='ltr'>tuae</span> <span class='ocrx_word' id='word_1_386' title='bbox 2596 2441 3023 2498; x_wconf 90' lang='lat' dir='ltr'>criminationis</span> <span class='ocrx_word' id='word_1_387' title='bbox 3049 2442 3283 2498; x_wconf 88' lang='lat' dir='ltr'>inanem</span> <span class='ocrx_word' id='word_1_388' title='bbox 3309 2443 3567 2516; x_wconf 91' lang='lat' dir='ltr'>patiatur</span> <span class='ocrx_word' id='word_1_389' title='bbox 3588 2444 3734 2500; x_wconf 88' lang='lat' dir='ltr'>invi-</span> 
     </span>
    </p>
   </div>
   <div class='ocr_carea' id='block_1_55' title="bbox 2083 2531 3734 2605">
    <p class='ocr_par' dir='ltr' id='par_1_55' title="bbox 2083 2531 3734 2605">
     <span class='ocr_line' id='line_1_55' title="bbox 2083 2531 3734 2605; baseline 0.001 -18"><span class='ocrx_word' id='word_1_390' title='bbox 2083 2531 2273 2587; x_wconf 87' lang='lat' dir='ltr'>diam:</span> <span class='ocrx_word' id='word_1_391' title='bbox 2309 2533 2450 2587; x_wconf 94' lang='lat' dir='ltr'>dum</span> <span class='ocrx_word' id='word_1_392' title='bbox 2485 2535 2680 2586; x_wconf 87' lang='lat' dir='ltr'>tamen</span> <span class='ocrx_word' id='word_1_393' title='bbox 2713 2547 2847 2586; x_wconf 92' lang='lat' dir='ltr'>cum</span> <span class='ocrx_word' id='word_1_394' title='bbox 2870 2531 2953 2587; x_wconf 89' lang='lat' dir='ltr'>eis</span> <span class='ocrx_word' id='word_1_395' title='bbox 2977 2535 3178 2587; x_wconf 88' lang='lat' dir='ltr'>contra</span> <span class='ocrx_word' id='word_1_396' title='bbox 3203 2533 3477 2588; x_wconf 90' lang='lat' dir='ltr'>novitiam</span> <span class='ocrx_word' id='word_1_397' title='bbox 3510 2537 3734 2605; x_wconf 87' lang='lat' dir='ltr'>pestem</span> 
     </span>
    </p>
   </div>
   <div class='ocr_carea' id='block_1_56' title="bbox 2081 2620 3730 2694">
    <p class='ocr_par' dir='ltr' id='par_1_56' title="bbox 2081 2620 3730 2694">
     <span class='ocr_line' id='line_1_56' title="bbox 2081 2620 3730 2694; baseline 0.001 -17"><span class='ocrx_word' id='word_1_398' title='bbox 2081 2626 2355 2690; x_wconf 87' lang='lat' dir='ltr'>vestram,</span> <span class='ocrx_word' id='word_1_399' title='bbox 2390 2620 2795 2676; x_wconf 88' lang='lat' dir='ltr'>medicinalem</span> <span class='ocrx_word' id='word_1_400' title='bbox 2828 2626 2884 2677; x_wconf 88' lang='lat' dir='ltr'>et</span> <span class='ocrx_word' id='word_1_401' title='bbox 2916 2621 3040 2693; x_wconf 88' lang='lat' dir='ltr'>ipse</span> <span class='ocrx_word' id='word_1_402' title='bbox 3074 2623 3327 2694; x_wconf 87' lang='lat' dir='ltr'>proferat</span> <span class='ocrx_word' id='word_1_403' title='bbox 3359 2623 3730 2680; x_wconf 88' lang='lat' dir='ltr'>sententiam.</span> 
     </span>
    </p>
   </div>
   <div class='ocr_carea' id='block_1_57' title="bbox 2079 2710 3730 2783">
    <p class='ocr_par' dir='ltr' id='par_1_57' title="bbox 2079 2710 3730 2783">
     <span class='ocr_line' id='line_1_57' title="bbox 2079 2710 3730 2783; baseline 0.003 -20"><span class='ocrx_word' id='word_1_404' title='bbox 2079 2711 2233 2765; x_wconf 83' lang='lat' dir='ltr'>Audi</span> <span class='ocrx_word' id='word_1_405' title='bbox 2265 2727 2400 2782; x_wconf 91' lang='lat' dir='ltr'>ergo</span> <span class='ocrx_word' id='word_1_406' title='bbox 2432 2710 2570 2782; x_wconf 91' lang='lat' dir='ltr'>quid</span> <span class='ocrx_word' id='word_1_407' title='bbox 2621 2711 2815 2766; x_wconf 86' lang='lat' dir='ltr'>dicat:</span> <span class='ocrx_word' id='word_1_408' title='bbox 2866 2713 3081 2783; x_wconf 89' lang='lat' dir='ltr'>Imago,</span> <span class='ocrx_word' id='word_1_409' title='bbox 3140 2711 3350 2782; x_wconf 91' lang='lat' dir='ltr'>inquit,</span> <span class='ocrx_word' id='word_1_410' title='bbox 3385 2711 3484 2766; x_wconf 89' lang='lat' dir='ltr'>Dei</span> <span class='ocrx_word' id='word_1_411' title='bbox 3539 2711 3730 2768; x_wconf 89' lang='lat' dir='ltr'>labem</span> 
     </span>
    </p>
   </div>
   <div class='ocr_carea' id='block_1_58' title="bbox 2079 2800 3730 2871">
    <p class='ocr_par' dir='ltr' id='par_1_58' title="bbox 2079 2800 3730 2871">
     <span class='ocr_line' id='line_1_58' title="bbox 2079 2800 3730 2871; baseline 0.002 -17"><span class='ocrx_word' id='word_1_412' title='bbox 2079 2816 2364 2871; x_wconf 71' lang='lat' dir='ltr'>corporea:</span> <span class='ocrx_word' id='word_1_413' title='bbox 2388 2800 2791 2856; x_wconf 89' lang='lat' dir='ltr'>inundationis</span> <span class='ocrx_word' id='word_1_414' title='bbox 2822 2805 3121 2871; x_wconf 83' lang='lat' dir='ltr'>expurget,</span> <span class='ocrx_word' id='word_1_415' title='bbox 3144 2804 3200 2856; x_wconf 90' lang='lat' dir='ltr'>et</span> <span class='ocrx_word' id='word_1_416' title='bbox 3220 2802 3588 2870; x_wconf 80' lang='lat' dir='ltr'>conjunctan:</span> <span class='ocrx_word' id='word_1_417' title='bbox 3619 2802 3730 2858; x_wconf 91' lang='lat' dir='ltr'>sibi</span> 
     </span>
    </p>
   </div>
   <div class='ocr_carea' id='block_1_59' title="bbox 2077 2888 3720 2961">
    <p class='ocr_par' dir='ltr' id='par_1_59' title="bbox 2077 2888 3720 2961">
     <span class='ocr_line' id='line_1_59' title="bbox 2077 2888 3720 2961; baseline -0.001 -18"><span class='ocrx_word' id='word_1_418' title='bbox 2077 2905 2312 2943; x_wconf 90' lang='lat' dir='ltr'>carnem</span> <span class='ocrx_word' id='word_1_419' title='bbox 2344 2888 2515 2943; x_wconf 89' lang='lat' dir='ltr'>Verbi</span> <span class='ocrx_word' id='word_1_420' title='bbox 2562 2889 2662 2943; x_wconf 89' lang='lat' dir='ltr'>Dei</span> <span class='ocrx_word' id='word_1_421' title='bbox 2708 2889 2969 2944; x_wconf 86' lang='lat' dir='ltr'>sublevet</span> <span class='ocrx_word' id='word_1_422' title='bbox 3016 2889 3243 2960; x_wconf 88' lang='lat' dir='ltr'>pennis.</span> <span class='ocrx_word' id='word_1_423' title='bbox 3283 2891 3347 2943; x_wconf 84' lang='lat' dir='ltr'>Et</span> <span class='ocrx_word' id='word_1_424' title='bbox 3377 2889 3664 2961; x_wconf 89' lang='lat' dir='ltr'>quamvis,</span> <span class='ocrx_word' id='word_1_425' title='bbox 3695 2910 3720 2941; x_wconf 72' lang='grc' dir='ltr'>ι</span> 
     </span>
    </p>
   </div>
   <div class='ocr_carea' id='block_1_60' title="bbox 2076 2978 3728 3050">
    <p class='ocr_par' dir='ltr' id='par_1_60' title="bbox 2076 2978 3728 3050">
     <span class='ocr_line' id='line_1_60' title="bbox 2076 2978 3728 3050; baseline 0.003 -19"><span class='ocrx_word' id='word_1_426' title='bbox 2076 2981 2186 3032; x_wconf 91' lang='lat' dir='ltr'>etc.</span> <span class='ocrx_word' id='word_1_427' title='bbox 2219 2978 2366 3032; x_wconf 89' lang='lat' dir='ltr'>Citat</span> <span class='ocrx_word' id='word_1_428' title='bbox 2395 2982 2452 3032; x_wconf 88' lang='lat' dir='ltr'>et</span> <span class='ocrx_word' id='word_1_429' title='bbox 2482 2983 2684 3049; x_wconf 88' lang='lat' dir='ltr'>postea</span> <span class='ocrx_word' id='word_1_430' title='bbox 2729 2995 2797 3033; x_wconf 82' lang='lat' dir='ltr'>ex</span> <span class='ocrx_word' id='word_1_431' title='bbox 2846 2978 3104 3033; x_wconf 89' lang='lat' dir='ltr'>oratione</span> <span class='ocrx_word' id='word_1_432' title='bbox 3139 2983 3218 3033; x_wconf 78' lang='lat' dir='ltr'>De</span> <span class='ocrx_word' id='word_1_433' title='bbox 3250 2979 3542 3050; x_wconf 69' lang='lat' dir='ltr'>baptismo.</span> <span class='ocrx_word' id='word_1_434' title='bbox 3579 3003 3605 3030; x_wconf 87' lang='lat'><strong>«</strong></span> <span class='ocrx_word' id='word_1_435' title='bbox 3639 2986 3728 3036; x_wconf 87' lang='lat' dir='ltr'>An</span> 
     </span>
    </p>
   </div>
   <div class='ocr_carea' id='block_1_61' title="bbox 2073 3066 3729 3138">
    <p class='ocr_par' dir='ltr' id='par_1_61' title="bbox 2073 3066 3729 3138">
     <span class='ocr_line' id='line_1_61' title="bbox 2073 3066 3729 3138; baseline 0.004 -18"><span class='ocrx_word' id='word_1_436' title='bbox 2073 3066 2178 3120; x_wconf 90' lang='lat' dir='ltr'>tibi</span> <span class='ocrx_word' id='word_1_437' title='bbox 2205 3084 2382 3138; x_wconf 90' lang='lat' dir='ltr'>parva</span> <span class='ocrx_word' id='word_1_438' title='bbox 2402 3066 2459 3120; x_wconf 95' lang='lat' dir='ltr'>in</span> <span class='ocrx_word' id='word_1_439' title='bbox 2486 3083 2601 3121; x_wconf 92' lang='lat' dir='ltr'>uno</span> <span class='ocrx_word' id='word_1_440' title='bbox 2616 3067 2892 3137; x_wconf 89' lang='lat' dir='ltr'>Gregorio</span> <span class='ocrx_word' id='word_1_441' title='bbox 2910 3067 3318 3138; x_wconf 89' lang='lat' dir='ltr'>episcoporum</span> <span class='ocrx_word' id='word_1_442' title='bbox 3342 3068 3729 3126; x_wconf 89' lang='lat' dir='ltr'>Orientalium</span> 
     </span>
    </p>
   </div>
   <div class='ocr_carea' id='block_1_62' title="bbox 2075 3155 3730 3227">
    <p class='ocr_par' dir='ltr' id='par_1_62' title="bbox 2075 3155 3730 3227">
     <span class='ocr_line' id='line_1_62' title="bbox 2075 3155 3730 3227; baseline 0.003 -18"><span class='ocrx_word' id='word_1_443' title='bbox 2075 3155 2308 3210; x_wconf 89' lang='lat' dir='ltr'>videtur</span> <span class='ocrx_word' id='word_1_444' title='bbox 2329 3156 2649 3210; x_wconf 89' lang='lat' dir='ltr'>auctoritas</span> <span class='ocrx_word' id='word_1_445' title='bbox 2666 3155 2692 3209; x_wconf 80' lang='lat'><strong>7</strong></span> <span class='ocrx_word' id='word_1_446' title='bbox 2716 3157 2812 3210; x_wconf 88' lang='lat' dir='ltr'>Est</span> <span class='ocrx_word' id='word_1_447' title='bbox 2833 3157 3067 3226; x_wconf 89' lang='lat' dir='ltr'>quidem</span> <span class='ocrx_word' id='word_1_448' title='bbox 3093 3162 3254 3211; x_wconf 89' lang='lat' dir='ltr'>tanta</span> <span class='ocrx_word' id='word_1_449' title='bbox 3279 3163 3616 3227; x_wconf 90' lang='lat' dir='ltr'>perscna,ut</span> <span class='ocrx_word' id='word_1_450' title='bbox 3639 3176 3730 3215; x_wconf 92' lang='lat' dir='ltr'>ne-</span> 
     </span>
    </p>
   </div>
   <div class='ocr_carea' id='block_1_63' title="bbox 315 3222 3726 3315">
    <p class='ocr_par' dir='ltr' id='par_1_63' title="bbox 315 3222 3726 3315">
     <span class='ocr_line' id='line_1_63' title="bbox 315 3222 3726 3315; baseline 0.001 -18"><span class='ocrx_word' id='word_1_451' title='bbox 315 3242 633 3298; x_wconf 86' lang='lat' dir='ltr'>monstrari</span> <span class='ocrx_word' id='word_1_452' title='bbox 666 3246 874 3313; x_wconf 88' lang='lat' dir='ltr'>potest,</span> <span class='ocrx_word' id='word_1_453' title='bbox 906 3257 1080 3312; x_wconf 90' lang='lat' dir='ltr'>quam</span> <span class='ocrx_word' id='word_1_454' title='bbox 1132 3222 1292 3312; x_wconf 74' lang='lat' dir='ltr'>quod</span> <span class='ocrx_word' id='word_1_455' title='bbox 1337 3242 1526 3296; x_wconf 87' lang='lat' dir='ltr'>Latini</span> <span class='ocrx_word' id='word_1_456' title='bbox 1577 3222 1647 3298; x_wconf 80' lang='lat' dir='ltr'>ne</span> <span class='ocrx_word' id='word_1_457' title='bbox 1679 3247 1965 3314; x_wconf 89' lang='lat' dir='ltr'>punctum</span> <span class='ocrx_word' id='word_1_458' title='bbox 1997 3222 2041 3288; x_wconf 68' lang='grc' dir='ltr'>Ο</span> <span class='ocrx_word' id='word_1_459' title='bbox 2079 3260 2191 3315; x_wconf 89' lang='lat' dir='ltr'>que</span> <span class='ocrx_word' id='word_1_460' title='bbox 2219 3244 2313 3298; x_wconf 90' lang='lat' dir='ltr'>ille</span> <span class='ocrx_word' id='word_1_461' title='bbox 2343 3245 2452 3298; x_wconf 91' lang='lat' dir='ltr'>hoc</span> <span class='ocrx_word' id='word_1_462' title='bbox 2475 3243 2589 3298; x_wconf 91' lang='lat' dir='ltr'>nisi</span> <span class='ocrx_word' id='word_1_463' title='bbox 2611 3261 2678 3299; x_wconf 89' lang='lat' dir='ltr'>ex</span> <span class='ocrx_word' id='word_1_464' title='bbox 2701 3245 2814 3299; x_wconf 91' lang='lat' dir='ltr'>ﬁde</span> <span class='ocrx_word' id='word_1_465' title='bbox 2836 3222 3170 3300; x_wconf 80' lang='lat' dir='ltr'>Ghristiana</span> <span class='ocrx_word' id='word_1_466' title='bbox 3193 3222 3466 3301; x_wconf 71' lang='lat' dir='ltr'>omnibus</span> <span class='ocrx_word' id='word_1_467' title='bbox 3492 3222 3726 3303; x_wconf 85' lang='lat' dir='ltr'>notissi-</span> 
     </span>
    </p>
   </div>
   <div class='ocr_carea' id='block_1_64' title="bbox 317 3329 1966 3402">
    <p class='ocr_par' dir='ltr' id='par_1_64' title="bbox 317 3329 1966 3402">
     <span class='ocr_line' id='line_1_64' title="bbox 317 3329 1966 3402; baseline 0.001 -16"><span class='ocrx_word' id='word_1_468' title='bbox 317 3331 557 3402; x_wconf 90' lang='lat' dir='ltr'>quidem</span> <span class='ocrx_word' id='word_1_469' title='bbox 588 3330 868 3401; x_wconf 88' lang='lat' dir='ltr'>temporis</span> <span class='ocrx_word' id='word_1_470' title='bbox 892 3330 964 3384; x_wconf 89' lang='lat' dir='ltr'>iis</span> <span class='ocrx_word' id='word_1_471' title='bbox 987 3345 1180 3384; x_wconf 89' lang='lat' dir='ltr'>carere</span> <span class='ocrx_word' id='word_1_472' title='bbox 1198 3329 1609 3397; x_wconf 87' lang='lat' dir='ltr'>sustinuerint,</span> <span class='ocrx_word' id='word_1_473' title='bbox 1633 3333 1733 3387; x_wconf 92' lang='lat' dir='ltr'>sed</span> <span class='ocrx_word' id='word_1_474' title='bbox 1766 3333 1966 3387; x_wconf 90' lang='lat' dir='ltr'>statim</span> 
     </span>
    </p>
   </div>
   <div class='ocr_carea' id='block_1_65' title="bbox 319 3419 1970 3492">
    <p class='ocr_par' dir='ltr' id='par_1_65' title="bbox 319 3419 1970 3492">
     <span class='ocr_line' id='line_1_65' title="bbox 319 3419 1970 3492; baseline 0.001 -17"><span class='ocrx_word' id='word_1_475' title='bbox 319 3422 382 3475; x_wconf 90' lang='lat' dir='ltr'>in</span> <span class='ocrx_word' id='word_1_476' title='bbox 407 3420 630 3476; x_wconf 86' lang='lat' dir='ltr'>Latium</span> <span class='ocrx_word' id='word_1_477' title='bbox 654 3419 1062 3474; x_wconf 89' lang='lat' dir='ltr'>transferenda</span> <span class='ocrx_word' id='word_1_478' title='bbox 1082 3420 1688 3492; x_wconf 87' lang='lat' dir='ltr'>curarint,eorumque</span> <span class='ocrx_word' id='word_1_479' title='bbox 1711 3422 1970 3477; x_wconf 89' lang='lat' dir='ltr'>testimo-</span> 
     </span>
    </p>
   </div>
   <div class='ocr_carea' id='block_1_66' title="bbox 317 3506 1968 3582">
    <p class='ocr_par' dir='ltr' id='par_1_66' title="bbox 317 3506 1968 3582">
     <span class='ocr_line' id='line_1_66' title="bbox 317 3506 1968 3582; baseline 0.002 -20"><span class='ocrx_word' id='word_1_480' title='bbox 317 3508 433 3563; x_wconf 91' lang='lat' dir='ltr'>niis</span> <span class='ocrx_word' id='word_1_481' title='bbox 456 3508 634 3563; x_wconf 90' lang='lat' dir='ltr'>libros</span> <span class='ocrx_word' id='word_1_482' title='bbox 658 3524 796 3563; x_wconf 90' lang='lat' dir='ltr'>suos</span> <span class='ocrx_word' id='word_1_483' title='bbox 819 3506 1314 3564; x_wconf 88' lang='lat' dir='ltr'>illustrarint.Nos</span> <span class='ocrx_word' id='word_1_484' title='bbox 1338 3510 1559 3564; x_wconf 75' lang='lat' dir='ltr'>caeteris</span> <span class='ocrx_word' id='word_1_485' title='bbox 1579 3509 1816 3564; x_wconf 90' lang='lat' dir='ltr'>omissis</span> <span class='ocrx_word' id='word_1_486' title='bbox 1839 3510 1968 3582; x_wconf 89' lang='lat' dir='ltr'>ipsa</span> 
     </span>
    </p>
   </div>
   <div class='ocr_carea' id='block_1_67' title="bbox 315 3597 1221 3667">
    <p class='ocr_par' dir='ltr' id='par_1_67' title="bbox 315 3597 1221 3667">
     <span class='ocr_line' id='line_1_67' title="bbox 315 3597 1221 3667; baseline -0.003 -14"><span class='ocrx_word' id='word_1_487' title='bbox 315 3601 548 3653; x_wconf 89' lang='lat' dir='ltr'>tantum</span> <span class='ocrx_word' id='word_1_488' title='bbox 581 3597 808 3651; x_wconf 91' lang='lat' dir='ltr'>lumina</span> <span class='ocrx_word' id='word_1_489' title='bbox 840 3597 1221 3667; x_wconf 87' lang='lat' dir='ltr'>proferemus.</span> 
     </span>
    </p>
   </div>
   <div class='ocr_carea' id='block_1_68' title="bbox 388 3685 1962 3757">
    <p class='ocr_par' dir='ltr' id='par_1_68' title="bbox 388 3685 1962 3757">
     <span class='ocr_line' id='line_1_68' title="bbox 388 3685 1962 3757; baseline 0.003 -17"><span class='ocrx_word' id='word_1_490' title='bbox 388 3685 772 3757; x_wconf 80' lang='lat' dir='ltr'>Hieronymus</span> <span class='ocrx_word' id='word_1_491' title='bbox 805 3686 916 3756; x_wconf 89' lang='lat'>(46)</span> <span class='ocrx_word' id='word_1_492' title='bbox 938 3702 1073 3740; x_wconf 91' lang='lat' dir='ltr'>eum</span> <span class='ocrx_word' id='word_1_493' title='bbox 1102 3688 1510 3757; x_wconf 76' lang='lat' dir='ltr'>praeceptorem</span> <span class='ocrx_word' id='word_1_494' title='bbox 1534 3704 1707 3742; x_wconf 89' lang='lat' dir='ltr'>suum</span> <span class='ocrx_word' id='word_1_495' title='bbox 1734 3689 1871 3744; x_wconf 88' lang='lat' dir='ltr'>facit</span> <span class='ocrx_word' id='word_1_496' title='bbox 1906 3690 1962 3744; x_wconf 90' lang='lat' dir='ltr'>in</span> 
     </span>
    </p>
   </div>
   <div class='ocr_carea' id='block_1_69' title="bbox 320 3774 1968 3849">
    <p class='ocr_par' dir='ltr' id='par_1_69' title="bbox 320 3774 1968 3849">
     <span class='ocr_line' id='line_1_69' title="bbox 320 3774 1968 3849; baseline 0.002 -18"><span class='ocrx_word' id='word_1_497' title='bbox 320 3774 600 3844; x_wconf 83' lang='lat' dir='ltr'>Catalcgo</span> <span class='ocrx_word' id='word_1_498' title='bbox 628 3777 956 3846; x_wconf 81' lang='lat' dir='ltr'>scriptorum</span> <span class='ocrx_word' id='word_1_499' title='bbox 985 3775 1280 3830; x_wconf 76' lang='lat' dir='ltr'>ecclesiast.</span> <span class='ocrx_word' id='word_1_500' title='bbox 1305 3779 1361 3829; x_wconf 92' lang='lat' dir='ltr'>et</span> <span class='ocrx_word' id='word_1_501' title='bbox 1388 3775 1445 3829; x_wconf 90' lang='lat' dir='ltr'>in</span> <span class='ocrx_word' id='word_1_502' title='bbox 1474 3777 1755 3849; x_wconf 88' lang='lat' dir='ltr'>Apologia</span> <span class='ocrx_word' id='word_1_503' title='bbox 1778 3779 1968 3849; x_wconf 90' lang='lat' dir='ltr'>priore</span> 
     </span>
    </p>
   </div>
   <div class='ocr_carea' id='block_1_70' title="bbox 318 3863 1968 3936">
    <p class='ocr_par' dir='ltr' id='par_1_70' title="bbox 318 3863 1968 3936">
     <span class='ocr_line' id='line_1_70' title="bbox 318 3863 1968 3936; baseline 0.002 -17"><span class='ocrx_word' id='word_1_504' title='bbox 318 3864 575 3920; x_wconf 79' lang='lat' dir='ltr'>adversus</span> <span class='ocrx_word' id='word_1_505' title='bbox 604 3865 862 3934; x_wconf 83' lang='lat' dir='ltr'>Ruﬁnum</span> <span class='ocrx_word' id='word_1_506' title='bbox 883 3881 901 3917; x_wconf 89' lang='lat'>:</span> <span class='ocrx_word' id='word_1_507' title='bbox 937 3886 962 3913; x_wconf 85' lang='lat'><strong>«</strong></span> <span class='ocrx_word' id='word_1_508' title='bbox 995 3865 1080 3918; x_wconf 91' lang='lat' dir='ltr'>An</span> <span class='ocrx_word' id='word_1_509' title='bbox 1138 3863 1378 3934; x_wconf 89' lang='lat' dir='ltr'>injuria,</span> <span class='ocrx_word' id='word_1_510' title='bbox 1410 3864 1623 3936; x_wconf 91' lang='lat' dir='ltr'>inquit,</span> <span class='ocrx_word' id='word_1_511' title='bbox 1678 3867 1783 3922; x_wconf 89' lang='lat' dir='ltr'>tibi</span> <span class='ocrx_word' id='word_1_512' title='bbox 1816 3869 1968 3924; x_wconf 87' lang='lat' dir='ltr'>facta</span> 
     </span>
    </p>
   </div>
   <div class='ocr_carea' id='block_1_71' title="bbox 311 3951 1966 4027">
    <p class='ocr_par' dir='ltr' id='par_1_71' title="bbox 311 3951 1966 4027">
     <span class='ocr_line' id='line_1_71' title="bbox 311 3951 1966 4027; baseline 0.004 -20"><span class='ocrx_word' id='word_1_513' title='bbox 311 3952 583 4023; x_wconf 90' lang='lat' dir='ltr'>est,quod</span> <span class='ocrx_word' id='word_1_514' title='bbox 603 3969 704 4023; x_wconf 91' lang='lat' dir='ltr'>pro</span> <span class='ocrx_word' id='word_1_515' title='bbox 727 3955 784 4007; x_wconf 90' lang='lat' dir='ltr'>te</span> <span class='ocrx_word' id='word_1_516' title='bbox 808 3951 1689 4027; x_wconf 83' lang='lat' dir='ltr'>Apollinarium,Didymumque</span> <span class='ocrx_word' id='word_1_517' title='bbox 1707 3962 1966 4014; x_wconf 88' lang='lat' dir='ltr'>sectatus</span> 
     </span>
    </p>
   </div>
   <div class='ocr_carea' id='block_1_72' title="bbox 314 4040 1963 4114">
    <p class='ocr_par' dir='ltr' id='par_1_72' title="bbox 314 4040 1963 4114">
     <span class='ocr_line' id='line_1_72' title="bbox 314 4040 1963 4114; baseline 0.004 -18"><span class='ocrx_word' id='word_1_518' title='bbox 314 4057 450 4096; x_wconf 90' lang='lat' dir='ltr'>sum</span> <span class='ocrx_word' id='word_1_519' title='bbox 476 4040 503 4094; x_wconf 84' lang='lat'><strong>?</strong></span> <span class='ocrx_word' id='word_1_520' title='bbox 532 4040 831 4111; x_wconf 89' lang='lat' dir='ltr'>Numquid</span> <span class='ocrx_word' id='word_1_521' title='bbox 885 4040 943 4094; x_wconf 90' lang='lat' dir='ltr'>in</span> <span class='ocrx_word' id='word_1_522' title='bbox 984 4040 1088 4095; x_wconf 93' lang='lat' dir='ltr'>illa</span> <span class='ocrx_word' id='word_1_523' title='bbox 1115 4040 1362 4110; x_wconf 87' lang='lat' dir='ltr'>epistola</span> <span class='ocrx_word' id='word_1_524' title='bbox 1391 4041 1738 4114; x_wconf 89' lang='lat' dir='ltr'>Gregorium</span> <span class='ocrx_word' id='word_1_525' title='bbox 1771 4046 1963 4103; x_wconf 91' lang='lat' dir='ltr'>virum</span> 
     </span>
    </p>
   </div>
   <div class='ocr_carea' id='block_1_73' title="bbox 309 4128 1962 4206">
    <p class='ocr_par' dir='ltr' id='par_1_73' title="bbox 309 4128 1962 4206">
     <span class='ocr_line' id='line_1_73' title="bbox 309 4128 1962 4206; baseline 0.004 -22"><span class='ocrx_word' id='word_1_526' title='bbox 309 4128 863 4201; x_wconf 88' lang='lat' dir='ltr'>eloquentissimum</span> <span class='ocrx_word' id='word_1_527' title='bbox 897 4145 1010 4183; x_wconf 92' lang='lat' dir='ltr'>non</span> <span class='ocrx_word' id='word_1_528' title='bbox 1046 4129 1205 4199; x_wconf 92' lang='lat' dir='ltr'>potui</span> <span class='ocrx_word' id='word_1_529' title='bbox 1239 4129 1590 4185; x_wconf 83' lang='lat' dir='ltr'>nominare?</span> <span class='ocrx_word' id='word_1_530' title='bbox 1637 4132 1776 4196; x_wconf 89' lang='lat' dir='ltr'>Quis</span> <span class='ocrx_word' id='word_1_531' title='bbox 1807 4137 1962 4206; x_wconf 88' lang='lat' dir='ltr'>apud</span> 
     </span>
    </p>
   </div>
   <div class='ocr_carea' id='block_1_74' title="bbox 307 4217 1962 4292">
    <p class='ocr_par' dir='ltr' id='par_1_74' title="bbox 307 4217 1962 4292">
     <span class='ocr_line' id='line_1_74' title="bbox 307 4217 1962 4292; baseline 0.005 -21"><span class='ocrx_word' id='word_1_532' title='bbox 307 4217 540 4272; x_wconf 84' lang='lat' dir='ltr'>Latinos</span> <span class='ocrx_word' id='word_1_533' title='bbox 573 4234 678 4288; x_wconf 88' lang='lat' dir='ltr'>par</span> <span class='ocrx_word' id='word_1_534' title='bbox 703 4218 794 4272; x_wconf 90' lang='lat' dir='ltr'>sui</span> <span class='ocrx_word' id='word_1_535' title='bbox 828 4217 964 4270; x_wconf 83' lang='lat' dir='ltr'>est?</span> <span class='ocrx_word' id='word_1_536' title='bbox 1009 4219 1130 4282; x_wconf 86' lang='lat' dir='ltr'>Quo</span> <span class='ocrx_word' id='word_1_537' title='bbox 1180 4232 1286 4288; x_wconf 92' lang='lat' dir='ltr'>ego</span> <span class='ocrx_word' id='word_1_538' title='bbox 1332 4219 1614 4290; x_wconf 89' lang='lat' dir='ltr'>magistro</span> <span class='ocrx_word' id='word_1_539' title='bbox 1659 4221 1875 4292; x_wconf 88' lang='lat' dir='ltr'>glorior</span> <span class='ocrx_word' id='word_1_540' title='bbox 1903 4230 1962 4281; x_wconf 87' lang='lat' dir='ltr'>et</span> 
     </span>
    </p>
   </div>
   <div class='ocr_carea' id='block_1_75' title="bbox 314 4304 1959 4384">
    <p class='ocr_par' dir='ltr' id='par_1_75' title="bbox 314 4304 1959 4384">
     <span class='ocr_line' id='line_1_75' title="bbox 314 4304 1959 4384; baseline 0.004 -23"><span class='ocrx_word' id='word_1_541' title='bbox 314 4304 560 4361; x_wconf 86' lang='lat' dir='ltr'>exsulto.</span> <span class='ocrx_word' id='word_1_542' title='bbox 586 4325 616 4355; x_wconf 81' lang='lat'>»</span> <span class='ocrx_word' id='word_1_543' title='bbox 648 4306 746 4360; x_wconf 90' lang='lat' dir='ltr'>Sui</span> <span class='ocrx_word' id='word_1_544' title='bbox 772 4308 967 4361; x_wconf 90' lang='lat' dir='ltr'>autem</span> <span class='ocrx_word' id='word_1_545' title='bbox 995 4306 1279 4376; x_wconf 90' lang='lat' dir='ltr'>imparem</span> <span class='ocrx_word' id='word_1_546' title='bbox 1304 4308 1458 4377; x_wconf 92' lang='lat' dir='ltr'>apud</span> <span class='ocrx_word' id='word_1_547' title='bbox 1486 4308 1723 4364; x_wconf 89' lang='lat' dir='ltr'>Latinos</span> <span class='ocrx_word' id='word_1_548' title='bbox 1746 4312 1959 4384; x_wconf 85' lang='lat' dir='ltr'>Grego-</span> 
     </span>
    </p>
   </div>
   <div class='ocr_carea' id='block_1_76' title="bbox 310 4392 1958 4469">
    <p class='ocr_par' dir='ltr' id='par_1_76' title="bbox 310 4392 1958 4469">
     <span class='ocr_line' id='line_1_76' title="bbox 310 4392 1958 4469; baseline 0.005 -21"><span class='ocrx_word' id='word_1_549' title='bbox 310 4392 463 4449; x_wconf 92' lang='lat' dir='ltr'>rium</span> <span class='ocrx_word' id='word_1_550' title='bbox 495 4393 726 4448; x_wconf 90' lang='lat' dir='ltr'>videtur</span> <span class='ocrx_word' id='word_1_551' title='bbox 755 4393 968 4460; x_wconf 92' lang='lat' dir='ltr'>dicere,</span> <span class='ocrx_word' id='word_1_552' title='bbox 1004 4398 1068 4447; x_wconf 92' lang='lat' dir='ltr'>ut</span> <span class='ocrx_word' id='word_1_553' title='bbox 1109 4397 1271 4448; x_wconf 90' lang='lat' dir='ltr'>notet</span> <span class='ocrx_word' id='word_1_554' title='bbox 1310 4395 1630 4452; x_wconf 86' lang='lat' dir='ltr'>Ruﬁnum:</span> <span class='ocrx_word' id='word_1_555' title='bbox 1677 4400 1775 4469; x_wconf 92' lang='lat' dir='ltr'>qui</span> <span class='ocrx_word' id='word_1_556' title='bbox 1827 4418 1958 4457; x_wconf 90' lang='lat' dir='ltr'>cum</span> 
     </span>
    </p>
   </div>
   <div class='ocr_carea' id='block_1_77' title="bbox 309 4481 1959 4553">
    <p class='ocr_par' dir='ltr' id='par_1_77' title="bbox 309 4481 1959 4553">
     <span class='ocr_line' id='line_1_77' title="bbox 309 4481 1959 4553; baseline 0.007 -18"><span class='ocrx_word' id='word_1_557' title='bbox 309 4481 440 4553; x_wconf 85' lang='lat' dir='ltr'>ipse</span> <span class='ocrx_word' id='word_1_558' title='bbox 457 4482 609 4553; x_wconf 90' lang='lat' dir='ltr'>apud</span> <span class='ocrx_word' id='word_1_559' title='bbox 635 4498 774 4537; x_wconf 90' lang='lat' dir='ltr'>suos</span> <span class='ocrx_word' id='word_1_560' title='bbox 797 4486 949 4536; x_wconf 88' lang='lat' dir='ltr'>esset</span> <span class='ocrx_word' id='word_1_561' title='bbox 969 4481 1769 4553; x_wconf 84' lang='lat' dir='ltr'>eloquentissimus,Rufinus</span> <span class='ocrx_word' id='word_1_562' title='bbox 1791 4489 1850 4545; x_wconf 90' lang='lat' dir='ltr'>in</span> <span class='ocrx_word' id='word_1_563' title='bbox 1875 4492 1959 4546; x_wconf 91' lang='lat' dir='ltr'>in-</span> 
     </span>
    </p>
   </div>
   <div class='ocr_carea' id='block_1_78' title="bbox 2078 3333 3727 3407">
    <p class='ocr_par' dir='ltr' id='par_1_78' title="bbox 2078 3333 3727 3407">
     <span class='ocr_line' id='line_1_78' title="bbox 2078 3333 3727 3407; baseline 0.003 -20"><span class='ocrx_word' id='word_1_564' title='bbox 2078 3349 2175 3387; x_wconf 91' lang='lat' dir='ltr'>ma</span> <span class='ocrx_word' id='word_1_565' title='bbox 2197 3333 2444 3387; x_wconf 90' lang='lat' dir='ltr'>diceret:</span> <span class='ocrx_word' id='word_1_566' title='bbox 2474 3350 2576 3388; x_wconf 89' lang='lat' dir='ltr'>nec</span> <span class='ocrx_word' id='word_1_567' title='bbox 2599 3333 2682 3386; x_wconf 84' lang='lat' dir='ltr'>illi</span> <span class='ocrx_word' id='word_1_568' title='bbox 2703 3350 2835 3388; x_wconf 90' lang='lat' dir='ltr'>eum</span> <span class='ocrx_word' id='word_1_569' title='bbox 2862 3338 2980 3388; x_wconf 90' lang='lat' dir='ltr'>tam</span> <span class='ocrx_word' id='word_1_570' title='bbox 3007 3334 3228 3388; x_wconf 89' lang='lat' dir='ltr'>clarum</span> <span class='ocrx_word' id='word_1_571' title='bbox 3256 3335 3535 3390; x_wconf 89' lang='lat' dir='ltr'>haberent</span> <span class='ocrx_word' id='word_1_572' title='bbox 3557 3340 3727 3407; x_wconf 87' lang='lat' dir='ltr'>atque</span> 
     </span>
    </p>
   </div>
   <div class='ocr_carea' id='block_1_79' title="bbox 2075 3421 3725 3495">
    <p class='ocr_par' dir='ltr' id='par_1_79' title="bbox 2075 3421 3725 3495">
     <span class='ocr_line' id='line_1_79' title="bbox 2075 3421 3725 3495; baseline 0.003 -19"><span class='ocrx_word' id='word_1_573' title='bbox 2075 3421 2494 3488; x_wconf 90' lang='lat' dir='ltr'>venerandum,</span> <span class='ocrx_word' id='word_1_574' title='bbox 2530 3422 2643 3477; x_wconf 90' lang='lat' dir='ltr'>nisi</span> <span class='ocrx_word' id='word_1_575' title='bbox 2675 3421 2797 3477; x_wconf 69' lang='lat' dir='ltr'>haec</span> <span class='ocrx_word' id='word_1_576' title='bbox 2829 3423 2901 3477; x_wconf 91' lang='lat' dir='ltr'>ab</span> <span class='ocrx_word' id='word_1_577' title='bbox 2933 3422 3032 3478; x_wconf 89' lang='lat' dir='ltr'>illo</span> <span class='ocrx_word' id='word_1_578' title='bbox 3059 3423 3215 3478; x_wconf 92' lang='lat' dir='ltr'>dicta</span> <span class='ocrx_word' id='word_1_579' title='bbox 3237 3440 3300 3478; x_wconf 87' lang='lat' dir='ltr'>ex</span> <span class='ocrx_word' id='word_1_580' title='bbox 3325 3424 3524 3495; x_wconf 83' lang='lat' dir='ltr'>regula</span> <span class='ocrx_word' id='word_1_581' title='bbox 3547 3425 3725 3481; x_wconf 86' lang='lat' dir='ltr'>notis-</span> 
     </span>
    </p>
   </div>
   <div class='ocr_carea' id='block_1_80' title="bbox 2079 3509 3022 3582">
    <p class='ocr_par' dir='ltr' id='par_1_80' title="bbox 2079 3509 3022 3582">
     <span class='ocr_line' id='line_1_80' title="bbox 2079 3509 3022 3582; baseline -0.003 -19"><span class='ocrx_word' id='word_1_582' title='bbox 2079 3509 2240 3564; x_wconf 64' lang='lat' dir='ltr'>sima</span> <span class='ocrx_word' id='word_1_583' title='bbox 2267 3509 2524 3565; x_wconf 88' lang='lat' dir='ltr'>veritatis</span> <span class='ocrx_word' id='word_1_584' title='bbox 2556 3515 2959 3582; x_wconf 83' lang='lat' dir='ltr'>agnoscerent.</span> <span class='ocrx_word' id='word_1_585' title='bbox 2994 3533 3022 3560; x_wconf 84' lang='lat'><strong>»</strong></span> 
     </span>
    </p>
   </div>
   <div class='ocr_carea' id='block_1_81' title="bbox 2153 3597 3730 3673">
    <p class='ocr_par' dir='ltr' id='par_1_81' title="bbox 2153 3597 3730 3673">
     <span class='ocr_line' id='line_1_81' title="bbox 2153 3597 3730 3673; baseline 0.004 -21"><span class='ocrx_word' id='word_1_586' title='bbox 2153 3598 2310 3653; x_wconf 90' lang='lat' dir='ltr'>Idem</span> <span class='ocrx_word' id='word_1_587' title='bbox 2351 3597 2453 3652; x_wconf 92' lang='lat' dir='ltr'>lib.</span> <span class='ocrx_word' id='word_1_588' title='bbox 2489 3616 2527 3652; x_wconf 91' lang='grc' dir='ltr'>ιι</span> <span class='ocrx_word' id='word_1_589' title='bbox 2559 3600 2839 3654; x_wconf 90' lang='lat' dir='ltr'>adversus</span> <span class='ocrx_word' id='word_1_590' title='bbox 2883 3601 3152 3654; x_wconf 90' lang='lat' dir='ltr'>eumdem</span> <span class='ocrx_word' id='word_1_591' title='bbox 3203 3618 3333 3673; x_wconf 89' lang='lat' dir='ltr'>pag.</span> <span class='ocrx_word' id='word_1_592' title='bbox 3366 3602 3470 3655; x_wconf 86' lang='lat'>530</span> <span class='ocrx_word' id='word_1_593' title='bbox 3503 3601 3644 3657; x_wconf 89' lang='lat' dir='ltr'>citat</span> <span class='ocrx_word' id='word_1_594' title='bbox 3674 3607 3730 3659; x_wconf 90' lang='lat' dir='ltr'>et</span> 
     </span>
    </p>
   </div>
   <div class='ocr_carea' id='block_1_82' title="bbox 2078 3687 3728 3761">
    <p class='ocr_par' dir='ltr' id='par_1_82' title="bbox 2078 3687 3728 3761">
     <span class='ocr_line' id='line_1_82' title="bbox 2078 3687 3728 3761; baseline 0.002 -17"><span class='ocrx_word' id='word_1_595' title='bbox 2078 3688 2322 3758; x_wconf 84' lang='lat' dir='ltr'>explicat</span> <span class='ocrx_word' id='word_1_596' title='bbox 2354 3687 2782 3742; x_wconf 88' lang='lat' dir='ltr'>Nazianzenum</span> <span class='ocrx_word' id='word_1_597' title='bbox 2813 3705 2882 3742; x_wconf 87' lang='lat' dir='ltr'>ex</span> <span class='ocrx_word' id='word_1_598' title='bbox 2905 3688 3002 3744; x_wconf 90' lang='lat' dir='ltr'>lib.</span> <span class='ocrx_word' id='word_1_599' title='bbox 3028 3691 3387 3761; x_wconf 70' lang='lat' dir='ltr'>Apologetz’co.</span> <span class='ocrx_word' id='word_1_600' title='bbox 3413 3691 3481 3746; x_wconf 89' lang='lat' dir='ltr'>Et</span> <span class='ocrx_word' id='word_1_601' title='bbox 3503 3691 3601 3746; x_wconf 90' lang='lat' dir='ltr'>lib.</span> <span class='ocrx_word' id='word_1_602' title='bbox 3628 3695 3728 3748; x_wconf 76' lang='lat' dir='ltr'>De-</span> 
     </span>
    </p>
   </div>
   <div class='ocr_carea' id='block_1_83' title="bbox 2077 3776 3727 3848">
    <p class='ocr_par' dir='ltr' id='par_1_83' title="bbox 2077 3776 3727 3848">
     <span class='ocr_line' id='line_1_83' title="bbox 2077 3776 3727 3848; baseline 0.004 -17"><span class='ocrx_word' id='word_1_603' title='bbox 2077 3776 2214 3832; x_wconf 86' lang='lat' dir='ltr'>do-no</span> <span class='ocrx_word' id='word_1_604' title='bbox 2244 3779 2666 3848; x_wconf 49' lang='lat' dir='ltr'>perseverantia</span> <span class='ocrx_word' id='word_1_605' title='bbox 2697 3795 2821 3848; x_wconf 86' lang='lat' dir='ltr'>cap.</span> <span class='ocrx_word' id='word_1_606' title='bbox 2859 3779 2944 3848; x_wconf 80' lang='lat' dir='ltr'>I9,</span> <span class='ocrx_word' id='word_1_607' title='bbox 2991 3796 3057 3833; x_wconf 88' lang='lat' dir='ltr'>ex</span> <span class='ocrx_word' id='word_1_608' title='bbox 3088 3781 3348 3835; x_wconf 87' lang='lat' dir='ltr'>oratione</span> <span class='ocrx_word' id='word_1_609' title='bbox 3381 3782 3438 3835; x_wconf 72' lang='lat' dir='ltr'>in</span> <span class='ocrx_word' id='word_1_610' title='bbox 3468 3785 3727 3837; x_wconf 83' lang='lat' dir='ltr'>Penteco-</span> 
     </span>
    </p>
   </div>
   <div class='ocr_carea' id='block_1_84' title="bbox 2077 3866 3726 3944">
    <p class='ocr_par' dir='ltr' id='par_1_84' title="bbox 2077 3866 3726 3944">
     <span class='ocr_line' id='line_1_84' title="bbox 2077 3866 3726 3944; baseline 0.003 -21"><span class='ocrx_word' id='word_1_611' title='bbox 2077 3871 2211 3923; x_wconf 78' lang='lat' dir='ltr'>stem</span> <span class='ocrx_word' id='word_1_612' title='bbox 2242 3866 2642 3923; x_wconf 88' lang='lat' dir='ltr'>testimonium</span> <span class='ocrx_word' id='word_1_613' title='bbox 2676 3869 2928 3939; x_wconf 78' lang='lat' dir='ltr'>profert:</span> <span class='ocrx_word' id='word_1_614' title='bbox 2964 3869 3061 3923; x_wconf 89' lang='lat' dir='ltr'>ubi</span> <span class='ocrx_word' id='word_1_615' title='bbox 3099 3873 3292 3924; x_wconf 90' lang='lat' dir='ltr'>tamen</span> <span class='ocrx_word' id='word_1_616' title='bbox 3329 3887 3428 3940; x_wconf 90' lang='lat' dir='ltr'>pro</span> <span class='ocrx_word' id='word_1_617' title='bbox 3463 3893 3489 3919; x_wconf 91' lang='grc'>‹‹</span> <span class='ocrx_word' id='word_1_618' title='bbox 3524 3872 3726 3944; x_wconf 91' lang='lat' dir='ltr'>depre-</span> 
     </span>
    </p>
   </div>
   <div class='ocr_carea' id='block_1_85' title="bbox 2075 3956 3628 4027">
    <p class='ocr_par' dir='ltr' id='par_1_85' title="bbox 2075 3956 3628 4027">
     <span class='ocr_line' id='line_1_85' title="bbox 2075 3956 3628 4027; baseline 0.001 -15"><span class='ocrx_word' id='word_1_619' title='bbox 2075 3956 2322 4027; x_wconf 88' lang='lat' dir='ltr'>cabitur,</span> <span class='ocrx_word' id='word_1_620' title='bbox 2358 3978 2386 4005; x_wconf 83' lang='lat'><strong>»</strong></span> <span class='ocrx_word' id='word_1_621' title='bbox 2417 3957 2758 4012; x_wconf 91' lang='lat' dir='ltr'>vertendum</span> <span class='ocrx_word' id='word_1_622' title='bbox 2791 3957 2999 4027; x_wconf 86' lang='lat' dir='ltr'>fuerat,</span> <span class='ocrx_word' id='word_1_623' title='bbox 3039 3979 3065 4006; x_wconf 84' lang='lat'><strong>«</strong></span> <span class='ocrx_word' id='word_1_624' title='bbox 3097 3958 3562 4027; x_wconf 89' lang='lat' dir='ltr'>deprecabimur.</span> <span class='ocrx_word' id='word_1_625' title='bbox 3599 3982 3628 4009; x_wconf 85' lang='lat'>»</span> 
     </span>
    </p>
   </div>
   <div class='ocr_carea' id='block_1_86' title="bbox 2147 4044 3731 4118">
    <p class='ocr_par' dir='ltr' id='par_1_86' title="bbox 2147 4044 3731 4118">
     <span class='ocr_line' id='line_1_86' title="bbox 2147 4044 3731 4118; baseline 0.003 -18"><span class='ocrx_word' id='word_1_626' title='bbox 2147 4045 2463 4118; x_wconf 87' lang='lat' dir='ltr'>Gregorius</span> <span class='ocrx_word' id='word_1_627' title='bbox 2496 4044 2650 4116; x_wconf 90' lang='lat' dir='ltr'>Papa</span> <span class='ocrx_word' id='word_1_628' title='bbox 2682 4046 2817 4117; x_wconf 84' lang='lat'>(50),</span> <span class='ocrx_word' id='word_1_629' title='bbox 2843 4046 2903 4100; x_wconf 91' lang='lat' dir='ltr'>in</span> <span class='ocrx_word' id='word_1_630' title='bbox 2933 4045 3168 4116; x_wconf 85' lang='lat' dir='ltr'>prologo</span> <span class='ocrx_word' id='word_1_631' title='bbox 3199 4047 3384 4101; x_wconf 68' lang='lat' dir='ltr'>tertiae</span> <span class='ocrx_word' id='word_1_632' title='bbox 3412 4048 3599 4117; x_wconf 89' lang='lat' dir='ltr'>partis</span> <span class='ocrx_word' id='word_1_633' title='bbox 3629 4050 3731 4104; x_wconf 85' lang='lat' dir='ltr'>Pa-</span> 
     </span>
    </p>
   </div>
   <div class='ocr_carea' id='block_1_87' title="bbox 2072 4134 3731 4206">
    <p class='ocr_par' dir='ltr' id='par_1_87' title="bbox 2072 4134 3731 4206">
     <span class='ocr_line' id='line_1_87' title="bbox 2072 4134 3731 4206; baseline 0.002 -16"><span class='ocrx_word' id='word_1_634' title='bbox 2072 4135 2300 4190; x_wconf 69' lang='lat' dir='ltr'>storalis</span> <span class='ocrx_word' id='word_1_635' title='bbox 2329 4149 2503 4201; x_wconf 52' lang='lat' dir='ltr'>cura,</span> <span class='ocrx_word' id='word_1_636' title='bbox 2539 4134 2902 4206; x_wconf 89' lang='lat' dir='ltr'>Theologum</span> <span class='ocrx_word' id='word_1_637' title='bbox 2937 4138 3207 4188; x_wconf 93' lang='lat' dir='ltr'>nostrum</span> <span class='ocrx_word' id='word_1_638' title='bbox 3251 4134 3332 4190; x_wconf 90' lang='lat' dir='ltr'>ita</span> <span class='ocrx_word' id='word_1_639' title='bbox 3382 4135 3559 4191; x_wconf 90' lang='lat' dir='ltr'>citat:</span> <span class='ocrx_word' id='word_1_640' title='bbox 3593 4159 3620 4186; x_wconf 89' lang='grc'>‹‹</span> <span class='ocrx_word' id='word_1_641' title='bbox 3658 4137 3731 4193; x_wconf 91' lang='lat' dir='ltr'>Ut</span> 
     </span>
    </p>
   </div>
   <div class='ocr_carea' id='block_1_88' title="bbox 2071 4209 3735 4295">
    <p class='ocr_par' dir='ltr' id='par_1_88' title="bbox 2071 4209 3735 4295">
     <span class='ocr_line' id='line_1_88' title="bbox 2071 4209 3735 4295; baseline 0.002 -17"><span class='ocrx_word' id='word_1_642' title='bbox 2071 4209 2242 4295; x_wconf 85' lang='lat' dir='ltr'>1onge</span> <span class='ocrx_word' id='word_1_643' title='bbox 2274 4228 2409 4279; x_wconf 90' lang='lat' dir='ltr'>ante</span> <span class='ocrx_word' id='word_1_644' title='bbox 2440 4241 2544 4278; x_wconf 92' lang='lat' dir='ltr'>nos</span> <span class='ocrx_word' id='word_1_645' title='bbox 2576 4225 2910 4279; x_wconf 68' lang='lat' dir='ltr'>reverendae</span> <span class='ocrx_word' id='word_1_646' title='bbox 2943 4222 3235 4277; x_wconf 85' lang='lat' dir='ltr'>memoriae</span> <span class='ocrx_word' id='word_1_647' title='bbox 3267 4224 3581 4294; x_wconf 88' lang='lat' dir='ltr'>Gregorius</span> <span class='ocrx_word' id='word_1_648' title='bbox 3613 4226 3735 4283; x_wconf 88' lang='lat' dir='ltr'>Na-</span> 
     </span>
    </p>
   </div>
   <div class='ocr_carea' id='block_1_89' title="bbox 2070 4312 3731 4382">
    <p class='ocr_par' dir='ltr' id='par_1_89' title="bbox 2070 4312 3731 4382">
     <span class='ocr_line' id='line_1_89' title="bbox 2070 4312 3731 4382; baseline 0.002 -16"><span class='ocrx_word' id='word_1_649' title='bbox 2070 4312 2380 4367; x_wconf 88' lang='lat' dir='ltr'>zianzenus</span> <span class='ocrx_word' id='word_1_650' title='bbox 2404 4313 2786 4367; x_wconf 90' lang='lat' dir='ltr'>edocuit.Non</span> <span class='ocrx_word' id='word_1_651' title='bbox 2803 4328 2921 4366; x_wconf 90' lang='lat' dir='ltr'>una</span> <span class='ocrx_word' id='word_1_652' title='bbox 2937 4313 3259 4382; x_wconf 90' lang='lat' dir='ltr'>eademque</span> <span class='ocrx_word' id='word_1_653' title='bbox 3275 4312 3501 4368; x_wconf 91' lang='lat' dir='ltr'>cunctis</span> <span class='ocrx_word' id='word_1_654' title='bbox 3524 4313 3731 4369; x_wconf 90' lang='lat' dir='ltr'>exhor-</span> 
     </span>
    </p>
   </div>
   <div class='ocr_carea' id='block_1_90' title="bbox 2068 4402 3731 4474">
    <p class='ocr_par' dir='ltr' id='par_1_90' title="bbox 2068 4402 3731 4474">
     <span class='ocr_line' id='line_1_90' title="bbox 2068 4402 3731 4474; baseline 0.002 -18"><span class='ocrx_word' id='word_1_655' title='bbox 2068 4402 2210 4456; x_wconf 89' lang='lat' dir='ltr'>tatio</span> <span class='ocrx_word' id='word_1_656' title='bbox 2243 4402 2532 4473; x_wconf 89' lang='lat' dir='ltr'>congruit,</span> <span class='ocrx_word' id='word_1_657' title='bbox 2559 4402 2698 4472; x_wconf 90' lang='lat' dir='ltr'>quia</span> <span class='ocrx_word' id='word_1_658' title='bbox 2720 4419 2834 4456; x_wconf 92' lang='lat' dir='ltr'>non</span> <span class='ocrx_word' id='word_1_659' title='bbox 2868 4407 3109 4457; x_wconf 92' lang='lat' dir='ltr'>cunctos</span> <span class='ocrx_word' id='word_1_660' title='bbox 3146 4419 3246 4473; x_wconf 89' lang='lat' dir='ltr'>par</span> <span class='ocrx_word' id='word_1_661' title='bbox 3277 4419 3509 4458; x_wconf 88' lang='lat' dir='ltr'>morum</span> <span class='ocrx_word' id='word_1_662' title='bbox 3543 4403 3731 4474; x_wconf 88' lang='lat' dir='ltr'>quali-</span> 
     </span>
    </p>
   </div>
   <div class='ocr_carea' id='block_1_91' title="bbox 2067 4491 3726 4564">
    <p class='ocr_par' dir='ltr' id='par_1_91' title="bbox 2067 4491 3726 4564">
     <span class='ocr_line' id='line_1_91' title="bbox 2067 4491 3726 4564; baseline 0.002 -18"><span class='ocrx_word' id='word_1_663' title='bbox 2067 4495 2164 4546; x_wconf 90' lang='lat' dir='ltr'>tas</span> <span class='ocrx_word' id='word_1_664' title='bbox 2195 4491 2490 4563; x_wconf 85' lang='lat' dir='ltr'>astringit.</span> <span class='ocrx_word' id='word_1_665' title='bbox 2514 4515 2540 4541; x_wconf 76' lang='lat'>»</span> <span class='ocrx_word' id='word_1_666' title='bbox 2566 4492 2696 4546; x_wconf 71' lang='lat' dir='ltr'>Haec</span> <span class='ocrx_word' id='word_1_667' title='bbox 2718 4507 2889 4561; x_wconf 91' lang='lat' dir='ltr'>porro</span> <span class='ocrx_word' id='word_1_668' title='bbox 2910 4491 3082 4546; x_wconf 88' lang='lat' dir='ltr'>verba</span> <span class='ocrx_word' id='word_1_669' title='bbox 3103 4495 3242 4546; x_wconf 92' lang='lat' dir='ltr'>sunt</span> <span class='ocrx_word' id='word_1_670' title='bbox 3260 4491 3520 4564; x_wconf 79' lang='lat' dir='ltr'>Gregorii</span> <span class='ocrx_word' id='word_1_671' title='bbox 3545 4495 3726 4549; x_wconf 91' lang='lat' dir='ltr'>nostri</span> 
     </span>
    </p>
   </div>
   <div class='ocr_carea' id='block_1_92' title="bbox 311 4569 2392 4654">
    <p class='ocr_par' dir='ltr' id='par_1_92' title="bbox 311 4569 2392 4654">
     <span class='ocr_line' id='line_1_92' title="bbox 311 4569 2392 4654; baseline 0.004 -28"><span class='ocrx_word' id='word_1_672' title='bbox 311 4571 731 4641; x_wconf 87' lang='lat' dir='ltr'>terpretatione</span> <span class='ocrx_word' id='word_1_673' title='bbox 754 4569 979 4642; x_wconf 88' lang='lat' dir='ltr'>aliquot</span> <span class='ocrx_word' id='word_1_674' title='bbox 1000 4571 1160 4627; x_wconf 89' lang='lat' dir='ltr'>illius</span> <span class='ocrx_word' id='word_1_675' title='bbox 1181 4571 1509 4628; x_wconf 87' lang='lat' dir='ltr'>orationum</span> <span class='ocrx_word' id='word_1_676' title='bbox 1533 4590 1738 4645; x_wconf 89' lang='lat' dir='ltr'>parum</span> <span class='ocrx_word' id='word_1_677' title='bbox 1771 4581 1968 4650; x_wconf 89' lang='lat' dir='ltr'>gnavi-</span> <span class='ocrx_word' id='word_1_678' title='bbox 1998 4589 2043 4654; x_wconf 78' lang='grc' dir='ltr'>Π</span> <span class='ocrx_word' id='word_1_679' title='bbox 2074 4597 2092 4634; x_wconf 86' lang='lat'>1</span> <span class='ocrx_word' id='word_1_680' title='bbox 2123 4582 2392 4650; x_wconf 78' lang='lat' dir='ltr'>Apologet.</span> 
     </span>
    </p>
   </div>
   <div class='ocr_carea' id='block_1_93' title="bbox 305 4659 1960 4741">
    <p class='ocr_par' dir='ltr' id='par_1_93' title="bbox 305 4659 1960 4741">
     <span class='ocr_line' id='line_1_93' title="bbox 305 4659 1960 4741; baseline 0.007 -26"><span class='ocrx_word' id='word_1_681' title='bbox 305 4663 396 4715; x_wconf 91' lang='lat' dir='ltr'>ter</span> <span class='ocrx_word' id='word_1_682' title='bbox 424 4676 485 4715; x_wconf 91' lang='lat' dir='ltr'>se</span> <span class='ocrx_word' id='word_1_683' title='bbox 516 4664 798 4732; x_wconf 90' lang='lat' dir='ltr'>gesserat,</span> <span class='ocrx_word' id='word_1_684' title='bbox 825 4677 1012 4732; x_wconf 83' lang='lat' dir='ltr'>neque</span> <span class='ocrx_word' id='word_1_685' title='bbox 1037 4659 1180 4716; x_wconf 89' lang='lat' dir='ltr'>satis</span> <span class='ocrx_word' id='word_1_686' title='bbox 1202 4661 1449 4718; x_wconf 85' lang='lat' dir='ltr'>feliciter</span> <span class='ocrx_word' id='word_1_687' title='bbox 1477 4667 1649 4720; x_wconf 84' lang='lat' dir='ltr'>tantae</span> <span class='ocrx_word' id='word_1_688' title='bbox 1682 4666 1960 4741; x_wconf 90' lang='lat' dir='ltr'>eloquen-</span> 
     </span>
    </p>
   </div>
   <div class='ocr_carea' id='block_1_94' title="bbox 303 4748 830 4822">
    <p class='ocr_par' dir='ltr' id='par_1_94' title="bbox 303 4748 830 4822">
     <span class='ocr_line' id='line_1_94' title="bbox 303 4748 830 4822; baseline 0 -18"><span class='ocrx_word' id='word_1_689' title='bbox 303 4748 398 4804; x_wconf 81' lang='lat' dir='ltr'>tiae</span> <span class='ocrx_word' id='word_1_690' title='bbox 429 4751 830 4822; x_wconf 90' lang='lat' dir='ltr'>responderat.</span> 
     </span>
    </p>
   </div>
   <div class='ocr_carea' id='block_1_95' title="bbox 378 4837 1956 4921">
    <p class='ocr_par' dir='ltr' id='par_1_95' title="bbox 378 4837 1956 4921">
     <span class='ocr_line' id='line_1_95' title="bbox 378 4837 1956 4921; baseline 0.009 -29"><span class='ocrx_word' id='word_1_691' title='bbox 378 4837 536 4893; x_wconf 89' lang='lat' dir='ltr'>Idem</span> <span class='ocrx_word' id='word_1_692' title='bbox 568 4838 960 4912; x_wconf 71' lang='lat' dir='ltr'>Hieronymus</span> <span class='ocrx_word' id='word_1_693' title='bbox 993 4839 1125 4910; x_wconf 89' lang='lat'>(47),</span> <span class='ocrx_word' id='word_1_694' title='bbox 1161 4839 1458 4911; x_wconf 79' lang='lat' dir='ltr'>explicans</span> <span class='ocrx_word' id='word_1_695' title='bbox 1489 4841 1632 4899; x_wconf 90' lang='lat' dir='ltr'>illud</span> <span class='ocrx_word' id='word_1_696' title='bbox 1667 4846 1877 4918; x_wconf 89' lang='lat' dir='ltr'>Ephes.</span> <span class='ocrx_word' id='word_1_697' title='bbox 1904 4866 1956 4921; x_wconf 70' lang='grc' dir='ltr'>ν,</span> 
     </span>
    </p>
   </div>
   <div class='ocr_carea' id='block_1_96' title="bbox 297 4928 1955 5004">
    <p class='ocr_par' dir='ltr' id='par_1_96' title="bbox 297 4928 1955 5004">
     <span class='ocr_line' id='line_1_96' title="bbox 297 4928 1955 5004; baseline 0.008 -24"><span class='ocrx_word' id='word_1_698' title='bbox 297 4928 386 4997; x_wconf 87' lang='grc'>32,</span> <span class='ocrx_word' id='word_1_699' title='bbox 419 4931 846 4984; x_wconf 78' lang='lat' dir='ltr'>Sacramentum</span> <span class='ocrx_word' id='word_1_700' title='bbox 879 4929 976 4984; x_wconf 88' lang='lat' dir='ltr'>hoc</span> <span class='ocrx_word' id='word_1_701' title='bbox 1004 4946 1265 4999; x_wconf 86' lang='lat' dir='ltr'>magnum</span> <span class='ocrx_word' id='word_1_702' title='bbox 1295 4941 1375 4986; x_wconf 76' lang='lat' dir='ltr'>est</span> <span class='ocrx_word' id='word_1_703' title='bbox 1404 4949 1425 4993; x_wconf 90' lang='grc'>,·</span> <span class='ocrx_word' id='word_1_704' title='bbox 1455 4949 1553 5001; x_wconf 84' lang='lat' dir='ltr'>ego</span> <span class='ocrx_word' id='word_1_705' title='bbox 1604 4945 1812 5004; x_wconf 82' lang='lat' dir='ltr'>autem,</span> <span class='ocrx_word' id='word_1_706' title='bbox 1847 4942 1955 4994; x_wconf 91' lang='lat' dir='ltr'>etc.</span> 
     </span>
    </p>
   </div>
   <div class='ocr_carea' id='block_1_97' title="bbox 302 5017 1957 5097">
    <p class='ocr_par' dir='ltr' id='par_1_97' title="bbox 302 5017 1957 5097">
     <span class='ocr_line' id='line_1_97' title="bbox 302 5017 1957 5097; baseline 0.012 -33"><span class='ocrx_word' id='word_1_707' title='bbox 302 5037 330 5065; x_wconf 87' lang='grc'><strong>‹‹</strong></span> <span class='ocrx_word' id='word_1_708' title='bbox 360 5017 672 5088; x_wconf 89' lang='lat' dir='ltr'>Gregorius</span> <span class='ocrx_word' id='word_1_709' title='bbox 695 5018 1114 5086; x_wconf 89' lang='lat' dir='ltr'>Nazianzenus,</span> <span class='ocrx_word' id='word_1_710' title='bbox 1138 5018 1354 5091; x_wconf 90' lang='lat' dir='ltr'>inquit,</span> <span class='ocrx_word' id='word_1_711' title='bbox 1378 5021 1465 5075; x_wconf 93' lang='lat' dir='ltr'>vir</span> <span class='ocrx_word' id='word_1_712' title='bbox 1486 5022 1652 5078; x_wconf 89' lang='lat' dir='ltr'>valde</span> <span class='ocrx_word' id='word_1_713' title='bbox 1678 5025 1957 5097; x_wconf 89' lang='lat' dir='ltr'>eloquens</span> 
     </span>
    </p>
   </div>
   <div class='ocr_carea' id='block_1_98' title="bbox 299 5103 1957 5178">
    <p class='ocr_par' dir='ltr' id='par_1_98' title="bbox 299 5103 1957 5178">
     <span class='ocr_line' id='line_1_98' title="bbox 299 5103 1957 5178; baseline 0.01 -22"><span class='ocrx_word' id='word_1_714' title='bbox 299 5107 356 5157; x_wconf 92' lang='lat' dir='ltr'>et</span> <span class='ocrx_word' id='word_1_715' title='bbox 387 5103 444 5158; x_wconf 93' lang='lat' dir='ltr'>in</span> <span class='ocrx_word' id='word_1_716' title='bbox 475 5105 790 5176; x_wconf 88' lang='lat' dir='ltr'>Scripturis</span> <span class='ocrx_word' id='word_1_717' title='bbox 821 5106 1083 5178; x_wconf 89' lang='lat' dir='ltr'>apprime</span> <span class='ocrx_word' id='word_1_718' title='bbox 1114 5108 1404 5172; x_wconf 90' lang='lat' dir='ltr'>eruditus,</span> <span class='ocrx_word' id='word_1_719' title='bbox 1432 5125 1566 5166; x_wconf 91' lang='lat' dir='ltr'>cum</span> <span class='ocrx_word' id='word_1_720' title='bbox 1599 5113 1670 5168; x_wconf 89' lang='lat' dir='ltr'>de</span> <span class='ocrx_word' id='word_1_721' title='bbox 1702 5114 1810 5169; x_wconf 89' lang='lat' dir='ltr'>hoc</span> <span class='ocrx_word' id='word_1_722' title='bbox 1842 5132 1957 5172; x_wconf 90' lang='lat' dir='ltr'>me-</span> 
     </span>
    </p>
   </div>
   <div class='ocr_carea' id='block_1_99' title="bbox 300 5194 1954 5274">
    <p class='ocr_par' dir='ltr' id='par_1_99' title="bbox 300 5194 1954 5274">
     <span class='ocr_line' id='line_1_99' title="bbox 300 5194 1954 5274; baseline 0.008 -28"><span class='ocrx_word' id='word_1_723' title='bbox 300 5208 435 5247; x_wconf 90' lang='lat' dir='ltr'>cum</span> <span class='ocrx_word' id='word_1_724' title='bbox 468 5197 751 5250; x_wconf 87' lang='lat' dir='ltr'>tractaret</span> <span class='ocrx_word' id='word_1_725' title='bbox 780 5194 927 5262; x_wconf 91' lang='lat' dir='ltr'>loco,</span> <span class='ocrx_word' id='word_1_726' title='bbox 963 5195 1187 5252; x_wconf 88' lang='lat' dir='ltr'>solebat</span> <span class='ocrx_word' id='word_1_727' title='bbox 1217 5197 1445 5254; x_wconf 89' lang='lat' dir='ltr'>dicere:</span> <span class='ocrx_word' id='word_1_728' title='bbox 1478 5199 1622 5256; x_wconf 88' lang='lat' dir='ltr'>Vide</span> <span class='ocrx_word' id='word_1_729' title='bbox 1667 5208 1954 5274; x_wconf 91' lang='lat' dir='ltr'>quantum</span> 
     </span>
    </p>
   </div>
   <div class='ocr_carea' id='block_1_100' title="bbox 306 5279 1953 5362">
    <p class='ocr_par' dir='ltr' id='par_1_100' title="bbox 306 5279 1953 5362">
     <span class='ocr_line' id='line_1_100' title="bbox 306 5279 1953 5362; baseline 0.009 -28"><span class='ocrx_word' id='word_1_730' title='bbox 306 5279 480 5337; x_wconf 90' lang='lat' dir='ltr'>istius</span> <span class='ocrx_word' id='word_1_731' title='bbox 535 5284 776 5353; x_wconf 88' lang='lat' dir='ltr'>capituli</span> <span class='ocrx_word' id='word_1_732' title='bbox 836 5293 1263 5343; x_wconf 87' lang='lat' dir='ltr'>sacramentum</span> <span class='ocrx_word' id='word_1_733' title='bbox 1321 5287 1418 5357; x_wconf 88' lang='lat' dir='ltr'>sit,</span> <span class='ocrx_word' id='word_1_734' title='bbox 1454 5295 1515 5343; x_wconf 90' lang='lat' dir='ltr'>ul</span> <span class='ocrx_word' id='word_1_735' title='bbox 1552 5291 1864 5362; x_wconf 88' lang='lat' dir='ltr'>Apostolus</span> <span class='ocrx_word' id='word_1_736' title='bbox 1895 5294 1953 5349; x_wconf 92' lang='lat' dir='ltr'>in</span> 
     </span>
    </p>
   </div>
   <div class='ocr_carea' id='block_1_101' title="bbox 375 5476 1139 5550">
    <p class='ocr_par' dir='ltr' id='par_1_101' title="bbox 375 5476 1139 5550">
     <span class='ocr_line' id='line_1_101' title="bbox 375 5476 1139 5550; baseline 0.008 -20"><span class='ocrx_word' id='word_1_737' title='bbox 375 5477 493 5550; x_wconf 65' lang='lat'>(45)</span> <span class='ocrx_word' id='word_1_738' title='bbox 523 5476 688 5550; x_wconf 45' lang='lat' dir='ltr'>iam.</span> <span class='ocrx_word' id='word_1_739' title='bbox 723 5479 817 5546; x_wconf 88' lang='lat' dir='ltr'>IV,</span> <span class='ocrx_word' id='word_1_740' title='bbox 849 5495 982 5550; x_wconf 90' lang='lat' dir='ltr'>pag.</span> <span class='ocrx_word' id='word_1_741' title='bbox 1013 5480 1139 5536; x_wconf 88' lang='lat'>244.</span> 
     </span>
    </p>
   </div>
   <div class='ocr_carea' id='block_1_102' title="bbox 374 5547 1344 5624">
    <p class='ocr_par' dir='ltr' id='par_1_102' title="bbox 374 5547 1344 5624">
     <span class='ocr_line' id='line_1_102' title="bbox 374 5547 1344 5624; baseline 0.01 -27"><span class='ocrx_word' id='word_1_742' title='bbox 515 5547 687 5624; x_wconf 61' lang='lat' dir='ltr'>Iom.</span> <span class='ocrx_word' id='word_1_743' title='bbox 717 5550 817 5624; x_wconf 55' lang='lat' dir='ltr'>IX,</span> <span class='ocrx_word' id='word_1_744' title='bbox 849 5547 999 5620; x_wconf 69' lang='lat' dir='ltr'>part.</span> <span class='ocrx_word' id='word_1_745' title='bbox 1033 5569 1094 5622; x_wconf 82' lang='grc' dir='ltr'>ιι,</span> <span class='ocrx_word' id='word_1_746' title='bbox 1130 5571 1185 5624; x_wconf 92' lang='lat' dir='ltr'>p.</span> <span class='ocrx_word' id='word_1_747' title='bbox 1220 5553 1344 5624; x_wconf 87' lang='grc'>363.</span> 
     </span>
    </p>
   </div>
   <div class='ocr_carea' id='block_1_103' title="bbox 396 5617 1309 5696">
    <p class='ocr_par' dir='ltr' id='par_1_103' title="bbox 396 5617 1309 5696">
     <span class='ocr_line' id='line_1_103' title="bbox 396 5617 1309 5696; baseline 0.008 -27"><span class='ocrx_word' id='word_1_748' title='bbox 515 5617 680 5696; x_wconf 62' lang='grc' dir='ltr'>Ἑοιῐι.</span> <span class='ocrx_word' id='word_1_749' title='bbox 717 5620 811 5696; x_wconf 67' lang='lat' dir='ltr'>Iy,</span> <span class='ocrx_word' id='word_1_750' title='bbox 843 5617 1154 5696; x_wconf 31' lang='lat' dir='ltr'>pa_rt.‘1,&#39;p&#39;.</span> <span class='ocrx_word' id='word_1_751' title='bbox 1183 5623 1309 5678; x_wconf 88' lang='lat'>393.</span> 
     </span>
    </p>
   </div>
   <div class='ocr_carea' id='block_1_104' title="bbox 398 5687 1033 5759">
    <p class='ocr_par' dir='ltr' id='par_1_104' title="bbox 398 5687 1033 5759">
     <span class='ocr_line' id='line_1_104' title="bbox 398 5687 1033 5759; baseline 0.013 -19"><span class='ocrx_word' id='word_1_752' title='bbox 398 5687 491 5755; x_wconf 82' lang='lat'>48)</span> <span class='ocrx_word' id='word_1_753' title='bbox 518 5687 683 5743; x_wconf 92' lang='lat' dir='ltr'>Tom.</span> <span class='ocrx_word' id='word_1_754' title='bbox 717 5689 786 5757; x_wconf 91' lang='lat' dir='ltr'>II,</span> <span class='ocrx_word' id='word_1_755' title='bbox 820 5687 877 5759; x_wconf 63' lang='grc' dir='ltr'>εἱ.</span> <span class='ocrx_word' id='word_1_756' title='bbox 910 5691 1033 5748; x_wconf 85' lang='grc'>500.</span> 
     </span>
    </p>
   </div>
   <div class='ocr_carea' id='block_1_105' title="bbox 2146 4669 3725 4744">
    <p class='ocr_par' dir='ltr' id='par_1_105' title="bbox 2146 4669 3725 4744">
     <span class='ocr_line' id='line_1_105' title="bbox 2146 4669 3725 4744; baseline 0.003 -21"><span class='ocrx_word' id='word_1_757' title='bbox 2146 4670 2257 4723; x_wconf 93' lang='lat' dir='ltr'>Leo</span> <span class='ocrx_word' id='word_1_758' title='bbox 2288 4673 2445 4739; x_wconf 90' lang='lat' dir='ltr'>Papa</span> <span class='ocrx_word' id='word_1_759' title='bbox 2466 4670 2601 4740; x_wconf 89' lang='grc'>(51),</span> <span class='ocrx_word' id='word_1_760' title='bbox 2628 4669 2821 4741; x_wconf 89' lang='lat' dir='ltr'>Magni</span> <span class='ocrx_word' id='word_1_761' title='bbox 2847 4675 3233 4742; x_wconf 90' lang='lat' dir='ltr'>cognomento</span> <span class='ocrx_word' id='word_1_762' title='bbox 3264 4671 3608 4743; x_wconf 89' lang='lat' dir='ltr'>honoratus,</span> <span class='ocrx_word' id='word_1_763' title='bbox 3627 4673 3725 4744; x_wconf 91' lang='lat' dir='ltr'>qui</span> 
     </span>
    </p>
   </div>
   <div class='ocr_carea' id='block_1_106' title="bbox 2069 4759 3722 4834">
    <p class='ocr_par' dir='ltr' id='par_1_106' title="bbox 2069 4759 3722 4834">
     <span class='ocr_line' id='line_1_106' title="bbox 2069 4759 3722 4834; baseline 0.003 -22"><span class='ocrx_word' id='word_1_764' title='bbox 2069 4759 2473 4830; x_wconf 87' lang='lat' dir='ltr'>pontiﬁcatum</span> <span class='ocrx_word' id='word_1_765' title='bbox 2497 4759 2754 4829; x_wconf 88' lang='lat' dir='ltr'>suscepit</span> <span class='ocrx_word' id='word_1_766' title='bbox 2776 4759 2930 4815; x_wconf 90' lang='lat' dir='ltr'>circa</span> <span class='ocrx_word' id='word_1_767' title='bbox 2955 4775 3176 4815; x_wconf 88' lang='lat' dir='ltr'>annum</span> <span class='ocrx_word' id='word_1_768' title='bbox 3202 4759 3432 4816; x_wconf 91' lang='lat' dir='ltr'>Domini</span> <span class='ocrx_word' id='word_1_769' title='bbox 3453 4761 3578 4833; x_wconf 82' lang='lat'>441,</span> <span class='ocrx_word' id='word_1_770' title='bbox 3602 4762 3722 4834; x_wconf 91' lang='lat' dir='ltr'>epi-</span> 
     </span>
    </p>
   </div>
   <div class='ocr_carea' id='block_1_107' title="bbox 2070 4847 3724 4923">
    <p class='ocr_par' dir='ltr' id='par_1_107' title="bbox 2070 4847 3724 4923">
     <span class='ocr_line' id='line_1_107' title="bbox 2070 4847 3724 4923; baseline 0.003 -21"><span class='ocrx_word' id='word_1_771' title='bbox 2070 4850 2222 4902; x_wconf 89' lang='lat' dir='ltr'>stota</span> <span class='ocrx_word' id='word_1_772' title='bbox 2250 4864 2456 4903; x_wconf 82' lang='lat' dir='ltr'>cxxxw</span> <span class='ocrx_word' id='word_1_773' title='bbox 2484 4848 2556 4902; x_wconf 90' lang='lat' dir='ltr'>ad</span> <span class='ocrx_word' id='word_1_774' title='bbox 2589 4847 2838 4902; x_wconf 90' lang='lat' dir='ltr'>Leonem</span> <span class='ocrx_word' id='word_1_775' title='bbox 2870 4849 3199 4921; x_wconf 90' lang='lat' dir='ltr'>Augustum</span> <span class='ocrx_word' id='word_1_776' title='bbox 3225 4853 3430 4905; x_wconf 91' lang='lat' dir='ltr'>contra</span> <span class='ocrx_word' id='word_1_777' title='bbox 3449 4849 3724 4923; x_wconf 88' lang='lat' dir='ltr'>blasphe-</span> 
     </span>
    </p>
   </div>
   <div class='ocr_carea' id='block_1_108' title="bbox 2069 4935 3724 5012">
    <p class='ocr_par' dir='ltr' id='par_1_108' title="bbox 2069 4935 3724 5012">
     <span class='ocr_line' id='line_1_108' title="bbox 2069 4935 3724 5012; baseline 0.003 -21"><span class='ocrx_word' id='word_1_778' title='bbox 2069 4935 2219 4992; x_wconf 90' lang='lat' dir='ltr'>mias</span> <span class='ocrx_word' id='word_1_779' title='bbox 2240 4936 2486 4992; x_wconf 88' lang='lat' dir='ltr'>Nestorii</span> <span class='ocrx_word' id='word_1_780' title='bbox 2511 4939 2570 4992; x_wconf 89' lang='lat' dir='ltr'>et</span> <span class='ocrx_word' id='word_1_781' title='bbox 2592 4938 2947 5010; x_wconf 86' lang='lat' dir='ltr'>Eutychetis,</span> <span class='ocrx_word' id='word_1_782' title='bbox 2973 4939 3155 4993; x_wconf 91' lang='lat' dir='ltr'>sancti</span> <span class='ocrx_word' id='word_1_783' title='bbox 3179 4939 3440 5012; x_wconf 88' lang='lat' dir='ltr'>Gregorii</span> <span class='ocrx_word' id='word_1_784' title='bbox 3463 4941 3724 5012; x_wconf 91' lang='lat' dir='ltr'>episcopi</span> 
     </span>
    </p>
   </div>
   <div class='ocr_carea' id='block_1_109' title="bbox 2067 5025 3723 5102">
    <p class='ocr_par' dir='ltr' id='par_1_109' title="bbox 2067 5025 3723 5102">
     <span class='ocr_line' id='line_1_109' title="bbox 2067 5025 3723 5102; baseline 0.002 -21"><span class='ocrx_word' id='word_1_785' title='bbox 2067 5025 2417 5082; x_wconf 85' lang='lat' dir='ltr'>Nazianzeni</span> <span class='ocrx_word' id='word_1_786' title='bbox 2443 5027 2501 5082; x_wconf 93' lang='lat' dir='ltr'>in</span> <span class='ocrx_word' id='word_1_787' title='bbox 2535 5027 2777 5102; x_wconf 30' lang='lat' dir='ltr'>bc&#39;milia</span> <span class='ocrx_word' id='word_1_788' title='bbox 2808 5033 2891 5084; x_wconf 82' lang='lat' dir='ltr'>De</span> <span class='ocrx_word' id='word_1_789' title='bbox 2920 5029 3242 5100; x_wconf 76' lang='lat' dir='ltr'>Epiphania</span> <span class='ocrx_word' id='word_1_790' title='bbox 3283 5029 3405 5084; x_wconf 71' lang='lat' dir='ltr'>haac</span> <span class='ocrx_word' id='word_1_791' title='bbox 3435 5030 3612 5085; x_wconf 86' lang='lat' dir='ltr'>verba</span> <span class='ocrx_word' id='word_1_792' title='bbox 3642 5031 3723 5086; x_wconf 86' lang='lat' dir='ltr'>ci-</span> 
     </span>
    </p>
   </div>
   <div class='ocr_carea' id='block_1_110' title="bbox 2070 5117 3720 5189">
    <p class='ocr_par' dir='ltr' id='par_1_110' title="bbox 2070 5117 3720 5189">
     <span class='ocr_line' id='line_1_110' title="bbox 2070 5117 3720 5189; baseline 0.002 -19"><span class='ocrx_word' id='word_1_793' title='bbox 2070 5121 2196 5172; x_wconf 89' lang='lat' dir='ltr'>tat:</span> <span class='ocrx_word' id='word_1_794' title='bbox 2233 5138 2260 5166; x_wconf 94' lang='grc'>‹‹</span> <span class='ocrx_word' id='word_1_795' title='bbox 2294 5120 2438 5171; x_wconf 90' lang='lat' dir='ltr'>Cum</span> <span class='ocrx_word' id='word_1_796' title='bbox 2469 5133 2606 5188; x_wconf 91' lang='lat' dir='ltr'>ergo</span> <span class='ocrx_word' id='word_1_797' title='bbox 2637 5117 3020 5188; x_wconf 84' lang='lat' dir='ltr'>processisset</span> <span class='ocrx_word' id='word_1_798' title='bbox 3051 5135 3118 5172; x_wconf 89' lang='lat' dir='ltr'>ex</span> <span class='ocrx_word' id='word_1_799' title='bbox 3165 5117 3401 5189; x_wconf 89' lang='lat' dir='ltr'>Virgine</span> <span class='ocrx_word' id='word_1_800' title='bbox 3452 5118 3629 5189; x_wconf 89' lang='lat' dir='ltr'>Deus,</span> <span class='ocrx_word' id='word_1_801' title='bbox 3661 5119 3720 5175; x_wconf 91' lang='lat' dir='ltr'>in</span> 
     </span>
    </p>
   </div>
   <div class='ocr_carea' id='block_1_111' title="bbox 2067 5206 3723 5276">
    <p class='ocr_par' dir='ltr' id='par_1_111' title="bbox 2067 5206 3723 5276">
     <span class='ocr_line' id='line_1_111' title="bbox 2067 5206 3723 5276; baseline 0.002 -16"><span class='ocrx_word' id='word_1_802' title='bbox 2067 5221 2153 5273; x_wconf 90' lang='lat' dir='ltr'>ea,</span> <span class='ocrx_word' id='word_1_803' title='bbox 2189 5222 2364 5275; x_wconf 89' lang='lat' dir='ltr'>quam</span> <span class='ocrx_word' id='word_1_804' title='bbox 2421 5211 2830 5276; x_wconf 88' lang='lat' dir='ltr'>assumpserat</span> <span class='ocrx_word' id='word_1_805' title='bbox 2887 5206 3149 5261; x_wconf 89' lang='lat' dir='ltr'>humana</span> <span class='ocrx_word' id='word_1_806' title='bbox 3208 5212 3438 5273; x_wconf 90' lang='lat' dir='ltr'>natura,</span> <span class='ocrx_word' id='word_1_807' title='bbox 3473 5224 3658 5263; x_wconf 90' lang='lat' dir='ltr'>unum</span> <span class='ocrx_word' id='word_1_808' title='bbox 3692 5226 3723 5264; x_wconf 94' lang='lat' dir='ltr'>e</span> 
     </span>
    </p>
   </div>
   <div class='ocr_carea' id='block_1_112' title="bbox 2067 5294 3723 5366">
    <p class='ocr_par' dir='ltr' id='par_1_112' title="bbox 2067 5294 3723 5366">
     <span class='ocr_line' id='line_1_112' title="bbox 2067 5294 3723 5366; baseline 0.003 -17"><span class='ocrx_word' id='word_1_809' title='bbox 2067 5294 2298 5350; x_wconf 91' lang='lat' dir='ltr'>duobus</span> <span class='ocrx_word' id='word_1_810' title='bbox 2331 5294 2443 5349; x_wconf 87' lang='lat' dir='ltr'>sibi</span> <span class='ocrx_word' id='word_1_811' title='bbox 2477 5295 2727 5350; x_wconf 90' lang='lat' dir='ltr'>invicem</span> <span class='ocrx_word' id='word_1_812' title='bbox 2760 5295 3070 5351; x_wconf 89' lang='lat' dir='ltr'>contrariis</span> <span class='ocrx_word' id='word_1_813' title='bbox 3119 5297 3428 5366; x_wconf 88' lang='lat' dir='ltr'>exsistens,</span> <span class='ocrx_word' id='word_1_814' title='bbox 3463 5311 3634 5352; x_wconf 91' lang='lat' dir='ltr'>carne</span> <span class='ocrx_word' id='word_1_815' title='bbox 3665 5302 3723 5355; x_wconf 89' lang='lat' dir='ltr'>et</span> 
     </span>
    </p>
   </div>
   <div class='ocr_carea' id='block_1_113' title="bbox 2134 5489 2802 5560">
    <p class='ocr_par' dir='ltr' id='par_1_113' title="bbox 2134 5489 2802 5560">
     <span class='ocr_line' id='line_1_113' title="bbox 2134 5489 2802 5560; baseline 0.003 -17"><span class='ocrx_word' id='word_1_816' title='bbox 2134 5489 2249 5560; x_wconf 80' lang='grc'>(49)</span> <span class='ocrx_word' id='word_1_817' title='bbox 2281 5490 2447 5544; x_wconf 92' lang='lat' dir='ltr'>Tom.</span> <span class='ocrx_word' id='word_1_818' title='bbox 2481 5494 2551 5560; x_wconf 88' lang='lat' dir='ltr'>x,</span> <span class='ocrx_word' id='word_1_819' title='bbox 2588 5506 2644 5560; x_wconf 90' lang='lat' dir='ltr'>p.</span> <span class='ocrx_word' id='word_1_820' title='bbox 2675 5491 2802 5545; x_wconf 68' lang='lat'>504.</span> 
     </span>
    </p>
   </div>
   <div class='ocr_carea' id='block_1_114' title="bbox 2156 5491 2747 5634">
    <p class='ocr_par' dir='ltr' id='par_1_114' title="bbox 2156 5491 2747 5634">
     <span class='ocr_line' id='line_1_114' title="bbox 2161 5491 2746 5560; baseline 0 -17"><span class='ocrx_word' id='word_1_821' title='bbox 2161 5491 2228 5543; x_wconf 79' lang='lat'>49</span> <span class='ocrx_word' id='word_1_822' title='bbox 2281 5491 2447 5544; x_wconf 91' lang='lat' dir='ltr'>Tom.</span> <span class='ocrx_word' id='word_1_823' title='bbox 2481 5494 2551 5560; x_wconf 83' lang='lat' dir='ltr'>X,</span> <span class='ocrx_word' id='word_1_824' title='bbox 2588 5506 2644 5560; x_wconf 92' lang='lat' dir='ltr'>p.</span> <span class='ocrx_word' id='word_1_825' title='bbox 2675 5491 2746 5543; x_wconf 91' lang='grc'>50</span> 
     </span>
     <span class='ocr_line' id='line_1_115' title="bbox 2156 5491 2747 5634; baseline 0 0"><span class='ocrx_word' id='word_1_826' title='bbox 2156 5491 2249 5632; x_wconf 69' lang='lat' dir='ltr'>sol</span> <span class='ocrx_word' id='word_1_827' title='bbox 2276 5561 2441 5634; x_wconf 65' lang='lat' dir='ltr'>Torp-</span> <span class='ocrx_word' id='word_1_828' title='bbox 2471 5561 2539 5632; x_wconf 73' lang='lat' dir='ltr'>II.</span> <span class='ocrx_word' id='word_1_829' title='bbox 2575 5579 2630 5634; x_wconf 59' lang='grc' dir='ltr'>ρ..</span> <span class='ocrx_word' id='word_1_830' title='bbox 2659 5562 2747 5634; x_wconf 79' lang='lat'>33-</span> 
     </span>
    </p>
   </div>
   <div class='ocr_carea' id='block_1_115' title="bbox 2155 5632 3143 5707">
    <p class='ocr_par' dir='ltr' id='par_1_115' title="bbox 2155 5632 3143 5707">
     <span class='ocr_line' id='line_1_116' title="bbox 2155 5632 3143 5707; baseline 0.003 -21"><span class='ocrx_word' id='word_1_831' title='bbox 2155 5633 2246 5703; x_wconf 90' lang='grc'>51)</span> <span class='ocrx_word' id='word_1_832' title='bbox 2281 5632 2339 5688; x_wconf 90' lang='lat' dir='ltr'>S.</span> <span class='ocrx_word' id='word_1_833' title='bbox 2370 5633 2502 5701; x_wconf 87' lang='lat' dir='ltr'>Leo,</span> <span class='ocrx_word' id='word_1_834' title='bbox 2535 5632 2672 5689; x_wconf 83' lang='lat' dir='ltr'>edit.</span> <span class='ocrx_word' id='word_1_835' title='bbox 2701 5632 2893 5690; x_wconf 84' lang='lat' dir='ltr'>in-fol.</span> <span class='ocrx_word' id='word_1_836' title='bbox 2927 5652 2985 5707; x_wconf 91' lang='lat' dir='ltr'>p.</span> <span class='ocrx_word' id='word_1_837' title='bbox 3015 5635 3143 5690; x_wconf 83' lang='lat'>353.</span> 
     </span>
    </p>
   </div>
  </div>
