4100 6400
346 425 466 486 813

1237 403 1619 471 VETERUM
1647 403 1764 489 ,ΕΤ
1804 394 2376 462 REGENTIORUM
2417 390 2925 457 TESTIMONIA.

3662 378 3782 441 314

348 561 584 635 spiritu,
612 555 776 615 aliud
798 553 858 609 in
881 551 1067 608 Deum
1085 544 1429 611 assumitur,
1449 540 1608 599 aliud
1633 537 1863 595 deitatis
1885 553 2011 609 gra-
2040 537 2098 603 Α,
2199 532 2465 590 Gelasius
2497 533 2567 588 de
2598 531 2829 587 duabus
2874 528 2932 583 in
2965 524 3196 635 Christo
3242 522 3469 579 naturis
3500 521 3781 635 adversus

352 626 434 706 tia
465 650 723 723 praestat.
757 644 921 698 Idem
952 638 1145 693 infra:
1172 634 1390 690 Missus
1421 637 1507 687 est
1529 629 1788 700 quidem,
1816 626 1916 723 sed
1950 628 2017 680 ut

355 715 552 795 homo.
586 734 816 806 Duplex
837 729 994 785 enim
1016 731 1139 782 erat
1157 725 1217 778 in
1243 739 1309 778 eo
1340 725 1572 777 natura.
1598 718 1739 772 Inde
1760 715 2016 786 denique

360 831 418 884 et
446 804 735 883 laboravit
764 838 832 877 ex
862 817 1090 877 itinere,
1125 813 1262 868 inde
1300 815 1357 866 et
1384 808 1611 877 esuriit,
1644 809 1700 861 et
1728 804 1928 869 sitivit,
1958 807 2017 858 et

363 916 746 972 contristatus
778 913 888 977 est,
921 909 977 963 et
1008 903 1184 972 flevit,
1216 900 1463 956 humani
1512 895 1773 969 corporis
1804 893 1950 965 lege.
1982 913 2011 943 »

360 1005 507 1060 Citat
530 1006 733 1075 postea
764 996 1046 1054 Basiliam
1080 992 1420 1065 episcopum
1448 986 1880 1075 Cappadocum.

432 1074 775 1149 Vincentius
808 1082 1134 1143 Lirinensis
1175 1082 1291 1135 fere
1323 1079 1395 1134 ad
1428 1078 1602 1131 finem
1635 1074 1791 1138 libri,
1839 1087 2014 1144 quem

369 1184 530 1239 docte
578 1182 855 1236 adversus
900 1174 1176 1247 profanas
1221 1168 1506 1225 novitates
1554 1161 1923 1233 conscripsit,
1954 1161 2015 1215 in

361 1270 652 1344 Ephesina
681 1267 900 1340 synodo
924 1279 1029 1319 suo
1054 1265 1316 1331 tempore
1343 1259 1545 1313 contra
1575 1252 1907 1309 Nestorium
1929 1265 2017 1303 ce-

359 1339 610 1427 lebrata,
642 1356 860 1426 scripta
885 1348 1231 1408 Nazianzeni
1259 1347 1497 1402 recitata
1527 1341 1749 1398 scribit.
1783 1363 1813 1391 «
1845 1339 2022 1394 Adhi'

366 1448 493 1501 bita
526 1448 664 1501 sunt
693 1445 886 1509 etiam,
940 1440 1152 1512 inquit,
1206 1436 1308 1492 illa
1354 1431 1724 1507 Cappadociae
1767 1429 2017 1494 lumina,

373 1538 616 1591 sanctus
638 1531 943 1604 Gregorius
965 1530 1277 1601 episcopus
1295 1529 1353 1580 et
1368 1523 1666 1579 confessor
1688 1521 1757 1575 de
1779 1518 2019 1574 Nazian-

372 1624 447 1678 do
477 1622 563 1678 vel
590 1622 905 1677 Nazianzo:
939 1622 1182 1675 sanctus
1213 1614 1466 1670 Basilius
1497 1613 1769 1667 Casarese
1800 1611 2020 1679 Cappa-

366 1711 545 1767 dociae
576 1712 885 1782 episcopus
915 1712 972 1764 et
997 1707 1313 1762 confessor.
1348 1726 1369 1754 ι

434 1803 568 1866 Quae
602 1805 799 1855 autem
832 1799 893 1853 in
926 1814 994 1853 ea
1024 1796 1243 1868 synodo
1274 1810 1343 1849 ex
1388 1790 1749 1846 Nazianzeno
1780 1785 2022 1842 recitata

362 1891 500 1959 sint,
529 1889 613 1945 sic
643 1888 926 1945 Rusticus
953 1886 1251 1978 diaconus.
1273 1886 1474 1937 contra
1502 1876 2018 1978 acephal‘os'com—
2052 1914 2098 1978 Β
2129 1904 2459 1975 Epiphania
2488 1901 2626 1956 citat
2666 1876 2777 1971 (5:1,)
2803 1915 2814 1952 ε

363 1983 672 2043 memorat,
707 1978 807 2032 ubi
842 1978 913 2030 de
967 1972 1294 2029 differentia
1326 1975 1476 2025 mter
1526 1970 1686 2025 Unus
1716 1970 1773 2020 et
1805 1964 2020 2030 Unum,

358 2069 523 2125 Alius
555 2072 612 2123 et
632 2066 827 2122 Aliud.
854 2088 880 2114 ››
898 2068 1034 2131 Sua,
1052 2061 1244 2133 inquit
1263 2061 1395 2132 (55),
1413 2060 1690 2130 dogmata
1709 2054 2019 2111 confirma-

361 2158 445 2213 vit
474 2155 791 2228 (Ephesina
822 2153 1046 2208 scilicet
1076 2149 1354 2222 synodus)
1387 2148 1541 2202 inter
1585 2143 1739 2201 beati
1773 2143 2022 2201 Nazian-

367 2247 494 2302 zeni
517 2244 779 2317 Gregorii
804 2239 1327 2307 leotiones,dicens
1350 2237 1470 2291 ita:
1505 2235 1668 2290 Alius
1700 2232 1932 2305 quidem
1967 2232 2025 2285 et

361 2335 528 2391 Aliud
561 2350 632 2389 ex
663 2333 877 2405 quibus
898 2331 1202 2386 Salvator:
1236 2326 1530 2397 siquidem
1556 2340 1670 2381 non
1700 2322 1855 2377 idem
1878 2318 2024 2374 invi-

360 2424 535 2480 sibile
555 2422 797 2491 visibili,
829 2424 885 2475 et
912 2419 971 2473 id
1002 2417 1156 2489 quod
1177 2413 1563 2486 intemporale
1586 2412 1667 2467 illi
1692 2410 1847 2483 quod
1881 2409 2018 2464 sub-

360 2509 707 2581 temporale.
748 2531 775 2557 »
807 2509 939 2571 Quae
984 2507 1158 2561 verba
1204 2521 1272 2560 ex
1320 2504 1512 2575 priore
1560 2503 1631 2557 ad
1676 2500 2017 2555 Cledonium

367 2598 618 2672 epistola
635 2600 872 2668 sumpta
892 2600 1049 2665 sunt,
1074 2610 1245 2665 quam
1270 2593 1328 2647 in
1351 2593 1553 2647 eodem
1576 2591 1726 2645 libro
1750 2590 2019 2662 pluribus

364 2688 509 2745 locis
544 2688 723 2755 citat;
759 2690 933 2756 atque
962 2684 1135 2739 etiam
1167 2681 1471 2738 haereticos
1515 2680 1602 2751 (ut
1629 2679 1711 2733 illi
1754 2678 1897 2733 nihil
1929 2679 2016 2732 in-
2080 2706 2083 2711 ν

359 2781 651 2834 tentatum
702 2780 757 2830 et
804 2775 1209 2844 incorruptum
1258 2771 1623 2841 relinquunt)
1674 2772 1730 2823 et
1775 2769 2018 2825 maxime

356 2865 737 2922 Nestorianos
768 2862 1110 2918 Nazianzeni
1144 2859 1466 2916 sententias
1496 2858 1780 2930 quasdam
1814 2858 1885 2913 ad
1923 2858 2014 2913 sui

359 2954 579 3010 erroris
635 2951 1133 3008 confirmationem
1190 2950 1531 3018 detorquere
1580 2952 1859 3003 tentasse.
1920 2946 2015 3002 Sic

357 3044 518 3099 enim
551 3042 631 3097 ibi
659 3041 981 3109 haereticus,
1014 3039 1114 3111 qui
1144 3038 1391 3110 loquens
1412 3038 1733 3105 inducitur,
1769 3036 2006 3107 objicit:

363 3152 392 3187 ι
420 3131 729 3187 Hominem
759 3147 929 3201 quem
961 3127 1278 3202 Apostolus
1321 3126 1478 3182 velut
1515 3126 1573 3179 in
1608 3127 1723 3181 duo
1757 3125 2010 3197 partitus

355 3226 465 3290 est,
499 3224 711 3276 sanctas
744 3218 1032 3275 memoriae
1056 3216 1369 3290 Gregorius
1392 3232 1577 3271 unum
1600 3215 1793 3271 modis
1823 3215 2011 3270 omni-

2126 624 2444 697 Eutychem
2472 626 2528 679 et
2555 620 2913 685 Nestorium,
2963 615 3151 672 multa
3194 617 3452 670 veterum
3485 611 3781 684 theologo-

2126 732 2279 779 rum,
2303 718 2369 768 ut
2394 712 2624 785 Ignatii,
2652 708 2960 773 Eustathii,
2990 704 3302 778 Hippolyti,
3327 701 3650 766 Athanasii,
3676 706 3783 756 Eu-

2126 806 2271 861 sebii
2306 802 2592 876 Pamphili
2638 802 2825 857 citans
2869 797 3225 860 testimonia,
3268 798 3323 850 et
3356 794 3478 849 haec
3519 790 3781 864 Gregorii

2125 894 2468 950 Nazianzeni
2498 893 2557 947 in
2595 890 2781 949 Natali
2813 888 3039 945 Domini
3073 886 3272 955 laudat
3304 884 3454 955 (53):
3490 904 3517 931 ‹‹
3564 880 3786 951 Duplex

2126 987 2250 1040 erat
2279 983 2564 1049 Christus,
2594 981 2769 1035 homo
2812 978 3049 1049 quidem
3090 975 3243 1047 quod
3275 972 3601 1040 videbatur,
3633 974 3783 1024 Deus

2126 1089 2258 1128 vero
2278 1073 2431 1144 quod
2456 1088 2571 1125 non
2592 1070 2918 1136 videbatur,
2938 1065 3251 1121 comedens
3274 1061 3509 1133 quidem
3530 1058 3783 1114 uthomo

2126 1179 2257 1218 vere
2287 1166 2343 1217 et
2375 1160 2546 1216 sicuti
2581 1176 2707 1214 nos.
2732 1156 2948 1212 Habuit
2977 1155 3131 1210 enim
3156 1153 3350 1208 carnis
3371 1148 3627 1205 similem
3648 1164 3783 1219 pas-

2129 1252 2468 1309 sibilitatem
2483 1250 2649 1305 sicuti
2666 1265 2790 1303 nos.
2810 1269 2837 1296 ››
2856 1245 3071 1300 Ibidem
3086 1244 3260 1298 etiam
3277 1258 3344 1297 ex
3355 1242 3619 1312 ejusdem
3636 1239 3791 1313 prio-

2128 1358 2189 1397 re
2212 1343 2281 1398 ad
2310 1339 2651 1395 Cledonium
2672 1336 2917 1409 epistola
2938 1332 3225 1406 permulta
3248 1332 3482 1404 profert,
3504 1331 3784 1401 quemad-

2130 1432 2369 1487 modum
2401 1434 2457 1485 et
2486 1445 2553 1484 ex
2584 1425 2829 1499 epistola
2859 1426 2930 1479 ad
2960 1423 3315 1479 Neotarium.

2200 1549 2455 1603 Joannes
2474 1545 2779 1617 episcopus
2794 1543 3113 1605 Romanus,
3136 1539 3325 1594 tribus
3342 1534 3659 1592 Justiniani
3684 1534 3784 1591 im-

2130 1636 2416 1710 peratoris
2446 1632 2870 1706 quaestionibus
2897 1629 3279 1701 respondens,
3303 1631 3367 1681 ut
3397 1626 3600 1698 probet
3630 1624 3786 1681 Chri-

2130 1732 2287 1784 stum
2319 1742 2496 1780 unam
2529 1739 2657 1778 esse
2686 1739 2755 1776 ex
2776 1718 3039 1792 personis
3071 1716 3399 1781 Trinitatis,
3435 1719 3565 1787 post
3594 1716 3787 1787 Augu-

2132 1816 2353 1872 stinum
2412 1814 2531 1867 haec
2582 1808 2843 1883 Gregorii
2893 1806 3238 1863 Nazianzeni
3286 1823 3354 1860 ex
3400 1820 3670 1861 sermone
3719 1804 3788 1859 de

2864 1920 2891 1947 ‹‹
2946 1903 3121 1951 Deum
3171 1911 3303 1950 cum
3353 1895 3505 1961 dico,
3545 1892 3787 1948 omnino

2135 2011 2251 2049 uno
2275 1992 2497 2046 lumine
2518 1989 2888 2044 illustramur
2910 1984 3087 2041 simul
3106 1989 3164 2039 et
3181 1985 3389 2049 tribus,
3412 1999 3527 2037 uno
3550 1981 3789 2053 quidem

2133 2083 2456 2139 secundum
2481 2079 2949 2148 uniuscujusque
2970 2075 3352 2147 proprietates
3371 2072 3489 2127 sive.
3512 2072 3789 2127 substan-

2130 2172 2264 2239 tias,
2300 2171 2453 2226 sicut
2475 2168 2664 2242 placet
2684 2166 2977 2236 aliquibus
3000 2164 3213 2230 dicere,
3237 2162 3355 2218 sive
3379 2176 3657 2233 personas
3678 2159 3790 2230 (ni-

2132 2260 2214 2317 hil
2244 2260 2398 2315 enim
2432 2276 2535 2330 pro
2566 2255 2980 2312 vocabulorum
3016 2252 3348 2308 diversitate
3379 2249 3788 2305 dissidendum

2132 2354 2239 2418 est,
2274 2366 2407 2404 cum
2440 2348 2509 2403 ad
2544 2346 2812 2403 eumdem
2848 2359 3089 2399 sensum
3144 2341 3450 2398 nominum
3485 2337 3793 2394 diversitas

2131 2442 2401 2512 provocet
2418 2442 2473 2493 et
2495 2433 2879 2503 intellectum)
2898 2450 3080 2487 unum
3103 2432 3296 2487 autem
3316 2429 3639 2485 secundum
3659 2428 3794 2483 sub-

2130 2529 2431 2598 stantiam,
2465 2526 2552 2581 vel
2578 2524 2807 2581 deitatis
2835 2524 3079 2577 ratione.
3114 2520 3403 2573 Dividitur
3431 2534 3588 2589 ergo,
3623 2520 3686 2571 ut
3710 2516 3792 2571 ita

2129 2620 2321 2674 dicam
2354 2614 2807 2681 indivisibiliter,
2843 2610 3218 2682 conjungitur
3248 2606 3637 2675 divisibiliter,
3672 2622 3791 2660 una

2128 2714 2215 2765 est
2245 2708 2302 2763 in
2336 2707 2524 2761 tribus
2557 2705 2761 2760 deitas.
2800 2725 2826 2752 »

2196 2825 2573 2882 Justinianus
2594 2824 2617 2877 Ι
2636 2823 2975 2892 Imperator,
2992 2818 3176 2872 Edict.
3198 2818 3477 2871 adversus
3501 2814 3614 2869 tria
3659 2812 3801 2885 Capi

2123 2916 2268 2977 tula,
2302 2920 2365 2969 ut
2394 2916 2541 2969 duas
2574 2916 2813 2967 naturas
2842 2915 2899 2964 et
2948 2908 3231 2963 unitatem
3266 2922 3523 2979 personae
3557 2908 3787 2959 asserat

2121 3004 2182 3060 in
2213 3003 2465 3074 Christo,
2499 3006 2769 3058 sanctum
2812 2998 3155 3071 Gregorium
3201 2995 3563 3067 Theologum
3598 2993 3780 3050 semel

2122 3098 2181 3149 et
2210 3093 2423 3149 iterum
2458 3091 2744 3147 nominat.
2784 3089 2987 3145 Concit.
3021 3092 3165 3144 tom.
3208 3086 3279 3157 V,
3315 3103 3370 3157 p.
3404 3086 3529 3139 698.

2189 3225 2437 3277 Sanctus
2464 3219 2807 3275 Theodorus
2838 3216 3072 3272 Studita
3094 3213 3365 3286 pluribus
3398 3213 3458 3266 in
3488 3209 3632 3267 locis
3663 3210 3777 3282 (55)

354 3311 466 3368 bus
490 3309 775 3377 nominat:
804 3325 875 3364 ῐιθ
896 3308 1130 3364 ChPiStO
1153 3323 1289 3362 eum
1311 3306 1635 3372 conferens.
1656 3305 1804 3361 duos
1828 3305 2014 3359 Videa—
2039 3275 2081 3343 Ο
2120 3311 2379 3383 Gregorii
2416 3309 2633 3381 profert
2677 3304 3039 3371 testimonia,
3081 3302 3187 3369 vel,
3216 3302 3274 3357 in
3324 3318 3444 3356 suae
3476 3299 3781 3356 sententiae

355 3404 455 3457 tur
481 3398 746 3456 Christos
767 3414 1048 3463 asserere,
1073 3418 1102 3447 »
1134 3399 1242 3452 etc.
1268 3396 1337 3450 Et
1366 3398 1500 3466 post
1524 3410 1536 3449 :
1571 3416 1597 3444 (ί
1622 3394 1776 3450 Dixit
1800 3394 2013 3449 alicubi

365 3488 681 3561 Apostolus
712 3504 723 3545 :
751 3489 895 3557 Quia
914 3495 1116 3558 quanto
1136 3487 1209 3541 iis
1229 3486 1327 3557 qui
1344 3487 1481 3555 foris
1503 3486 1571 3551 ²¹,
1597 3506 1625 3535 ››
1649 3488 1756 3540 etc.
1783 3483 2026 3552 Subjici-

367 3582 467 3633 tur
494 3578 630 3633 inde
658 3576 966 3650 explicatio
987 3575 1249 3631 locorum
1276 3573 1441 3629 Pauli
1472 3578 1529 3628 et
1550 3572 1915 3628 Nazianzeni.
1942 3570 2026 3627 Ibi

370 3669 525 3724 enim
541 3674 746 3724 contra
765 3668 1068 3723 haereticos
1086 3665 1355 3739 pluribus
1373 3664 1699 3736 explicatur
1715 3665 1828 3719 ista
1846 3664 2029 3719 Theo-

368 3758 484 3830 logi
517 3758 811 3813 sententia
836 3783 849 3813 ς
884 3759 977 3812 Sic
1006 3772 1075 3811 ex
1104 3756 1333 3812 duabus
1356 3753 1585 3809 naturis
1612 3752 1899 3817 Christus,
1920 3753 2029 3807 sic-

368 3852 435 3902 ut
463 3864 531 3902 ex
552 3847 754 3902 anima
774 3851 832 3901 et
860 3861 1100 3916 corpore
1121 3845 1315 3900 homo.
1346 3842 1507 3898 lllam
1531 3842 1688 3898 enim
1720 3842 2028 3897 hisreticus

366 3941 435 3991 ut
466 3954 499 3991 a
530 3937 655 3991 suis
690 3935 950 4006 partibus
981 3938 1235 3989 stantem
1261 3932 1319 3987 in
1354 3932 1613 3988 medium
1640 3931 2024 4003 proponebat,

368 4027 522 4082 utet
552 4021 864 4078 nonnullas
895 4022 1063 4091 alias,
1096 4037 1244 4093 quas
1276 4020 1552 4077 Rusticus
1576 4020 1699 4091 ipse
1728 4021 1933 4076 eodem
1966 4019 2029 4075 li-

370 4112 475 4166 bro
506 4110 774 4183 pluribus
803 4110 1068 4181 explicat.

2136 3399 2548 3473 patrocinium.
2578 3397 2669 3453 vel
2701 3400 2765 3450 ut
2810 3396 2984 3450 verba
3016 3391 3205 3448 sancti
3255 3390 3511 3445 doctoris
3541 3406 3574 3443 a
3606 3389 3798 3457 pravis

2135 3491 2541 3546 haereticorum
2570 3483 3149 3556 interpretationibus
3179 3480 3455 3535 vindicet.
3487 3479 3577 3534 Sic
3607 3478 3801 3532 Antir-

2137 3577 2355 3633 rhetico
2386 3593 2426 3631 ιι
2456 3578 2715 3631 adversus
2745 3572 3159 3636 Iconomachos,
3193 3575 3335 3625 tom.
3370 3569 3438 3622 V.
3474 3569 3638 3640 Oper.
3677 3568 3798 3623 Sir-

2137 3668 2358 3728 mondi.
2393 3684 2446 3735 p.
2484 3664 2606 3719 107.
2640 3668 2808 3731 Item,
2842 3661 2984 3716 ibid.
3020 3677 3153 3732 pag.
3192 3662 3314 3725 1‘25,
3351 3659 3472 3723 126,
3504 3657 3627 3712 127.
3656 3659 3796 3711 Item

2139 3757 2483 3825 Refutatione
2529 3754 2825 3825 impiorum
2873 3759 3207 3822 poematum,
3241 3763 3371 3819 pag.
3407 3748 3526 3801 193.
3575 3750 3798 3802 Rursus

2138 3845 2407 3900 Adversus
2437 3843 2833 3909 Iconomachos,
2859 3856 2986 3911 cap.
3008 3856 3063 3893 vr
3086 3842 3142 3894 et
3171 3854 3267 3903 v11,
3302 3852 3433 3908 pag.
3464 3836 3570 3891 213
3590 3841 3648 3890 et
3670 3850 3795 3905 seq.

2139 3935 2349 3989 Iterum
2385 3932 2551 4003 epist.
2589 3932 2686 3985 lib.
2722 3946 2781 3998 ιι,
2828 3930 2998 4000 epist.
3046 3941 3208 3982 xxxv1
3247 3941 3378 3998 pag.
3430 3926 3553 3980 445.
3590 3928 3666 3978 Ac
3697 3923 3797 3981 de-

2139 4039 2303 4079 mum
2334 4021 2502 4094 epist.
2535 4037 2681 4089 CLIV,
2709 4037 2764 4092 p.
2798 4021 2924 4075 623.

1494 4208 1587 4271 De
1617 4209 1892 4289 operibus
1919 4218 1974 4270 et
2007 4211 2241 4293 scriptis
2274 4209 2665 4283 Nazz'anzeni,

434 4324 646 4381 Omnia
702 4342 830 4397 quas
887 4324 1235 4381 Nazianzeni
1297 4324 1535 4381 nomine
1594 4324 2026 4398 inscribuntur,

364 4411 507 4469 citra
538 4413 995 4470 controversiam
1028 4413 1218 4486 ipsius
1262 4418 1402 4469 sunt
1452 4418 1660 4486 praeter
1691 4414 2025 4486 metaphra-

361 4502 453 4557 sin
485 4504 549 4558 in
576 4504 954 4571 Ecclesiasten,
1007 4520 1130 4574 quae
1163 4502 1277 4575 ipsi
1329 4502 1475 4558 falso
1522 4503 1822 4570 tribuitur,
1873 4504 2023 4559 utin

364 4596 713 4663 argumento
743 4609 811 4647 ex
840 4592 1189 4665 Hieronymo
1238 4592 1547 4647 docuimus
1574 4607 1587 4659 ;
1642 4596 1699 4648 et
1729 4593 2023 4665 significa-

361 4680 585 4737 tionem
617 4682 676 4737 in
711 4681 1066 4754 Euchietem,
1116 4699 1241 4753 que
1283 4685 1385 4737 aut
1426 4681 1585 4738 illius
1617 4699 1733 4738 non
1788 4688 1895 4751 est,
1928 4687 2029 4739 aut

360 4776 517 4827 certe
550 4774 622 4828 ab
654 4789 719 4829 eo
750 4790 865 4829 non
894 4773 1071 4829 edita.

433 4861 575 4917 Duas
625 4866 857 4919 exstant
909 4862 1201 4919 orationes
1256 4861 1417 4918 illius
1467 4880 1501 4918 a
1556 4863 1766 4919 Ruﬁno
1814 4862 2027 4921 Latina

364 4950 549 5017 factae,
584 4968 712 5022 quae
742 4969 856 5007 non
890 4956 1029 5007 sunt
1067 4952 1125 5007 in
1176 4956 1369 5007 Graeco
1419 4953 1754 5025 exemplari.
1792 4954 2021 5026 (Perpe-

367 5054 493 5094 ram
526 5039 801 5113 Gregorio
833 5042 1127 5096 orationes
1174 5042 1319 5097 istas
1350 5041 1559 5097 tribuit
1609 5042 1837 5108 Billius,
1870 5046 1936 5097 ut
1966 5044 2026 5098 in

368 5128 684 5201 praloquio
720 5130 1103 5202 notavimus.)

436 5220 517 5274 Ex
547 5220 717 5274 docta
748 5219 907 5276 illius
938 5220 995 5275 in
1028 5222 1252 5275 dictum
1285 5221 1576 5293 Evangelii
1604 5222 1846 5278 homilia
1875 5224 2029 5279 vide-

366 5308 464 5363 tur
485 5308 704 5365 multas
728 5308 873 5365 alias
895 5311 1023 5381 ejus
1042 5309 1274 5381 generis
1296 5312 1700 5382 composuisse
1724 5327 1736 5366 :
1764 5316 1828 5367 ut
1849 5329 2023 5383 quem

360 5400 587 5452 certum
619 5399 697 5454 sit
725 5402 782 5454 et
810 5398 1083 5454 Nazianzi
1113 5403 1172 5455 et
1231 5397 1736 5472 Constantinopoli
1784 5406 1842 5457 et
1887 5402 2025 5459 alibi

431 5523 477 5559 η
507 5528 533 5578 1
561 5523 691 5581 Cor.
724 5541 781 5596 ν,
814 5525 901 5582 13.

453 5665 547 5813 52)
579 5666 722 5724 Bibl.
755 5668 907 5725 Patr.
941 5674 1083 5725 tom.
1115 5668 1207 5726 IV.

455 5738 526 5796 53
578 5738 664 5796 Id.
698 5738 844 5797 ibid.

455 5738 547 5797 53)
578 5738 664 5796 Id.
698 5738 844 5797 ibid.

2137 4329 2355 4401 saepius
2385 4345 2415 4383 e
2462 4331 2744 4401 suggestu
2796 4328 2867 4382 ad
2918 4328 3201 4399 populum
3251 4327 3683 4384 coneionatum.
3717 4332 3799 4381 Ac

2139 4418 2385 4472 fortasse
2416 4416 2473 4471 in
2508 4434 2705 4473 sacros
2734 4416 2915 4473 libros
2944 4416 3399 4473 commentarios
3428 4417 3627 4483 edidit,
3662 4415 3800 4487 Epi-

2138 4506 2468 4578 stolamque
2512 4505 2674 4561 Pauli
2726 4507 2796 4561 ad
2844 4506 3249 4578 Philippenses
3297 4507 3523 4562 videtur
3566 4506 3799 4577 scriptis

2139 4596 2264 4651 suis
2296 4594 2644 4651 illustrasse.
2680 4596 2743 4650 In
2776 4594 2888 4650 ﬁne
2918 4597 3072 4650 enim
3121 4595 3532 4651 Anathematis
3568 4612 3796 4649 morum

2138 4684 2333 4758 Cyriili
2366 4683 2448 4740 sic
2496 4684 2730 4756 legitur.
2765 4684 2830 4740 D.
2881 4683 3141 4757 Gregorii
3191 4684 3447 4757 episcopi
3492 4685 3549 4739 in
3582 4686 3797 4755 Episto-

2138 4775 2251 4829 lam
2292 4775 2367 4829 ad
2416 4775 2811 4846 Philippenses.
2867 4779 3055 4846 Atque
3104 4773 3212 4829 hoc
3264 4774 3654 4845 fragmentum
3703 4772 3797 4828 hic

2138 4865 2489 4921 ascribitur:
2526 4867 2631 4920 Hoc
2658 4867 2933 4937 sapialur,
2980 4864 3189 4937 inquit,
3241 4864 3385 4935 quod
3413 4868 3463 4919 et
3496 4864 3556 4920 in
3585 4864 3799 4920 Christo

2136 4955 2281 5026 Iesu,
2314 4957 2410 5027 qui
2436 4973 2557 5011 cum
2590 4957 2645 5009 in
2678 4958 2863 5026 [arma
2918 4957 3019 5011 Dei
3056 4958 3207 5023 esset,
3253 4972 3364 5009 non
3413 4956 3671 5027 rapinam
3700 4971 3799 5007 ar-

2139 5043 2378 5099 bitratus
2408 5049 2487 5100 est
2518 5061 2629 5100 esse
2677 5045 2957 5116 wquazlem
3002 5047 3143 5100 Deo:
3192 5043 3283 5100 sed
3328 5046 3680 5116 semetipsum
3711 5061 3801 5099 ex-

2136 5136 2399 5205 inanivit,
2430 5135 2668 5206 formam
2697 5136 2840 5193 servi
2881 5137 3187 5205 suscipiens
3210 5135 3276 5189 ⁸2.
3327 5154 3349 5181 ιι
3403 5135 3548 5200 Quid
3583 5151 3798 5205 paupe-

2138 5224 2260 5280 rius
2292 5224 2351 5279 in
2391 5226 2524 5298 Deo,
2557 5242 2732 5298 quam
2778 5227 2965 5281 forma
2994 5224 3192 5281 servi?
3241 5224 3388 5292 Quid
3422 5224 3707 5281 humilius
3740 5223 3798 5279 in

2137 5314 2292 5386 Rege
2322 5318 2689 5383 cunctorum,
2716 5331 2893 5386 quam
2921 5317 2992 5370 ad
3022 5314 3498 5371 communionem
3524 5314 3799 5386 pauperis

2136 5406 2348 5461 nostras
2381 5408 2601 5460 naturae
2633 5407 2840 5476 sponte
2860 5404 3057 5461 venire
3077 5404 3105 5459 7
3127 5404 3246 5460 Rex
3275 5420 3479 5477 regum
3514 5408 3570 5458 et
3599 5401 3796 5457 Domi-

2205 5528 2253 5565 ²²
2282 5528 2530 5599 Philipp.
2566 5544 2628 5597 ιι,
2657 5529 2786 5584 5-7.

2202 5671 2316 5746 (54)
2346 5670 2532 5800 Epist.
2628 5669 2700 5726 ad
2729 5668 2877 5741 Sam,
2911 5675 2953 5730 t.
2986 5670 3057 5730 IV
3088 5670 3275 5745 Cone,
3309 5690 3365 5746 p.
3400 5671 3556 5729 1751.

2202 5742 2316 5800 (55)
2346 5743 2390 5799 E
2434 5745 2498 5800 1t.
2529 5744 2707 5800 Slrm.

2201 5742 2316 5817 (55)
2346 5742 2498 5801 Edit.
2529 5743 2707 5803 Sirm.
