4100 6414
259 385 376 448 315

1386 394 1653 456 JACOBI
1699 394 1930 455 BILLII
1976 393 2567 457 ΡΒΛΞΡΑΤΙΟΝΕΒ.

3565 399 3694 460 316

258 536 372 575 nus
404 518 837 576 dominantium
868 521 1133 580 induitur
1153 524 1341 580 forma
1371 526 1557 582 servi:
1584 527 1912 598 judexom-
1940 528 1997 594 Α
2027 525 2212 599 possit
2265 525 2663 583 Nazianzenus
2702 530 2935 596 noster,
2970 527 3207 599 quando
3259 527 3457 585 statim
3534 529 3691 587 aliud

258 608 425 663 nium
458 609 521 664 ﬁt
553 610 827 667 subditus
858 615 1244 685 potestatibus
1283 620 1558 671 creaturae
1586 634 1597 671 :
1632 616 1917 671 Dominus

260 698 317 752 in
351 697 631 770 spelunca
661 700 1007 771 deponitur;
1041 704 1139 775 qui
1184 705 1382 760 omnia
1423 705 1699 776 continet,
1739 705 1798 760 in
1831 706 1917 760 di-

256 786 513 842 versorio
546 805 657 842 non
690 788 913 844 invenit
963 790 1174 859 locum,
1209 794 1303 848 sed
1356 794 1414 848 in
1446 810 1702 866 praesepe
1736 794 1917 866 proji-

260 874 834 947 citurjumcntorum
860 896 872 947 ;
897 881 1155 936 mundus
1188 886 1244 937 et
1267 881 1682 938 immaculatus
1716 884 1918 938 sordes

260 964 511 1036 suscipit
533 964 803 1020 humanas
827 972 1069 1036 naturae,
1093 974 1146 1025 et
1173 987 1275 1042 per
1294 970 1493 1026 omnia
1512 976 1916 1044 paupertatem

260 1056 523 1107 nostram
554 1056 868 1121 transiens,
922 1074 1101 1128 usque
1133 1060 1202 1114 ad
1256 1060 1459 1115 mortis
1508 1062 1666 1116 venit
1695 1060 1916 1132 experi-

261 1146 548 1197 mentum.
583 1143 952 1201 Considerate
1002 1148 1359 1219 paupertatis
1391 1154 1726 1220 spontaneaa
1757 1167 1917 1205 men-

262 1246 462 1285 suram
489 1248 501 1285 :
528 1231 642 1286 vita
665 1239 910 1289 mortem
934 1240 1162 1307 gustat:
1188 1236 1374 1292 Judex
1404 1238 1709 1293 deducitur
1732 1239 1801 1294 ad
1818 1241 1916 1310 ju-

261 1317 478 1374 dicium
510 1344 524 1387 ;
557 1320 685 1375 vitae
730 1323 993 1378 omnium
1035 1325 1407 1381 existentium
1456 1327 1742 1382 Dominus
1773 1328 1918 1383 sub-

261 1407 421 1463 ditur
448 1410 752 1465 sententia:
778 1412 1099 1480 judicantis
1127 1432 1139 1482 ;
1173 1432 1271 1469 rex
1315 1416 1579 1471 omnium
1609 1416 1915 1485 virtutum,

262 1511 389 1567 quas
423 1496 578 1553 ultra
610 1501 898 1555 mundum
923 1507 1082 1569 sunt,
1106 1503 1533 1575 spiculatorum
1559 1522 1672 1561 non
1698 1506 1920 1577 respuit

263 1600 497 1642 manus.
535 1609 555 1635 ι
592 1586 722 1643 Haec
752 1587 831 1644 ibi
864 1606 932 1645 ex
961 1590 1237 1663 Gregorio
1277 1593 1569 1665 episcopo;
1604 1595 1701 1666 qui
1736 1594 1917 1651 videri

2026 616 2340 686 subjicitur
2386 634 2454 671 ex
2504 616 2720 671 Basilio
2772 620 2999 688 Magno,
3048 617 3118 671 de
3168 617 3359 673 fructu
3400 619 3691 690 passionis

2026 705 2243 761 Christi
2275 706 2700 761 testimonium.
2735 706 3035 779 Nyssenus
3079 711 3279 761 autem
3309 712 3367 763 et
3397 709 3691 765 Neocaesa-

2027 794 2260 859 riensis,
2280 796 2432 865 quod
2455 795 2661 859 sciam,
2687 794 2833 849 nihil
2853 795 2910 849 in
2934 794 3086 849 hanc
3104 795 3353 868 Paupuli
3372 797 3692 869 Epistolam

2027 883 2409 954 scripserunt.

2100 972 2363 1043 Baptista
2392 972 2688 1027 Guarinus
2736 972 2975 1028 Guarini
3025 973 3132 1028 viri
3172 973 3500 1029 doctissimi
3538 974 3696 1031 {ilius

2027 1062 2089 1116 in
2123 1061 2387 1116 Latinum
2421 1060 2665 1116 vertisse
2700 1061 2915 1116 dicitur
2945 1061 3202 1134 Gregorii
3243 1062 3587 1119 Nazianzeni
3622 1065 3691 1119 ad

2028 1149 2326 1207 Christum
2358 1154 2413 1204 et
2446 1150 2687 1205 Mariam
2724 1150 3017 1206 orationes
3047 1151 3107 1204 in
3139 1150 3492 1222 appendice:
3530 1152 3693 1208 Cata-

2029 1240 2140 1310 logi
2163 1240 2495 1309 scriptorum
2524 1239 3022 1294 ecclesiasticorum
3051 1238 3357 1294 Tritbemii
3389 1245 3445 1295 et
3475 1240 3693 1296 Biblio-

2029 1328 2199 1383 theca
2230 1326 2627 1399 Lycosthenis,
2648 1332 2712 1382 ut
2734 1331 2790 1383 et
2819 1328 3029 1383 beatus
3052 1327 3368 1403 Rhenanus
3400 1329 3546 1384 duas
3576 1330 3693 1401 epi-

2028 1416 2209 1472 stolas
2239 1417 2503 1487 ejusdem
2537 1416 2606 1470 ad
2636 1416 3050 1472 Themistium.
3085 1418 3157 1471 At
3188 1415 3297 1471 illa
3328 1432 3515 1487 neque
3539 1417 3687 1472 Gra-

2028 1523 2092 1562 ce
2122 1521 2311 1576 neque
2342 1504 2545 1561 Latine
2565 1504 2624 1560 in
2657 1522 2872 1560 manus
2904 1523 3066 1562 meas
3096 1505 3284 1561 adhuc
3319 1505 3575 1561 incidere
3598 1522 3696 1578 po-

2027 1598 2288 1650 tuerunt.

337 1830 462 1886 H.230
490 1838 614 1885 sunt
643 1847 767 1901 qua
813 1833 1016 1889 Bittius
1063 1835 1281 1903 collegit
1328 1839 1382 1890 et
1406 1837 1707 1892 adornavit
1754 1839 1812 1891 in
1863 1836 2091 1892 laudem
2134 1844 2188 1892 et
2228 1835 2667 1892 itlustrationem
2717 1837 2918 1892 eximii
2963 1837 3231 1891 Doctoris.
3266 1841 3455 1891 Pauca
3486 1836 3693 1907 adjeci'

262 1934 408 1972 mus.
452 1919 617 1975 Bittio
647 1924 733 1975 vel
763 1923 970 1990 ignota,
1000 1924 1084 1979 vel
1114 1924 1358 1979 nondum
1388 1928 1447 1979 in
1480 1926 1653 1980 lucem
1697 1926 1859 1981 edita.
1890 1931 2021 1984 .Iam
2054 1928 2295 1996 superest
2337 1934 2395 1980 ut
2423 1926 2604 1993 Billii,
2656 1925 3039 1994 Leuvenktaii,
3076 1924 3427 1989 Genebrardi,
3461 1927 3510 1979 et
3539 1925 3691 1979 alio-

262 2023 389 2062 rum
416 2010 513 2080 qui
544 2009 789 2080 Gregorii
810 2013 1069 2082 operibus
1098 2031 1326 2068 manum
1376 2014 1751 2070 adhibuerunt
1791 2016 2163 2085 pra/titiones
2208 2015 2295 2069 hic
2322 2015 2701 2086 subjiciamus.
2762 2013 2930 2069 Billii
2962 2016 3248 2085 epistolam
3281 2014 3471 2070 Carolo
3503 2015 3698 2069 Letho-

262 2098 421 2168 ringo
450 2098 728 2153 cardinati
750 2105 1142 2173 nuncupatam,
1171 2105 1457 2175 priorique
1484 2106 1718 2160 editioni
1756 2105 2067 2176 praeﬁxum,
2099 2106 2286 2174 forsan
2334 2104 2620 2159 detrahere
2651 2105 2910 2159 licuisset.
2946 2104 3010 2157 At
3039 2104 3189 2158 tanti
3216 2104 3327 2159 viri
3355 2105 3692 2171 reverentia,

264 2186 517 2241 libellum
538 2189 594 2240 in
626 2205 729 2259 quo
752 2190 1095 2247 calamitosas
1122 2197 1462 2264 tempestates
1491 2196 1581 2248 sui
1607 2196 1718 2251 aevi
1747 2201 1860 2248 tam
1888 2195 2165 2264 eleganter
2194 2193 2475 2263 describit,
2511 2202 2624 2248 tam
2653 2209 2844 2247 amare
2883 2193 3273 2261 tuget,caeteris
3308 2192 3427 2257 eius
3484 2185 3696 2261 ingenii

262 2279 632 2332 monumentis
661 2282 980 2336 connectere
1007 2280 1365 2351 decrevimus,
1392 2284 1641 2339 maxime
1670 2287 1730 2338 ut
1758 2299 1826 2339 ne
1852 2283 2156 2338 minimum
2200 2281 2331 2354 quid
2360 2283 2445 2337 vel
2475 2298 2543 2337 ea:
2589 2283 2832 2353 antiquis
2871 2280 3205 2336 editionibus
3242 2279 3551 2335 desiderare
3582 2280 3688 2335 lec-

263 2373 433 2420 torem
459 2368 727 2423 sinamus.

869 2558 1370 2599 REVERENDISSIMO
1410 2561 1468 2599 ΙΝ
1509 2560 1749 2599 CHRISTO
1790 2559 1959 2599 PATRI
1998 2558 2067 2599 AC
2107 2558 2329 2598 DOMINO
2370 2558 2427 2597 D.
2466 2557 2685 2596 CAROLO
2725 2557 3085 2597 LOTHARINGO

1364 2649 1693 2701 CAEDINALI,
1732 2648 1800 2687 AC
1838 2638 2092 2707 PRlNCﬂIPI
2133 2647 2591 2695 ILLUSTRISSIMO,

1110 2737 1359 2776 JACOBUS
1400 2737 1625 2776 BILLIUS
1663 2738 1843 2776 ABBAS
1882 2737 1932 2776 Β.
1975 2737 2282 2775 MICHAELIS
2324 2737 2383 2774 IN
2422 2736 2638 2788 EREMO,
2681 2735 2731 2775 S.
2774 2735 2828 2774 ο.

322 2854 485 2919 Quod
537 2857 619 2911 ait
664 2857 763 2912 ille
812 2860 995 2915 totius
1044 2860 1426 2933 philosophia:
1486 2863 1731 2916 antistes
1780 2860 1912 2915 Pla-
1942 2865 1990 2929 B
2018 2878 2153 2932 pace
2210 2860 2523 2916 amaritudo
2562 2876 2684 2916 mea
2734 2861 3092 2915 amarissima
3122 2859 3186 2915 π.
3220 2858 3284 2913 In
3328 2862 3497 2912 tanta
3526 2861 3690 2913 tran-

251 2948 307 2997 ιο
339 2942 473 3013 (56),
508 2961 752 3001 summa:
775 2952 949 3019 atque
970 2949 1261 3004 effrenatae
1283 2950 1569 3005 libertatis
1591 2954 1911 3005 extremam

254 3029 603 3104 plerumque
634 3035 972 3091 servitutem
1023 3037 1306 3093 asseclam
1349 3054 1497 3104 esse,
1548 3040 1701 3110 quod
1736 3039 1912 3093 etiam

252 3118 632 3191 Hippocrates
661 3124 796 3195 (57),
841 3141 1148 3197 corporum
1199 3126 1574 3183 habitudines
1617 3128 1688 3183 ad
1720 3132 1913 3182 extre-

253 3224 418 3264 mum
444 3208 726 3267 bonitatis
755 3215 1090 3285 perductas,
1124 3214 1480 3287 periculosas
1511 3232 1639 3272 esse
1666 3233 1678 3271 :
1713 3216 1822 3271 hoc
1853 3216 1913 3270 in

249 3297 582 3355 Christiana
612 3308 813 3358 nostra
844 3302 1140 3374 republica
1179 3321 1293 3359 non
1342 3304 1469 3360 sine
1504 3305 1759 3361 maximo
1791 3304 1913 3377 pio-

249 3402 382 3441 rum
414 3388 681 3445 omnium
715 3390 1050 3451 dolorehac
1084 3392 1301 3448 misera
1350 3396 1700 3465 tempestate
1732 3411 1914 3448 unus-

252 3475 507 3547 quisque
539 3482 803 3535 nostrum
838 3481 1148 3552 experitur.
1183 3481 1328 3537 Nam
1370 3482 1419 3537 si
1451 3482 1587 3553 quis
1626 3481 1913 3537 ﬂorentis-

253 3564 472 3619 simum
506 3564 671 3621 illum
704 3572 944 3635 statum,
980 3586 1093 3640 quo
1125 3574 1364 3624 Patrum
1397 3570 1682 3626 memoria
1716 3569 1917 3643 religio

254 3658 399 3719 erat,
435 3671 568 3710 cum
616 3673 682 3712 eo
732 3674 906 3729 quem
956 3658 1049 3713 his
1100 3658 1515 3730 perditissimis
1553 3661 1917 3731 temporibus

252 3742 547 3813 videmus,
578 3747 993 3817 composuerit,
1029 3746 1280 3819 perfecto
1310 3758 1583 3819 quantum
1611 3750 1787 3804 distat
1818 3748 1915 3803 0r-

254 3842 341 3889 tus
365 3834 433 3888 ab
466 3835 752 3892 Occidente
774 3837 839 3903 9’,
888 3841 1118 3892 tantum
1151 3837 1303 3893 inter
1351 3842 1667 3909 utrumque
1698 3843 1917 3893 statum

250 3922 534 3979 interesse
564 3925 902 3996 comperiet.
936 3926 1052 3981 Nec
1080 3943 1212 3987 vero
1252 3927 1309 3981 in
1344 3944 1404 3982 re
1433 3928 1577 3982 adeo
1612 3927 1922 3982 manifesta

249 4009 425 4082 longa
454 4014 712 4069 oratione
744 4032 890 4085 opus
930 4032 1059 4070 esse
1101 4021 1261 4085 puto.
1318 4016 1467 4071 Illud
1504 4016 1695 4087 potius
1722 4015 1919 4071 dolen'

256 4101 401 4155 dum
451 4105 626 4172 atque
674 4102 1201 4174 ingemiscendum,
1256 4122 1361 4159 nos
1409 4109 1529 4159 tam
1581 4104 1919 4176 praeclaram

258 4188 663 4245 hereditatem
696 4209 727 4245 a
760 4192 1085 4262 majoribus
1116 4197 1414 4263 acceptam
1446 4198 1645 4248 tenere
1675 4210 1789 4247 non
1824 4209 1921 4263 po-

261 4277 471 4333 tuisse.
505 4279 613 4334 Sed
644 4278 867 4334 scilicet
914 4296 1110 4335 verum
1162 4285 1251 4336 est
1298 4282 1451 4352 quod
1485 4281 1597 4336 dici
1628 4281 1796 4347 solet,
1829 4298 1925 4335 sa-

263 4367 525 4422 tietatem
560 4367 924 4423 contumeliae
947 4373 1122 4441 atque
1148 4369 1471 4425 insolentiae
1496 4374 1744 4424 matrem
1776 4386 1924 4425 esse.

337 4456 452 4512 Noe
487 4473 901 4529 prosperarum
951 4475 1143 4513 rerum
1198 4457 1358 4514 velut
1405 4462 1636 4514 nectare
1673 4459 1927 4530 quodam

261 4546 478 4611 obruti,
500 4546 653 4601 bona
684 4550 887 4601 nostra
917 4546 1381 4619 ingnoravimus,
1402 4564 1507 4603 nec
1541 4544 1702 4621 μέγαν
1736 4540 1925 4617 ὄλϐον,

259 4641 326 4692 ut
373 4636 445 4691 de
502 4635 749 4691 Tantalo
809 4638 890 4691 ait
946 4637 1235 4693 Pindarus
1295 4638 1408 4709 (58)
1466 4636 1767 4709 καταπέψαι
1817 4625 1927 4708 (59)

259 4726 561 4799 potuimus
589 4742 602 4780 :
629 4725 901 4797 idemque
925 4725 1094 4782 nobis
1120 4726 1331 4782 accidit
1358 4727 1513 4797 quod
1544 4727 1765 4781 Judaeis
1787 4726 1926 4781 olim

262 4832 415 4888 saepe
438 4833 547 4871 usu
572 4815 801 4871 venisse
818 4814 1092 4886 legimus,
1117 4816 1215 4887 qui
1236 4816 1594 4886 simulatque
1612 4817 1924 4882 incrassati,

260 4905 619 4975 impinguati,
695 4905 920 4960 dilatati
996 4910 1156 4975 sunt,
1235 4904 1502 4977 protinus
1580 4904 1925 4961 recalcitra-

260 4999 395 5048 runt
416 4995 485 5065 2‘,
512 5000 576 5049 ut
619 4995 775 5065 quod
823 4993 1047 5066 Appius
1096 4993 1193 5048 ille
1242 4994 1313 5049 de
1346 4995 1626 5049 Romanis
1675 4995 1924 5062 dicebat,

260 5083 560 5153 negotium
593 5082 711 5138 illis
740 5083 972 5150 melius,
998 5099 1175 5155 quam
1200 5083 1387 5138 otium
1414 5083 1699 5138 committi
1732 5100 1922 5155 posse,

259 5179 320 5233 in
353 5188 459 5226 nos
492 5188 607 5225 non
646 5170 940 5227 immerito
990 5172 1249 5243 torqueri
1300 5173 1508 5243 possit,
1554 5172 1926 5243 Ecclesiaque

258 5257 354 5314 his
383 5259 640 5316 Ezechiae
690 5261 880 5317 verbis
927 5261 1233 5316 commode
1286 5261 1367 5315 uti
1418 5265 1637 5333 queat:
1690 5262 1823 5316 Ecce
1864 5262 1925 5315 in

2024 2950 2291 3021 quilitate
2322 2966 2569 3006 somnus
2601 2949 2673 3004 iis
2718 2949 2998 3020 obrepsit,
3034 2948 3134 3019 qui
3175 2948 3245 3003 ad
3282 2946 3551 3003 Ecclesiae
3585 2963 3693 3018 gu-

2025 3038 2341 3095 bernacula
2370 3038 2672 3094 sedebant.
2708 3038 2833 3093 Non
2864 3037 3195 3093 litterarum
3226 3052 3532 3091 sacrarum
3564 3040 3697 3091 stu-

2025 3129 2138 3183 diis
2170 3128 2527 3199 incumbere,
2564 3144 2679 3182 non
2714 3127 2944 3199 plebem
2979 3126 3091 3183 sibi
3121 3125 3503 3181 commissam
3538 3124 3698 3180 salu-

2022 3217 2194 3273 tifera
2240 3216 2507 3272 doctrina
2563 3232 2819 3287 pascere,
2880 3232 2997 3270 non
3054 3213 3184 3270 vitae
3242 3212 3577 3286 integritate
3627 3229 3693 3269 ac

2026 3306 2415 3361 sanctimonia
2462 3305 2684 3360 cieteris
2733 3302 3081 3376 praelucere;
3130 3303 3232 3358 sed
3281 3301 3371 3358 vel
3417 3301 3688 3371 dormire,

2023 3394 2113 3450 vel
2135 3394 2246 3450 sibi
2268 3394 2412 3465 ipsis
2439 3397 2673 3449 tantum
2696 3392 2956 3465 vigilare,
2981 3399 3038 3447 et
3060 3392 3299 3464 quidem
3332 3391 3414 3446 ita
3427 3389 3687 3462 vigilare,

2027 3488 2093 3537 ut
2118 3482 2303 3539 altum
2334 3482 2587 3538 dormire
2619 3481 2973 3553 praestiterit.
3021 3481 3222 3546 Qualis
3272 3495 3441 3551 porro
3473 3478 3691 3551 guber-

2028 3575 2215 3640 nator,
2248 3570 2394 3626 tales
2444 3575 2707 3642 proretaa,
2754 3570 2901 3625 tales
2950 3573 3163 3633 nautae,
3215 3567 3362 3624 tales
3395 3572 3686 3635 vectores;

2029 3666 2107 3731 et,
2142 3666 2206 3716 ut
2237 3661 2319 3715 ait
2374 3660 2696 3730 Scriptura,
2730 3660 2909 3729 qualis
2955 3658 3225 3724 sacerdos,
3260 3659 3389 3713 talis
3436 3662 3489 3712 et
3513 3672 3695 3729 popu—

2031 3751 2119 3805 lus
2137 3751 2202 3816 εδ,
2238 3749 2401 3803 malae
2433 3749 2715 3803 sementis
2762 3747 2915 3802 mala
2964 3763 3153 3818 seges,
3186 3746 3477 3801 malorum
3514 3744 3701 3817 magi-

2033 3844 2287 3895 strorum
2320 3837 2458 3893 mali
2491 3835 2787 3908 discipuli,
2824 3836 2963 3890 mali
2992 3834 3243 3906 exempli
3278 3834 3433 3889 mala
3464 3851 3703 3906 expres~

2033 3928 2139 3984 sio.
2173 3928 2389 3983 Omnes
2420 3924 2866 3991 declinavimus,
2890 3929 2946 3980 et
2966 3924 3206 3979 inutiles
3237 3924 3372 3978 facti
3410 3939 3619 3978 sumus
3640 3924 3704 3977 ⁷⁷.

2033 4022 2303 4073 Pastores
2331 4013 2543 4070 inertia
2572 4014 2959 4087 languerunt:
2997 4011 3252 4085 populus
3284 4010 3492 4084 quales
3524 4028 3712 4068 mere-

2035 4107 2229 4176 batur,
2265 4104 2411 4160 tales
2443 4109 2710 4175 paetores
2742 4102 2977 4158 habuit.

2114 4192 2352 4248 Interim
2399 4190 2726 4263 versipellis
2780 4194 2977 4246 noster
3027 4188 3325 4257 inimicus,
3377 4210 3406 4237 «
3438 4188 3577 4259 (59‘)
3607 4188 3709 4259 qui

2039 4281 2331 4337 inferioris
2376 4281 2555 4351 hujus
2603 4280 2809 4335 mundi
2867 4279 3123 4335 scabiem
3174 4295 3239 4332 ac
3296 4276 3706 4348 languentium

2040 4370 2237 4425 ulcera
2266 4369 2475 4442 scalpit
2505 4374 2679 4440 atque
2726 4367 2993 4440 ablingit,
3036 4367 3135 4438 qui
3184 4366 3283 4421 ubi
3315 4364 3455 4436 quid
3487 4364 3609 4418 vitii
3650 4368 3707 4419 et

2040 4458 2386 4530 corruptelae
2415 4462 2521 4527 est,
2571 4457 2952 4512 cadaveribus
3000 4457 3223 4511 assidet
3254 4454 3708 4526 putredinesque

2040 4552 2379 4613 contrectat,
2416 4569 2442 4598 ››
2484 4545 2820 4618 pastoribus
2869 4545 2927 4599 in
2980 4543 3173 4600 officio
3223 4544 3613 4610 cessantibus,
3646 4543 3705 4597 in

2039 4654 2244 4709 agrum
2276 4636 2509 4692 Domini
2540 4635 2741 4690 furtim
2777 4634 3079 4705 ingressus
3110 4633 3333 4688 zizania
3354 4631 3707 4703 supersemi-

2038 4726 2197 4782 navit
2217 4726 2282 4793 98,
2311 4730 2656 4795 tantamque
2698 4721 3033 4793 justissimo
3080 4721 3183 4776 Dei
3224 4720 3449 4791 judicio
3479 4724 3707 4791 tempe-

2037 4820 2246 4872 statem
2283 4829 2597 4884 rerumque
2640 4810 2909 4867 omnium
2958 4808 3463 4881 perturbationem
3494 4808 3709 4863 excita-

2037 4904 2141 4969 vit,
2168 4908 2232 4958 ut
2260 4921 2292 4957 a
2324 4903 2501 4974 jactis
2551 4899 2853 4971 religionis
2897 4902 3107 4954 nostra;
3161 4895 3581 4964 fundamentis,
3620 4896 3709 4949 vix

2038 4993 2159 5048 ulla
2189 4992 2421 5064 gravior
2450 4989 2830 5059 acerbiorque
2880 4986 3204 5043 exstiterit:
3257 5001 3493 5058 quoque
3523 4985 3709 5055 majo~

2037 5098 2159 5136 rem
2194 5086 2450 5153 stragem
2476 5080 2535 5134 in
2568 5078 2667 5133 Dei
2691 5076 2901 5133 castris
2922 5077 3139 5146 ederet,
3172 5073 3365 5148 angeli
3397 5072 3547 5128 lucis
3580 5088 3710 5143 per-

2036 5187 2243 5226 sonam
2276 5170 2387 5225 sibi
2421 5167 2779 5224 induendam
2812 5164 3060 5237 putavit,
3089 5167 3155 5219 ut
3185 5180 3302 5235 quo
3334 5161 3570 5228 tectius,
3600 5160 3710 5216 hoc

2035 5275 2266 5332 quoque
2298 5256 2606 5313 nocentius
2629 5253 3137 5328 perniciosiusque
3166 5253 3328 5308 virus
3360 5266 3539 5306 suum
3566 5249 3710 5305 sim-

330 5378 377 5411 ²³
405 5375 559 5451 Rea].
625 5392 723 5443 cn,
786 5378 872 5433 12.
951 5377 999 5412 2⁵
1030 5381 1194 5434 Deut.
1253 5396 1434 5448 χχιιι,
1470 5378 1555 5433 15.
1634 5378 1822 5436 “lea.
1880 5397 1915 5436 x

2035 5396 2117 5451 ni,
2180 5380 2266 5433 17.
2344 5376 2387 5412 ³⁸
2445 5374 2687 5445 Ose.1v,
2734 5377 2791 5434 9.
2871 5377 2915 5411 9"
2948 5374 3096 5433 Psal.
3149 5390 3246 5442 ιιι,
3295 5374 3348 5428 4.
3422 5371 3467 5407 ³⁸
3498 5370 3710 5429 Matth.

266 5462 392 5516 xm,
424 5449 514 5503 25.

359 5571 450 5641 56)
482 5569 607 5641 Lib.
639 5572 714 5626 De
737 5586 876 5641 rep.,
908 5571 964 5625 3.

359 5572 428 5623 56
483 5572 607 5625 Lib.
639 5572 714 5626 De
737 5586 876 5641 rep.,
908 5572 932 5624 Ξ

358 5642 428 5694 57
479 5640 602 5694 Lib.
636 5658 674 5707 ι,
708 5643 844 5713 aph.
878 5643 932 5696 3.

335 5572 450 5784 £58;
479 5710 721 5784 Olymp.,
750 5713 845 5768 od.
877 5713 930 5767 1.

356 5710 447 5784 58)
479 5710 721 5785 Olymp.,
745 5710 845 5768 od.
877 5713 930 5767 1.

2109 5574 2221 5645 (59)
2254 5573 2315 5628 Id
2347 5577 2435 5629 est
2465 5574 2751 5645 ingentem
2781 5572 3101 5642 felicitatem
3128 5585 3477 5642 concoquere.

2110 5647 2226 5715 (59)
2254 5646 2359 5717 Ap.
2390 5645 2685 5717 Cyprian.,
2719 5644 2778 5699 in
2813 5649 2984 5715 Αρρυ
3018 5660 3074 5715 p.
3107 5659 3242 5700 cvu.
