4100 6416
458 393 577 456 317

1608 389 1880 453 JACOBI
1926 390 2161 453 BILLII
2206 389 2803 454 PBIEFATIONES.

3774 391 3893 453 318

460 526 807 603 plicioribus
838 524 1056 581 animis
1112 523 1443 581 instillaret.
1506 524 1625 581 Sub
1685 524 1793 581 hac
1839 524 1999 581 larva
2040 524 2122 580 ita
2152 528 2207 593 Α
2236 525 2371 580 dere
2402 523 2693 597 desiisset,
2728 541 2789 580 se
2822 528 3015 581 tamen
3050 540 3261 580 caecam
3287 541 3415 581 esse
3441 523 3753 593 nesciebat,
3788 526 3890 581 sed

463 618 663 674 omnia
695 615 963 673 confudit
984 630 1050 671 ac
1081 630 1321 671 sursum
1354 614 1748 686 deorsumque
1771 614 2036 686 jactavit,
2057 618 2124 670 ut

464 708 524 763 in
549 707 864 778 antiquum
898 706 1074 760 chaos
1108 720 1255 776 pene
1281 702 1611 769 reciderint,
1642 705 1781 775 facti
1809 720 1921 775 que
1950 705 2123 759 simus

466 798 623 869 quasi
636 797 692 849 in
720 794 1002 866 principio
1041 809 1167 848 cum
1202 795 1347 848 Deus
1366 794 1542 847 nostri
1572 808 1683 847 non
1713 793 2120 864 dominaretur,

462 903 561 942 nec
590 887 945 942 invocaretur
974 898 1176 936 nomen
1204 882 1321 953 ejus
1369 898 1537 952 super
1563 897 1658 936 nos
1693 882 1760 936 ’3.
1802 881 1998 935 Terris
2028 898 2121 936 sa-

464 976 644 1031 lutem
669 973 905 1044 longam
932 970 1152 1025 dixisse
1183 970 1411 1024 videtur
1428 970 1685 1025 Charitas
1721 968 2122 1041 ;improbitati

468 1067 638 1134 atque
669 1060 1049 1133 impudentiae
1108 1059 1348 1114 habens:
1392 1075 1595 1113 omnes
1646 1058 1903 1113 remissae
1959 1063 2119 1113 sunt.

467 1151 641 1207 Plena
671 1152 872 1206 omnia
900 1149 1039 1216 odii,
1070 1148 1327 1203 rixarum
1382 1152 1440 1203 et
1474 1148 1916 1214 maledicentia,
1949 1146 2123 1219 plena

465 1240 662 1296 livoris
694 1244 750 1295 et
795 1238 1094 1294 virulenta
1123 1236 1537 1292 contentionis.
1570 1235 1903 1291 Amicorum
1935 1240 1993 1291 et
2025 1237 2122 1291 ho-

468 1330 649 1385 stium
681 1327 910 1382 nullum
958 1326 1295 1382 discrimen.
1347 1326 1529 1381 Nemo
1586 1325 1847 1397 seipsum
1878 1325 2121 1397 propius

476 1415 739 1487 inspicit,
771 1416 869 1471 sed
901 1415 1143 1471 salutem
1179 1432 1347 1470 suam
1382 1415 1439 1468 in
1472 1418 1598 1469 tuto
1656 1414 1872 1470 versari
1922 1414 2119 1469 existi-

480 1509 621 1575 mat,
645 1506 783 1559 dum
816 1503 958 1559 alios
989 1505 1148 1560 omni
1179 1503 1361 1561 animi
1393 1503 1709 1559 acerbitate
1748 1509 1923 1575 atque
1956 1520 2118 1559 ama-

481 1592 728 1648 rulentia
760 1594 1095 1650 insectetur.
1129 1616 1156 1643 «
1191 1594 1443 1671 Pereunt
1474 1593 1645 1659 bona,
1696 1595 1762 1647 ut
1794 1593 1874 1647 ait
1923 1597 2120 1648 noster

466 1682 775 1753 Gregorius
804 1684 937 1755 (60),
972 1684 1131 1738 nuda
1159 1687 1216 1739 et
1241 1686 1444 1754 aperta
1493 1686 1632 1736 sunt
1678 1680 1853 1745 mala,
1888 1681 2121 1753 naviga-

465 1771 544 1826 tio
575 1772 633 1825 in
665 1777 854 1838 nocte,
888 1772 983 1828 fax
1022 1788 1339 1843 nusquam,
1373 1770 1642 1827 Christus
1686 1770 1920 1825 dormit.
1959 1793 1980 1819 ι
2016 1773 2115 1827 Re-

2231 613 2291 669 in
2316 615 2555 670 domum
2589 615 2959 670 tenebrosam
3007 615 3065 670 id
3125 613 3443 686 rejiciebat,
3497 613 3727 687 alioque
3788 614 3889 669 mi-

2232 719 2399 777 grare
2436 703 2581 759 velle
2633 704 2885 759 dicebat.
2946 704 3027 759 Ex
3084 720 3199 775 quo
3258 703 3508 758 efﬁcitur
3555 707 3619 757 ut
3666 703 3886 758 nemini

2233 810 2475 865 prorsus
2507 793 2709 848 cedere
2742 794 3093 863 sustineant,
3148 810 3350 848 verum
3400 792 3620 847 cerebri
3680 793 3771 846 sui
3822 794 3888 845 ii-

2232 886 2471 955 gmenta
2503 884 2584 937 ita
2605 882 2826 954 perdite
2858 887 3054 938 ament
3086 887 3260 955 atque
3300 882 3726 953 amplexentur,
3762 885 3827 935 ut
3855 898 3889 937 a

2232 970 2550 1027 visceribus
2581 971 2704 1027 suis
2729 972 2923 1043 potius
2956 972 3142 1042 avelli,
3182 988 3360 1043 quam
3392 988 3426 1026 a
3456 974 3736 1044 concepta
3793 987 3883 1025 se-

2232 1058 2345 1114 mel
2377 1060 2649 1131 opinione
2680 1060 2939 1116 abstrahi
2992 1061 3310 1132 patiantur.
3346 1060 3461 1132 (63)
3491 1083 3519 1109 «
3554 1064 3642 1115 Ita
3672 1060 3886 1131 perditi

2230 1149 2503 1220 perdunt,
2542 1154 2598 1204 et
2646 1149 2938 1220 depravati
2998 1167 3253 1205 errorem
3325 1149 3630 1221 pravitatis
3686 1149 3885 1204 infun-

2229 1238 2397 1307 dunt,
2430 1257 2457 1289 ιι
2496 1254 2561 1292 ac
2590 1237 2751 1293 virus
2778 1256 2952 1295 suum
2976 1254 3448 1311 quaquaversum
3471 1254 3746 1311 spargere
3770 1255 3887 1295 mo-

2230 1326 2461 1382 liuntur
2489 1345 2502 1382 :
2536 1330 2602 1382 ut
2631 1344 2745 1382 non
2780 1328 2883 1383 abs
2924 1345 2985 1383 re
3023 1329 3269 1400 Cyprius
3299 1327 3397 1383 ille
3428 1326 3740 1400 episcopus
3770 1328 3883 1400 (64)

2229 1433 2327 1472 eos
2386 1409 2728 1487 ἐκθαμϐητὰς
2787 1419 2892 1469 τῶν
2951 1411 3239 1492 προϐάτων
3316 1415 3406 1469 καὶ
3478 1414 3717 1489 πτύρτας
3774 1420 3883 1470 τῶν

2228 1508 2581 1579 περιστερῶν,
2639 1503 2728 1559 καὶ
2786 1499 3023 1573 σοϐητᾶς
3081 1509 3186 1559 τῶν
3244 1508 3341 1559 τοῦ
3391 1509 3623 1579 Χριστοῦ
3683 1504 3880 1578 ἀρνίων

2228 1593 2317 1650 καὶ
2351 1595 2678 1668 θρεμμάτων
2704 1600 2888 1650 vocet.
2931 1596 3019 1650 Sic
3050 1597 3321 1667 impurus
3380 1596 3565 1651 hostis
3623 1596 3883 1651 fructum

2230 1700 2463 1740 omnem
2496 1684 2895 1739 memorabilis
2926 1684 3084 1739 illius
3111 1683 3403 1755 supplicii,
3430 1684 3584 1755 quod
3616 1683 3885 1739 Christus

2229 1774 2288 1828 in
2313 1790 2482 1828 cruce
2509 1772 2770 1844 pertulit,
2820 1777 2883 1828 ut
2920 1774 3063 1841 ﬁlios
3115 1774 3232 1840 Dei,
3284 1775 3381 1844 qui
3424 1782 3583 1828 erant
3628 1772 3885 1844 dispersi,

459 1861 784 1930 frigescente
812 1859 901 1915 vel
951 1859 1146 1931 potius
1176 1859 1459 1914 exstincta
1487 1860 1757 1914 charitalc
1786 1859 2028 1915 abundat
2057 1860 2117 1914 in
2150 1885 2198 1950 Β
2228 1871 2580 1933 congregaret
2599 1865 2655 1917 in
2686 1879 2860 1917 unum
2906 1862 2972 1931 ⁸³,
3007 1862 3274 1917 funditus
3306 1861 3507 1917 tollere
3530 1866 3705 1934 atque
3737 1861 3885 1917 evel-

460 1949 598 2004 orbe
627 1950 897 2022 iniquitas
926 1950 991 2003 ⁸ο.
1025 1949 1371 2004 Exundante
1398 1964 1567 2021 porro
1590 1953 1762 2020 atque
1793 1949 1853 2003 in
1876 1950 2122 2004 immen-

458 2054 590 2093 sum
623 2042 993 2094 excrescente
1024 2037 1354 2109 iniquitate,
1386 2038 1677 2093 vindicem
1708 2038 1809 2093 Dei
1860 2038 2123 2111 gladium

458 2128 853 2200 ardentesque
884 2127 1017 2183 illas
1049 2127 1295 2198 sagittas
1327 2128 1372 2164 ³¹
1397 2128 1456 2182 in
1487 2144 1595 2183 nos
1621 2128 1827 2183 cadere
1882 2145 1997 2184 non
2036 2131 2126 2185 est

455 2216 693 2275 mirum.

541 2308 737 2378 Itaque
764 2306 922 2362 haud
956 2306 1074 2362 scio
1127 2323 1202 2362 an
1252 2322 1367 2362 non
1423 2306 1607 2362 multo
1655 2307 2022 2363 commodius
2052 2308 2124 2363 de

473 2393 586 2449 hoc
615 2400 813 2451 nostro
838 2399 1102 2467 tempore
1132 2395 1323 2451 dicere
1353 2396 1521 2451 nobis
1558 2394 1752 2462 liceat,
1801 2396 1958 2466 quod
1990 2396 2123 2468 Epi-

475 2482 731 2554 phanius
760 2484 1033 2555 (61)oiim
1066 2485 1136 2540 de
1182 2502 1289 2541 sua
1335 2488 1684 2556 tempestate
1740 2485 1812 2540 ob
1853 2486 2121 2541 eamdem

479 2588 716 2627 causam
750 2573 995 2628 dicebat.
1029 2596 1057 2622 «
1090 2573 1420 2629 Mirandum
1455 2580 1545 2629 est
1573 2574 1682 2629 hoc
1736 2579 2016 2645 tempore,
2065 2579 2122 2630 et

472 2676 588 2715 non
619 2660 973 2716 mirandum.
1026 2662 1381 2731 Mirandum,
1446 2663 1602 2734 quod
1651 2666 1848 2718 nostro
1906 2663 2118 2719 saeculo

467 2748 666 2803 omnia
698 2750 1019 2821 implentur
1051 2769 1063 2805 ε
1100 2768 1213 2805 non
1240 2756 1434 2807 autem
1470 2751 2115 2821 mirandum,quiaim-

462 2836 605 2908 pleri
636 2855 703 2893 ea
734 2855 969 2894 necesse
986 2844 1093 2895 est.
1117 2860 1146 2888 »
1178 2840 1246 2894 Et
1298 2840 1501 2912 paucis
1530 2840 1720 2895 verbis
1753 2840 2072 2912 interjectis
2100 2859 2112 2897 :

465 2949 485 2973 α
508 2928 628 2991 Quo
658 2943 963 2999 progressa
991 2934 1079 2984 est
1111 2944 1276 2984 mens
1308 2929 1565 2984 hominis
1592 2930 1858 3000 pronaad
1890 2929 2113 2985 malum

458 3014 529 3069 ab
553 3015 935 3072 adolescentia
965 3017 1117 3073 sua?
1136 3021 1289 3082 Quas
1309 3018 1441 3073 ﬁdei
1474 3024 1667 3091 partes
1693 3036 1802 3073 non
1834 3018 2114 3091 perdidit?

457 3102 514 3158 ln
550 3106 763 3175 quibus
793 3105 1295 3177 disputationibus
1318 3107 1628 3164 utilitatem
1664 3125 1777 3163 non
1816 3110 2112 3180 perturba-

451 3197 534 3249 vxt
562 3193 788 3250 consilii
812 3194 1208 3267 perversitas?
1232 3218 1260 3247 »
1296 3198 1443 3263 Quid
1475 3197 1630 3253 enim
1656 3197 1683 3252 ?
1711 3199 1798 3252 An
1858 3214 1973 3253 non
2006 3199 2106 3254 de-

449 3281 912 3354 ploratissimam
948 3286 1098 3341 hanc
1142 3290 1370 3343 atatem
1408 3286 1567 3342 velut
1614 3286 1796 3359 digito
1843 3286 2104 3343 indicare

447 3371 684 3428 videtur
704 3374 791 3428 vir
813 3373 909 3430 ille
940 3375 1381 3443 sanctissimus,
1411 3376 1470 3431 in
1502 3393 1620 3447 qua
1655 3376 1745 3431 vel
1777 3392 1921 3432 nova
1961 3394 2107 3449 quo-

447 3461 591 3517 tidie
622 3462 900 3535 dogmata
920 3463 1212 3531 feruntur,
1265 3465 1355 3520 vel
1380 3466 1507 3536 jam
1550 3465 1688 3520 olim
1739 3482 2022 3539 oppressa
2050 3470 2108 3522 et

454 3550 683 3623 sepulta
732 3552 791 3607 in
845 3552 1036 3608 lucem
1090 3555 1478 3610 revocantur?
1510 3554 1709 3626 Neque
1760 3555 1916 3609 enim
1962 3555 2108 3611 satis

453 3639 661 3696 habuit
707 3646 884 3698 Satan
918 3642 1296 3699 inferioribus
1338 3642 1472 3699 telis
1504 3644 1785 3699 adversus
1843 3661 1948 3699 nos
2000 3645 2106 3713 uti,

453 3730 566 3784 nisi
598 3730 775 3785 etiam
808 3748 1051 3795 venena,
1102 3736 1166 3787 ut
1191 3732 1271 3788 ait
1302 3731 1421 3800 ille,
1480 3731 1622 3788 caelo
1656 3737 1894 3804 peteret,
1930 3738 2108 3805 atque

451 3834 518 3873 ex
550 3819 960 3876 saluberrimis
990 3820 1117 3875 vitae
1143 3820 1404 3877 fontibus
1437 3838 1471 3875 s.
1502 3838 1562 3876 se
1580 3821 1823 3887 vitiatis,
1860 3827 2105 3876 mortem

450 3906 619 3963 nobis
653 3908 1008 3979 prepinaret,
1025 3909 1355 3981 sagittaque
1376 3908 1475 3965 illa
1498 3926 1600 3981 per
1617 3910 1771 3965 diem
1790 3910 2021 3965 volante
2039 3911 2109 3980 ³³,

448 3994 559 4050 hoc
587 4005 691 4062 est,
726 4002 790 4052 ut
821 4015 922 4069 per
956 3998 1257 4055 hiereticos
1281 3998 1339 4054 in
1399 4002 1737 4054 sanctarum
1781 3998 2109 4071 intelligen-

456 4084 538 4138 tia
566 4086 1018 4158 Scripturarum,
1052 4087 1370 4144 Ecclesiam
1402 4088 1863 4145 convulneraret.

531 4174 809 4231 Hincillae
832 4181 918 4233 tot
949 4182 1191 4249 tamque
1249 4177 1516 4234 dissectaa
1569 4184 1762 4245 sectae,
1816 4195 1963 4250 quas
2009 4194 2111 4250 per

450 4281 590 4321 suos
622 4265 902 4322 satellites
960 4271 1082 4322 toto
1136 4267 1275 4322 orbe
1316 4267 1645 4324 Christiano
1703 4269 1944 4340 spargit,
2008 4270 2109 4340 qui

452 4354 681 4411 utinam
714 4354 829 4427 ipsi
860 4360 988 4411 tum
1022 4373 1140 4412 suae
1170 4360 1298 4412 tum
1358 4356 1607 4413 aliorum
1657 4357 1866 4413 salutis
1910 4358 2112 4414 minus

452 4444 681 4516 prodigi
716 4445 946 4500 essent!
986 4444 1222 4501 Utinam
1254 4446 1474 4503 fastum
1526 4447 1695 4503 illum
1728 4463 1904 4502 suum
1936 4452 2113 4519 atque

453 4532 852 4604 arrogantiam
883 4534 1362 4607 comprimerent,
1393 4552 1498 4592 nec
1528 4536 1936 4607 antiquitatem
1987 4538 2111 4592 uni-

2233 1952 2351 2007 lere
2374 1951 2562 2007 modis
2594 1952 2867 2006 omnibus
2900 1956 3162 2007 conatur.
3205 1951 3361 2006 Nihil
3394 1951 3548 2006 enim
3580 1966 3715 2006 eum
3748 1967 3889 2023 gra-

2231 2042 2361 2097 vius
2393 2041 2557 2113 angit
2578 2045 2634 2095 et
2662 2041 2975 2106 excruciat,
3003 2056 3180 2111 quam
3229 2057 3339 2111 pax
3366 2039 3615 2095 aliorum
3660 2044 3719 2094 et
3747 2055 3886 2094 con-

2232 2131 2452 2201 cordia,
2475 2131 2646 2200 cujus
2677 2146 2739 2186 se
2768 2146 2875 2185 suo
2907 2129 3120 2185 scelere
3149 2134 3443 2201 expertem
3500 2128 3676 2183 videt.
3725 2127 3886 2183 Nihil

2233 2224 2324 2276 est
2366 2220 2520 2291 quod
2555 2219 2781 2275 avidius
2810 2222 3062 2291 expetat,
3112 2223 3287 2289 atque
3343 2218 3401 2271 in
3435 2234 3550 2289 quo
3581 2217 3888 2273 vehemen-

2231 2310 2353 2365 tius
2383 2308 2659 2379 elaboret,
2681 2325 2857 2379 quam
2891 2313 2953 2362 ut
2983 2307 3176 2363 nobile
3220 2307 3363 2362 illud
3415 2306 3630 2361 amoris
3688 2323 3755 2362 ao
3786 2307 3885 2360 be-

2231 2398 2571 2454 nevolentiae
2619 2397 2904 2469 legatum,
2944 2397 3099 2467 quod
3151 2396 3420 2451 Christus
3469 2393 3734 2450 Ecclesia:
3766 2411 3882 2449 suas

2230 2492 2585 2543 testamento
2607 2486 2862 2557 reliquit,
2888 2484 3057 2540 nobis
3088 2490 3448 2555 extorqueat.
3508 2486 3587 2538 Ac
3638 2484 3882 2555 proinde

2231 2593 2377 2648 quas
2410 2579 2601 2647 potest
2630 2574 3029 2630 contentiones
3062 2575 3116 2628 in
3144 2576 3315 2629 domo
3349 2573 3448 2628 Dei
3475 2572 3699 2639 serit,et
3721 2573 3878 2643 quod

2228 2666 2299 2721 de
2330 2670 2513 2721 morte
2539 2665 2922 2736 Hieronymus
2972 2663 3161 2718 aiebat
3187 2664 3322 2734 (65),
3358 2685 3379 2713 α
3416 2664 3622 2717 fratres
3654 2661 3878 2733 dividit,

2228 2760 2285 2810 et
2311 2754 2659 2811 charissima
2688 2754 2843 2808 inter
2873 2769 2934 2808 se
2993 2753 3233 2807 nomina
3270 2751 3523 2807 crudelis
3582 2755 3638 2806 et
3694 2751 3881 2806 durus

2225 2842 2521 2899 dissociat.
2549 2863 2572 2893 ι

2295 2937 2427 2987 Haec
2460 2931 2603 3004 proh
2641 2930 2839 2988 dolor!
2876 2948 2988 2987 non
3035 2932 3161 3002 jam
3216 2930 3480 2997 auribus,
3541 2930 3643 2984 sed
3694 2928 3879 2984 oculis

2224 3021 2371 3095 ipsis
2403 3021 2711 3076 haurimus
2747 3037 2759 3077 :
2794 3038 2910 3076 non
2936 3022 3071 3091 jam
3122 3018 3400 3090 legimus,
3444 3019 3544 3074 sed
3594 3017 3886 3074 sentimus

2224 3128 2522 3184 quamque
2569 3107 2798 3179 κακίστη
2860 3106 3162 3181 δαιμόνων,
3229 3112 3295 3164 ut
3352 3107 3650 3179 Euripidis
3709 3108 3882 3162 verbo

2222 3205 2376 3270 utar,
2407 3200 2484 3256 sit
2507 3199 2768 3268 haeresis,
2803 3216 2919 3255 non
2952 3203 3073 3254 tam
3106 3215 3175 3253 ex
3226 3190 3524 3252 annalium
3574 3196 3880 3264 memoria,

2216 3306 2395 3362 quam
2427 3306 2495 3344 ex
2525 3289 2867 3345 uostrismet
2901 3288 3015 3360 ipsi
3079 3286 3515 3343 calamitatibus
3563 3302 3747 3357 cogno
3767 3285 3889 3340 sci-

2217 3396 2374 3435 mus.
2409 3378 2626 3434 Multas
2657 3378 2896 3449 quidem
2924 3393 3249 3458 gravesqpe
3270 3376 3562 3431 haeresum
3599 3373 3887 3446 procellas

2218 3468 2274 3523 in
2309 3472 2568 3523 veterum
2602 3466 3002 3523 monumentis
3048 3465 3375 3536 descriptas
3407 3464 3677 3519 videmus
3718 3480 3730 3518 :
3784 3464 3886 3518 sed

2219 3558 2404 3613 multo
2428 3557 2662 3628 gravius
2694 3573 2801 3611 nos
2831 3554 3119 3620 afﬁciunt,
3159 3570 3307 3624 quas
3340 3552 3454 3624 ipsi
3489 3553 3788 3608 cernimus
3820 3569 3886 3606 ac

2218 3648 2534 3703 sentimus.
2592 3646 2667 3701 Ut
2705 3645 2862 3716 enim
2918 3660 3012 3700 res
3068 3643 3278 3714 procul
3336 3643 3407 3697 ab
3450 3642 3635 3696 oculis
3666 3642 3889 3697 dissitas

2219 3735 2405 3791 multo
2441 3735 2695 3790 minores
2741 3734 3034 3797 videntur,
3085 3748 3262 3803 quam
3314 3747 3445 3801 qua
3504 3729 3760 3801 propiori
3792 3730 3889 3783 in-

2218 3824 2459 3880 tervallo
2492 3822 3084 3896 spectantur.eodem
3131 3820 3309 3875 modo
3353 3818 3475 3873 fieri
3524 3834 3637 3873 non
3673 3823 3884 3888 potest,

2220 3914 2361 3985 quin
2401 3928 2657 3983 praasens
2686 3910 2991 3965 calamitas
3016 3909 3204 3964 multo
3240 3907 3564 3979 graviorem
3598 3906 3769 3961 nobis
3791 3907 3887 3961 do-

2218 4003 2401 4058 lorem
2441 4002 2657 4067 inurat,
2706 4016 2882 4072 quam
2916 4016 3065 4071 quas
3114 3998 3169 4051 in
3225 3996 3643 4051 historicorum
3718 3995 3886 4051 libris

2220 4091 2376 4147 velut
2407 4092 2465 4145 in
2490 4089 2692 4145 tabula
2726 4090 2981 4161 quadam
3023 4090 3209 4159 pietas
3242 4087 3562 4141 intuemur.
3621 4085 3686 4139 Et
3744 4102 3886 4140 sane

2221 4198 2455 4253 aequum
2488 4183 2632 4247 erat,
2666 4183 2732 4234 ut
2780 4178 2881 4250 qui
2914 4178 3243 4234 vicinorum
3296 4179 3631 4230 nostrorum
3665 4175 3887 4230 tristis-

2223 4270 2391 4326 simis
2439 4268 2722 4339 exemplis
2774 4267 2992 4323 erudiri
3056 4264 3444 4335 negleximus,
3500 4264 3610 4335 ipsi
3643 4265 3884 4318 tandem

2221 4358 2353 4415 aliis
2376 4359 2437 4413 in
2468 4356 2801 4428 exemplum
2825 4372 3306 4428 proponeremur,
3334 4354 3640 4424 cesterique
3687 4370 3755 4407 ex
3788 4369 3886 4407 no-

2221 4448 2316 4505 bis
2345 4444 2763 4503 documentum
2797 4450 3093 4517 caperent,
3127 4445 3268 4516 quid
3321 4442 3434 4500 sibi
3490 4446 3644 4498 esset
3702 4442 3760 4496 in
3795 4459 3888 4498 ea-

2222 4536 2356 4592 dem
2390 4552 2568 4591 causa
2608 4533 3163 4606 pertimescendum.
3199 4537 3389 4603 Atque
3422 4532 3651 4587 utinam
3684 4532 3883 4586 verbe-

452 4636 683 4677 versam
703 4622 976 4679 caecitatis
990 4624 1518 4697 atqueignorantiaa
1542 4627 1822 4681 damnare
1844 4624 2107 4692 mallent,
2140 4618 2187 4684 D
2218 4626 2383 4682 ribus
2406 4624 2633 4690 saltem,
2669 4623 3038 4695 utgPhryges,
3065 4626 3121 4677 et
3151 4621 3390 4693 quidem
3422 4620 3635 4675 iterum
3669 4636 3735 4675 ac
3767 4626 3883 4675 ter-

455 4726 633 4781 quam
664 4726 920 4767 errorem
943 4729 1121 4768 suum
1151 4713 1449 4769 conﬁteril
1507 4714 1617 4770 Sed
1650 4714 1826 4769 habet
1855 4714 1965 4769 hoc
1996 4714 2109 4769 im-
2220 4715 2300 4770 tio
2333 4714 2617 4787 repetitis,
2637 4712 2909 4768 meliores
2928 4711 3314 4774 efﬁceremur,
3348 4725 3414 4763 ac
3446 4724 3561 4763 non
3594 4709 3789 4779 potius
3810 4709 3880 4763 ad

455 4799 629 4870 primi
663 4796 940 4876 φιλαυτία,
964 4801 1254 4857 haeresum
1288 4803 1554 4859 omnium
1618 4819 1830 4876 parens
1860 4803 2111 4860 certissi-
2219 4809 2340 4860 tam
2373 4804 2552 4859 duras
2581 4802 2787 4874 plagas
2814 4802 3391 4871 obstupesceremus.
3428 4797 3563 4863 Sed,
3601 4797 3756 4867 quod
3789 4797 3882 4850 vix

456 4905 574 4956 ma,
602 4890 759 4960 quod
793 4890 886 4959 iis,
947 4891 1049 4962 qui
1099 4891 1207 4947 hoc
1256 4892 1396 4948 vitio
1446 4892 1645 4947 infecti
1700 4897 1859 4963 sunt,
1910 4892 2111 4948 oculos
2220 4894 2346 4950 sine
2373 4892 2647 4963 lacrymis
2670 4890 2781 4945 dici
2818 4894 3029 4953 potest,
3061 4889 3131 4942 ad
3167 4886 3382 4942 doloris
3425 4901 3663 4940 sensum
3698 4886 3883 4939 obdu-

451 4994 693 5049 prorsus
726 4981 1033 5052 morbique
1063 4998 1301 5036 sensum
1334 4998 1567 5037 omnem
1592 4982 1783 5054 eripit,
1821 4982 2110 5055 planeque
2218 4985 2410 5040 ruisse
2432 4983 2720 5037 videmur.
2768 4981 3033 5050 Dissipati
3093 4977 3251 5031 enim
3302 4991 3517 5040 sumus,
3581 4980 3642 5030 ut
3692 4974 3887 5045 inquit

450 5068 656 5124 eodem
708 5069 882 5125 modo
953 5086 1051 5127 eos
1092 5070 1294 5139 afﬁcit,
1345 5088 1460 5142 quo
1500 5070 1849 5144 Harpastem
1883 5072 2107 5128 fatuam
2216 5073 2529 5145 Propheta,
2563 5079 2612 5127 et
2661 5087 2773 5127 non
2800 5067 3199 5140 compunctia‘.
3238 5068 3516 5121 Percussit
3571 5080 3667 5120 nos
3700 5065 3885 5119 Domi-

450 5172 617 5212 suam
654 5158 875 5215 Seneca
894 5159 1007 5231 (62)
1058 5159 1357 5215 laborasse
1411 5160 1636 5231 scribit,
1696 5178 1825 5233 quae
1858 5178 1992 5217 cum
2023 5163 2107 5218 vi-
2218 5180 2343 5234 nus,
2375 5170 2555 5218 etnon
2584 5160 2864 5216 doluimus
2894 5178 2917 5225 ;
2944 5159 3162 5214 attriuit
3217 5170 3339 5221 nos,
3376 5158 3430 5210 et
3478 5155 3767 5211 renuimus
3795 5170 3885 5208 ac-

450 5338 911 5465 xx'x’lssibnxni,
974 5340 1061 5394 19.
1127 5340 1586 5412 3°Matth.xxiv,
1636 5342 1721 5397 12.
1794 5341 1837 5377 ³¹
1898 5342 2055 5399 Psal.
2121 5357 2223 5411 vn,
2266 5343 2353 5400 17.
2414 5343 2460 5379 ³²
2518 5340 2670 5398 Psal.
2730 5356 2819 5408 xc,
2905 5341 2961 5395 6.
3026 5337 3070 5372 ³³
3116 5335 3285 5393 Joan.
3338 5352 3396 5403 ι,
3446 5336 3537 5392 52.
3621 5334 3668 5369 ³⁴
3732 5332 3883 5389 Psal.

563 5427 636 5465 1v.
747 5454 760 5465 .

563 5427 636 5477 1v,
671 5427 760 5466 ω.

522 5592 636 5661 (60)
656 5591 825 5673 Epist.
862 5592 933 5647 ad
955 5593 1292 5650 Eudoxium.
1318 5592 1397 5649 al.
1428 5610 1621 5651 xxxix.
2299 5594 2412 5700 (632
2443 5591 2722 5676 Cyprian,
2745 5591 2825 5647 lib
2859 5595 2943 5647 De
2974 5589 3105 5645 idol.
3138 5604 3291 5655 vam,
3414 5589 3540 5643 226.

526 5664 764 5700 {R1\I.1h
817 5678 877 5700 ιιι
936 5668 1054 5700 ξηιη
1116 5666 1165 5700 Il
1232 5665 1487 5700 Atla-mna.-
1560 5666 1765 5700 Anh’nh’n
1864 5682 1898 5700 τι
1956 5666 2090 5700 mm:
2300 5668 2384 5700 (Ri.
2446 5665 2629 5700 mmnh
2687 5663 2765 5700 11h
2824 5679 2881 5700 ιιι
2940 5666 3060 5700 {nm
3118 5660 3165 5700 ῘΪ
3223 5676 3258 5700 τι
3348 5660 3453 5700 m0

526 5660 782 5739 (QDIjb.
817 5668 1078 5739 iu._tom.
1116 5665 1487 5739 II,_Adversus
1547 5666 1810 5736 Auﬁdia,
1864 5682 1921 5739 p.
1956 5666 2115 5725 1034.

2300 5660 2412 5739 (64)
2444 5660 2789 5739 Epiph.__lib.
2824 5679 2907 5739 l_l_l:
2940 5666 3085 5739 tom.
3118 5660 3188 5730 II,
3223 5676 3281 5732 p,
3316 5660 3472 5739 [ρῳ.

529 5672 782 5734 [61)ιλιι).
817 5678 899 5720 ιιι.
936 5672 1078 5720 tom.
1116 5672 1187 5735 II,
1218 5672 1487 5723 Adversus
1547 5672 1810 5736 Auﬁdia,
1864 5682 1921 5739 p.
1956 5672 2115 5725 1034.
2320 5672 2410 5722 64³
2446 5672 2652 5737 Epiph.
2687 5672 2789 5720 lib.
2824 5679 2907 5717 ιιι.
2940 5672 3085 5718 tom.
3119 5672 3188 5730 u,
3223 5676 3281 5732 p,
3316 5672 3453 5715 10W

529 5736 641 5810 (62)
671 5736 873 5793 Senec.
906 5735 967 5794 in
999 5737 1219 5795 Hercul.
1254 5737 1456 5797 Oetaeo.
2299 5672 2412 5810 i653
2436 5738 2619 5810 Epist.
2647 5736 2737 5810 35,
2760 5740 2803 5794 t.
2834 5733 2928 5805 IV,
2962 5736 3114 5807 part.
3173 5749 3214 5803 ι,
3238 5749 3297 5805 p.
3327 5732 3453 5787 267.
