4100 6400
240 352 357 417 319

1351 372 1621 437 JACOBI
1664 376 1897 439 BILLlI
1941 378 2535 447 PRrEFATIONES.

3538 397 3659 459 320

239 492 421 598 pipere
444 491 799 598 fusciplinam
824 498 1138 598 f‘..Bellu¢s
1195 508 1243 563 si
1304 511 1537 582 quando
1595 527 1624 567 e
1666 512 1892 584 laqueis
1920 517 1975 582 Α
2003 516 2246 588 tigrides
2279 537 2341 576 se
2384 524 2660 595 praebent.
2723 525 2955 597 Christi,
3017 527 3188 598 cujus
3247 528 3653 587 admirabilem

239 580 547 651 evaserint,
574 600 640 639 ea
677 589 874 645 omnia
916 590 1064 661 loca,
1122 595 1181 652 in
1232 580 1447 671 quibus
1478 599 1715 671 laqueos
1740 580 1892 659 esse

241 670 858 744 suspicantur,sedulo
891 680 1126 754 fugiunt
1156 701 1169 753 ;
1204 670 1309 744 nes
1336 689 1500 745 bardi
1533 670 1589 745 et
1616 693 1890 750 vecordes

240 758 310 813 ad
336 762 607 852 eumdem
624 767 884 835 quotidie
904 764 1157 842 lapidem
1182 774 1591 850 impingimus,
1605 782 1661 834 et
1678 796 1888 852 pyrau-

238 852 461 904 starum
485 850 543 905 in
568 869 809 923 morem,
841 859 1112 916 ambusta
1153 866 1278 934 jam
1313 866 1481 922 toties
1526 884 1592 923 ac
1624 850 1738 925 fere
1760 870 1888 941 jam

238 937 451 993 adusta
480 956 722 1013 corpora
756 945 1007 1004 ﬂammis
1033 951 1224 1008 adhuc
1256 956 1659 1014 admovemus.

308 1028 781 1104 Quotusquisque
813 1040 899 1091 est
928 1039 1107 1104 enim,
1137 1042 1235 1114 qui
1269 1042 1326 1098 in
1352 1047 1471 1100 tam
1502 1028 1683 1103 denso
1742 1047 1890 1103 cala-

235 1116 507 1172 mitatum
539 1122 772 1191 agmine
807 1126 1103 1183 meliorem
1139 1136 1392 1187 mentem
1425 1134 1653 1199 induat.
1676 1141 1732 1191 et
1758 1153 1889 1193 con-

236 1204 433 1276 cipiat,
458 1223 524 1263 ao
556 1211 722 1279 quasi
772 1216 1057 1283 parturiat
1087 1220 1358 1290 spiritum
1393 1223 1601 1280 salutis
1630 1225 1720 1280 3‘5‘?
1750 1225 1888 1282 Om-

236 1309 342 1348 nes
374 1311 518 1366 pene
551 1296 756 1356 iisdem
790 1305 1052 1377 vestigiis
1084 1307 1437 1379 insistimus,
1479 1313 1636 1370 vitiis
1668 1316 1888 1371 nostris

237 1382 711 1457 indulgemus,ea
739 1393 1036 1450 mordicus
1070 1396 1409 1470 retinemus,
1444 1403 1726 1474 novisque
1750 1421 1889 1476 quo-

232 1472 374 1527 tidie
405 1474 642 1546 ﬂagitiis
675 1479 1070 1549 cumulemus,
1132 1503 1257 1556 nec,
1297 1492 1362 1543 ut
1414 1506 1545 1545 cum
1597 1472 1784 1564 lvrico
1812 1494 1888 1549 lo-

235 1576 383 1630 quar
412 1563 544 1634 (66),
580 1582 682 1636 per
706 1572 967 1625 nostrum
1003 1574 1261 1642 patimur
1281 1578 1474 1633 scelus
1496 1563 1889 1638 iracundaJo-

231 1666 363 1704 vem
396 1668 609 1722 ponere
642 1654 907 1713 fulmina.
944 1660 1104 1717 Hanc
1140 1680 1334 1720 rerum
1386 1669 1763 1725 acerbitatem
1788 1672 1885 1727 de-

234 1737 554 1808 ploramus,
580 1742 731 1798 hanc
771 1750 1053 1819 temporis
1087 1752 1481 1811 infelicitatem
1516 1774 1885 1829 accusamus,

235 1829 407 1899 cujus
440 1829 550 1900 ipsi
600 1833 756 1888 unici
820 1836 965 1892 fabri
1026 1845 1201 1913 atque
1260 1844 1509 1902 artiﬁces
1544 1864 1769 1904 sumus.
1802 1852 1885 1907 Ad

236 1916 420 1989 ﬂagra
450 1935 915 1994 murmuramus,
946 1929 1430 2003 quiscorpionum
1452 1936 1495 1971 ⁸⁷
1528 1935 1677 1994 ictus
1698 1936 1883 1995 mere-

234 2021 388 2060 mur.
421 2007 697 2066 Dolemus
727 2015 925 2070 omnia
954 2016 1085 2087 plus
1107 2036 1283 2090 quam
1302 2022 1581 2081 feralibus
1610 2028 1759 2083 odiis
1791 2045 1884 2083 ar-

233 2094 389 2161 dere,
424 2101 479 2151 et
501 2113 634 2153 cum
689 2100 798 2156 Deo
829 2102 885 2157 in
919 2107 1167 2175 gratiam
1201 2110 1388 2166 redire
1420 2129 1535 2168 non
1560 2132 1879 2172 curamus.

234 2184 409 2278 Quasi
438 2202 571 2241 vero
602 2194 757 2245 certa
798 2209 909 2262 pax
964 2195 1117 2250 inter
1161 2215 1259 2254 eos
1313 2200 1635 2260 coalescere
1686 2212 1881 2278 queat,

233 2272 333 2343 qui
363 2278 530 2331 aDeo
563 2278 722 2347 pacis
771 2296 898 2338 sese
964 2291 1332 2358 averterunt;
1389 2295 1568 2364 atque
1606 2294 1645 2349 ii
1690 2272 1879 2352 mem;

233 2362 339 2457 bra
358 2366 555 2457 tenere
610 2374 843 2438 queant,
905 2374 1003 2444 qui
1044 2381 1232 2448 caput,
1287 2384 1350 2434 ut
1386 2362 1487 2436 est
1521 2384 1675 2449 apud
1730 2388 1881 2457 Apo-

231 2452 449 2546 stolum
476 2454 539 2523 ³⁸,
568 2472 676 2513 non
705 2462 906 2517 tenent.
936 2467 1009 2518 Ut
1039 2466 1196 2523 enim
1240 2468 1300 2524 in
1360 2471 1577 2529 circulo
1610 2490 1722 2546 quo
1752 2452 1884 2532 lon-

230 2539 700 2637 ‘gius.'a__cent_ro
761 2548 927 2606 linem
986 2556 1431 2631 protrahuntur,
1489 2562 1598 2619 hoc
1625 2539 1881 2637 -quoque

226 2626 591 2699 longioribus
622 2633 1106 2698 intervallisinter
1126 2661 1188 2700 se
1218 2626 1439 2703 distant
1472 2668 1482 2705 :
1516 2651 1587 2706 ad
1606 2626 1879 2709 eumdem

228 2718 468 2813 modum
502 2737 618 2813 quo
649 2724 899 2813 quisque
943 2728 1175 2804 longius
1250 2753 1284 2792 a
1340 2737 1457 2794 Deo
1516 2740 1782 2813 discedit,
1816 2760 1881 2800 eo

229 2808 404 2901 etiam
438 2808 628 2877 magis
659 2827 692 2863 a
723 2812 974 2870 fraterna
1032 2820 1333 2901 charitute,
1379 2825 1496 2882 imo
1528 2829 1697 2884 etiam
1730 2808 1880 2888 a'se-

232 2891 362 2963 ipso
386 2902 732 2954 removetur.

304 2983 448 3080 Iflam
482 2988 621 3057 quid
652 2991 722 3046 de
753 2992 825 3048 iis
850 2995 1061 3065 dicam,
1098 3002 1197 3072 qui
1228 3005 1301 3059 ab
1332 3005 1599 3063 Ecclesiae
1642 3025 1880 3080 corpore

229 3074 451 3130 nefarie
499 3092 561 3131 se
608 3082 1017 3154 praeciderunt,
1077 3090 1175 3159 qui
1224 3094 1611 3152 inconsutz'lem
1638 3098 1682 3138 ³ο
1713 3074 1877 3155 illam

227 3164 439 3220 Christi
469 3174 711 3239 vestem,
744 3175 836 3228 cui
871 3176 1285 3238 immanissimi
1341 3186 1517 3243 etiam
1574 3191 1875 3247 carniﬁces

2002 608 2315 678 quemdam
2346 612 2535 669 zelum
2567 630 2682 685 pm
2714 631 2777 672 se
2834 614 3117 686 ferebant,
3178 617 3400 690 templa
3439 619 3656 677 distur-

2000 695 2162 765 bant,
2188 701 2609 770 patrimonium
2635 704 3260 776 diripiunt,ministros
3278 707 3652 766 obtruncant.

2002 784 2194 859 Regis,
2220 792 2387 860 cujus
2419 793 2825 849 auctoritatem
2855 795 3433 868 imperiumque,sibi
3461 814 3657 854 sacro-

2000 882 2271 933 sanctum
2303 896 2432 935 esse
2454 880 2694 938 alternis
2725 899 2904 954 prope
2932 884 3126 941 verbis
3147 884 3659 955 afﬁrmabant,ur-

1999 965 2103 1021 bes
2157 967 2211 1021 vi
2269 972 2441 1039 atque
2494 970 2677 1026 armis
2719 977 3075 1045 expugnant,
3136 974 3362 1029 tributa
3426 974 3657 1047 legunt,

1999 1058 2295 1127 sceptrum
2329 1056 2527 1124 etiam,
2552 1058 2601 1114 si
2633 1060 2881 1132 possint,
2902 1065 3244 1133 extorquere
3264 1064 3653 1120 contendunt.

1999 1144 2225 1216 Populi,
2258 1146 2426 1217 cujus
2457 1164 2655 1214 causa,
2688 1148 2999 1221 populares
3026 1150 3295 1207 videlicet
3359 1151 3651 1219 homines,

1998 1250 2151 1289 anno
2182 1235 2467 1307 superiori
2498 1238 2565 1291 ad
2609 1254 2775 1294 arma
2823 1255 2885 1295 se
2933 1239 3143 1295 invitos
3172 1241 3323 1296 trahi
3354 1242 3649 1297 testaban-

1997 1326 2113 1392 tur,
2157 1323 2423 1379 fortunas
2471 1342 2675 1382 omnes
2724 1344 2825 1399 per
2874 1328 3350 1384 crudelissimum
3418 1329 3649 1385 latroci-

1999 1412 2163 1467 nium
2196 1412 2649 1485 eripiunt,eique
2681 1433 2783 1487 pro
2813 1416 3080 1473 libertate
3113 1418 3405 1490 promissa
3435 1421 3653 1491 gravis-

1999 1500 2209 1556 simam
2236 1502 2605 1573 tyrannidem
2633 1504 3001 1577 invexerunt,
3022 1524 3124 1577 pro
3148 1506 3505 1579 ligneojugo
3538 1508 3655 1563 fer-

1998 1605 2161 1644 reum
2193 1589 2653 1662 imposuerunt?
2676 1592 2839 1648 Unde
2870 1600 3065 1650 autem
3100 1596 3258 1651 fures
3300 1613 3649 1667 agnoscere-

1999 1696 2151 1749 mus,
2178 1679 2287 1733 nisi
2323 1680 2674 1748 furarentur,
2707 1687 2765 1737 et
2796 1689 3203 1755 mactarent,et
3232 1686 3537 1755 perderent
3556 1687 3600 1721 ⁴⁰
3621 1687 3649 1741 ‘I

2000 1768 2159 1824 Unde
2184 1767 2371 1840 lupos,
2397 1770 2510 1826 nisi
2542 1772 2887 1844 sanguinem
2923 1773 3197 1828 sitirent?
3231 1773 3392 1829 Unde
3424 1774 3645 1845 vipera-

1998 1875 2127 1913 rum
2162 1860 2497 1931 progeniem
2520 1861 2586 1928 “,
2624 1861 2735 1916 nisi
2778 1866 3023 1917 matrem
3083 1863 3463 1918 arroderent?
3484 1862 3648 1919 Unde

1995 1964 2166 2020 apros
2199 1948 2490 2004 solitarios
2521 1950 2587 2015 ‘9,
2610 1950 2721 2005 nisi
2748 1950 3204 2021 pulcherrimam
3230 1950 3390 2007 illam
3417 1951 3645 2007 vineam

1996 2040 2396 2108 pervastarent
2424 2037 2451 2091 ?
2484 2038 2644 2095 Unde
2669 2039 2854 2095 leonis
2885 2040 3173 2112 rugientis
3203 2040 3247 2075 ‘3
3276 2040 3645 2108 catulos,nisi

1994 2125 2229 2182 obvium
2263 2143 2557 2199 quemque
2606 2129 2992 2184 devorarent?
3021 2128 3183 2184 Unde
3213 2130 3465 2201 denique
3493 2131 3644 2200 ejus,

1994 2214 2095 2287 qui
2132 2216 2259 2285 jam
2292 2216 2426 2271 inde
2483 2233 2516 2271 a
2574 2217 2763 2287 prima
2820 2234 3016 2272 rerum
3076 2217 3300 2290 origine
3352 2216 3646 2273 homicida

1992 2303 2197 2371 fuit“,
2230 2302 2466 2372 liberos,
2518 2305 2632 2361 nisi
2692 2322 2896 2362 cruore
2953 2310 3129 2378 atque
3180 2305 3341 2362 omni
3398 2305 3645 2362 feritatis

1992 2408 2202 2466 genere
2234 2399 2613 2466 pascerentur
2640 2395 2668 2450 ?
3476 2468 3479 2471 _

2063 2483 2202 2547 Quis
2235 2484 2607 2556 interpretari
2635 2488 2825 2557 potest
2845 2484 3186 2556 iniquiusne
3206 2485 3426 2542 bellum
3459 2501 3653 2541 susce-

1992 2573 2204 2645 perint,
2239 2590 2310 2627 an
2338 2573 2636 2630 crudelius
2710 2580 2767 2629 et
2820 2574 3088 2645 rapacius
3135 2575 3397 2646 gerant?
3427 2574 3653 2638 Quibus

1991 2663 2204 2735 Opibus
2238 2664 2359 2719 haec
2390 2664 2690 2730 harathra,
2725 2681 2840 2736 quo
2859 2665 3147 2737 sanguine
3169 2664 3290 2720 haec
3323 2664 3647 2735 hirudines,

1992 2758 2125 2808 ante
2156 2770 2321 2823 quas,
2358 2758 2422 2808 ut
2443 2754 2757 2825 Scriptura!
2789 2752 2978 2809 verbis
3019 2757 3169 2823 utar,
3211 2756 3370 2824 quasi
3406 2753 3649 2808 nihilum

1989 2845 2071 2897 est
2091 2844 2321 2910 sanguis
2353 2842 2418 2908 ‘5,
2452 2842 2669 2913 expleri
2703 2847 2921 2915 queant
2952 2842 2978 2896 ‘I
3009 2841 3237 2896 Habent
3291 2847 3446 2897 certe
3492 2842 3645 2896 unde

1990 2931 2050 2988 in
2082 2931 2425 2987 confusione
2456 2948 2563 2986 sua
2593 2931 2937 3003 glorientur.
2966 2932 3245 2985 Vicerunt
3283 2947 3488 2986 omnes
3517 2947 3641 2985 om-

1989 3019 2152 3075 nium
2176 3023 2411 3075 aetatum
2442 3019 2768 3075 haereticos.
2800 3020 3083 3075 Vicerunt
3112 3018 3502 3092 impudentia,
3520 3035 3644 3075 sce-

1989 3109 2125 3178 lere,
2158 3109 2621 3181 impertunitate,
2672 3107 2914 3180 rapinis,
2975 3108 3336 3164 crudelitate.
3382 3108 3506 3164 Non
3539 3124 3644 3163 ex-

1988 3199 2288 3264 struendo,
2318 3203 2384 3253 ut
2408 3197 2741 3270 Babylonici
2772 3197 3148 3253 aediﬁcatores
3182 3198 3246 3265 ‘3,
3280 3197 3381 3252 sed
3404 3199 3637 3252 vastan-

224 3264 629 3356 pepercerunt,
645 3259 704 3356 in
728 3261 991 3356 inﬁnitas
1020 3275 1217 3339 partes
1247 3274 1565 3347 sciderunt,
1596 3284 1876 3353 tantaque
1906 3259 1949 3325 Ο
1987 3288 2081 3356 do,
2115 3288 2443 3351 avertendo.
2494 3259 2789 3343 eaurendo
2828 3302 3038 3342 nomen
3089 3303 3263 3342 suum
3324 3285 3635 3352 celebrare,

226 3345 483 3435 amentia
514 3350 838 3422 prmeipites
866 3355 1152 3426 feruntur,
1176 3367 1240 3417 ut
1260 3345 1756 3435 quemadmodum
1780 3345 1875 3426 sa-

224 3431 533 3531 lamapdra
563 3438 621 3531 in
653 3440 806 3513 igne,
839 3445 923 3499 sic
954 3446 1066 3517 ipsi
1106 3450 1165 3505 in
1215 3453 1478 3511 dissidiis
1510 3457 1876 3531 funestisque

226 3521 694 3616 conﬂictionibus
724 3530 934 3601 vivant,
955 3541 1130 3607 atque
1155 3541 1435 3599 adversus
1466 3546 1757 3616 publicam
1777 3521 1874 3603 or-

226 3608 317 3708 bis
340 3615 713 3672 concordiam
768 3625 1109 3693 conjurasse
1154 3608 1516 3689 videantur»
1546 3659 1573 3686 ‹‹
1609 3638 1721 3708 (67)
1750 3638 1875 3694 Nisi

223 3699 379 3754 enim
406 3718 605 3796 pacem
630 3707 914 3783 odissent,
948 3713 1005 3769 in
1062 3718 1288 3777 unitate
1331 3730 1485 3779 certe
1515 3729 1875 3796 permansis-

223 3793 373 3886 sent:
398 3813 425 3839 ››
453 3792 515 3847 In
549 3810 782 3854 summa
810 3803 1048 3860 miseria
1098 3825 1394 3869 summam
1427 3792 1781 3886 felicitatem,
1814 3818 1875 3873 in

222 3879 479 3976 maxima
519 3887 955 3953 perturbatione
996 3896 1495 3963 jucundissimam
1555 3909 1875 3978 quamdam

222 3969 477 4037 quietem
504 3972 591 4026 vel
614 3975 919 4047 simulant,
948 3984 1033 4038 vel
1067 3988 1359 4057 opinionis
1387 3969 1587 4051 errore.
1609 3996 1720 4053 sibi
1744 4014 1877 4055 con-

223 4057 475 4130 fingunt.
511 4060 683 4120 Extra
714 4084 911 4124 arcam
950 4089 1081 4130 esse
1124 4081 1400 4148 gaudent,
1461 4100 1530 4139 ac
1599 4085 1757 4140 velut
1804 4087 1877 4142 de

223 4152 382 4249 certa
403 4148 592 4207 salute
622 4154 730 4209 sibi
763 4160 1153 4228 gratulantur.
1214 4169 1308 4223 Sic
1342 4171 1613 4229 nimiram
1673 4179 1873 4249 aegroti

223 4234 465 4333 quidam
497 4256 791 4333 nusquam
824 4264 938 4302 non
973 4251 1288 4321 quietiores
1319 4274 1380 4313 se
1416 4260 1555 4331 fore,
1580 4234 1757 4333 quam
1815 4267 1873 4321 in

224 4328 428 4382 stratis
456 4329 583 4385 suis
605 4332 1186 4397 arbitrantur.Perire
1210 4345 1406 4401 miseri
1432 4328 1549 4404 non
1582 4328 1875 4426 recusant,

223 4415 365 4470 dum
399 4417 544 4473 alios
575 4421 633 4475 in
679 4427 946 4482 eamdem
1000 4445 1198 4487 secum
1253 4437 1568 4505 perniciem
1616 4415 1873 4499 trahant:

221 4505 503 4603 Idemque
520 4511 703 4603 sinon
735 4529 851 4582 ore,
883 4517 1074 4589 reipsa
1092 4524 1285 4578 tamen
1321 4525 1755 4603 clamant,quod
1779 4533 1877 4589 ille

1985 3376 2494 3448 immortalemque
2516 3377 2605 3432 sui
2642 3377 2985 3431 memoriam
3018 3375 3266 3447 posteris
3310 3373 3637 3445 relinquere

1984 3465 2330 3522 moliuntur.
2367 3468 2711 3538 Quanquam
2745 3466 3018 3522 credetne
3046 3481 3308 3538 unquam
3331 3463 3635 3535 posteritas

1984 3560 2214 3611 tantum
2245 3555 2456 3611 furoris
2487 3556 2542 3609 in
2578 3554 2815 3610 Francis
2852 3555 3213 3622 hominibus,
3247 3554 3437 3626 iisque
3467 3552 3639 3609 defm-

1986 3653 2125 3701 catae
2160 3645 2459 3716 religionis
2497 3644 2666 3699 titulo
2716 3662 2843 3700 sese
2903 3644 3360 3713 venditantibus,
3393 3641 3643 3699 exstitis-

1985 3750 2047 3790 se
2078 3734 2105 3789 7
2134 3735 2259 3791 Non
2293 3735 2505 3801 credet,
2541 3734 2930 3804 imposturam
2960 3734 3071 3789 sibi
3094 3733 3305 3789 factam
3339 3731 3639 3800 clamabit,

1986 3824 2099 3879 nisi
2133 3841 2409 3895 expressa
2439 3828 2614 3878 tantae
2674 3823 2944 3879 amentia:
2994 3823 3356 3878 monimenta
3400 3821 3459 3875 in
3492 3826 3641 3877 tem-

1984 3913 2214 3984 plorum
2247 3913 2435 3968 ruinis
2464 3912 2693 3967 viderit.
2728 3912 2868 3968 Mihi
2898 3910 3135 3984 quidem
3167 3929 3282 3967 non
3314 3911 3373 3966 in
3406 3909 3643 3982 publica

1986 4003 2184 4068 modo,
2214 4003 2313 4058 sed
2346 4001 2523 4057 etiam
2545 4001 2603 4055 in
2637 4000 2862 4072 privata
2892 3999 3245 4069 calamitate,
3278 4016 3456 4069 quam
3490 3998 3637 4054 nihil

1987 4090 2045 4145 in
2078 4090 2218 4158 illis,
2278 4108 2395 4146 non
2455 4090 2645 4146 dicam
2704 4088 3039 4156 Christiani,
3092 4088 3193 4144 sed
3255 4104 3327 4143 ne
3381 4088 3640 4143 hominis

1988 4181 2226 4251 quidem
2258 4185 2434 4245 esset,
2484 4178 2715 4235 abunde
2744 4177 2991 4250 experiri
3049 4177 3313 4248 contigit.
3373 4176 3541 4242 Nam,
3575 4179 3640 4230 ut

1988 4269 2291 4341 Regiensis
2341 4267 2550 4323 insulas
2608 4268 2936 4323 vastitatem
3000 4270 3339 4337 praeteream
3382 4264 3465 4336 (in
3498 4280 3631 4336 qua,

1988 4358 2243 4430 quandiu
2276 4357 2608 4430 superiores
2648 4356 2893 4423 fuimus,
2921 4354 3086 4410 licuit
3112 4353 3231 4409 illis
3263 4371 3369 4409 suo
3398 4353 3510 4408 ritu
3547 4351 3636 4407 vi-

1986 4465 2137 4515 vere,
2173 4447 2523 4502 faculatibus
2572 4445 2696 4501 suis
2745 4445 2923 4501 libere
2971 4443 3405 4516 tranquilleque
3453 4442 3568 4499 frui
3618 4458 3632 4497 :

1988 4536 2346 4607 simulatque
2373 4540 2568 4590 autem
2616 4534 2817 4590 vicina:
2850 4532 3105 4605 Rupellae
3167 4534 3412 4605 perfidia
3439 4531 3639 4587 basili-

220 4598 377 4697 f‘p‘fd
409 4599 696 4697 Fragicum
730 4602 865 4697 (68);
890 4629 917 4656 (ί
951 4607 1082 4665 Haec
1114 4611 1245 4682 ίΡεθο
1268 4614 1494 4685 ΡοῙΙθηε
1542 4598 1737 4693 inclyti
1771 4628 1870 4679 Pe-
1900 4632 1945 4696 D
1977 4598 2353 4694 scumillum,
2397 4641 2572 4697 quem
2611 4628 2696 4680 tot
2744 4624 2915 4679 annis
2945 4598 3342 4694 parturient,
3390 4622 3635 4695 peperit,

220 4684 370 4757 lopis
392 4688 602 4747 domus
624 4697 757 4749 ruat
777 4694 862 4749 vel
908 4696 966 4752 in
999 4716 1112 4768 me,
1161 4684 1479 4762 dummodo
1511 4708 1570 4764 in
1631 4684 1868 4769 fratrem

216 4780 367 4831 ruat.
405 4799 434 4828 »

285 4870 492 4938 Itaque
521 4872 619 4942 qui
651 4890 765 4929 non
796 4874 879 4930 ita
908 4879 1399 4952 pridem(tantum
1424 4888 1482 4942 in
1505 4888 1587 4944 eis
1621 4891 1869 4947 simula-

215 4953 395 5009 tionis
424 4960 740 5018 artiﬁcium
772 4969 919 5037 erat)
951 4969 1032 5022 nil
1066 4970 1177 5025 nisi
1231 4991 1431 5044 pacem
1472 4982 1869 5037 concordiam-

218 5060 330 5141 que
350 5045 575 5116 spirare
605 5052 900 5126 plerisque
928 5059 1297 5133 videbantur,
1322 5064 1497 5121 iidem
1516 5085 1671 5124 nunc
1702 5088 1866 5141 aper-

216 5138 275 5229 ta
298 5134 507 5229 fronte,
540 5143 597 5192 et
627 5157 806 5214 regno
839 5146 1091 5217 Parides,
1133 5158 1191 5205 et
1221 5154 1442 5222 optimo
1476 5158 1688 5229 cuique
1720 5134 1868 5215 lihe-

217 5220 456 5291 larides,
490 5230 641 5282 sacri
673 5232 849 5289 etiam
890 5238 1113 5295 ordinis
1145 5240 1480 5299 hominibus
1529 5220 1662 5317 plus
1688 5266 1867 5320 quam

1979 4716 2134 4773 illico
2164 4714 2399 4787 templis
2430 4715 2681 4769 ﬂammea
2703 4712 2951 4782 injecta,
2986 4711 3237 4768 fortunis
3271 4711 3506 4779 nostris,
3542 4712 3639 4766 do-

1980 4806 2358 4877 mesticisque
2378 4802 2673 4870 omnibus,
2706 4818 2854 4875 quos
2876 4802 3114 4873 quidem
3151 4801 3405 4872 arripere
3433 4808 3636 4872 potue-

1979 4901 2138 4963 runt,
2172 4892 2587 4950 manusallataa
2610 4892 2940 4963 sunt),quis
2956 4889 3285 4946 Michaelini
3309 4890 3493 4946 nootri
3526 4907 3637 4945 οω-

1980 4985 2138 5041 nobii
2170 4984 2395 5040 cladem
2430 4982 2551 5038 ulla
2581 4980 2906 5052 quamlibet
2965 4980 3187 5053 tragica
3242 4978 3503 5035 oratione
3533 4995 3636 5050 pro

1980 5073 2059 5129 rei
2082 5074 2387 5128 atrocitate
2410 5070 2714 5142 deplorare
2741 5074 2919 5141 queat
2946 5070 2974 5125 ‘l

2050 5163 2270 5217 Domus
2301 5179 2367 5216 ea
2397 5160 2815 5233 antiquissima
2846 5163 2902 5215 et
2931 5158 3333 5213 illustrissima
3363 5162 3507 5223 erat,
3543 5161 3631 5211 at-

1982 5268 2093 5324 que
2117 5254 2244 5322 ipsa
2274 5267 2507 5323 quoque
2528 5253 2839 5304 structura:
2860 5248 3054 5320 specie
3068 5247 3409 5319 religionem
3429 5262 3636 5318 quam-

212 5427 253 5462 ιι
284 5358 475 5462 ἰὶηῆῗὶ·
509 5364 719 5462 ‘ft.3-.,”
750 5368 1071 5462 ἱῗθλέἕίῖίν
1110 5375 1191 5462 ¹8τ
1250 5378 1401 5462 ³Ἶ¹Ι
1459 5381 1612 5462 .1398;
1634 5387 1731 5462 ευ,
1768 5387 1877 5462 14-,

1993 5385 2190 5462 lotoss.
2224 5401 2285 5453 ιι,
2345 5385 2423 5439 19.
2464 5384 2892 5462 '_°_Joan._xu_z,
2942 5382 3033 5448 23,
3086 5381 3365 5462 “Alcen:
3429 5396 3487 5462 ξ,
3546 5380 3631 5434 10.

284 5430 489 5529 λίθω).
527 5448 610 5500 ιιι,
639 5438 693 5490 7.
761 5440 807 5474 ⁴²
838 5442 973 5498 Psal
1008 5461 1021 5499 :
1059 5430 1257 5516 'Lxxlx,
1292 5430 1399 5507 121'.—
1766 5430 1879 5529 '8

1993 5430 2414 5525 ῖῖἰιιιι,
2474 5430 2580 5511 44Ϊ
2623 5456 2668 5490 ⁴⁸
2734 5430 2892 5511 Eccl:
2968 5430 3090 5521 νιίι,
3149 5453 3235 5509 19.
3322 5453 3367 5489 ιο
3424 5430 3635 5508 Genes.

210 5515 289 5569 x1,
316 5506 366 5558 4.

284 5650 402 5793 i663
430 5648 652 5717 Horat,
684 5654 786 5713 lib.
811 5674 830 5712 ι
853 5657 1060 5729 Carm,,
1092 5665 1186 5719 od.
1220 5667 1271 5722 3.

310 5722 379 5777 67
420 5722 672 5791 August.
705 5728 769 5785 in
794 5729 937 5793 psal.
970 5746 1119 5789 cmx.
1151 5752 1191 5791 1.
1221 5736 1271 5793 It

310 5722 672 5793 67)August.
705 5728 769 5785 in
792 5729 937 5801 psal.
970 5722 1119 5789 οὐκ.
1151 5752 1191 5791 ι.
1221 5736 1314 5797 IV.
1347 5757 1404 5813 p.
1440 5741 1602 5801 1371.

2044 5673 2155 5745 (68)
2186 5672 2388 5729 Senec.
2412 5670 2474 5727 in
2504 5670 2717 5743 Thyest.
