4100 6466
426 455 538 522 321

1552 442 1817 506 JOCOBI
1861 440 2092 503 BILLII
2134 436 2610 501 PBEFATION
2622 440 2731 501 ES.

3740 445 3855 506 322

431 598 568 653 dam
600 589 1033 665 spectatoribus
1066 584 1408 640 incutiebat.
1441 583 1522 637 Ea
1554 579 1757 636 multis
1788 577 2089 634 calamito-
2119 576 2177 645 Α
2209 575 2471 632 belehem
2521 594 2622 647 pro
2678 578 2939 649 legitimo
2996 580 3258 651 principe
3286 593 3628 654 agnoscere
3660 586 3857 641 volue-

431 688 514 742 sis
548 683 781 752 solatio,
818 678 1048 749 pietatis
1080 691 1259 730 causa
1295 671 1702 727 exsulantibus
1734 668 1996 739 perfugio
2029 681 2093 720 ac

433 773 728 847 praesidio,
759 774 817 824 et
865 774 929 822 ut
973 782 1108 820 cum
1139 764 1248 818 Job
1270 763 1311 796 ἰτ
1346 763 1559 825 dicam,
1594 759 1785 855 oculis
1813 772 1973 855 caaco,
2003 770 2095 825 pes

432 862 851 931 claudo,1nater
872 857 1112 927 pauperi
1134 852 1480 926 plerumque
1502 849 1709 903 fuerat.
1731 847 2096 916 Praecipuum

440 956 636 1006 autem
670 948 857 1020 ipsius
888 947 1068 1001 decus
1112 945 1257 1009 erat,
1291 939 1447 1011 quod
1495 937 1556 991 in
1606 937 1715 1031 hoc
1750 935 2097 1031 ani-marum

441 1039 655 1095 diluvio
687 1037 811 1093 sola
859 1050 1025 1107 pene,
1052 1030 1209 1086 velut
1250 1045 1386 1084 arca
1414 1027 1552 1096 Noe,
1586 1024 1786 1080 diluvii
1817 1024 1933 1077 vim
1986 1024 2095 1076 mi-

444 1128 600 1183 nime
634 1128 918 1181 senserat.
951 1122 1047 1177 Bis
1078 1122 1341 1185 obsessa,
1374 1116 1463 1171 bis
1493 1116 1565 1169 de
1594 1113 1861 1169 hostibus
1892 1111 2100 1167 trium—

445 1217 676 1290 pharat.

572 1322 721 1373 Felix
752 1318 893 1368 heu!
931 1316 1173 1372 nimium,
1204 1314 1341 1382 felix_
1361 1313 1403 1360 si
1435 1313 1611 1382 littora
1626 1313 1840 1382 tantum

574 1384 871 1447 Anglorum
902 1391 1179 1441 nunquam
1198 1376 1492 1438 tetigissent
1521 1377 1705 1423 nostra
1733 1376 1944 1421 carinae.

448 1481 901 1553 Quamprimum
960 1476 1113 1531 enim
1176 1472 1479 1544 Rupellani
1539 1489 1641 1543 pro
1695 1472 1827 1525 vino
1877 1478 1929 1524 et
1985 1468 2105 1524 sale

448 1571 702 1640 aliisque
746 1568 919 1622 rebus
969 1564 1039 1619 ad
1091 1562 1217 1617 vitae
1277 1578 1448 1615 usum
1511 1559 1883 1623 necessariis,
1918 1574 2107 1612 zeneas

442 1659 746 1714 machinas
777 1654 1030 1726 ingentis
1055 1650 1482 1723 magnitudinis
1507 1650 1578 1705 ab
1608 1648 1847 1721 Angelis
1878 1663 2111 1718 accepe.

442 1751 600 1812 runt,
636 1745 836 1801 statim
882 1743 1053 1797 tertia
1084 1740 1367 1811 expeditio
1400 1740 1681 1794 adversus
1727 1739 1969 1792 domum
2004 1753 2110 1791 no-

442 1840 627 1892 stram
660 1832 1004 1903 suscipitur.
1039 1833 1368 1885 Accurrunt
1392 1829 1652 1899 undique
1685 1828 1883 1883 hostes
1920 1843 1988 1882 ex
2018 1842 2089 1894 op

2206 672 2362 719 runt.
2389 671 2461 719 At
2492 671 2575 735 tu,
2612 666 2730 722 filia
2752 667 3063 739 Babylonis
3087 670 3322 737 misera,
3345 677 3407 726 tu
3434 690 3647 729 vesana
3676 678 3861 730 carni-

2207 754 2319 817 fex,
2352 759 2413 808 tu
2448 755 2651 810 mortis
2700 757 2840 822 tilia,
2867 763 3041 829 atque
3072 759 3131 813 in
3166 761 3357 816 medio
3390 764 3607 818 umbrae
3654 766 3860 820 mortis

2206 841 2504 909 habitans,
2538 846 2678 915 quid
2730 848 2896 916 egisti
2916 846 2940 900 ⁸2
2990 839 3109 902 Ubi.
3146 855 3237 905 est
3284 850 3523 907 victoria
3573 854 3718 907 tua?
3766 854 3861 908 Di-

2208 931 2431 986 ruendo
2492 931 3013 1005 ruisti,'perdendo
3063 938 3310 1007 periisti.
3352 938 3573 995 Caelum
3622 942 3861 1009 habent,

2209 1019 2425 1090 quibus
2469 1025 2724 1089 terram;
2775 1024 3023 1094 patriam
3056 1026 3293 1091 habent,
3328 1029 3543 1099 quibus
3591 1030 3864 1086 exsilium

2210 1108 2493 1164 invidisti.
2511 1109 2553 1165 Ο
2578 1111 2759 1167 beatas
2787 1113 3016 1180 animae,
3033 1132 3209 1185 quam
3233 1118 3526 1188 pretiosus
3548 1119 3606 1174 in
3630 1136 3870 1191 conspe-

2212 1201 2308 1252 ctu
2341 1197 2570 1253 Domini
2605 1201 3126 1277 transitusvester,
3155 1223 3188 1260 a
3226 1206 3350 1262 luto
3385 1208 3538 1264 faecis
3569 1210 3640 1263 ad
3670 1209 3866 1265 locum

2212 1302 2464 1358 pascuae,
2499 1306 2531 1342 a
2562 1293 2715 1344 terra
2753 1291 2983 1347 deserta
3022 1292 3180 1348 invia
3227 1300 3282 1349 et
3332 1296 3615 1367 inaquosa
3648 1300 3716 1353 ad
3751 1304 3865 1354 ter-

2214 1392 2340 1429 ram
2373 1377 2649 1432 ﬂuentem
2692 1379 2839 1435 lacte
2891 1386 2947 1435 et
2994 1381 3189 1449 melle,
3220 1402 3253 1439 a
3283 1391 3535 1441 torrente
3584 1388 3868 1442 amaritu-

2217 1465 2369 1519 dinis
2401 1466 2473 1520 ad
2525 1470 2843 1523 torrentem
2876 1470 3212 1542 voluptatis,
3242 1475 3312 1527 ab
3346 1474 3478 1545 igne
3509 1482 3566 1530 et
3593 1493 3748 1547 aqua
3796 1477 3868 1532 ad

2218 1555 2584 1626 refrigerium
2604 1555 2615 1609 l
2641 1556 2824 1618 Quam
2850 1558 3019 1614 dulce
3040 1566 3129 1615 est
3150 1563 3309 1617 vobis
3334 1564 3390 1617 in
3416 1566 3564 1635 Agni
3588 1566 3869 1621 comitatu

2220 1644 2618 1713 esse,Christo
2668 1647 2801 1710 frui,
2828 1648 2938 1701 sub
2990 1665 3213 1720 magnas
3263 1652 3421 1707 illius
3472 1654 3703 1725 gallina:
3762 1656 3870 1710 alis

2222 1732 2602 1803 requiescere,
2628 1734 2789 1789 nulla
2815 1737 2936 1806 jam
2972 1739 3266 1810 scandala,
3293 1742 3515 1797 nullam
3542 1743 3873 1815 gladiorum

2226 1822 2432 1889 aciem,
2459 1821 2650 1877 nullos
2674 1826 3007 1880 venantium
3045 1827 3305 1899 laqueos,
3332 1826 3554 1887 nullam
3577 1834 3693 1887 vim
3718 1835 3877 1889 bom-

442 1923 597 1997 pidis
628 1927 684 1978 et
718 1921 909 1994 pagis,
942 1937 1012 1975 ex
1058 1918 1291 1974 insulis.
1326 1923 1478 1973 Deus
1525 1917 1696 1982 bone,
1731 1934 1906 1988 quam
1962 1911 2115 2001 truc;
2145 1948 2193 2013 B
2226 1911 2541 1966 bardarum
2575 1912 2987 1969 extimescere!
3023 1917 3206 1980 Quam
3242 1919 3585 1989 praeclarum
3618 1925 3878 1996 negotia-

442 2013 634 2080 vultu,
663 2027 842 2083 quam
882 2008 1191 2080 impotenti
1228 2008 1441 2073 furore,
1471 2023 1648 2077 quam
1696 2005 1959 2060 inaudita
1990 2002 2116 2060 ani-

448 2118 682 2157 morum
714 2097 911 2154 rabie!
946 2097 1174 2153 Nostris
1204 2096 1443 2166 quidem
1478 2095 1666 2166 primo
1716 2111 1821 2149 nec
1872 2093 2113 2149 animus

448 2192 520 2248 ad
547 2189 969 2255 resistendum,
998 2202 1103 2241 nec
1124 2186 1273 2240 vires
1297 2186 1555 2239 deerant.
1572 2184 1705 2252 Sed,
1730 2188 2113 2255 posteaquam

449 2280 743 2335 immanes
768 2276 878 2331 illas
903 2275 1238 2332 bombardae
1257 2274 1470 2328 dirutis
1490 2272 1764 2328 omnibus
1790 2287 2116 2344 propugna.
2153 2312 2165 2327 .

451 2368 598 2426 culis
630 2384 831 2423 muros
875 2367 999 2436 jam
1052 2363 1213 2435 ipsos
1245 2363 1492 2433 dejicere
1521 2366 1823 2434 cmperunt
1858 2380 1870 2417 :
1906 2380 2113 2434 quem-

458 2474 690 2528 cunque
720 2456 873 2511 Deus
905 2452 1183 2509 voluisset
1226 2457 1497 2507 eventum
1526 2456 1861 2523 exspectare
1892 2452 2115 2508 malue-

463 2551 623 2613 runt,
655 2560 829 2616 quam
860 2542 1048 2598 ullum
1080 2540 1392 2597 deditionis
1422 2542 1665 2597 verbum
1698 2542 1853 2613 apud
1884 2557 1982 2598 eos
2012 2542 2116 2597 ha-

465 2638 624 2703 bere,
648 2651 796 2706 quos
847 2631 1133 2705 quidquid
1186 2630 1602 2703 promisissent
1648 2647 1764 2686 non
1800 2630 1914 2686 alia
1943 2648 2116 2703 quam

460 2724 683 2781 Punica
701 2724 815 2778 fide
845 2722 1209 2794 praestituros
1228 2736 1355 2775 esse
1387 2720 1779 2775 certissimum
1803 2720 2118 2776 habebant.

462 2814 666 2871 Idibus
705 2828 842 2884 ergo
882 2809 1171 2874 Januarii,
1196 2825 1370 2880 quem
1404 2809 1558 2864 diem
1592 2809 1846 2881 Rupellae
1879 2809 2122 2865 defectio

466 2902 767 2975 superiore
801 2916 953 2955 anno
986 2898 1093 2954 toti
1137 2898 1334 2954 Gallias
1366 2899 1658 2955 nefastum
1711 2899 1980 2968 reddidit,
2016 2900 2123 2954 ho—

468 2992 578 3048 stis
609 3008 711 3063 per
754 2990 1030 3060 disjectas
1082 2988 1234 3042 muri
1284 2992 1475 3058 partes
1519 2987 1874 3059 irrumpens,
1905 2988 2125 3060 promi-

474 3096 677 3137 scuam
737 3078 1181 3141 crenobitarum,
1226 3076 1678 3131 domesticorum
1731 3094 2018 3143 meorum,
2061 3093 2127 3132 ac

476 3168 830 3223 rusticorum
877 3170 1129 3237 stragem
1162 3166 1362 3235 edidit.
1396 3165 1604 3236 Optato
1634 3171 1830 3221 tamen
1884 3183 1995 3221 nox
2026 3166 2127 3221 ad-

471 3258 711 3315 veniens
742 3258 919 3311 finem
950 3254 1205 3311 caedibus
1246 3254 1565 3325 attulisset,
1598 3255 1646 3309 si
1679 3272 1811 3309 cum
1842 3254 1915 3310 iis
1947 3255 2129 3311 hosti-

2227 2000 2401 2056 tionis
2434 2018 2639 2072 genus,
2674 2020 2776 2073 pro
2807 2004 3030 2076 exiguis
3061 2009 3367 2079 sanguinis
3399 2013 3582 2082 guttis
3628 2031 3875 2085 regnum

2226 2090 2524 2159 ccelorum,
2560 2110 2662 2162 pro
2690 2095 3041 2150 carbonibus
3076 2096 3441 2169 thesaurum,
3475 2119 3577 2174 pro
3609 2106 3877 2159 stercori-

2225 2180 2336 2234 bus
2369 2181 2744 2252 margaritam
2777 2183 3037 2256 accipere

2297 2270 2407 2325 Sed
2442 2272 2696 2340 profecto
2718 2276 2811 2343 (ne
2842 2272 3065 2329 diutius
3097 2280 3259 2331 extra
3280 2279 3634 2337 curriculum
3660 2285 3881 2339 feratur

2226 2358 2492 2428 epistola)
2543 2376 2648 2414 nec
2706 2365 2906 2415 nostra
2963 2362 3191 2431 domus,
3226 2381 3329 2420 nec
3388 2372 3471 2422 tot
3524 2370 3877 2441 templorum

2228 2447 2415 2503 millia
2463 2448 2522 2502 in
2572 2447 2681 2502 hoc
2727 2466 2902 2521 regno
2948 2451 3430 2523 conflagrassent,
3473 2457 3583 2513 nisi
3629 2460 3879 2530 vulpibus

2226 2536 2378 2603 istis,
2426 2553 2544 2608 qua
2600 2540 2790 2592 vineas
2846 2540 3224 2596 demolz‘untur
3256 2545 3317 2609 ‘9,
3350 2550 3532 2614 foveas
3590 2548 3793 2603 habere
3813 2549 3878 2617 ⁵ο,

2228 2626 2423 2697 vespis
2466 2625 2597 2681 istis
2647 2628 2804 2683 favos
2833 2629 2965 2699 (69),
2997 2631 3051 2684 id
3106 2637 3212 2698 est,
3248 2632 3534 2690 haereticis
3593 2637 3882 2693 Ecclesiae

2232 2716 2417 2771 facere
2450 2716 2698 2770 nimium
2749 2718 2847 2772 diu
2880 2718 3161 2775 licuisset.
3196 2721 3341 2777 Hinc
3390 2724 3738 2793 gravissima
3782 2727 3885 2782 illa

2231 2805 2381 2876 apud
2438 2803 2716 2860 Basiliam
2765 2807 3040 2878 Magnum
3096 2810 3377 2879 querela:
3431 2813 3752 2884 Baptizant,
3794 2816 3884 2870 in-

2233 2894 2361 2965 quit
2391 2894 2524 2964 (70),
2560 2893 2641 2947 illi
2692 2900 2956 2950 mortuos
3005 2897 3271 2963 elferunt,
3306 2906 3551 2971 (egrotos
3598 2902 3884 2975 invisunt,

2234 2989 2342 3039 etc.
2367 2983 2506 3048 Quis
2530 2982 2621 3037 hic
2647 3000 2759 3038 non
2786 2984 3172 3055 ingemiscat?
3193 2989 3333 3052 Quis
3358 3007 3468 3044 non
3494 2990 3886 3063 lacrymarum

2236 3074 2455 3127 fontem
2480 3088 2611 3126 cum
2635 3072 2940 3127 Jeremia51
2966 3076 3244 3145 requirat,
3262 3083 3325 3132 ut
3346 3083 3569 3135 tantam
3594 3082 3891 3136 calamita-

2236 3167 2354 3217 tem
2389 3163 2509 3231 pari
2546 3161 2682 3215 ﬂetu
2715 3169 3108 3234 prosequatur
3130 3165 3156 3219 ?
3188 3166 3291 3221 Hic
3321 3169 3477 3223 enim
3508 3174 3627 3225 tota
3649 3171 3733 3225 vis
3756 3171 3896 3226 mali

2239 3257 2524 3307 versatur.
2550 3251 2691 3306 Nam
2732 3270 2862 3306 cum
2898 3253 3078 3309 altare
3110 3257 3392 3314 adversus
3421 3259 3599 3316 altare
3630 3261 3895 3334 erigitur,

471 3347 584 3403 bus
614 3364 705 3401 res
738 3345 957 3400 nostris
1008 3345 1236 3408 fuisset,
1263 3343 1361 3414 qui
1396 3343 1629 3398 nonnisi
1672 3344 1731 3398 in
1780 3344 1987 3415 primis
2035 3362 2128 3399 ex-
2163 3319 2203 3385 (ἶ
2245 3358 2307 3396 ac
2330 3359 2471 3395 verm
2496 3358 2721 3411 sponsae
2747 3340 2871 3396 loco
2897 3343 3081 3413 pellex
3106 3346 3656 3410 inducitur,inlirmi
3680 3351 3900 3421 quique

474 3434 855 3509 pugnationis
896 3432 1270 3499 tumultibus,
1304 3432 1485 3486 animi
1535 3433 1808 3487 ferociam
1859 3434 2137 3488 adhibere

471 3531 923 3580 consueverunt.
962 3522 1071 3576 Sed
1105 3538 1239 3575 cum
1275 3521 1575 3589 monstris,
1612 3537 1743 3575 cum
1778 3521 1968 3592 furiis,
2002 3539 2135 3576 cum

475 3613 797 3670 teterrimis
829 3611 1021 3667 omnis
1052 3609 1442 3665 humanitatis
1474 3610 1747 3665 hostibus
1778 3628 1869 3665 res
1902 3616 2045 3665 erat.

550 3703 753 3773 Itaque
796 3705 1026 3772 postero
1057 3699 1171 3769 die,
1207 3715 1340 3753 cum
1371 3699 1495 3767 jam
1531 3716 1632 3770 per
1665 3701 1852 3753 noctis
1884 3701 2138 3770 quietem

481 3791 567 3847 ira
605 3789 972 3846 deferbuisse
1019 3790 1320 3853 debuerat,
1352 3788 1658 3843 inchoatas
1708 3789 1891 3842 caedes
1943 3804 2139 3859 prese-

483 3884 769 3952 quuntur,
794 3894 858 3933 ac
883 3878 1045 3933 fusos
1077 3892 1179 3949 per
1196 3875 1506 3948 templum,
1533 3876 1868 3947 passimque
1898 3882 2020 3931 tota
2040 3878 2144 3931 do-

488 3986 605 4035 mo,
628 3969 1024 4040 nequidquam
1068 3982 1271 4021 eorum
1312 3964 1799 4031 misericordiam,
1825 3983 1953 4037 quae
1986 3965 2147 4021 nulla

486 4056 548 4111 in
607 4056 807 4112 ferreis
864 4054 1199 4127 pectoribus
1258 4058 1413 4119 erat,
1470 4053 1854 4125 implorantes
1912 4059 2151 4121 necant,

491 4145 674 4215 Multi,
708 4146 1062 4217 quibuscum
1105 4145 1176 4199 de
1206 4143 1323 4198 vita
1368 4144 1549 4215 pretio
1583 4144 1926 4199 redimenda
1958 4151 2147 4200 trans-

490 4239 681 4290 actum
726 4235 935 4300 fuerat,
970 4234 1170 4288 statim
1203 4233 1378 4302 jussu
1414 4232 1630 4286 ducum
1663 4235 1991 4303 contrajus
2023 4234 2147 4289 bel-

487 4322 551 4392 li,
585 4324 789 4394 fasque
818 4338 1014 4388 omne,
1045 4320 1346 4376 trucidati.
1384 4319 1583 4376 Multis
1616 4322 1792 4375 etiam
1824 4323 1893 4376 ad
1927 4322 2146 4394 impor-

486 4417 692 4468 tunam
724 4412 961 4467 victoris
1005 4411 1312 4465 libidinem
1372 4407 1578 4479 laqueo
1627 4410 1822 4465 fractae
1873 4412 2147 4468 cervices.

488 4502 726 4572 Direpta
757 4517 911 4569 mox,
938 4504 1114 4571 atque
1146 4498 1387 4552 incensa
1414 4499 1627 4553 domus
1652 4515 1664 4553 :
1688 4499 1951 4570 direptus
1972 4502 2149 4557 etiam

490 4608 700 4664 pagus,
732 4594 789 4646 et
828 4590 1068 4661 quidem
1102 4592 1224 4643 tam
1274 4586 1616 4654 inhumane,
1650 4592 1717 4643 ut
1745 4587 1937 4645 viduis
1968 4594 2025 4645 et
2055 4606 2146 4645 or-

2247 3430 2592 3485 addubitare
2609 3430 3116 3501 incipiunt,utram
3134 3438 3366 3491 tandem
3389 3454 3492 3508 pro
3506 3443 3901 3511 veraconjuge

2248 3523 2569 3590 agnoscant
2593 3535 2604 3574 :
2625 3518 2899 3590 idemque
2926 3526 3347 3593 propemodum
3382 3527 3564 3593 aiunt,
3590 3529 3745 3597 quod
3770 3527 3903 3582 Tul-

2246 3609 2361 3663 lius
2380 3624 2447 3663 ex
2468 3608 2762 3679 tragmdia,
2786 3612 2895 3661 Ποῦ
2918 3608 3117 3685 σκάφος
3141 3612 3203 3665 τὸ
3223 3616 3329 3666 τῶν
3351 3611 3638 3687 Ἀτρειδῶν
3658 3633 3671 3683 ;
3693 3617 3771 3670 Ex
3788 3634 3903 3688 quo

2250 3698 2520 3763 efficitur,
2539 3704 2601 3750 ut
2622 3697 2777 3752 velut
2797 3698 3025 3754 duabus
3051 3700 3212 3756 sellis
3242 3704 3503 3770 sedeant,
3529 3705 3802 3776 quodque
3834 3706 3905 3760 de

2255 3787 2550 3840 Dioscuris
2573 3785 2893 3855 antiquitas
2913 3788 3099 3853 ﬁnxit,
3125 3806 3281 3845 nunc
3307 3794 3462 3863 apud
3494 3811 3738 3863 superos
3761 3795 3903 3861 sint,

2254 3891 2411 3929 nunc
2444 3876 2596 3943 apud
2632 3874 2886 3930 inferos:
2913 3892 2977 3930 ac
3023 3876 3341 3932 desultoria
3388 3882 3641 3949 quadam
3674 3880 3907 3937 levitate

2256 3979 2411 4017 nunc
2444 3963 2511 4016 ad
2550 3962 2655 4016 hos
2682 3979 2837 4017 nunc
2861 3964 2931 4017 ad
2956 3962 3085 4019 illos
3106 3981 3167 4019 se
3188 3968 3508 4022 conferant.
3534 3969 3699 4024 Nunc
3722 3970 3905 4024 Deum

2258 4050 2435 4107 Israel
2484 4057 2833 4122 sequuntur,
2879 4070 3032 4107 nunc
3066 4054 3225 4122 Baal;
3263 4074 3417 4111 nunc
3448 4058 3518 4112 de
3552 4075 3757 4114 mensa
3801 4063 3908 4113 Do-

2258 4141 2403 4195 mini
2435 4142 2770 4206 comedunt,
2806 4158 2961 4195 nunc
3009 4143 3079 4197 de
3128 4160 3332 4200 mensa
3358 4146 3612 4217 Jezabel,
3647 4147 3763 4202 imo
3795 4148 3908 4202 daa-

2261 4229 2622 4296 moniorum;
2679 4233 2832 4283 nunc
2887 4232 3136 4286 ﬁliorum
3192 4235 3277 4289 vel
3326 4236 3518 4306 potius
3566 4237 3909 4309 angelorum

2258 4336 2407 4392 pane
2437 4324 2771 4387 vescuntur,
2806 4336 2961 4375 nunc
2992 4338 3301 4392 porcorum
3335 4323 3566 4396 siliquis
3597 4325 3914 4397 herbisque

2258 4408 2377 4464 illis
2423 4407 2660 4476 amaris,
2696 4425 2822 4479 qua:
2860 4411 2915 4463 in
2950 4412 3152 4465 mortis
3200 4412 3314 4467 olla
3363 4420 3724 4487 coquuntur;
3757 4432 3914 4470 nunc

2259 4499 2330 4552 de
2359 4498 2607 4552 Iordane
2666 4497 2894 4567 bibunt,
2929 4516 3084 4555 nunc
3125 4502 3194 4556 de
3242 4506 3418 4571 Mare,
3470 4505 3541 4559 de
3587 4506 3813 4559 Amana
3858 4510 3916 4561 et

2261 4586 2564 4658 Pharphar
2594 4585 2785 4641 ﬂuviis
2812 4586 3110 4657 Damasci;
3146 4608 3301 4646 nunc
3331 4593 3402 4647 de
3436 4594 3690 4649 fontibos
3723 4592 3916 4650 Salva-

491 4680 725 4753 phanis,
756 4679 973 4750 quibus
1023 4693 1181 4733 nunc
1231 4674 1373 4731 solis
1424 4676 1850 4747 propemodum
1898 4682 2145 4750 constat,
2180 4689 2224 4752 D
2258 4675 2401 4732 toris
2434 4692 2617 4747 aquas
2648 4676 2951 4744 hauriunt,
2987 4696 3141 4734 nunc
3172 4681 3243 4735 de
3289 4682 3557 4736 cisternis
3590 4684 3913 4754 dissipatis.

494 4768 640 4825 nihil
673 4772 883 4840 praeter
910 4765 1352 4823 acerbissimam
1378 4764 1594 4820 famem
1626 4764 2034 4839 lacrymasque
2062 4784 2150 4824 re-

492 4858 697 4914 lictum
723 4857 817 4913 sit.
838 4857 970 4927 Sed,
992 4873 1023 4911 o
1045 4857 1270 4924 beatos,
1293 4853 1391 4925 qui
1419 4858 1654 4926 prepter
1672 4854 1967 4910 Christum
1990 4856 2151 4927 (nam

496 4948 547 5004 is
578 4963 832 5019 quoque,
860 4950 926 5001 ut
954 4945 1105 5001 veris
1145 4949 1202 5001 et
1248 4943 1623 5014 sempiternis
1654 4944 1863 5016 opibus
1912 4962 2017 5001 nos
2049 4962 2151 5002 cu-

496 5036 767 5103 mularet,
818 5036 876 5091 in
926 5037 1182 5108 egestate
1227 5032 1369 5089 vixit
1398 5033 1462 5104 ‘8)
1513 5032 1861 5090 facultatum
1909 5051 2153 5091 suarum

498 5126 873 5199 naufragium
906 5142 1067 5197 aequo
1112 5123 1308 5179 animo
1342 5122 1574 5177 ferunt!
1609 5123 1804 5195 Longe
1833 5141 1965 5180 vero
2012 5126 2154 5181 bea-

496 5216 695 5287 tiores,
722 5215 821 5287 qui
873 5214 1056 5271 stolas
1087 5230 1227 5270 suas
1258 5212 1317 5267 in
1350 5213 1485 5285 agni
1532 5214 1818 5285 sanguine
1867 5212 2154 5284 laverunt,

498 5304 825 5376 quibusque
856 5321 970 5359 non
1004 5302 1118 5360 alia
1164 5302 1372 5358 mortis
1404 5319 1585 5357 causa
1636 5301 1764 5372 fuit,
1790 5320 1967 5374 quam
2000 5305 2156 5375 quod

500 5408 606 5449 nec
636 5392 964 5449 adulteram
997 5407 1101 5465 pro
1124 5406 1364 5464 sponsa,
1390 5406 1495 5445 nec
1525 5406 1724 5445 semen
1747 5390 2021 5447 Chanaan
2055 5408 2158 5465 pro

503 5483 726 5539 semine
754 5482 923 5549 Juda,
951 5497 1056 5538 nec
1078 5479 1433 5536 Absalonem
1456 5484 1557 5535 aut
1580 5478 1891 5538 Jeroboam
1916 5485 2018 5537 aut
2047 5482 2160 5539 Ta-

2260 4766 2327 4821 Et
2361 4765 2861 4837 quemadmodum
2906 4766 3183 4823 animalia
3214 4771 3479 4841 quaedam
3512 4776 3670 4837 sunt,
3693 4788 3820 4841 quas
3855 4773 3915 4826 in

2264 4859 2509 4926 utroque
2557 4852 2845 4909 elemento
2904 4856 3145 4928 degunt,
3179 4859 3251 4911 ob
3306 4875 3553 4929 eamque
3613 4876 3849 4914 causam
3886 4878 3920 4915 a

2260 4944 2474 4999 Graecis
2523 4936 2760 5018 ἀμφίϐια
2817 4946 3216 5012 nominantur,
3246 4952 3303 5002 et
3356 4954 3618 5003 monstra
3648 4951 3917 5021 quaedam

2261 5033 2556 5088 interdum
2607 5034 2917 5101 exsistunt,
2963 5034 3142 5090 altera
3189 5038 3449 5108 corporis
3500 5044 3659 5109 parte
3710 5040 3917 5094 huma-

2266 5139 2423 5191 nam,
2449 5121 2630 5176 altera
2661 5120 2980 5177 belluinam
3014 5124 3261 5179 formam
3286 5128 3678 5195 pra-ferentia;
3716 5129 3919 5182 codem

2266 5213 2439 5287 modo
2470 5210 2584 5281 ipsi
2617 5227 2720 5265 nec
2771 5211 2940 5281 plane
2978 5212 3307 5282 orthodoxi,
3342 5232 3445 5270 nec
3492 5222 3688 5287 aperte
3737 5216 3922 5271 heare-

2266 5301 2365 5356 tici
2398 5305 2557 5371 sunt,
2582 5301 2682 5355 sed
2743 5301 2998 5355 mediam
3053 5305 3374 5373 quamdam
3433 5304 3585 5360 inter
3642 5309 3923 5374 utrosque

2268 5389 2662 5445 conditionem
2697 5393 2915 5445 tenent.
2947 5391 3028 5446 Ita
3061 5390 3147 5446 vel
3179 5409 3312 5447 cum
3342 5393 3622 5448 Zacharia
3653 5394 3922 5449 obmute-

2270 5482 2464 5546 scunt,
2498 5478 2586 5534 vel
2620 5495 2753 5533 cum
2804 5479 3110 5536 dubitante
3155 5481 3322 5539 Petro
3373 5482 3557 5556 mergi
3606 5481 3921 5556 incipiunt,

573 5633 615 5668 ⁴⁷
646 5632 777 5690 Job.
808 5647 968 5705 xxxx,
1000 5635 1087 5692 15.
1166 5633 1211 5670 ⁴⁸
1243 5634 1296 5689 II
1325 5631 1454 5691 Cor.
1484 5649 1609 5705 vni,
1641 5632 1694 5691 9.
1772 5635 1818 5671 ‘9
1846 5632 2010 5692 Cant.
2043 5651 2107 5705 II,

2306 5633 2350 5669 ⁵ο
2380 5632 2519 5689 Luc.
2551 5645 2631 5700 ix,
2660 5630 2752 5687 58.
2828 5632 2872 5669 δι
2903 5632 3121 5693 Jerem.
3154 5651 3232 5710 ix,
3268 5637 3319 5695 1.

576 5786 696 5869 (69)
723 5786 971 5863 Tertul.,
1005 5787 1045 5847 l.
1078 5803 1155 5863 iv,
1186 5786 1309 5847 adv.
1340 5785 1505 5845 Marc.

2343 5784 2456 5865 (70)
2484 5782 2661 5845 Basil.
2695 5784 2723 5841 1
2757 5783 2932 5865 epist.
