4100 6426
262 407 381 466 323

1396 402 1671 465 JACOBI
1716 399 1951 463 BILLII
1996 399 2590 463 PREFATIONES.

3563 406 3682 464 324

254 539 376 608 jam
404 540 650 609 jamque
674 537 831 592 haud
865 536 1039 592 dubie
1065 553 1303 608 pessum
1330 535 1489 604 ituri,
1512 536 1622 591 nisi
1657 535 1923 590 Christus
1953 540 2008 605 Α
2037 535 2319 591 bertatem
2352 535 2676 589 vindicatos
2719 549 2846 588 esse
2893 531 3243 604 gloriantur,
3273 549 3400 588 eum
3431 537 3527 606 qui
3557 538 3687 591 emit

258 644 356 688 eos
391 645 570 682 manu
605 631 866 698 arreptos
897 626 952 680 in
990 626 1317 681 naviculam
1350 624 1669 680 retraxerit.

327 726 473 780 Sunt
518 723 637 790 alii,
693 725 792 795 qui
841 723 1075 778 tametsi
1125 724 1195 778 ab
1246 723 1404 778 omni
1458 723 1656 777 baresi
1707 721 1923 777 abhor-

255 816 443 878 reant,
477 812 716 880 perinde
747 817 938 865 tamen
975 816 1147 881 atque
1179 829 1276 866 eos
1301 811 1654 865 orthodoxiss
1685 811 1918 881 pudeat,

253 900 516 955 veritatis
551 899 942 970 patrocinium
966 901 1262 966 deserunt,
1294 917 1358 954 ac
1385 899 1626 976 nequid
1661 899 1774 953 odii
1811 899 1922 954 sibi

256 991 410 1061 apud
436 989 703 1043 homines
732 989 1002 1056 conﬂant,
1027 988 1239 1060 impias
1269 989 1551 1042 adversus
1581 989 1762 1042 Deum
1791 989 1920 1042 bas-

253 1078 519 1149 phemias
553 1077 747 1132 surdis
793 1077 1036 1132 auribus
1085 1077 1536 1132 transmittunt:
1587 1076 1756 1148 quasi
1791 1093 1921 1132 vero

253 1184 370 1222 non
404 1172 466 1223 ut
493 1167 650 1223 corde
696 1167 766 1221 ad
805 1168 1088 1237 justitiam
1133 1167 1398 1234 creditur,
1450 1168 1530 1220 sic
1568 1183 1664 1221 ore
1693 1183 1924 1237 quoque

251 1259 518 1326 confessio
568 1256 638 1310 ad
684 1256 916 1310 salutem
961 1256 1090 1325 ﬁeri
1141 1257 1184 1289 ⁵³
1236 1256 1461 1311 debeat.
1520 1256 1592 1309 Ad
1648 1273 1796 1326 quos
1827 1272 1921 1310 ac-

253 1347 488 1410 cedunt,
525 1345 624 1414 qui
657 1346 728 1400 ad
761 1345 1232 1400 adversariorum
1266 1346 1518 1416 gratiam
1551 1345 1775 1400 aditum
1810 1344 1920 1399 sibi

254 1433 550 1503 muniunt,
584 1451 649 1488 ac
682 1433 836 1488 velut
883 1435 1104 1489 amicos
1136 1439 1364 1504 parant,
1400 1436 1522 1504 qui,
1559 1435 1606 1488 si
1651 1434 1790 1488 forte
1822 1433 1921 1487 (le-

251 1525 504 1595 fecerint,
557 1526 825 1594 recipiant
885 1540 983 1578 eos
1041 1526 1102 1576 in
1156 1540 1254 1577 sua
1313 1524 1674 1577 tabernacula
1696 1523 1758 1575 53.
1820 1522 1920 1577 His

256 1628 370 1667 non
397 1612 569 1683 paulo
592 1611 993 1668 sceleratiores
1017 1611 1267 1666 habendi
1294 1616 1454 1681 sunt,
1479 1611 1577 1682 qui
1602 1612 1710 1666 sub
1726 1613 1920 1666 ovium

253 1700 402 1773 pelle
433 1701 603 1772 lupos
635 1700 862 1768 celant;
896 1718 1146 1772 quorum
1179 1718 1285 1755 vox
1337 1701 1574 1772 quidem
1605 1718 1713 1755 vox
1742 1700 1920 1756 Jacob

254 1795 365 1855 est,
397 1792 497 1845 sed
526 1795 581 1844 et
612 1807 822 1844 manus
853 1794 909 1845 et
941 1790 1176 1844 animus
1206 1790 1360 1844 Esau
1394 1794 1570 1856 sunt;
1603 1789 1703 1860 qui
1735 1791 1791 1844 in
1817 1791 1918 1845 Ec-

2033 641 2116 679 eos
2147 635 2425 694 negantes,
2458 640 2520 679 ac
2549 623 2984 694 superducentes,
3028 624 3137 677 sibi
3165 625 3393 678 celerem
3421 625 3683 695 perditio-

2033 730 2157 768 nem
2186 714 2248 768 ⁵⁸.
2283 714 2544 769 Ridendo
2577 722 2838 784 pereunt,
2876 712 3131 781 jocando
3182 712 3403 767 serium
3446 714 3685 770 exitium

2035 803 2143 858 sibi
2176 806 2502 857 accersunt.
2535 802 2605 855 Hi
2638 807 2779 856 sunt
2808 802 2922 855 veri
2958 801 3247 872 gigantes,
3281 801 3380 872 qui
3414 802 3688 874 blasphe-

2036 909 2192 947 mam
2227 893 2488 963 linguam
2521 891 2579 946 in
2613 891 2820 946 cceluin
2873 890 3138 960 mittunt,
3185 907 3250 946 ac
3283 898 3463 947 Deum
3499 893 3689 947 omni-

2032 986 2328 1053 potentem
2362 981 2540 1052 impio
2586 980 2735 1035 bello
2786 980 3119 1036 lacessunt:
3175 997 3321 1050 quos
3370 982 3429 1036 in
3460 987 3690 1037 Satanas

2033 1070 2259 1141 peculio
2285 1071 2409 1140 jam
2441 1087 2568 1125 esse
2608 1069 2904 1140 quispiam
2954 1086 3069 1124 non
3119 1071 3411 1126 immerito
3458 1070 3688 1126 dixerit.

2033 1159 2248 1229 quippe
2281 1159 2380 1230 qui
2431 1164 2676 1213 mternas
2728 1157 3065 1212 inimicitias
3115 1175 3249 1213 cum
3300 1176 3364 1214 eo
3415 1176 3689 1229 suscepe-

2033 1249 2172 1314 rint,
2207 1248 2304 1318 qui
2338 1247 2500 1302 solus
2531 1246 2675 1318 ipsis
2723 1247 2941 1301 mederi
2986 1252 3229 1317 poterat.
3281 1247 3396 1303 Hos
3429 1265 3542 1302 non
3578 1251 3688 1303 mi-

2033 1354 2144 1393 nus
2175 1354 2352 1407 quam
2389 1336 2751 1407 Epiphanius
2773 1338 3084 1390 Anomoeos
3109 1337 3244 1407 (72),
3272 1356 3292 1386 ι
3329 1337 3540 1409 virgini
3572 1356 3692 1393 eor-

2033 1432 2236 1496 ruptaz,
2271 1442 2456 1491 σωθῶ,
2502 1425 2712 1491 surdas,
2767 1429 2825 1479 et
2874 1430 3047 1478 mutae
3097 1442 3438 1495 comparare
3483 1442 3692 1497 possu-

2033 1531 2188 1582 mus,
2221 1532 2396 1585 quam
2433 1531 2601 1569 nemo
2634 1518 2967 1585 corruptam
3001 1530 3127 1569 esse
3169 1514 3391 1570 nescit:
3428 1535 3457 1563 »
3490 1521 3694 1586 rogata

2031 1607 2226 1658 autem
2261 1621 2294 1658 a
2327 1620 2443 1675 quo
2475 1607 2749 1673 corrupta
2797 1603 2893 1669 sit,
2928 1620 3041 1658 non
3097 1604 3280 1670 audit,
3316 1603 3454 1674 quia
3486 1606 3686 1672 surda,

2032 1709 2136 1747 nec
2167 1709 2302 1747 eum
2336 1693 2502 1758 vidit,
2534 1691 2674 1763 quia
2719 1709 2888 1759 ceca,
2924 1708 3030 1747 nec
3079 1691 3271 1747 dicere
3301 1696 3511 1765 potest,
3547 1694 3686 1765 quia

2031 1786 2215 1837 muta.

254 1879 441 1934 clesiae
473 1895 712 1950 corpore
746 1879 824 1932 ita
864 1887 1021 1948 sunt,
1058 1884 1120 1932 ut
1149 1879 1327 1933 Sinon
1382 1878 1441 1932 in
1474 1878 1616 1932 urbe
1644 1878 1917 1948 Trojana,
1953 1914 1998 1978 B
2102 1880 2449 1950 Quanquam
2483 1879 2622 1950 quid
2659 1884 2854 1935 mutos
2884 1895 2984 1934 eos
3020 1878 3228 1950 apello,
3269 1879 3356 1951 ιιιί
3390 1897 3506 1936 non
3537 1881 3678 1952 jam,

251 1968 342 2023 vel
375 1972 439 2022 ut
467 1967 652 2022 Judas
683 1967 742 2021 in
775 1984 960 2022 caena.
991 1967 1170 2022 Nemo
1215 1973 1302 2021 est
1332 1966 1431 2037 qui
1464 1967 1724 2021 oratione
1755 1983 1921 2021 asse-

260 2057 357 2128 qui
393 2056 598 2125 possit,
630 2061 909 2128 quantam
943 2056 1043 2110 isti
1075 2057 1326 2112 versutis
1357 2056 1481 2111 suis
1505 2054 1766 2109 consiliis
1796 2072 1921 2126 per-

256 2146 472 2201 niciem
544 2146 874 2216 reipublicaa
933 2146 1274 2200 Christianae
1335 2144 1593 2216 quotidie
1654 2145 1916 2199 afferant.

258 2234 396 2290 Plus
445 2235 671 2290 artibus
720 2236 845 2290 suis
895 2236 1175 2299 efﬁciunt,
1228 2251 1404 2305 quam
1457 2234 1676 2288 ferrum
1722 2250 1919 2301 omne,

261 2339 443 2394 quam
472 2323 557 2377 vis
589 2323 814 2378 ormnis
848 2340 1167 2377 armorum.
1200 2325 1278 2377 Ac
1301 2329 1605 2394 propterea
1635 2321 1750 2376 illis
1781 2338 1915 2376 cum

259 2412 438 2467 totius
462 2413 664 2466 mundi
691 2412 967 2467 seandalo
991 2430 1022 2466 a
1045 2412 1166 2467 suis
1191 2411 1511 2483 coryphaeis
1535 2412 1916 2481 permittitur,

257 2501 619 2571 religionem,
653 2519 826 2571 quam
863 2506 1050 2555 morte
1087 2502 1257 2571 pejus
1307 2502 1575 2567 oderunt,
1611 2500 1912 2567 simulare,

260 2590 722 2645 orthodoxorum
783 2589 1000 2662 templa
1041 2589 1220 2660 adire,
1255 2589 1334 2644 rei
1365 2606 1541 2644 sacrae
1608 2588 1913 2655 interesse,

256 2679 485 2749 aliaque
515 2678 735 2743 omnia,
768 2695 897 2748 quae
929 2683 1087 2732 secta
1109 2683 1460 2744 exsecratur,
1487 2679 1673 2732 facere
1703 2695 1715 2743 ;
1749 2677 1915 2732 dum-

259 2769 431 2822 modo
481 2768 586 2822 hac
635 2767 1008 2821 simulatione
1060 2767 1369 2821 factionem
1425 2768 1762 2836 provehant.
1812 2766 1912 2821 Hic

259 2857 516 2927 profecto
548 2856 688 2910 mihi
736 2855 1025 2911 succurrit
1068 2855 1210 2909 illud
1259 2854 1530 2927 Augusti,
1565 2855 1662 2925 qui
1695 2870 1763 2909 ex
1794 2859 1912 2910 tota

257 2961 326 2999 ea
358 2943 760 3015 suppellectile
812 2961 988 3014 quam
1034 2945 1288 2998 moriens
1320 2944 1559 3015 quidam
1614 2944 1910 2998 Romanus

254 3032 545 3087 immenso
578 3051 684 3086 aere
716 3032 904 3086 alieno
936 3033 1181 3088 obrutus
1209 3032 1543 3103 reliquerat,
1576 3032 1788 3087 lectum
1823 3048 1912 3086 so-

255 3120 378 3176 lum
413 3123 725 3176 emendum
761 3122 1005 3189 curavit,
1039 3124 1191 3190 quod
1237 3122 1358 3175 ﬁeri
1405 3138 1518 3176 non
1554 3139 1722 3192 posse
1755 3121 1909 3176 dice-

254 3217 364 3281 ret,
400 3211 543 3282 quin
576 3208 746 3281 longe
777 3213 1037 3281 optimus
1076 3215 1252 3275 esset,
1286 3211 1343 3263 in
1394 3228 1508 3280 quo
1543 3212 1717 3265 homo
1748 3213 1910 3264 tanta

2032 1973 2094 2023 ut
2123 1969 2285 2034 olim,
2314 1969 2671 2040 impietatem
2723 1973 2951 2040 pectore
3000 1968 3261 2023 clausam
3311 1973 3532 2034 tenent,
3567 1987 3682 2026 non

2029 2057 2089 2111 in
2122 2057 2373 2129 angulis,
2402 2064 2466 2111 ut
2488 2076 2692 2130 nuper,
2714 2058 3046 2123 etfundunt,
3072 2058 3172 2112 sed
3196 2058 3254 2112 in
3281 2059 3549 2114 omnium
3568 2059 3684 2130 ple-

2029 2162 2277 2216 rumque
2305 2146 2490 2201 oculis
2549 2152 2721 2217 atque
2768 2151 3079 2216 conspectu
3141 2162 3209 2200 ex
3256 2163 3353 2200 ore
3385 2148 3680 2203 teterrimo

2028 2241 2327 2301 evomunt,
2360 2241 2678 2307 portasque
2726 2236 2999 2306 aperiunt
3037 2252 3151 2289 non
3192 2235 3438 2305 justitiae
3486 2237 3550 2301 ⁵⁷,
3578 2236 3678 2290 sed

2027 2324 2324 2379 atheismi.
2359 2325 2425 2379 Hi
2461 2325 2509 2379 si
2541 2325 2770 2395 superis
2817 2325 3023 2396 placet,
3075 2324 3405 2394 Scripturas
3449 2340 3680 2396 quoque

2027 2414 2349 2483 proferunt,
2378 2431 2526 2484 quas
2554 2413 2766 2482 rident,
2802 2430 2905 2468 nec
2935 2414 3086 2468 serio
3109 2429 3171 2468 se
3197 2429 3388 2484 agere,
3421 2415 3522 2469 sed
3553 2419 3680 2469 tan-

2025 2504 2150 2555 tum
2185 2501 2486 2573 disputare
2507 2502 2653 2557 velle
2685 2503 3030 2573 proﬁtentur
3057 2519 3069 2558 :
3097 2517 3160 2556 ac
3187 2502 3484 2558 Christum
3517 2519 3683 2559 oscu-

2024 2587 2241 2658 lantur,
2276 2597 2341 2646 ut
2372 2591 2656 2661 prodant;
2695 2591 2802 2646 hoc
2839 2596 2948 2655 est,
2979 2590 3304 2645 doctrinam
3337 2608 3566 2647 sacram
3599 2591 3682 2647 al-

2023 2675 2240 2748 legant,
2275 2683 2341 2733 ut
2370 2683 2651 2734 evertant.
2686 2681 2942 2743 Quorum
2967 2678 3075 2734 hac
3097 2684 3444 2749 tempestate
3476 2683 3678 2734 tantus

2021 2773 2337 2836 proventus
2369 2772 2476 2834 est,
2511 2773 2574 2822 ut
2605 2785 2720 2822 non
2753 2768 2880 2822 sine
2911 2785 3089 2823 causa
3118 2768 3269 2839 apud
3303 2773 3594 2823 nostrates
3616 2770 3674 2824 in

2021 2856 2394 2926 proverbium
2426 2856 2654 2926 abierit,
2687 2856 2900 2911 Noxias
2930 2856 3141 2910 herbas
3173 2856 3287 2911 cito
3320 2871 3669 2912 exarescere.

2021 2966 2049 2993 «
2097 2945 2211 3016 (73)
2262 2945 2356 3000 Sic
2405 2945 2604 3000 inanes
2650 2944 2829 3017 palea:
2877 2949 3224 3016 tempestate
3265 2947 3585 3015 jactentur,
3618 2951 3676 3001 et

2017 3031 2286 3086 invalida:
2319 3035 2554 3089 arbores
2585 3034 2840 3088 turbinis
2884 3033 3217 3088 incursione
3249 3039 3608 3090 evertuntur.
3641 3054 3667 3088 ι

2019 3121 2123 3176 Sed
2159 3139 2476 3193 quanquan
2516 3122 2678 3176 nulla
2706 3123 3009 3193 capitalior
3040 3123 3222 3193 pestis
3251 3123 3323 3177 ab
3355 3122 3674 3179 infestissi-

2021 3226 2112 3264 mo
2144 3211 2375 3280 generis
2424 3212 2607 3266 nostri
2662 3211 2828 3266 hoste
2873 3211 3188 3283 excogitari
3241 3217 3449 3283 potest,
3497 3229 3671 3282 quam

256 3299 390 3354 azris
416 3299 590 3354 alieni
626 3298 777 3354 mole
807 3314 1123 3369 oppressus
1157 3315 1362 3353 somno
1415 3300 1722 3355 frueretur.
1759 3297 1910 3352 Con-
1944 3283 1985 3347 (ἶ
2024 3298 2300 3354 haeresis:
2353 3318 2420 3354 ex
2467 3318 2535 3354 ea
2578 3305 2774 3355 tamen
2828 3300 2937 3355 hoc
2991 3301 3283 3355 commodi
3336 3300 3671 3370 percipitur.

257 3388 436 3443 simili
468 3389 622 3444 enim
658 3389 829 3443 modo
854 3387 1230 3442 ﬁrmissimas
1254 3403 1319 3440 ac
1347 3387 1550 3441 robore
1581 3386 1917 3458 triplicique

256 3495 386 3546 aere,
421 3481 486 3531 ut
517 3477 613 3532 ille
646 3477 726 3532 ait
756 3478 889 3548 (71),
925 3476 1199 3546 obseptas
1246 3492 1374 3530 esse
1405 3475 1748 3546 hujusmodi
1779 3492 1917 3530 con-

254 3565 531 3622 scientias
563 3583 798 3622 necesse
830 3570 938 3637 est,
980 3582 1106 3636 qua:
1157 3565 1215 3620 in
1249 3571 1412 3620 tanto
1454 3564 1670 3621 scelere
1699 3581 1918 3621 securae

253 3655 699 3725 conquiescunt.

322 3752 427 3807 Est
455 3752 614 3807 aliud
640 3753 948 3808 hominum
974 3769 1160 3825 genus
1193 3769 1441 3825 quorum
1477 3751 1640 3807 salus
1671 3769 1774 3824 spe
1796 3753 1915 3807 exi-

261 3857 377 3912 gua
409 3847 783 3912 extremaque
816 3844 1047 3912 pendet;
1073 3860 1138 3898 ac
1169 3858 1347 3913 prope
1380 3841 1681 3913 deplorata
1708 3846 1815 3908 est,
1849 3846 1915 3898 ut

262 3946 379 3983 non
412 3935 533 3985 tam
567 3931 813 3999 medico,
839 3948 1014 4001 quam
1045 3932 1292 3996 Christo,
1316 3932 1414 4002 qui
1441 3936 1700 3986 mortuos
1733 3932 1916 3986 susci-

252 4021 358 4085 tat,
410 4036 556 4090 opus
608 4021 816 4075 habere
853 4021 1183 4075 videantur.
1245 4022 1319 4075 De
1369 4019 1462 4074 his
1508 4019 1717 4091 loquor
1765 4037 1914 4092 quos

253 4109 561 4178 aptissimo
594 4110 827 4164 nomine
860 4108 1256 4182 ἀπηλγηκότας
1308 4111 1624 4180 Apostolus
1655 4119 1820 4166 vocat
1846 4113 1912 4180 ⁵⁸,

254 4195 352 4266 qui
389 4201 451 4250 ut
482 4197 538 4250 in
569 4197 681 4251 Nili
715 4200 1020 4270 catadupis
1053 4201 1124 4254 ad
1161 4200 1382 4254 ruentis
1425 4199 1684 4254 ﬂuminis
1720 4202 1910 4272 frago-

251 4300 376 4338 rem
445 4284 646 4340 incolre
707 4287 1140 4342 obsurdescunt
1205 4288 1287 4342 ita
1355 4287 1437 4342 illi
1497 4294 1911 4359 perpetuarum

253 4373 718 4444 disputationum
772 4377 940 4431 taedio
1000 4376 1162 4431 fracti
1223 4381 1400 4448 atque
1456 4377 1662 4442 enecti,
1708 4394 1912 4434 omnes

252 4462 315 4517 in
349 4461 684 4517 universum
721 4464 1030 4536 religiones
1062 4482 1325 4537 peraeque
1343 4471 1706 4538 aversantur,
1740 4472 1912 4538 atque

253 4551 312 4605 in
397 4551 692 4622 pestilenti
773 4553 1100 4609 derisorum
1178 4553 1457 4609 cathedra
1533 4554 1642 4609 sibi
1711 4557 1908 4611 sedem

2029 3389 2182 3458 quod
2211 3388 2347 3442 hinc
2380 3388 2587 3455 elucet,
2621 3389 2722 3460 qui
2754 3388 2940 3460 probi,
2977 3389 3075 3459 qui
3107 3389 3281 3443 fucati
3315 3394 3488 3460 atque
3519 3387 3679 3443 adul-

2025 3476 2200 3532 terini
2231 3477 2545 3532 Christiani
2595 3478 2732 3532 sint.
2783 3478 3004 3532 Necesse
3048 3485 3144 3543 est,
3201 3477 3392 3549 inquit
3436 3479 3676 3547 Aposto-

2024 3565 2118 3620 lus
2150 3567 2213 3635 ⁵⁸,
2247 3565 2479 3622 haereses
2521 3582 2654 3638 esse,
2705 3575 2762 3621 ut
2799 3568 2897 3638 qui
2944 3566 3168 3636 probati
3215 3575 3364 3634 sunt,
3395 3568 3682 3637 manifesti

2024 3655 2182 3724 ﬁant.
2213 3655 2406 3710 Rebus
2439 3654 2776 3726 tranquillis
2807 3658 2864 3710 et
2896 3655 3137 3725 pacatis,
3164 3655 3330 3710 fortis
3362 3660 3417 3711 et
3447 3672 3684 3727 genero-

2025 3759 2128 3799 sus
2160 3743 2329 3799 miles
2363 3743 2434 3797 ab
2457 3743 2663 3814 ignavo
2686 3747 2741 3798 et
2761 3741 2968 3796 timido
2988 3741 3304 3796 internosci
3329 3758 3441 3796 non
3468 3745 3680 3814 potest.

2023 3835 2095 3888 At
2124 3838 2320 3888 exorto
2344 3831 2493 3886 bello
2526 3831 2666 3902 quid
2687 3831 2839 3885 inter
2865 3835 3180 3900 utrumque
3210 3830 3584 3885 descriminis
3609 3829 3685 3886 sit

2024 3921 2191 3977 facile
2221 3922 2592 3992 perspicitur.
2625 3919 2784 3974 Alter
2814 3920 3013 3975 statim
3045 3919 3270 3990 abjecto
3303 3924 3468 3976 scuto
3502 3920 3684 3991 turpi-

2023 4015 2112 4066 ter
2141 4027 2203 4066 se
2233 4011 2290 4066 in
2324 4011 2523 4082 fugam
2570 4010 2842 4080 conjicit:
2902 4007 3048 4064 alter
3096 4008 3371 4080 periculis
3404 4009 3682 4064 omnibus

2024 4116 2237 4171 magno
2269 4105 2443 4170 atque
2473 4099 2762 4170 intrepido
2794 4099 2990 4154 animo
3022 4114 3150 4153 sese
3178 4099 3367 4154 oﬂert.
3399 4099 3550 4162 Quot
3581 4101 3681 4153 ho-

2022 4188 2211 4243 mines
2243 4187 2646 4260 superioribus
2695 4188 2854 4243 hisce
2888 4187 3057 4242 annis
3107 4187 3380 4256 vidimus,
3412 4187 3513 4258 qui
3544 4205 3678 4242 cum

2022 4276 2374 4332 orthodoxia:
2407 4277 2662 4348 speciem
2695 4277 2854 4331 omni
2885 4277 3002 4331 vita
3031 4294 3144 4348 prie
3181 4293 3245 4332 se
3276 4275 3568 4344 tulissent,
3604 4276 3676 4330 ad

2023 4366 2241 4439 primas
2273 4366 2463 4422 noctis
2493 4365 2765 4421 tenebras
2789 4366 2846 4420 in
2869 4365 3098 4422 Christo
3121 4364 3496 4421 scandalizati
3514 4369 3676 4432 sunt,

2020 4472 2187 4527 eoque
2228 4457 2424 4511 relicto
2470 4458 2736 4526 fugerunt
2785 4455 2848 4519 5°,
2900 4454 3018 4510 imo
3068 4452 3559 4527 transfugerunt?
3614 4453 3680 4509 Et

2021 4545 2118 4618 qui
2152 4543 2282 4616 plus
2328 4561 2502 4616 quam
2551 4542 2783 4613 trabali,
2833 4548 2896 4598 ut
2943 4544 3128 4612 aiunt,
3179 4543 3340 4599 clavo
3389 4543 3449 4598 in
3483 4542 3680 4598 Eccle-

252 4640 441 4712 ﬁgunt
474 4641 536 4695 ⁵⁵.
574 4641 640 4695 Hi
674 4646 906 4697 tantum
951 4644 1116 4699 abest
1165 4648 1228 4698 ut
1259 4644 1366 4699 hac
1417 4660 1612 4698 rerum
1644 4646 1910 4700 omnium
1943 4652 1988 4716 D
2023 4634 2110 4689 δίει
2146 4634 2240 4688 ΠΧῘ
2291 4651 2419 4689 3838
2467 4633 2835 4703 Videbantur,
2884 4649 3059 4703 seque
3109 4632 3308 4688 Isne“
3363 4649 3467 4704 Ι)Γο
3510 4649 3680 4688 ΠωΓο

251 4731 688 4801 perturbatione
716 4739 1215 4800 commoveantur,
1251 4737 1315 4788 ut
1355 4732 1529 4788 etiam
1563 4750 1632 4788 ex
1663 4734 1912 4805 publicis

252 4819 689 4876 calamitatibus
738 4824 1097 4878 uberrimam
1151 4823 1303 4878 risus
1370 4838 1622 4877 messem
1675 4824 1907 4878 faciant.

255 4906 489 4977 Omnes,
551 4927 700 4980 quos
760 4911 1025 4966 Ecclesia
1103 4928 1282 4966 causa
1337 4911 1487 4966 serio
1547 4911 1745 4981 afﬁcit,
1807 4929 1910 4984 pro

255 4997 452 5049 stultis
510 5002 564 5051 et
624 4999 850 5054 insanis
930 5000 1166 5067 habent,
1228 5017 1293 5055 ac
1351 5002 1421 5054 de
1480 5000 1615 5055 lana
1672 5002 1912 5073 caprina

255 5086 602 5140 contendere
636 5091 808 5158 atque
842 5090 991 5146 inter
1023 5106 1083 5145 se
1117 5088 1382 5145 altercari
1417 5090 1602 5144 aiunt.
1636 5095 1914 5162 Compen-

254 5172 504 5229 diariam
530 5175 679 5231 viam
704 5179 774 5231 ad
801 5178 1263 5251 tranquilitatem
1287 5195 1415 5233 esse
1448 5184 1687 5233 censent
1710 5177 1908 5253 ἀθεΐαν,

254 5261 498 5333 ejusque
532 5262 808 5320 beneﬁcio
841 5285 903 5322 se
935 5285 1002 5322 ex
1049 5267 1399 5340 gravissima
1445 5267 1722 5323 servitute
1748 5269 1806 5324 in
1838 5269 1906 5325 li-

2023 4725 2253 4779 futuros
2283 4723 2690 4788 ostendebant,
2725 4721 2836 4793 ipsi
2867 4721 3039 4794 primi
3091 4722 3410 4776 foedissime
3440 4736 3680 4776 corrue-

2021 4814 2212 4869 runt?

2093 4913 2210 4968 Hoc
2242 4928 2376 4984 ergo
2411 4912 2632 4967 bonum
2665 4909 2860 4965 attulit
2890 4910 3150 4979 haeresis,
3186 4909 3339 4978 quod
3369 4914 3427 4965 et
3466 4909 3679 4966 horum

2021 5001 2461 5057 simulationem
2513 4998 2788 5072 prodidit,
2840 5004 2896 5054 et
2943 5000 3232 5054 bonorum
3283 4998 3679 5055 constantiam

2022 5091 2321 5161 animique
2355 5088 2820 5161 magnitudinem
2871 5087 3203 5144 declaravit.
3239 5088 3371 5144 Fuit
3409 5104 3545 5158 ergo
3580 5087 3680 5142 illa

2023 5181 2193 5252 quasi
2227 5179 2376 5250 lapis
2408 5179 2650 5249 quidam
2672 5176 2965 5233 heraclius
2989 5194 3190 5232 verum
3223 5194 3435 5232 aurum
3468 5193 3501 5230 a
3533 5175 3678 5231 falso

2022 5270 2385 5337 discernens,
2420 5267 2589 5339 quasi
2619 5267 2771 5338 ignis
2801 5267 3126 5324 contrarias
3163 5266 3435 5321 materias
3467 5263 3680 5319 distin-

331 5414 573 5496 f’liom.
608 5418 784 5496 x,_10.
824 5421 1074 5496 __53__Luc_.
1125 5439 1236 5493 xvr,
1287 5423 1351 5496 9.
1374 5494 1386 5496 Α
1421 5422 1466 5459 ⁵⁸
1494 5421 1705 5492 Ephes.
1770 5440 1846 5492 IV,
1898 5426 1985 5483 19.
2063 5427 2108 5461 ⁵⁸
2138 5423 2292 5482 Peal.
2324 5441 2366 5493 1,
2399 5425 2450 5480 1.
2527 5423 2570 5458 ⁵⁸
2605 5423 2653 5479 II
2697 5427 2851 5479 Petr.
2887 5441 2948 5496 ιι,
2983 5424 3033 5479 1.
3111 5424 3154 5458 ⁵⁷
3185 5423 3339 5479 Psal.
3372 5438 3541 5492 cxvu,
3578 5422 3664 5480 19.

258 5481 302 5517 ⁸⁸
330 5490 352 5538 Ι
386 5488 515 5542 Cor.
549 5502 627 5551 x1,
662 5487 744 5541 19.
823 5492 866 5526 59
897 5492 1103 5548 Matth.
1137 5481 1292 5564 xxvi,
1322 5494 1414 5547 56.

352 5658 444 5726 71)
476 5654 675 5726 ῌριναῐ.
711 5658 778 5715 II.
811 5678 829 5716 ι
860 5666 1070 5726 Carm.
1103 5667 1197 5722 od.
1229 5665 1283 5723 3.

352 5661 444 5726 71)
476 5661 675 5710 Horat.
711 5661 778 5715 II.
811 5678 829 5716 ι
860 5666 1044 5721 Carm.
1103 5667 1197 5722 od.

327 5661 442 5803 272)
479 5724 605 5780 Lib.
640 5743 721 5801 ιιι,
757 5735 798 5788 t.
835 5734 879 5808 I,
910 5711 1202 5808 pag.’990.

2100 5670 2209 5746 (73)
2242 5668 2434 5742 Cypra,
2469 5667 2541 5724 De
2568 5668 2709 5724 unit.
2735 5667 2902 5736 Each,
2937 5685 2991 5742 p.
3030 5669 3152 5727 197.
