  <div class='ocr_page' id='page_1' title='image "/cluster/home/n/w/nwhite01/storage/ocr_20150623/35:no.1/coo.31924054869320/168.png"; bbox 0 0 4100 6424; ppageno 0'>
   <div class='ocr_carea' id='block_1_1' title="bbox 366 416 487 476">
    <p class='ocr_par' dir='ltr' id='par_1_1' title="bbox 366 416 487 476">
     <span class='ocr_line' id='line_1_1' title="bbox 366 416 487 476; baseline 0 -1"><span class='ocrx_word' id='word_1_1' title='bbox 366 416 487 476; x_wconf 75' lang='lat'>325</span> 
     </span>
    </p>
   </div>
   <div class='ocr_carea' id='block_1_2' title="bbox 1514 404 2712 469">
    <p class='ocr_par' dir='ltr' id='par_1_2' title="bbox 1514 404 2712 469">
     <span class='ocr_line' id='line_1_2' title="bbox 1514 404 2712 469; baseline -0.003 0"><span class='ocrx_word' id='word_1_2' title='bbox 1514 404 1785 469; x_wconf 83' lang='lat' dir='ltr'>JACOBI</span> <span class='ocrx_word' id='word_1_3' title='bbox 1831 406 2058 467; x_wconf 84' lang='lat' dir='ltr'>BILLIl</span> <span class='ocrx_word' id='word_1_4' title='bbox 2110 404 2684 467; x_wconf 66' lang='lat' dir='ltr'>PREFATIONES</span> <span class='ocrx_word' id='word_1_5' title='bbox 2698 451 2712 465; x_wconf 93' lang='lat'>.</span> 
     </span>
    </p>
   </div>
   <div class='ocr_carea' id='block_1_3' title="bbox 3679 412 3797 472">
    <p class='ocr_par' dir='ltr' id='par_1_3' title="bbox 3679 412 3797 472">
     <span class='ocr_line' id='line_1_3' title="bbox 3679 412 3797 472; baseline 0.008 -1"><span class='ocrx_word' id='word_1_6' title='bbox 3679 412 3797 472; x_wconf 75' lang='lat'>326</span> 
     </span>
    </p>
   </div>
   <div class='ocr_carea' id='block_1_4' title="bbox 365 537 3815 621">
    <p class='ocr_par' dir='ltr' id='par_1_4' title="bbox 365 537 3815 621">
     <span class='ocr_line' id='line_1_4' title="bbox 365 537 3815 621; baseline -0.001 -18"><span class='ocrx_word' id='word_1_7' title='bbox 365 564 574 621; x_wconf 91' lang='lat' dir='ltr'>guens,</span> <span class='ocrx_word' id='word_1_8' title='bbox 609 544 779 617; x_wconf 88' lang='lat' dir='ltr'>quasi</span> <span class='ocrx_word' id='word_1_9' title='bbox 817 542 1213 599; x_wconf 84' lang='lat' dir='ltr'>ventilabrum</span> <span class='ocrx_word' id='word_1_10' title='bbox 1265 540 1492 613; x_wconf 81' lang='lat' dir='ltr'>paleam</span> <span class='ocrx_word' id='word_1_11' title='bbox 1546 558 1579 595; x_wconf 87' lang='lat' dir='ltr'>a</span> <span class='ocrx_word' id='word_1_12' title='bbox 1621 539 1811 595; x_wconf 91' lang='lat' dir='ltr'>tritico</span> <span class='ocrx_word' id='word_1_13' title='bbox 1861 555 2025 611; x_wconf 88' lang='lat' dir='ltr'>sepa-</span> <span class='ocrx_word' id='word_1_14' title='bbox 2057 540 2113 605; x_wconf 81' lang='grc' dir='ltr'><strong>Α</strong></span> <span class='ocrx_word' id='word_1_15' title='bbox 2144 538 2348 609; x_wconf 86' lang='lat' dir='ltr'>spicio,</span> <span class='ocrx_word' id='word_1_16' title='bbox 2377 537 3007 610; x_wconf 86' lang='lat' dir='ltr'>immortaliquelaude</span> <span class='ocrx_word' id='word_1_17' title='bbox 3030 539 3240 612; x_wconf 89' lang='lat' dir='ltr'>dignos</span> <span class='ocrx_word' id='word_1_18' title='bbox 3262 541 3563 599; x_wconf 82' lang='lat' dir='ltr'>existimo:</span> <span class='ocrx_word' id='word_1_19' title='bbox 3595 544 3815 616; x_wconf 85' lang='lat' dir='ltr'>quippe</span> 
     </span>
    </p>
   </div>
   <div class='ocr_carea' id='block_1_5' title="bbox 367 629 2035 705">
    <p class='ocr_par' dir='ltr' id='par_1_5' title="bbox 367 629 2035 705">
     <span class='ocr_line' id='line_1_5' title="bbox 367 629 2035 705; baseline -0.006 -13"><span class='ocrx_word' id='word_1_20' title='bbox 367 654 507 694; x_wconf 90' lang='lat' dir='ltr'>rans</span> <span class='ocrx_word' id='word_1_21' title='bbox 537 637 603 704; x_wconf 79' lang='grc' dir='ltr'>⁸ο,</span> <span class='ocrx_word' id='word_1_22' title='bbox 632 635 886 705; x_wconf 91' lang='lat' dir='ltr'>denique</span> <span class='ocrx_word' id='word_1_23' title='bbox 916 634 1083 703; x_wconf 89' lang='lat' dir='ltr'>quasi</span> <span class='ocrx_word' id='word_1_24' title='bbox 1117 635 1327 687; x_wconf 88' lang='lat' dir='ltr'>ventus</span> <span class='ocrx_word' id='word_1_25' title='bbox 1360 634 1415 685; x_wconf 90' lang='lat' dir='ltr'>et</span> <span class='ocrx_word' id='word_1_26' title='bbox 1444 629 1642 701; x_wconf 84' lang='lat' dir='ltr'>pluvia</span> <span class='ocrx_word' id='word_1_27' title='bbox 1675 629 1889 701; x_wconf 85' lang='lat' dir='ltr'>quibus</span> <span class='ocrx_word' id='word_1_28' title='bbox 1916 645 2035 699; x_wconf 85' lang='lat' dir='ltr'>per-</span> 
     </span>
    </p>
   </div>
   <div class='ocr_carea' id='block_1_6' title="bbox 371 719 2041 797">
    <p class='ocr_par' dir='ltr' id='par_1_6' title="bbox 371 719 2041 797">
     <span class='ocr_line' id='line_1_6' title="bbox 371 719 2041 797; baseline -0.005 -17"><span class='ocrx_word' id='word_1_29' title='bbox 371 725 644 797; x_wconf 89' lang='lat' dir='ltr'>spicuum</span> <span class='ocrx_word' id='word_1_30' title='bbox 681 724 861 789; x_wconf 84' lang='lat' dir='ltr'>ﬁeret,</span> <span class='ocrx_word' id='word_1_31' title='bbox 898 722 993 792; x_wconf 85' lang='lat' dir='ltr'>qui</span> <span class='ocrx_word' id='word_1_32' title='bbox 1019 721 1077 775; x_wconf 92' lang='lat' dir='ltr'>in</span> <span class='ocrx_word' id='word_1_33' title='bbox 1102 720 1212 775; x_wconf 82' lang='lat' dir='ltr'>levi</span> <span class='ocrx_word' id='word_1_34' title='bbox 1238 737 1434 785; x_wconf 81' lang='lat' dir='ltr'>arena,</span> <span class='ocrx_word' id='word_1_35' title='bbox 1462 719 1560 790; x_wconf 89' lang='lat' dir='ltr'>qui</span> <span class='ocrx_word' id='word_1_36' title='bbox 1584 719 1643 773; x_wconf 89' lang='lat' dir='ltr'>in</span> <span class='ocrx_word' id='word_1_37' title='bbox 1667 720 1837 773; x_wconf 80' lang='lat' dir='ltr'>firma</span> <span class='ocrx_word' id='word_1_38' title='bbox 1877 723 2041 789; x_wconf 87' lang='lat' dir='ltr'>petra</span> 
     </span>
    </p>
   </div>
   <div class='ocr_carea' id='block_1_7' title="bbox 374 806 2039 878">
    <p class='ocr_par' dir='ltr' id='par_1_7' title="bbox 374 806 2039 878">
     <span class='ocr_line' id='line_1_7' title="bbox 374 806 2039 878; baseline -0.004 -11"><span class='ocrx_word' id='word_1_39' title='bbox 374 812 512 867; x_wconf 82' lang='lat' dir='ltr'>fidei</span> <span class='ocrx_word' id='word_1_40' title='bbox 548 829 664 867; x_wconf 84' lang='lat' dir='ltr'>sua</span> <span class='ocrx_word' id='word_1_41' title='bbox 699 811 1077 866; x_wconf 85' lang='lat' dir='ltr'>fundamenta</span> <span class='ocrx_word' id='word_1_42' title='bbox 1126 809 1496 878; x_wconf 74' lang='lat' dir='ltr'>jecissent‘“.</span> <span class='ocrx_word' id='word_1_43' title='bbox 1535 807 1729 863; x_wconf 81' lang='lat' dir='ltr'>Rebus</span> <span class='ocrx_word' id='word_1_44' title='bbox 1779 806 1926 861; x_wconf 83' lang='lat' dir='ltr'>latis</span> <span class='ocrx_word' id='word_1_45' title='bbox 1980 807 2039 860; x_wconf 92' lang='lat' dir='ltr'>in</span> 
     </span>
    </p>
   </div>
   <div class='ocr_carea' id='block_1_8' title="bbox 379 894 2041 966">
    <p class='ocr_par' dir='ltr' id='par_1_8' title="bbox 379 894 2041 966">
     <span class='ocr_line' id='line_1_8' title="bbox 379 894 2041 966; baseline -0.005 -10"><span class='ocrx_word' id='word_1_46' title='bbox 379 900 756 956; x_wconf 91' lang='lat' dir='ltr'>adulatorum</span> <span class='ocrx_word' id='word_1_47' title='bbox 788 899 962 954; x_wconf 88' lang='lat' dir='ltr'>turba</span> <span class='ocrx_word' id='word_1_48' title='bbox 994 897 1207 953; x_wconf 78' lang='lat' dir='ltr'>sinceri</span> <span class='ocrx_word' id='word_1_49' title='bbox 1240 897 1411 952; x_wconf 86' lang='lat' dir='ltr'>amici</span> <span class='ocrx_word' id='word_1_50' title='bbox 1446 896 1664 952; x_wconf 90' lang='lat' dir='ltr'>latent:</span> <span class='ocrx_word' id='word_1_51' title='bbox 1700 898 1897 951; x_wconf 86' lang='lat' dir='ltr'>astate</span> <span class='ocrx_word' id='word_1_52' title='bbox 1940 894 2041 966; x_wconf 88' lang='lat' dir='ltr'>qui</span> 
     </span>
    </p>
   </div>
   <div class='ocr_carea' id='block_1_9' title="bbox 382 986 2044 1061">
    <p class='ocr_par' dir='ltr' id='par_1_9' title="bbox 382 986 2044 1061">
     <span class='ocr_line' id='line_1_9' title="bbox 382 986 2044 1061; baseline -0.004 -18"><span class='ocrx_word' id='word_1_53' title='bbox 382 988 659 1061; x_wconf 82' lang='lat' dir='ltr'>parietes,</span> <span class='ocrx_word' id='word_1_54' title='bbox 695 1004 818 1059; x_wconf 81' lang='lat' dir='ltr'>qua</span> <span class='ocrx_word' id='word_1_55' title='bbox 852 986 988 1043; x_wconf 84' lang='lat' dir='ltr'>tecti</span> <span class='ocrx_word' id='word_1_56' title='bbox 1016 991 1210 1060; x_wconf 89' lang='lat' dir='ltr'>partes</span> <span class='ocrx_word' id='word_1_57' title='bbox 1242 986 1461 1041; x_wconf 86' lang='lat' dir='ltr'>vitiosa</span> <span class='ocrx_word' id='word_1_58' title='bbox 1493 986 1631 1055; x_wconf 88' lang='lat' dir='ltr'>sint,</span> <span class='ocrx_word' id='word_1_59' title='bbox 1667 1002 1793 1055; x_wconf 86' lang='lat' dir='ltr'>qua</span> <span class='ocrx_word' id='word_1_60' title='bbox 1844 988 2044 1039; x_wconf 91' lang='lat' dir='ltr'>contra</span> 
     </span>
    </p>
   </div>
   <div class='ocr_carea' id='block_1_10' title="bbox 382 1072 2043 1147">
    <p class='ocr_par' dir='ltr' id='par_1_10' title="bbox 382 1072 2043 1147">
     <span class='ocr_line' id='line_1_10' title="bbox 382 1072 2043 1147; baseline -0.003 -15"><span class='ocrx_word' id='word_1_61' title='bbox 382 1077 521 1133; x_wconf 89' lang='lat' dir='ltr'>vitio</span> <span class='ocrx_word' id='word_1_62' title='bbox 543 1082 777 1132; x_wconf 88' lang='lat' dir='ltr'>careant</span> <span class='ocrx_word' id='word_1_63' title='bbox 806 1093 921 1131; x_wconf 91' lang='lat' dir='ltr'>non</span> <span class='ocrx_word' id='word_1_64' title='bbox 945 1075 1112 1131; x_wconf 82' lang='lat' dir='ltr'>facile</span> <span class='ocrx_word' id='word_1_65' title='bbox 1139 1074 1532 1147; x_wconf 83' lang='lat' dir='ltr'>dignoscitur:</span> <span class='ocrx_word' id='word_1_66' title='bbox 1570 1072 1888 1145; x_wconf 89' lang='lat' dir='ltr'>tranquillo</span> <span class='ocrx_word' id='word_1_67' title='bbox 1920 1089 2043 1127; x_wconf 93' lang='lat' dir='ltr'>ma-</span> 
     </span>
    </p>
   </div>
   <div class='ocr_carea' id='block_1_11' title="bbox 386 1162 2039 1236">
    <p class='ocr_par' dir='ltr' id='par_1_11' title="bbox 386 1162 2039 1236">
     <span class='ocr_line' id='line_1_11' title="bbox 386 1162 2039 1236; baseline -0.004 -14"><span class='ocrx_word' id='word_1_68' title='bbox 386 1166 434 1222; x_wconf 92' lang='lat' dir='ltr'>ri</span> <span class='ocrx_word' id='word_1_69' title='bbox 467 1169 560 1222; x_wconf 85' lang='lat' dir='ltr'>vix</span> <span class='ocrx_word' id='word_1_70' title='bbox 592 1166 845 1221; x_wconf 84' lang='lat' dir='ltr'>discerni</span> <span class='ocrx_word' id='word_1_71' title='bbox 877 1170 1091 1236; x_wconf 81' lang='lat' dir='ltr'>potest,</span> <span class='ocrx_word' id='word_1_72' title='bbox 1124 1181 1251 1235; x_wconf 89' lang='lat' dir='ltr'>qua</span> <span class='ocrx_word' id='word_1_73' title='bbox 1284 1181 1416 1235; x_wconf 84' lang='lat' dir='ltr'>pars</span> <span class='ocrx_word' id='word_1_74' title='bbox 1449 1164 1611 1219; x_wconf 89' lang='lat' dir='ltr'>navis</span> <span class='ocrx_word' id='word_1_75' title='bbox 1670 1164 1897 1234; x_wconf 88' lang='lat' dir='ltr'>integra</span> <span class='ocrx_word' id='word_1_76' title='bbox 1945 1162 2039 1232; x_wconf 85' lang='lat' dir='ltr'>sit,</span> 
     </span>
    </p>
   </div>
   <div class='ocr_carea' id='block_1_12' title="bbox 381 1250 2046 1326">
    <p class='ocr_par' dir='ltr' id='par_1_12' title="bbox 381 1250 2046 1326">
     <span class='ocr_line' id='line_1_12' title="bbox 381 1250 2046 1326; baseline -0.004 -15"><span class='ocrx_word' id='word_1_77' title='bbox 381 1271 509 1326; x_wconf 84' lang='lat' dir='ltr'>qua</span> <span class='ocrx_word' id='word_1_78' title='bbox 539 1254 915 1325; x_wconf 79' lang='lat' dir='ltr'>naufragium</span> <span class='ocrx_word' id='word_1_79' title='bbox 951 1252 1227 1307; x_wconf 83' lang='lat' dir='ltr'>minetur.</span> <span class='ocrx_word' id='word_1_80' title='bbox 1262 1252 1455 1307; x_wconf 86' lang='lat' dir='ltr'>Rebus</span> <span class='ocrx_word' id='word_1_81' title='bbox 1489 1256 1686 1305; x_wconf 91' lang='lat' dir='ltr'>autem</span> <span class='ocrx_word' id='word_1_82' title='bbox 1710 1250 1961 1319; x_wconf 85' lang='lat' dir='ltr'>afflictis,</span> <span class='ocrx_word' id='word_1_83' title='bbox 1989 1255 2046 1306; x_wconf 88' lang='lat' dir='ltr'>et</span> 
     </span>
    </p>
   </div>
   <div class='ocr_carea' id='block_1_13' title="bbox 382 1339 2047 1413">
    <p class='ocr_par' dir='ltr' id='par_1_13' title="bbox 382 1339 2047 1413">
     <span class='ocr_line' id='line_1_13' title="bbox 382 1339 2047 1413; baseline -0.003 -15"><span class='ocrx_word' id='word_1_84' title='bbox 382 1348 510 1399; x_wconf 91' lang='lat' dir='ltr'>orta</span> <span class='ocrx_word' id='word_1_85' title='bbox 542 1343 757 1409; x_wconf 89' lang='lat' dir='ltr'>hieme,</span> <span class='ocrx_word' id='word_1_86' title='bbox 779 1347 955 1413; x_wconf 85' lang='lat' dir='ltr'>atque</span> <span class='ocrx_word' id='word_1_87' title='bbox 984 1345 1228 1412; x_wconf 86' lang='lat' dir='ltr'>urgente</span> <span class='ocrx_word' id='word_1_88' title='bbox 1255 1345 1595 1411; x_wconf 86' lang='lat' dir='ltr'>tempestate</span> <span class='ocrx_word' id='word_1_89' title='bbox 1613 1341 1809 1394; x_wconf 86' lang='lat' dir='ltr'>statim</span> <span class='ocrx_word' id='word_1_90' title='bbox 1846 1339 2047 1394; x_wconf 90' lang='lat' dir='ltr'>discri-</span> 
     </span>
    </p>
   </div>
   <div class='ocr_carea' id='block_1_14' title="bbox 386 1428 2047 1500">
    <p class='ocr_par' dir='ltr' id='par_1_14' title="bbox 386 1428 2047 1500">
     <span class='ocr_line' id='line_1_14' title="bbox 386 1428 2047 1500; baseline -0.002 -14"><span class='ocrx_word' id='word_1_91' title='bbox 386 1448 519 1486; x_wconf 89' lang='lat' dir='ltr'>men</span> <span class='ocrx_word' id='word_1_92' title='bbox 556 1430 853 1494; x_wconf 89' lang='lat' dir='ltr'>elucescit,</span> <span class='ocrx_word' id='word_1_93' title='bbox 889 1428 1229 1500; x_wconf 89' lang='lat' dir='ltr'>tolliturque</span> <span class='ocrx_word' id='word_1_94' title='bbox 1261 1428 1451 1483; x_wconf 90' lang='lat' dir='ltr'>omnis</span> <span class='ocrx_word' id='word_1_95' title='bbox 1481 1428 1787 1483; x_wconf 89' lang='lat' dir='ltr'>dubitatio.</span> <span class='ocrx_word' id='word_1_96' title='bbox 1843 1432 2047 1483; x_wconf 88' lang='lat' dir='ltr'>Certus</span> 
     </span>
    </p>
   </div>
   <div class='ocr_carea' id='block_1_15' title="bbox 389 1517 2045 1589">
    <p class='ocr_par' dir='ltr' id='par_1_15' title="bbox 389 1517 2045 1589">
     <span class='ocr_line' id='line_1_15' title="bbox 389 1517 2045 1589; baseline -0.002 -15"><span class='ocrx_word' id='word_1_97' title='bbox 389 1519 759 1575; x_wconf 91' lang='lat' dir='ltr'>Christianus</span> <span class='ocrx_word' id='word_1_98' title='bbox 785 1519 841 1572; x_wconf 92' lang='lat' dir='ltr'>in</span> <span class='ocrx_word' id='word_1_99' title='bbox 867 1535 927 1573; x_wconf 93' lang='lat' dir='ltr'>re</span> <span class='ocrx_word' id='word_1_100' title='bbox 971 1517 1191 1572; x_wconf 88' lang='lat' dir='ltr'>incerta</span> <span class='ocrx_word' id='word_1_101' title='bbox 1223 1517 1506 1573; x_wconf 91' lang='lat' dir='ltr'>cernitur:</span> <span class='ocrx_word' id='word_1_102' title='bbox 1540 1517 1732 1573; x_wconf 88' lang='lat' dir='ltr'>hieme</span> <span class='ocrx_word' id='word_1_103' title='bbox 1758 1535 1873 1573; x_wconf 89' lang='lat' dir='ltr'>non</span> <span class='ocrx_word' id='word_1_104' title='bbox 1906 1518 2045 1589; x_wconf 85' lang='lat' dir='ltr'>ruit,</span> 
     </span>
    </p>
   </div>
   <div class='ocr_carea' id='block_1_16' title="bbox 388 1606 2047 1679">
    <p class='ocr_par' dir='ltr' id='par_1_16' title="bbox 388 1606 2047 1679">
     <span class='ocr_line' id='line_1_16' title="bbox 388 1606 2047 1679; baseline -0.002 -15"><span class='ocrx_word' id='word_1_105' title='bbox 388 1609 489 1664; x_wconf 91' lang='lat' dir='ltr'>sed</span> <span class='ocrx_word' id='word_1_106' title='bbox 551 1606 807 1661; x_wconf 82' lang='lat' dir='ltr'>firmiore</span> <span class='ocrx_word' id='word_1_107' title='bbox 854 1606 1031 1661; x_wconf 89' lang='lat' dir='ltr'>etiam</span> <span class='ocrx_word' id='word_1_108' title='bbox 1080 1622 1254 1677; x_wconf 91' lang='lat' dir='ltr'>quam</span> <span class='ocrx_word' id='word_1_109' title='bbox 1301 1611 1475 1661; x_wconf 88' lang='lat' dir='ltr'>antea</span> <span class='ocrx_word' id='word_1_110' title='bbox 1524 1608 1707 1679; x_wconf 90' lang='lat' dir='ltr'>gradu</span> <span class='ocrx_word' id='word_1_111' title='bbox 1758 1606 2047 1674; x_wconf 87' lang='lat' dir='ltr'>consistit,</span> 
     </span>
    </p>
   </div>
   <div class='ocr_carea' id='block_1_17' title="bbox 386 1694 2051 1768">
    <p class='ocr_par' dir='ltr' id='par_1_17' title="bbox 386 1694 2051 1768">
     <span class='ocr_line' id='line_1_17' title="bbox 386 1694 2051 1768; baseline 0.001 -17"><span class='ocrx_word' id='word_1_112' title='bbox 386 1696 785 1768; x_wconf 88' lang='lat' dir='ltr'>periculisque</span> <span class='ocrx_word' id='word_1_113' title='bbox 818 1695 963 1766; x_wconf 86' lang='lat' dir='ltr'>ipsis</span> <span class='ocrx_word' id='word_1_114' title='bbox 997 1694 1323 1763; x_wconf 83' lang='lat' dir='ltr'>roboratur,</span> <span class='ocrx_word' id='word_1_115' title='bbox 1358 1701 1533 1768; x_wconf 90' lang='lat' dir='ltr'>atque</span> <span class='ocrx_word' id='word_1_116' title='bbox 1564 1702 1629 1751; x_wconf 94' lang='lat' dir='ltr'>ut</span> <span class='ocrx_word' id='word_1_117' title='bbox 1658 1696 1954 1768; x_wconf 88' lang='lat' dir='ltr'>eleganter</span> <span class='ocrx_word' id='word_1_118' title='bbox 1971 1696 2051 1752; x_wconf 92' lang='lat' dir='ltr'>ait</span> 
     </span>
    </p>
   </div>
   <div class='ocr_carea' id='block_1_18' title="bbox 384 1784 2045 1857">
    <p class='ocr_par' dir='ltr' id='par_1_18' title="bbox 384 1784 2045 1857">
     <span class='ocr_line' id='line_1_18' title="bbox 384 1784 2045 1857; baseline 0.001 -17"><span class='ocrx_word' id='word_1_119' title='bbox 384 1790 555 1857; x_wconf 89' lang='lat' dir='ltr'>poeta</span> <span class='ocrx_word' id='word_1_120' title='bbox 585 1785 722 1854; x_wconf 83' lang='grc'>(74),</span> <span class='ocrx_word' id='word_1_121' title='bbox 757 1784 837 1838; x_wconf 80' lang='lat' dir='ltr'>Ab</span> <span class='ocrx_word' id='word_1_122' title='bbox 868 1784 995 1855; x_wconf 86' lang='lat' dir='ltr'>ipso</span> <span class='ocrx_word' id='word_1_123' title='bbox 1028 1784 1191 1838; x_wconf 90' lang='lat' dir='ltr'>ducit</span> <span class='ocrx_word' id='word_1_124' title='bbox 1244 1801 1383 1855; x_wconf 89' lang='lat' dir='ltr'>opes</span> <span class='ocrx_word' id='word_1_125' title='bbox 1432 1786 1816 1857; x_wconf 89' lang='lat' dir='ltr'>animumque</span> <span class='ocrx_word' id='word_1_126' title='bbox 1873 1786 2045 1841; x_wconf 90' lang='lat' dir='ltr'>ferro.</span> 
     </span>
    </p>
   </div>
   <div class='ocr_carea' id='block_1_19' title="bbox 385 1872 2130 1974">
    <p class='ocr_par' dir='ltr' id='par_1_19' title="bbox 385 1872 2130 1974">
     <span class='ocr_line' id='line_1_19' title="bbox 385 1872 2130 1974; baseline -0.001 -45"><span class='ocrx_word' id='word_1_127' title='bbox 385 1874 455 1929; x_wconf 90' lang='lat' dir='ltr'>Et</span> <span class='ocrx_word' id='word_1_128' title='bbox 484 1873 987 1944; x_wconf 87' lang='lat' dir='ltr'>quemadmodum</span> <span class='ocrx_word' id='word_1_129' title='bbox 1020 1872 1261 1945; x_wconf 86' lang='lat' dir='ltr'>egregia</span> <span class='ocrx_word' id='word_1_130' title='bbox 1293 1890 1540 1945; x_wconf 86' lang='lat' dir='ltr'>gemma</span> <span class='ocrx_word' id='word_1_131' title='bbox 1571 1877 1629 1929; x_wconf 90' lang='lat' dir='ltr'>in</span> <span class='ocrx_word' id='word_1_132' title='bbox 1662 1875 1849 1931; x_wconf 87' lang='lat' dir='ltr'>noctis</span> <span class='ocrx_word' id='word_1_133' title='bbox 1889 1880 2048 1974; x_wconf 79' lang='lat' dir='ltr'>tene-</span> <span class='ocrx_word' id='word_1_134' title='bbox 2083 1910 2130 1974; x_wconf 79' lang='grc' dir='ltr'><strong>Β</strong></span> 
     </span>
    </p>
   </div>
   <div class='ocr_carea' id='block_1_20' title="bbox 385 1962 2053 2034">
    <p class='ocr_par' dir='ltr' id='par_1_20' title="bbox 385 1962 2053 2034">
     <span class='ocr_line' id='line_1_20' title="bbox 385 1962 2053 2034; baseline 0.002 -17"><span class='ocrx_word' id='word_1_135' title='bbox 385 1963 504 2018; x_wconf 89' lang='lat' dir='ltr'>bris</span> <span class='ocrx_word' id='word_1_136' title='bbox 529 1962 747 2017; x_wconf 87' lang='lat' dir='ltr'>clarius</span> <span class='ocrx_word' id='word_1_137' title='bbox 788 1979 965 2034; x_wconf 88' lang='lat' dir='ltr'>quam</span> <span class='ocrx_word' id='word_1_138' title='bbox 1001 1963 1058 2017; x_wconf 88' lang='lat' dir='ltr'>in</span> <span class='ocrx_word' id='word_1_139' title='bbox 1094 1963 1287 2017; x_wconf 90' lang='lat' dir='ltr'>media</span> <span class='ocrx_word' id='word_1_140' title='bbox 1344 1963 1473 2018; x_wconf 91' lang='lat' dir='ltr'>luce</span> <span class='ocrx_word' id='word_1_141' title='bbox 1515 1965 1769 2019; x_wconf 77' lang='lat' dir='ltr'>micant:</span> <span class='ocrx_word' id='word_1_142' title='bbox 1814 1965 1897 2020; x_wconf 90' lang='lat' dir='ltr'>sic</span> <span class='ocrx_word' id='word_1_143' title='bbox 1955 1964 2053 2020; x_wconf 90' lang='lat' dir='ltr'>ille</span> 
     </span>
    </p>
   </div>
   <div class='ocr_carea' id='block_1_21' title="bbox 385 2051 2055 2125">
    <p class='ocr_par' dir='ltr' id='par_1_21' title="bbox 385 2051 2055 2125">
     <span class='ocr_line' id='line_1_21' title="bbox 385 2051 2055 2125; baseline 0.002 -19"><span class='ocrx_word' id='word_1_144' title='bbox 385 2052 443 2106; x_wconf 92' lang='lat' dir='ltr'>in</span> <span class='ocrx_word' id='word_1_145' title='bbox 477 2051 955 2124; x_wconf 88' lang='lat' dir='ltr'>persecutionum</span> <span class='ocrx_word' id='word_1_146' title='bbox 989 2051 1235 2123; x_wconf 78' lang='lat' dir='ltr'>caligine</span> <span class='ocrx_word' id='word_1_147' title='bbox 1276 2051 1597 2108; x_wconf 77' lang='lat' dir='ltr'>illustriora</span> <span class='ocrx_word' id='word_1_148' title='bbox 1655 2054 1888 2125; x_wconf 87' lang='lat' dir='ltr'>pietatis</span> <span class='ocrx_word' id='word_1_149' title='bbox 1932 2071 2055 2109; x_wconf 82' lang='lat' dir='ltr'>sua</span> 
     </span>
    </p>
   </div>
   <div class='ocr_carea' id='block_1_22' title="bbox 387 2141 2051 2211">
    <p class='ocr_par' dir='ltr' id='par_1_22' title="bbox 387 2141 2051 2211">
     <span class='ocr_line' id='line_1_22' title="bbox 387 2141 2051 2211; baseline 0.001 -15"><span class='ocrx_word' id='word_1_150' title='bbox 387 2141 740 2197; x_wconf 90' lang='lat' dir='ltr'>documenta</span> <span class='ocrx_word' id='word_1_151' title='bbox 770 2141 1005 2211; x_wconf 90' lang='lat' dir='ltr'>prabet.</span> <span class='ocrx_word' id='word_1_152' title='bbox 1040 2142 1283 2195; x_wconf 89' lang='lat' dir='ltr'>Etiamsi</span> <span class='ocrx_word' id='word_1_153' title='bbox 1319 2142 1375 2196; x_wconf 90' lang='lat' dir='ltr'>in</span> <span class='ocrx_word' id='word_1_154' title='bbox 1410 2142 1665 2199; x_wconf 87' lang='lat' dir='ltr'>Ecclesia</span> <span class='ocrx_word' id='word_1_155' title='bbox 1693 2144 1910 2199; x_wconf 89' lang='lat' dir='ltr'>zizania</span> <span class='ocrx_word' id='word_1_156' title='bbox 1965 2144 2051 2199; x_wconf 90' lang='lat' dir='ltr'>vi-</span> 
     </span>
    </p>
   </div>
   <div class='ocr_carea' id='block_1_23' title="bbox 389 2229 2051 2305">
    <p class='ocr_par' dir='ltr' id='par_1_23' title="bbox 389 2229 2051 2305">
     <span class='ocr_line' id='line_1_23' title="bbox 389 2229 2051 2305; baseline 0.002 -21"><span class='ocrx_word' id='word_1_157' title='bbox 389 2231 546 2285; x_wconf 90' lang='lat' dir='ltr'>deat:</span> <span class='ocrx_word' id='word_1_158' title='bbox 584 2247 698 2285; x_wconf 90' lang='lat' dir='ltr'>non</span> <span class='ocrx_word' id='word_1_159' title='bbox 732 2229 863 2285; x_wconf 91' lang='lat' dir='ltr'>ideo</span> <span class='ocrx_word' id='word_1_160' title='bbox 917 2234 1115 2285; x_wconf 87' lang='lat' dir='ltr'>tamen</span> <span class='ocrx_word' id='word_1_161' title='bbox 1176 2230 1491 2286; x_wconf 88' lang='lat' dir='ltr'>Ecclesiam</span> <span class='ocrx_word' id='word_1_162' title='bbox 1544 2233 1776 2288; x_wconf 88' lang='lat' dir='ltr'>deserit.</span> <span class='ocrx_word' id='word_1_163' title='bbox 1840 2234 2051 2305; x_wconf 79' lang='lat' dir='ltr'>Exspe-</span> 
     </span>
    </p>
   </div>
   <div class='ocr_carea' id='block_1_24' title="bbox 388 2318 2050 2394">
    <p class='ocr_par' dir='ltr' id='par_1_24' title="bbox 388 2318 2050 2394">
     <span class='ocr_line' id='line_1_24' title="bbox 388 2318 2050 2394; baseline 0.001 -20"><span class='ocrx_word' id='word_1_164' title='bbox 388 2320 661 2374; x_wconf 91' lang='lat' dir='ltr'>ctandam</span> <span class='ocrx_word' id='word_1_165' title='bbox 692 2336 821 2374; x_wconf 89' lang='lat' dir='ltr'>esse</span> <span class='ocrx_word' id='word_1_166' title='bbox 855 2335 1111 2374; x_wconf 90' lang='lat' dir='ltr'>messem</span> <span class='ocrx_word' id='word_1_167' title='bbox 1145 2337 1257 2375; x_wconf 88' lang='lat' dir='ltr'>non</span> <span class='ocrx_word' id='word_1_168' title='bbox 1281 2318 1514 2392; x_wconf 90' lang='lat' dir='ltr'>ignorat</span> <span class='ocrx_word' id='word_1_169' title='bbox 1539 2340 1550 2377; x_wconf 95' lang='lat'>:</span> <span class='ocrx_word' id='word_1_170' title='bbox 1578 2321 1793 2393; x_wconf 91' lang='lat' dir='ltr'>alioqui</span> <span class='ocrx_word' id='word_1_171' title='bbox 1820 2323 2050 2394; x_wconf 85' lang='lat' dir='ltr'>pericu-</span> 
     </span>
    </p>
   </div>
   <div class='ocr_carea' id='block_1_25' title="bbox 392 2408 2052 2479">
    <p class='ocr_par' dir='ltr' id='par_1_25' title="bbox 392 2408 2052 2479">
     <span class='ocr_line' id='line_1_25' title="bbox 392 2408 2052 2479; baseline 0.003 -17"><span class='ocrx_word' id='word_1_172' title='bbox 392 2408 517 2463; x_wconf 92' lang='lat' dir='ltr'>lum</span> <span class='ocrx_word' id='word_1_173' title='bbox 549 2408 913 2479; x_wconf 85' lang='lat' dir='ltr'>impendere,</span> <span class='ocrx_word' id='word_1_174' title='bbox 950 2425 1021 2463; x_wconf 93' lang='lat' dir='ltr'>ne</span> <span class='ocrx_word' id='word_1_175' title='bbox 1071 2408 1249 2464; x_wconf 91' lang='lat' dir='ltr'>simul</span> <span class='ocrx_word' id='word_1_176' title='bbox 1310 2426 1443 2465; x_wconf 92' lang='lat' dir='ltr'>cum</span> <span class='ocrx_word' id='word_1_177' title='bbox 1498 2411 1738 2466; x_wconf 89' lang='lat' dir='ltr'>zizaniis</span> <span class='ocrx_word' id='word_1_178' title='bbox 1792 2412 2052 2467; x_wconf 89' lang='lat' dir='ltr'>triticum</span> 
     </span>
    </p>
   </div>
   <div class='ocr_carea' id='block_1_26' title="bbox 400 2496 2052 2571">
    <p class='ocr_par' dir='ltr' id='par_1_26' title="bbox 400 2496 2052 2571">
     <span class='ocr_line' id='line_1_26' title="bbox 400 2496 2052 2571; baseline 0.002 -20"><span class='ocrx_word' id='word_1_179' title='bbox 400 2496 574 2551; x_wconf 88' lang='lat' dir='ltr'>etiam</span> <span class='ocrx_word' id='word_1_180' title='bbox 607 2496 903 2551; x_wconf 84' lang='lat' dir='ltr'>evellatur.</span> <span class='ocrx_word' id='word_1_181' title='bbox 938 2496 1102 2552; x_wconf 91' lang='lat' dir='ltr'>Dolet</span> <span class='ocrx_word' id='word_1_182' title='bbox 1133 2498 1370 2569; x_wconf 89' lang='lat' dir='ltr'>quidem</span> <span class='ocrx_word' id='word_1_183' title='bbox 1404 2499 1514 2571; x_wconf 91' lang='lat' dir='ltr'>ipsi</span> <span class='ocrx_word' id='word_1_184' title='bbox 1538 2500 1740 2556; x_wconf 86' lang='lat' dir='ltr'>noxias</span> <span class='ocrx_word' id='word_1_185' title='bbox 1764 2500 1975 2556; x_wconf 87' lang='lat' dir='ltr'>herbas</span> <span class='ocrx_word' id='word_1_186' title='bbox 1995 2502 2052 2556; x_wconf 94' lang='lat' dir='ltr'>in</span> 
     </span>
    </p>
   </div>
   <div class='ocr_carea' id='block_1_27' title="bbox 405 2584 2055 2657">
    <p class='ocr_par' dir='ltr' id='par_1_27' title="bbox 405 2584 2055 2657">
     <span class='ocr_line' id='line_1_27' title="bbox 405 2584 2055 2657; baseline 0.003 -18"><span class='ocrx_word' id='word_1_187' title='bbox 405 2586 625 2656; x_wconf 85' lang='lat' dir='ltr'>Optimo</span> <span class='ocrx_word' id='word_1_188' title='bbox 654 2601 791 2657; x_wconf 85' lang='lat' dir='ltr'>agro</span> <span class='ocrx_word' id='word_1_189' title='bbox 824 2584 1146 2656; x_wconf 91' lang='lat' dir='ltr'>puliulare:</span> <span class='ocrx_word' id='word_1_190' title='bbox 1180 2588 1281 2642; x_wconf 92' lang='lat' dir='ltr'>sed</span> <span class='ocrx_word' id='word_1_191' title='bbox 1335 2604 1449 2642; x_wconf 90' lang='lat' dir='ltr'>non</span> <span class='ocrx_word' id='word_1_192' title='bbox 1506 2588 1615 2644; x_wconf 91' lang='lat' dir='ltr'>hoc</span> <span class='ocrx_word' id='word_1_193' title='bbox 1674 2589 1783 2644; x_wconf 89' lang='lat' dir='ltr'>sibi</span> <span class='ocrx_word' id='word_1_194' title='bbox 1836 2594 2055 2645; x_wconf 91' lang='lat' dir='ltr'>temere</span> 
     </span>
    </p>
   </div>
   <div class='ocr_carea' id='block_1_28' title="bbox 402 2675 2053 2746">
    <p class='ocr_par' dir='ltr' id='par_1_28' title="bbox 402 2675 2053 2746">
     <span class='ocr_line' id='line_1_28' title="bbox 402 2675 2053 2746; baseline 0.002 -17"><span class='ocrx_word' id='word_1_195' title='bbox 402 2675 767 2746; x_wconf 89' lang='lat' dir='ltr'>superbeque</span> <span class='ocrx_word' id='word_1_196' title='bbox 798 2680 1049 2746; x_wconf 86' lang='lat' dir='ltr'>arrogat,</span> <span class='ocrx_word' id='word_1_197' title='bbox 1084 2677 1237 2746; x_wconf 94' lang='lat' dir='ltr'>quod</span> <span class='ocrx_word' id='word_1_198' title='bbox 1270 2676 1376 2731; x_wconf 89' lang='lat' dir='ltr'>soli</span> <span class='ocrx_word' id='word_1_199' title='bbox 1412 2677 1507 2732; x_wconf 87' lang='lat' dir='ltr'>Dei</span> <span class='ocrx_word' id='word_1_200' title='bbox 1529 2678 1671 2733; x_wconf 86' lang='lat' dir='ltr'>Filio</span> <span class='ocrx_word' id='word_1_201' title='bbox 1706 2682 2053 2741; x_wconf 79' lang='lat' dir='ltr'>reservatur.</span> 
     </span>
    </p>
   </div>
   <div class='ocr_carea' id='block_1_29' title="bbox 401 2763 2059 2839">
    <p class='ocr_par' dir='ltr' id='par_1_29' title="bbox 401 2763 2059 2839">
     <span class='ocr_line' id='line_1_29' title="bbox 401 2763 2059 2839; baseline 0.004 -22"><span class='ocrx_word' id='word_1_202' title='bbox 401 2763 684 2818; x_wconf 90' lang='lat' dir='ltr'>nimirum</span> <span class='ocrx_word' id='word_1_203' title='bbox 718 2763 944 2818; x_wconf 89' lang='lat' dir='ltr'>zizania</span> <span class='ocrx_word' id='word_1_204' title='bbox 976 2781 1009 2819; x_wconf 89' lang='lat' dir='ltr'><strong>a</strong></span> <span class='ocrx_word' id='word_1_205' title='bbox 1039 2765 1230 2820; x_wconf 91' lang='lat' dir='ltr'>tritico</span> <span class='ocrx_word' id='word_1_206' title='bbox 1261 2782 1552 2837; x_wconf 90' lang='lat' dir='ltr'>separare,</span> <span class='ocrx_word' id='word_1_207' title='bbox 1588 2784 1901 2839; x_wconf 88' lang='lat' dir='ltr'>areamque</span> <span class='ocrx_word' id='word_1_208' title='bbox 1934 2785 2059 2839; x_wconf 90' lang='lat' dir='ltr'>per-</span> 
     </span>
    </p>
   </div>
   <div class='ocr_carea' id='block_1_30' title="bbox 398 2851 2059 2927">
    <p class='ocr_par' dir='ltr' id='par_1_30' title="bbox 398 2851 2059 2927">
     <span class='ocr_line' id='line_1_30' title="bbox 398 2851 2059 2927; baseline 0.003 -22"><span class='ocrx_word' id='word_1_209' title='bbox 398 2868 669 2923; x_wconf 84' lang='lat' dir='ltr'>purgare.</span> <span class='ocrx_word' id='word_1_210' title='bbox 699 2851 819 2907; x_wconf 86' lang='lat' dir='ltr'>Scit</span> <span class='ocrx_word' id='word_1_211' title='bbox 850 2852 1085 2923; x_wconf 90' lang='lat' dir='ltr'>quidem</span> <span class='ocrx_word' id='word_1_212' title='bbox 1115 2870 1181 2908; x_wconf 92' lang='lat' dir='ltr'>ea</span> <span class='ocrx_word' id='word_1_213' title='bbox 1211 2853 1269 2907; x_wconf 91' lang='lat' dir='ltr'>in</span> <span class='ocrx_word' id='word_1_214' title='bbox 1292 2870 1424 2909; x_wconf 84' lang='lat' dir='ltr'>area</span> <span class='ocrx_word' id='word_1_215' title='bbox 1455 2871 1584 2911; x_wconf 89' lang='lat' dir='ltr'>esse</span> <span class='ocrx_word' id='word_1_216' title='bbox 1613 2872 1799 2927; x_wconf 89' lang='lat' dir='ltr'>posse,</span> <span class='ocrx_word' id='word_1_217' title='bbox 1831 2858 1891 2911; x_wconf 90' lang='lat' dir='ltr'>in</span> <span class='ocrx_word' id='word_1_218' title='bbox 1930 2856 2059 2911; x_wconf 82' lang='lat' dir='ltr'>hor-</span> 
     </span>
    </p>
   </div>
   <div class='ocr_carea' id='block_1_31' title="bbox 399 2941 2057 3016">
    <p class='ocr_par' dir='ltr' id='par_1_31' title="bbox 399 2941 2057 3016">
     <span class='ocr_line' id='line_1_31' title="bbox 399 2941 2057 3016; baseline 0.004 -22"><span class='ocrx_word' id='word_1_219' title='bbox 399 2956 497 2995; x_wconf 89' lang='lat' dir='ltr'>reo</span> <span class='ocrx_word' id='word_1_220' title='bbox 530 2956 643 2995; x_wconf 90' lang='lat' dir='ltr'>non</span> <span class='ocrx_word' id='word_1_221' title='bbox 678 2956 866 3011; x_wconf 89' lang='lat' dir='ltr'>posse.</span> <span class='ocrx_word' id='word_1_222' title='bbox 904 2941 1140 3004; x_wconf 90' lang='lat' dir='ltr'>Quoties</span> <span class='ocrx_word' id='word_1_223' title='bbox 1173 2942 1422 2998; x_wconf 82' lang='lat' dir='ltr'>haereses</span> <span class='ocrx_word' id='word_1_224' title='bbox 1452 2949 1649 3001; x_wconf 81' lang='lat' dir='ltr'>enatas</span> <span class='ocrx_word' id='word_1_225' title='bbox 1677 2945 1854 3016; x_wconf 88' lang='lat' dir='ltr'>videt,</span> <span class='ocrx_word' id='word_1_226' title='bbox 1887 2947 2057 3002; x_wconf 89' lang='lat' dir='ltr'>toties</span> 
     </span>
    </p>
   </div>
   <div class='ocr_carea' id='block_1_32' title="bbox 403 3028 2057 3105">
    <p class='ocr_par' dir='ltr' id='par_1_32' title="bbox 403 3028 2057 3105">
     <span class='ocr_line' id='line_1_32' title="bbox 403 3028 2057 3105; baseline 0.005 -24"><span class='ocrx_word' id='word_1_227' title='bbox 403 3028 761 3082; x_wconf 88' lang='lat' dir='ltr'>declaranda</span> <span class='ocrx_word' id='word_1_228' title='bbox 791 3030 1021 3085; x_wconf 88' lang='lat' dir='ltr'>virtutis</span> <span class='ocrx_word' id='word_1_229' title='bbox 1054 3032 1509 3105; x_wconf 61' lang='lat' dir='ltr'>constantiaque</span> <span class='ocrx_word' id='word_1_230' title='bbox 1539 3051 1656 3089; x_wconf 85' lang='lat' dir='ltr'>sua</span> <span class='ocrx_word' id='word_1_231' title='bbox 1694 3036 2057 3091; x_wconf 83' lang='lat' dir='ltr'>occasionem</span> 
     </span>
    </p>
   </div>
   <div class='ocr_carea' id='block_1_33' title="bbox 405 3116 1037 3174">
    <p class='ocr_par' dir='ltr' id='par_1_33' title="bbox 405 3116 1037 3174">
     <span class='ocr_line' id='line_1_33' title="bbox 405 3116 1037 3174; baseline 0.003 -2"><span class='ocrx_word' id='word_1_232' title='bbox 405 3116 515 3172; x_wconf 88' lang='lat' dir='ltr'>sibi</span> <span class='ocrx_word' id='word_1_233' title='bbox 558 3116 810 3172; x_wconf 89' lang='lat' dir='ltr'>oblatam</span> <span class='ocrx_word' id='word_1_234' title='bbox 844 3121 1037 3174; x_wconf 86' lang='lat' dir='ltr'>sentit.</span> 
     </span>
    </p>
   </div>
   <div class='ocr_carea' id='block_1_34' title="bbox 475 3206 2053 3287">
    <p class='ocr_par' dir='ltr' id='par_1_34' title="bbox 475 3206 2053 3287">
     <span class='ocr_line' id='line_1_34' title="bbox 475 3206 2053 3287; baseline 0.005 -26"><span class='ocrx_word' id='word_1_235' title='bbox 475 3206 589 3261; x_wconf 91' lang='lat' dir='ltr'>Cur</span> <span class='ocrx_word' id='word_1_236' title='bbox 618 3210 808 3261; x_wconf 90' lang='lat' dir='ltr'>autem</span> <span class='ocrx_word' id='word_1_237' title='bbox 838 3208 910 3263; x_wconf 88' lang='lat' dir='ltr'>ob</span> <span class='ocrx_word' id='word_1_238' title='bbox 942 3208 1191 3265; x_wconf 86' lang='lat' dir='ltr'>haereses</span> <span class='ocrx_word' id='word_1_239' title='bbox 1224 3216 1390 3267; x_wconf 85' lang='lat' dir='ltr'>nutet</span> <span class='ocrx_word' id='word_1_240' title='bbox 1420 3212 1578 3269; x_wconf 91' lang='lat' dir='ltr'>illius</span> <span class='ocrx_word' id='word_1_241' title='bbox 1602 3216 1765 3283; x_wconf 83' lang='lat' dir='ltr'>ﬁdes,</span> <span class='ocrx_word' id='word_1_242' title='bbox 1792 3233 1918 3287; x_wconf 88' lang='lat' dir='ltr'>qua</span> <span class='ocrx_word' id='word_1_243' title='bbox 1943 3215 2053 3271; x_wconf 91' lang='lat' dir='ltr'>nisi</span> 
     </span>
    </p>
   </div>
   <div class='ocr_carea' id='block_1_35' title="bbox 2149 627 3814 701">
    <p class='ocr_par' dir='ltr' id='par_1_35' title="bbox 2149 627 3814 701">
     <span class='ocr_line' id='line_1_35' title="bbox 2149 627 3814 701; baseline 0.005 -20"><span class='ocrx_word' id='word_1_244' title='bbox 2149 627 2249 698; x_wconf 92' lang='lat' dir='ltr'>qui</span> <span class='ocrx_word' id='word_1_245' title='bbox 2282 644 2487 683; x_wconf 91' lang='lat' dir='ltr'>omnes</span> <span class='ocrx_word' id='word_1_246' title='bbox 2519 627 2739 699; x_wconf 86' lang='lat' dir='ltr'>ingenii</span> <span class='ocrx_word' id='word_1_247' title='bbox 2771 628 3166 701; x_wconf 89' lang='lat' dir='ltr'>doctrinaque</span> <span class='ocrx_word' id='word_1_248' title='bbox 3224 647 3363 701; x_wconf 88' lang='lat' dir='ltr'>opes</span> <span class='ocrx_word' id='word_1_249' title='bbox 3421 633 3490 686; x_wconf 89' lang='lat' dir='ltr'>ad</span> <span class='ocrx_word' id='word_1_250' title='bbox 3542 639 3814 689; x_wconf 89' lang='lat' dir='ltr'>ornatum</span> 
     </span>
    </p>
   </div>
   <div class='ocr_carea' id='block_1_36' title="bbox 2148 715 3817 786">
    <p class='ocr_par' dir='ltr' id='par_1_36' title="bbox 2148 715 3817 786">
     <span class='ocr_line' id='line_1_36' title="bbox 2148 715 3817 786; baseline 0.004 -17"><span class='ocrx_word' id='word_1_251' title='bbox 2148 715 2352 786; x_wconf 87' lang='lat' dir='ltr'>templi</span> <span class='ocrx_word' id='word_1_252' title='bbox 2387 716 2508 784; x_wconf 90' lang='lat' dir='ltr'>Dei,</span> <span class='ocrx_word' id='word_1_253' title='bbox 2541 716 2649 771; x_wconf 92' lang='lat' dir='ltr'>hoc</span> <span class='ocrx_word' id='word_1_254' title='bbox 2681 722 2770 772; x_wconf 89' lang='lat' dir='ltr'>cst</span> <span class='ocrx_word' id='word_1_255' title='bbox 2798 717 3065 773; x_wconf 85' lang='lat' dir='ltr'>Ecclesia</span> <span class='ocrx_word' id='word_1_256' title='bbox 3116 719 3437 785; x_wconf 88' lang='lat' dir='ltr'>conferant,</span> <span class='ocrx_word' id='word_1_257' title='bbox 3502 720 3663 775; x_wconf 88' lang='lat' dir='ltr'>nulla</span> <span class='ocrx_word' id='word_1_258' title='bbox 3718 722 3817 777; x_wconf 85' lang='lat' dir='ltr'>ho-</span> 
     </span>
    </p>
   </div>
   <div class='ocr_carea' id='block_1_37' title="bbox 2152 804 3819 878">
    <p class='ocr_par' dir='ltr' id='par_1_37' title="bbox 2152 804 3819 878">
     <span class='ocr_line' id='line_1_37' title="bbox 2152 804 3819 878; baseline 0.004 -21"><span class='ocrx_word' id='word_1_259' title='bbox 2152 804 2377 858; x_wconf 89' lang='lat' dir='ltr'>minum</span> <span class='ocrx_word' id='word_1_260' title='bbox 2405 805 2559 872; x_wconf 89' lang='lat' dir='ltr'>odia,</span> <span class='ocrx_word' id='word_1_261' title='bbox 2594 804 2817 859; x_wconf 88' lang='lat' dir='ltr'>nullam</span> <span class='ocrx_word' id='word_1_262' title='bbox 2851 806 3133 862; x_wconf 90' lang='lat' dir='ltr'>invidiam</span> <span class='ocrx_word' id='word_1_263' title='bbox 3179 809 3586 878; x_wconf 78' lang='lat' dir='ltr'>extimescant,</span> <span class='ocrx_word' id='word_1_264' title='bbox 3631 810 3819 864; x_wconf 89' lang='lat' dir='ltr'>nullas</span> 
     </span>
    </p>
   </div>
   <div class='ocr_carea' id='block_1_38' title="bbox 2152 892 3821 967">
    <p class='ocr_par' dir='ltr' id='par_1_38' title="bbox 2152 892 3821 967">
     <span class='ocr_line' id='line_1_38' title="bbox 2152 892 3821 967; baseline 0.004 -21"><span class='ocrx_word' id='word_1_265' title='bbox 2152 892 2411 947; x_wconf 91' lang='lat' dir='ltr'>hostium</span> <span class='ocrx_word' id='word_1_266' title='bbox 2443 893 2633 949; x_wconf 90' lang='lat' dir='ltr'>minas</span> <span class='ocrx_word' id='word_1_267' title='bbox 2657 894 3024 967; x_wconf 89' lang='lat' dir='ltr'>insidiasque</span> <span class='ocrx_word' id='word_1_268' title='bbox 3050 896 3452 963; x_wconf 81' lang='lat' dir='ltr'>reformident,</span> <span class='ocrx_word' id='word_1_269' title='bbox 3476 899 3648 953; x_wconf 91' lang='lat' dir='ltr'>modo</span> <span class='ocrx_word' id='word_1_270' title='bbox 3671 915 3821 953; x_wconf 84' lang='lat' dir='ltr'>rem-</span> 
     </span>
    </p>
   </div>
   <div class='ocr_carea' id='block_1_39' title="bbox 2155 980 3820 1057">
    <p class='ocr_par' dir='ltr' id='par_1_39' title="bbox 2155 980 3820 1057">
     <span class='ocr_line' id='line_1_39' title="bbox 2155 980 3820 1057; baseline 0.004 -23"><span class='ocrx_word' id='word_1_271' title='bbox 2155 980 2454 1052; x_wconf 89' lang='lat' dir='ltr'>publicam</span> <span class='ocrx_word' id='word_1_272' title='bbox 2488 982 2882 1038; x_wconf 89' lang='lat' dir='ltr'>Christianam</span> <span class='ocrx_word' id='word_1_273' title='bbox 2917 984 2989 1039; x_wconf 92' lang='lat' dir='ltr'>ab</span> <span class='ocrx_word' id='word_1_274' title='bbox 3023 986 3181 1039; x_wconf 91' lang='lat' dir='ltr'>omni</span> <span class='ocrx_word' id='word_1_275' title='bbox 3208 1002 3401 1040; x_wconf 89' lang='lat' dir='ltr'>errore</span> <span class='ocrx_word' id='word_1_276' title='bbox 3420 1003 3626 1057; x_wconf 85' lang='lat' dir='ltr'>puram</span> <span class='ocrx_word' id='word_1_277' title='bbox 3646 992 3820 1057; x_wconf 91' lang='lat' dir='ltr'>atque</span> 
     </span>
    </p>
   </div>
   <div class='ocr_carea' id='block_1_40' title="bbox 2155 1070 3819 1148">
    <p class='ocr_par' dir='ltr' id='par_1_40' title="bbox 2155 1070 3819 1148">
     <span class='ocr_line' id='line_1_40' title="bbox 2155 1070 3819 1148; baseline 0.004 -25"><span class='ocrx_word' id='word_1_278' title='bbox 2155 1070 2444 1142; x_wconf 86' lang='lat' dir='ltr'>integram</span> <span class='ocrx_word' id='word_1_279' title='bbox 2478 1076 2778 1126; x_wconf 89' lang='lat' dir='ltr'>tueantur.</span> <span class='ocrx_word' id='word_1_280' title='bbox 2810 1072 2852 1127; x_wconf 92' lang='grc' dir='ltr'>Ο</span> <span class='ocrx_word' id='word_1_281' title='bbox 2889 1079 3169 1144; x_wconf 86' lang='lat' dir='ltr'>quantam</span> <span class='ocrx_word' id='word_1_282' title='bbox 3201 1073 3322 1130; x_wconf 88' lang='lat' dir='ltr'>illis</span> <span class='ocrx_word' id='word_1_283' title='bbox 3354 1074 3569 1130; x_wconf 92' lang='lat' dir='ltr'>laboris</span> <span class='ocrx_word' id='word_1_284' title='bbox 3601 1091 3819 1148; x_wconf 84' lang='lat' dir='ltr'>opera-</span> 
     </span>
    </p>
   </div>
   <div class='ocr_carea' id='block_1_41' title="bbox 2156 1160 3820 1233">
    <p class='ocr_par' dir='ltr' id='par_1_41' title="bbox 2156 1160 3820 1233">
     <span class='ocr_line' id='line_1_41' title="bbox 2156 1160 3820 1233; baseline 0.004 -20"><span class='ocrx_word' id='word_1_285' title='bbox 2156 1175 2269 1229; x_wconf 90' lang='lat' dir='ltr'>que</span> <span class='ocrx_word' id='word_1_286' title='bbox 2301 1160 2625 1215; x_wconf 90' lang='lat' dir='ltr'>mercedem</span> <span class='ocrx_word' id='word_1_287' title='bbox 2660 1161 2943 1232; x_wconf 91' lang='lat' dir='ltr'>propheta</span> <span class='ocrx_word' id='word_1_288' title='bbox 2973 1161 3316 1233; x_wconf 86' lang='lat' dir='ltr'>pollicetur:</span> <span class='ocrx_word' id='word_1_289' title='bbox 3350 1164 3673 1233; x_wconf 83' lang='lat' dir='ltr'>Fulgebunt,</span> <span class='ocrx_word' id='word_1_290' title='bbox 3726 1164 3820 1219; x_wconf 82' lang='lat' dir='ltr'>in-</span> 
     </span>
    </p>
   </div>
   <div class='ocr_carea' id='block_1_42' title="bbox 2158 1248 3823 1323">
    <p class='ocr_par' dir='ltr' id='par_1_42' title="bbox 2158 1248 3823 1323">
     <span class='ocr_line' id='line_1_42' title="bbox 2158 1248 3823 1323; baseline 0.005 -22"><span class='ocrx_word' id='word_1_291' title='bbox 2158 1248 2303 1319; x_wconf 91' lang='lat' dir='ltr'>quit,</span> <span class='ocrx_word' id='word_1_292' title='bbox 2338 1251 2498 1319; x_wconf 81' lang='lat' dir='ltr'>quasz&#39;</span> <span class='ocrx_word' id='word_1_293' title='bbox 2526 1249 2789 1320; x_wconf 82' lang='lat' dir='ltr'>splendor</span> <span class='ocrx_word' id='word_1_294' title='bbox 2816 1252 3178 1321; x_wconf 79' lang='lat' dir='ltr'>ﬁrmamenti,</span> <span class='ocrx_word' id='word_1_295' title='bbox 3228 1256 3279 1307; x_wconf 81' lang='lat' dir='ltr'>et</span> <span class='ocrx_word' id='word_1_296' title='bbox 3336 1255 3497 1323; x_wconf 76' lang='lat' dir='ltr'>quasi</span> <span class='ocrx_word' id='word_1_297' title='bbox 3544 1255 3713 1309; x_wconf 75' lang='lat' dir='ltr'>stella</span> <span class='ocrx_word' id='word_1_298' title='bbox 3762 1256 3823 1309; x_wconf 86' lang='lat' dir='ltr'>in</span> 
     </span>
    </p>
   </div>
   <div class='ocr_carea' id='block_1_43' title="bbox 2152 1340 2916 1407">
    <p class='ocr_par' dir='ltr' id='par_1_43' title="bbox 2152 1340 2916 1407">
     <span class='ocr_line' id='line_1_43' title="bbox 2152 1340 2916 1407; baseline 0.005 -17"><span class='ocrx_word' id='word_1_299' title='bbox 2152 1345 2443 1407; x_wconf 83' lang='lat' dir='ltr'>perpetuas</span> <span class='ocrx_word' id='word_1_300' title='bbox 2473 1340 2819 1394; x_wconf 63' lang='grc' dir='ltr'>ιἸξιενηίιαειξε</span> <span class='ocrx_word' id='word_1_301' title='bbox 2848 1341 2916 1394; x_wconf 79' lang='grc'>⁸³.</span> 
     </span>
    </p>
   </div>
   <div class='ocr_carea' id='block_1_44' title="bbox 2229 1427 3822 1503">
    <p class='ocr_par' dir='ltr' id='par_1_44' title="bbox 2229 1427 3822 1503">
     <span class='ocr_line' id='line_1_44' title="bbox 2229 1427 3822 1503; baseline 0.004 -23"><span class='ocrx_word' id='word_1_302' title='bbox 2229 1427 2373 1490; x_wconf 88' lang='lat' dir='ltr'>Quid</span> <span class='ocrx_word' id='word_1_303' title='bbox 2408 1428 2587 1499; x_wconf 88' lang='lat' dir='ltr'>igitur</span> <span class='ocrx_word' id='word_1_304' title='bbox 2618 1429 2687 1483; x_wconf 93' lang='lat' dir='ltr'>de</span> <span class='ocrx_word' id='word_1_305' title='bbox 2714 1429 2784 1483; x_wconf 91' lang='lat' dir='ltr'>iis</span> <span class='ocrx_word' id='word_1_306' title='bbox 2808 1429 3071 1485; x_wconf 89' lang='lat' dir='ltr'>dicemus</span> <span class='ocrx_word' id='word_1_307' title='bbox 3096 1430 3193 1501; x_wconf 91' lang='lat' dir='ltr'>qui</span> <span class='ocrx_word' id='word_1_308' title='bbox 3213 1430 3268 1484; x_wconf 93' lang='lat' dir='ltr'>in</span> <span class='ocrx_word' id='word_1_309' title='bbox 3295 1432 3822 1503; x_wconf 84' lang='lat' dir='ltr'>summajuvanda</span> 
     </span>
    </p>
   </div>
   <div class='ocr_carea' id='block_1_45' title="bbox 2158 1515 3819 1591">
    <p class='ocr_par' dir='ltr' id='par_1_45' title="bbox 2158 1515 3819 1591">
     <span class='ocr_line' id='line_1_45' title="bbox 2158 1515 3819 1591; baseline 0.004 -22"><span class='ocrx_word' id='word_1_310' title='bbox 2158 1515 2423 1571; x_wconf 85' lang='lat' dir='ltr'>Ecclesia</span> <span class='ocrx_word' id='word_1_311' title='bbox 2456 1517 2757 1585; x_wconf 84' lang='lat' dir='ltr'>facultate,</span> <span class='ocrx_word' id='word_1_312' title='bbox 2789 1518 2928 1573; x_wconf 92' lang='lat' dir='ltr'>dum</span> <span class='ocrx_word' id='word_1_313' title='bbox 2984 1520 3255 1591; x_wconf 84' lang='lat' dir='ltr'>prasenti</span> <span class='ocrx_word' id='word_1_314' title='bbox 3317 1522 3433 1576; x_wconf 92' lang='lat' dir='ltr'>otio</span> <span class='ocrx_word' id='word_1_315' title='bbox 3482 1522 3819 1590; x_wconf 88' lang='lat' dir='ltr'>consulunt,</span> 
     </span>
    </p>
   </div>
   <div class='ocr_carea' id='block_1_46' title="bbox 2160 1606 3823 1683">
    <p class='ocr_par' dir='ltr' id='par_1_46' title="bbox 2160 1606 3823 1683">
     <span class='ocr_line' id='line_1_46' title="bbox 2160 1606 3823 1683; baseline 0.004 -24"><span class='ocrx_word' id='word_1_316' title='bbox 2160 1610 2284 1671; x_wconf 91' lang='lat' dir='ltr'>aut,</span> <span class='ocrx_word' id='word_1_317' title='bbox 2318 1607 2469 1677; x_wconf 90' lang='lat' dir='ltr'>quod</span> <span class='ocrx_word' id='word_1_318' title='bbox 2512 1606 2859 1663; x_wconf 88' lang='lat' dir='ltr'>sceleratius</span> <span class='ocrx_word' id='word_1_319' title='bbox 2891 1614 3000 1677; x_wconf 89' lang='lat' dir='ltr'>est,</span> <span class='ocrx_word' id='word_1_320' title='bbox 3034 1609 3375 1665; x_wconf 89' lang='lat' dir='ltr'>hominibus</span> <span class='ocrx_word' id='word_1_321' title='bbox 3408 1610 3718 1683; x_wconf 83' lang='lat' dir='ltr'>displicere</span> <span class='ocrx_word' id='word_1_322' title='bbox 3748 1612 3823 1666; x_wconf 90' lang='lat' dir='ltr'>ti-</span> 
     </span>
    </p>
   </div>
   <div class='ocr_carea' id='block_1_47' title="bbox 2160 1696 3823 1771">
    <p class='ocr_par' dir='ltr' id='par_1_47' title="bbox 2160 1696 3823 1771">
     <span class='ocr_line' id='line_1_47' title="bbox 2160 1696 3823 1771; baseline 0.005 -23"><span class='ocrx_word' id='word_1_323' title='bbox 2160 1700 2341 1761; x_wconf 90' lang='lat' dir='ltr'>ment,</span> <span class='ocrx_word' id='word_1_324' title='bbox 2374 1696 2525 1749; x_wconf 89' lang='lat' dir='ltr'>sacri</span> <span class='ocrx_word' id='word_1_325' title='bbox 2558 1696 2739 1767; x_wconf 90' lang='lat' dir='ltr'>hujus</span> <span class='ocrx_word' id='word_1_326' title='bbox 2772 1696 2903 1750; x_wconf 91' lang='lat' dir='ltr'>belli</span> <span class='ocrx_word' id='word_1_327' title='bbox 2937 1698 3156 1753; x_wconf 90' lang='lat' dir='ltr'>otiosos</span> <span class='ocrx_word' id='word_1_328' title='bbox 3199 1715 3259 1753; x_wconf 86' lang='lat' dir='ltr'>se</span> <span class='ocrx_word' id='word_1_329' title='bbox 3292 1705 3646 1769; x_wconf 88' lang='lat' dir='ltr'>spectatores</span> <span class='ocrx_word' id='word_1_330' title='bbox 3676 1717 3823 1771; x_wconf 83' lang='lat' dir='ltr'>pra-</span> 
     </span>
    </p>
   </div>
   <div class='ocr_carea' id='block_1_48' title="bbox 2160 1782 3823 1859">
    <p class='ocr_par' dir='ltr' id='par_1_48' title="bbox 2160 1782 3823 1859">
     <span class='ocr_line' id='line_1_48' title="bbox 2160 1782 3823 1859; baseline 0.005 -23"><span class='ocrx_word' id='word_1_331' title='bbox 2160 1782 2318 1849; x_wconf 90' lang='lat' dir='ltr'>bent,</span> <span class='ocrx_word' id='word_1_332' title='bbox 2354 1801 2459 1838; x_wconf 89' lang='lat' dir='ltr'>nec</span> <span class='ocrx_word' id='word_1_333' title='bbox 2490 1785 2560 1838; x_wconf 91' lang='lat' dir='ltr'>ad</span> <span class='ocrx_word' id='word_1_334' title='bbox 2595 1784 2933 1855; x_wconf 90' lang='lat' dir='ltr'>hujusmodi</span> <span class='ocrx_word' id='word_1_335' title='bbox 2968 1786 3306 1841; x_wconf 88' lang='lat' dir='ltr'>incendium</span> <span class='ocrx_word' id='word_1_336' title='bbox 3336 1788 3823 1859; x_wconf 88' lang='lat' dir='ltr'>restinguendum</span> 
     </span>
    </p>
   </div>
   <div class='ocr_carea' id='block_1_49' title="bbox 2159 1872 3825 1944">
    <p class='ocr_par' dir='ltr' id='par_1_49' title="bbox 2159 1872 3825 1944">
     <span class='ocr_line' id='line_1_49' title="bbox 2159 1872 3825 1944; baseline 0.005 -19"><span class='ocrx_word' id='word_1_337' title='bbox 2159 1872 2452 1942; x_wconf 91' lang='lat' dir='ltr'>guttulam</span> <span class='ocrx_word' id='word_1_338' title='bbox 2486 1890 2664 1927; x_wconf 89' lang='lat' dir='ltr'>unam</span> <span class='ocrx_word' id='word_1_339' title='bbox 2699 1891 2861 1944; x_wconf 84' lang='lat' dir='ltr'>aqua</span> <span class='ocrx_word' id='word_1_340' title='bbox 2896 1874 3100 1929; x_wconf 74' lang='lat' dir='ltr'>afferre</span> <span class='ocrx_word' id='word_1_341' title='bbox 3157 1876 3413 1933; x_wconf 83' lang='lat' dir='ltr'>curant?</span> <span class='ocrx_word' id='word_1_342' title='bbox 3457 1879 3564 1933; x_wconf 89' lang='lat' dir='ltr'>Sed</span> <span class='ocrx_word' id='word_1_343' title='bbox 3615 1883 3678 1933; x_wconf 92' lang='lat' dir='ltr'>ut</span> <span class='ocrx_word' id='word_1_344' title='bbox 3734 1878 3825 1934; x_wconf 89' lang='lat' dir='ltr'>his</span> 
     </span>
    </p>
   </div>
   <div class='ocr_carea' id='block_1_50' title="bbox 2163 1961 3825 2033">
    <p class='ocr_par' dir='ltr' id='par_1_50' title="bbox 2163 1961 3825 2033">
     <span class='ocr_line' id='line_1_50' title="bbox 2163 1961 3825 2033; baseline 0.005 -19"><span class='ocrx_word' id='word_1_345' title='bbox 2163 1961 2401 2015; x_wconf 90' lang='lat' dir='ltr'>omissis</span> <span class='ocrx_word' id='word_1_346' title='bbox 2436 1962 2504 2015; x_wconf 90' lang='lat' dir='ltr'>ad</span> <span class='ocrx_word' id='word_1_347' title='bbox 2530 1962 2865 2017; x_wconf 87' lang='lat' dir='ltr'>institutum</span> <span class='ocrx_word' id='word_1_348' title='bbox 2892 1980 3224 2019; x_wconf 80' lang='lat' dir='ltr'>sermonem</span> <span class='ocrx_word' id='word_1_349' title='bbox 3255 1967 3511 2033; x_wconf 86' lang='lat' dir='ltr'>redeam,</span> <span class='ocrx_word' id='word_1_350' title='bbox 3545 1967 3825 2023; x_wconf 85' lang='lat' dir='ltr'>eximium</span> 
     </span>
    </p>
   </div>
   <div class='ocr_carea' id='block_1_51' title="bbox 2164 2048 3823 2133">
    <p class='ocr_par' dir='ltr' id='par_1_51' title="bbox 2164 2048 3823 2133">
     <span class='ocr_line' id='line_1_51' title="bbox 2164 2048 3823 2133; baseline 0.006 -32"><span class='ocrx_word' id='word_1_351' title='bbox 2164 2048 2305 2103; x_wconf 91' lang='lat' dir='ltr'>illud</span> <span class='ocrx_word' id='word_1_352' title='bbox 2339 2066 2404 2105; x_wconf 92' lang='lat' dir='ltr'>ac</span> <span class='ocrx_word' id='word_1_353' title='bbox 2438 2050 2735 2123; x_wconf 89' lang='lat' dir='ltr'>singulare</span> <span class='ocrx_word' id='word_1_354' title='bbox 2767 2068 2903 2123; x_wconf 89' lang='lat' dir='ltr'>erga</span> <span class='ocrx_word' id='word_1_355' title='bbox 2934 2069 3042 2107; x_wconf 91' lang='lat' dir='ltr'>nos</span> <span class='ocrx_word' id='word_1_356' title='bbox 3072 2052 3285 2108; x_wconf 88' lang='lat' dir='ltr'>Christi</span> <span class='ocrx_word' id='word_1_357' title='bbox 3313 2055 3661 2109; x_wconf 82' lang='lat' dir='ltr'>beneﬁcium</span> <span class='ocrx_word' id='word_1_358' title='bbox 3689 2056 3823 2133; x_wconf 67' lang='lat' dir='ltr'>fuit,</span> 
     </span>
    </p>
   </div>
   <div class='ocr_carea' id='block_1_52' title="bbox 2164 2139 3821 2217">
    <p class='ocr_par' dir='ltr' id='par_1_52' title="bbox 2164 2139 3821 2217">
     <span class='ocr_line' id='line_1_52' title="bbox 2164 2139 3821 2217; baseline 0.005 -24"><span class='ocrx_word' id='word_1_359' title='bbox 2164 2140 2319 2210; x_wconf 88' lang='lat' dir='ltr'>quod</span> <span class='ocrx_word' id='word_1_360' title='bbox 2348 2139 2596 2195; x_wconf 84' lang='lat' dir='ltr'>hareses</span> <span class='ocrx_word' id='word_1_361' title='bbox 2629 2143 2743 2195; x_wconf 88' lang='lat' dir='ltr'>fore</span> <span class='ocrx_word' id='word_1_362' title='bbox 2779 2141 3211 2212; x_wconf 73' lang='lat' dir='ltr'>praenuntiavit,</span> <span class='ocrx_word' id='word_1_363' title='bbox 3261 2148 3327 2197; x_wconf 93' lang='lat' dir='ltr'>ut</span> <span class='ocrx_word' id='word_1_364' title='bbox 3375 2144 3653 2200; x_wconf 89' lang='lat' dir='ltr'>adversus</span> <span class='ocrx_word' id='word_1_365' title='bbox 3701 2162 3821 2217; x_wconf 86' lang='lat' dir='ltr'>eas,</span> 
     </span>
    </p>
   </div>
   <div class='ocr_carea' id='block_1_53' title="bbox 2162 2229 3827 2303">
    <p class='ocr_par' dir='ltr' id='par_1_53' title="bbox 2162 2229 3827 2303">
     <span class='ocr_line' id='line_1_53' title="bbox 2162 2229 3827 2303; baseline 0.005 -22"><span class='ocrx_word' id='word_1_366' title='bbox 2162 2232 2442 2298; x_wconf 88' lang='lat' dir='ltr'>tanquam</span> <span class='ocrx_word' id='word_1_367' title='bbox 2479 2229 2759 2283; x_wconf 84' lang='lat' dir='ltr'>adversus</span> <span class='ocrx_word' id='word_1_368' title='bbox 2792 2230 3241 2284; x_wconf 85' lang='lat' dir='ltr'>infestissimum</span> <span class='ocrx_word' id='word_1_369' title='bbox 3267 2232 3827 2303; x_wconf 86' lang='lat' dir='ltr'>atqucimmanissi-</span> 
     </span>
    </p>
   </div>
   <div class='ocr_carea' id='block_1_54' title="bbox 2165 2316 3830 2379">
    <p class='ocr_par' dir='ltr' id='par_1_54' title="bbox 2165 2316 3830 2379">
     <span class='ocr_line' id='line_1_54' title="bbox 2165 2316 3830 2379; baseline 0.006 -10"><span class='ocrx_word' id='word_1_370' title='bbox 2165 2333 2328 2370; x_wconf 88' lang='lat' dir='ltr'>mum</span> <span class='ocrx_word' id='word_1_371' title='bbox 2362 2316 2591 2371; x_wconf 75' lang='lat' dir='ltr'>hostem</span> <span class='ocrx_word' id='word_1_372' title='bbox 2624 2318 2803 2371; x_wconf 91' lang='lat' dir='ltr'>animi</span> <span class='ocrx_word' id='word_1_373' title='bbox 2838 2319 3023 2373; x_wconf 89' lang='lat' dir='ltr'>nostri</span> <span class='ocrx_word' id='word_1_374' title='bbox 3057 2335 3247 2374; x_wconf 89' lang='lat' dir='ltr'>arcem</span> <span class='ocrx_word' id='word_1_375' title='bbox 3271 2320 3456 2376; x_wconf 90' lang='lat' dir='ltr'>multo</span> <span class='ocrx_word' id='word_1_376' title='bbox 3479 2327 3610 2377; x_wconf 90' lang='lat' dir='ltr'>ante</span> <span class='ocrx_word' id='word_1_377' title='bbox 3635 2323 3830 2379; x_wconf 90' lang='lat' dir='ltr'>muni-</span> 
     </span>
    </p>
   </div>
   <div class='ocr_carea' id='block_1_55' title="bbox 2164 2406 3824 2477">
    <p class='ocr_par' dir='ltr' id='par_1_55' title="bbox 2164 2406 3824 2477">
     <span class='ocr_line' id='line_1_55' title="bbox 2164 2406 3824 2477; baseline 0.005 -18"><span class='ocrx_word' id='word_1_378' title='bbox 2164 2422 2382 2459; x_wconf 89' lang='lat' dir='ltr'>remus.</span> <span class='ocrx_word' id='word_1_379' title='bbox 2420 2406 2647 2461; x_wconf 77' lang='lat' dir='ltr'>Accedit</span> <span class='ocrx_word' id='word_1_380' title='bbox 2676 2407 2851 2461; x_wconf 91' lang='lat' dir='ltr'>etiam</span> <span class='ocrx_word' id='word_1_381' title='bbox 2884 2406 3003 2473; x_wconf 93' lang='lat' dir='ltr'>illa,</span> <span class='ocrx_word' id='word_1_382' title='bbox 3038 2412 3094 2461; x_wconf 93' lang='lat' dir='ltr'>et</span> <span class='ocrx_word' id='word_1_383' title='bbox 3124 2409 3360 2477; x_wconf 90' lang='lat' dir='ltr'>quidem</span> <span class='ocrx_word' id='word_1_384' title='bbox 3394 2411 3651 2465; x_wconf 86' lang='lat' dir='ltr'>maxima</span> <span class='ocrx_word' id='word_1_385' title='bbox 3686 2429 3824 2467; x_wconf 92' lang='lat' dir='ltr'>con-</span> 
     </span>
    </p>
   </div>
   <div class='ocr_carea' id='block_1_56' title="bbox 2167 2493 3823 2567">
    <p class='ocr_par' dir='ltr' id='par_1_56' title="bbox 2167 2493 3823 2567">
     <span class='ocr_line' id='line_1_56' title="bbox 2167 2493 3823 2567; baseline 0.005 -18"><span class='ocrx_word' id='word_1_386' title='bbox 2167 2493 2396 2560; x_wconf 88' lang='lat' dir='ltr'>solatio,</span> <span class='ocrx_word' id='word_1_387' title='bbox 2437 2512 2569 2549; x_wconf 88' lang='lat' dir='ltr'>cum</span> <span class='ocrx_word' id='word_1_388' title='bbox 2604 2495 2930 2567; x_wconf 89' lang='lat' dir='ltr'>cogitamus</span> <span class='ocrx_word' id='word_1_389' title='bbox 2989 2496 3061 2550; x_wconf 92' lang='lat' dir='ltr'>ab</span> <span class='ocrx_word' id='word_1_390' title='bbox 3120 2496 3385 2552; x_wconf 83' lang='lat' dir='ltr'>Ecclesia</span> <span class='ocrx_word' id='word_1_391' title='bbox 3449 2500 3823 2558; x_wconf 89' lang='lat' dir='ltr'>incunabulis</span> 
     </span>
    </p>
   </div>
   <div class='ocr_carea' id='block_1_57' title="bbox 2170 2583 3822 2661">
    <p class='ocr_par' dir='ltr' id='par_1_57' title="bbox 2170 2583 3822 2661">
     <span class='ocr_line' id='line_1_57' title="bbox 2170 2583 3822 2661; baseline 0.005 -24"><span class='ocrx_word' id='word_1_392' title='bbox 2170 2600 2356 2654; x_wconf 92' lang='lat' dir='ltr'>usque</span> <span class='ocrx_word' id='word_1_393' title='bbox 2387 2584 2456 2637; x_wconf 90' lang='lat' dir='ltr'>ad</span> <span class='ocrx_word' id='word_1_394' title='bbox 2491 2583 2640 2638; x_wconf 89' lang='lat' dir='ltr'>hanc</span> <span class='ocrx_word' id='word_1_395' title='bbox 2670 2589 2896 2639; x_wconf 83' lang='lat' dir='ltr'>atatem</span> <span class='ocrx_word' id='word_1_396' title='bbox 2929 2585 3019 2638; x_wconf 83' lang='lat' dir='ltr'>vix</span> <span class='ocrx_word' id='word_1_397' title='bbox 3044 2584 3227 2639; x_wconf 90' lang='lat' dir='ltr'>ullum</span> <span class='ocrx_word' id='word_1_398' title='bbox 3250 2591 3483 2657; x_wconf 90' lang='lat' dir='ltr'>tempus</span> <span class='ocrx_word' id='word_1_399' title='bbox 3504 2590 3822 2661; x_wconf 80' lang='lat' dir='ltr'>exstitisse,</span> 
     </span>
    </p>
   </div>
   <div class='ocr_carea' id='block_1_58' title="bbox 2167 2673 3823 2744">
    <p class='ocr_par' dir='ltr' id='par_1_58' title="bbox 2167 2673 3823 2744">
     <span class='ocr_line' id='line_1_58' title="bbox 2167 2673 3823 2744; baseline 0.005 -18"><span class='ocrx_word' id='word_1_400' title='bbox 2167 2674 2319 2744; x_wconf 92' lang='lat' dir='ltr'>quod</span> <span class='ocrx_word' id='word_1_401' title='bbox 2355 2690 2466 2727; x_wconf 90' lang='lat' dir='ltr'>non</span> <span class='ocrx_word' id='word_1_402' title='bbox 2500 2673 2550 2727; x_wconf 92' lang='lat' dir='ltr'>ei</span> <span class='ocrx_word' id='word_1_403' title='bbox 2584 2674 2862 2728; x_wconf 89' lang='lat' dir='ltr'>adversus</span> <span class='ocrx_word' id='word_1_404' title='bbox 2891 2674 3024 2728; x_wconf 82' lang='lat' dir='ltr'>ﬁdei</span> <span class='ocrx_word' id='word_1_405' title='bbox 3047 2674 3243 2729; x_wconf 88' lang='lat' dir='ltr'>hostes</span> <span class='ocrx_word' id='word_1_406' title='bbox 3262 2676 3671 2733; x_wconf 89' lang='lat' dir='ltr'>decertandum</span> <span class='ocrx_word' id='word_1_407' title='bbox 3700 2681 3823 2734; x_wconf 90' lang='lat' dir='ltr'>fue-</span> 
     </span>
    </p>
   </div>
   <div class='ocr_carea' id='block_1_59' title="bbox 2168 2762 3823 2838">
    <p class='ocr_par' dir='ltr' id='par_1_59' title="bbox 2168 2762 3823 2838">
     <span class='ocr_line' id='line_1_59' title="bbox 2168 2762 3823 2838; baseline 0.004 -23"><span class='ocrx_word' id='word_1_408' title='bbox 2168 2764 2281 2816; x_wconf 90' lang='lat' dir='ltr'>rit:</span> <span class='ocrx_word' id='word_1_409' title='bbox 2310 2767 2375 2816; x_wconf 89' lang='lat' dir='ltr'>ut</span> <span class='ocrx_word' id='word_1_410' title='bbox 2405 2778 2515 2816; x_wconf 91' lang='lat' dir='ltr'>non</span> <span class='ocrx_word' id='word_1_411' title='bbox 2552 2762 2677 2816; x_wconf 91' lang='lat' dir='ltr'>sine</span> <span class='ocrx_word' id='word_1_412' title='bbox 2708 2779 2887 2817; x_wconf 90' lang='lat' dir='ltr'>causa</span> <span class='ocrx_word' id='word_1_413' title='bbox 2932 2763 3193 2818; x_wconf 89' lang='lat' dir='ltr'>militans</span> <span class='ocrx_word' id='word_1_414' title='bbox 3253 2764 3513 2820; x_wconf 90' lang='lat' dir='ltr'>Ecclesia</span> <span class='ocrx_word' id='word_1_415' title='bbox 3562 2768 3823 2838; x_wconf 85' lang='lat' dir='ltr'>appelle-</span> 
     </span>
    </p>
   </div>
   <div class='ocr_carea' id='block_1_60' title="bbox 2166 2852 3825 2923">
    <p class='ocr_par' dir='ltr' id='par_1_60' title="bbox 2166 2852 3825 2923">
     <span class='ocr_line' id='line_1_60' title="bbox 2166 2852 3825 2923; baseline 0.005 -18"><span class='ocrx_word' id='word_1_416' title='bbox 2166 2857 2280 2906; x_wconf 89' lang='lat' dir='ltr'>tur.</span> <span class='ocrx_word' id='word_1_417' title='bbox 2317 2852 2399 2908; x_wconf 88' lang='lat' dir='ltr'>Ne</span> <span class='ocrx_word' id='word_1_418' title='bbox 2431 2868 2607 2905; x_wconf 90' lang='lat' dir='ltr'>aurea</span> <span class='ocrx_word' id='word_1_419' title='bbox 2638 2852 2871 2921; x_wconf 88' lang='lat' dir='ltr'>quidem</span> <span class='ocrx_word' id='word_1_420' title='bbox 2906 2858 3045 2906; x_wconf 89' lang='lat' dir='ltr'>atas</span> <span class='ocrx_word' id='word_1_421' title='bbox 3075 2854 3144 2907; x_wconf 90' lang='lat' dir='ltr'>ab</span> <span class='ocrx_word' id='word_1_422' title='bbox 3172 2853 3515 2923; x_wconf 90' lang='lat' dir='ltr'>hujusmodi</span> <span class='ocrx_word' id='word_1_423' title='bbox 3549 2856 3825 2913; x_wconf 82' lang='lat' dir='ltr'>ﬂuctibus</span> 
     </span>
    </p>
   </div>
   <div class='ocr_carea' id='block_1_61' title="bbox 2169 2940 3824 3016">
    <p class='ocr_par' dir='ltr' id='par_1_61' title="bbox 2169 2940 3824 3016">
     <span class='ocr_line' id='line_1_61' title="bbox 2169 2940 3824 3016; baseline 0.004 -20"><span class='ocrx_word' id='word_1_424' title='bbox 2169 2942 2453 2997; x_wconf 89' lang='lat' dir='ltr'>immunis</span> <span class='ocrx_word' id='word_1_425' title='bbox 2486 2940 2613 2997; x_wconf 88' lang='lat' dir='ltr'>fuit.</span> <span class='ocrx_word' id='word_1_426' title='bbox 2646 2941 2779 3012; x_wconf 88' lang='lat' dir='ltr'>lpsa</span> <span class='ocrx_word' id='word_1_427' title='bbox 2809 2958 3041 3013; x_wconf 89' lang='lat' dir='ltr'>quoque</span> <span class='ocrx_word' id='word_1_428' title='bbox 3074 2959 3210 2997; x_wconf 88' lang='lat' dir='ltr'>suos</span> <span class='ocrx_word' id='word_1_429' title='bbox 3246 2943 3449 2997; x_wconf 86' lang='lat' dir='ltr'>habuit</span> <span class='ocrx_word' id='word_1_430' title='bbox 3479 2948 3824 3016; x_wconf 78' lang='lat' dir='ltr'>Hymenaos</span> 
     </span>
    </p>
   </div>
   <div class='ocr_carea' id='block_1_62' title="bbox 2167 3031 3827 3105">
    <p class='ocr_par' dir='ltr' id='par_1_62' title="bbox 2167 3031 3827 3105">
     <span class='ocr_line' id='line_1_62' title="bbox 2167 3031 3827 3105; baseline 0.003 -19"><span class='ocrx_word' id='word_1_431' title='bbox 2167 3038 2224 3086; x_wconf 91' lang='lat' dir='ltr'>et</span> <span class='ocrx_word' id='word_1_432' title='bbox 2252 3032 2628 3100; x_wconf 86' lang='lat' dir='ltr'>Alexandras,</span> <span class='ocrx_word' id='word_1_433' title='bbox 2664 3047 2802 3086; x_wconf 91' lang='lat' dir='ltr'>suos</span> <span class='ocrx_word' id='word_1_434' title='bbox 2831 3031 3100 3086; x_wconf 88' lang='lat' dir='ltr'>Nicolaos</span> <span class='ocrx_word' id='word_1_435' title='bbox 3131 3036 3186 3086; x_wconf 93' lang='lat' dir='ltr'>et</span> <span class='ocrx_word' id='word_1_436' title='bbox 3216 3031 3539 3099; x_wconf 90' lang='lat' dir='ltr'>Cerinthos,</span> <span class='ocrx_word' id='word_1_437' title='bbox 3575 3036 3673 3105; x_wconf 92' lang='lat' dir='ltr'>qui</span> <span class='ocrx_word' id='word_1_438' title='bbox 3733 3036 3827 3091; x_wconf 84' lang='lat' dir='ltr'>vix</span> 
     </span>
    </p>
   </div>
   <div class='ocr_carea' id='block_1_63' title="bbox 2168 3120 3827 3193">
    <p class='ocr_par' dir='ltr' id='par_1_63' title="bbox 2168 3120 3827 3193">
     <span class='ocr_line' id='line_1_63' title="bbox 2168 3120 3827 3193; baseline 0.003 -18"><span class='ocrx_word' id='word_1_439' title='bbox 2168 3122 2227 3175; x_wconf 91' lang='lat' dir='ltr'>in</span> <span class='ocrx_word' id='word_1_440' title='bbox 2259 3120 2449 3176; x_wconf 89' lang='lat' dir='ltr'>lucem</span> <span class='ocrx_word' id='word_1_441' title='bbox 2482 3120 2696 3174; x_wconf 87' lang='lat' dir='ltr'>editam</span> <span class='ocrx_word' id='word_1_442' title='bbox 2730 3121 3036 3190; x_wconf 89' lang='lat' dir='ltr'>adhucque</span> <span class='ocrx_word' id='word_1_443' title='bbox 3059 3120 3368 3176; x_wconf 88' lang='lat' dir='ltr'>lactentem</span> <span class='ocrx_word' id='word_1_444' title='bbox 3401 3125 3729 3193; x_wconf 84' lang='lat' dir='ltr'>Opprimere</span> <span class='ocrx_word' id='word_1_445' title='bbox 3760 3142 3827 3179; x_wconf 89' lang='lat' dir='ltr'>ac</span> 
     </span>
    </p>
   </div>
   <div class='ocr_carea' id='block_1_64' title="bbox 2170 3209 3825 3269">
    <p class='ocr_par' dir='ltr' id='par_1_64' title="bbox 2170 3209 3825 3269">
     <span class='ocr_line' id='line_1_64' title="bbox 2170 3209 3825 3269; baseline 0.002 -4"><span class='ocrx_word' id='word_1_446' title='bbox 2170 3211 2240 3265; x_wconf 87' lang='lat' dir='ltr'>de</span> <span class='ocrx_word' id='word_1_447' title='bbox 2274 3210 2464 3265; x_wconf 87' lang='lat' dir='ltr'>medio</span> <span class='ocrx_word' id='word_1_448' title='bbox 2497 3210 2695 3264; x_wconf 86' lang='lat' dir='ltr'>tollere</span> <span class='ocrx_word' id='word_1_449' title='bbox 2727 3210 2915 3264; x_wconf 86' lang='lat' dir='ltr'>conati</span> <span class='ocrx_word' id='word_1_450' title='bbox 2947 3215 3104 3264; x_wconf 91' lang='lat' dir='ltr'>sunt.</span> <span class='ocrx_word' id='word_1_451' title='bbox 3137 3209 3243 3264; x_wconf 82' lang='lat' dir='ltr'>Vix</span> <span class='ocrx_word' id='word_1_452' title='bbox 3290 3228 3356 3265; x_wconf 84' lang='lat' dir='ltr'>ex</span> <span class='ocrx_word' id='word_1_453' title='bbox 3406 3211 3499 3267; x_wconf 89' lang='lat' dir='ltr'>his</span> <span class='ocrx_word' id='word_1_454' title='bbox 3548 3212 3825 3269; x_wconf 85' lang='lat' dir='ltr'>ﬂuctibus</span> 
     </span>
    </p>
   </div>
   <div class='ocr_carea' id='block_1_65' title="bbox 400 3280 3827 3373">
    <p class='ocr_par' dir='ltr' id='par_1_65' title="bbox 400 3280 3827 3373">
     <span class='ocr_line' id='line_1_65' title="bbox 400 3280 3827 3373; baseline 0.002 -23"><span class='ocrx_word' id='word_1_455' title='bbox 400 3294 766 3365; x_wconf 85' lang='lat' dir='ltr'>exsisterent,</span> <span class='ocrx_word' id='word_1_456' title='bbox 799 3297 990 3353; x_wconf 87' lang='lat' dir='ltr'>verbis</span> <span class='ocrx_word' id='word_1_457' title='bbox 1022 3298 1235 3353; x_wconf 82' lang='lat' dir='ltr'>Chris‘i</span> <span class='ocrx_word' id='word_1_458' title='bbox 1270 3300 1414 3355; x_wconf 80' lang='lat' dir='ltr'>fides</span> <span class='ocrx_word' id='word_1_459' title='bbox 1448 3319 1559 3357; x_wconf 92' lang='lat' dir='ltr'>non</span> <span class='ocrx_word' id='word_1_460' title='bbox 1602 3308 1915 3372; x_wconf 88' lang='lat' dir='ltr'>constaret,</span> <span class='ocrx_word' id='word_1_461' title='bbox 1950 3322 2054 3360; x_wconf 87' lang='lat' dir='ltr'>ve-</span> <span class='ocrx_word' id='word_1_462' title='bbox 2086 3280 2128 3347; x_wconf 60' lang='grc' dir='ltr'>(ἶ</span> <span class='ocrx_word' id='word_1_463' title='bbox 2168 3304 2505 3366; x_wconf 83' lang='lat' dir='ltr'>emerserat,</span> <span class='ocrx_word' id='word_1_464' title='bbox 2540 3316 2671 3353; x_wconf 88' lang='lat' dir='ltr'>cum</span> <span class='ocrx_word' id='word_1_465' title='bbox 2707 3300 2837 3354; x_wconf 88' lang='lat' dir='ltr'>aliis</span> <span class='ocrx_word' id='word_1_466' title='bbox 2870 3300 3116 3371; x_wconf 87' lang='lat' dir='ltr'>aliisque</span> <span class='ocrx_word' id='word_1_467' title='bbox 3153 3300 3404 3355; x_wconf 87' lang='lat' dir='ltr'>subinde</span> <span class='ocrx_word' id='word_1_468' title='bbox 3435 3301 3704 3372; x_wconf 87' lang='lat' dir='ltr'>procellis</span> <span class='ocrx_word' id='word_1_469' title='bbox 3735 3304 3827 3373; x_wconf 90' lang='lat' dir='ltr'>ja-</span> 
     </span>
    </p>
   </div>
   <div class='ocr_carea' id='block_1_66' title="bbox 398 3383 2061 3456">
    <p class='ocr_par' dir='ltr' id='par_1_66' title="bbox 398 3383 2061 3456">
     <span class='ocr_line' id='line_1_66' title="bbox 398 3383 2061 3456; baseline 0.007 -18"><span class='ocrx_word' id='word_1_470' title='bbox 398 3383 659 3455; x_wconf 88' lang='lat' dir='ltr'>ritasque</span> <span class='ocrx_word' id='word_1_471' title='bbox 689 3386 819 3456; x_wconf 90' lang='lat' dir='ltr'>ipsa</span> <span class='ocrx_word' id='word_1_472' title='bbox 841 3386 970 3441; x_wconf 86' lang='lat' dir='ltr'>falsi</span> <span class='ocrx_word' id='word_1_473' title='bbox 1002 3388 1486 3446; x_wconf 77' lang='lat' dir='ltr'>convinceretur?</span> <span class='ocrx_word' id='word_1_474' title='bbox 1541 3392 1744 3448; x_wconf 90' lang='lat' dir='ltr'>Nonne</span> <span class='ocrx_word' id='word_1_475' title='bbox 1795 3393 2061 3449; x_wconf 88' lang='lat' dir='ltr'>Christus</span> 
     </span>
    </p>
   </div>
   <div class='ocr_carea' id='block_1_67' title="bbox 400 3474 2060 3551">
    <p class='ocr_par' dir='ltr' id='par_1_67' title="bbox 400 3474 2060 3551">
     <span class='ocr_line' id='line_1_67' title="bbox 400 3474 2060 3551; baseline 0.007 -24"><span class='ocrx_word' id='word_1_476' title='bbox 400 3489 473 3527; x_wconf 90' lang='lat' dir='ltr'>ne</span> <span class='ocrx_word' id='word_1_477' title='bbox 502 3490 609 3528; x_wconf 92' lang='lat' dir='ltr'>nos</span> <span class='ocrx_word' id='word_1_478' title='bbox 636 3474 939 3546; x_wconf 81' lang='lat' dir='ltr'>inepinata</span> <span class='ocrx_word' id='word_1_479' title='bbox 966 3475 1118 3533; x_wconf 92' lang='lat' dir='ltr'>mala</span> <span class='ocrx_word' id='word_1_480' title='bbox 1152 3480 1583 3551; x_wconf 90' lang='lat' dir='ltr'>perturbarent,</span> <span class='ocrx_word' id='word_1_481' title='bbox 1620 3488 2060 3538; x_wconf 84' lang='lat' dir='ltr'>exsurrecturos</span> 
     </span>
    </p>
   </div>
   <div class='ocr_carea' id='block_1_68' title="bbox 402 3562 2060 3641">
    <p class='ocr_par' dir='ltr' id='par_1_68' title="bbox 402 3562 2060 3641">
     <span class='ocr_line' id='line_1_68' title="bbox 402 3562 2060 3641; baseline 0.007 -26"><span class='ocrx_word' id='word_1_482' title='bbox 402 3562 878 3633; x_wconf 88' lang='lat' dir='ltr'>pseudochristos</span> <span class='ocrx_word' id='word_1_483' title='bbox 910 3569 968 3620; x_wconf 87' lang='lat' dir='ltr'>et</span> <span class='ocrx_word' id='word_1_484' title='bbox 999 3567 1541 3639; x_wconf 85' lang='lat' dir='ltr'>pseudOprophetas</span> <span class='ocrx_word' id='word_1_485' title='bbox 1593 3572 1882 3641; x_wconf 83' lang='lat' dir='ltr'>pradixit,</span> <span class='ocrx_word' id='word_1_486' title='bbox 1933 3578 2060 3626; x_wconf 90' lang='lat' dir='ltr'>tan-</span> 
     </span>
    </p>
   </div>
   <div class='ocr_carea' id='block_1_69' title="bbox 404 3652 2059 3732">
    <p class='ocr_par' dir='ltr' id='par_1_69' title="bbox 404 3652 2059 3732">
     <span class='ocr_line' id='line_1_69' title="bbox 404 3652 2059 3732; baseline 0.007 -27"><span class='ocrx_word' id='word_1_487' title='bbox 404 3654 581 3723; x_wconf 88' lang='lat' dir='ltr'>taque</span> <span class='ocrx_word' id='word_1_488' title='bbox 610 3652 785 3707; x_wconf 89' lang='lat' dir='ltr'>etiam</span> <span class='ocrx_word' id='word_1_489' title='bbox 819 3653 1104 3709; x_wconf 91' lang='lat' dir='ltr'>miracula</span> <span class='ocrx_word' id='word_1_490' title='bbox 1133 3656 1412 3725; x_wconf 89' lang='lat' dir='ltr'>edituros,</span> <span class='ocrx_word' id='word_1_491' title='bbox 1458 3663 1523 3713; x_wconf 91' lang='lat' dir='ltr'>ut</span> <span class='ocrx_word' id='word_1_492' title='bbox 1581 3659 1627 3713; x_wconf 89' lang='lat' dir='ltr'>si</span> <span class='ocrx_word' id='word_1_493' title='bbox 1678 3661 1798 3715; x_wconf 77' lang='lat' dir='ltr'>fieri</span> <span class='ocrx_word' id='word_1_494' title='bbox 1855 3660 2059 3732; x_wconf 90' lang='lat' dir='ltr'>possit,</span> 
     </span>
    </p>
   </div>
   <div class='ocr_carea' id='block_1_70' title="bbox 406 3737 2059 3820">
    <p class='ocr_par' dir='ltr' id='par_1_70' title="bbox 406 3737 2059 3820">
     <span class='ocr_line' id='line_1_70' title="bbox 406 3737 2059 3820; baseline 0.005 -25"><span class='ocrx_word' id='word_1_495' title='bbox 406 3737 571 3795; x_wconf 82' lang='lat' dir='ltr'>electi</span> <span class='ocrx_word' id='word_1_496' title='bbox 605 3757 837 3812; x_wconf 91' lang='lat' dir='ltr'>quoque</span> <span class='ocrx_word' id='word_1_497' title='bbox 867 3741 927 3796; x_wconf 90' lang='lat' dir='ltr'>in</span> <span class='ocrx_word' id='word_1_498' title='bbox 957 3759 1214 3800; x_wconf 91' lang='lat' dir='ltr'>errorem</span> <span class='ocrx_word' id='word_1_499' title='bbox 1252 3747 1739 3816; x_wconf 77' lang='lat' dir='ltr'>impellantur“?</span> <span class='ocrx_word' id='word_1_500' title='bbox 1769 3748 1841 3804; x_wconf 89' lang='lat' dir='ltr'>Ut</span> <span class='ocrx_word' id='word_1_501' title='bbox 1897 3750 2059 3820; x_wconf 87' lang='lat' dir='ltr'>quis-</span> 
     </span>
    </p>
   </div>
   <div class='ocr_carea' id='block_1_71' title="bbox 407 3828 2062 3900">
    <p class='ocr_par' dir='ltr' id='par_1_71' title="bbox 407 3828 2062 3900">
     <span class='ocr_line' id='line_1_71' title="bbox 407 3828 2062 3900; baseline 0.006 -18"><span class='ocrx_word' id='word_1_502' title='bbox 407 3828 543 3899; x_wconf 90' lang='lat' dir='ltr'>quis</span> <span class='ocrx_word' id='word_1_503' title='bbox 574 3830 816 3885; x_wconf 90' lang='lat' dir='ltr'>miretur</span> <span class='ocrx_word' id='word_1_504' title='bbox 842 3830 1091 3887; x_wconf 84' lang='lat' dir='ltr'>hareses</span> <span class='ocrx_word' id='word_1_505' title='bbox 1122 3848 1271 3900; x_wconf 90' lang='lat' dir='ltr'>esse,</span> <span class='ocrx_word' id='word_1_506' title='bbox 1304 3835 1458 3890; x_wconf 88' lang='lat' dir='ltr'>idem</span> <span class='ocrx_word' id='word_1_507' title='bbox 1492 3836 1637 3891; x_wconf 93' lang='lat' dir='ltr'>nihil</span> <span class='ocrx_word' id='word_1_508' title='bbox 1670 3837 1825 3892; x_wconf 87' lang='lat' dir='ltr'>aliud</span> <span class='ocrx_word' id='word_1_509' title='bbox 1862 3838 2062 3894; x_wconf 90' lang='lat' dir='ltr'>mirari</span> 
     </span>
    </p>
   </div>
   <div class='ocr_carea' id='block_1_72' title="bbox 404 3917 2064 3997">
    <p class='ocr_par' dir='ltr' id='par_1_72' title="bbox 404 3917 2064 3997">
     <span class='ocr_line' id='line_1_72' title="bbox 404 3917 2064 3997; baseline 0.006 -26"><span class='ocrx_word' id='word_1_510' title='bbox 404 3917 691 3988; x_wconf 85' lang='lat' dir='ltr'>videatur,</span> <span class='ocrx_word' id='word_1_511' title='bbox 726 3936 899 3990; x_wconf 90' lang='lat' dir='ltr'>quam</span> <span class='ocrx_word' id='word_1_512' title='bbox 935 3937 1059 3976; x_wconf 90' lang='lat' dir='ltr'>rem</span> <span class='ocrx_word' id='word_1_513' title='bbox 1091 3939 1124 3976; x_wconf 91' lang='lat' dir='ltr'><strong>a</strong></span> <span class='ocrx_word' id='word_1_514' title='bbox 1144 3922 1370 3979; x_wconf 89' lang='lat' dir='ltr'>Christo</span> <span class='ocrx_word' id='word_1_515' title='bbox 1390 3928 1553 3980; x_wconf 89' lang='lat' dir='ltr'>tanto</span> <span class='ocrx_word' id='word_1_516' title='bbox 1571 3929 1703 3980; x_wconf 87' lang='lat' dir='ltr'>ante</span> <span class='ocrx_word' id='word_1_517' title='bbox 1725 3927 2064 3997; x_wconf 81' lang='lat' dir='ltr'>pradictam</span> 
     </span>
    </p>
   </div>
   <div class='ocr_carea' id='block_1_73' title="bbox 409 4008 2063 4087">
    <p class='ocr_par' dir='ltr' id='par_1_73' title="bbox 409 4008 2063 4087">
     <span class='ocr_line' id='line_1_73' title="bbox 409 4008 2063 4087; baseline 0.008 -28"><span class='ocrx_word' id='word_1_518' title='bbox 409 4009 832 4077; x_wconf 84' lang='lat' dir='ltr'>reprasentari.</span> <span class='ocrx_word' id='word_1_519' title='bbox 866 4008 1012 4073; x_wconf 89' lang='lat' dir='ltr'>Quid</span> <span class='ocrx_word' id='word_1_520' title='bbox 1046 4013 1199 4082; x_wconf 92' lang='lat' dir='ltr'>quod</span> <span class='ocrx_word' id='word_1_521' title='bbox 1233 4014 1462 4086; x_wconf 84' lang='lat' dir='ltr'>expedit</span> <span class='ocrx_word' id='word_1_522' title='bbox 1494 4015 1841 4087; x_wconf 91' lang='lat' dir='ltr'>plerumque</span> <span class='ocrx_word' id='word_1_523' title='bbox 1881 4016 2063 4073; x_wconf 86' lang='lat' dir='ltr'>hare-</span> 
     </span>
    </p>
   </div>
   <div class='ocr_carea' id='block_1_74' title="bbox 413 4096 2064 4175">
    <p class='ocr_par' dir='ltr' id='par_1_74' title="bbox 413 4096 2064 4175">
     <span class='ocr_line' id='line_1_74' title="bbox 413 4096 2064 4175; baseline 0.007 -24"><span class='ocrx_word' id='word_1_524' title='bbox 413 4110 510 4151; x_wconf 87' lang='lat' dir='ltr'>ses</span> <span class='ocrx_word' id='word_1_525' title='bbox 541 4096 766 4163; x_wconf 81' lang='lat' dir='ltr'>exoriri,</span> <span class='ocrx_word' id='word_1_526' title='bbox 802 4102 865 4153; x_wconf 91' lang='lat' dir='ltr'>ut</span> <span class='ocrx_word' id='word_1_527' title='bbox 902 4101 1352 4158; x_wconf 89' lang='lat' dir='ltr'>intermortuum</span> <span class='ocrx_word' id='word_1_528' title='bbox 1405 4104 1640 4175; x_wconf 87' lang='lat' dir='ltr'>pietatis</span> <span class='ocrx_word' id='word_1_529' title='bbox 1671 4106 1932 4161; x_wconf 89' lang='lat' dir='ltr'>studium</span> <span class='ocrx_word' id='word_1_530' title='bbox 1976 4124 2064 4163; x_wconf 88' lang='lat' dir='ltr'>re-</span> 
     </span>
    </p>
   </div>
   <div class='ocr_carea' id='block_1_75' title="bbox 416 4186 2068 4268">
    <p class='ocr_par' dir='ltr' id='par_1_75' title="bbox 416 4186 2068 4268">
     <span class='ocr_line' id='line_1_75' title="bbox 416 4186 2068 4268; baseline 0.008 -29"><span class='ocrx_word' id='word_1_531' title='bbox 416 4189 679 4251; x_wconf 85' lang='lat' dir='ltr'>novetur,</span> <span class='ocrx_word' id='word_1_532' title='bbox 709 4186 966 4259; x_wconf 89' lang='lat' dir='ltr'>collapsa</span> <span class='ocrx_word' id='word_1_533' title='bbox 996 4207 1061 4245; x_wconf 90' lang='lat' dir='ltr'>ac</span> <span class='ocrx_word' id='word_1_534' title='bbox 1095 4207 1270 4262; x_wconf 89' lang='lat' dir='ltr'>prope</span> <span class='ocrx_word' id='word_1_535' title='bbox 1290 4191 1477 4248; x_wconf 88' lang='lat' dir='ltr'>deleta</span> <span class='ocrx_word' id='word_1_536' title='bbox 1500 4211 1731 4249; x_wconf 89' lang='lat' dir='ltr'>morum</span> <span class='ocrx_word' id='word_1_537' title='bbox 1755 4195 2068 4268; x_wconf 90' lang='lat' dir='ltr'>disciplina</span> 
     </span>
    </p>
   </div>
   <div class='ocr_carea' id='block_1_76' title="bbox 413 4274 2065 4355">
    <p class='ocr_par' dir='ltr' id='par_1_76' title="bbox 413 4274 2065 4355">
     <span class='ocr_line' id='line_1_76' title="bbox 413 4274 2065 4355; baseline 0.009 -29"><span class='ocrx_word' id='word_1_538' title='bbox 413 4274 675 4345; x_wconf 89' lang='lat' dir='ltr'>erigatur</span> <span class='ocrx_word' id='word_1_539' title='bbox 701 4280 756 4330; x_wconf 91' lang='lat' dir='ltr'>et</span> <span class='ocrx_word' id='word_1_540' title='bbox 785 4276 1164 4349; x_wconf 88' lang='lat' dir='ltr'>instauretur,</span> <span class='ocrx_word' id='word_1_541' title='bbox 1199 4296 1264 4335; x_wconf 85' lang='lat' dir='ltr'>ac</span> <span class='ocrx_word' id='word_1_542' title='bbox 1295 4281 1570 4353; x_wconf 91' lang='lat' dir='ltr'>denique,</span> <span class='ocrx_word' id='word_1_543' title='bbox 1614 4285 1768 4355; x_wconf 92' lang='lat' dir='ltr'>quod</span> <span class='ocrx_word' id='word_1_544' title='bbox 1818 4285 1898 4338; x_wconf 91' lang='lat' dir='ltr'>ait</span> <span class='ocrx_word' id='word_1_545' title='bbox 1954 4287 2065 4340; x_wconf 91' lang='lat' dir='ltr'>Au-</span> 
     </span>
    </p>
   </div>
   <div class='ocr_carea' id='block_1_77' title="bbox 412 4364 2066 4437">
    <p class='ocr_par' dir='ltr' id='par_1_77' title="bbox 412 4364 2066 4437">
     <span class='ocr_line' id='line_1_77' title="bbox 412 4364 2066 4437; baseline 0.008 -20"><span class='ocrx_word' id='word_1_546' title='bbox 412 4364 709 4434; x_wconf 85' lang='lat' dir='ltr'>gustinus,</span> <span class='ocrx_word' id='word_1_547' title='bbox 743 4364 977 4437; x_wconf 90' lang='lat' dir='ltr'>pigritia</span> <span class='ocrx_word' id='word_1_548' title='bbox 1009 4368 1314 4425; x_wconf 90' lang='lat' dir='ltr'>hominum</span> <span class='ocrx_word' id='word_1_549' title='bbox 1346 4372 1691 4427; x_wconf 86' lang='lat' dir='ltr'>excutiatur.</span> <span class='ocrx_word' id='word_1_550' title='bbox 1726 4377 1887 4429; x_wconf 88' lang='lat' dir='ltr'>Certe</span> <span class='ocrx_word' id='word_1_551' title='bbox 1932 4392 2066 4431; x_wconf 86' lang='lat' dir='ltr'>cum</span> 
     </span>
    </p>
   </div>
   <div class='ocr_carea' id='block_1_78' title="bbox 412 4451 2068 4529">
    <p class='ocr_par' dir='ltr' id='par_1_78' title="bbox 412 4451 2068 4529">
     <span class='ocr_line' id='line_1_78' title="bbox 412 4451 2068 4529; baseline 0.009 -24"><span class='ocrx_word' id='word_1_552' title='bbox 412 4451 803 4508; x_wconf 87' lang='lat' dir='ltr'>Themistocle</span> <span class='ocrx_word' id='word_1_553' title='bbox 835 4456 1001 4511; x_wconf 90' lang='lat' dir='ltr'>nobis</span> <span class='ocrx_word' id='word_1_554' title='bbox 1031 4458 1250 4529; x_wconf 85' lang='lat' dir='ltr'>optimo</span> <span class='ocrx_word' id='word_1_555' title='bbox 1274 4461 1407 4529; x_wconf 89' lang='lat' dir='ltr'>jure</span> <span class='ocrx_word' id='word_1_556' title='bbox 1436 4460 1627 4516; x_wconf 89' lang='lat' dir='ltr'>dicere</span> <span class='ocrx_word' id='word_1_557' title='bbox 1676 4462 1829 4529; x_wconf 91' lang='lat' dir='ltr'>licet,</span> <span class='ocrx_word' id='word_1_558' title='bbox 1878 4464 2068 4520; x_wconf 90' lang='lat' dir='ltr'>Perie-</span> 
     </span>
    </p>
   </div>
   <div class='ocr_carea' id='block_1_79' title="bbox 414 4543 2069 4625">
    <p class='ocr_par' dir='ltr' id='par_1_79' title="bbox 414 4543 2069 4625">
     <span class='ocr_line' id='line_1_79' title="bbox 414 4543 2069 4625; baseline 0.01 -32"><span class='ocrx_word' id='word_1_559' title='bbox 414 4555 639 4608; x_wconf 88' lang='lat' dir='ltr'>ramus,</span> <span class='ocrx_word' id='word_1_560' title='bbox 696 4543 807 4598; x_wconf 89' lang='lat' dir='ltr'>nisi</span> <span class='ocrx_word' id='word_1_561' title='bbox 839 4546 1219 4615; x_wconf 80' lang='lat' dir='ltr'>perissemus.</span> <span class='ocrx_word' id='word_1_562' title='bbox 1282 4550 1467 4605; x_wconf 88' lang='lat' dir='ltr'>Tanto</span> <span class='ocrx_word' id='word_1_563' title='bbox 1516 4556 1748 4606; x_wconf 81' lang='lat' dir='ltr'>veterno</span> <span class='ocrx_word' id='word_1_564' title='bbox 1803 4556 2069 4625; x_wconf 88' lang='lat' dir='ltr'>oppressi</span> 
     </span>
    </p>
   </div>
   <div class='ocr_carea' id='block_1_80' title="bbox 2171 3388 3828 3463">
    <p class='ocr_par' dir='ltr' id='par_1_80' title="bbox 2171 3388 3828 3463">
     <span class='ocr_line' id='line_1_80' title="bbox 2171 3388 3828 3463; baseline 0.002 -20"><span class='ocrx_word' id='word_1_565' title='bbox 2171 3389 2313 3443; x_wconf 90' lang='lat' dir='ltr'>ctari</span> <span class='ocrx_word' id='word_1_566' title='bbox 2347 3388 2539 3459; x_wconf 88' lang='lat' dir='ltr'>cocpit.</span> <span class='ocrx_word' id='word_1_567' title='bbox 2589 3388 2760 3458; x_wconf 75' lang='lat' dir='ltr'>Saepe,</span> <span class='ocrx_word' id='word_1_568' title='bbox 2806 3388 3021 3458; x_wconf 85' lang='lat' dir='ltr'>inquit,</span> <span class='ocrx_word' id='word_1_569' title='bbox 3073 3395 3529 3459; x_wconf 70' lang='lat' dir='ltr'>expugnaverunt</span> <span class='ocrx_word' id='word_1_570' title='bbox 3557 3408 3642 3446; x_wconf 73' lang='lat' dir='ltr'>me</span> <span class='ocrx_word' id='word_1_571' title='bbox 3680 3393 3828 3463; x_wconf 85' lang='lat' dir='ltr'>aju-</span> 
     </span>
    </p>
   </div>
   <div class='ocr_carea' id='block_1_81' title="bbox 2170 3478 3831 3548">
    <p class='ocr_par' dir='ltr' id='par_1_81' title="bbox 2170 3478 3831 3548">
     <span class='ocr_line' id='line_1_81' title="bbox 2170 3478 3831 3548; baseline 0.002 -14"><span class='ocrx_word' id='word_1_572' title='bbox 2170 3483 2385 3534; x_wconf 81' lang='lat' dir='ltr'>ventute</span> <span class='ocrx_word' id='word_1_573' title='bbox 2414 3494 2555 3541; x_wconf 85' lang='lat' dir='ltr'>mea,</span> <span class='ocrx_word' id='word_1_574' title='bbox 2592 3480 2690 3532; x_wconf 84' lang='lat' dir='ltr'>sed</span> <span class='ocrx_word' id='word_1_575' title='bbox 2727 3478 2863 3548; x_wconf 92' lang='lat' dir='ltr'>quid</span> <span class='ocrx_word' id='word_1_576' title='bbox 2887 3478 2913 3530; x_wconf 86' lang='lat'><strong>?</strong></span> <span class='ocrx_word' id='word_1_577' title='bbox 2942 3493 3051 3532; x_wconf 82' lang='lat' dir='ltr'>non</span> <span class='ocrx_word' id='word_1_578' title='bbox 3108 3483 3363 3547; x_wconf 73' lang='lat' dir='ltr'>poterunt</span> <span class='ocrx_word' id='word_1_579' title='bbox 3402 3480 3543 3535; x_wconf 81' lang='lat' dir='ltr'>mihi</span> <span class='ocrx_word' id='word_1_580' title='bbox 3584 3482 3651 3535; x_wconf 79' lang='lat'>“.</span> <span class='ocrx_word' id='word_1_581' title='bbox 3705 3484 3831 3537; x_wconf 67' lang='lat' dir='ltr'>Ad-</span> 
     </span>
    </p>
   </div>
   <div class='ocr_carea' id='block_1_82' title="bbox 2172 3568 3831 3643">
    <p class='ocr_par' dir='ltr' id='par_1_82' title="bbox 2172 3568 3831 3643">
     <span class='ocr_line' id='line_1_82' title="bbox 2172 3568 3831 3643; baseline 0.002 -20"><span class='ocrx_word' id='word_1_582' title='bbox 2172 3585 2387 3623; x_wconf 77' lang='lat' dir='ltr'>versum</span> <span class='ocrx_word' id='word_1_583' title='bbox 2402 3584 2488 3621; x_wconf 88' lang='lat' dir='ltr'>me</span> <span class='ocrx_word' id='word_1_584' title='bbox 2506 3584 2571 3622; x_wconf 84' lang='lat' dir='ltr'>ne</span> <span class='ocrx_word' id='word_1_585' title='bbox 2592 3568 2730 3637; x_wconf 67' lang='lat' dir='ltr'>ipsa?</span> <span class='ocrx_word' id='word_1_586' title='bbox 2742 3568 2974 3637; x_wconf 81' lang='lat' dir='ltr'>quidem</span> <span class='ocrx_word' id='word_1_587' title='bbox 2998 3568 3172 3637; x_wconf 78' lang='lat' dir='ltr'>inferi</span> <span class='ocrx_word' id='word_1_588' title='bbox 3177 3570 3355 3637; x_wconf 62' lang='lat' dir='ltr'>porta</span> <span class='ocrx_word' id='word_1_589' title='bbox 3376 3568 3831 3643; x_wconf 84' lang='lat' dir='ltr'>pravaluerunt,</span> 
     </span>
    </p>
   </div>
   <div class='ocr_carea' id='block_1_83' title="bbox 2172 3658 3070 3729">
    <p class='ocr_par' dir='ltr' id='par_1_83' title="bbox 2172 3658 3070 3729">
     <span class='ocr_line' id='line_1_83' title="bbox 2172 3658 3070 3729; baseline -0.003 -15"><span class='ocrx_word' id='word_1_590' title='bbox 2172 3677 2277 3714; x_wconf 92' lang='lat' dir='ltr'>nec</span> <span class='ocrx_word' id='word_1_591' title='bbox 2309 3676 2567 3729; x_wconf 86' lang='lat' dir='ltr'>unquam</span> <span class='ocrx_word' id='word_1_592' title='bbox 2599 3658 2978 3727; x_wconf 72' lang='lat' dir='ltr'>pra’valebunt</span> <span class='ocrx_word' id='word_1_593' title='bbox 3006 3658 3070 3711; x_wconf 78' lang='grc'>⁸⁵.</span> 
     </span>
    </p>
   </div>
   <div class='ocr_carea' id='block_1_84' title="bbox 2244 3746 3832 3821">
    <p class='ocr_par' dir='ltr' id='par_1_84' title="bbox 2244 3746 3832 3821">
     <span class='ocr_line' id='line_1_84' title="bbox 2244 3746 3832 3821; baseline 0.001 -18"><span class='ocrx_word' id='word_1_594' title='bbox 2244 3751 2470 3815; x_wconf 86' lang='lat' dir='ltr'>Quanto</span> <span class='ocrx_word' id='word_1_595' title='bbox 2501 3764 2636 3818; x_wconf 90' lang='lat' dir='ltr'>ergo</span> <span class='ocrx_word' id='word_1_596' title='bbox 2660 3746 2865 3801; x_wconf 90' lang='lat' dir='ltr'>solatio</span> <span class='ocrx_word' id='word_1_597' title='bbox 2890 3746 3157 3817; x_wconf 88' lang='lat' dir='ltr'>perfundi</span> <span class='ocrx_word' id='word_1_598' title='bbox 3181 3746 3352 3802; x_wconf 89' lang='lat' dir='ltr'>debet</span> <span class='ocrx_word' id='word_1_599' title='bbox 3382 3747 3698 3804; x_wconf 88' lang='lat' dir='ltr'>Christiani</span> <span class='ocrx_word' id='word_1_600' title='bbox 3734 3766 3832 3821; x_wconf 89' lang='lat' dir='ltr'>pe—</span> 
     </span>
    </p>
   </div>
   <div class='ocr_carea' id='block_1_85' title="bbox 2173 3834 3834 3911">
    <p class='ocr_par' dir='ltr' id='par_1_85' title="bbox 2173 3834 3834 3911">
     <span class='ocr_line' id='line_1_85' title="bbox 2173 3834 3834 3911; baseline 0 -18"><span class='ocrx_word' id='word_1_601' title='bbox 2173 3842 2325 3908; x_wconf 89' lang='lat' dir='ltr'>ctus,</span> <span class='ocrx_word' id='word_1_602' title='bbox 2358 3854 2492 3891; x_wconf 90' lang='lat' dir='ltr'>cum</span> <span class='ocrx_word' id='word_1_603' title='bbox 2526 3836 2926 3890; x_wconf 89' lang='lat' dir='ltr'>tristissimam</span> <span class='ocrx_word' id='word_1_604' title='bbox 2961 3834 3208 3904; x_wconf 87' lang='lat' dir='ltr'>hujusce</span> <span class='ocrx_word' id='word_1_605' title='bbox 3238 3838 3834 3911; x_wconf 89' lang='lat' dir='ltr'>tempestatisimagi-</span> 
     </span>
    </p>
   </div>
   <div class='ocr_carea' id='block_1_86' title="bbox 2174 3924 3833 3997">
    <p class='ocr_par' dir='ltr' id='par_1_86' title="bbox 2174 3924 3833 3997">
     <span class='ocr_line' id='line_1_86' title="bbox 2174 3924 3833 3997; baseline 0 -16"><span class='ocrx_word' id='word_1_606' title='bbox 2174 3944 2305 3981; x_wconf 91' lang='lat' dir='ltr'>nem</span> <span class='ocrx_word' id='word_1_607' title='bbox 2331 3926 2388 3980; x_wconf 92' lang='lat' dir='ltr'>in</span> <span class='ocrx_word' id='word_1_608' title='bbox 2408 3930 2664 3980; x_wconf 91' lang='lat' dir='ltr'>veterum</span> <span class='ocrx_word' id='word_1_609' title='bbox 2690 3925 3087 3979; x_wconf 87' lang='lat' dir='ltr'>monumentis</span> <span class='ocrx_word' id='word_1_610' title='bbox 3112 3925 3192 3978; x_wconf 91' lang='lat' dir='ltr'>ita</span> <span class='ocrx_word' id='word_1_611' title='bbox 3209 3924 3279 3979; x_wconf 92' lang='lat' dir='ltr'>ad</span> <span class='ocrx_word' id='word_1_612' title='bbox 3306 3924 3498 3980; x_wconf 89' lang='lat' dir='ltr'>vivum</span> <span class='ocrx_word' id='word_1_613' title='bbox 3539 3927 3833 3997; x_wconf 76' lang='lat' dir='ltr'>depictam</span> 
     </span>
    </p>
   </div>
   <div class='ocr_carea' id='block_1_87' title="bbox 2173 4013 3833 4083">
    <p class='ocr_par' dir='ltr' id='par_1_87' title="bbox 2173 4013 3833 4083">
     <span class='ocr_line' id='line_1_87' title="bbox 2173 4013 3833 4083; baseline -0.001 -14"><span class='ocrx_word' id='word_1_614' title='bbox 2173 4015 2348 4078; x_wconf 89' lang='lat' dir='ltr'>videt,</span> <span class='ocrx_word' id='word_1_615' title='bbox 2383 4018 2447 4068; x_wconf 90' lang='lat' dir='ltr'>ut</span> <span class='ocrx_word' id='word_1_616' title='bbox 2478 4014 2586 4068; x_wconf 88' lang='lat' dir='ltr'>sub</span> <span class='ocrx_word' id='word_1_617' title='bbox 2618 4030 2819 4067; x_wconf 88' lang='lat' dir='ltr'>eorum</span> <span class='ocrx_word' id='word_1_618' title='bbox 2857 4029 3105 4082; x_wconf 90' lang='lat' dir='ltr'>persona</span> <span class='ocrx_word' id='word_1_619' title='bbox 3138 4028 3226 4066; x_wconf 89' lang='lat' dir='ltr'>res</span> <span class='ocrx_word' id='word_1_620' title='bbox 3258 4016 3457 4067; x_wconf 91' lang='lat' dir='ltr'>nostra</span> <span class='ocrx_word' id='word_1_621' title='bbox 3488 4013 3607 4083; x_wconf 91' lang='lat' dir='ltr'>geri</span> <span class='ocrx_word' id='word_1_622' title='bbox 3640 4013 3833 4068; x_wconf 83' lang='lat' dir='ltr'>videa-</span> 
     </span>
    </p>
   </div>
   <div class='ocr_carea' id='block_1_88' title="bbox 2174 4100 3839 4173">
    <p class='ocr_par' dir='ltr' id='par_1_88' title="bbox 2174 4100 3839 4173">
     <span class='ocr_line' id='line_1_88' title="bbox 2174 4100 3839 4173; baseline -0.001 -14"><span class='ocrx_word' id='word_1_623' title='bbox 2174 4109 2271 4159; x_wconf 91' lang='lat' dir='ltr'>tur</span> <span class='ocrx_word' id='word_1_624' title='bbox 2290 4103 2317 4157; x_wconf 63' lang='grc' dir='ltr'>*ἲ</span> <span class='ocrx_word' id='word_1_625' title='bbox 2340 4104 2483 4158; x_wconf 83' lang='lat' dir='ltr'>Nam</span> <span class='ocrx_word' id='word_1_626' title='bbox 2508 4103 2554 4157; x_wconf 91' lang='lat' dir='ltr'>si</span> <span class='ocrx_word' id='word_1_627' title='bbox 2579 4107 2790 4173; x_wconf 80' lang='lat' dir='ltr'>agroto</span> <span class='ocrx_word' id='word_1_628' title='bbox 2815 4118 2881 4156; x_wconf 90' lang='lat' dir='ltr'>ea</span> <span class='ocrx_word' id='word_1_629' title='bbox 2905 4102 3142 4155; x_wconf 90' lang='lat' dir='ltr'>demum</span> <span class='ocrx_word' id='word_1_630' title='bbox 3165 4100 3483 4156; x_wconf 90' lang='lat' dir='ltr'>consolatio</span> <span class='ocrx_word' id='word_1_631' title='bbox 3498 4102 3839 4172; x_wconf 88' lang='lat' dir='ltr'>gratissima</span> 
     </span>
    </p>
   </div>
   <div class='ocr_carea' id='block_1_89' title="bbox 2176 4190 3837 4262">
    <p class='ocr_par' dir='ltr' id='par_1_89' title="bbox 2176 4190 3837 4262">
     <span class='ocr_line' id='line_1_89' title="bbox 2176 4190 3837 4262; baseline -0.002 -14"><span class='ocrx_word' id='word_1_632' title='bbox 2176 4210 2304 4249; x_wconf 86' lang='lat' dir='ltr'>esse</span> <span class='ocrx_word' id='word_1_633' title='bbox 2336 4191 2501 4256; x_wconf 84' lang='lat' dir='ltr'>solet,</span> <span class='ocrx_word' id='word_1_634' title='bbox 2535 4208 2662 4262; x_wconf 84' lang='lat' dir='ltr'>qua</span> <span class='ocrx_word' id='word_1_635' title='bbox 2695 4192 2765 4245; x_wconf 80' lang='lat' dir='ltr'>ab</span> <span class='ocrx_word' id='word_1_636' title='bbox 2807 4208 2873 4244; x_wconf 83' lang='lat' dir='ltr'>eo</span> <span class='ocrx_word' id='word_1_637' title='bbox 2923 4190 3185 4257; x_wconf 73' lang='lat' dir='ltr'>affertur,</span> <span class='ocrx_word' id='word_1_638' title='bbox 3237 4190 3335 4259; x_wconf 90' lang='lat' dir='ltr'>qui</span> <span class='ocrx_word' id='word_1_639' title='bbox 3392 4192 3593 4245; x_wconf 90' lang='lat' dir='ltr'>eodem</span> <span class='ocrx_word' id='word_1_640' title='bbox 3645 4192 3837 4245; x_wconf 89' lang='lat' dir='ltr'>morbi</span> 
     </span>
    </p>
   </div>
   <div class='ocr_carea' id='block_1_90' title="bbox 2176 4280 3838 4354">
    <p class='ocr_par' dir='ltr' id='par_1_90' title="bbox 2176 4280 3838 4354">
     <span class='ocr_line' id='line_1_90' title="bbox 2176 4280 3838 4354; baseline -0.001 -17"><span class='ocrx_word' id='word_1_641' title='bbox 2176 4298 2385 4354; x_wconf 88' lang='lat' dir='ltr'>genere</span> <span class='ocrx_word' id='word_1_642' title='bbox 2410 4281 2722 4351; x_wconf 87' lang='lat' dir='ltr'>aliquando</span> <span class='ocrx_word' id='word_1_643' title='bbox 2748 4280 3115 4334; x_wconf 83' lang='lat' dir='ltr'>conflictatus</span> <span class='ocrx_word' id='word_1_644' title='bbox 3138 4286 3252 4334; x_wconf 88' lang='lat' dir='ltr'>est:</span> <span class='ocrx_word' id='word_1_645' title='bbox 3283 4280 3678 4350; x_wconf 88' lang='lat' dir='ltr'>quidtandem</span> <span class='ocrx_word' id='word_1_646' title='bbox 3698 4297 3838 4335; x_wconf 90' lang='lat' dir='ltr'>cau-</span> 
     </span>
    </p>
   </div>
   <div class='ocr_carea' id='block_1_91' title="bbox 2179 4368 3841 4442">
    <p class='ocr_par' dir='ltr' id='par_1_91' title="bbox 2179 4368 3841 4442">
     <span class='ocr_line' id='line_1_91' title="bbox 2179 4368 3841 4442; baseline -0.001 -16"><span class='ocrx_word' id='word_1_647' title='bbox 2179 4389 2254 4426; x_wconf 88' lang='lat' dir='ltr'>sa</span> <span class='ocrx_word' id='word_1_648' title='bbox 2286 4387 2414 4427; x_wconf 89' lang='lat' dir='ltr'>esse</span> <span class='ocrx_word' id='word_1_649' title='bbox 2445 4375 2653 4442; x_wconf 86' lang='lat' dir='ltr'>potest,</span> <span class='ocrx_word' id='word_1_650' title='bbox 2686 4370 2821 4439; x_wconf 89' lang='lat' dir='ltr'>quin</span> <span class='ocrx_word' id='word_1_651' title='bbox 2856 4368 2913 4423; x_wconf 91' lang='lat' dir='ltr'>in</span> <span class='ocrx_word' id='word_1_652' title='bbox 2957 4368 3308 4439; x_wconf 89' lang='lat' dir='ltr'>gravissima</span> <span class='ocrx_word' id='word_1_653' title='bbox 3358 4368 3465 4423; x_wconf 88' lang='lat' dir='ltr'>bac</span> <span class='ocrx_word' id='word_1_654' title='bbox 3509 4369 3841 4425; x_wconf 86' lang='lat' dir='ltr'>calamitate</span> 
     </span>
    </p>
   </div>
   <div class='ocr_carea' id='block_1_92' title="bbox 2179 4457 3838 4533">
    <p class='ocr_par' dir='ltr' id='par_1_92' title="bbox 2179 4457 3838 4533">
     <span class='ocr_line' id='line_1_92' title="bbox 2179 4457 3838 4533; baseline -0.002 -18"><span class='ocrx_word' id='word_1_655' title='bbox 2179 4478 2393 4533; x_wconf 89' lang='lat' dir='ltr'>magno</span> <span class='ocrx_word' id='word_1_656' title='bbox 2417 4459 2625 4514; x_wconf 89' lang='lat' dir='ltr'>solatio</span> <span class='ocrx_word' id='word_1_657' title='bbox 2659 4458 2972 4513; x_wconf 84' lang='lat' dir='ltr'>Christiani</span> <span class='ocrx_word' id='word_1_658' title='bbox 3011 4458 3269 4512; x_wconf 91' lang='lat' dir='ltr'>hominis</span> <span class='ocrx_word' id='word_1_659' title='bbox 3321 4457 3485 4512; x_wconf 92' lang='lat' dir='ltr'>dolor</span> <span class='ocrx_word' id='word_1_660' title='bbox 3516 4459 3838 4531; x_wconf 89' lang='lat' dir='ltr'>mitigetur,</span> 
     </span>
    </p>
   </div>
   <div class='ocr_carea' id='block_1_93' title="bbox 2180 4546 3841 4617">
    <p class='ocr_par' dir='ltr' id='par_1_93' title="bbox 2180 4546 3841 4617">
     <span class='ocr_line' id='line_1_93' title="bbox 2180 4546 3841 4617; baseline -0.002 -13"><span class='ocrx_word' id='word_1_661' title='bbox 2180 4566 2309 4605; x_wconf 92' lang='lat' dir='ltr'>cum</span> <span class='ocrx_word' id='word_1_662' title='bbox 2347 4551 2561 4604; x_wconf 90' lang='lat' dir='ltr'>mentis</span> <span class='ocrx_word' id='word_1_663' title='bbox 2591 4546 2789 4603; x_wconf 89' lang='lat' dir='ltr'>oculos</span> <span class='ocrx_word' id='word_1_664' title='bbox 2833 4548 2903 4600; x_wconf 91' lang='lat' dir='ltr'>ad</span> <span class='ocrx_word' id='word_1_665' title='bbox 2941 4547 3132 4617; x_wconf 81' lang='lat' dir='ltr'>prisca</span> <span class='ocrx_word' id='word_1_666' title='bbox 3180 4546 3391 4601; x_wconf 83' lang='lat' dir='ltr'>sacula</span> <span class='ocrx_word' id='word_1_667' title='bbox 3430 4548 3732 4613; x_wconf 87' lang='lat' dir='ltr'>convertit,</span> <span class='ocrx_word' id='word_1_668' title='bbox 3776 4563 3841 4601; x_wconf 90' lang='lat' dir='ltr'>ac</span> 
     </span>
    </p>
   </div>
   <div class='ocr_carea' id='block_1_94' title="bbox 414 4630 3843 4715">
    <p class='ocr_par' dir='ltr' id='par_1_94' title="bbox 414 4630 3843 4715">
     <span class='ocr_line' id='line_1_94' title="bbox 414 4630 3843 4715; baseline 0.007 -33"><span class='ocrx_word' id='word_1_669' title='bbox 414 4630 785 4699; x_wconf 85' lang='lat' dir='ltr'>tenebamur,</span> <span class='ocrx_word' id='word_1_670' title='bbox 812 4637 875 4687; x_wconf 90' lang='lat' dir='ltr'>ut</span> <span class='ocrx_word' id='word_1_671' title='bbox 899 4651 1012 4689; x_wconf 89' lang='lat' dir='ltr'>non</span> <span class='ocrx_word' id='word_1_672' title='bbox 1040 4637 1148 4692; x_wconf 90' lang='lat' dir='ltr'>nisi</span> <span class='ocrx_word' id='word_1_673' title='bbox 1173 4638 1492 4693; x_wconf 82' lang='lat' dir='ltr'>durissimo</span> <span class='ocrx_word' id='word_1_674' title='bbox 1514 4640 1621 4695; x_wconf 90' lang='lat' dir='ltr'>hoc</span> <span class='ocrx_word' id='word_1_675' title='bbox 1643 4640 1849 4697; x_wconf 79' lang='lat' dir='ltr'>baculo</span> <span class='ocrx_word' id='word_1_676' title='bbox 1872 4660 2071 4715; x_wconf 83' lang='lat' dir='ltr'>exper-</span> <span class='ocrx_word' id='word_1_677' title='bbox 2104 4653 2151 4715; x_wconf 87' lang='grc'>[)</span> <span class='ocrx_word' id='word_1_678' title='bbox 2182 4656 2314 4695; x_wconf 84' lang='lat' dir='ltr'>cum</span> <span class='ocrx_word' id='word_1_679' title='bbox 2349 4637 2739 4693; x_wconf 58' lang='lat' dir='ltr'>sanctissimis</span> <span class='ocrx_word' id='word_1_680' title='bbox 2763 4636 2922 4701; x_wconf 68' lang='grc' dir='ltr'>νίνίεν</span> <span class='ocrx_word' id='word_1_681' title='bbox 2959 4636 3058 4706; x_wconf 70' lang='grc' dir='ltr'>(ιυί</span> <span class='ocrx_word' id='word_1_682' title='bbox 3092 4637 3149 4690; x_wconf 63' lang='lat' dir='ltr'>in</span> <span class='ocrx_word' id='word_1_683' title='bbox 3182 4636 3402 4690; x_wconf 72' lang='lat' dir='ltr'>eiSde</span> <span class='ocrx_word' id='word_1_684' title='bbox 3439 4653 3632 4690; x_wconf 59' lang='lat' dir='ltr'>rerum</span> <span class='ocrx_word' id='word_1_685' title='bbox 3684 4652 3843 4691; x_wconf 54' lang='lat' dir='ltr'>licet&quot;</span> 
     </span>
    </p>
   </div>
   <div class='ocr_carea' id='block_1_95' title="bbox 419 4718 2075 4795">
    <p class='ocr_par' dir='ltr' id='par_1_95' title="bbox 419 4718 2075 4795">
     <span class='ocr_line' id='line_1_95' title="bbox 419 4718 2075 4795; baseline 0.01 -24"><span class='ocrx_word' id='word_1_686' title='bbox 419 4718 617 4788; x_wconf 87' lang='lat' dir='ltr'>gefieri</span> <span class='ocrx_word' id='word_1_687' title='bbox 650 4737 981 4795; x_wconf 84' lang='lat' dir='ltr'>possemus,</span> <span class='ocrx_word' id='word_1_688' title='bbox 1017 4729 1187 4795; x_wconf 88' lang='lat' dir='ltr'>atque</span> <span class='ocrx_word' id='word_1_689' title='bbox 1218 4728 1290 4781; x_wconf 91' lang='lat' dir='ltr'>ab</span> <span class='ocrx_word' id='word_1_690' title='bbox 1324 4728 1528 4784; x_wconf 87' lang='lat' dir='ltr'>inertia</span> <span class='ocrx_word' id='word_1_691' title='bbox 1560 4729 1629 4783; x_wconf 87' lang='lat' dir='ltr'>ad</span> <span class='ocrx_word' id='word_1_692' title='bbox 1664 4728 1923 4786; x_wconf 87' lang='lat' dir='ltr'>laborem</span> <span class='ocrx_word' id='word_1_693' title='bbox 1973 4735 2075 4789; x_wconf 88' lang='lat' dir='ltr'>do-</span> 
     </span>
    </p>
   </div>
   <div class='ocr_carea' id='block_1_96' title="bbox 420 4807 2082 4892">
    <p class='ocr_par' dir='ltr' id='par_1_96' title="bbox 420 4807 2082 4892">
     <span class='ocr_line' id='line_1_96' title="bbox 420 4807 2082 4892; baseline 0.01 -32"><span class='ocrx_word' id='word_1_694' title='bbox 420 4807 734 4879; x_wconf 87' lang='lat' dir='ltr'>ctrinaque</span> <span class='ocrx_word' id='word_1_695' title='bbox 766 4812 1029 4867; x_wconf 88' lang='lat' dir='ltr'>studium</span> <span class='ocrx_word' id='word_1_696' title='bbox 1059 4814 1335 4870; x_wconf 90' lang='lat' dir='ltr'>revocari.</span> <span class='ocrx_word' id='word_1_697' title='bbox 1374 4816 1505 4872; x_wconf 88' lang='lat' dir='ltr'>Hac</span> <span class='ocrx_word' id='word_1_698' title='bbox 1536 4817 1734 4889; x_wconf 85' lang='lat' dir='ltr'>itaque</span> <span class='ocrx_word' id='word_1_699' title='bbox 1764 4823 2082 4892; x_wconf 81' lang='lat' dir='ltr'>tempestas</span> 
     </span>
    </p>
   </div>
   <div class='ocr_carea' id='block_1_97' title="bbox 420 4896 2079 4980">
    <p class='ocr_par' dir='ltr' id='par_1_97' title="bbox 420 4896 2079 4980">
     <span class='ocr_line' id='line_1_97' title="bbox 420 4896 2079 4980; baseline 0.01 -30"><span class='ocrx_word' id='word_1_700' title='bbox 420 4896 590 4952; x_wconf 91' lang='lat' dir='ltr'>nobis</span> <span class='ocrx_word' id='word_1_701' title='bbox 622 4897 1079 4958; x_wconf 91' lang='lat' dir='ltr'>innumerabiles</span> <span class='ocrx_word' id='word_1_702' title='bbox 1106 4903 1314 4960; x_wconf 90' lang='lat' dir='ltr'>heroas</span> <span class='ocrx_word' id='word_1_703' title='bbox 1350 4907 1694 4977; x_wconf 89' lang='lat' dir='ltr'>procreavit,</span> <span class='ocrx_word' id='word_1_704' title='bbox 1724 4908 1825 4979; x_wconf 92' lang='lat' dir='ltr'>qui</span> <span class='ocrx_word' id='word_1_705' title='bbox 1865 4911 2079 4980; x_wconf 90' lang='lat' dir='ltr'>partim</span> 
     </span>
    </p>
   </div>
   <div class='ocr_carea' id='block_1_98' title="bbox 421 4986 2083 5069">
    <p class='ocr_par' dir='ltr' id='par_1_98' title="bbox 421 4986 2083 5069">
     <span class='ocr_line' id='line_1_98' title="bbox 421 4986 2083 5069; baseline 0.009 -28"><span class='ocrx_word' id='word_1_706' title='bbox 421 4986 653 5056; x_wconf 85' lang='lat' dir='ltr'>optima</span> <span class='ocrx_word' id='word_1_707' title='bbox 684 5004 749 5042; x_wconf 90' lang='lat' dir='ltr'>ac</span> <span class='ocrx_word' id='word_1_708' title='bbox 780 4991 1208 5060; x_wconf 89' lang='lat' dir='ltr'>probatissima</span> <span class='ocrx_word' id='word_1_709' title='bbox 1240 4995 1369 5050; x_wconf 89' lang='lat' dir='ltr'>vita</span> <span class='ocrx_word' id='word_1_710' title='bbox 1392 4998 1675 5068; x_wconf 86' lang='lat' dir='ltr'>exemplo,</span> <span class='ocrx_word' id='word_1_711' title='bbox 1710 5002 1922 5069; x_wconf 85' lang='lat' dir='ltr'>partim</span> <span class='ocrx_word' id='word_1_712' title='bbox 1957 5016 2083 5056; x_wconf 88' lang='lat' dir='ltr'>eru-</span> 
     </span>
    </p>
   </div>
   <div class='ocr_carea' id='block_1_99' title="bbox 420 5074 2081 5147">
    <p class='ocr_par' dir='ltr' id='par_1_99' title="bbox 420 5074 2081 5147">
     <span class='ocr_line' id='line_1_99' title="bbox 420 5074 2081 5147; baseline 0.011 -19"><span class='ocrx_word' id='word_1_713' title='bbox 420 5074 731 5133; x_wconf 87' lang='lat' dir='ltr'>ditissimis</span> <span class='ocrx_word' id='word_1_714' title='bbox 763 5078 881 5135; x_wconf 90' lang='lat' dir='ltr'>suis</span> <span class='ocrx_word' id='word_1_715' title='bbox 912 5079 1423 5139; x_wconf 89' lang='lat' dir='ltr'>lucubrationibus</span> <span class='ocrx_word' id='word_1_716' title='bbox 1449 5086 1767 5143; x_wconf 87' lang='lat' dir='ltr'>Ecclesiam</span> <span class='ocrx_word' id='word_1_717' title='bbox 1801 5090 2081 5147; x_wconf 90' lang='lat' dir='ltr'>adversus</span> 
     </span>
    </p>
   </div>
   <div class='ocr_carea' id='block_1_100' title="bbox 421 5163 2079 5245">
    <p class='ocr_par' dir='ltr' id='par_1_100' title="bbox 421 5163 2079 5245">
     <span class='ocr_line' id='line_1_100' title="bbox 421 5163 2079 5245; baseline 0.012 -30"><span class='ocrx_word' id='word_1_718' title='bbox 421 5163 671 5221; x_wconf 73' lang='lat' dir='ltr'>furiosos</span> <span class='ocrx_word' id='word_1_719' title='bbox 704 5166 1109 5227; x_wconf 87' lang='lat' dir='ltr'>hareticorum</span> <span class='ocrx_word' id='word_1_720' title='bbox 1167 5172 1423 5245; x_wconf 87' lang='lat' dir='ltr'>impetus</span> <span class='ocrx_word' id='word_1_721' title='bbox 1480 5179 1759 5233; x_wconf 88' lang='lat' dir='ltr'>acerrime</span> <span class='ocrx_word' id='word_1_722' title='bbox 1809 5178 2079 5236; x_wconf 89' lang='lat' dir='ltr'>defende-</span> 
     </span>
    </p>
   </div>
   <div class='ocr_carea' id='block_1_101' title="bbox 421 5254 2082 5341">
    <p class='ocr_par' dir='ltr' id='par_1_101' title="bbox 421 5254 2082 5341">
     <span class='ocr_line' id='line_1_101' title="bbox 421 5254 2082 5341; baseline 0.013 -37"><span class='ocrx_word' id='word_1_723' title='bbox 421 5257 578 5309; x_wconf 90' lang='lat' dir='ltr'>runt.</span> <span class='ocrx_word' id='word_1_724' title='bbox 612 5254 767 5319; x_wconf 90' lang='lat' dir='ltr'>Quos</span> <span class='ocrx_word' id='word_1_725' title='bbox 799 5258 1070 5330; x_wconf 88' lang='lat' dir='ltr'>equidem</span> <span class='ocrx_word' id='word_1_726' title='bbox 1102 5262 1227 5334; x_wconf 91' lang='lat' dir='ltr'>ipse</span> <span class='ocrx_word' id='word_1_727' title='bbox 1261 5280 1364 5334; x_wconf 90' lang='lat' dir='ltr'>pro</span> <span class='ocrx_word' id='word_1_728' title='bbox 1396 5281 1461 5320; x_wconf 92' lang='lat' dir='ltr'>eo</span> <span class='ocrx_word' id='word_1_729' title='bbox 1494 5282 1558 5320; x_wconf 90' lang='lat' dir='ltr'>ac</span> <span class='ocrx_word' id='word_1_730' title='bbox 1589 5271 1847 5322; x_wconf 88' lang='lat' dir='ltr'>meretur</span> <span class='ocrx_word' id='word_1_731' title='bbox 1877 5268 2082 5341; x_wconf 81' lang='lat' dir='ltr'>singu-</span> 
     </span>
    </p>
   </div>
   <div class='ocr_carea' id='block_1_102' title="bbox 418 5338 2079 5425">
    <p class='ocr_par' dir='ltr' id='par_1_102' title="bbox 418 5338 2079 5425">
     <span class='ocr_line' id='line_1_102' title="bbox 418 5338 2079 5425; baseline 0.013 -31"><span class='ocrx_word' id='word_1_732' title='bbox 418 5338 560 5398; x_wconf 84' lang='lat' dir='ltr'>laris</span> <span class='ocrx_word' id='word_1_733' title='bbox 587 5360 786 5402; x_wconf 89' lang='lat' dir='ltr'>eorum</span> <span class='ocrx_word' id='word_1_734' title='bbox 820 5347 1006 5419; x_wconf 90' lang='lat' dir='ltr'>pietas</span> <span class='ocrx_word' id='word_1_735' title='bbox 1037 5354 1094 5407; x_wconf 87' lang='lat' dir='ltr'>et</span> <span class='ocrx_word' id='word_1_736' title='bbox 1120 5351 1329 5425; x_wconf 85' lang='lat' dir='ltr'>virtus,</span> <span class='ocrx_word' id='word_1_737' title='bbox 1362 5354 1531 5410; x_wconf 90' lang='lat' dir='ltr'>unice</span> <span class='ocrx_word' id='word_1_738' title='bbox 1562 5355 1822 5412; x_wconf 89' lang='lat' dir='ltr'>admiror</span> <span class='ocrx_word' id='word_1_739' title='bbox 1867 5374 1933 5413; x_wconf 92' lang='lat' dir='ltr'>ac</span> <span class='ocrx_word' id='word_1_740' title='bbox 1976 5338 2079 5415; x_wconf 78' lang='lat' dir='ltr'>su-</span> 
     </span>
    </p>
   </div>
   <div class='ocr_carea' id='block_1_103' title="bbox 2187 4724 3843 4794">
    <p class='ocr_par' dir='ltr' id='par_1_103' title="bbox 2187 4724 3843 4794">
     <span class='ocr_line' id='line_1_103' title="bbox 2187 4724 3843 4794; baseline -0.004 -9"><span class='ocrx_word' id='word_1_741' title='bbox 2187 4729 2476 4785; x_wconf 87' lang='lat' dir='ltr'>bitatihus</span> <span class='ocrx_word' id='word_1_742' title='bbox 2505 4727 2713 4782; x_wconf 88' lang='lat' dir='ltr'>versati</span> <span class='ocrx_word' id='word_1_743' title='bbox 2743 4730 2900 4794; x_wconf 90' lang='lat' dir='ltr'>sunt,</span> <span class='ocrx_word' id='word_1_744' title='bbox 2932 4727 3090 4778; x_wconf 87' lang='lat' dir='ltr'>velut</span> <span class='ocrx_word' id='word_1_745' title='bbox 3112 4724 3506 4794; x_wconf 88' lang='lat' dir='ltr'>colloquitur?</span> <span class='ocrx_word' id='word_1_746' title='bbox 3532 4726 3676 4779; x_wconf 89' lang='lat' dir='ltr'>Nam</span> <span class='ocrx_word' id='word_1_747' title='bbox 3708 4740 3843 4779; x_wconf 89' lang='lat' dir='ltr'>cum</span> 
     </span>
    </p>
   </div>
   <div class='ocr_carea' id='block_1_104' title="bbox 2189 4813 3846 4886">
    <p class='ocr_par' dir='ltr' id='par_1_104' title="bbox 2189 4813 3846 4886">
     <span class='ocr_line' id='line_1_104' title="bbox 2189 4813 3846 4886; baseline -0.005 -9"><span class='ocrx_word' id='word_1_748' title='bbox 2189 4822 2321 4877; x_wconf 91' lang='lat' dir='ltr'>illos</span> <span class='ocrx_word' id='word_1_749' title='bbox 2351 4836 2418 4875; x_wconf 88' lang='lat' dir='ltr'>ex</span> <span class='ocrx_word' id='word_1_750' title='bbox 2444 4822 2527 4872; x_wconf 91' lang='lat' dir='ltr'>tot</span> <span class='ocrx_word' id='word_1_751' title='bbox 2559 4815 2856 4886; x_wconf 89' lang='lat' dir='ltr'>tantisque</span> <span class='ocrx_word' id='word_1_752' title='bbox 2883 4813 3302 4868; x_wconf 83' lang='lat' dir='ltr'>afflictionibus</span> <span class='ocrx_word' id='word_1_753' title='bbox 3335 4814 3431 4867; x_wconf 88' lang='lat' dir='ltr'>Dei</span> <span class='ocrx_word' id='word_1_754' title='bbox 3483 4813 3846 4884; x_wconf 87' lang='lat' dir='ltr'>benignitate</span> 
     </span>
    </p>
   </div>
   <div class='ocr_carea' id='block_1_105' title="bbox 2188 4902 3848 4977">
    <p class='ocr_par' dir='ltr' id='par_1_105' title="bbox 2188 4902 3848 4977">
     <span class='ocr_line' id='line_1_105' title="bbox 2188 4902 3848 4977; baseline -0.005 -12"><span class='ocrx_word' id='word_1_755' title='bbox 2188 4910 2425 4965; x_wconf 89' lang='lat' dir='ltr'>tandem</span> <span class='ocrx_word' id='word_1_756' title='bbox 2450 4904 2766 4977; x_wconf 80' lang='lat' dir='ltr'>aliquando</span> <span class='ocrx_word' id='word_1_757' title='bbox 2799 4908 3087 4957; x_wconf 86' lang='lat' dir='ltr'>extractos</span> <span class='ocrx_word' id='word_1_758' title='bbox 3120 4902 3295 4958; x_wconf 87' lang='lat' dir='ltr'>fuisse</span> <span class='ocrx_word' id='word_1_759' title='bbox 3328 4902 3487 4974; x_wconf 84' lang='lat' dir='ltr'>legit,</span> <span class='ocrx_word' id='word_1_760' title='bbox 3520 4907 3719 4957; x_wconf 88' lang='lat' dir='ltr'>tamne</span> <span class='ocrx_word' id='word_1_761' title='bbox 3741 4903 3848 4957; x_wconf 90' lang='lat' dir='ltr'>im-</span> 
     </span>
    </p>
   </div>
   <div class='ocr_carea' id='block_1_106' title="bbox 2190 4991 3847 5073">
    <p class='ocr_par' dir='ltr' id='par_1_106' title="bbox 2190 4991 3847 5073">
     <span class='ocr_line' id='line_1_106' title="bbox 2190 4991 3847 5073; baseline -0.005 -18"><span class='ocrx_word' id='word_1_762' title='bbox 2190 5002 2282 5073; x_wconf 91' lang='lat' dir='ltr'>pie</span> <span class='ocrx_word' id='word_1_763' title='bbox 2306 4997 2393 5053; x_wconf 90' lang='lat' dir='ltr'>vel</span> <span class='ocrx_word' id='word_1_764' title='bbox 2426 4997 2498 5051; x_wconf 90' lang='lat' dir='ltr'>de</span> <span class='ocrx_word' id='word_1_765' title='bbox 2530 4992 2749 5049; x_wconf 90' lang='lat' dir='ltr'>summi</span> <span class='ocrx_word' id='word_1_766' title='bbox 2782 4992 3044 5047; x_wconf 88' lang='lat' dir='ltr'>numinis</span> <span class='ocrx_word' id='word_1_767' title='bbox 3078 4993 3356 5063; x_wconf 77' lang='lat' dir='ltr'>potentia,</span> <span class='ocrx_word' id='word_1_768' title='bbox 3392 4991 3476 5045; x_wconf 77' lang='lat' dir='ltr'>vel</span> <span class='ocrx_word' id='word_1_769' title='bbox 3535 4992 3606 5046; x_wconf 92' lang='lat' dir='ltr'>de</span> <span class='ocrx_word' id='word_1_770' title='bbox 3658 4991 3847 5061; x_wconf 90' lang='lat' dir='ltr'>ipsius</span> 
     </span>
    </p>
   </div>
   <div class='ocr_carea' id='block_1_107' title="bbox 2191 5081 3847 5161">
    <p class='ocr_par' dir='ltr' id='par_1_107' title="bbox 2191 5081 3847 5161">
     <span class='ocr_line' id='line_1_107' title="bbox 2191 5081 3847 5161; baseline -0.006 -17"><span class='ocrx_word' id='word_1_771' title='bbox 2191 5106 2327 5161; x_wconf 88' lang='lat' dir='ltr'>erga</span> <span class='ocrx_word' id='word_1_772' title='bbox 2358 5103 2465 5141; x_wconf 89' lang='lat' dir='ltr'>nos</span> <span class='ocrx_word' id='word_1_773' title='bbox 2496 5098 2695 5139; x_wconf 91' lang='lat' dir='ltr'>amore</span> <span class='ocrx_word' id='word_1_774' title='bbox 2726 5082 3025 5154; x_wconf 82' lang='lat' dir='ltr'>cogitabit,</span> <span class='ocrx_word' id='word_1_775' title='bbox 3058 5086 3121 5135; x_wconf 90' lang='lat' dir='ltr'>ut</span> <span class='ocrx_word' id='word_1_776' title='bbox 3151 5085 3252 5135; x_wconf 90' lang='lat' dir='ltr'>aut</span> <span class='ocrx_word' id='word_1_777' title='bbox 3286 5097 3522 5135; x_wconf 87' lang='lat' dir='ltr'>manum</span> <span class='ocrx_word' id='word_1_778' title='bbox 3560 5083 3686 5152; x_wconf 86' lang='lat' dir='ltr'>ejus</span> <span class='ocrx_word' id='word_1_779' title='bbox 3743 5081 3847 5135; x_wconf 66' lang='lat' dir='ltr'>ab-&#39;</span> 
     </span>
    </p>
   </div>
   <div class='ocr_carea' id='block_1_108' title="bbox 2191 5168 3847 5240">
    <p class='ocr_par' dir='ltr' id='par_1_108' title="bbox 2191 5168 3847 5240">
     <span class='ocr_line' id='line_1_108' title="bbox 2191 5168 3847 5240; baseline -0.007 -6"><span class='ocrx_word' id='word_1_780' title='bbox 2191 5176 2509 5234; x_wconf 87' lang='lat' dir='ltr'>breviatam</span> <span class='ocrx_word' id='word_1_781' title='bbox 2543 5188 2671 5227; x_wconf 90' lang='lat' dir='ltr'>esse</span> <span class='ocrx_word' id='word_1_782' title='bbox 2701 5172 2767 5237; x_wconf 74' lang='grc' dir='ltr'>εδ,</span> <span class='ocrx_word' id='word_1_783' title='bbox 2800 5186 2905 5225; x_wconf 90' lang='lat' dir='ltr'>nec</span> <span class='ocrx_word' id='word_1_784' title='bbox 2949 5172 3071 5240; x_wconf 89' lang='lat' dir='ltr'>jam</span> <span class='ocrx_word' id='word_1_785' title='bbox 3110 5168 3333 5225; x_wconf 82' lang='lat' dir='ltr'>salvere</span> <span class='ocrx_word' id='word_1_786' title='bbox 3365 5187 3557 5240; x_wconf 86' lang='lat' dir='ltr'>posse,</span> <span class='ocrx_word' id='word_1_787' title='bbox 3592 5175 3693 5224; x_wconf 90' lang='lat' dir='ltr'>aut</span> <span class='ocrx_word' id='word_1_788' title='bbox 3717 5170 3847 5239; x_wconf 89' lang='lat' dir='ltr'>ejus</span> 
     </span>
    </p>
   </div>
   <div class='ocr_carea' id='block_1_109' title="bbox 2191 5258 3848 5339">
    <p class='ocr_par' dir='ltr' id='par_1_109' title="bbox 2191 5258 3848 5339">
     <span class='ocr_line' id='line_1_109' title="bbox 2191 5258 3848 5339; baseline -0.007 -15"><span class='ocrx_word' id='word_1_789' title='bbox 2191 5285 2328 5339; x_wconf 85' lang='lat' dir='ltr'>erga</span> <span class='ocrx_word' id='word_1_790' title='bbox 2360 5282 2464 5320; x_wconf 89' lang='lat' dir='ltr'>nos</span> <span class='ocrx_word' id='word_1_791' title='bbox 2496 5260 2842 5318; x_wconf 84' lang='lat' dir='ltr'>charitatem</span> <span class='ocrx_word' id='word_1_792' title='bbox 2874 5258 3170 5314; x_wconf 85' lang='lat' dir='ltr'>refrixisse</span> <span class='ocrx_word' id='word_1_793' title='bbox 3196 5259 3556 5314; x_wconf 86' lang='lat' dir='ltr'>arbitretur?</span> <span class='ocrx_word' id='word_1_794' title='bbox 3587 5260 3734 5324; x_wconf 88' lang='lat' dir='ltr'>Quid</span> <span class='ocrx_word' id='word_1_795' title='bbox 3788 5260 3848 5313; x_wconf 91' lang='lat' dir='ltr'>in</span> 
     </span>
    </p>
   </div>
   <div class='ocr_carea' id='block_1_110' title="bbox 2190 5346 3849 5428">
    <p class='ocr_par' dir='ltr' id='par_1_110' title="bbox 2190 5346 3849 5428">
     <span class='ocr_line' id='line_1_110' title="bbox 2190 5346 3849 5428; baseline -0.008 -14"><span class='ocrx_word' id='word_1_796' title='bbox 2190 5353 2529 5428; x_wconf 90' lang='lat' dir='ltr'>hujusmodi</span> <span class='ocrx_word' id='word_1_797' title='bbox 2556 5350 2841 5406; x_wconf 92' lang='lat' dir='ltr'>librorum</span> <span class='ocrx_word' id='word_1_798' title='bbox 2866 5346 3111 5403; x_wconf 89' lang='lat' dir='ltr'>lectione</span> <span class='ocrx_word' id='word_1_799' title='bbox 3156 5346 3287 5402; x_wconf 89' lang='lat' dir='ltr'>aliis</span> <span class='ocrx_word' id='word_1_800' title='bbox 3314 5348 3557 5418; x_wconf 90' lang='lat' dir='ltr'>accidat,</span> <span class='ocrx_word' id='word_1_801' title='bbox 3588 5362 3849 5419; x_wconf 90' lang='lat' dir='ltr'>pronun-</span> 
     </span>
    </p>
   </div>
   <div class='ocr_carea' id='block_1_111' title="bbox 493 5471 3847 5583">
    <p class='ocr_par' dir='ltr' id='par_1_111' title="bbox 493 5471 3847 5583">
     <span class='ocr_line' id='line_1_111' title="bbox 493 5471 3847 5583; baseline 0.001 -31"><span class='ocrx_word' id='word_1_802' title='bbox 493 5497 538 5532; x_wconf 81' lang='grc' dir='ltr'>⁸ο</span> <span class='ocrx_word' id='word_1_803' title='bbox 559 5497 888 5583; x_wconf 40' lang='lat' dir='ltr'>Matth-111&#39;,</span> <span class='ocrx_word' id='word_1_804' title='bbox 922 5503 1086 5583; x_wconf 26' lang='lat'>12:“</span> <span class='ocrx_word' id='word_1_805' title='bbox 1121 5504 1324 5562; x_wconf 87' lang='lat' dir='ltr'>Matth.</span> <span class='ocrx_word' id='word_1_806' title='bbox 1357 5524 1459 5577; x_wconf 78' lang='lat' dir='ltr'>v11,</span> <span class='ocrx_word' id='word_1_807' title='bbox 1489 5509 1680 5564; x_wconf 81' lang='lat'>25-27.</span> <span class='ocrx_word' id='word_1_808' title='bbox 1714 5510 1761 5547; x_wconf 77' lang='grc'><strong>⁶²</strong></span> <span class='ocrx_word' id='word_1_809' title='bbox 1793 5508 1999 5569; x_wconf 87' lang='lat' dir='ltr'>Matth.</span> <span class='ocrx_word' id='word_1_810' title='bbox 2031 5530 2186 5583; x_wconf 69' lang='lat' dir='ltr'>xxxv,</span> <span class='ocrx_word' id='word_1_811' title='bbox 2218 5471 2407 5570; x_wconf 69' lang='lat'>11-24.</span> <span class='ocrx_word' id='word_1_812' title='bbox 2439 5508 2484 5543; x_wconf 80' lang='grc'><strong>⁸³</strong></span> <span class='ocrx_word' id='word_1_813' title='bbox 2514 5509 2659 5561; x_wconf 90' lang='lat' dir='ltr'>Dan.</span> <span class='ocrx_word' id='word_1_814' title='bbox 2692 5519 2793 5571; x_wconf 86' lang='lat' dir='ltr'>x11,</span> <span class='ocrx_word' id='word_1_815' title='bbox 2833 5501 2889 5556; x_wconf 90' lang='lat'>3.</span> <span class='ocrx_word' id='word_1_816' title='bbox 2921 5501 2967 5537; x_wconf 72' lang='grc'>⁵⁸</span> <span class='ocrx_word' id='word_1_817' title='bbox 3001 5498 3155 5559; x_wconf 88' lang='lat' dir='ltr'>Psal.</span> <span class='ocrx_word' id='word_1_818' title='bbox 3185 5516 3417 5567; x_wconf 79' lang='lat' dir='ltr'>cxxvm,</span> <span class='ocrx_word' id='word_1_819' title='bbox 3449 5500 3507 5557; x_wconf 89' lang='lat'>2.</span> <span class='ocrx_word' id='word_1_820' title='bbox 3566 5499 3611 5535; x_wconf 79' lang='grc'>⁸⁵</span> <span class='ocrx_word' id='word_1_821' title='bbox 3640 5497 3847 5557; x_wconf 88' lang='lat' dir='ltr'>Matth.</span> 
     </span>
    </p>
   </div>
   <div class='ocr_carea' id='block_1_112' title="bbox 424 5571 1071 5644">
    <p class='ocr_par' dir='ltr' id='par_1_112' title="bbox 424 5571 1071 5644">
     <span class='ocr_line' id='line_1_112' title="bbox 424 5571 1071 5644; baseline 0.008 -18"><span class='ocrx_word' id='word_1_822' title='bbox 424 5585 539 5639; x_wconf 72' lang='lat' dir='ltr'>xvr,</span> <span class='ocrx_word' id='word_1_823' title='bbox 576 5571 662 5625; x_wconf 84' lang='grc'>18.</span> <span class='ocrx_word' id='word_1_824' title='bbox 685 5571 731 5607; x_wconf 74' lang='grc'>⁸⁸</span> <span class='ocrx_word' id='word_1_825' title='bbox 764 5573 897 5630; x_wconf 89' lang='lat' dir='ltr'>Isai.</span> <span class='ocrx_word' id='word_1_826' title='bbox 932 5591 983 5644; x_wconf 82' lang='lat' dir='ltr'>L,</span> <span class='ocrx_word' id='word_1_827' title='bbox 1016 5578 1071 5632; x_wconf 89' lang='lat'>2.</span> 
     </span>
    </p>
   </div>
   <div class='ocr_carea' id='block_1_113' title="bbox 503 5741 1481 5825">
    <p class='ocr_par' dir='ltr' id='par_1_113' title="bbox 503 5741 1481 5825">
     <span class='ocr_line' id='line_1_113' title="bbox 503 5741 1481 5825; baseline 0.013 -28"><span class='ocrx_word' id='word_1_828' title='bbox 503 5741 616 5817; x_wconf 72' lang='grc'>(74)</span> <span class='ocrx_word' id='word_1_829' title='bbox 648 5741 808 5817; x_wconf 88' lang='lat' dir='ltr'>Hor.,</span> <span class='ocrx_word' id='word_1_830' title='bbox 842 5743 946 5803; x_wconf 89' lang='lat' dir='ltr'>lib.</span> <span class='ocrx_word' id='word_1_831' title='bbox 972 5761 1029 5804; x_wconf 83' lang='lat' dir='ltr'>Iv</span> <span class='ocrx_word' id='word_1_832' title='bbox 1058 5748 1265 5825; x_wconf 70' lang='lat' dir='ltr'>Carm,</span> <span class='ocrx_word' id='word_1_833' title='bbox 1299 5752 1392 5808; x_wconf 90' lang='lat' dir='ltr'>od.</span> <span class='ocrx_word' id='word_1_834' title='bbox 1424 5752 1481 5812; x_wconf 78' lang='grc' dir='ltr'>ι.</span> 
     </span>
    </p>
   </div>
  </div>
