4100 6440
302 380 418 449 32⁸1

1437 391 1707 453 JACOBI
1752 391 1978 454 BILLlI
2022 392 2613 456 PREFATIONES.

3605 395 3727 459 328

299 525 447 580 tiare
480 540 725 597 nequeo.
759 524 841 581 De
871 539 963 580 me
992 529 1147 582 certe
1169 524 1464 581 affirmare
1510 541 1774 597 possum,
1821 540 1949 580 eam
1979 528 2034 595 Α
2064 526 2301 583 nomine
2333 543 2427 583 me
2457 527 2564 583 tibi
2598 527 3030 583 obstrictiorem
3062 540 3337 599 agnosco,
3360 544 3537 600 quam
3564 532 3723 602 quod

302 614 449 669 mihi
473 615 820 687 plerumque
844 632 1055 687 magno
1078 614 1284 671 solatio
1308 620 1483 685 atque
1501 614 1735 669 utilitati
1754 613 1951 670 fuisse.

297 705 380 759 Ex
411 723 526 776 quo
545 710 763 761 factum
787 712 894 774 est,
942 711 1005 762 ut
1036 707 1261 762 Gracos
1294 705 1515 760 Latinis
1567 704 1951 776 conjungens,

298 794 358 849 in
393 795 585 850 nobile
615 796 761 851 illud
798 797 1121 851 amicorum
1174 812 1277 867 par
1324 796 1560 849 tandem
1611 794 1949 861 inciderem,

298 884 581 939 Basilium
605 886 881 956 Magnum
904 894 956 939 et
978 884 1323 955 Gregorium
1338 882 1768 939 Nazianzenum
1788 883 1947 937 dico:

296 973 357 1028 in
386 990 635 1045 quorum
668 974 901 1045 scriptis
930 978 1160 1028 tantum
1214 989 1359 1028 vera
1416 972 1670 1044 pietatis,
1716 976 1949 1026 tantum

296 1063 575 1119 doctrinae
634 1068 809 1135 atque
854 1062 1197 1135 eloquentia
1255 1060 1429 1129 lucet,
1490 1066 1555 1115 ut
1611 1060 1806 1116 nescio
1873 1078 1947 1117 an

295 1154 452 1224 apud
483 1153 709 1209 Graecos
742 1153 1097 1224 Latinosque
1128 1150 1376 1207 inveniri
1403 1150 1651 1222 possint,
1683 1150 1782 1221 qui
1814 1149 1947 1221 plus

291 1242 639 1297 eruditionis
670 1258 805 1297 eum
834 1243 1043 1313 majori
1102 1240 1332 1298 dicendi
1382 1238 1655 1294 facultate
1704 1239 1946 1310 copula-

291 1332 431 1388 rint.

362 1421 450 1476 Me
483 1425 637 1476 certe
668 1420 1066 1476 Nazianzenus
1097 1418 1255 1490 gravi
1290 1416 1385 1471 illo
1427 1434 1491 1472 ac
1522 1416 1763 1471 sublimi
1796 1416 1944 1472 scri-

288 1510 464 1565 bendi
496 1527 705 1582 genere
735 1510 819 1564 ita
848 1510 1059 1578 affecit,
1094 1512 1158 1563 ut
1188 1506 1588 1562 incredibilem
1623 1507 1939 1577 quamdam

287 1599 732 1655 oblectationem
760 1616 829 1654 ex
885 1599 1013 1668 ejus
1070 1596 1315 1651 lectione
1376 1611 1608 1666 semper
1664 1596 1937 1666 ceperim.

287 1687 565 1751 Quocirca
596 1688 741 1742 mihi
773 1687 1129 1758 jampridem
1161 1684 1316 1739 haud
1365 1685 1739 1739 mediocriter
1782 1684 1934 1739 dole-

284 1776 407 1842 bat,
439 1781 673 1832 tantum
696 1776 885 1831 virum
909 1775 1107 1829 minus
1133 1775 1466 1844 frequenter
1489 1772 1793 1827 hominum
1821 1790 1937 1828 ma-

2065 616 2123 671 in
2159 615 2951 687 Ecclesia,Christianissimi
2988 616 3162 687 regis,
3195 616 3490 689 totiusque
3540 618 3720 689 hujus

2064 705 2435 760 afﬂictissimi
2469 705 2629 777 regni
2663 721 2903 760 causam
2936 708 3099 759 tanta
3120 705 3718 763 animisollicitudine

2061 793 2375 860 incumbis,
2401 798 2484 849 tot
2506 810 2679 849 curas
2702 798 2784 848 tot
2819 810 3110 848 arumnas
3147 793 3422 865 suscipis,
3454 811 3521 849 eo
3550 795 3716 850 deni-

2062 899 2175 954 que
2206 884 2405 939 omnia
2434 888 2536 939 tua
2565 883 2765 938 studia
2798 884 2996 949 refers,
3026 886 3090 937 ut
3122 883 3410 938 truncatis
3428 885 3716 955 (quando-

2059 971 2296 1044 quidem
2330 990 2433 1028 nec
2463 973 2658 1029 sanari
2689 970 2911 1038 volunt,
2944 988 3047 1027 nec
3080 971 3206 1028 sine
3254 976 3413 1029 certa
3456 975 3718 1045 corporis

2058 1062 2314 1133 pernicie
2345 1062 2498 1118 ultra
2526 1061 2764 1118 retineri
2812 1061 3057 1133 queunt)
3101 1060 3354 1133 putridis
3408 1063 3715 1133 membris,

2056 1151 2293 1223 reliqua
2326 1156 2519 1223 partes
2539 1156 2975 1207 conserventur.
3009 1150 3148 1215 Quis
3170 1156 3366 1207 autem
3394 1168 3507 1207 non
3535 1152 3714 1223 videt,

2055 1246 2345 1312 quantum
2379 1241 2482 1296 tibi
2531 1240 2750 1297 laboris
2806 1240 3215 1311 perferendum
3274 1240 3373 1308 sit,
3424 1246 3715 1313 quantum

2054 1330 2449 1386 dimicationis
2478 1330 2876 1400 subeundum,
2910 1334 2976 1385 ut
3002 1333 3087 1385 tot
3109 1329 3576 1400 Achitophelium
3603 1332 3713 1386 sub

2050 1418 2222 1491 vulpe
2252 1418 2559 1475 latentium
2593 1419 2839 1475 consilia
2869 1419 3159 1489 dissipes;
3218 1424 3274 1475 et
3303 1419 3448 1474 dum
3503 1418 3602 1474 alii
3653 1420 3713 1475 in

2051 1514 2250 1580 aperto
2279 1508 2428 1563 bello
2458 1509 2748 1581 egregiam
2796 1508 3130 1579 reipublica
3180 1524 3419 1580 operam
3472 1514 3711 1577 navant,

2050 1599 2355 1667 provideas
2390 1598 2644 1666 interim,
2679 1615 2750 1653 ne
2781 1597 2918 1668 quid
2950 1597 3023 1651 ab
3055 1596 3297 1652 occultis
3329 1596 3602 1653 hostibus
3643 1615 3711 1655 ea

2048 1686 2383 1741 detrimenti
2414 1685 2719 1758 patiatur?
2748 1686 2846 1740 Est
2878 1684 3113 1756 quidem
3139 1685 3379 1740 omnino
3423 1701 3597 1757 grave
3636 1703 3703 1742 ao

2047 1774 2357 1830 molestum
2383 1775 2454 1841 ei,
2482 1774 2581 1846 qui
2601 1792 2670 1830 ex
2691 1774 3060 1847 publicorum
3087 1774 3452 1846 negotiorum
3479 1774 3705 1831 tumul-

284 1866 464 1965 nibus
490 1866 618 1937 teri,
647 1882 818 1965 quam
856 1863 1177 1965 singularis
1208 1862 1397 1961 ipsius
1429 1861 1702 1917 facundia
1760 1867 1933 1932 atque
1966 1902 2012 1965 Β
2044 1865 2203 1965 tibus
2235 1865 2307 1965 ad
2340 1864 2671 1920 studiorum
2698 1864 2943 1964 vitaque
2974 1862 3469 1965 tranquillitatem
3509 1863 3703 1935 (cujus

285 1955 549 2010 doctrina
581 1956 931 2010 merebatur.
966 1952 1146 2024 Cujus
1199 1951 1276 2005 rei
1324 1968 1457 2007 cum
1509 1968 1637 2006 eam
1695 1968 1935 2007 causam

285 2060 413 2099 esse
443 2043 880 2112 intellexissem,
914 2043 1069 2114 quod
1104 2042 1185 2095 ita
1214 2040 1521 2096 Latinitate
1551 2042 1804 2095 donatus
1845 2058 1935 2096 es-

284 2140 392 2200 set,
418 2138 483 2187 ut
502 2132 906 2203 theologorum
927 2131 1126 2186 studia
1149 2131 1463 2184 minimum
1480 2131 1685 2199 juvare
1718 2135 1933 2201 posset,

280 2238 517 2293 operam
536 2224 788 2292 suscepi,
809 2238 987 2292 quam
1012 2221 1089 2274 rei
1122 2218 1458 2290 theologica
1479 2219 1681 2273 utilem
1716 2220 1933 2289 nescio,

282 2311 427 2366 mihi
460 2315 611 2367 certe
641 2312 958 2365 admodum
979 2310 1222 2365 arduam
1242 2327 1305 2363 ac
1323 2308 1644 2377 difficilem,
1670 2313 1734 2362 ut
1754 2325 1935 2379 quan-

280 2406 407 2455 tum
441 2400 638 2455 labore
671 2417 735 2454 ac
779 2398 1083 2470 diligentia
1140 2399 1420 2469 consequi
1470 2416 1725 2469 possem,
1781 2402 1932 2456 hunc

280 2495 576 2544 auctorem
610 2489 688 2545 ita
724 2493 1025 2556 verterem,
1048 2494 1113 2542 ut
1143 2488 1191 2542 si
1224 2504 1337 2541 non
1360 2487 1701 2558 elegantior,
1733 2490 1931 2545 minus

277 2578 483 2634 saltem
518 2579 805 2633 obscurus
864 2579 922 2632 in
956 2577 1143 2632 lucem
1178 2578 1451 2648 prodiret.
1486 2578 1654 2632 Potui
1688 2584 1841 2633 certe
1870 2579 1929 2634 in

276 2667 695 2737 amenioribus,
731 2667 989 2737 mihique
1021 2666 1191 2737 longe
1221 2666 1588 2736 gravioribus
1637 2668 1931 2723 scribendi

275 2756 637 2827 argumentis
670 2756 910 2824 versari,
944 2755 1043 2809 sed
1076 2755 1213 2809 vicit
1234 2754 1482 2825 publica
1515 2755 1783 2809 utilitatis
1806 2761 1930 2811 etu-

276 2843 463 2910 dium,
486 2845 579 2899 oui
604 2861 707 2915 pro
729 2846 879 2899 virili
904 2849 1067 2915 parte
1085 2843 1341 2914 optimus
1361 2842 1612 2914 quisque
1651 2843 1931 2900 inservire

276 2933 467 2989 debet.
501 2932 615 2988 Nec
647 2950 777 2987 vero
798 2950 1001 2988 eorum
1029 2934 1274 3001 labores,
1310 2933 1405 3003 qui
1440 2932 1498 2987 in
1532 2933 1639 2987 hoc
1680 2933 1929 3005 pistrino

277 3027 409 3077 ante
431 3039 525 3077 me
548 3024 932 3089 (lesudarunt,
957 3021 1189 3077 elevabo
1218 3038 1283 3075 ac
1306 3020 1656 3092 suggillabo,
1681 3023 1751 3077 ad
1784 3040 1929 3093 quo-

273 3125 406 3164 rum
438 3109 829 3181 eloquentiam
863 3109 1254 3181 doctrinaque
1285 3109 1516 3163 laudem
1552 3125 1642 3163 me
1687 3111 1930 3167 minime

273 3197 533 3268 aspirare
566 3214 735 3268 posse
761 3197 969 3265 sentio,
999 3196 1371 3267 ingenueque
1403 3198 1604 3250 lateor.
1657 3197 1768 3251 Hoc
1798 3202 1927 3252 tan-

2048 1953 2415 2010 dulcedinem
2444 1971 2613 2009 nemo
2645 1952 2773 2021 scit,
2809 1952 2922 2009 nisi
2954 1953 3055 2024 qui
3087 1952 3363 2024 gustavit)
3396 1969 3525 2008 sese
3546 1970 3704 2009 asse-

2046 2044 2251 2113 ruerit,
2275 2060 2343 2099 ex
2366 2044 2472 2098 hoc
2495 2042 2709 2114 quietis
2726 2040 2883 2097 velut
2902 2042 3173 2113 paradiso
3221 2043 3477 2112 quodam
3510 2046 3704 2097 extur-

2046 2132 2192 2200 bari,
2212 2137 2388 2203 atque
2407 2132 2478 2187 ad
2504 2130 2872 2203 publicarum
2890 2147 3081 2185 rerum
3106 2129 3701 2202 administrationem,

2044 2226 2132 2277 tot
2156 2220 2444 2277 molestiis
2478 2221 2775 2287 refertam,
2808 2224 2893 2274 tot
2924 2219 3229 2274 hominum
3254 2219 3426 2286 odiis,
3447 2220 3699 2274 invidia-

2045 2329 2076 2382 q
2089 2328 2159 2366 ue
2190 2310 2539 2382 expositam,
2570 2309 2745 2365 trahi.

2114 2400 2332 2455 Verum
2366 2399 2622 2455 hominis
2650 2404 2738 2455 est
2769 2414 2900 2454 vere
2943 2397 3283 2465 Christiani,
3338 2414 3471 2453 cum
3517 2398 3698 2453 Paulo

2046 2506 2324 2562 quarere,
2345 2507 2458 2545 non
2484 2490 2636 2561 quod
2658 2488 2793 2558 sibi,
2818 2488 2917 2543 sed
2934 2488 3089 2559 quod
3116 2487 3317 2543 multis
3351 2488 3492 2543 utile
3517 2494 3607 2543 est
3630 2488 3693 2556 ¹”¹,

2041 2592 2221 2647 seque
2248 2581 2440 2633 totum
2472 2575 2799 2647 reipublicae
2836 2574 3179 2630 Christiana
3227 2575 3555 2632 commodis
3604 2577 3698 2633 de-

2040 2682 2262 2721 vovere.
2287 2671 2477 2737 Atque
2500 2664 2644 2720 illud
2670 2664 2815 2720 satis
2857 2663 3265 2720 animadvertit
3312 2664 3563 2736 insignis
3594 2670 3695 2721 tua

2039 2757 2370 2827 prudentia,
2403 2754 2757 2825 multiplices
2810 2753 2944 2809 illas
2990 2753 3183 2808 omnis
3231 2753 3461 2826 generis
3508 2755 3692 2826 dotes,

2041 2845 2256 2916 quibus
2286 2851 2340 2900 te
2391 2846 2674 2900 Dominus
2700 2843 3020 2913 exornavit,
3052 2860 3165 2897 non
3196 2842 3256 2897 in
3287 2842 3397 2898 hoc
3427 2843 3533 2898 tibi
3577 2860 3695 2899 cre-

2039 2933 2192 2988 ditas
2225 2934 2427 3003 fuisse,
2460 2938 2642 2988 uteas
2666 2931 2752 2987 vel
2785 2932 3022 2987 sudario
3066 2931 3369 2987 obvolutas
3399 2948 3465 2986 ac
3501 2949 3693 2988 recon-

2040 3024 2192 3078 ditas
2224 3023 2462 3089 habeas,
2495 3022 2582 3077 vel
2627 3028 2790 3077 terra
2848 3022 3137 3088 infodias;
3201 3021 3301 3076 sed
3359 3026 3424 3076 ut
3483 3038 3693 3093 magno

2040 3114 2257 3168 foenore
2286 3130 2501 3185 augeas
2531 3118 2588 3167 et
2605 3110 2945 3180 amplifices,
2980 3119 3155 3181 atque
3180 3116 3244 3165 ut
3267 3110 3570 3167 fabulosus
3596 3111 3692 3167 ille

2041 3202 2195 3257 Atlas
2217 3202 2449 3270 coelum,
2483 3201 2565 3257 sic
2596 3206 2659 3255 tu
2700 3200 3042 3263 Ecclesiam,
3076 3217 3204 3270 qua
3248 3216 3483 3268 regnum
3528 3201 3690 3256 caelo-

271 3289 397 3341 tum
431 3286 621 3342 dicam
670 3302 769 3341 eos
811 3285 1175 3358 groviorihus
1220 3284 1434 3339 studiis
1483 3285 1767 3354 addictos,
1822 3304 1926 3342 nec
1958 3269 1998 3335 (ἶ
2037 3309 2163 3346 rum
2194 3310 2228 3347 a
2255 3291 2480 3347 Christo
2511 3289 2840 3361 appellatur
2868 3288 2912 3323 ⁵⁸
2938 3269 3181 3359 quaque
3213 3294 3266 3342 te
3294 3290 3349 3343 in
3381 3288 3686 3343 cardinum

266 3376 513 3432 fortasse
544 3377 655 3430 nisi
688 3375 984 3431 recreandi
1015 3374 1194 3429 animi
1221 3390 1394 3428 causa
1424 3373 1481 3427 in
1521 3373 1626 3428 hac
1674 3375 1921 3430 transla-

266 3465 423 3521 tione
453 3470 734 3531 versatos,
766 3470 851 3520 tot
883 3464 1023 3519 locis
1055 3464 1126 3518 ab
1151 3462 1406 3518 auctoris
1430 3463 1722 3518 sententia
1743 3482 1923 3521 reces-

265 3555 434 3625 sisse,
469 3560 534 3609 ut
558 3554 699 3609 mihi
723 3553 1017 3609 neminem
1040 3554 1159 3608 fore
1181 3553 1588 3623 persuadeam,
1614 3554 1712 3625 qui
1740 3554 1922 3633 inuti:

263 3642 380 3697 lem
412 3660 476 3699 ac
504 3659 995 3715 supervacaneam
1026 3642 1177 3697 hanc
1221 3643 1538 3697 secundam
1592 3644 1915 3701 versionem

262 3731 445 3787 fuisse
475 3734 647 3788 dicat.
674 3734 840 3788 Hunc
865 3738 1027 3803 porto
1050 3732 1307 3787 laborem
1336 3749 1491 3798 cum,
1537 3734 1709 3803 cujus
1736 3734 1915 3804 potis-

258 3820 477 3876 simum
502 3822 725 3877 nomini
758 3838 1183 3888 oonsecrarem,
1217 3837 1449 3876 mecum
1480 3821 1607 3892 ipse
1665 3822 1913 3894 diepice-

258 3925 404 3979 rem,
439 3911 640 3966 statim
664 3928 819 3966 unus
843 3910 1173 3980 occurristi,
1208 3910 1299 3965 cui
1332 3910 1602 3982 pluribus
1632 3911 1703 3966 de
1720 3913 1914 3968 causis

256 3998 465 4053 merito
498 4001 926 4069 nuncupandus
956 3999 1268 4055 videretur.

324 4085 587 4142 Primum
622 4087 801 4152 enim,
834 4088 880 4142 si
913 4104 1196 4158 personas
1228 4088 1387 4159 ipsas
1415 4085 1908 4159 spectemus,cui-

252 4189 390 4227 nam
420 4191 616 4245 quaso
649 4176 1067 4246 congruentius
1098 4176 1286 4231 offerri
1320 4177 1511 4247 potuit
1540 4177 1648 4231 hoc
1678 4177 1908 4248 optimi,

251 4262 657 4333 eruditissimi,
701 4268 878 4335 atque
924 4263 1219 4336 imprimis
1278 4263 1604 4336 eloquentis
1652 4265 1909 4337 episcopi

250 4349 731 4423 volumen,quam
757 4352 1196 4425 archiepiscopo
1220 4353 1592 4423 etcardinali,
1621 4353 1905 4425 singulari

246 4439 483 4509 virtute,
517 4441 781 4497 doctrina
813 4459 877 4497 ac
908 4459 1039 4498 rara
1068 4443 1316 4512 quadam
1350 4447 1405 4498 et
1434 4443 1643 4498 eximia
1676 4443 1906 4499 dicendi

248 4528 526 4585 facultate
557 4531 800 4602 pradito
823 4531 851 4586 ?
880 4533 1094 4587 Deinde
1126 4548 1257 4587 cum
1288 4548 1386 4587 eos
1418 4548 1640 4600 omnes,
1675 4532 1775 4604 qui
1836 4533 1905 4589 de

2032 3397 2273 3436 suorum
2306 3396 2618 3435 numerum
2651 3378 2873 3444 ascivit,
2907 3395 3009 3449 pro
3042 3377 3189 3431 virili
3220 3382 3322 3432 tua
3371 3383 3527 3449 parte
3572 3376 3685 3431 ful-

2029 3470 2144 3524 cire
2162 3486 2227 3525 ac
2248 3470 2539 3523 sustinere
2562 3484 2750 3523 cures.
2776 3467 2835 3522 Id
2869 3467 3019 3538 quod
3056 3483 3197 3522 sane
3229 3482 3463 3521 summo
3486 3467 3680 3522 studio

2025 3559 2207 3615 facis:
2243 3562 2301 3613 et
2331 3558 2466 3628 quia
2496 3558 2659 3623 facis,
2693 3555 2908 3611 idcirco
2961 3555 3364 3627 improborum
3414 3555 3681 3610 omnium

2025 3648 2161 3703 odia
2191 3647 2247 3702 in
2281 3653 2335 3702 te
2366 3645 2689 3701 concitasti.
2726 3644 3207 3715 Quotusquisque
3229 3644 3385 3699 enim
3404 3649 3493 3699 est
3514 3644 3683 3698 hodie

2026 3737 2225 3809 patria
2259 3736 2509 3807 fideique
2540 3734 2747 3804 hostis,
2803 3732 2904 3804 qui
2938 3749 3051 3787 non
3112 3732 3289 3787 simul
3342 3749 3574 3805 quoque
3621 3736 3679 3788 te

2024 3825 2403 3881 acerbissimo
2436 3825 2568 3878 odio
2607 3822 2973 3878 insectatur?
3003 3822 3143 3888 Quis
3162 3820 3680 3877 famosuslibellus

2022 3914 2116 3970 his
2140 3931 2347 3969 novem
2370 3913 2541 3969 annis
2572 3912 2631 3966 in
2664 3910 2857 3967 lucem
2902 3911 3134 3983 prodiit,
3172 3911 3230 3965 in
3276 3927 3391 3982 quo
3423 3910 3681 3966 nominis

2020 4003 2107 4058 tui
2139 4003 2294 4058 fama
2325 4002 2619 4075 perpetuis
2651 3999 3109 4071 fmdissimisque
3139 3999 3419 4055 conviciis
3446 4016 3563 4055 non
3603 3999 3685 4056 sit

2020 4091 2318 4149 lacerata?
2350 4094 2698 4162 Quanquam
2731 4090 2870 4161 quid
2907 4089 3119 4145 mirum
3153 4092 3209 4144 te
3231 4086 3540 4145 virulentis
3567 4088 3679 4144 lin-

2020 4181 2154 4254 guis
2177 4182 2314 4253 peti,
2335 4198 2469 4237 cum
2492 4186 2549 4236 et
2571 4179 2726 4235 Elias
2767 4178 3000 4234 Israelis
3024 4179 3416 4250 perturbator,
3452 4183 3508 4233 et
3539 4193 3678 4249 apo-

2019 4270 2152 4325 stoli
2185 4269 2515 4339 temulenti,
2548 4273 2604 4324 et
2632 4267 2849 4324 Paulus
2880 4268 3147 4335 insanus,
3173 4273 3231 4322 et
3254 4266 3674 4339 paterfamilias

2014 4357 2139 4430 ipse
2168 4358 2506 4423 Beelzebub,
2557 4356 2834 4429 appellati
2891 4356 3051 4411 sint?
3095 4356 3242 4422 Quid
3303 4359 3520 4421 autem,
3573 4371 3676 4427 per

2015 4447 2201 4503 Deum
2232 4446 2648 4514 immortalem,
2681 4444 2785 4501 tibi
2819 4461 2885 4500 ac
2916 4444 3150 4500 laudem
3182 4444 3472 4501 illustrius
3525 4443 3673 4500 acci-

2015 4536 2151 4592 dere
2182 4541 2377 4607 queat,
2413 4552 2591 4606 quam
2623 4536 2777 4606 quod
2811 4534 3048 4590 eosdem
3083 4533 3279 4589 hostes
3303 4533 3672 4605 habes,quos

245 4635 306 4673 re
336 4618 618 4676 litteraria
640 4621 785 4677 bene
820 4622 1029 4677 mereri
1062 4623 1319 4680 student.
1355 4621 1755 4677 benevolentia
1802 4626 1907 4677 tua
1935 4640 1981 4705 D
2013 4624 2300 4689 Christus,
2336 4640 2485 4696 quos
2523 4622 2748 4695 religio,
2804 4639 2951 4694 quos
3012 4621 3220 4693 patria,
3273 4639 3422 4694 quos
3468 4639 3673 4678 omnes

242 4712 301 4763 et
333 4710 609 4766 comitate
641 4727 870 4782 semper
910 4710 1248 4783 complexus
1302 4710 1503 4779 fueris,
1548 4727 1902 4783 quacunque

241 4800 504 4868 potueris
539 4799 761 4855 ratione
791 4801 1029 4869 iuveris,
1062 4801 1347 4868 evexeris;
1380 4801 1637 4871 profecto
1699 4800 1900 4856 littera

240 4886 444 4957 ipsein
468 4892 658 4957 tuum,
685 4896 963 4961 tanquam
993 4891 1050 4944 in
1073 4890 1275 4962 optimi
1303 4889 1561 4961 parentis
1583 4894 1641 4945 et
1669 4889 1899 4960 patroni

239 4974 435 5032 sinum
468 4977 782 5051 confugere
812 4980 1107 5049 gestiunt:
1146 4996 1258 5034 non
1291 4984 1412 5034 tam
1446 4983 1510 5035 ut
1529 4979 1901 5037 etillustrent

240 5062 369 5133 (nec
390 5065 547 5121 enim
573 5068 741 5139 aquis
763 5069 1025 5125 Oceanus
1044 5070 1195 5141 eget)
1219 5086 1392 5140 quam
1420 5073 1485 5123 ut
1519 5086 1589 5124 ex
1618 5069 1900 5126 illustris-

241 5151 390 5207 simo
415 5157 515 5208 tuo
543 5157 779 5211 nomine
801 5157 1169 5229 splendorem
1200 5158 1338 5229 ipsa
1361 5158 1614 5214 trahant.
1650 5158 1773 5215 Huc
1804 5175 1896 5215 ac-

240 5241 457 5295 cedunt
486 5244 673 5299 multa
701 5249 803 5301 tua
832 5252 889 5302 et
913 5247 1187 5319 praclara
1218 5248 1275 5300 in
1310 5248 1598 5318 quosdam
1631 5264 1896 5305 meorum

240 5328 545 5400 beneﬁcia,
577 5349 725 5403 quos
756 5350 888 5390 cum
922 5352 1083 5407 aque
1116 5353 1181 5392 ac
1212 5336 1387 5391 vitam
1440 5337 1631 5408 ipsam
1681 5354 1894 5406 amem,

238 5432 353 5472 non
387 5416 585 5475 minus
616 5426 766 5477 certe
798 5440 891 5479 me
942 5424 1333 5497 magnitudini
1363 5431 1475 5482 tua
1508 5426 1715 5483 debere
1760 5443 1896 5482 cen-

238 5520 355 5578 seo,
379 5522 558 5577 quam
601 5509 650 5564 si
679 5511 739 5565 in
771 5512 1060 5586 meipsum
1084 5531 1151 5570 ea
1176 5514 1547 5573 contulisses.
1591 5515 1702 5573 Sed
1736 5514 1895 5574 nullo

306 5716 402 5776 "1
434 5717 561 5779 Cor.
591 5738 649 5795 ι,
681 5725 769 5785 33.
843 5727 890 5769 σε
920 5728 1131 5790 Matth.
1162 5747 1286 5803 xm,
1324 5733 1412 5807 11,
1443 5733 1532 5807 33,
1565 5732 1653 5793 45.

2009 4713 2147 4768 boni
2170 4714 2378 4779 ?Quod
2400 4713 2473 4767 iis
2505 4711 2802 4784 displices,
2829 4711 3045 4783 quibus
3067 4711 3295 4782 placere
3341 4728 3513 4767 nemo
3545 4712 3671 4767 sine

2010 4802 2255 4873 perﬁdia
2288 4801 2521 4873 possit?
2550 4802 2713 4867 Quod
2746 4801 2819 4856 ab
2849 4801 2924 4856 iis
2954 4799 3114 4855 omni
3146 4800 3542 4855 conviciorum
3569 4816 3670 4871 ge-

2008 4907 2146 4947 nere
2177 4890 2593 4964 proscinderis,
2625 4890 2726 4961 qui
2774 4888 3090 4946 Ecclesiam
3138 4888 3321 4960 prius,
3356 4888 3441 4944 vel
3474 4890 3671 4960 potius

2008 4981 2205 5052 seipos
2224 4981 2295 5036 ab
2321 4979 2574 5036 Ecclesia
2590 4979 2937 5036 sciderunt?
2969 4981 3124 5045 Quos
3174 4982 3238 5033 tu
3285 4978 3506 5051 optima
3549 4980 3671 5034 her-

2008 5068 2095 5125 cle
2126 5069 2350 5126 ratione
2383 5068 2705 5137 ulcisceris,
2740 5086 2873 5124 cum
2898 5068 3304 5139 impurissime
3322 5083 3521 5123 eorum
3547 5083 3670 5122 ma-

2006 5158 2220 5214 ledicta
2242 5157 2589 5225 contemnis,
2612 5159 3060 5227 teterrimasque
3083 5156 3339 5229 linguas,
3365 5173 3493 5226 qua
3520 5156 3667 5210 bene

2006 5246 2168 5319 loqui
2201 5265 2314 5304 non
2346 5247 2702 5319 didicerunt,
2727 5247 2880 5302 male
2900 5246 3061 5318 loqui
3086 5246 3253 5302 sinis.
3282 5246 3668 5315 Disrumpun-

2004 5341 2103 5393 tur
2133 5336 2290 5393 enim
2325 5338 2546 5407 miseri,
2570 5352 2704 5392 cum
2730 5340 2785 5393 te
2808 5336 2992 5391 nihilo
3017 5335 3203 5408 magis
3217 5351 3419 5412 eorum
3442 5333 3666 5389 calum-

2006 5425 2141 5498 niis,
2174 5443 2351 5498 quam
2381 5426 2725 5500 elephantos
2757 5425 2987 5481 Indicos
3018 5424 3282 5497 pulicum
3344 5422 3666 5496 morsibus,

2006 5516 2358 5573 commoveri
2388 5517 2606 5574 vident.
2639 5515 2795 5573 Satis
2841 5530 3047 5588 graves
3096 5513 3458 5588 iniquissimi
3508 5513 3567 5569 in
3609 5517 3663 5571 te
