4100 6464
320 472 432 533 329

1455 459 1725 524 JACOBI
1772 457 2006 524 BILLII
2055 458 2654 532 PBAEFATIONES.

3624 473 3745 538 330

316 603 436 660 odii
467 617 672 675 panas
705 598 990 670 pendunt,
1010 611 1142 651 cum
1167 597 1242 660 te,
1276 609 1451 666 quem
1484 593 1556 647 de
1587 609 1834 648 summa
1874 611 1978 649 au-
2009 595 2064 662 Α
2094 595 2289 652 Gallia
2307 599 2474 655 sidus
2505 601 2939 659 exstinxissent.
2973 603 3080 670 Qui
3102 605 3150 660 si
3185 604 3528 674 cothurnus,
3565 608 3610 663 si
3637 609 3751 664 Eu-

316 691 609 748 ctoritatis
636 689 822 760 gradu
852 687 1117 757 dejicere,
1146 688 1321 756 atque
1344 681 1620 738 omnibus
1641 683 1980 738 hominibus

313 782 576 836 invisum
611 778 850 833 reddere
915 773 1108 830 conati
1140 777 1299 838 sunt,
1339 775 1397 826 et
1454 776 1611 826 stare
1665 778 1721 825 et
1751 770 1980 837 florere,

322 879 605 952 quodque
635 874 962 930 Palladium
1025 873 1237 942 Troja,
1279 869 1337 924 id
1368 874 1425 925 te
1481 869 1739 924 Francia
1771 875 1980 925 nostra

324 985 457 1024 esse
479 965 866 1037 conspiciunt.

401 1055 676 1121 Quocirca
710 1052 938 1107 noctuis
970 1050 1123 1120 istis,
1143 1066 1292 1121 qua,
1310 1047 1589 1120 quoniam
1607 1047 1758 1101 male
1775 1051 1980 1119 agunt,

329 1147 533 1202 merito
560 1145 746 1199 lucem
801 1143 1073 1208 oderunt,
1123 1157 1226 1196 nec
1269 1140 1382 1195 nisi
1416 1141 1472 1194 in
1534 1139 1791 1195 tenebris
1823 1157 1981 1194 mor-

328 1237 485 1300 dent,
522 1233 652 1289 forti
686 1233 884 1287 animo
944 1231 1316 1301 contemptis,
1371 1231 1431 1283 in
1490 1229 1884 1300 pulcherrimo
1914 1244 1980 1284 eo

325 1340 587 1391 munere,
617 1322 773 1394 quod
793 1321 925 1388 tibi,
959 1325 1243 1390 tanquam
1263 1317 1466 1390 paeni,
1488 1318 1775 1387 languens
1801 1317 1983 1387 patria

322 1410 627 1482 imposuit,
648 1413 988 1464 constanter
1001 1422 1322 1478 persevera.
1342 1405 1582 1460 Medicis
1597 1405 1716 1460 illis
1739 1405 1980 1474 obsiste,

323 1499 423 1572 qui
455 1516 570 1554 non
602 1503 722 1553 tam
757 1496 1075 1568 imperitia,
1111 1510 1288 1566 quam
1341 1493 1581 1560 malitia,
1634 1495 1849 1550 vulnus
1881 1510 1982 1550 n0-

323 1594 514 1644 strum
539 1588 805 1642 nondum
837 1591 1229 1656 suppuratum
1269 1599 1334 1638 ac
1393 1589 1789 1654 percuratum,
1834 1583 1982 1638 cica-

320 1677 464 1732 trice
495 1676 788 1732 obducere
830 1673 1122 1740 nituntur,
1191 1689 1254 1726 ac
1313 1671 1504 1727 cinere
1554 1671 1755 1727 doloso
1786 1672 1981 1744 ignem

326 1766 620 1837 obtegere,
657 1781 771 1835 quo
804 1780 942 1818 mox
997 1767 1120 1817 tota
1149 1760 1336 1816 Gallia
1388 1778 1593 1815 rursus
1623 1761 1979 1816 exardescat.

322 1855 682 1909 Chananaos
713 1853 773 1907 in
805 1852 1000 1906 medio
1033 1849 1268 1906 Israelis
1328 1849 1660 1904 habitantes
1717 1852 1978 1905 observa.

325 1944 550 1998 Bonum
585 1947 878 1996 certamen
909 1949 1064 1996 certa
1094 1940 1171 1995 5°:
1206 1954 1403 2010 pugna
1431 1938 1696 2006 consilio,
1730 1939 1984 1993 auctori-

328 2036 469 2098 tate,
512 2030 723 2101 Opibus
757 2029 1055 2096 omnibus,
1117 2027 1398 2082 adversus
1430 2043 1548 2096 eos,
1610 2028 1707 2096 qui
1755 2033 1838 2081 tot
1859 2028 1986 2097 jam

332 2120 602 2176 cladibus
645 2117 894 2190 patriam
926 2118 1266 2185 affecerunt,
1327 2121 1391 2171 ut
1448 2114 1711 2170 stultitia
1744 2117 1821 2170 sit
1861 2132 1986 2185 spe-

332 2225 482 2275 rare,
520 2209 592 2262 iis
632 2207 808 2262 salvis
867 2205 1293 2278 rempublicam
1353 2203 1571 2259 salvam
1635 2221 1763 2260 esse
1795 2220 1985 2276 posse.

333 2298 610 2353 Maneant
659 2295 757 2369 qui
786 2296 980 2351 volent
1012 2296 1072 2350 in
1124 2293 1366 2366 Siceleg,
1424 2294 1756 2349 subsistant
1811 2294 1987 2350 etiam

324 2386 522 2459 ignavi
555 2386 626 2441 ad
669 2385 970 2440 sarcinas:
1031 2389 1094 2439 tu
1129 2400 1232 2438 nec
1286 2382 1471 2438 oculis
1510 2383 1628 2438 tuis
1687 2400 1987 2452 somnum,

329 2492 435 2531 nec
470 2475 762 2547 palpebris
793 2473 1267 2529 dormitationem
1322 2472 1485 2543 prius
1528 2473 1660 2527 dato
1690 2473 1754 2540 ⁷ο,
1807 2489 1984 2542 quam

329 2581 465 2620 cum
499 2564 718 2618 Davide
749 2563 1122 2627 Amalecitas,
1155 2561 1317 2633 regni
1361 2561 1566 2632 spoliis
1597 2559 1982 2627 exsultantes,

326 2657 638 2709 assecutus
663 2652 844 2706 fueris
866 2653 934 2716 τί,
967 2657 1138 2721 atque
1171 2651 1255 2705 ita
1285 2651 1549 2722 fregeris,
1583 2654 1647 2704 ut
1668 2651 1980 2706 nonlevem

322 2746 559 2797 tantum
593 2741 755 2812 pacis
789 2741 1057 2795 umbram
1117 2745 1173 2794 et
1226 2740 1401 2794 inane
1441 2740 1848 2806 simulacrum,
1877 2741 1978 2796 sed

318 2847 518 2886 veram
552 2846 618 2884 ac
651 2827 900 2884 solidam
935 2845 1134 2900 pacem
1167 2828 1490 2884 videamus.

390 2921 501 2975 Sed
535 2919 675 2990 quid
711 2934 817 2989 ego
852 2918 973 2973 hac
1035 2918 1104 2972 ad
1140 2918 1240 2973 te?
1299 2919 1474 2982 Quasi
1505 2935 1636 2974 vero
1693 2923 1794 2973 aut
1827 2935 1975 2985 mea,

324 3013 427 3064 aut
455 3011 808 3080 cujusquam
836 3009 1234 3063 cohortatione
1281 3024 1429 3079 opus
1477 3007 1714 3078 habeas,
1748 3009 1845 3080 qui
1878 3013 1980 3064 tua

328 3102 537 3168 sponte
569 3097 773 3166 curris,
807 3101 864 3151 et
904 3102 968 3150 ut
997 3113 1184 3151 vacca
1214 3095 1324 3150 illa
1384 3097 1724 3165 Palastina,
1784 3114 1977 3153 arcam

332 3187 427 3240 Dei
462 3188 774 3256 gestantes,
835 3185 891 3238 in
936 3185 1226 3239 directum
1259 3186 1542 3256 graderis,
1584 3202 1690 3241 nec
1739 3188 1808 3240 ad
1842 3188 1976 3241 dex-

328 3279 480 3330 tram
514 3280 616 3329 aut
673 3275 976 3329 sinistram
1009 3273 1268 3329 declinas
1299 3275 1378 3330 ⁷²ε
1413 3274 1471 3328 in
1505 3275 1614 3330 hoc
1662 3282 1814 3330 certe
1841 3292 1974 3330 cum

325 3363 473 3418 alios
505 3379 710 3418 omnes
743 3364 1095 3418 fratrestuos
1125 3363 1488 3419 clarissimos
1503 3364 1818 3435 principes,
1851 3370 1978 3420 tum

323 3452 652 3524 praesertim
689 3452 1386 3522 incomparaliilemillum
1404 3453 1659 3521 heroem,
1683 3454 1825 3509 illud
1849 3453 1982 3510 belli

323 3541 570 3607 fulmen,
601 3541 772 3596 illum
804 3541 1038 3597 Israelis
1096 3559 1333 3597 currum
1375 3547 1433 3598 et
1462 3544 1729 3614 aurigam
1759 3545 1825 3610 ⁷³,
1876 3545 1983 3598 do-

330 3647 581 3702 musque
609 3630 707 3684 Dei
741 3647 976 3685 murum
1026 3631 1184 3685 haud
1217 3631 1391 3686 dubie
1449 3631 1740 3687 aheneum
1762 3633 1807 3667 ⁷⁴
1838 3633 1983 3688 refe-

323 3735 485 3786 rens,
518 3719 814 3784 Martium,
865 3719 1132 3791 inquam,
1193 3719 1362 3775 illum
1423 3721 1822 3785 Franciscum,
1881 3722 1981 3792 qui

322 3808 507 3864 simul
539 3813 594 3863 et
625 3808 858 3863 Domini
899 3814 955 3862 et
1014 3809 1167 3879 regis
1209 3809 1298 3863 sui
1357 3809 1555 3879 pralia
1587 3809 1978 3881 praliabatur,

327 3897 526 3968 aquila
556 3897 827 3966 velocior,
861 3897 1025 3953 leone
1055 3898 1278 3968 fortior,
1312 3915 1456 3969 rupe
1495 3898 1738 3967 ﬁrmior,
1773 3898 1983 3970 plenus

321 3986 582 4041 victoriis
617 4003 683 4040 ac
714 3986 1054 4056 triumphis.
1113 3986 1292 4056 Cujus
1326 3986 1440 4040 nisi
1470 3987 1787 4059 singularis
1819 4005 1982 4059 qua—

328 4075 466 4130 dam
499 4091 564 4129 ac
597 4091 774 4146 prepe
809 4075 1006 4130 divina
1031 4074 1217 4130 virtus
1263 4076 1664 4131 incredibilem
1713 4076 1981 4132 hostibus

332 4169 614 4218 terrorem
682 4162 999 4229 attulisset,
1048 4181 1353 4235 nunquam
1404 4181 1545 4219 sane
1592 4169 1713 4220 tam
1761 4166 1980 4222 nefario

336 4251 647 4324 parricidio
704 4269 833 4308 sese
862 4253 1277 4325 devinxissent,
1337 4271 1442 4310 nec
1497 4255 1666 4311 toties
1722 4256 1981 4312 salutare

2090 686 2276 757 ripus,
2309 687 2356 742 si
2388 692 2632 745 Proteus
2673 691 2994 763 quispiam,
3029 701 3125 747 aut
3149 695 3374 749 arundo
3405 701 3576 751 vento
3625 697 3750 768 agi-

2088 779 2211 830 tata
2238 777 2282 810 ⁷⁶
2312 779 2658 847 exstitisset,
2715 781 2930 836 viveret
2968 783 3208 852 quidem
3267 783 3461 840 adhuc
3496 785 3746 841 fortasse

2091 864 2150 918 in
2184 864 2292 920 hoc
2324 867 2479 922 facis
2520 868 2661 933 luto,
2697 870 2798 924 sed
2833 871 3022 941 turpis
3059 877 3117 926 et
3145 871 3457 940 inglorius,
3487 881 3543 928 et
3561 879 3627 928 ut
3658 873 3745 928 illi

2091 952 2190 1024 qui
2223 954 2402 1009 vitam
2430 973 2597 1012 suam
2622 957 2681 1012 in
2706 959 2922 1013 mundo
2952 959 3194 1031 diligere
3225 961 3664 1033 malunt,quam
3681 961 3742 1018 in

2090 1043 2266 1097 vitam
2299 1051 2574 1100 aternam
2608 1047 2900 1102 custodire
2924 1050 2988 1103 ⁷⁸.
3049 1050 3212 1113 Quod
3275 1051 3414 1123 quia
3463 1068 3578 1106 non
3610 1051 3739 1116 fuit,

2091 1148 2194 1203 per
2223 1150 2522 1189 summum
2555 1136 2746 1191 scelus
2780 1137 2948 1192 nobis
2979 1144 3214 1210 ereptus
3245 1145 3372 1195 est:
3408 1141 3490 1194 ita
3519 1146 3739 1211 tamen,

2093 1227 2157 1275 ut
2188 1225 2687 1293 quemadmodum
2721 1226 2871 1281 Elias
2906 1227 3177 1283 melotem
3204 1230 3267 1296 ⁷⁷,
3300 1231 3409 1294 vel,
3444 1236 3507 1284 ut
3529 1229 3741 1300 aptiori

2092 1311 2355 1382 exemplo
2388 1319 2541 1381 utar,
2597 1315 2783 1370 Judas
2817 1316 3185 1372 Machabaus
3233 1318 3527 1373 Jonathan
3558 1319 3622 1388 ⁷⁸,
3657 1317 3742 1373 sio

2090 1397 2217 1469 ipse
2247 1399 2417 1454 nobis
2446 1401 2812 1456 Aumalaum
2859 1403 3120 1470 fratrem,
3181 1405 3742 1475 prastantissimum

2092 1485 2228 1542 belli
2259 1487 2464 1543 ducem
2499 1489 2817 1560 reliquerit,
2852 1491 2952 1562 qui
2986 1508 3088 1563 per
3143 1493 3344 1548 eadem
3394 1494 3640 1565 vestigia
3671 1495 3744 1550 ad

2093 1577 2360 1632 eamdem
2420 1577 2923 1634 immortalitatem
2983 1585 3302 1652 grassatur,
3338 1599 3613 1654 nuncque
3642 1583 3747 1638 ad-

2091 1681 2298 1720 versus
2355 1666 2729 1722 Germanicas
2780 1667 3041 1741 Harpyas
3071 1670 3224 1741 (qua
3267 1671 3521 1726 Francia
3551 1671 3750 1727 vulne-

2094 1754 2257 1809 ribus
2290 1755 2439 1810 feros
2469 1773 2698 1827 ungues
2747 1757 3020 1828 infigunt,
3076 1764 3305 1814 acetum
3356 1776 3458 1831 pro
3490 1759 3615 1815 oleo
3655 1760 3747 1814 in-

2094 1843 2369 1913 fundunt,
2402 1845 2572 1916 eique
2603 1861 2747 1916 pene
2770 1847 2892 1916 jam
2929 1848 3231 1919 exsangui,
3294 1849 3579 1920 quidquid
3618 1848 3750 1904 reli-

2095 1948 2281 2003 quum
2308 1939 2432 1988 erat
2463 1934 2792 2006 sanguinis,
2825 1936 3166 2007 detrahunt)
3198 1954 3331 1992 cum
3364 1937 3620 1993 militum
3655 1955 3748 1993 ro-

2100 2022 2236 2077 bore
2268 2025 2548 2094 procedit,
2580 2025 2664 2080 ita
2712 2027 2909 2081 animo
2964 2032 3360 2099 comparatus,
3419 2033 3485 2083 ut
3514 2027 3747 2084 etiamsi

2099 2112 2156 2165 in
2191 2112 2299 2169 hoc
2332 2112 2468 2167 belli
2499 2113 2837 2170 discrimine
2869 2116 2986 2171 vita
3018 2117 3128 2187 ipsi
3161 2119 3430 2188 ponenda
3459 2117 3555 2187 sit,
3598 2134 3749 2188 pra-

2099 2201 2250 2257 clare
2277 2218 2475 2257 secum
2496 2207 2690 2258 actum
2718 2204 2789 2258 iri
2821 2209 3003 2276 putet,
3032 2206 3174 2261 dum
3198 2205 3538 2277 hujusmodi
3557 2209 3751 2276 pestes

2098 2308 2131 2346 a
2161 2292 2363 2362 patria
2391 2291 2713 2348 cervicibus
2740 2297 2978 2350 avertat.

2168 2385 2348 2452 Perge
2378 2380 2596 2453 itaque,
2658 2381 3023 2453 amplissime
3080 2383 3415 2451 cardinalis,
3457 2400 3588 2439 cum
3641 2382 3751 2438 foro

2094 2469 2324 2524 tissimo
2352 2473 2452 2524 tuo
2484 2486 2783 2541 germano,
2818 2478 3221 2527 senescentem
3261 2471 3511 2528 Galliam
3538 2473 3745 2541 fovere,

2094 2566 2292 2632 atque,
2327 2567 2392 2616 ut
2423 2561 2603 2616 Graeci
2635 2562 2858 2628 dicunt,
2894 2559 3325 2638 ἀντιπελαργεῖν.
3361 2564 3522 2629 Quod
3543 2569 3743 2618 autem

2093 2651 2163 2705 ad
2222 2651 2645 2706 Nazianzenam
2705 2657 2966 2707 nostram
3026 2653 3475 2709 translationem
3507 2652 3740 2717 attinet,

2091 2740 2326 2794 tametsi
2385 2757 2498 2794 non
2549 2757 2710 2796 eram
2771 2742 3025 2808 nescius,
3060 2759 3187 2797 eam
3230 2743 3385 2798 haud
3419 2743 3734 2798 admodum

2089 2828 2327 2900 dignam
2361 2846 2510 2896 esse,
2563 2845 2692 2900 qua
2751 2829 2810 2884 in
2865 2835 2968 2885 tuo
3027 2831 3266 2887 nomine
3306 2835 3631 2903 appareret,
3666 2829 3739 2885 ob

2089 2919 2288 2990 idque,
2324 2934 2393 2973 ne
2422 2919 2492 2973 ad
2527 2923 2581 2973 te
2640 2935 2772 2974 cum
2805 2919 3031 2974 tantillo
3079 2936 3321 2976 munere
3381 2919 3738 2987 accederem,

2089 3009 2312 3079 pudore
2342 3007 2622 3063 nonnullo
2653 3009 2990 3064 deterrebar
3019 3026 3032 3064 :
3067 3009 3201 3064 fecit
3230 3013 3427 3064 tamen
3461 3012 3742 3080 perpetua

2087 3101 2189 3151 tua
2221 3096 2580 3164 humanitas,
2617 3113 3022 3170 propensaque
3053 3114 3190 3170 erga
3221 3098 3516 3154 studiosos
3538 3113 3743 3153 omnes

2086 3185 2377 3248 voluntas.
2415 3192 2477 3241 ut
2509 3187 2664 3240 hunc
2715 3192 2936 3241 metum
2986 3188 3403 3259 abstergerem,
3454 3203 3588 3242 cum
3622 3200 3744 3240 me-

2090 3292 2224 3330 cum
2257 3276 2630 3348 cogitassem,
2665 3293 3012 3348 magnorum
3046 3275 3376 3348 principum
3431 3291 3580 3343 esse,
3631 3292 3747 3330 non

2093 3365 2293 3420 minus
2320 3363 2569 3420 libenter
2600 3382 2775 3436 parva
2805 3365 3086 3437 accipere,
3128 3382 3306 3437 quam
3341 3381 3555 3436 magna
3584 3364 3744 3430 dare,

2093 3453 2341 3525 diisque,
2374 3458 2440 3508 ut
2469 3453 2712 3524 quidam
2769 3453 2827 3507 in
2879 3453 3060 3509 simili
3100 3469 3279 3508 causa
3335 3451 3564 3507 dicebat
3609 3451 3744 3520 (75),

2095 3559 2208 3597 non
2243 3542 2432 3598 solum
2465 3542 2658 3608 thure,
2691 3543 2792 3597 sed
2825 3542 3000 3597 etiam
3034 3541 3191 3597 mola
3247 3542 3402 3597 salsa
3433 3539 3609 3595 litari.
3646 3540 3744 3594 Ac-

2093 3633 2220 3703 cipe
2249 3649 2382 3701 ergo
2413 3638 2580 3703 grato
2629 3648 2695 3686 ac
2722 3631 2926 3686 libenti
2958 3631 3155 3687 animo
3187 3631 3295 3686 hoc
3323 3629 3610 3702 quidquid
3657 3632 3747 3683 est

2093 3721 2376 3786 muneris,
2409 3720 2810 3776 illustrissime
2839 3720 3176 3788 cardinalis,
3209 3720 3495 3790 mihique,
3531 3718 3580 3774 si
3630 3717 3743 3772 im-

2093 3816 2344 3884 portuna
2375 3811 2628 3881 quadam
2660 3809 2748 3864 tui
2780 3809 3257 3881 interpretatione
3300 3807 3551 3880 publicis
3582 3821 3742 3862 com-

2093 3899 2286 3956 modis
2319 3916 2541 3954 moram
2556 3898 2747 3964 attuli,
2769 3898 3548 3969 velimignoscas.Dominus
3569 3896 3742 3952 Jesus

2091 3994 2148 4044 te
2177 4005 2355 4060 quam
2409 3987 2742 4043 diutissime
2799 3986 3066 4043 Ecclesia
3097 4004 3214 4043 sua
3245 3986 3602 4042 incolumem
3627 3999 3745 4038 ser-

2090 4083 2201 4133 vet.
2235 4076 2602 4132 Nannetibus
2637 4077 2700 4130 15
2733 4075 2972 4131 Kalend.
3005 4075 3246 4132 Januar.
3281 4090 3434 4130 anno
3467 4091 3500 4128 a
3539 4070 3744 4128 saluti-

2091 4167 2212 4222 fero
2244 4171 2414 4238 partu
2448 4165 2909 4238 quingentisimo
2966 4165 3329 4235 sexagesimo
3381 4179 3533 4219 nono
3567 4176 3747 4233 supra

2090 4255 2492 4313 millesimum.

328 4534 473 4615 n99;
557 4535 649 4615 τον
728 4534 885 4615 αυτὸν
963 4535 1377 4615 ἐπιφανέστατον
1468 4545 1568 4615 τῆς
1633 4540 1796 4615 ’κατᾲ
1876 4541 1974 4608 τὴν

2094 4542 2238 4600 Idem
2261 4541 2333 4598 ad
2360 4543 2614 4597 eumdem
2671 4543 3117 4615 illustrissimum
3168 4542 3418 4600 Ecclesia
3448 4543 3746 4599 Gallicana

399 4606 668 4686 Ῥραγκίαν
729 4606 1078 4686 Ἱὲξκκλησᾼξαξ
1109 4608 1417 4683 προστάτην
1465 4606 1556 4665 καὶ
1598 4606 1975 4686 εὐγενέστατον

401 4676 666 4754 ἄρχοντα,
699 4684 796 4733 τοῦ
827 4676 1013 4736 αὐτοῦ.

327 4809 500 4878 Ἔργα
530 4808 664 4858 Θεοῦ
694 4805 934 4876 κομὲεις,
963 4807 1184 4878 κομέεις
1217 4803 1274 4860 δέ
1301 4827 1360 4860 τε
1387 4807 1477 4860 καὶ
1512 4803 1800 4881 βασιλῆος,

401 4893 563 4947 Ὥστε
594 4892 719 4969 ῥόος
750 4899 1001 4966 ποταμοῦ
1033 4891 1231 4971 ἄνδιχα
1258 4895 1615 4968 τεμνόμενος.

330 4982 522 5037 Πιστὸν
552 4978 668 5057 ἔχει
701 4983 996 5058 θεράποντα
1026 4984 1178 5050 Θεὸς,
1212 4984 1301 5039 καὶ
1331 4987 1520 5039 πιστὸν
1548 4985 1819 5061 ἀνάκτωρ,

407 5071 598 5125 Πιστὸν
629 5069 746 5147 ἔχει
778 5071 1070 5148 πρόμαχον
1104 5073 1304 5140 πίστις,
1338 5072 1563 5150 ἔρεισμα
1589 5074 1803 5150 πατρίς.

331 5160 392 5215 Ἠ
427 5157 472 5213 δ’
496 5159 660 5234 ἀρετή
694 5158 979 5233 μελέτημα
1007 5162 1147 5228 τεὸν,
1179 5163 1434 5237 Χριστοῖό
1454 5184 1513 5216 τε
1543 5168 1702 5236 σῶμα

405 5248 702 5324 Σχίζοντας
740 5249 978 5324 βαλέειν,
1007 5250 1334 5328 αἷ¹μοχαρεῖς
1361 5273 1421 5307 τε
1451 5249 1674 5314 λύκους.

327 5337 597 5405 Τοτῖνεκεν,
632 5339 676 5393 εἰ
709 5339 991 5394 πάντεσσιν
1022 5341 1272 5416 ἀπήχθεο
1301 5347 1444 5396 τοῖσι
1472 5341 1770 5414 κακίστοις,

400 5424 563 5482 Οὐδὲν
594 5430 796 5502 θαῦμα”
831 5428 991 5492 κύνας
1022 5431 1126 5505 γὰρ
1159 5429 1437 5508 στυγέουσι
1476 5428 1656 5490 λύκοι.

398 5581 443 5616 ⁶⁰
469 5581 489 5636 Ι
515 5582 668 5637 Tim.
706 5599 782 5650 v1,
810 5585 895 5638 12.
1002 5585 1047 5620 ⁷ο
1078 5585 1226 5641 Psal.
1261 5602 1450 5652 cxxxx,
1486 5587 1538 5639 4.

323 5653 509 5710 “Jer.
553 5671 594 5723 ι,
639 5655 727 5710 18.
806 5656 851 5690 ⁷⁵
890 5657 1097 5712 Matth.
1137 5675 1217 5728 χι,
1259 5659 1313 5713 7.
1391 5658 1436 5693 ⁷⁸
1475 5657 1647 5714 Joan.
1688 5674 1790 5729 xu,
1831 5653 1923 5714 25.

401 5788 516 5865 (75)
539 5786 695 5845 Plin.
733 5787 794 5844 in
836 5790 1009 5863 epist.
1057 5807 1320 5864 nuncup.

656 5915 920 5979 Panos.
966 5916 1078 5980 Gn.
1124 5917 1374 5986 XXXV.

1633 5587 1726 5640 ⁷¹Ι
1783 5586 1920 5660 Reg.
1947 5589 2128 5656 xxx,1
2166 5605 2296 5716 sqq.

1635 5699 1647 5712 .
1688 5674 1790 5717 xu.
1831 5660 1923 5714 25.
2001 5660 2044 5695 ⁷⁷
2080 5660 2156 5717 IV
2241 5677 2296 5717 es

2301 4617 2599 4670 antistitem
2630 4618 2684 4669 et
2736 4614 3148 4670 nobilissimum
3203 4616 3528 4686 principem.

2094 4811 2205 4866 Res
2237 4810 2366 4867 cali
2398 4814 2638 4875 tractas,
2673 4813 3007 4881 tractasque
3039 4811 3271 4882 negotia
3305 4811 3489 4884 regni,

2165 4902 2381 4956 Ambas
2414 4901 2471 4955 in
2507 4904 2698 4971 partes
2731 4899 2976 4954 finditur
3005 4904 3069 4954 ut
3098 4899 3332 4956 ﬂuvius.

2095 4989 2302 5044 Fidum
2337 4996 2392 5045 te
2423 4990 2644 5060 prabes
2677 4989 2947 5060 regisque
2982 4989 3195 5059 Deique
3228 4989 3588 5057 ministrum,

2168 5081 2251 5134 Tu
2277 5079 2492 5133 vallum
2528 5079 2682 5149 ﬁdei,
2714 5083 2777 5132 tu
2811 5078 3080 5133 columen
3114 5079 3332 5149 patria.
3648 5082 3654 5088 ’

2096 5168 2228 5224 Hac
2258 5173 2358 5223 tua
2389 5185 2548 5235 cura,
2583 5169 2759 5223 decus
2789 5167 3044 5236 virtutis,
3070 5173 3328 5223 sternere
3358 5169 3571 5225 Christi

2169 5258 2390 5328 Corpus
2411 5258 2766 5323 scindentes,
2800 5256 3244 5328 mortiferosque
3273 5256 3466 5331 lupos.

2108 5347 2185 5403 Ad
2219 5352 2274 5402 te
2301 5364 2414 5402 non
2449 5351 2715 5403 moveant
2744 5345 2861 5400 odii
2893 5347 3128 5400 turbata
3157 5363 3380 5402 veneno

2169 5436 2390 5492 Corda:
2425 5435 2633 5508 lupum
2659 5438 2921 5507 jungunt
2953 5433 3171 5490 fadera
3201 5435 3364 5493 nulla
3389 5439 3541 5496 cani.

2408 5589 2702 5671 79.1.3231
2739 5608 2828 5671 fi"
2863 5594 2986 5671 .12-
3090 5593 3488 5671 “MIVLReg.
3541 5611 3603 5668 ιι,
3666 5595 3752 5650 12·

2241 5677 2328 5734 eg.
2367 5678 2427 5730 ιι,
2470 5661 2555 5718 13.
2599 5661 2703 5719 ⁷⁸ίί
2737 5663 2997 5721 Machab.
3034 5683 3110 5737 ιχ,
3136 5667 3227 5740 30,
3264 5668 3328 5723 31

3409 5929 3487 6012 ﬂ.
