4100 6410
331 364 445 424 331
1469 356 1746 420 JACOBI
1792 355 2026 418 BILLII
2071 356 2645 418 PREFATIONES
2659 401 2674 418 .
3639 362 3759 426 332

332 500 396 550 In
419 499 474 550 te
500 510 615 549 non
650 492 867 548 mirum
897 490 1044 546 livor
1075 490 1124 546 si
1157 493 1427 561 torqueat
1450 506 1650 546 arma:

2013 489 2068 556 Α
2100 484 2253 554 Οὐδὲ,
2286 488 2411 555 τεῆν
2447 487 2640 562 ἀρετὴν
2667 486 2748 542 ὅτι
2788 486 3051 562 βάσκανον
3085 482 3241 561 ὄμμα
3268 488 3515 562 τιταίνει,

404 583 619 638 Virtuti
653 598 886 652 semper
915 579 1110 635 tristia
1141 579 1294 634 bella
1321 580 1454 634 ciet.

2175 577 2364 648 Θαΐ)μά
2398 577 2452 648 μ’
2483 574 2619 652 ἔχει’
2652 575 2845 638 καλοῖς
2877 578 2904 631 ὁ
2937 577 3134 654 φθόνος
3166 577 3358 654 ἐχθρὸς
3388 578 3499 636 ἀεί.

334 673 542 729 Invida
567 672 870 728 tabescant
896 669 985 725 vis
1007 669 1275 740 agmina;
1308 669 1481 723 turba
1510 666 1710 722 dolore

2098 667 2359 736 Τήκεσθαι
2393 664 2682 742 φθονεροὺς
2714 664 2940 736 ἐθέλεις,
2972 667 3062 720 καὶ
3101 666 3324 741 ἀνάρσια
3357 665 3499 746 φῦλα

404 764 671 833 Angatur
699 760 902 814 rabido
933 759 1210 828 dogmata
1241 773 1416 826 prava
1447 773 1647 812 serens
1669 755 1698 810 ?

2170 756 2468 829 Αἱρετικῶν
2501 761 2784 832 κρατεροῖς
2809 754 3023 832 ἄλγεσιν
3055 757 3329 828 ἐμπελάᾳν
3354 778 3366 827 ;

335 850 638 906 Certamen
671 853 827 904 certa
851 846 987 902 fidei
1013 864 1027 915 ;
1057 847 1311 916 virtutis,
1347 851 1411 900 ut
1441 845 1602 916 olim,

2100 839 2321 899 Εὖσεϐἑϊ
2349 846 2664 920 προμάχιζε
2695 842 2873 919 λόγῳ·
2914 845 3261 920 χραίσμησον
3296 847 3506 901 ἄνακτι·

405 943 587 1011 Perge
616 938 770 992 viam
795 954 809 1005 ;
843 936 928 991 fer
957 952 1126 1007 Opem
1157 934 1592 1006 consiliumque
1622 936 1858 992 throno.

1741 952 1858 992 )no.
2168 932 2435 1002 Παντοίης
2469 933 2687 1008 ἀρετῆς,
2722 933 2798 994 ὡς
2825 935 3175 1009 τοπάροιθεν,
3207 933 3360 1011 ἔχου.

331 1033 472 1101 Igne
504 1043 643 1082 suos
673 1029 804 1081 uret
831 1025 1009 1080 livor:
1040 1025 1327 1096 disrupta,
1365 1023 1580 1080 furoris

2098 1022 2171 1090 Δή
2205 1020 2327 1076 τότε
2353 1022 2442 1075 καὶ
2474 1022 2765 1099 φθονεροὺς
2794 1022 2941 1092 τήξει
2974 1022 3190 1100 φθόνος.
3225 1023 3502 1088 ἀντιθέους
3549 1045 3607 1080 τι

401 1117 636 1174 Occidet
664 1130 798 1171 esca
826 1113 940 1187 sui,
973 1129 1114 1186 gens
1147 1112 1390 1168 inimica
1422 1114 1552 1169 Deo.

2166 1112 2360 1184 ’Όψεαι
2394 1110 2678 1189 αὖτοφόνῳ
2713 1111 3079 1187 βοσκομὲνους
3115 1112 3295 1188 μανίῃ.

936 1353 1193 1426 Ejusdem
1220 1353 1362 1410 alia.

2643 1355 2748 1407 Τοῦ
2780 1352 2944 1408 αὐτοῦ
2973 1349 3153 1428 1ἕτερον
3167 1395 3179 1409 .

325 1444 656 1502 Pandoram
688 1444 888 1500 divum
921 1443 1159 1498 donavit
1190 1442 1357 1514 copia
1387 1442 1607 1498 mundo
1634 1459 1647 1497 :

2089 1437 2385 1516 Πανδώρην
2419 1442 2551 1496 ποτὲ
2580 1439 2719 1496 δῶκε
2756 1443 2890 1496 θεῶν
2923 1443 3093 1518 χορὸς
3125 1440 3427 1518 ἡμερίοισι·

394 1534 731 1593 Pandorum
762 1533 933 1590 nobis
962 1536 1019 1588 te
1049 1531 1212 1588 dedit
1241 1531 1646 1603 Omnipotens.

2160 1527 2452 1606 Πάνδωρόν
2483 1551 2538 1585 σε
2573 1532 2735 1607 μέγας
2770 1533 2904 1603 ἡμῖν
2941 1528 3110 1586 ἔδωκε
3141 1532 3291 1594 Θεός.

325 1622 414 1680 Illi
443 1623 503 1680 in
534 1622 851 1696 perniciem
883 1625 1146 1677 nostram
1180 1622 1342 1690 (nam
1374 1619 1731 1691 perniciosos

2089 1619 2152 1672 Οἱ
2187 1619 2282 1690 μὲν
2317 1617 2399 1672 ἐπ’
2432 1618 2688 1693 ἀργαλέῳ
2731 1619 2984 1695 μερόπων
3016 1624 3187 1692 κακῷ”
3224 1621 3302 1682 ὡς
3327 1621 3430 1697 γὰρ
3462 1620 3642 1694 ἐῴκει,

396 1713 731 1769 Perniciosa
761 1713 927 1767 decet
946 1710 1180 1766 mittere
1201 1710 1355 1765 dona
1384 1709 1567 1780 deos).

2161 1706 2508 1778 Οὐλομὲνους
2535 1710 2768 1781 πέμπειν
2802 1704 2962 1764 οὕλια
2989 1706 3138 1784 δῶρα
3169 1710 3344 1770 Θεούς·

324 1801 430 1857 Hic
460 1819 594 1858 vero
624 1802 696 1857 ad
728 1800 960 1872 generis
991 1798 1322 1855 certissima
1342 1798 1649 1854 commoda
1678 1797 1862 1853 nostri
1889 1813 1902 1853 :

2007 1796 2054 1860 Β
2083 1797 2176 1858 Ὃς
2208 1794 2253 1850 δ’
2287 1795 2373 1850 ἐπὶ
2403 1795 2483 1869 τῷ
2512 1796 2725 1851 πάντων
2760 1798 2962 1872 ἀγαθῷ·
2995 1797 3084 1851 καὶ
3116 1799 3221 1872 γὰρ
3268 1797 3595 1874 παναρίστου

392 1890 713 1947 Commoda
741 1889 958 1962 quippe
986 1889 1176 1944 bonus
1207 1888 1308 1943 dat
1339 1905 1448 1943 sua
1476 1887 1629 1942 dona
1659 1887 1834 1942 Deus.

1829 1927 1834 1941 .
2153 1886 2331 1940 Ηάντα
2363 1889 2495 1940 Θεοῦ
2527 1886 2770 1960 χθονίοις
2803 1888 3054 1962 χρήσιμα
3085 1883 3234 1962 δῶρα
3270 1885 3448 1944 πέλει.

575 2050 649 2111 1η
678 2048 1123 2112 Nazianzenam
1159 2047 1230 2109 Ο.
1265 2046 1481 2109 Jacobi
1505 2045 1684 2107 Billii
1711 2043 1938 2188 qtbbbbatis
1971 2045 2323 2190 giz'chaitz'ni
2351 2047 2793 2110 translationem
2826 2047 2975 2111 God.
3009 2047 3229 2109 Bittius
3267 2051 3485 2129 ﬁater,

1837 2145 1902 2188 as
2021 2146 2185 2189 mcen
2216 2147 2322 2188 ius.

1837 2145 1902 2188 αδ
1977 2145 2322 2189 Vincentius.

310 2281 624 2355 Gregorius
656 2281 955 2353 quondam
987 2279 1179 2350 patria
1207 2278 1418 2333 tellure
1449 2277 1712 2349 fugatus,
2086 2278 2395 2334 Condoluit
2424 2278 2600 2333 frater
2620 2277 2887 2349 profugo,
2913 2278 3229 2350 docuitque
3257 2283 3556 2352 rogantem

379 2371 699 2443 Appulerat
729 2370 896 2425 sedes
927 2367 1090 2424 exsul
1114 2368 1184 2422 ad
1217 2367 1524 2422 Occiduas.
2156 2366 2388 2422 Mollius
2420 2367 2698 2422 Ausoniis
2727 2368 2904 2423 verba
2937 2383 3146 2423 sonare
3197 2369 3408 2424 modis.

311 2462 600 2533 Excepere
630 2459 819 2514 virum
852 2458 1127 2530 quidam:
1165 2457 1266 2511 sed
1299 2455 1473 2511 balba
1493 2454 1799 2527 loquentes
2086 2455 2331 2511 Miratur
2353 2456 2476 2526 jam
2509 2455 2847 2528 Gregorius,
2872 2456 3219 2528 dubitatque
3252 2457 3558 2530 Pelasgum

381 2549 547 2606 Hunc
571 2549 746 2606 etiam
769 2546 940 2604 balbe
972 2546 1332 2604 condocuere
1358 2543 1540 2616 loqui.
2155 2545 2353 2600 Dicere
2382 2559 2444 2600 se
2476 2544 2718 2616 posthac
2748 2545 2980 2613 debeat,
3013 2562 3085 2601 an
3121 2546 3377 2602 Latium.

594 2709 665 2774 G.
704 2707 1112 2772 Genebrardus
1151 2706 1470 2786 Theologus
1498 2704 1873 2778 Parmensis,
1908 2704 1991 2786 qd
2029 2703 2108 2764 D.
2138 2704 2423 2786 Jacobum
2454 2705 2710 2765 Billium
2749 2706 3237 2782 ccenobiarcham,
3268 2710 3454 2770 trium

1037 2783 1380 2868 linguarum
1409 2789 1857 2867 peritissimum,
1894 2783 2179 2866 Gregorii
2201 2785 2604 2847 Nazianzemi
2627 2787 3024 2868 interpretem.

314 2943 657 3016 Gregorium
692 2942 765 2998 ob
794 2956 1026 2996 versum
1055 2943 1256 2995 nostra
1284 2943 1340 2993 te
1370 2955 1506 2993 voce
1537 2937 1755 2994 salutat

1741 2942 1755 2993 ἱ
2079 2937 2203 2990 Δῖάν
2238 2957 2332 2990 σου
2363 2935 2603 3014 κεφαλὴν
2629 2935 2913 3006 ἀσπάζοντ’
2946 2937 3075 2992 ἐννέ’
3104 2935 3360 3016 ἀδελφαὶ,

376 3031 560 3089 Pieris
581 3034 639 3086 et
665 3029 960 3085 Charitum
994 3028 1152 3083 nuda
1196 3043 1410 3083 corona
1439 3026 1642 3082 trium.

2147 3025 2307 3080 Ταυτί
2335 3046 2393 3080 τε
2423 3025 2788 3102 γυμνοχρόων
2821 3024 2987 3100 δρῶσι
3021 3027 3152 3102 γένη
3185 3028 3454 3103 Χαρίτων.

304 3123 454 3190 Qiun
475 3125 533 3177 et
565 3118 879 3191 Gregorius
907 3120 1068 3173 tanto
1101 3133 1203 3188 pro
1240 3131 1478 3171 munere
1509 3131 1774 3171 summas

2076 3114 2376 3190 Γρηγόριος
2409 3113 2454 3169 δ’
2486 3115 2642 3176 αὐτὸς
2678 3114 2863 3184 ζαθέαν
2901 3113 2970 3170 δι’
3003 3116 3137 3188 ἐμοῦ
3165 3118 3328 3192 χάριν
3362 3115 3527 3188 οἶδεν,

376 3215 521 3268 Cum
553 3225 832 3282 superum
858 3211 1051 3280 grates
1073 3205 1305 3278 agmine
1338 3210 1541 3277 gratus
1566 3204 1704 3277 agit.
1989 3270 1995 3282 Α

1989 3259 2030 3282 Π
2143 3206 2292 3259 Ὅττι
2331 3204 2424 3277 μὲν
2454 3204 2529 3266 ὡς
2561 3205 2766 3280 Ἑρμῆν
2800 3203 2928 3281 ἔσχε
2959 3226 3015 3259 σε
3047 3204 3331 3264 Δύσόνιον.

303 3301 452 3358 Nam
483 3314 618 3354 cum
641 3295 964 3352 barbaricis
994 3295 1136 3351 olim
1167 3294 1508 3367 graderetur
1538 3293 1596 3348 in
1628 3291 1801 3361 arvis,

1988 3289 2030 3326 ⁸⁸⁸
2069 3293 2155 3348 Ἐν
2184 3294 2395 3370 χώραις
2427 3292 2703 3370 πρόπαλαι
2734 3294 2834 3370 γὰρ
2869 3293 3053 3367 ἐνῴκει
3089 3289 3559 3374 βαρϐαροφώνοις,

374 3390 511 3446 Arte
539 3391 642 3444 tua
653 3387 781 3458 jam
810 3400 968 3441 nunc
999 3399 1181 3457 regna
1211 3383 1416 3439 Latina
1445 3385 1624 3439 tenet.

2141 3386 2247 3438 Νῦν
2278 3381 2335 3437 δὲ
2363 3379 2481 3458 ἔχει
2512 3381 2601 3438 διὰ
2632 3387 2727 3438 σοῦ
2758 3386 2958 3454 σκήνεα
2985 3383 3286 3458 Ῥωμαϊκά.

305 3551 557 3615 Joannis
618 3545 919 3628 Chatardi
961 3545 1370 3628 Aguipersani
1420 3541 1504 3605 ad
1548 3542 1928 3628 Meccenqtem
1991 3563 2161 3628 stium
2219 3544 2300 3605 Β.
2356 3545 2641 3628 Jacobum
2694 3545 2966 3628 Billinm,
3025 3546 3244 3608 Sancti
3294 3545 3595 3628 Miclzaelis
3652 3549 3712 3606 in

388 3632 452 3695 E
455 3650 614 3692 remo
684 3626 967 3690 Abbatem
1010 3623 1470 3700 ornatissimum,
1520 3633 1576 3685 et
1627 3623 1708 3687 Β.
1771 3623 2053 3706 Gregorii
2104 3628 2366 3708 episcopi
2414 3625 2794 3688 Nazianzeni
2858 3627 3235 3709 interpretem
3287 3626 3716 3709 ﬁdelissimum,

385 3715 777 3795 epigramma.

303 3861 378 3918 Ut
403 3860 600 3916 Tobias
623 3860 812 3915 lucem
843 3856 1074 3914 soboles
1095 3856 1379 3929 perchara
1409 3856 1638 3928 parenti
2065 3859 2172 3914 Sed
2200 3861 2262 3913 tu
2292 3861 2567 3930 praaterea
2595 3873 2795 3914 vocem
2828 3872 2966 3914 cum
2997 3858 3225 3914 lumine
3256 3857 3477 3930 reddis,

375 3949 654 4005 Restituit
674 3949 739 4017 7°,
763 3947 846 4003 sic
872 3951 936 4002 tu
967 3946 1196 4002 lumina
1228 3945 1525 4017 Gregorio.
2141 3946 2212 4002 Ut
2236 3948 2408 4002 modo
2441 3963 2575 4002 cum
2607 3947 2822 4003 Graecis
2853 3947 3028 4002 verba
3059 3948 3261 4003 Latina
3293 3951 3480 4003 sonet.

301 4039 409 4095 Ille
439 4038 675 4110 quidem
711 4035 894 4108 patris
924 4052 992 4092 ex
1022 4033 1208 4091 oculis
1240 4033 1488 4106 caligine
1520 4033 1712 4107 pulsa,
2067 4035 2161 4090 Sic
2192 4052 2296 4106 per
2325 4041 2380 4090 te
2411 4035 2707 4106 (praeclara
2728 4037 2845 4091 duo
2870 4036 3173 4104 miracula)
3195 4053 3383 4108 nuper

373 4128 463 4182 Tu
493 4143 624 4182 vero
655 4142 689 4179 a
709 4127 829 4180 toto
860 4140 1100 4194 corpore
1137 4123 1419 4195 Gregorii.
2139 4129 2332 4179 Caecus
2361 4129 2419 4180 et
2448 4124 2700 4197 elinguis
2731 4141 2886 4180 nunc
2916 4125 3093 4196 videt,
3128 4129 3184 4180 et
3213 4124 3494 4196 loquitur.

304 4213 478 4270 Illum
513 4230 652 4268 nam
681 4211 860 4268 veluti
893 4212 1040 4268 foede
1065 4216 1310 4267 caacarat
1338 4210 1612 4282 hirundo,
2065 4213 2169 4267 Vis
2203 4215 2449 4268 referam
2469 4215 2663 4285 majus
2685 4213 2713 4268 ‘P
2745 4215 2888 4270 Toto
2908 4215 3034 4285 jam
3079 4213 3261 4285 fulget
3305 4213 3365 4269 in
3413 4214 3572 4282 orbe,

375 4301 541 4358 Hunc
570 4301 652 4357 ita
681 4300 1031 4356 mendorum
1060 4299 1249 4356 versio
1289 4298 1462 4372 plena
1493 4299 1668 4371 prior.
2139 4301 2246 4366 Qui
2273 4302 2431 4359 velut
2462 4303 2521 4358 in
2548 4303 2806 4360 tenebris
2828 4307 2961 4359 ante
2986 4302 3252 4375 sepultus
3282 4306 3425 4358 erat.

1457 4469 1753 4551 Ejusdem
1801 4470 2097 4535 Chatardi
2137 4473 2220 4535 ad
2250 4474 2543 4537 lectorem.

300 4607 641 4682 Squallidus
659 4605 720 4662 in
754 4621 902 4662 caeco
923 4603 1215 4676 Josephus
1242 4619 1491 4670 carcere,
1524 4605 1741 4677 dignus
1983 4607 2031 4671 D
2137 4606 2361 4679 Dignus
2393 4609 2492 4680 qui
2514 4608 2717 4664 volitet
2747 4611 2959 4663 cuncta
2989 4623 3094 4678 per
3123 4623 3226 4663 ora
3253 4606 3463 4664 virum.

369 4699 479 4755 Vix
507 4701 632 4755 erat
661 4701 898 4769 aspectu
931 4694 1106 4766 regis,
1141 4698 1198 4750 et
1228 4693 1503 4766 alloquio.
2063 4696 2287 4764 Billius,
2320 4696 2496 4769 idque
2516 4696 2706 4752 libens
2737 4712 2952 4768 magno
2984 4696 3197 4751 sudore
3227 4695 3449 4767 peregit

301 4789 441 4845 Inde
464 4787 565 4844 sed
597 4787 866 4853 eductus,
905 4785 1055 4840 foedo
1087 4783 1380 4855 squallore
1410 4788 1654 4851 remoto,
2134 4785 2318 4852 Unus,
2353 4787 2507 4858 quod
2535 4784 2705 4840 multi
2729 4802 2843 4841 non
2869 4788 3108 4856 potuere
3139 4783 3339 4839 simul.

369 4875 656 4947 Principis
687 4878 744 4930 et
773 4872 972 4944 populi
1010 4872 1224 4943 dignus
1245 4889 1443 4928 amore
1466 4872 1592 4927 fuit.
2061 4873 2343 4929 Prmstitis
2374 4874 2466 4928 hic
2497 4873 2662 4928 labor
2693 4879 2800 4940 est,
2837 4890 2952 4945 quo
3000 4890 3115 4928 non
3149 4871 3520 4945 praestantior
3552 4870 3718 4942 alter,

299 4965 392 5021 Sic
425 4980 656 5036 quoque
696 4961 1011 5036 Gregorius
1039 4963 1179 5016 dum
1212 4961 1484 5017 sordidus
1518 4966 1650 5017 ante
1675 4963 1898 5033 jaceret
2132 4963 2452 5035 Pluresque
2484 4963 2701 5034 ingenii
2733 4963 2832 5035 qui
2866 4963 2967 5018 tibi
2999 4966 3187 5018 servet
3216 4978 3355 5034 opes
3378 4979 3396 5016 :

370 5052 631 5120 Obsitus,
653 5052 936 5124 indignus
967 5050 1065 5120 qui
1096 5049 1406 5124 legeretur,
1438 5054 1583 5106 erat.
2060 5053 2141 5107 Ex
2171 5051 2265 5106 his
2295 5068 2442 5123 quas
2473 5051 2640 5106 facile
2675 5051 2897 5106 fulvum
2929 5051 3088 5106 velut
3108 5067 3304 5123 ungue
3335 5051 3561 5106 leonem

298 5140 471 5197 Nulla
500 5142 716 5197 etenim
749 5141 1027 5213 gravibus
1057 5139 1213 5194 vitiis
1245 5139 1474 5211 pagella
1506 5140 1737 5196 carebat
2130 5139 2433 5206 Peimitiis,
2465 5139 2648 5196 lector
2667 5141 2933 5207 candide,
2967 5156 3142 5196 nosse
3173 5145 3355 5213 potes.

365 5232 435 5286 Et
454 5231 580 5285 sine
613 5234 808 5285 mente
839 5245 1050 5284 sonum
1085 5228 1319 5300 singula
1347 5230 1525 5284 verba
1554 5229 1793 5284 dabant.
2058 5228 2256 5285 Nescit
2279 5234 2337 5284 et
2367 5230 2692 5285 exstinctus
2716 5229 2897 5302 (dictu
2931 5229 3219 5300 mirabile)
3252 5225 3484 5300 pressul,

288 5321 395 5374 Ast
423 5317 530 5374 tibi
561 5335 744 5388 purus
774 5318 960 5387 adest,
993 5321 1048 5371 et
1077 5318 1282 5387 quovis
1315 5317 1513 5388 purior
1533 5334 1697 5388 auro,
2129 5317 2400 5373 Praesulis
2432 5318 2672 5373 alterius
2699 5319 2822 5387 jam
2854 5317 3147 5372 redivivus
3180 5334 3305 5388 ope.

363 5405 437 5463 Ut
465 5405 722 5476 primum
752 5405 1001 5460 accessit
1032 5405 1254 5460 Biblica
1285 5406 1454 5461 docta
1489 5423 1721 5461 manus.
2057 5410 2246 5478 Atque
2278 5408 2360 5461 ita
2386 5407 2487 5478 qui
2519 5406 2677 5461 clara
2710 5406 2955 5462 ﬂorebat
2985 5407 3043 5460 in
3086 5406 3326 5462 Hellade
3354 5409 3608 5474 tantum,

291 5493 460 5550 Nunc
491 5493 676 5550 oculis
706 5508 936 5563 regum,
989 5509 1144 5550 nunc
1174 5511 1407 5552 summo
1439 5495 1655 5568 dignus
1703 5494 1944 5566 honore,
2126 5495 2292 5552 Nunc
2323 5496 2501 5553 etiam
2538 5499 2656 5552 tota
2684 5495 2851 5552 ﬂoret
2879 5494 2940 5551 in
2969 5495 3250 5552 Ausonia.

363 5675 411 5755 7ο
440 5671 583 5731 Tob.
614 5688 693 5748 χι,
728 5667 919 5737 13-15,
