4100 6420
411 424 520 484 333

1540 418 1809 481 JACOBI
1858 419 2088 482 BlLLll
2134 419 2732 487 PREFATIONES.

3712 436 3832 497 334

425 559 3817 591 WW

1074 710 1426 772 JACOBUS
1471 709 1810 786 BILLIUS,
1859 709 2115 771 ABBAS
2160 711 2224 772 S.
2275 713 2694 774 MlCHAELlS
2739 715 2815 774 IN
2863 719 3160 792 EREMO,

1900 878 1995 924 PIO
2035 879 2322 925 LBCTORIS

482 1153 561 1207 En
592 1150 794 1218 habes,
832 1148 923 1222 pie
957 1150 1176 1218 Lector,
1226 1148 1506 1204 eximium
1539 1147 1705 1203 illum
1751 1147 2062 1203 Orientalis
2093 1148 2147 1215 Α
2177 1149 2566 1220 lnterpretum
2599 1153 3251 1230 translationem,cujus
3283 1162 3406 1215 tum
3430 1163 3550 1217 toto
3583 1161 3720 1218 orbe
3739 1180 3830 1220 sa-

414 1239 681 1297 Ecclesia
705 1240 1002 1294 doctorem
1039 1239 1379 1311 Gregorium
1440 1255 1472 1292 a
1526 1238 1695 1293 nobis
1757 1237 2069 1292 Latinitate

409 1331 687 1386 donatum
715 1345 727 1383 :
759 1345 829 1384 ex
850 1329 1021 1398 cujus
1044 1327 1292 1383 lectione
1321 1326 1544 1382 utinam
1575 1330 1804 1382 tantum
1841 1326 2068 1382 fructus

410 1420 516 1474 tibi
547 1435 751 1490 capere
783 1417 1102 1489 contingat,
1132 1421 1418 1487 quantum
1451 1415 1668 1471 laboris
1700 1431 1765 1471 ac
1788 1413 2068 1470 molestia

414 1509 522 1564 fuit
551 1509 719 1564 nobis
749 1509 804 1561 in
838 1524 904 1563 eo
927 1507 1201 1562 vertendo
1219 1506 1618 1561 subeundum.
1646 1505 1743 1560 Vix
1764 1506 1920 1559 enim
1944 1503 2065 1558 cui-

413 1614 587 1670 quam
620 1596 893 1652 credibile
907 1597 1168 1650 futurum
1185 1601 1476 1666 est,quam
1493 1595 1736 1650 inivitus
1755 1595 1847 1649 hic
1866 1601 2070 1649 auctor

411 1690 562 1762 apud
595 1707 698 1744 nos
732 1688 1158 1761 peregrinetur,
1194 1687 1304 1742 nisi
1362 1688 1460 1758 qui
1493 1688 1674 1758 hujus
1708 1687 1786 1740 rei
1839 1684 2068 1758 pericu-

406 1778 526 1834 lum
557 1777 914 1834 fecerit.Hoc
957 1794 1084 1832 vero
1137 1781 1192 1831 te
1222 1776 1579 1831 exorandum
1631 1775 1836 1840 habeo,
1870 1791 1939 1829 ne
1974 1790 2067 1829 me

407 1874 506 1924 aut
533 1868 712 1923 nimis
744 1866 944 1938 supini
978 1866 1291 1937 cujusdam
1325 1866 1423 1921 otii
1447 1866 1770 1921 notandum
1805 1881 2063 1928 censeas,

411 1957 510 2030 qui
540 1957 695 2013 velut
726 1974 847 2012 rem
872 1962 1084 2026 actam,
1121 1961 1185 2010 ut
1215 1955 1324 2010 dici
1359 1955 1525 2027 solet,
1549 1972 1661 2010 non
1695 1955 1821 2010 sine
1855 1970 2065 2026 magno

409 2048 689 2119 temporis
721 2046 1030 2119 dispendio
1063 2063 1269 2101 rursus
1291 2046 1507 2117 egerim
1535 2070 1548 2112 ;
1581 2048 1679 2098 aut
1702 2061 1905 2115 parum
1926 2060 2066 2097 can-

410 2136 526 2192 didi
563 2136 744 2191 animi
774 2153 903 2191 esse
927 2135 1180 2206 judices,
1207 2135 1304 2206 qui
1339 2136 1397 2189 in
1431 2134 1659 2190 labores
1705 2134 1951 2189 aliorum
1989 2133 2068 2187 iu-

408 2227 693 2293 troierim,
727 2226 993 2298 ipsisque
1027 2225 1244 2280 merita
1275 2223 1468 2280 laudis
1500 2229 1914 2295 argumentum
1957 2223 2065 2276 eri-

408 2333 544 2388 pere
576 2317 688 2371 sim
727 2319 992 2370 conatus.
1027 2315 1286 2377 Quorum
1317 2318 1633 2384 utrumque
1664 2312 1893 2378 facile,a
1920 2315 2069 2382 te,ut

411 2406 635 2476 opinor.
669 2405 961 2474 obtinebo,
991 2403 1041 2459 si
1089 2405 1261 2458 modo
1291 2407 1522 2458 tantum
1563 2403 1668 2457 tibi
1723 2420 1756 2457 a
1789 2400 2066 2474 graviori-

412 2494 522 2548 bus
555 2497 674 2549 tuis
705 2494 915 2548 studiis
947 2493 1047 2547 otii
1081 2493 1276 2559 luerit,
1312 2497 1378 2547 ut
1409 2509 1635 2558 eorum,
1678 2491 1778 2562 qui
1811 2497 1943 2545 ante
1975 2507 2067 2544 me
2101 2527 2145 2589 Β

412 2582 470 2636 in
505 2582 613 2636 hoc
648 2582 878 2654 negotio
909 2582 1114 2636 versati
1141 2579 1762 2647 sunt,translationem
1797 2596 1931 2635 cum
1961 2579 2068 2634 hac

414 2676 632 2740 nostra,
663 2677 719 2726 et
748 2677 1053 2741 utramque
1084 2671 1154 2725 ad
1177 2669 1472 2741 exemplar
1493 2674 2068 2739 Gracum,tanquam

411 2763 478 2815 ad
514 2761 759 2833 Lydium
795 2759 1069 2831 lapidem,
1095 2759 1394 2830 explorare
1414 2764 1596 2814 vacet.
1632 2759 1794 2822 Quod
1829 2758 1876 2811 si
1918 2759 2066 2812 tece-

409 2850 509 2922 ris,
533 2866 648 2905 non
674 2850 947 2922 equidem
999 2849 1224 2915 dubito,
1284 2850 1426 2919 quin
1460 2848 1541 2902 ita
1589 2848 1669 2902 sis
1699 2848 2067 2902 existimatu-

408 2957 530 3009 rus,
563 2939 820 2995 laborem
854 2939 1010 2993 hunc
1043 2942 1310 2993 nostrum
1339 2955 1453 2993 non
1480 2938 1652 2991 modo
1685 2955 1798 2992 non
1833 2936 2068 2991 inanem

411 3045 476 3083 ac
504 3044 1021 3098 supervacaneum,
1067 3028 1166 3082 sed
1209 3027 1383 3082 etiam
1434 3044 1612 3098 prope
1669 3025 2066 3081 necessarium

411 3117 612 3172 fuisse.
639 3117 945 3172 Neminem
981 3116 1258 3182 insector,
1304 3115 1525 3169 nullius
1584 3120 1773 3169 errata
1803 3115 2066 3169 traduce.

408 3206 731 3261 Barbarum
763 3209 853 3261 est
885 3205 1233 3277 sugillandis
1249 3203 1496 3259 aliorum
1521 3204 1821 3259 laboribus
1846 3204 2066 3275 ingenii

404 3294 805 3366 doctrinaque
822 3293 1055 3349 laudem
1077 3292 1378 3365 aucupari.
1395 3293 2070 3359 Monstrum,nonhomi-

399 3400 542 3441 nem
571 3400 702 3439 esse
733 3387 949 3449 statuo,
970 3384 1073 3454 qui
1106 3383 1218 3454 piis
1234 3382 1480 3437 aliorum
1504 3384 1809 3437 conatibus
1834 3382 2070 3437 studiis-

400 3490 520 3548 que
549 3491 666 3528 non
717 3473 926 3536 favere.
980 3473 1080 3528 sed
1139 3472 1463 3527 obtrectare
1523 3472 1699 3544 cupit,
1747 3488 2067 3542 eorumque

399 3565 610 3634 lapsus
643 3562 956 3618 crudeliter
1013 3563 1204 3634 potius
1263 3562 1530 3634 detegere
1586 3567 1759 3633 atque
1801 3562 2066 3618 omnium

402 3651 594 3710 oculis
626 3669 909 3724 exponere
958 3656 1223 3718 conatur,
1283 3669 1460 3724 quam
1494 3651 1744 3706 fraterne
1779 3650 2066 3717 obvelare,

399 3742 495 3799 vel
527 3742 734 3798 saltem
768 3742 1185 3797 excusarc.Sed
1231 3746 1291 3796 ut
1317 3741 1602 3795 nefarium
1637 3741 1692 3796 in
1726 3742 1934 3812 primis
1969 3741 2068 3796 ha-

398 3833 665 3890 bendum
694 3837 803 3897 est,
839 3848 905 3885 ex
936 3831 1260 3885 alienarum
1301 3830 1777 3884 lucubrationum
1812 3831 2061 3886 insecta-

2179 1243 2484 1295 crosancta
2512 1246 2634 1296 erat
2678 1244 3019 1315 auctoritas,
3074 1248 3337 1319 Aquilam
3369 1249 3543 1305 etiam
3575 1255 3632 1306 et
3660 1251 3831 1324 Sym-

2179 1327 2452 1383 machum
2488 1334 2543 1384 et
2570 1330 3024 1390 Theodotionem
3059 1337 3404 1410 plerumque
3426 1339 3828 1398 consulerent:

2178 1419 2242 1470 ut
2272 1416 2319 1471 si
2353 1418 2489 1489 quid
2513 1418 2658 1491 ipsis
2690 1421 3317 1496 caliginisoboriretur,
3355 1428 3691 1500 hujusmodi
3719 1430 3831 1487 col-

2177 1503 2392 1561 latione
2425 1507 2636 1564 discuti
2668 1516 2887 1582 posset.

2249 1595 2410 1658 Quod
2445 1596 2681 1667 quidem
2715 1601 2783 1654 ad
2820 1618 2911 1657 me
2943 1603 3167 1672 attinet,
3213 1606 3378 1676 potui
3427 1606 3536 1663 hoc
3569 1611 3828 1681 tempus,

2177 1685 2332 1755 quod
2368 1686 2734 1757 Gregoriana
2765 1691 3015 1748 versioni
3047 1694 3249 1750 datum
3307 1701 3417 1762 est,
3460 1697 3632 1770 longe
3660 1716 3837 1756 ama-

2177 1772 2442 1829 nioribus
2468 1775 3196 1850 mihiquejucundioribus
3228 1785 3440 1841 studiis
3462 1784 3833 1857 impendere:

2177 1862 2276 1916 sed
2309 1866 2700 1934 quorumdam
2748 1870 2992 1927 consilio
3045 1877 3221 1944 atque
3271 1874 3602 1931 auctoritati
3633 1877 3838 1933 ceden-

2177 1949 2314 2004 dum
2349 1953 2569 2022 putavi,
2610 1955 2708 2025 qui
2743 1956 3080 2015 doctissimo
3111 1960 3350 2030 quidem
3383 1961 3524 2028 viro,
3559 1968 3834 2020 caterum

2176 2040 2328 2109 apud
2362 2041 2599 2097 Latinos
2633 2044 2827 2115 nimis,
2863 2053 2928 2102 ut
2958 2049 3212 2119 aiebant,
3230 2051 3498 2120 obscuro,
3521 2054 3834 2125 suique,ut

2176 2128 2564 2201 Hieronymus
2590 2131 2870 2205 loquitur,
2907 2136 3147 2209 dispari,
3182 2138 3330 2195 lucis
3369 2141 3593 2213 aliquid
3626 2159 3693 2198 ex
3723 2143 3832 2199 hac

2178 2222 2378 2273 nostra
2409 2221 2777 2279 traductione
2828 2241 3202 2283 accessurum
3237 2230 3380 2284 mihi
3413 2236 3566 2287 certo
3596 2231 3831 2304 pollice-

2177 2307 2410 2361 bantur.
2445 2313 2605 2366 Hanc
2639 2312 2834 2384 itaque
2856 2315 3215 2386 provinciam
3247 2320 3697 2392 suscepi,quam
3713 2321 3833 2376 uti-

2175 2395 2287 2451 lem
2325 2398 2540 2466 nescio,
2576 2401 2720 2455 mihi
2751 2410 2905 2459 certe
2937 2405 3016 2460 ita
3047 2422 3283 2478 gravem
3316 2425 3382 2464 ac
3403 2410 3731 2478 molestam,
3769 2415 3835 2466 ut

2180 2484 2516 2541 inchoatum
2551 2507 2697 2560 opus
2733 2492 3079 2563 abrumpere
3123 2513 3189 2551 ac
3246 2498 3544 2569 perpetuis
3576 2500 3834 2556 tenebris

2177 2574 2459 2631 damnare
2492 2595 2604 2633 non
2638 2579 2818 2635 semel
2852 2583 3178 2654 cogitarim.
3212 2586 3372 2648 Quod
3407 2587 3456 2642 si
3486 2588 3635 2643 vires
3671 2604 3834 2644 meas

2179 2665 2356 2734 probe
2378 2666 2702 2738 exploratas
2734 2670 3098 2741 habuissem,
3131 2678 3304 2746 atque
3351 2684 3414 2731 ut
3456 2677 3741 2733 Dominus
3774 2679 3834 2733 in

2179 2754 2490 2827 Evangelio
2512 2758 2808 2826 admonet,
2833 2768 3106 2832 sumptus
3131 2765 3202 2818 ad
3225 2782 3347 2819 rem
3370 2766 3708 2835 hujusmodi
3735 2784 3832 2823 ne-

2179 2845 2466 2900 cessarios
2497 2853 2932 2919 computassem
2967 2853 3046 2918 3°;
3084 2852 3132 2907 si
3167 2871 3462 2909 summam
3501 2856 3694 2928 operis
3710 2858 3835 2911 diffi

2179 2933 2478 3002 cultatem,
2513 2939 2772 3009 corporis
2807 2940 3120 3012 plusquam
3157 2943 3397 2998 vitream
3414 2945 3832 3014 valetudinem,

2179 3024 2574 3096 doctrinaque
2604 3028 2948 3084 tenuitatem
2981 3031 3178 3086 animo
3207 3033 3834 3105 perpendissem,uun-

2179 3129 2379 3183 quam,
2407 3115 2488 3168 ita
2520 3132 2610 3170 me
2644 3116 2796 3172 Deus
2829 3123 3002 3185 amet,
3038 3119 3174 3175 huic
3206 3123 3563 3177 traductioni
3589 3139 3832 3179 manum

2179 3203 2547 3272 adjecissem.
2616 3207 2722 3260 Sed
2781 3223 2916 3262 vera
2972 3213 3062 3264 est
3108 3209 3468 3282 Thucydidis
3519 3213 3832 3280 sententia,

2179 3290 2414 3363 Ἀμαθία
2446 3294 2660 3367 θράσος,
2696 3294 2722 3347 ὁ
2757 3293 3023 3370 λογισμὸς
3082 3293 3127 3350 δ’
3161 3292 3316 3351 ὄκνον
3381 3298 3548 3375 φέρει.
3582 3302 3696 3357 Nec
3728 3301 3832 3357 abs

2179 3397 2238 3436 re
2266 3381 2327 3434 τὸ
2361 3383 2533 3435 Γνῶθι
2578 3383 2816 3455 σεαυτόν,
2877 3387 3022 3441 tanti
3079 3388 3150 3443 ab
3199 3388 3428 3444 erudita
3485 3391 3835 3462 antiquitate

2181 3470 2394 3525 factum
2445 3477 2551 3539 est,
2587 3477 2652 3527 ut
2683 3474 2739 3527 id
2772 3490 2887 3529 non
2920 3475 3149 3530 mortali
3181 3478 3438 3548 cupiam,
3474 3479 3575 3534 sed
3607 3478 3744 3547 Deo,
3777 3484 3836 3534 et

2177 3559 2416 3614 deorum
2443 3560 2881 3632 sapientissimo
2904 3564 3345 3620 attribuendum
3367 3567 3734 3622 existimarit.
3758 3571 3837 3622 Ac

2180 3647 2319 3702 mihi
2345 3649 2498 3703 idem
2531 3667 2772 3720 prorsus
2804 3651 3310 3721 accidissesentio,
3343 3655 3499 3724 quod
3519 3655 3835 3728 navigandi

2177 3735 2565 3793 insolentibus
2620 3755 2720 3792 usu
2783 3740 2976 3795 venire
3006 3741 3153 3796 solet
3188 3767 3201 3809 ;
3235 3742 3335 3812 qui
3377 3742 3775 3799 allubescente
3806 3761 3838 3800 e

2176 3829 2331 3880 terra
2360 3827 2538 3882 maris
2553 3832 2788 3898 aspectu
2804 3829 2954 3883 mira
2965 3846 3098 3885 cum
3127 3831 3308 3885 animi
3323 3830 3618 3902 voluptate
3637 3833 3831 3890 navim

395 3923 565 3978 tione
597 3937 662 3976 ac
693 3895 1070 3994 depressione
1109 3936 1383 3984 crescere,
1446 3918 1785 3990 aditumque
1842 3920 1952 3974 sibi
1989 3921 2060 3975 ad
2095 3895 2137 3962 C
2177 3895 2748 3987 ingrediuntur,lati
2786 3917 2962 3971 etiam
2995 3921 3051 3972 et
3107 3917 3326 3973 alacres
3381 3895 3576 3975 littora
3607 3919 3829 3992 legunt,

398 4010 717 4066 hominum
753 4010 967 4064 famam
1004 4008 1232 4062 munire
1291 4007 1434 4063 velle
1470 4025 1480 4062 :
1517 4010 1596 4063 ita
1648 4025 1780 4064 cum
1843 4008 2062 4080 publici

403 4097 701 4153 commodi
734 4114 908 4152 causa
941 4098 996 4152 id
1033 4095 1309 4167 postulat,
1347 4097 1570 4152 nemini
1606 4098 1746 4153 vitio
1787 4099 1927 4153 verti
1961 4100 2063 4154 de-

406 4187 527 4251 bet,
570 4202 690 4240 rem
745 4188 816 4241 ab
846 4186 976 4240 aliis
1036 4192 1342 4240 tractatam
1405 4190 1738 4251 retractare,
1799 4204 1865 4241 ac
1904 4188 2064 4242 velut

405 4276 517 4332 sub
553 4275 822 4330 incudem
872 4291 1158 4330 revocare.
1192 4275 1379 4329 Nimis
1437 4276 1592 4329 enim
1647 4277 1904 4348 profecto
1949 4276 2061 4332 sibi

403 4369 642 4437 arrogat
664 4364 763 4435 qui
797 4363 1150 4419 contumelia
1182 4381 1244 4420 se
1278 4364 1430 4418 affici
1464 4371 1680 4433 censet,
1715 4365 1761 4419 si
1797 4366 1927 4436 quis
1975 4365 2062 4421 vel

404 4473 534 4526 qua
576 4455 702 4527 ipse
759 4453 1078 4524 scripserit,
1115 4453 1425 4508 emendare
1483 4470 1549 4508 ac
1606 4454 1912 4526 perpolire,
1974 4456 2064 4513 vel

408 4543 586 4597 etiam
613 4543 801 4597 eidem
838 4542 1114 4609 materia,
1149 4543 1198 4596 ei
1222 4543 1279 4595 id
1321 4558 1351 4597 e
1409 4559 1469 4597 re
1499 4541 1781 4599 litteraria
1830 4544 1950 4600 fore
1979 4545 2062 4598 vi-

409 4632 633 4699 deatur,
677 4632 995 4686 secundam
1032 4647 1273 4686 manum
1314 4631 1585 4686 admoliri
1616 4633 1858 4688 audeat:
1892 4635 2063 4689 modo

410 4721 536 4775 dua
557 4719 668 4774 illa
698 4719 1008 4776 teterrima
1067 4724 1259 4791 pestes
1298 4719 1499 4791 procul
1559 4725 1887 4789 arceantur,
1921 4721 2067 4779 livor

411 4813 468 4863 et
496 4809 855 4864 obtrectandi
888 4809 1174 4864 studium.
1211 4809 1373 4875 Quod
1399 4809 1606 4864 cumin
1640 4810 1799 4865 omni
1822 4811 2066 4883 scripto-

413 4915 541 4954 rum
567 4913 775 4970 genere
805 4899 1090 4954 hactenus
1122 4897 1352 4953 licuerit
1380 4899 1508 4969 (nec
1536 4899 1691 4954 enim
1733 4900 1859 4955 sine
1888 4919 2066 4957 causa

413 4987 741 5044 Graecorum
772 4988 1076 5060 proverbio
1109 4988 1343 5055 dicitur,
1378 4984 1626 5062 δευτέρας
1657 4985 1942 5064 φροντίδας
1972 5010 2064 5044 σο-

413 5077 654 5150 φωτέρας
682 5075 856 5149 εἶναι),
889 5081 1017 5132 tum
1062 5094 1196 5133 vero
1256 5077 1314 5133 in
1359 5078 1830 5134 traductionibus
1881 5079 2064 5136 multo

412 5167 628 5236 iustius
660 5168 1092 5222 concedendum
1126 5171 1216 5222 est
1248 5184 1261 5235 ;
1296 5184 1543 5237 quarum
1578 5168 1744 5239 copia
1776 5175 1952 5241 atque
1977 5171 2063 5225 di-

2174 4004 2364 4075 quoad
2397 4003 2454 4058 in
2493 4004 2680 4060 altum
2712 4006 2984 4076 pervecti,
3035 4007 3325 4063 subducta
3371 4009 3493 4078 jam
3539 4011 3699 4064 omni
3732 4010 3833 4067 illa

2173 4093 2528 4149 amanitatis
2585 4095 2797 4166 specie,
2832 4095 2888 4148 in
2940 4097 3318 4168 gravissimos
3364 4097 3570 4169 capitis
3603 4098 3832 4155 dolores

2172 4184 2462 4248 incidunt,
2485 4200 2818 4255 nauseaque
2841 4186 3052 4241 misere
3069 4186 3432 4242 divexantur.
3451 4188 3532 4241 Ad
3553 4190 3826 4245 eumdem

2173 4274 2329 4328 enim
2362 4273 2486 4344 ipse
2516 4290 2749 4344 quoque
2781 4275 3022 4330 modum
3055 4275 3115 4329 in
3139 4275 3248 4331 hac
3279 4276 3665 4344 traductione,
3689 4294 3824 4332 cum

2173 4362 2348 4434 primi
2381 4363 2575 4416 aditus
2607 4362 2881 4419 facilitate
2910 4363 3143 4419 illectus
3174 4364 3830 4437 etinescatus,juvenili

2174 4453 2429 4524 quodam
2462 4451 2640 4506 animi
2676 4453 2881 4508 ardore
2916 4469 2981 4508 ac
3004 4454 3286 4526 praecipiti
3316 4455 3536 4527 impetu
3569 4457 3829 4511 stadium

2176 4558 2359 4596 unum
2392 4545 2565 4611 atque
2591 4540 2841 4595 alterum
2874 4558 3151 4598 emensus
3182 4543 3428 4598 fuissem
3452 4545 3563 4600 :ita
3594 4549 3830 4617 repente

2173 4631 2399 4686 lubrica
2431 4629 2629 4684 omnia
2653 4646 3038 4701 gressumque
3091 4630 3372 4698 fallentia,
3433 4633 3514 4688 ita
3545 4648 3751 4704 aspera
3777 4636 3835 4688 et

2175 4721 2474 4777 salebrosa
2503 4719 2709 4789 reperi,
2743 4724 2806 4773 ut
2825 4720 3168 4791 necregredi
3194 4722 3320 4791 jam
3336 4738 3450 4792 pra
3473 4721 3830 4794 pudore,nec

2176 4809 2444 4882 progredi
2479 4808 2605 4863 sine
2636 4807 2896 4879 periculo
2931 4826 3185 4880 possem.
3217 4810 3470 4865 Tantum
3526 4810 3584 4865 in
3631 4826 3724 4865 me
3754 4815 3832 4867 te-

2176 4899 2417 4954 meritas
2450 4897 2649 4962 valuit,
2676 4915 2803 4968 qua
2827 4915 2941 4953 non
2966 4899 3164 4954 minus
3197 4916 3373 4970 quam
3407 4900 3831 4972 ebrietas,spes

2166 4989 2338 5059 jubet
2360 5003 2486 5042 esse
2518 4991 2692 5053 ratas,
2750 4986 2808 5040 in
2847 4986 3047 5059 pralia
3100 4987 3286 5043 trudit
3316 4987 3632 5043 inermem!
3670 4990 3828 5045 Iner-

2177 5095 2330 5133 mcm
2366 5077 2534 5148 plane
2572 5093 2665 5131 me
2723 5094 2852 5131 esse
2902 5077 3105 5147 fateor,
3155 5077 3309 5148 quod
3369 5077 3606 5150 quidem
3655 5078 3727 5134 ad
3773 5079 3831 5134 id

2176 5168 2402 5234 attinet,
2440 5171 2501 5220 ut
2531 5182 2662 5220 cum
2714 5170 2875 5221 tanto
2916 5166 3126 5221 Milone
3183 5171 3440 5238 quantus
3499 5173 3588 5223 est
3637 5173 3836 5224 noster

411 5255 676 5321 versitas,
711 5259 775 5310 ut
809 5256 954 5311 nihil
987 5257 1144 5311 aliud
1194 5255 1462 5311 utilitatis
1516 5257 1723 5328 pariat;
1776 5256 1884 5312 hoc
1917 5263 2069 5314 certe
2097 5267 2145 5332 D
2176 5255 2486 5328 Gregorius
2510 5255 2794 5309 facundia
2828 5256 3144 5310 certamine
3165 5256 3446 5310 dimicare
3477 5257 3836 5328 queam,exi-

413 5345 702 5400 commodi
726 5346 909 5412 affert,
945 5346 1100 5418 quod
1132 5363 1200 5400 ex
1231 5345 1488 5416 plurium
1521 5345 1905 5416 interpretum
1949 5349 2066 5402 col-

411 5431 624 5488 latione
648 5435 902 5489 auctoris
933 5435 1224 5489 sententia
1267 5434 1480 5488 clarius
1515 5433 1809 5489 elucescit.
1865 5437 1955 5490 Sic
1987 5437 2069 5491 vi-

412 5520 618 5575 demus
651 5540 683 5576 a
715 5523 924 5595 priscis
961 5523 1079 5577 illis
1138 5523 1404 5577 Ecclesia
1455 5523 1791 5579 doctoribus
1822 5523 2070 5582 libenter

407 5607 739 5667 factitatum
769 5617 992 5683 esse,ut
1014 5618 1224 5683 prater
1245 5610 1675 5668 nobilemillam
1691 5615 2066 5687 septuaginta

478 5762 522 5799 ⁸⁰
557 5763 692 5822 Luc.
725 5781 844 5838 xw,
874 5765 963 5818 28.

2179 5345 2446 5416 miasque
2474 5343 2664 5412 ipsius
2696 5344 2859 5397 dotes
2881 5343 3084 5398 Latina
3110 5344 3369 5399 oratione
3396 5350 3834 5416 reprasentare.

2177 5439 2366 5506 Atque
2397 5433 2554 5489 haud
2587 5432 2705 5488 scio
2738 5449 2810 5486 an
2843 5434 3159 5503 quisquam
3193 5433 3269 5488 sit
3298 5436 3461 5488 tanta
3489 5433 3717 5488 dicendi
3751 5433 3834 5488 fa-

2177 5524 2393 5580 cultate
2424 5539 2488 5578 ac
2520 5521 2828 5576 verborum
2850 5520 3015 5592 copia
3043 5521 3451 5593 praditus,qui
3482 5526 3600 5577 tam
3625 5521 3834 5577 uberes

2177 5618 2233 5670 et
2263 5614 2530 5686 profusas
2561 5609 2904 5682 eloquentia
2935 5627 3076 5683 opes
3096 5610 3179 5667 ita
3199 5627 3229 5666 e
3258 5611 3478 5667 Gracia
3506 5610 3565 5665 in
3602 5610 3832 5668 Latium
