4100 6406
274 411 388 473 335

1397 399 1664 462 JACOBI
1712 396 1942 458 BILLII
1989 392 2458 457 PMFATION
2466 392 2580 455 ES.

3575 393 3696 457 336

275 547 574 614 asportare
605 539 810 613 possit,
841 542 906 594 ut
937 553 1050 593 non
1078 536 1365 591 mundum
1386 528 1924 603 illisgratiaspretii-
1957 529 2008 595 Α
2041 532 2171 582 ctus
2186 525 2839 598 sum,permultaeaque
2861 526 3320 599 castigatissima
3345 527 3699 599 exemplaria

274 649 388 704 que
417 649 485 687 ex
508 629 844 700 hujusmodi
866 623 1928 691 transvectionedecedat,cogaturque

268 722 508 777 tandem
541 720 650 775 hoc
667 717 902 773 Homeri
937 733 1105 771 versu
1141 713 1249 781 uti,

446 854 732 923 Δυστήνων
766 847 823 905 δέ.
859 869 916 903 τε
952 844 1142 908 παῖδες
1187 846 1258 917 ἐῷ
1292 845 1439 918 μένει
1470 841 1746 898 ἀντιόωσι.

340 991 485 1046 Nam
519 1005 653 1044 cum
686 986 847 1041 nulla
879 985 1081 1055 lingua
1111 988 1230 1038 tam
1279 981 1448 1052 inops
1506 984 1681 1049 atque
1719 977 1928 1046 jejuna

272 1081 349 1136 sit
379 1079 519 1151 quin
554 1075 878 1150 permultas
933 1089 1101 1128 voces
1155 1070 1387 1138 habeat,
1448 1085 1574 1140 quaa
1631 1066 1689 1120 in
1749 1064 1925 1120 aliam

273 1169 533 1240 linguam
592 1167 716 1222 sine
775 1161 1019 1218 molesto
1075 1161 1379 1216 verborum
1443 1154 1689 1212 circuitu
1747 1158 1927 1224 atque

270 1256 574 1328 elegantiae
599 1253 905 1325 dispendio
936 1249 1241 1305 transferri
1299 1249 1613 1318 nequeant,
1647 1243 1787 1314 quid
1833 1242 1927 1297 hic

272 1363 405 1402 cum
460 1362 526 1400 eo
584 1349 821 1399 auctore
870 1342 1155 1411 interpres
1203 1337 1393 1406 faciet,
1454 1335 1555 1407 qui
1614 1334 1671 1388 in
1732 1332 1924 1403 copio-

268 1435 507 1491 sissima
534 1433 738 1489 acsine
768 1430 945 1486 dubio
968 1421 1929 1496 omniumlocupletissimalingua

265 1525 576 1580 verborum
600 1521 864 1593 argutias
883 1518 1274 1586 undecunque
1286 1517 1481 1585 captat
1501 1529 1512 1567 ε
1532 1514 1748 1582 utquot
1769 1510 1926 1581 ejus-

268 1612 426 1667 modi
457 1627 627 1666 voces
659 1606 908 1664 orationi
939 1605 1274 1679 asperserit,
1308 1607 1394 1658 tot
1433 1617 1579 1673 pene
1612 1615 1813 1655 cruces
1847 1599 1928 1653 in-

268 1699 513 1772 terpreti
531 1699 726 1754 ﬁxisse
746 1698 1033 1752 videatur.

336 1789 485 1855 Quid
504 1789 574 1842 de
601 1785 972 1859 prolixisillis
1000 1783 1254 1856 periodis
1269 1782 1484 1850 dicam,
1507 1795 1629 1847 qua;
1649 1783 1712 1833 ut
1731 1782 1926 1832 Graeco

267 1878 523 1936 sermoni
556 1877 627 1931 ob
661 1875 1041 1932 connectendi
1072 1872 1408 1927 facilitatem
1443 1886 1555 1923 non
1583 1884 1786 1940 parum
1803 1882 1926 1936 gra-
1959 1901 2006 1966 Β

266 1969 361 2023 tia:
386 1972 560 2038 atque
592 1964 920 2021 ornamenti
944 1964 1214 2028 afferunt,
1275 1961 1357 2014 ita
1392 1976 1524 2014 cum
1561 1958 1762 2012 Latine
1793 1957 1926 2010 etl‘e-

270 2062 500 2124 runtur,
535 2054 787 2110 nimium
819 2054 916 2108 diu
942 2045 1924 2122 suspensumlectorisanimumte-

269 2150 542 2212 nent,nec
569 2145 696 2198 sine
727 2143 977 2212 quodam
1010 2139 1247 2194 fastidio
1278 2133 1927 2192 transmittuntur.Jam

268 2249 404 2289 vero
435 2231 791 2287 brevissima»
823 2229 938 2284 illae
965 2228 1281 2284 allusiones
1315 2242 1441 2296 quae
1472 2229 1593 2279 toto
1615 2239 1788 2294 opere
1818 2238 1925 2276 un-

273 2322 451 2392 dique
484 2338 698 2392 sparew
732 2324 890 2385 sunt,
933 2335 1109 2390 quam
1142 2320 1430 2371 attentum
1464 2331 1530 2369 ac
1561 2313 1926 2384 diligentem,

276 2427 454 2481 quam
489 2427 604 2464 non
629 2410 802 2463 modo
833 2406 1033 2462 multis
1064 2404 1352 2471 lectionis,
1385 2403 1486 2458 sed
1519 2401 1694 2457 etiam
1720 2400 1925 2469 felicis,

275 2499 585 2570 cujusdam
618 2497 909 2553 memorias
957 2495 1333 2567 interpretem
1369 2492 1695 2564 requirunt,
1730 2495 1930 2561 utpote

276 2606 402 2661 qua)
435 2589 520 2644 vel
555 2588 832 2661 ignorata
865 2585 952 2642 vel
985 2583 1293 2656 neglectim
1325 2587 1704 2648 transcursa,
1735 2585 1930 2634 tantas

272 2693 698 2749 nonnunquam
733 2671 1672 2747 interpretitenebrasoffundunt,
1707 2667 1932 2740 utpsit-

271 2767 384 2823 taci
418 2781 576 2821 more
608 2765 748 2836 quid
779 2765 1055 2836 loquatur
1074 2763 1484 2832 nesciatatque
1517 2757 1931 2814 utlobiverbis

273 2861 429 2921 utar,
460 2852 656 2913 ἄλλοις
683 2854 923 2927 νήχηται
957 2849 1176 2924 λόγοις,
1208 2866 1387 2921 seque
1437 2849 1595 2904 velut
1649 2849 1707 2902 in
1741 2847 1930 2902 alieno

279 2944 422 3000 coelo
450 2959 579 2998 esse
620 2943 936 2998 arbitretur
967 2946 988 2996 Ρ
1020 2943 1099 2995 Ex
1131 2957 1246 3011 quo
1266 2938 1410 2994 satis
1443 2941 1684 3009 apparet
1715 2936 1931 3007 quibus

277 3032 566 3105 prasidiis
597 3033 951 3086 instructum
971 3046 1103 3084 eum
1127 3046 1255 3084 esse
1284 3031 1567 3098 oporteat,
1603 3026 1703 3097 qui
1737 3026 1793 3079 in
1822 3024 1932 3079 hu-

274 3121 540 3192 jusmodi
563 3119 797 3192 scriptis
819 3119 1242 3175 transferendis
1256 3117 1551 3188 specimen
1570 3115 1659 3170 sui
1682 3114 1935 3185 praebere

280 3211 460 3283 cupit.
513 3215 637 3265 Huc
696 3208 938 3272 accedit,
985 3209 1140 3278 quod
1202 3206 1555 3277 peculiarem
1616 3204 1934 3274 quamdam

2039 618 2099 671 in
2141 614 2553 670 illustrissimae
2613 617 2826 687 reginae
2878 617 3232 672 bibliotheca
3261 634 3411 687 esse,
3446 634 3696 688 quorum

2036 722 2144 776 ope
2166 710 2341 774 atque
2372 706 2713 774 adjumento
2737 706 3168 760 insanabilibus
3192 705 3410 777 alioqui
3443 706 3697 762 vulneri-

2037 794 2148 848 bus
2183 793 2533 848 medicinam
2569 794 2771 849 alTerre
2804 812 3058 865 possem.
3103 797 3226 860 Quo
3263 796 3469 851 nuntio
3519 813 3699 867 supra

2037 899 2213 954 quam
2245 883 2354 936 dici
2391 889 2566 953 queat
2587 883 2931 952 oblectatus,
2961 901 3061 955 per
3082 884 3490 940 doctissimum
3521 892 3699 956 atque

2037 971 2534 1026 humanissimum
2555 972 2742 1025 virum
2781 973 3132 1028 Ludovicum
3155 975 3695 1045 Rusmum,regium

2037 1061 2452 1130 confessorem,
2489 1061 2644 1115 haud
2679 1078 2891 1132 magno
2925 1064 3154 1133 negotio
3210 1080 3243 1117 a
3275 1063 3475 1135 regina
3508 1064 3694 1134 impe-

2035 1149 2201 1220 travi,
2237 1153 2299 1203 ut
2330 1149 2475 1203 mihi
2505 1148 2697 1204 liceret
2731 1150 2988 1206 codicem
3027 1168 3210 1206 unum
3235 1154 3362 1223 (nec
3392 1151 3547 1207 enim
3572 1151 3697 1224 plu-

2037 1256 2131 1294 res
2162 1237 2338 1294 simul
2364 1255 2538 1309 passa
2568 1239 2679 1309 est)
2711 1255 2778 1294 ex
2835 1240 3024 1311 ipsius
3081 1240 3433 1296 bibliotheca
3459 1257 3692 1296 mecum

2036 1330 2257 1385 efferre.
2277 1330 2407 1385 Tuli
2422 1331 2601 1403 igitur
2621 1331 3057 1400 amplissimum
3077 1332 3332 1388 codicem
3346 1333 3697 1404 capitalibus

2035 1419 2248 1475 litteris
2279 1424 2603 1487 exaratum,
2653 1425 2880 1475 tantum
2940 1421 3310 1492 antiquitatis
3342 1439 3457 1494 prae
3508 1439 3570 1477 se
3614 1422 3694 1477 fe-

2037 1515 2282 1576 rentem,
2320 1515 2384 1564 ut
2416 1508 2603 1580 ipsius
2628 1511 3052 1580 propemodum
3070 1511 3330 1582 Gregorii
3355 1515 3525 1566 aetate
3558 1511 3699 1567 scri-

2036 1603 2172 1670 ptus
2205 1615 2332 1653 esse
2362 1599 2659 1652 videretur
2693 1616 2705 1653 :
2740 1598 3086 1669 qui,pra=.-ter
3109 1600 3694 1670 epistolasetversus,

2036 1689 2234 1744 omnia
2266 1689 2453 1759 ipsius
2475 1707 2651 1760 opera
2683 1691 3035 1746 continebat.
3081 1694 3260 1757 Quem
3294 1709 3427 1746 cum
3460 1691 3692 1761 paucis-

2037 1778 2204 1832 simis
2237 1779 2445 1832 diebus
2477 1779 2804 1834 incredibili
2853 1780 3145 1835 celeritate
3194 1781 3593 1852 perlegissem,
3628 1797 3696 1835 ex

2037 1883 2220 1936 eoque
2252 1867 2562 1922 innumera
2592 1868 2718 1923 loca
2749 1886 2877 1940 quae
2910 1871 2967 1924 in
2999 1871 3287 1941 impresso
3315 1870 3517 1924 vitiose
3542 1869 3695 1939 lege-

2039 1955 2274 2023 bantur,
2311 1956 2630 2028 integritati
2667 1974 2788 2012 suae
2844 1958 3256 2026 restituissem,
3319 1959 3519 2014 statim
3561 1974 3696 2012 eum

2038 2043 2293 2098 Athenas
2326 2046 2462 2115 (quo
2496 2046 2651 2100 enim
2676 2046 2788 2101 alio
2804 2046 3037 2101 nomine
3059 2047 3520 2118 incomparabile
3550 2047 3695 2101 illud

2038 2133 2324 2187 bonarum
2357 2134 2618 2190 omnium
2650 2135 2976 2190 litterarum
3001 2137 3484 2208 gazophylacium
3501 2134 3696 2207 appel-

2037 2221 2150 2276 lem
2175 2221 2202 2276 ‘I
2232 2223 2247 2292 )
2280 2223 2645 2278 referendum
2662 2225 2861 2291 habui,
2886 2231 2951 2280 ut
2971 2225 3219 2280 alterum
3252 2226 3545 2297 exemplar
3565 2227 3696 2280 inde

2039 2327 2246 2366 rursus
2277 2313 2588 2366 auferrem.
2629 2317 2684 2366 ln
2711 2312 2818 2367 hoc
2853 2315 3146 2369 sexdecim
3181 2313 3691 2370 duntaxatoratio-

2041 2407 2347 2468 neserant,
2381 2402 2745 2458 doctissimis
2783 2403 2998 2459 Nicetae
3053 2405 3307 2459 Serronii
3342 2409 3695 2459 commenta-

2039 2489 2144 2544 riis
2168 2489 2492 2560 illustrem,
2526 2491 2762 2547 intextis
2779 2493 2952 2547 etiam
2969 2493 3323 2564 quibusdam
3347 2493 3520 2548 Pselli
3538 2510 3699 2548 enar-

2041 2579 2370 2634 rationihus
2402 2579 2460 2634 in
2495 2581 2834 2636 obscuriora
2867 2580 2992 2636 loca
3023 2583 3292 2637 secundm
3320 2581 3600 2637 orationis
3625 2586 3700 2638 De

2039 2667 2454 2731 Pascha!e.Quo
2491 2669 2727 2740 quidem
2767 2670 3062 2726 volumine
3090 2688 3221 2726 cum
3240 2670 3698 2741 mihiproanimi

2043 2756 2328 2811 arbitratu
2363 2757 2448 2812 uti
2483 2757 2702 2824 liceret,
2739 2777 2852 2814 non
2887 2761 3054 2815 modo
3090 2761 3159 2815 ad
3202 2776 3268 2815 ea
3297 2777 3425 2830 quae
3459 2759 3696 2814 inchoa-

2041 2861 2234 2899 veram
2252 2863 2314 2900 ac
2345 2845 2618 2919 velutpro
2641 2848 2931 2904 derelictis
2949 2849 3694 2920 habebam,prosequenda,

2043 2935 2140 2989 sed
2178 2935 2246 2988 ad
2285 2952 2350 2989 ea
2391 2936 2562 2991 etiam
2598 2953 2727 3008 quae
2764 2938 2995 2992 Nicetas
3047 2943 3478 2992 commentatus
3514 2941 3701 2994 fuerat

2044 3023 2304 3078 Romano
2338 3043 2605 3080 sermone
2629 3027 2900 3081 donanda
2933 3045 3022 3082 me
3055 3027 3296 3082 accinxi.
3334 3027 3449 3082 Nec
3480 3028 3637 3084 enim
3670 3046 3703 3084 a

2044 3112 2298 3183 publicis
2327 3115 3056 3171 commodisalienumfore
3079 3115 3300 3186 putavi,
3321 3117 3370 3170 si
3402 3133 3700 3172 commen-

2044 3205 2200 3256 tator
2233 3203 2427 3258 Latine
2450 3203 2798 3273 loqueretur,
2824 3205 2924 3275 qui
2946 3209 3207 3260 Graecum
3233 3205 3529 3260 hominem
3550 3210 3700 3260 Grae-

284 3273 546 3372 phrasim
580 3298 756 3353 habet
801 3273 1136 3368 Gregorius,
1196 3273 1647 3349 disertissimam
1695 3291 1932 3363 quidem
1967 3273 2008 3338 (Σ
2048 3308 2152 3346 cus
2183 3292 2308 3361 ipse
2338 3273 3151 3363 interpretandum—duxisset.
3188 3295 3346 3357 Quod
3368 3299 3560 3348 autem
3586 3311 3696 3348 nou

283 3389 448 3446 illam
481 3392 654 3459 atque
688 3387 746 3441 in
780 3386 987 3458 primis
1011 3383 1446 3451 eruditam,sed
1480 3399 1606 3453 quae
1623 3380 1940 3451 velperspi-

287 3477 629 3533 cacissimos
654 3473 989 3546 interpretis
1015 3472 1212 3528 oculos
1234 3487 1634 3542 saepenumero
1656 3468 1938 3541 perstrin-

286 3570 404 3640 gat,
439 3570 506 3620 ut
537 3564 650 3620 nisi
681 3580 976 3620 summam
1026 3578 1227 3617 curam
1260 3559 1939 3628 animadversionemque

286 3655 639 3720 adhibuerit,
669 3653 1167 3725 quemadmodum
1202 3651 1358 3705 Ixion
1391 3648 1489 3703 ille
1530 3665 1634 3719 pro
1665 3648 1938 3702 adamata

278 3743 508 3800 Junone
541 3744 778 3807 nubem,
804 3741 886 3796 sic
914 3740 1038 3812 ipse
1070 3755 1171 3810 pro
1201 3755 1336 3792 vera
1365 3737 1621 3792 auctoris
1647 3735 1936 3791 sententia

277 3850 395 3888 non
429 3832 540 3888 nisi
573 3831 757 3886 levem
789 3830 1108 3902 quamdam
1131 3833 1187 3883 et
1211 3826 1447 3882 inanem
1478 3827 1936 3882 verborumum-

279 3922 448 3977 bram
481 3920 886 3993 amplectatur.
929 3919 998 3975 Ut
1054 3918 1208 3972 enim
1269 3915 1485 3970 Daedali
1543 3921 1788 3976 statuas,
1823 3914 1936 3970 nisi

279 4008 900 4066 ﬁrmissimisvinculis
927 4008 1408 4077 astringerentur,
1422 4008 1616 4076 fugam
1646 4004 1936 4075 corripere

280 4099 483 4155 solitas
515 4115 643 4154 esse
691 4098 895 4154 scribit
925 4096 1082 4150 Plato
1119 4114 1131 4151 :
1168 4095 1244 4148 ita
1290 4112 1604 4167 germanus
1654 4093 1933 4165 Theologi

281 4205 493 4244 sensus
523 4187 632 4242 nisi
659 4185 991 4241 arctissima
1020 4183 1340 4238 attentione
1374 4200 1439 4237 ac
1474 4181 1777 4253 diligentia
1807 4182 1931 4235 vin-

277 4277 487 4344 ciatur,
522 4275 828 4347 interpreti
879 4273 1048 4344 quasi
1089 4273 1159 4326 de
1192 4271 1462 4325 manibus
1494 4270 1761 4325 elabitur.
1797 4271 1931 4333 Quae

279 4364 478 4421 omnia
508 4381 641 4419 cum
675 4379 767 4419 me
807 4361 974 4417 miris
1024 4361 1213 4416 modis
1269 4359 1564 4423 torserint,
1597 4364 1726 4414 tum
1782 4359 1930 4413 illud

279 4452 450 4526 longe
480 4452 883 4509 vehementius
907 4451 1172 4507 animum
1194 4448 1564 4514 excruciavit,
1597 4449 1750 4519 quod
1788 4448 1926 4502 Her—

277 4543 565 4616 vagianus
599 4543 796 4609 codex,
828 4541 927 4613 qui
968 4557 1122 4596 unus
1154 4538 1519 4610 suppetebat,
1573 4542 1658 4592 tot
1688 4542 1929 4608 tamque

275 4633 443 4690 fcedis
473 4633 770 4688 erroribus
791 4632 1072 4699 scatebat,
1092 4633 1157 4684 ut
1173 4629 1244 4684 ad
1281 4628 1386 4683 hoc
1407 4627 1603 4698 Augiaa
1627 4627 1925 4682 stabulum
1959 4650 2005 4713 D

271 4724 711 4796 repurgandum
743 4738 857 4776 non
893 4737 1009 4776 uno
1042 4718 1285 4774 Hercule
1340 4734 1490 4789 cpus
1547 4721 1718 4771 esset.
1754 4715 1927 4772 Nulla

271 4813 475 4881 oratio,
499 4812 661 4867 nulla
693 4810 1113 4884 propemodum
1147 4807 1361 4880 pagina
1392 4805 1755 4877 gravissimis
1771 4821 1926 4860 men-

271 4901 362 4957 dis
391 4904 666 4969 vacabat;
701 4897 1081 4970 ὁλοσώματος,
1132 4901 1197 4951 ut
1246 4897 1326 4950 ita
1372 4895 1586 4962 dicam,
1647 4899 1770 4949 erat
1803 4893 1923 4948 haec

268 4990 458 5062 plaga.
508 4990 787 5054 Quocirca
845 5005 980 5044 cum
1031 4983 1348 5058 deploratis
1381 4985 1599 5038 morbis
1635 4984 1922 5039 medicam

271 5094 517 5133 manum
547 5079 856 5134 admovere
886 5075 1097 5132 medici
1132 5079 1345 5142 vetent,
1401 5088 1472 5127 ne
1528 5073 1653 5143 ipse
1685 5073 1920 5142 quidem

267 5182 510 5223 causam
543 5166 723 5221 ullam
753 5184 882 5222 esse
915 5164 1131 5238 putavi,
1163 5162 1370 5218 cumin
1401 5165 1522 5215 tam
1545 5165 1918 5233 corrupioat-

266 5271 380 5326 que
411 5257 727 5311 insanabili
753 5255 948 5311 codice
971 5254 1195 5310 diutius
1236 5267 1328 5307 me
1361 5249 1521 5306 inani
1555 5249 1750 5306 labore
1780 5267 1917 5306 con-

263 5346 518 5399 ficerem.

337 5433 650 5504 Tantisper
691 5433 887 5502 itaque
916 5433 1063 5487 mihi
1096 5433 1168 5488 ab
1199 5431 1431 5501 incepta
1456 5428 1719 5483 versione
1750 5429 1912 5500 quie-

265 5525 381 5582 tem
414 5520 714 5595 imperavi,
749 5521 943 5591 quoad
976 5523 1046 5578 ab
1080 5520 1268 5576 amico
1309 5517 1566 5590 quodam
1597 5519 1808 5575 certior
1831 5519 1918 5574 fa-

336 5736 447 5823 (76)
480 5733 665 5812 Soph,
690 5731 866 5806 Ajac.,
895 5744 1042 5789 vers.
1074 5733 1200 5791 878.

2050 3397 2255 3436 omnes
2278 3383 2406 3451 ejus
2438 3385 2910 3449 commentarios,
2947 3385 3045 3439 sed
3077 3401 3177 3438 eos
3221 3383 3433 3449 solum,
3467 3399 3613 3454 quos
3639 3383 3698 3436 in

2049 3472 2429 3543 panegyricas
2462 3472 2753 3527 orationes
2783 3472 3067 3541 ediderat,
3097 3473 3155 3527 in
3199 3477 3384 3527 totum
3419 3471 3700 3538 converti,
3777 3520 3789 3524 _

2048 3557 2157 3613 hoc
2190 3577 2304 3614 non
2336 3565 2455 3614 tam
2482 3559 2697 3615 laboris
2724 3562 2979 3633 fugiendi
3000 3579 3178 3616 causa
3193 3562 3318 3628 feci,
3348 3578 3522 3632 quam
3545 3562 3702 3633 quod

2044 3663 2291 3718 vererer,
2322 3666 2392 3704 ne
2423 3649 2607 3704 nimia
2637 3649 2756 3704 haec
2789 3655 2986 3705 nostra
3007 3649 3294 3705 sedulitas
3314 3651 3446 3721 plus
3475 3649 3579 3704 tibi
3603 3655 3703 3704 tae-

2047 3736 2126 3790 dii
2161 3755 2335 3808 quam
2370 3738 2639 3793 utilitatis
2697 3739 2947 3794 afferret.
3008 3739 3099 3793 Sic
3157 3739 3355 3809 itaque
3404 3739 3701 3810 negotium

2045 3827 2385 3898 temperavi,
2421 3832 2484 3881 ut
2505 3844 2601 3882 eas
2635 3827 2872 3899 quidem
2904 3827 3324 3893 enarrationes,
3350 3844 3481 3898 quae
3511 3828 3581 3882 ad
3610 3845 3699 3883 re-

2045 3931 2174 3970 rum
2219 3916 2412 3986 potius
2444 3934 2619 3987 quam
2653 3918 2960 3972 verborum
3007 3915 3457 3987 explicationem
3519 3918 3706 3972 facere

2043 4005 2567 4074 videbantur,totas
2594 4007 2822 4061 Latinas
2856 4007 3137 4060 facerem:
3173 4006 3328 4060 exiis
3353 4010 3547 4060 autem
3576 4022 3702 4077 quae

2045 4110 2158 4147 non
2184 4099 2302 4148 tam
2338 4095 2599 4166 resipsas
2617 4097 3005 4167 exponebant,
3032 4112 3211 4166 quam
3237 4096 3706 4150 orationisverha

2042 4180 2174 4236 aliis
2206 4184 2396 4238 verbis
2429 4185 2852 4255 exprimebant,
2893 4185 3209 4239 utilissima
3240 4189 3470 4238 tantum
3503 4200 3701 4237 excer-

2042 4289 2262 4343 perem,
2296 4273 2541 4344 atquein
2576 4275 2934 4329 scholiorum
2971 4276 3216 4329 formam
3240 4271 3700 4344 redigerem.Ubi

2042 4361 2216 4415 etiam
2251 4361 2450 4432 siquid
2488 4363 2924 4431 mihioccurrit,
2958 4364 3110 4435 quod
3131 4360 3696 4431 Nicetaaexpositioni

2039 4467 2154 4506 non
2187 4451 2556 4507 incommode
2588 4451 3335 4525 adjicipossevideretur,id
3369 4451 3700 4522 quoqueiu-

2039 4557 2230 4595 serere
2261 4558 2375 4596 non
2409 4541 2700 4596 dubitavi:
2736 4541 2906 4597 afﬁxo
2923 4545 3118 4597 tamen
3152 4542 3268 4597 fere
3300 4556 3526 4610 semper
3547 4543 3696 4596 aste-

2039 4629 2208 4697 risco,
2243 4637 2309 4684 ut
2341 4636 2540 4685 nostra
2571 4649 2602 4684 a
2624 4630 2921 4686 Nicetanis
2969 4631 3199 4685 facilius
3233 4630 3696 4685 internocantur.

2036 4720 2193 4784 Quod
2212 4720 2448 4790 quidem
2464 4719 2774 4773 consilium
2793 4724 3056 4775 nostrum
3081 4718 3370 4774 tibifacile
3388 4719 3698 4790 probatum

2033 4807 2103 4861 iri
2133 4809 2380 4863 confido.
2418 4814 2604 4878 Atque
2636 4808 2730 4862 hic
2763 4824 2996 4880 quoque
3030 4824 3226 4861 verum
3279 4823 3408 4862 esse
3441 4821 3699 4877 comperi

2034 4898 2187 4968 quod
2220 4897 2524 4969 proverbio
2554 4901 2748 4952 Graeco
2783 4899 2996 4952 dicitur
3043 4897 3176 4968 (76),
3203 4893 3376 4955 Πόνος
3407 4893 3561 4965 πόνῳ
3593 4893 3694 4948 πό-

2031 5005 2118 5038 νον
2153 4986 2320 5061 φέρει.
2357 4986 2599 5042 Utenim
2635 4986 2862 5057 primus
2887 4986 2982 5041 ille
3013 4986 3378 5057 Gregoriane
3411 4985 3698 5040 versionis

2029 5074 2196 5131 labor
2226 5076 2470 5130 alterum
2513 5075 2772 5130 laborem
2805 5077 3124 5148 suscipere,
3159 5075 3269 5130 hoc
3301 5072 3693 5138 est,Nicetam

2032 5164 2252 5220 Latinis
2285 5164 2528 5220 auribus
2559 5165 2832 5220 exhibere
2869 5181 2958 5220 me
2990 5165 3216 5236 coegit:
3269 5163 3349 5216 ita
3392 5161 3691 5217 secundus

2028 5253 2123 5309 hic
2155 5254 2338 5323 labor,
2373 5255 2541 5324 quasi
2567 5255 2806 5326 quidam
2831 5256 3174 5329 Eurysteus,
3210 5251 3354 5308 mihi
3381 5249 3692 5306 novilabo-

2027 5343 2110 5398 ris
2141 5344 2500 5415 suscipiendi
2533 5345 2944 5400 necessitatem
2963 5340 3614 5414 imposuit.Venitenim
3633 5340 3692 5397 in

2029 5438 2286 5487 mentem
2315 5433 2748 5488 subverendum
2778 5450 3007 5502 esse,ne
3030 5450 3238 5504 parum
3263 5431 3374 5487 sibi
3399 5432 3694 5485 constaret

2027 5521 2123 5580 hic
2155 5527 2354 5578 noster
2383 5521 2565 5594 labor,
2595 5523 2646 5580 si
2675 5523 3030 5596 quibusdam
3065 5523 3454 5595 orationibus,
3473 5518 3692 5596 partim
