4100 6398
426 408 543 470 337

1546 406 1819 471 JACOBI
1863 405 2097 468 BILLII
2144 402 2740 467 PRIEFATIONES.

3740 403 3863 467 338

423 540 815 598 contractiore
836 539 1214 612 expositione,
1247 542 1457 613 partim
1480 542 1710 613 integro
1732 545 2090 599 commenta-
2116 542 2171 607 Α
2201 539 2436 594 bricatm
2468 539 2665 594 futura
2696 542 2854 605 sunt,
2888 542 3063 610 atque
3110 543 3176 595 ut
3221 538 3400 596 Graeci
3454 539 3655 595 aiunt:
3691 535 3856 594 Οὐδὲν

420 632 505 687 rio
523 629 877 702 explanatis,
913 628 1152 701 reliquae
1185 630 1339 686 velut
1372 633 1561 688 notha:
1590 633 1717 689 sine
1749 632 1866 689 ullo
1898 648 2080 687 anno-

419 721 717 777 tationum
743 719 1017 775 comitatu
1047 720 1363 791 prodirent,
1392 740 1525 777 cum
1550 726 1748 778 tamen
1772 722 1911 794 ipsa:
1935 738 2080 793 quo-

419 827 536 883 que
568 809 974 882 compluribus
1005 809 1148 865 locis
1178 810 1376 867 lumen
1410 812 1649 885 aliquod
1678 810 2080 885 explicationis

419 900 577 955 haud
611 900 786 954 dubie
818 899 1166 971 ﬂagitarent.

490 990 638 1061 Ergo
672 988 727 1042 in
765 988 867 1043 has
900 989 1073 1043 etiam
1115 988 1339 1045 scholia
1387 990 1747 1057 elucubravi,
1782 988 2077 1061 prolixita~

413 1082 529 1134 tem
568 1078 785 1148 ubique
816 1082 1101 1148 quantum
1138 1077 1302 1133 licuit
1333 1079 1559 1135 vitans:
1600 1085 1661 1135 ut
1691 1081 1739 1136 si
1788 1080 1931 1135 forte
1977 1079 2074 1133 Ni-

413 1173 551 1223 cetas
586 1166 991 1238 interpretatio
1023 1168 1349 1238 prolixitate
1381 1169 1579 1240 aliqua
1606 1170 1867 1224 animum
1905 1174 2072 1223 tuum

406 1256 705 1312 interdum
737 1256 1126 1323 suboﬁ‘endat,
1152 1258 1273 1313 haac
1298 1258 1566 1314 molestia
1588 1258 1942 1315 scholiorum
1968 1276 2071 1313 no-

406 1354 665 1402 strorum
697 1344 979 1400 brevitate
1026 1345 1306 1402 diluatur.
1358 1347 1438 1403 De
1479 1348 1696 1419 quibus
1729 1348 1872 1403 nihil
1909 1348 2069 1403 aliud

409 1436 627 1503 dicam,
661 1434 773 1490 nisi
806 1451 901 1490 me
930 1451 1166 1491 summa
1196 1453 1337 1491 cura
1376 1436 1799 1509 diligentiaque
1830 1441 2067 1492 conten-

410 1524 591 1594 disse,
626 1528 690 1579 ut
714 1523 809 1579 hic
839 1528 1043 1580 auctor
1071 1523 1370 1597 aliquanto
1401 1526 1611 1581 clarior
1641 1530 1696 1581 et
1725 1524 1979 1598 apertior
2006 1524 2067 1580 in

406 1629 622 1669 manus
641 1618 775 1668 tuas
796 1612 1139 1686 perveniret.
1164 1614 1362 1685 Adieci
1386 1619 1669 1687 presteres
1689 1615 1812 1671 Non
1823 1615 1877 1669 ni
1897 1630 2069 1686 Opus-

402 1701 629 1771 culum,
663 1717 780 1775 quo
810 1701 1085 1774 profanas
1130 1702 1408 1759 historias
1439 1708 1497 1759 et
1549 1703 1775 1759 fabulas
1806 1702 2064 1775 exponit,

397 1790 470 1847 de
502 1791 724 1862 quibus
756 1790 816 1845 in
840 1790 1146 1847 Invectivis
1178 1792 1461 1848 adversus
1490 1791 1793 1848 Julianum
1826 1795 2065 1866 Aposta-

396 1878 910 1981 tamﬁmentionem
944 1880 1081 1935 facit
1101 1880 1416 1953 Gregorius
1440 1900 1453 1949 ;
1480 1882 1636 1954 quod
1662 1884 1841 1937 etiam
1864 1882 2061 1955 ipsum
2091 1915 2139 1981 B

402 1969 472 2025 de
503 1968 697 2025 Graeco
728 1969 787 2025 in
820 1969 1091 2025 Latinum
1123 1973 1536 2026 convertimus.
1566 1970 1713 2027 Illud
1746 1976 1941 2027 autem
1965 1988 2059 2027 ve-

398 2057 532 2129 lim,
553 2058 696 2114 mihi
721 2059 911 2114 fraudi
937 2076 1008 2115 ne
1029 2060 1127 2128 sit,
1156 2062 1309 2132 quod
1338 2059 1526 2116 multa
1550 2060 1677 2117 loca
1708 2061 1933 2116 Veteris
1952 2062 2057 2117 Te-

397 2148 672 2202 stamenti
708 2147 875 2202 aliter
902 2147 1067 2213 verti,
1103 2165 1280 2219 quam
1315 2148 1373 2202 in
1412 2148 1658 2219 Vulgata
1689 2148 2058 2204 traductione

393 2236 743 2293 habeantur.
765 2237 908 2291 Nam
935 2253 1069 2291 cum
1090 2237 1231 2291 mihi
1256 2254 1389 2292 cum
1413 2254 1479 2291 eo
1502 2237 1736 2292 homine
1764 2253 1855 2292 res
1876 2242 2053 2305 esset,

393 2326 494 2398 qui
524 2344 639 2382 non
668 2326 784 2382 alia
827 2342 1003 2398 quam
1056 2326 1198 2381 LXX
1248 2327 1639 2399 Interpretum
1672 2326 2054 2381 translatione

395 2420 680 2483 uteretur,
714 2415 908 2471 decuit
941 2432 1034 2471 me
1066 2416 1345 2488 profecto,
1370 2415 1483 2471 imo
1506 2416 1743 2471 omnino
1770 2416 2050 2489 Oportuit,

396 2502 581 2575 ipsius
603 2505 862 2576 vestigiis
883 2505 941 2560 in
964 2505 1226 2561 versione
1246 2522 1375 2561 mea
1392 2505 1685 2572 insistere,
1706 2510 1878 2575 atque
1898 2522 2053 2561 eam-

396 2590 530 2645 dem
563 2591 1006 2647 translationem
1040 2593 1229 2664 sequi.
1259 2592 1490 2664 Alioqui
1516 2592 1841 2648 innumeris
1873 2609 2053 2665 prope

394 2678 537 2735 locis
570 2694 673 2734 nec
706 2679 962 2752 Gregorii
994 2681 1299 2753 explicatio
1347 2698 1482 2737 cum
1526 2682 1835 2753 Scriptura
1866 2686 2047 2749 textu,

393 2785 498 2825 nec
524 2768 735 2824 Nicetes
780 2769 1061 2842 expositio
1103 2787 1237 2827 cum
1283 2771 1565 2844 Gregorii,
1619 2771 2050 2844 Scripturaeque

388 2858 582 2914 verbis
615 2857 735 2913 ullo
767 2861 941 2915 modo
973 2861 1359 2931 quadrasset;
1391 2877 1591 2916 verum
1616 2860 1772 2915 aliud
1804 2861 2049 2931 tibia,ut

391 2948 564 3019 vulgo
593 2948 707 3002 dici
739 2948 905 3019 solet,
942 2950 1266 3020 cecinisset,
1300 2950 1459 3006 aliud
1495 2966 1595 3021 pes
1627 2950 1919 3006 saltasset.

466 3037 593 3092 Hzec
616 3054 679 3093 su
692 3042 775 3103 nt,
796 3039 1020 3105 Lector,
1045 3056 1169 3111 qua;
1193 3040 1262 3095 ad
1284 3040 1349 3094 D.
1375 3039 1657 3112 Gregorii,
1677 3039 1797 3094 imo
1820 3040 1891 3094 ad
1910 3044 2049 3095 tem-

387 3127 474 3199 pli
508 3128 621 3197 Dei,
656 3129 826 3200 cujus
865 3127 962 3183 ille
1000 3128 1151 3201 lapis
1183 3129 1347 3184 vivus
1389 3129 1516 3200 fuit,
1549 3128 1981 3185 exornationem
2013 3147 2048 3186 a

386 3218 560 3273 nobis
592 3217 801 3273 collata
834 3222 1013 3273 sunt:
1066 3235 1192 3289 quae
1243 3218 1289 3273 si
1347 3220 1419 3274 ad
1464 3219 1677 3275 virium
1710 3225 2043 3276 nostrarum

2194 627 2222 681 ὀ
2258 627 2447 703 βωμὸς
2478 628 2615 702 πρὸς
2644 628 2706 681 τὸ
2746 626 2917 697 ἱερόν.
2970 628 3223 701 ingenue
3272 630 3427 684 enim
3475 633 3532 685 et
3576 629 3702 684 sine
3734 628 3853 685 ullo

2190 719 2501 773 verborum
2523 719 2651 773 fuco
2676 718 2878 786 fateor,
2902 722 3130 773 tantum
3152 717 3304 773 inter
3323 718 3586 774 Graacum
3610 718 3855 774 Nazian-

2188 824 2399 862 zenum
2432 813 2488 863 et
2520 815 2777 863 nostram
2812 807 3136 863 versionem
3165 807 3470 874 interesse,
3500 811 3563 861 ut
3594 806 3642 863 si
3675 824 3767 863 res
3788 808 3849 864 in

2188 896 2620 952 contentionem
2644 895 2857 964 veniat,
2883 914 2996 951 non
3023 896 3210 967 magis
3234 896 3355 951 haec
3375 897 3446 951 ad
3472 895 3631 951 illius
3652 896 3847 969 splen-

2187 985 2412 1053 dorem,
2464 1004 2641 1058 quam
2692 991 2905 1041 noctua
2945 987 3015 1041 ad
3060 986 3413 1041 meridianos
3462 986 3604 1041 solis
3653 987 3847 1043 radios

2186 1076 2503 1131 consistere
2536 1075 2740 1146 possit.
2766 1075 2873 1130 Sed
2898 1092 3032 1130 cum
3056 1075 3324 1130 Christus
3354 1076 3471 1130 duo
3501 1074 3602 1130 illa
3635 1092 3847 1148 paupe-

2184 1164 2265 1218 ris
2288 1165 2378 1219 vid
2392 1184 2474 1219 uae
2500 1164 3141 1234 minuta,amplissimis
3163 1165 3340 1220 etiam
3364 1164 3613 1220 divitum
3640 1182 3846 1221 mune-

2183 1254 2367 1321 ribus,
2426 1271 2555 1325 quae
2613 1270 2791 1325 opum
2854 1254 3088 1308 nonnisi
3156 1250 3580 1328 περισσεύματα,
3642 1258 3717 1325 et,
3779 1259 3845 1310 ut

2181 1342 2372 1399 Plauti
2404 1344 2577 1399 verbo
2609 1348 2759 1413 utar,
2796 1342 3182 1415 praesegmina
3212 1342 3476 1415 quaedam
3505 1346 3693 1413 erant,
3710 1342 3842 1415 plu-

2179 1432 2261 1488 ris
2291 1431 2632 1488 aestimarit:
2668 1432 2839 1487 debet
2869 1432 3125 1504 profecto
3176 1431 3284 1487 tibi
3339 1448 3573 1503 quoque
3602 1436 3837 1501 gratum

2176 1537 2307 1577 esse
2333 1520 2396 1575 τὸ
2426 1521 2564 1575 κατὰ
2603 1516 2854 1593 δύναμιν·
2896 1519 3030 1576 licet
3076 1518 3231 1576 enim
3264 1520 3373 1575 hoc
3403 1518 3529 1575 loco
3574 1521 3836 1594 Gregorii

2176 1610 2362 1666 nostri
2377 1612 2552 1666 verba
2570 1625 2875 1681 usurpare.
2909 1608 3286 1682 Iniquaenim
3305 1625 3547 1681 prorsus
3565 1609 3709 1665 mihi
3731 1609 3837 1666 abs

2175 1702 2233 1755 te
2264 1699 2454 1771 gratia
2484 1699 2854 1771 repcndetur,
2888 1698 2938 1754 si
2983 1716 3086 1771 pro
3127 1701 3289 1754 tanto
3331 1697 3529 1754 labore
3559 1698 3835 1756 utilitatis

2174 1791 2292 1844 tua
2321 1805 2501 1844 causa
2530 1792 2828 1861 suscepto,
2859 1787 3007 1844 nihil
3056 1787 3215 1843 aliud
3248 1804 3424 1859 quam
3457 1787 3831 1844 obtrectatio-

2174 1893 2309 1933 nem
2338 1877 2677 1951 laborisque
2697 1877 2875 1933 nostri
2891 1876 3367 1950 suggillationem
3386 1877 3833 1948 referasgLonge

2171 1967 2326 2022 enim
2356 1967 2583 2040 aequius
2616 1984 2682 2022 ac
2712 1966 3044 2022 Christiano
3076 1966 3313 2022 homine
3352 1965 3590 2039 dignius
3620 1971 3709 2022 est
3756 1968 3829 2024 ob

2170 2056 2357 2113 multa
2373 2058 2520 2113 bene
2548 2057 2706 2113 dicta
2736 2057 2806 2112 ad
2823 2057 3091 2128 quaedam
3106 2062 3294 2111 errata
3312 2055 3827 2128 connivere,quam

2169 2147 2241 2201 ob
2273 2148 2542 2218 quaedam
2584 2152 2775 2202 errata
2806 2151 2993 2201 totum
3032 2162 3180 2217 opus
3211 2145 3485 2213 lacerare,
3538 2162 3604 2200 ac
3632 2162 3826 2201 scara-

2168 2235 2324 2290 bszos
2354 2234 2710 2307 imitari,qui
2744 2236 3063 2307 unguentis
3095 2235 3294 2289 minus
3322 2234 3590 2289 delectati
3621 2236 3829 2305 putida

2166 2328 2598 2379 consectantur.
2618 2326 2960 2394 Quanquam
2984 2340 3094 2378 non
3119 2328 3242 2378 tam
3262 2329 3393 2396 peto
3426 2328 3489 2378 ut
3517 2324 3589 2377 ad
3604 2340 3827 2380 errores

2163 2413 2485 2487 lapsusque
2515 2421 2745 2471 nostros
2777 2415 3110 2485 conniveas,
3145 2432 3321 2487 quam
3345 2420 3409 2469 ut
3441 2415 3511 2469 ab
3544 2415 3828 2471 obtrecta-

2162 2504 2321 2561 tione
2350 2510 2407 2561 et
2464 2504 2873 2560 maledicentia
2918 2508 3233 2576 temperes.
3296 2504 3682 2559 Admonendo
3736 2504 3824 2560 vel

2161 2595 2336 2649 etiam
2370 2595 2714 2667 corrigendo
2744 2610 2811 2650 ea
2872 2594 2932 2649 in
2965 2592 3183 2665 quibus
3212 2608 3440 2648 errasse
3466 2592 3819 2660 videbimur,

2161 2700 2284 2739 rem
2309 2688 2367 2738 et
2395 2683 2535 2737 mihi
2561 2700 2675 2738 non
2708 2682 3025 2755 ingratam,
3078 2687 3135 2737 et
3188 2681 3319 2737 aliis
3364 2680 3569 2736 utilem
3602 2680 3815 2737 facies:

2160 2773 2503 2829 oblatrando
2534 2777 2593 2830 et
2645 2772 3061 2829 calumniando
3110 2788 3214 2827 nec
3257 2771 3388 2828 aliis
3428 2772 3712 2844 proderis,
3763 2778 3818 2829 et

2158 2862 2319 2935 gravi
2336 2862 2666 2919 criminetei
2675 2879 2848 2935 psum
2862 2861 3365 2933 obstringes.Nam
3388 2877 3519 2916 cum
3546 2860 3815 2917 Christus

2157 2952 2233 3008 iis
2262 2953 2439 3008 etiam
2472 2970 2505 3008 a
2527 2953 2743 3023 quibus
2774 2950 2993 3023 injuria
3016 2949 3185 3006 nobis
3216 2954 3344 3005 orta
3372 2953 3481 3017 est,
3514 2950 3698 3005 vicem
3728 2966 3814 3006 re-

2157 3042 2306 3097 ferre
2335 3042 2677 3115 prohibeat:
2712 3045 2930 3111 quanto
2962 3040 3201 3095 tandem
3234 3038 3483 3095 atrocior
3511 3055 3610 3095 eos
3641 3056 3812 3111 pcena

2156 3136 2374 3201 manet,
2408 3130 2506 3203 qui
2532 3132 2676 3187 bene
2705 3131 2777 3185 de
2809 3146 2870 3186 se
2901 3133 3210 3198 merentes,
3244 3132 3348 3184 aut
3402 3132 3557 3185 certe
3601 3128 3811 3185 mereri

2157 3221 2462 3276 studentes
2492 3220 2696 3275 rabido
2742 3220 2915 3275 dente
2946 3219 3361 3275 insectantur?
3414 3219 3461 3273 A
3509 3234 3624 3289 quo
3678 3217 3817 3273 vitio

378 3305 696 3361 modulum
728 3306 1053 3376 exigantur,
1088 3324 1201 3363 non
1235 3325 1409 3379 parva
1446 3308 1728 3375 fortasse;
1763 3308 1813 3364 si
1844 3314 2043 3367 autem
2076 3287 2119 3354 C
2158 3310 2382 3366 utinam
2415 3315 2469 3365 te
2508 3310 2665 3365 Deus
2720 3326 2955 3380 semper
3001 3307 3357 3363 incolumem
3408 3314 3615 3363 servet.
3668 3308 3821 3364 Bene

372 3395 456 3453 ad
488 3395 868 3452 excellentem
901 3398 1157 3452 auctoris
1206 3398 1553 3469 dignitatem
1587 3399 2044 3471 perpendantur:

370 3485 581 3542 minus
614 3501 795 3558 quam
828 3484 930 3557 pili
961 3502 1294 3559 caprarum,
1326 3486 1628 3559 pellesque
1657 3490 1909 3544 arietum
1940 3506 2041 3545 ru-

372 3725 690 3783 ῐΑΚΩΒΟΣ
760 3726 804 3782 Ο
869 3728 1156 3787 ΒΙΛΛΙΟΣ
1231 3729 1398 3787 ΤΟΙΣ
1468 3730 2046 3787 ΕΝΤΕΥΞΟΜΕΝΟΙΣ

978 3822 1063 3872 EI‘
1106 3823 1461 3873 DPATTEIN.

461 3902 741 3959 Κάλλιστα
774 3906 869 3977 μὲν
894 3904 983 3960 καὶ
1016 3905 1441 3985 φιλοσοφώτατοι
1467 3911 1546 3979 τῷ
1580 3909 1761 3983 Σιρὰχ
1812 3905 2045 3982 εἷ’ρηται.

377 3992 480 4059 Μὴ
546 3992 819 4067 βιάζεσθαι
881 3992 991 4050 δεῖν
1049 3995 1173 4071 ῥοῦν
1229 4001 1481 4070 ποταμοῦ
1517 4018 1530 4031 ³
1592 3997 1697 4073 ἐγὼ
1767 3994 1823 4052 δὲ
1879 4017 2045 4071 προσ-

380 4080 539 4149 θείην
574 4079 631 4135 ἂν
665 4081 763 4137 οὐκ
812 4083 1135 4151 ἀπεικότως,
1188 4084 1269 4140 ὅτι
1324 4083 1465 4159 μηδὲ
1514 4087 1613 4155 τὴν
1656 4081 1834 4163 φύσιν.
1870 4089 2048 4144 Τοῦτο

386 4165 447 4223 δὲ
481 4165 626 4244 λέγω
674 4169 781 4246 οὐχ
832 4170 1022 4234 ἁπλῶς
1073 4172 1324 4243 εῗκάζων,
1369 4173 1495 4230 οὐδὲ
1540 4180 1658 4236 τοῖς
1691 4173 1877 4229 ἄλλων
1914 4175 2051 4229 ὑπο-

384 4256 637 4334 δείγμασι
668 4262 925 4331 πεισθεὶς,
976 4260 1105 4318 ἀλλ’
1148 4262 1285 4338 αὐτῇ
1330 4268 1398 4338 τῇ
1448 4262 1610 4340 πείρᾳ
1660 4264 1865 4337 μαθών,
1917 4263 2050 4333 ὅσης

382 4347 528 4404 ἐστὶν
562 4347 812 4419 εὐηθείας
843 4351 934 4405 καὶ
968 4351 1333 4424 ματαιότητος
1377 4355 1477 4423 τήν
1530 4353 1666 4431 πρὸς
1714 4350 2052 4425 ἐπιτήδευμά

384 4459 441 4492 τι
483 4438 812 4516 προσφόρως
858 4440 949 4495 καὶ
1004 4440 1221 4504 οἷ’κείως
1277 4438 1509 4518 ἔχουσαν
1569 4444 1753 4518 ψυχὴν
1807 4442 1891 4509 ἐφ’
1939 4440 2049 4497 ἒτέ-

390 4545 485 4601 ραν
530 4528 655 4581 τινὰ
700 4534 798 4583 τοῦ
846 4528 969 4605 βίου
1020 4527 1165 4585 ἶδὲαν
1231 4532 1575 4606 ἀποτρέπειν,
1630 4531 1721 4586 καὶ
1775 4531 1870 4607 βίᾳ
1921 4533 2053 4604 μεθ-

400 4613 601 4672 ἂλκειν.

466 4702 686 4776 Ἐπειδὴ
722 4708 826 4783 γὰρ
855 4706 1037 4781 τρίτον
1079 4706 1188 4782 ἤδη
1237 4707 1357 4774 ἔτος
1408 4708 1484 4773 εἷς
1514 4709 1583 4766 τὰ
1623 4708 1769 4766 οἷ’κοι
1801 4707 2055 4765 διδασκα-

396 4788 521 4848 λεῖα
550 4798 811 4872 φοιτήσας
860 4796 982 4860 ἅλις
1031 4796 1177 4875 ἔχειν
1229 4798 1387 4872 ἔδοξα
1431 4807 1531 4869 τῆς
1582 4798 1862 4876 ἐγχωρίου
1911 4821 2057 4855 στοι-

395 4884 695 4957 χειώσεως,
745 4884 832 4940 ἐπὶ
878 4888 978 4957 τὴν
1029 4889 1335 4959 Λουτηκίαν
1368 4888 1675 4967 ἐπέμφθην,
1708 4890 1784 4952 ὡς
1827 4886 1892 4958 δὴ
1932 4891 2056 4962 μεθ-

398 4968 526 5040 ἇξων
575 4972 907 5051 τελεωτέρας
954 4974 1287 5041 παιδεύσεως
1317 5025 1331 5048 ,
1382 4978 1472 5033 καὶ
1526 4979 1749 5052 μείζονα
1804 4980 1902 5047 τήν
1955 4979 2059 5033 ἀπὸ

396 5064 500 5115 τῶν
559 5059 744 5137 λόγων
813 5064 1081 5143 ὠφέλειαν
1159 5067 1588 5143 καρπωσόμενος
1624 5113 1636 5128 .
1699 5069 1908 5145 Ἔγωγε
1966 5064 2057 5122 οὖν

399 5149 588 5207 αὐτίκα
620 5154 716 5225 μὲν
766 5159 881 5217 τοῖς
918 5156 1018 5225 τὴν
1065 5157 1377 5230 Ῥωμαίων,
1412 5157 1589 5235 ὀλίγῳ
1640 5154 1686 5212 δ’
1719 5156 1937 5233 ὕστερον
1970 5156 2060 5211 καὶ

396 5245 507 5303 τοῖς
538 5242 637 5311 τήν
679 5240 967 5313 Ἐλλήνων
1022 5241 1367 5301 διδάσκουσιν
1421 5246 1652 5319 ἐμαυτὸν
1705 5248 1881 5325 φέρων
1932 5265 2063 5320 παρ-

392 5325 585 5385 ίδωκα.
622 5332 720 5386 Καὶ
771 5330 838 5403 δὴ
887 5334 978 5389 καὶ
1031 5333 1185 5399 ἐντὸς
1238 5337 1299 5391 οὗ
1345 5335 1565 5392 πολλοῦ
1618 5335 1847 5412 χρόνου,
1902 5334 1951 5391 εἷ’
1984 5336 2061 5407 μὴ

402 5422 656 5495 περιττήν
702 5442 821 5476 τινα
868 5421 959 5478 καί
1012 5425 1339 5500 θαυμασίαν,
1392 5424 1539 5483 ἀλλὰ
1582 5425 1851 5495 τοσαύτην
1900 5446 1962 5503 γε
2010 5424 2061 5480 ἐν

477 5589 521 5628 ιι
556 5589 725 5651 Eccli.
756 5610 836 5667 ιν,
868 5594 960 5653 32.

480 5751 593 5828 (77)
624 5754 780 5813 Edit.
809 5754 1010 5815 Colon.
1041 5755 1377 5832 [Lipsienm]
1408 5756 1568 5815 1600.

2157 3399 2302 3466 vale,
2329 3399 2550 3472 optime
2579 3400 2798 3468 Lector,
2832 3402 2889 3454 et
2912 3397 3174 3453 laborem
3198 3396 3356 3452 hunc
3382 3400 3649 3453 nostrum
3682 3397 3819 3453 boni

2157 3488 2418 3545 consule.

2340 3730 2633 3789 JACOBUS
2660 3728 2930 3787 BILLIUS
2963 3726 3385 3785 LECTORIBUS
3405 3727 3645 3786 FELICI-

2788 3802 2863 3857 TA
2875 3801 3017 3857 TEM
3048 3800 3187 3873 (77).

2233 3909 2578 3965 Rectissime
2635 3913 2694 3965 et
2746 3906 3183 3980 sapientissime
3232 3904 3438 3961 Sirach
3491 3904 3636 3961 dicit
3694 3905 3825 3960 :Ne

2158 4002 2371 4056 coneris
2408 4004 2603 4055 contra
2660 3999 2835 4055 ictum
2864 3998 3027 4068 ﬂuvii
3048 3996 3093 4031 ’ί
3129 4012 3143 4050 :
3177 3994 3643 4067 subjunxissem,
3705 4010 3822 4049 non

2159 4090 2435 4157 absurde,
2483 4104 2667 4159 neque
2714 4092 2919 4142 contra
2948 4088 3219 4140 naturam
3269 4087 3327 4140 et
3357 4082 3634 4139 indolem.
3670 4082 3822 4137 Illud

2160 4185 2355 4234 autem
2390 4196 2502 4233 non
2536 4177 2962 4247 exconjectura
2994 4178 3213 4229 temere
3248 4174 3497 4244 profero,
3531 4189 3644 4227 non
3680 4171 3825 4228 alio-

2160 4285 2292 4323 rum
2334 4267 2571 4323 edoctus
2628 4265 2909 4337 exemplis
2946 4282 2959 4333 ;
2996 4264 3129 4335 ipsa
3166 4278 3424 4335 namque
3472 4260 3829 4333 experientia

2160 4356 2338 4411 didici
2371 4372 2549 4427 quam
2581 4355 2756 4410 inane
2776 4354 2854 4409 sit
2883 4358 2941 4408 et
2963 4352 3235 4424 iniquum
3259 4350 3558 4408 retrahere
3572 4354 3827 4405 mentem

2162 4446 2235 4503 ab
2268 4445 2512 4501 utilibus
2534 4445 2858 4516 amicisque
2890 4442 3128 4511 studiis,
3187 4445 3242 4498 et
3290 4440 3534 4497 invitam
3566 4440 3639 4496 ad
3672 4438 3829 4495 aliud

2163 4536 2291 4591 vita;
2321 4552 2509 4608 genus
2548 4538 2900 4591 convertere.

2238 4714 2371 4771 Jam
2403 4712 2562 4769 domi
2590 4728 2692 4785 per
2728 4715 2851 4767 tres
2901 4726 3089 4765 annos
3140 4708 3376 4765 scholas
3435 4708 3833 4778 frequentave-

2167 4820 2317 4871 ram,
2340 4820 2473 4859 cum
2502 4801 2708 4874 patriis
2733 4799 3107 4868 rudimentis,
3140 4796 3391 4853 aliorum
3414 4793 3829 4867 judicio,satis

2168 4894 2517 4957 instructus,
2552 4890 2844 4946 Lutetiam
2872 4888 3096 4943 missus
3126 4904 3283 4956 sum,
3340 4889 3406 4941 ut
3464 4883 3829 4957 perfectioris

2167 4980 2559 5037 institutionis
2580 4979 2774 5035 socius
2805 4983 2863 5033 et
2894 4977 3188 5049 particeps
3214 4976 3493 5045 majorem
3527 4990 3596 5029 ex
3618 4972 3831 5028 studiis

2171 5072 2427 5127 fructum
2460 5069 2891 5139 utilitatemque
2925 5065 3307 5139 perciperem.
3342 5063 3620 5118 Protinus
3652 5061 3835 5134 igitur

2171 5158 2372 5218 Latine
2401 5164 2459 5215 et
2508 5157 2680 5231 paulo
2740 5159 2873 5229 post
2921 5156 3116 5212 Griece
3184 5153 3532 5210 docentibus
3588 5151 3839 5208 libenter

2171 5250 2407 5306 memeti
2417 5264 2587 5321 psum
2602 5246 2836 5303 tradidi.
2862 5244 3183 5317 thuidem
3203 5243 3359 5298 intra
3384 5243 3558 5299 breve
3578 5245 3837 5314 tempus,

2174 5339 2220 5395 si
2254 5354 2369 5393 non
2424 5354 2605 5408 supra
2636 5335 2873 5390 modum
2931 5331 3522 5403 admirationemque,
3583 5333 3642 5385 at
3688 5334 3841 5384 certe

2173 5431 2401 5485 tantum
2423 5425 2483 5481 in
2516 5431 2766 5498 utraque
2810 5422 3016 5496 lingua
3064 5421 3304 5495 profeci,
3353 5424 3439 5489 ut,
3499 5420 3654 5476 absit
3683 5434 3719 5475 a
3747 5432 3840 5473 me
