4100 6410
272 385 392 447 339

1400 377 1673 443 JAGOBI
1715 375 1950 437 BILLII
1993 372 2595 435 PRIEFATIONES.

3582 386 3708 447 340

298 517 656 591 arrogantia,
688 534 795 574 nec
823 516 1075 590 impensi
1106 513 1220 572 mei
1250 529 1427 571 causa
1448 512 1615 585 pretii
1648 513 1924 583 parentes,

2052 503 2277 581 ἑκατέρᾳ
2312 509 2419 560 τῶν
2468 509 2727 583 γλωττῶν
2779 508 3066 584 προκοπὴν
3117 505 3487 584 ἐποιησάμην,
3538 512 3701 586 ὥστε,

291 623 399 664 nec
428 607 684 680 suscepti
718 611 783 663 ut
814 623 906 663 me
936 603 1551 662 informarentlaboris
1575 600 1939 657 institutores

290 712 355 753 ac
396 695 839 769 ludimagistros
897 695 1221 770 paeniteret.
1281 698 1541 765 lntegros
1598 706 1696 747 sex
1753 706 1939 745 annos

286 789 603 860 postquam
634 785 751 841 illis
783 785 842 840 in
864 785 1081 841 scholis
1116 797 1600 858 perseverassem,
1636 779 1939 835 accersivit

285 891 380 930 me
406 880 588 948 pater,
647 878 705 932 et
738 876 889 947 apud
923 890 984 930 se
1027 875 1183 930 haud
1243 873 1343 928 diu
1400 873 1697 928 detentum
1753 871 1937 925 Pieta-

276 964 441 1020 vium
504 964 687 1032 misit,
747 964 952 1020 urbem
1003 964 1094 1019 his
1148 962 1357 1019 diebus
1420 960 1481 1016 in
1536 958 1692 1016 omni
1752 958 1939 1015 Gallia

277 1053 827 1125 praestantissimam
856 1049 1938 1123 ﬂorentissimamquejurisprudentiaa

277 1142 546 1199 scientia.

346 1410 559 1485 Ecquis
590 1411 940 1485 exprimeret
972 1411 1146 1467 verbo
1200 1427 1326 1484 quas
1381 1410 1525 1466 mihi
1580 1410 1849 1483 voluptas
1879 1412 1937 1466 et

278 1516 406 1573 quae
435 1500 609 1557 fuerit
630 1500 833 1557 ltetitia
861 1500 922 1556 in
954 1500 1295 1557 societatem
1312 1501 1415 1572 jus
1442 1498 1721 1573 legesque
1742 1498 1934 1555 colen-

275 1589 427 1645 tium
461 1589 723 1645 ascribi?
747 1593 867 1645 Hoc
913 1589 1070 1645 enim
1126 1589 1244 1645 fere
1266 1590 1552 1661 juvenum
1586 1589 1794 1644 vitium
1824 1593 1934 1657 est,

275 1683 340 1733 ut
372 1678 623 1734 assuetis
667 1678 862 1734 satiati
914 1694 1063 1733 nova
1114 1693 1351 1750 semper
1408 1681 1645 1748 captent
1683 1681 1741 1731 et
1796 1677 1934 1732 totis

272 1766 662 1837 insequantur
689 1766 932 1822 viribus.
969 1767 1079 1822 Sed
1129 1781 1417 1822 evanuere
1473 1767 1587 1822 cito
1617 1764 1933 1837 voluptatis

272 1853 820 1946 illecebras._Primis
870 1854 1061 1946 legum
1114 1855 1441 1946 elementis
1474 1854 1741 1946 imbutus
1771 1856 1929 1946 (nam
1962 1883 2009 1946 Β

272 1959 381 1999 sua
400 1942 631 1999 Themis
662 1961 776 1999 non
809 1944 998 2017 aperit
1029 1943 1307 2012 mysteria
1331 1942 1445 1999 nisi
1477 1942 1641 2015 prius
1661 1943 1931 2013 initiatis)

267 2032 433 2088 intus
464 2032 632 2104 quasi
665 2036 1035 2105 transgresso
1057 2032 1263 2088 limine
1295 2032 1594 2087 admissus
1624 2048 1756 2087 sum
1782 2049 1795 2086 :
1830 2048 1930 2086 ve-

270 2137 402 2176 rum
434 2120 792 2176 ininteriora
826 2120 1155 2192 penetranti
1207 2121 1291 2176 sic
1353 2137 1560 2193 aspera
1590 2120 1811 2187 omnia,
1847 2120 1930 2176 sic

272 2212 459 2268 ardua
496 2214 553 2267 et
610 2210 911 2267 inaccessa
978 2215 1186 2283 praeter
1242 2227 1408 2282 spem
1466 2226 1809 2282 apparuere,
1865 2214 1932 2266 ut

275 2300 431 2372 quod
452 2298 710 2355 venerim
767 2298 1114 2367 Pictavium,
1158 2299 1303 2355 mihi
1358 2314 1730 2370 nequaquam
1763 2299 1929 2370 igno-

271 2389 847 2461 scerem,urbemque
870 2387 1029 2443 illam
1062 2404 1329 2444 vocarem
1348 2404 1503 2443 vanae
1525 2388 1722 2443 sedem
1745 2386 1928 2443 felici-

278 2477 436 2534 tatis.
472 2476 586 2550 Ipsi
609 2481 805 2532 tamen
838 2476 1071 2549 ingenio
1127 2476 1242 2531 vim
1282 2476 1563 2542 inferens,
1595 2476 1748 2532 ultra
1795 2494 1928 2549 pro-

273 2565 437 2641 gredi
464 2566 621 2622 omni
656 2582 763 2639 ope
793 2567 1112 2639 tentabam,
1146 2570 1203 2622 et
1242 2566 1413 2638 juxta
1467 2564 1613 2621 illud
1644 2564 1926 2637 Apostoli,

271 2655 343 2711 ad
370 2672 437 2711 ea
458 2670 584 2726 quae
610 2656 898 2711 anteriora
933 2659 1091 2711 erant
1140 2657 1414 2726 meipsum
1451 2654 1743 2711 extendere
1762 2655 1829 2709 ⁸³.
1858 2657 1930 2709 At

269 2743 375 2799 illa
404 2745 544 2816 quid
578 2744 725 2799 mihi
759 2745 975 2816 profuit
1007 2744 1187 2799 animi
1207 2743 1502 2799 contentio
1531 2743 1560 2798 τ
1598 2744 1681 2797 Ad
1710 2743 1925 2814 expeti-

266 2837 390 2888 tam
432 2849 547 2888 non
581 2833 809 2906 perveni
835 2832 994 2905 juris
1025 2833 1333 2889 scientiam
1368 2833 1539 2904 ;quin
1564 2832 1931 2903 etipsaprior

262 2920 559 2977 institutio
593 2921 917 2993 plurimum
933 2922 1267 2978 detrimenti
1288 2920 1546 2994 pertulit.
1572 2920 1745 2993 Spem
1768 2920 1926 2977 enim

265 3026 459 3067 meam
490 3028 605 3066 non
630 3011 803 3066 modo
840 3011 1044 3067 fefellit
1065 3010 1709 3083 jurisprudentia,pene
1737 3015 1926 3066 totum

262 3099 440 3155 etiam
476 3099 707 3154 efﬂuxit
733 3101 887 3171 quod
915 3101 972 3155 in
1006 3116 1220 3171 magna
1259 3106 1403 3155 urbe
1434 3116 1924 3170 comparaveram-

264 3187 335 3245 Et
360 3187 516 3243 idem
549 3189 666 3243 fere
698 3188 842 3243 mihi
864 3188 1109 3261 contigit
1140 3188 1378 3260 quodiis
1410 3189 1627 3259 quibus
1657 3186 1923 3244 vitiatum

2047 593 2135 651 ἷ¹να
2168 593 2335 669 μηδὲν
2369 598 2623 673 φορτικὸν
2673 597 2829 667 εἴπω,
2868 595 3007 668 μηδέ
3059 603 3175 661 τοῖς
3214 605 3427 675 γονεῦσι
3464 606 3704 678 μεταμέ-

2049 682 2162 739 λειν
2189 692 2287 755 τῆς
2321 685 2403 739 ἐπ’
2436 684 2559 757 ἐμοὶ
2593 683 2854 758 δαπάνης,
2893 684 3033 760 μηδέ
3079 693 3197 751 τοῖς
3246 699 3585 767 καθηγηταῖς
3617 696 3705 749 καὶ

2049 771 2396 837 διδασκάλοις
2429 775 2501 829 ὧν
2536 774 2623 830 ἐπὶ
2651 779 2720 849 τῇ
2753 778 2996 853 ἡμετέρᾳ
3041 776 3318 834 παιδεύσει
3361 779 3700 858 ἐμόχθησαν.

2046 865 2141 934 ’Ἐξ
2201 862 2257 919 δὲ
2314 863 2479 919 ἔτεσιν
2539 863 2693 927 ὅλοις
2752 866 3177 940 ἐναπομείναντά
3238 890 3305 943 με
3360 877 3475 933 τοῖς
3536 872 3705 929 ἐκεῖσε

2047 950 2458 1029 παιδευτηρίοις
2511 953 3001 1029 μεταπεμψάμενος
3053 957 3081 1011 ὁ
3111 959 3314 1035 πατὴρ,
3354 960 3445 1014 καὶ
3491 961 3701 1038 βραχύν

2044 1064 2164 1099 τινα
2193 1043 2390 1119 χρόνον
2420 1044 2545 1120 παρ’
2586 1044 2759 1117 ἐαυτῷ
2807 1047 3119 1121 κατασχών,
3154 1045 3242 1102 ἐπὶ
3290 1049 3352 1103 τὸ
3404 1046 3699 1108 Πικτάϐιον

2045 1131 2376 1203 ἀπέστειλεν,
2423 1132 2587 1188 πόλιν
2636 1140 2737 1204 τῆς
2785 1134 2921 1190 κατᾶ
2966 1136 3066 1207 τήν
3103 1138 3337 1211 νομικὴν
3387 1138 3701 1215 ἐπιστήμην

2045 1219 2292 1285 εὐκλείας
2338 1221 2461 1278 τότε
2508 1223 2575 1278 τὰ
2638 1230 2880 1296 πρωτεῖα
2937 1228 3240 1304 φερομένην
3293 1227 3346 1284 ἐν
3399 1229 3576 1304 ἁπάσῃ
3625 1234 3697 1306 τῇ

2045 1308 2275 1383 Γαλλίᾳ.

2118 1400 2220 1457 Καὶ
2249 1399 2329 1463 τίς
2383 1401 2442 1456 ἂν
2490 1402 2569 1475 τῷ
2619 1400 2768 1479 λόγῳ
2814 1406 3205 1480 παραστήσειεν
3261 1405 3335 1469 ὡς
3384 1404 3562 1477 ἡδέως
3613 1408 3703 1463 καὶ

2049 1490 2165 1564 μεθ’
2197 1488 2328 1562 ὅσης
2359 1497 2458 1560 τῆς
2490 1490 2845 1567 περιχαρείας
2888 1498 3002 1556 τοῖς
3040 1495 3139 1563 τὴν
3171 1494 3371 1570 τέχνην
3403 1494 3570 1569 τήνδε
3602 1519 3699 1571 με·

2042 1583 2248 1634 τιοῦσιν
2311 1580 2540 1652 ἐμαυτὸν
2589 1580 2907 1655 ἐγκατέλεξα
2940 1601 2954 1650 ;
2990 1580 3155 1638 Φιλιῖ
3209 1586 3313 1659 γάρ
3371 1588 3406 1655 ἡ
3465 1586 3701 1656 νεότης,

2041 1674 2159 1729 τοῖς
2217 1668 2544 1741 εἰθισμένοις
2603 1671 3044 1745 ἀπαρεσκομένη,
3102 1674 3163 1727 τὸ
3219 1675 3403 1729 καινὸν
3463 1674 3545 1728 ἀεὶ
3606 1687 3704 1744 θη-

2044 1759 2230 1833 ρᾶσθαι
2272 1757 2360 1812 καὶ
2393 1758 2529 1813 κατὰ
2574 1756 2772 1832 κράτος
2823 1758 3061 1817 διώκειν.
3116 1760 3275 1818 Ἀλλ’
3306 1762 3405 1817 ούκ
3443 1762 3527 1817 ἐπὶ
3562 1760 3701 1818 ποδὺ

2041 1848 2316 1922 παρετάθη
2356 1868 2447 1921 μοι
2479 1849 2540 1903 τὸ
2585 1855 2682 1918 τῆς
2735 1846 2956 1919 ἡδονῆς.
2990 1851 3076 1913 Ὠς
3124 1852 3247 1926 γάρ,
3299 1851 3366 1907 τὰ
3407 1851 3701 1928 προτέλεια

2039 1943 2142 2005 τῆς
2170 1936 2371 2012 τέχνης
2422 1939 2760 2013 κατηχηθεὶς
2806 1939 2891 2007 (οὐ
2924 1941 3027 2014 γὰρ
3077 1940 3232 2012 θέμις
3275 1947 3558 1996 κοινωνεῖν
3591 1946 3698 1995 τῶν

2044 2026 2358 2101 μυστηρίων
2388 2032 2507 2089 τοῖς
2563 2029 2638 2100 μὴ
2688 2028 2951 2104 πρότερον
3007 2031 3303 2102 μυηθεῖσι),
3349 2031 3441 2084 καὶ
3474 2029 3701 2086 οἱνείτὰ

2039 2115 2284 2191 πρόθυρα
2312 2112 2520 2187 διαϐὰς,
2554 2114 2703 2172 ἔνδον
2760 2117 3051 2193 ἐγενόμην,
3082 2124 3201 2181 τοῖς
3256 2120 3469 2195 βαθέσιν
3509 2120 3696 2181 αὐτοῖς

2040 2199 2375 2277 ἐμϐατεύων,
2426 2205 2568 2261 οὕτω
2618 2204 2858 2263 δύσκολα
2902 2208 3111 2279 πάντα,
3164 2207 3310 2264 οὕτω
3352 2210 3557 2284 τραχέα
3602 2209 3689 2263 καὶ

2041 2291 2331 2371 δυσέφικτα
2378 2296 2524 2370 παρὰ
2567 2297 2667 2365 τὴν
2720 2295 2857 2369 έμήν
2916 2295 3113 2353 ἐλπίδα
3166 2294 3497 2369 κατέλαϐον,
3538 2296 3693 2353 ὥστε

2038 2381 2225 2439 πολλᾶ
2254 2382 2484 2457 ἐμαυτὸν
2535 2386 2836 2463 μέμφεσθαι
2873 2388 2973 2455 τῆς
3014 2386 3102 2441 ἐπὶ
3149 2387 3212 2441 τὸ
3245 2382 3535 2441 Πικτάϐιον
3576 2385 3691 2441 ἐπι-

2040 2469 2266 2545 δημίας.
2296 2473 2385 2527 καὶ
2432 2475 2590 2543 κενὴν
2642 2474 2904 2551 μακαρίαν
2956 2476 3053 2544 τήν
3103 2470 3265 2529 πόλιν
3315 2474 3523 2545 ἐκείνην
3560 2476 3692 2530 ἀπο-

2037 2560 2245 2619 καλεῖν.
2279 2561 2357 2620 Ού
2395 2564 2500 2636 μὴν
2532 2561 2678 2619 ἀλλὰ
2705 2562 2795 2618 καὶ
2826 2565 2924 2634 τήν
2956 2563 3111 2645 φύσιν
3164 2564 3329 2634 αὐτὴν
3368 2564 3691 2641 βιαζόμενος

2038 2650 2091 2714 ἐς
2120 2652 2182 2706 τὸ
2234 2652 2423 2727 πρόσω
2470 2657 2697 2729 χωρεῖν,
2728 2654 2838 2727 καὶ,
2872 2654 2934 2709 τὸ
2983 2658 3079 2709 τοῦ
3125 2653 3487 2724 Ἀποστόλου,
3521 2654 3598 2716 εἷς
3628 2655 3694 2708 τά

2036 2738 2339 2816 ἔμπροσθεν
2398 2740 2783 2797 ἐπεκτείνεσθαι
2816 2786 2830 2812 ,
2882 2744 3019 2797 κατά
3091 2744 3265 2796 πάντα
3334 2741 3537 2817 τρόπον
3596 2741 3691 2797 ἐπ-

2038 2828 2307 2905 εχείρουν.
2340 2830 2400 2883 Τί
2430 2827 2487 2884 δὲ
2515 2837 2615 2899 τῆς
2654 2828 3018 2906 βεϐιασμένης
3036 2829 3239 2899 ταύτης
3272 2828 3513 2899 σπουδῆς
3550 2830 3690 2886 ὠνά-

2042 2939 2148 2991 μην
2184 2935 2199 2987 ;
2235 2919 2375 2993 Πρὸς
2405 2923 2484 2990 τῷ
2514 2920 2615 2989 τῆς
2647 2917 2980 2995 διωχθείσης
3011 2919 3209 2995 τέχνης
3255 2919 3578 2995 ἀποτυχεῖν,
3616 2919 3694 2976 ἔτι

2036 3006 2127 3062 καὶ
2158 3006 2232 3069 εἷς
2285 3007 2384 3076 τὴν
2438 3007 2668 3082 ἀρχαίαν
2721 3005 2997 3063 παίδευσιν
3044 3007 3388 3081 ἐζημιώθην·
3426 3009 3486 3064 ού
3532 3008 3693 3083 μόνον

2034 3097 2135 3172 γὰρ
2166 3103 2266 3167 τῆς
2297 3096 2642 3168 έλπισθείσης
2694 3097 3003 3171 ἐπιστήμης
3055 3095 3380 3172 διήμαρτον,
3415 3096 3561 3155 ἀλλὰ
3602 3100 3693 3154 καὶ

2036 3182 2231 3261 σχεδόν
2261 3207 2312 3240 τι
2364 3183 2583 3263 διερῥύη
2617 3192 2717 3241 πᾶν
2760 3191 2945 3259 τοῦτο,
2979 3187 3111 3264 ὅπερ
3148 3208 3241 3261 μοι
3274 3187 3687 3262 συνειλεγμένον

261 3282 355 3333 est
404 3276 717 3350 palatum:
761 3277 958 3333 cibum
1016 3255 1267 3350 aliquem
1326 3255 1446 3332 illis
1489 3278 1718 3344 offeras,
1773 3293 1923 3349 aegre

2037 3255 2184 3345 ἐν
2218 3279 2284 3349 τῇ
2341 3255 2739 3352 μεγαλοπόλει.
2771 3278 2871 3331 Καὶ
2920 3255 3302 3354 παραπλησιόν
3352 3299 3403 3333 τι
3449 3255 3689 3331 πέπονθα

264 3367 462 3422 ferunt
495 3384 507 3432 ;
544 3365 865 3437 quemlibet
893 3366 1102 3422 deinde
1162 3366 1527 3438 apposueris,
1588 3366 1805 3438 pariter
1834 3384 1921 3422 re-

265 3464 486 3526 spuunt
517 3460 940 3527 aspernantes:
980 3456 1065 3511 sic
1094 3461 1152 3511 et
1182 3472 1287 3512 nos
1335 3473 1439 3528 spe
1485 3455 1923 3527 sublatajuris-

267 3544 675 3617 prudentiaa,et
703 3560 842 3618 erga
868 3561 996 3600 eam
1028 3544 1181 3600 male
1212 3545 1632 3612 aﬂ‘ecti,omnes
1663 3562 1731 3601 ex
1759 3562 1923 3617 aequo

266 3630 492 3689 litteras
524 3634 775 3690 aversati
836 3651 1043 3690 sumus
1096 3638 1153 3691 et
1199 3634 1566 3704 horruimus,
1608 3632 1924 3706 cujuslibet

265 3722 611 3780 eruditionis
646 3723 952 3780 fastidiosi.

334 4006 603 4080 Longum
638 4005 821 4078 igitur
846 4005 1036 4062 valere
1067 4004 1261 4062 studio
1293 4021 1428 4061 cum
1471 4005 1751 4063 dixissem
1777 4006 1926 4065 litte'

263 4111 487 4161 rerum,
533 4094 822 4164 meipsum
881 4093 1108 4151 deliciis
1159 4096 1217 4149 et
1271 4096 1804 4151 comessationibus
1834 4103 1921 4152 to-

265 4186 390 4238 tum
427 4183 645 4248 addixi,
676 4182 935 4239 mollitiei
965 4181 1365 4253 voluptatique
1381 4182 1639 4237 serviens
1657 4184 1919 4253 omnino,

257 4287 363 4344 pro
398 4270 641 4327 musteis
672 4273 1053 4344 frequentans
1086 4270 1501 4343 spheristeria,
1536 4272 1717 4328 donec
1746 4290 1923 4346 prava

257 4363 316 4415 et
360 4358 753 4417 immoderata
806 4359 1035 4416 vivendi
1091 4360 1518 4417 consuetudine
1577 4360 1635 4416 in
1687 4379 1919 4434 gravem

259 4448 745 4520 obstinatumque
777 4450 1046 4505 morbum
1080 4447 1383 4520 incidi,qui
1417 4465 1509 4504 me
1541 4467 1643 4522 per
1670 4456 1923 4522 quatuor

262 4554 495 4593 menses
518 4538 576 4594 in
607 4537 756 4595 lecto
788 4538 1033 4595 retinuit
1073 4540 1367 4609 jacentem
1391 4542 1448 4595 et
1477 4555 1623 4609 pene
1651 4542 1917 4597 confecit.

2029 3370 2146 3428 τοῖς
2199 3366 2296 3435 τὴν
2353 3370 2532 3441 γεῦσιν
2585 3363 3020 3445 διεφθαρμένοις,
3071 3367 3144 3434 οἳ,
3197 3363 3409 3421 ἐπειδᾶν
3459 3364 3596 3440 πρός
3634 3387 3687 3420 τι

2031 3458 2137 3509 τῶν
2190 3452 2474 3528 ἐδωδίμων
2526 3452 2670 3517 εἶδος
2720 3454 3127 3531 δυσχεράνωσι,
3175 3455 3265 3510 καὶ
3316 3456 3450 3531 πρὸς
3503 3457 3682 3510 ὁτιοῦν

2033 3542 2245 3615 ὁμοίως
2282 3548 2388 3598 τῶν
2422 3544 2877 3621 προσφερομένων
2902 3542 3086 3615 ἀηδῶς
3120 3542 3333 3621 ἔχουσι·
3365 3548 3556 3599 τοῦτον
3580 3545 3684 3621 γὰρ

2032 3631 2121 3685 καὶ
2153 3633 2317 3706 ἡμεῖς
2366 3633 2569 3706 τρόπον
2606 3636 2671 3703 ἧς
2701 3632 3009 3706 ἠλπίζομεν
3054 3636 3288 3707 νομικῆς
3340 3633 3688 3710 ἀποσφαλέν-

2030 3742 2140 3791 τες,
2194 3723 2281 3777 καὶ
2330 3721 2466 3798 πρὸς
2515 3723 2716 3794 ταύτην
2764 3720 3275 3799 δυσαρεστήσαντες,
3319 3724 3521 3786 πάντας
3572 3723 3688 3779 ἐπί-

2033 3833 2131 3881 σης
2186 3811 2314 3874 τοὺς
2364 3811 2560 3887 λόγους
2615 3811 2992 3886 έμισήσαμεν,
3043 3813 3134 3867 καὶ
3184 3812 3635 3889 ἀπεστρεψάμεθα
3669 3859 3684 3883 ,

2031 3901 2121 3957 καὶ
2150 3903 2288 3977 πρὸς
2317 3908 2421 3956 πᾶν
2454 3900 2701 3965 παιδείας
2729 3901 2883 3979 γένος
2922 3903 3225 3964 κακοσίτως
3268 3899 3480 3973 διετέθη
3493 3923 3609 3976 μεν.

2103 4008 2297 4065 Πολλά
2326 4008 2503 4063 τοίνυν
2554 4008 2765 4085 χαίρειν
2815 4006 3018 4087 φράσας
3064 4012 3133 4083 τῇ
3188 4007 3509 4087 φιλολογίᾳ,
3552 4008 3683 4065 ὅλον

2032 4098 2262 4172 ἐμαυτὸν
2289 4103 2467 4176 τρυφῇ
2499 4099 2587 4153 καὶ
2639 4100 2852 4172 κώμοις
2886 4096 3104 4154 ἔκδοτον
3137 4097 3390 4169 ἐποίησα,
3422 4099 3485 4152 τὸ
3517 4093 3682 4173 ἁϐρὸν

2031 4188 2119 4242 καὶ
2150 4186 2412 4265 ἐφήδονον
2465 4188 2516 4258 ἐξ
2566 4188 2804 4249 ἅπαντος
2852 4188 3180 4263 θεραπεύων,
3212 4188 3302 4241 καὶ
3348 4188 3414 4241 τὰ
3463 4207 3683 4262 σφαιρι-

2031 4279 2227 4353 στήρια
2277 4276 2389 4331 ἀντὶ
2437 4281 2542 4332 τῶν
2616 4276 2879 4348 μουσείων
2935 4276 3195 4350 ἐλόμενος
3230 4320 3244 4347 ,
3300 4275 3461 4351 ἄχρις
3512 4275 3573 4329 οὗ
3623 4275 3681 4329 ἐκ

2034 4369 2321 4442 μοχθηρᾶς
2352 4366 2440 4421 καὶ
2488 4363 2862 4438 πλημμελοῦς
2911 4364 3121 4435 διαίτης
3154 4364 3230 4427 είς
3277 4362 3528 4440 χαλεπήν
3560 4384 3683 4418 τινα

2029 4456 2119 4510 καὶ
2168 4453 2454 4529 δύσμαχον
2507 4452 2809 4530 ἀρρωστίαν
2868 4455 3140 4526 ἐνέπεσον,
3198 4454 3249 4526 ἐξ
3306 4456 3371 4523 ἧς
3424 4452 3681 4528 τέτταρας

2036 4551 2208 4618 μῆνας
2239 4543 2326 4599 ἐπὶ
2373 4543 2567 4613 κλίνης
2615 4544 2957 4599 κατακεῖσθαί
3009 4564 3104 4615 μοι
3154 4539 3349 4614 συνέϐη
3401 4542 3489 4598 καὶ
3538 4541 3687 4619 παρὰ

259 4626 459 4684 Morbo
491 4627 828 4700 quiescente
886 4632 945 4684 et
995 4628 1197 4702 fugata
1252 4627 1421 4694 febri,
1478 4628 1768 4697 vehiculo,
1808 4647 1914 4687 nec

2037 4634 2217 4710 ιικρὸν
2253 4634 2562 4690 ἀποθανεῖν.
2595 4634 2964 4711 Λωφήσαντος
2999 4630 3057 4687 δὲ
3085 4637 3182 4687 τοῦ
3223 4633 3683 4709 ἆῤῥωστῆματος,

257 4716 414 4773 enim
446 4717 709 4791 equitare
738 4735 853 4790 prae
876 4717 1410 4775 nimiainfirmitate
1436 4719 1913 4792 poteram,impo-

2022 4724 2113 4778 καὶ
2162 4727 2259 4778 τοῦ
2316 4727 2551 4797 πυρετοῦ
2600 4721 2661 4778 ἐκ
2706 4720 2888 4778 ποδῶν
2939 4721 3263 4797 γενομένου,
3321 4722 3529 4799 φορείῳ
3576 4720 3683 4776 τινὶ

258 4807 410 4861 situs
433 4824 568 4863 sum
590 4812 649 4863 et
677 4808 918 4863 domum
948 4813 1253 4879 paternam
1277 4808 1513 4863 relatus.
1536 4809 1639 4863 Hic
1652 4814 1709 4863 et
1726 4809 1911 4865 multo

2037 4813 2268 4875 ἐντεθείς·
2324 4812 2385 4866 οὐ
2435 4812 2539 4887 γὰρ
2585 4812 2829 4866 ἱππεύειν
2886 4812 2999 4873 οἷός
3046 4833 3106 4867 τε
3154 4813 3220 4880 ἦν
3274 4811 3377 4865 ὑπὸ
3417 4817 3518 4879 τῆς
3552 4811 3681 4885 ἅγαν

253 4900 537 4968 tempore,
561 4900 619 4953 et
648 4913 788 4951 cura
820 4914 937 4952 non
970 4896 1233 4964 minima,
1290 4912 1515 4952 necnon
1550 4902 1673 4953 arte
1721 4899 1907 4954 medi-

253 4999 457 5040 corum
488 5002 636 5058 opus
667 4985 847 5042 habui
903 4989 970 5041 ut
1000 4985 1299 5058 deperdita
1340 4985 1614 5042 valetudo
1646 4987 1907 5043 reficere-

252 5075 370 5128 tur.
402 5071 513 5128 Vix
537 5078 733 5130 autem
767 5092 797 5130 e
857 5075 1060 5131 morbo
1108 5079 1456 5142 recreatum,
1490 5076 1748 5148 corporis
1781 5077 1911 5132 viri-

248 5160 363 5215 bus
394 5163 702 5231 reparatis,
735 5164 807 5218 ad
838 5164 1103 5219 studium
1125 5164 1452 5219 litterarum
1478 5165 1907 5222 continuisser-

249 5250 525 5305 monibus
557 5251 817 5306 incitavit
846 5269 940 5306 me
969 5257 1135 5324 pater
1164 5270 1179 5309 :
1212 5254 1318 5308 etsi
1352 5253 1509 5308 enim
1542 5253 1903 5323 illitteratus,

250 5340 307 5394 at
329 5342 486 5395 certe
514 5337 905 5396 litteratorum
931 5341 1377 5398 amantissimus
1421 5347 1477 5397 et
1516 5342 1742 5398 fervens
1773 5342 1903 5400 lau-

247 5426 433 5497 dalor,
464 5434 529 5482 ut
556 5427 607 5483 ei
636 5427 931 5499 quispiam
978 5428 1149 5486 alius.
1189 5431 1291 5488 Cui
1333 5432 1486 5487 inter
1516 5431 1630 5488 alia
1659 5450 1900 5504 repone-

243 5512 380 5570 bam
412 5516 485 5571 ad
515 5514 861 5571 excolendae
891 5515 1131 5575 altiores
1175 5518 1456 5575 scientias
1506 5537 1598 5576 me
1628 5526 1901 5593 paratum

312 5710 358 5749 ⁸³
384 5711 644 5783 Philipp.
678 5725 760 5777 ιιι,
791 5711 884 5770 13.

2018 4901 2315 4965 ἀσθενείας·
2369 4902 2424 4962 ἐς
2470 4902 2562 4955 τὸν
2610 4921 2859 4977 πατρῳον
2914 4901 3060 4955 οἶκον
3116 4900 3435 4975 ἀπηνέχθην
3475 4943 3487 4957 .

2022 5011 2115 5065 μοι
2146 4989 2237 5045 καὶ
2289 4988 2506 5046 πολλοῦ
2552 4989 2778 5066 χρόνου,
2825 4989 2915 5045 καὶ
2961 4987 3179 5059 πολλῆς
3220 4986 3555 5062 ἐπιμελείας,
3589 4986 3679 5041 καὶ

2015 5079 2163 5154 παρὰ
2212 5084 2317 5135 τῶν
2378 5079 2574 5155 ἰατρῶν
2637 5078 2950 5152 ἐπικουρίας
3021 5076 3211 5149 ἐδέησε
3268 5077 3404 5152 πρὸς
3462 5077 3524 5130 τὸ
3580 5077 3681 5145 τὴν

2018 5168 2222 5243 ὑγίειαν
2272 5167 2609 5225 ἀπελθοῦσαν
2659 5167 3105 5224 ἀνακαλέσασθαι.
3160 5166 3338 5228 Μόλις
3391 5162 3450 5219 δὲ
3495 5163 3554 5218 ἐκ
3580 5170 3682 5233 τῆς

2013 5258 2173 5312 νόσου
2203 5257 2519 5334 ἀνενεγκών,
2548 5257 2637 5313 καὶ
2684 5259 2786 5327 τὴν
2830 5262 2927 5312 τοῦ
2974 5258 3231 5330 σώματος
3277 5252 3501 5326 δύναμιν
3552 5253 3676 5307 ἀνα-

2012 5346 2327 5420 κεξάμενος,
2362 5346 2608 5424 συνεχέσι
2640 5345 2834 5422 λόγοις
2882 5342 3284 5423 παρορμῶντός
3321 5365 3387 5417 με
3434 5347 3530 5398 τοῦ
3560 5363 3681 5417 γενσ-

2010 5437 2273 5505 νήσαντος
2304 5436 2443 5512 πρὸς
2488 5437 2585 5505 τὴν
2635 5433 2962 5513 φιλολογίαν
3014 5439 3100 5509 (ἦν
3134 5436 3262 5511 γὰρ,
3294 5434 3339 5488 εί
3371 5432 3461 5488 καὶ
3498 5431 3678 5507 λόγων

2016 5522 2268 5598 ἄμοιρος,
2330 5523 2458 5582 ἀλλ’
2517 5522 2608 5581 οὖν
2668 5529 2775 5581 τῶν
2833 5527 2959 5601 περὶ
3012 5524 3216 5601 λόγους
3266 5520 3677 5579 ἐσπουδακότων

3521 4900 3682 4953 Ἔνθα
