4100 6396
401 415 513 480 341

1532 412 1805 475 JACOBI
1850 414 2081 476 BILLll
2127 413 2725 478 PREFATIONES.

3705 412 3825 472 342

399 546 629 623 ἱραστὴς
680 543 771 600 καὶ
821 544 1018 618 θερμὸς
1068 544 1371 613 έπαινετης,
1405 542 1450 599 εἷ
1493 544 1582 599 καί
1627 565 1712 606 τις
1742 542 1959 619 ἄλλος),
1990 546 2040 601 τέ

2169 549 2643 621 cxpeditumque,
2677 565 2796 603 una
2850 550 3083 603 tantum
3141 548 3383 618 excepta
3427 543 3625 616 legum
3650 544 3821 601 disci-

403 637 497 712 μὶν
529 633 677 690 ἄλλα
704 630 931 706 ἕτοιμος
966 632 1096 689 εἶναι
1130 633 1358 712 ἔφασκον
1420 638 1535 696 τοῖς
1586 633 1903 697 καλλίστοις
1948 638 2058 691 τῶν

404 722 748 798 μαθημάτων
784 720 1197 800 έμφιλοπονεῖν,
1229 724 1328 792 τὴν
1365 720 1422 778 δὲ
1449 725 1683 797 νομικὴν
1721 724 1891 797 μόνην
1926 745 2059 801 παρ-

401 811 680 888 ῃτούμην,
715 813 804 866 ἅτε
855 811 989 885 πρὸς
1046 811 1213 882 αὐτὴν
1272 811 1583 889 ἀλλοτρίως
1638 812 1727 867 καὶ
1778 812 2057 876 παντελῶς

405 899 795 972 ἀνεπιτηδείως
844 896 1011 977 ἔχων,
1042 903 1132 957 καὶ
1186 903 1359 975 μάτην
1411 901 1547 976 αὐτῇ
1597 900 1692 957 δύο
1744 900 1835 973 ἔτη
1886 923 2053 979 προσ-

402 988 710 1051 αναλώσας.
752 988 1176 1053 Ἀντιτείνοντος
1233 988 1292 1045 δέ
1348 1012 1496 1052 τινος
1551 994 1659 1045 τῶν
1719 991 1855 1047 κατά
1901 990 2056 1067 γένος

399 1077 814 1156 προσηκόντων,
875 1077 1035 1134 ε’ίκειν
1105 1080 1473 1156 ἠναγκάσθην,
1525 1078 1615 1135 καὶ
1664 1081 1762 1151 τὴν
1824 1079 2055 1157 ἐπαχθε-

400 1171 598 1239 στάτην
637 1189 729 1241 μοι
779 1168 981 1244 τέχνην
1032 1166 1183 1231 αὖθις
1232 1167 1558 1238 ἀσπάζεσθαι
1616 1168 1705 1224 καὶ
1760 1170 2055 1246 περιέπειν,

398 1259 473 1323 ὡς
510 1259 727 1332 μήποτε
759 1252 996 1336 ὤφελον.

467 1348 603 1406 Ἀπὸ
651 1345 752 1423 γὰρ
800 1350 910 1402 τῶν
960 1345 1408 1425 προσφυεστέρων
1461 1347 1547 1403 ἐπὶ
1603 1346 1670 1403 τὰ
1728 1346 1827 1403 οὐκ
1881 1345 2056 1403 οἰκεῖα

403 1436 815 1511 μεθελκυσθεὶς,
851 1436 985 1492 ἔπτὰ
1039 1436 1129 1492 καὶ
1189 1433 1317 1491 δέκα
1349 1440 1521 1511 μῆνας
1570 1436 1622 1491 έν
1676 1436 1745 1511 τῇ
1799 1436 2055 1512 Αὑρηλίᾳ

402 1524 479 1587 εἷς
534 1522 685 1579 οὐδὲν
730 1526 1009 1600 χρήσιμον
1071 1524 1349 1595 ἀνήλωκα,
1380 1531 1495 1589 τοῖς
1544 1524 1873 1596 ἡλικιώταις
1919 1548 2053 1597 συμ-

400 1612 755 1687 μαινόμενος,
804 1611 915 1684 καί,
957 1611 1047 1669 ’ίνα
1090 1613 1328 1669 συνελὼν
1380 1612 1540 1685 ετίπω,
1569 1615 1631 1669 τὸ
1679 1614 1886 1683 παίζειν
1937 1614 2050 1669 ἀντὶ

393 1699 638 1771 σπουδῆς
685 1698 854 1777 ἔχων,
887 1700 975 1756 καὶ
1020 1708 1139 1764 ταῖς
1180 1707 1278 1756 τοῦ
1331 1703 1585 1776 σώματος
1632 1700 1855 1773 ἡδοναῖς
1894 1701 2048 1779 ἐγκα-

390 1787 861 1864 λινδούμενος.¹0
916 1787 974 1845 δὲ
1027 1792 1230 1866 πατὴρ,
1278 1792 1346 1845 τὰ
1394 1793 1509 1847 κατ’
1565 1792 1663 1865 ἐμὲ
1718 1792 2047 1865 πυθόμενος,

2168 638 2350 711 plina,
2386 654 2519 693 eum
2551 637 2622 693 ad
2655 654 2783 693 eam
2815 637 3049 709 ineptus
3070 636 3141 691 ab
3172 651 3358 708 eaque
3388 633 3612 690 alienus
3629 650 3820 690 essem

2169 726 2433 795 omnino,
2464 726 2700 799 ipsique
2732 727 2947 781 frustra
2985 726 3237 781 duorum
3270 740 3559 780 annorum
3590 722 3820 778 labores

2167 816 2615 889 impendissem.
2650 816 2761 871 Sed
2816 815 3159 887 repugnavit
3214 830 3283 869 ex
3326 812 3666 885 parentibus
3696 810 3823 883 qui-

2168 906 2343 962 dam:
2387 905 2515 961 ideo
2575 906 2799 970 cedere,
2859 903 3124 977 mihique
3180 902 3632 959 molestissimas
3662 900 3821 972 leges

2165 994 2379 1050 iterum
2402 994 2657 1051 salutare
2688 998 2925 1050 coactus
2950 1009 3084 1049 sum
3114 990 3489 1065 etamplecti;
3521 990 3677 1063 quod
3713 988 3821 1045 uti-

2167 1100 2304 1139 nam
2338 1100 2454 1140 non
2480 1083 2771 1139 fecissem.

2236 1350 2466 1407 Etenim
2481 1348 2720 1406 remotis
2742 1347 3028 1405 studiisin
3049 1363 3174 1420 quae
3200 1346 3545 1420 propensior
3565 1345 3813 1417 indoles,

2162 1444 2226 1497 ut
2257 1440 2369 1513 ipsi
2400 1438 2707 1495 contrariis
2764 1438 3143 1506 attenderem,
3202 1435 3448 1493 Aurelia:
3507 1440 3731 1508 septem
3759 1440 3817 1492 et

2162 1530 2362 1586 decem
2396 1545 2630 1584 menses
2662 1528 2965 1583 incassum
3026 1524 3274 1599 perdidi,
3317 1542 3451 1581 cum
3504 1525 3812 1581 coaetaneis

2160 1618 2338 1675 simul
2376 1618 2699 1683 insaniens,
2723 1621 2798 1685 et,
2833 1620 2899 1671 ut
2946 1616 3149 1688 paucis
3180 1615 3393 1682 dicam,
3426 1613 3551 1669 ludi
3581 1618 3811 1670 tantum

2159 1708 2415 1781 ﬂagrans
2428 1724 2648 1774 amore,
2676 1705 3197 1778 voluptatibusque
3210 1703 3470 1775 corporis
3488 1702 3809 1758 involutus.

2158 1796 2289 1854 Haec
2335 1798 2500 1853 audit
2548 1801 2747 1869 pater:
2798 1795 2999 1851 statim
3057 1810 3175 1866 qua
3205 1794 3539 1849 decreverat
3570 1796 3637 1848 ut
3664 1792 3812 1848 invi-

392 1879 486 1935 καὶ
512 1880 651 1934 πάνυ
686 1884 958 1953 μετανοῶν
993 1880 1072 1957 ἐφ’
1104 1882 1185 1943 οἷς
1227 1877 1425 1935 ἄκοντά
1476 1903 1543 1954 με
1583 1886 1651 1955 τῇ
1698 1886 1902 1956 νομικῇ
1950 1884 2040 1936 πά-

399 1967 416 1988 \
768 1968 779 1988 Ι
819 1968 841 1988 ν
956 1966 981 1988 ΔΨΥ
1240 1968 1253 1988 ἳ
1304 1969 1314 1988 Ι
1438 1968 1491 1988 δε
1611 1969 1652 1988 1‘
1828 1971 1841 1988 ἱ
1932 1972 1945 1988 ι

2157 1890 2285 1942 tum
2336 1902 2430 1941 me
2479 1902 2687 1941 rursus
2743 1885 2813 1939 ad
2863 1882 3399 1955 jurisprudentiam
3440 1880 3815 1953 compelleret

394 1967 483 2023 λιν
532 1968 907 2045 συγκατείρξας
956 1966 1167 2043 ἔτυχεν,
1196 1968 1384 2024 αὐτίκα
1434 1968 1499 2039 δὴ
1555 1969 1702 2043 μάλα
1745 1971 1881 2047 πρὸς
1932 1972 2048 2027 ἔαυ-

389 2056 483 2114 τὸν
537 2056 850 2114 ἐπανελθεῖν
923 2057 1220 2127 ἐκέλευσεν,
1263 2057 1356 2114 ’ίνα
1410 2059 1471 2113 τὸ
1530 2057 1881 2115 δυσκάθεκτόν
1943 2082 2047 2134 μου

387 2151 497 2203 τῶν
559 2148 746 2222 ὃρμῶν
801 2146 892 2201 καὶ
948 2148 1087 2223 πρὸς
1145 2154 1248 2202 πᾶν
1296 2146 1438 2211 εἶδος
1490 2149 1753 2227 φλυαρίας
1808 2152 2045 2225 κεχυμέ-

385 2256 474 2292 νον
511 2235 689 2299 οίίτως
740 2237 1055 2311 ἀναστείλῃ,
1096 2236 1184 2292 καὶ
1235 2238 1402 2293 οἱονεὶ
1453 2236 1673 2312 δεσμοῖς
1730 2259 1869 2293 τισιν
1928 2238 2045 2294 ἐπι-

388 2323 600 2403 σφίγξῃ.

460 2415 594 2469 Τότε
642 2411 709 2483 δὴ
772 2412 951 2489 ὥσπερ
1007 2413 1067 2470 ἐκ
1129 2414 1319 2492 βαθέος
1379 2414 1548 2472 ὕπνου
1608 2413 1913 2491 διαναστὰς,
1953 2418 2042 2473 καὶ

385 2506 485 2558 τοῦ
517 2501 719 2564 ἀθλίως
755 2502 1114 2567 ἀπολωλότος
1144 2505 1349 2581 χρόνου
1367 2504 1443 2567 είς
1462 2506 1808 2575 συναίσθησιν
1843 2504 2041 2575 ἐλθὼν,

385 2593 607 2660 καὶτῆς
638 2592 893 2662 νεότητος
921 2593 1097 2664 πάσης
1143 2592 1194 2648 ἐν
1239 2600 1357 2655 τοῖς
1416 2594 1663 2666 ματαίοις
1712 2592 2039 2674 διατριφθεί-

386 2701 487 2751 σης
540 2677 746 2735 ἔννοιαν
806 2676 1119 2754 λαμϐάνων,
1173 2680 1401 2758 μεγάλῳ
1463 2682 1639 2748 πένθει
1689 2684 2038 2760 συνεσχέθην,

384 2768 472 2825 καὶ
524 2772 594 2844 τῇ
647 2767 947 2847 φιλολογίᾳ
995 2768 1457 2835 καταλλάττεσθαι
1504 2770 1594 2826 καὶ
1640 2770 1843 2843 ταύτης
1893 2794 2043 2851 περι·

386 2856 602 2935 έχεσθαι
636 2856 882 2933 διέγνων.
913 2866 1212 2936 Τοιγαροῦν
1251 2866 1369 2923 ταῖς
1420 2856 1639 2937 βίϐλοις
1684 2861 1897 2937 νύκτωρ
1949 2864 2039 2919 καὶ

392 2947 699 3023 μεθημέραν
734 2949 1142 3024 συγγινόμενος,
1167 2950 1257 3003 καὶ
1287 2951 1424 3023 πρὸς
1454 2947 1576 3005 τοδὶ
1608 2952 1671 3006 τὸ
1710 2948 1868 3027 ἔργον
1915 2974 2036 3006 συν-

388 3040 535 3112 εχῶς
595 3036 829 3110 ἐμαυτὸν
877 3038 1228 3113 κατεπείγων,
1280 3037 1331 3093 ἐν
1387 3040 1584 3116 βραχεῖ
1640 3039 1859 3117 μετρίαν
1915 3043 2038 3097 τινὰ

383 3125 484 3193 την
512 3123 564 3179 έν
596 3129 711 3187 τοῖς
740 3124 933 3201 λόγοις
984 3123 1210 3200 δύναμιν
1258 3126 1528 3200 συνέλεξα.
1556 3128 1630 3183 Τό
1670 3150 1730 3204 γε
1784 3129 1889 3202 μὴν
1938 3138 2037 3201 τῆς

381 3214 703 3288 παροιμίας,
752 3221 855 3284 τῆς
904 3214 1093 3270 ἀλωτᾶ
1139 3216 1313 3271 πάντα
1376 3212 1530 3290 πὸνῳ
1597 3218 1688 3273 καὶ
1751 3218 2038 3292 ἐπιμελείᾳ

379 3302 513 3357 εἶναι
547 3300 840 3378 λεγούσης,
875 3302 1096 3374 ἀληθῶς
1131 3303 1301 3381 ἔχειν,
1328 3303 1381 3361 ἔν
1428 3327 1488 3360 τε
1533 3312 1602 3381 τῇ
1653 3312 1758 3363 τῶν
1808 3307 2030 3366 Ἰταλῶν
2065 3296 2108 3364 C

376 3390 465 3446 καὶ
491 3388 693 3465 πολλῷ
732 3390 945 3465 μᾶλλον
976 3392 1028 3448 ὲν
1057 3397 1124 3467 τῇ
1156 3398 1265 3448 τῶν
1304 3393 1589 3465 Ἐλλήνων
1640 3395 1862 3472 γλώττῃ
1906 3419 2035 3453 κατ-

377 3480 600 3553 έμαθον·
655 3481 746 3551 ἢν,
808 3483 1144 3537 παντάπασιν
1208 3483 1590 3560 ἀπορῥυεῖσαν,
1649 3485 1738 3540 καὶ
1804 3490 1883 3559 τῷ
1939 3494 2036 3558 τῆς

378 3566 552 3639 λήθης
590 3571 737 3646 βυθῴ
766 3574 1181 3645 καταποθεῖσαν,
1218 3573 1493 3649 μεγίστοις
1535 3574 1724 3638 πόνοις
1770 3575 1863 3631 σὺν
1919 3578 2036 3649 Θεῷ

382 3658 533 3733 μόνῳ
564 3658 731 3715 πάλιν
766 3660 1103 3735 ἐκτησάμην,
1138 3661 1263 3717 ὅσον
1297 3685 1359 3739 γε
1404 3664 1541 3741 πρὸς
1583 3666 1646 3719 τὸ
1691 3670 1799 3720 τῶν
1830 3664 2034 3737 Ἐλλη-

372 3747 514 3803 νιστὶ
547 3749 935 3825 φθεγγομένων
970 3753 1410 3828 συγγραμμάτων
1446 3753 1750 3808 ὁπωστιοῦν
1810 3753 2034 3822 ἐπαΐειν,

373 3837 466 3893 καὶ
498 3837 561 3893 ού
592 3836 731 3893 πάνυ
760 3861 811 3895 τι
844 3843 941 3895 τοῦ
969 3838 1251 3916 ἑρμηνέως
1284 3838 1507 3898 δεῖσθαι.

447 3948 558 3998 Τοῦ
585 3943 643 4000 δὶ
671 3945 875 4021 πατρὸς
909 3946 960 4001 ἐν
995 3945 1213 4022 λιπαρῷ
1239 3952 1318 4020 τῷ
1365 3950 1513 4025 γήρᾳ
1556 3947 1648 4003 τὸν
1702 3949 1819 4027 βίον
1868 3971 2037 4006 κατα-

383 4031 731 4107 στρέψαντος,
782 4035 873 4089 καὶ
922 4037 1021 4104 τὴν
1072 4036 1364 4111 ἀναγκαίαν
1436 4037 1691 4116 εἰσφορὰν
1758 4043 1827 4113 τῇ
1882 4040 2035 4119 φύσει

376 4123 891 4198 λειτουργήσαντος,
924 4123 1109 4195 ἐπειδὴ
1142 4124 1330 4182 πολλὰ
1376 4128 1443 4198 ἦν
1491 4130 1559 4183 τὰ
1614 4128 1707 4184 τὸν
1768 4130 2033 4207 ἡμέτερον

374 4215 500 4268 νοῦν
533 4207 895 4288 θορυϐοῦντα,
926 4215 1015 4270 καὶ
1044 4222 1146 4285 τῆς
1201 4216 1480 4293 ἐρωμένης
1534 4240 1630 4292 μοι
1679 4217 2037 4296 φιλομαθείας

371 4303 513 4376 πρὸς
567 4302 688 4379 βίαν
738 4303 1089 4374 ἀποσπῶντα,
1144 4305 1242 4360 οὐκ
1310 4304 1517 4382 ἤνεγκα
1583 4309 2034 4383 τυραννούμενος,

371 4391 604 4448 καὶτῶν
635 4397 916 4465 κοσμικῶν
954 4396 1293 4470 πραγμάτων
1335 4395 1387 4450 έν
1444 4397 1591 4471 μέσῳ
1650 4398 2036 4476 στρεφόμενος.

378 4478 476 4535 Διᾶ
502 4484 666 4537 τοῦτο
692 4481 894 4543 πάντας
923 4482 1049 4546 τοὺς
1083 4485 1189 4539 ἀπὸ
1232 4485 1425 4560 γένους
1480 4507 1573 4558 μοι
1625 4480 1779 4549 ὄντας
1834 4488 2036 4560 λαθὼν,

379 4568 454 4631 ὡς
504 4569 657 4646 εἶχον
705 4570 934 4648 τάχους,
968 4572 1043 4636 εἷς
1089 4575 1189 4644 τήν
1242 4568 1540 4632 Ἀϐενιῶνα
1569 4576 1741 4653 φυγὰς
1774 4576 2034 4653 ᾠχόμην.

2160 1976 2402 2031 damnat
2424 1975 2797 2045 sententiam,
2821 1973 3110 2045 jubetque
3154 1988 3332 2045 quam
3364 1971 3621 2043 primum
3656 1970 3727 2026 ad
3751 1986 3813 2027 se

2159 2065 2388 2133 reverti,
2422 2068 2486 2120 ut
2511 2062 3172 2133 eﬂ‘renataseﬁ‘usasque
3200 2061 3259 2115 in
3291 2076 3463 2116 omne
3479 2058 3810 2133 petulantiae

2156 2170 2345 2226 genus
2380 2154 2612 2209 tandem
2642 2168 2804 2207 meas
2847 2155 3110 2206 coerceat
3164 2148 3535 2222 cupiditates,
3569 2152 3627 2204 et
3655 2148 3812 2205 velut

2157 2242 2511 2315 quibusdam
2541 2239 2793 2296 vinculis
2821 2238 3201 2311 constringat.

2225 2438 2327 2495 His
2357 2442 2659 2511 permotus
2688 2437 2948 2493 excutior
2968 2436 3124 2492 velut
3142 2452 3173 2491 e
3202 2434 3364 2509 gravi
3393 2450 3602 2492 somno
3628 2452 3641 2490 :
3673 2450 3809 2491 mox

2152 2528 2466 2585 infeliciter
2483 2527 2690 2581 tritum
2704 2532 2938 2598 tempus
2957 2526 3157 2582 animo
3178 2524 3431 2593 volvens,
3453 2540 3807 2595 omnemque

2151 2621 2433 2689 reputans
2463 2615 2636 2687 nugis
2697 2614 2954 2670 deditam
2995 2614 3389 2685 juventutem,
3423 2611 3539 2667 alto
3572 2628 3806 2684 premor

2151 2705 2372 2771 dolore,
2389 2705 2449 2760 in
2480 2704 2725 2777 gratiam
2740 2704 2927 2760 redire
2945 2719 3077 2759 cum
3099 2701 3306 2758 litteris
3328 2700 3570 2757 instituo
3588 2717 3805 2773 easque

2150 2796 2359 2852 colere.
2387 2794 2502 2851 Nec
2534 2810 2729 2849 mora:
2764 2792 2865 2849 diu
2914 2796 3207 2864 noctuque
3260 2807 3395 2847 cum
3446 2790 3615 2846 libris
3665 2806 3801 2847 con-

2146 2888 2434 2954 versatus,
2467 2887 2523 2939 et
2552 2883 2623 2938 ad
2646 2882 2906 2938 laborem
2938 2881 3064 2937 sine
3097 2879 3534 2936 intermissione
3555 2885 3801 2935 memet-

2146 2973 2346 3046 ipsum
2370 2983 2676 3038 exacuens,
2697 2970 2853 3026 brevi
2878 2968 3192 3025 nonnullos
3224 2968 3549 3024 litterarum
3572 2967 3799 3024 fructus

2147 3062 2375 3134 collegi.
2409 3061 2567 3128 Quod
2610 3064 2803 3116 autem
2864 3058 3007 3115 dicit
3059 3058 3474 3130 proverbium:
3506 3055 3710 3113 Studio
3740 3060 3799 3113 et

2146 3169 2322 3226 opera
2351 3150 2517 3208 facile
2546 3149 2745 3206 omnia
2776 3147 3100 3221 comparari
3132 3152 3402 3221 possunt,
3434 3146 3578 3203 illud
3597 3162 3798 3203 verum

2146 3258 2277 3298 esse
2309 3239 2636 3313 cognoviex
2665 3239 2869 3294 Italica
2898 3242 2955 3293 et
2974 3238 3226 3293 maxime
3247 3254 3316 3293 ex
3356 3237 3552 3292 Graeca
3570 3235 3793 3309 lingua.

2149 3334 2309 3390 Hanc
2340 3333 2559 3404 quippe
2614 3334 2907 3386 mortuam
2968 3344 3210 3400 prorsus
3249 3343 3621 3399 mersamque
3651 3326 3800 3384 obli-

2147 3422 2336 3479 vionis
2415 3420 2704 3494 profundo
2773 3417 3049 3491 plurimis
3128 3415 3451 3484 laboribus,
3506 3420 3619 3472 Deo
3678 3415 3803 3473 solo

2146 3514 2415 3584 juvante.
2440 3507 2700 3566 revocavi
2723 3508 2985 3579 scivique
3014 3510 3302 3580 quantum
3334 3521 3475 3562 sane
3500 3505 3807 3577 mibiopus

2152 3605 2277 3657 erat
2311 3606 2373 3655 ut
2404 3600 2633 3656 Graecos
2664 3602 2931 3653 auctores
2961 3596 3489 3669 quomodocunque
3519 3594 3810 3667 intellige-

2148 3707 2273 3747 rem
2304 3694 2361 3745 et
2400 3688 2529 3745 sine
2557 3685 2895 3759 interpretis
2918 3683 3153 3741 auxilio.

2220 3959 2395 4015 Porro
2428 3973 2563 4012 cum
2596 3959 2759 4028 pater
2805 3954 2865 4010 in
2914 3955 3068 4010 bona
3122 3954 3424 4009 senectute
3466 3951 3593 4009 vita
3626 3953 3801 4009 ﬁnem

2147 4047 2527 4120 implevisset,
2547 4044 3066 4115 necessariumque
3086 4040 3357 4098 solvisset
3370 4046 3590 4097 naturis
3615 4041 3801 4097 tribu-

2147 4141 2519 4203 tum,eorum
2552 4151 2679 4207 quae
2729 4133 2873 4189 mihi
2906 4132 3123 4203 saepius
3154 4130 3588 4203 obstrepebant,
3620 4134 3678 4186 et
3702 4146 3805 4203 per

2146 4227 2264 4283 vim
2290 4224 2618 4283 evellebant
2649 4226 2907 4279 mentem
2927 4239 2961 4277 a
2984 4220 3259 4277 familiari
3290 4219 3553 4276 discendi
3585 4218 3807 4292 cupidi-

2147 4320 2288 4385 tate,
2322 4332 2436 4370 non
2469 4314 2579 4369 tuli
2608 4313 3002 4386 tyrannidem,
3044 4328 3149 4367 nec
3180 4308 3597 4381 temporalium
3629 4326 3805 4382 nego-

2151 4406 2370 4461 tiorum
2398 4419 2523 4473 quae
2575 4402 2731 4457 latus
2759 4401 2903 4456 mihi
2964 4401 3275 4474 cingebant
3324 4399 3676 4455 molestiam.
3731 4400 3809 4454 Ea

2152 4497 2404 4567 propter,
2434 4491 2638 4547 insciis
2669 4489 2945 4547 omnibus
2976 4489 3263 4562 cognatis,
3319 4493 3385 4545 ut
3443 4487 3608 4561 potui
3630 4486 3806 4543 celer—

2154 4583 2319 4651 rime,
2374 4581 2727 4638 Avenionem
2783 4579 3078 4651 profectus
3134 4594 3290 4635 sum.
3359 4576 3482 4634 Illic
3530 4577 3808 4634 diuturno

377 4656 524 4713 Ἐκεῖ
570 4655 627 4714 δὲ
675 4665 854 4733 μακρᾷ
899 4682 1006 4715 τινι
1055 4661 1198 4737 νόσῳ
1257 4663 1695 4739 προσπαλαίσας,
1740 4665 1830 4720 καὶ
1880 4665 2040 4729 τέλος

2157 4673 2409 4745 quodam
2442 4687 2577 4726 cum
2609 4670 2814 4725 morbo
2839 4668 3165 4733 decertavi;
3199 4684 3315 4739 quo
3347 4667 3584 4722 tandem
3634 4683 3807 4738 supe-

379 4745 548 4816 αύτήν
592 4747 1019 4821 καταπαλαίσας,
1059 4757 1176 4815 τοῖς
1235 4748 1477 4829 βιϐλίοις
1526 4754 1913 4830 προσεκείμην,
1946 4756 2036 4810 καὶ

382 4834 469 4892 ἰπὶ
505 4838 731 4910 μαθήσει
766 4838 943 4917 λόγων
999 4840 1230 4915 ἐμαυτὸν
1284 4848 1401 4907 τοῖς
1448 4842 1638 4907 πόνοις
1679 4846 2034 4922 κατέτρυχον,

450 4949 532 5000 Ἐν
563 4945 777 5009 τούτοις
809 4945 865 5003 δὲ
891 4946 1004 5004 ὅντι
1056 4972 1173 5023 μοι,
1204 4950 1294 5005 καὶ
1340 4956 1448 5006 τῶν
1499 4949 1676 5027 λόγων
1723 4949 2035 5030 φιλοτίμως

376 5029 833 5109 ἀντιποιουμένῳ,
882 5037 1057 5113 ἀγαθῇ
1111 5061 1219 5095 τινι
1267 5039 1412 5115 τύχῃ
1470 5029 1769 5117 ἐγνωρίσθη
1831 5040 2035 5116 Πέτρος

377 5120 406 5176 ό
458 5120 821 5200 Γαλισαρδὸς,
849 5130 957 5181 τῶν
1014 5126 1125 5182 ἐκεῖ
1180 5127 1586 5204 θεολογούντων
1644 5131 1672 5184 ὁ
1718 5136 2031 5208 κορυφαῖος,

376 5211 437 5265 οὗ
470 5213 567 5282 τήν
598 5211 782 5291 φιλίαν
828 5216 879 5271 ὲν
933 5223 1031 5287 τῆς
1081 5216 1219 5291 ἐμῆς
1272 5215 1617 5292 εὐδαιμονίας
1671 5218 1819 5295 μέρει
1866 5221 2034 5285 τιθεὶς

378 5298 437 5355 οὗ
469 5300 769 5375 παύσομαι.
803 5306 891 5374 Μὴ
926 5306 1029 5383 γὰρ
1060 5308 1284 5361 πώποτε
1328 5306 1539 5383 γένοιτό
1592 5329 1657 5381 με
1705 5308 1848 5363 οὕτω
1900 5310 2032 5382 μαί-

376 5400 576 5460 νεσθαι,
612 5390 751 5447 ὥστε
776 5401 876 5464 τῆς
908 5395 1095 5468 τιμίας
1127 5395 1336 5466 ἰκείνης
1371 5396 1615 5468 κεφαλῆς
1668 5399 2028 5472 ἀμνημονεῖν,

378 5477 468 5532 καὶ
499 5477 941 5546 ἐπιλανθάνεσθαι
993 5485 1069 5540 ὧν
1119 5485 1256 5563 πρὸς
1309 5486 1472 5542 αὐτοῦ
1518 5485 1574 5541 εὖ
1626 5486 1883 5553 πέπονθα.
1921 5488 2027 5546 Οὗ-

377 5587 470 5631 τος
520 5570 622 5646 γὰρ
674 5570 1034 5649 πλανωμένην
1089 5597 1194 5649 μου
1239 5576 1338 5645 τὴν
1390 5576 1738 5653 φιλοπονίαν,
1770 5577 1857 5633 καὶ
1901 5579 2026 5635 ἀτά-

378 5678 520 5722 κτως
567 5663 872 5738 φερομένην
924 5664 1003 5727 εἰς
1051 5666 1253 5721 εὐθεῖαν
1299 5662 1422 5721 ὁδὸν
1472 5665 1562 5721 καὶ
1612 5667 1869 5744 ἀνήγαγε,
1915 5669 2026 5737 καὶ,

378 5747 427 5805 εἴ
458 5750 535 5823 μή
572 5748 713 5829 μέγα
747 5774 840 5825 μοι
870 5754 932 5810 τὸ
962 5758 1060 5810 τοῦ
1093 5753 1374 5831 Αἰσχύλου
1425 5755 1618 5829 εἰπεῖν,
1651 5758 1848 5828 νήπιον
1898 5753 2028 5816 ὅντα

2149 4766 2295 4827 rato,
2349 4759 2618 4832 impallui
2669 4758 2838 4813 libris
2869 4756 3169 4826 assiduus,
3220 4755 3592 4825 invictusque
3654 4754 3805 4810 vires

2135 4845 2421 4907 'exbausit
2449 4847 2633 4903 labor.

2218 4961 2296 5011 Eo
2316 4972 2408 5011 res
2440 4956 2792 5011 devenerant
2815 4970 2827 5008 :
2853 4952 3079 5010 litteras
3100 4954 3296 5007 autem
3312 4953 3592 5022 appetens
3614 4950 3803 5016 enixe,

2146 5044 2402 5117 benigna
2424 5044 2678 5115 quadam
2703 5043 2938 5098 fortuna
2968 5040 3453 5096 consuetudinem
3483 5040 3648 5111 junxi
3673 5057 3807 5096 cum

2145 5133 2396 5189 civitatis
2454 5132 2615 5188 illius
2672 5132 3080 5203 theologorum
3127 5129 3388 5202 principe
3444 5133 3614 5186 Petro
3662 5129 3812 5186 Gali-

2147 5223 2342 5293 sardo,
2376 5221 2550 5293 cujus
2583 5220 2904 5277 amicitiam
2937 5220 2997 5276 in
3057 5235 3373 5275 numerum
3437 5234 3638 5276 eorum
3682 5236 3811 5291 qua:

2141 5310 2479 5367 felicitatem
2513 5310 2658 5366 mini
2690 5313 3043 5382 pepererunt
3092 5307 3306 5363 referre
3354 5324 3470 5363 non
3520 5308 3815 5375 desinam,

2142 5404 2219 5455 Ea
2241 5399 2397 5455 enim
2430 5398 2633 5471 procul
2664 5415 2697 5453 a
2730 5414 2820 5453 me
2869 5412 3101 5468 semper
3133 5395 3496 5468 insipientia,
3530 5402 3599 5451 ut
3626 5396 3702 5453 ho
3718 5414 3793 5454 no

2142 5488 2311 5546 randi
2338 5487 2502 5543 illius
2528 5488 2633 5543 viri
2668 5486 3000 5554 obliviscar,
3033 5497 3090 5541 et
3107 5501 3176 5540 ex
3206 5485 3405 5541 animo
3433 5502 3563 5542 meo
3594 5486 3811 5543 beneﬂ-

2141 5580 2366 5635 ciorum
2426 5577 2644 5650 quibus
2704 5593 2797 5633 me
2845 5574 3171 5631 cumulavit
3224 5575 3453 5632 excidat
3497 5574 3803 5633 memoria.

2138 5668 2287 5725 Nam
2320 5667 2380 5723 in
2412 5667 2624 5723 studiis
2656 5666 2779 5739 ipse
2809 5682 2903 5721 me
2926 5669 3233 5738 vagantem
3263 5664 3594 5721 inordinate
3628 5664 3802 5720 redu-

2137 5758 2227 5817 xit
2255 5758 2315 5815 in
2347 5756 2497 5813 viam
2512 5762 2731 5814 rectam
2757 5773 2772 5825 ;
2796 5758 2875 5822 et,
2893 5755 2944 5812 si
2971 5755 3116 5813 mihi
3139 5754 3229 5812 fas
3258 5758 3349 5812 est
3376 5753 3522 5811 illud
3542 5748 3802 5825 Elchyll
