4100 6434
250 353 371 417 343

1384 356 1659 422 JACOBI
1705 355 1939 417 BlLLll
1984 353 2584 418 PREFATIONES.

3562 358 3685 419 3M

253 503 561 560 usurpare,
594 504 662 544 ex
683 487 865 545 stulto
891 490 1334 561 etimprudente
1351 492 1700 563 prudentem
1725 490 1913 546 reddi-

2038 488 2085 543 τὸ
2134 486 2283 563 πρὶν,
2315 485 2494 542 ἔννουν
2546 484 2730 556 ἔθηκε,
2771 482 2860 540 xui
2913 488 3123 563 φρενῶν
3171 479 3449 543 έπίϐολον.
3481 490 3651 543 Τοσοῦ

258 577 345 633 dit
373 581 433 633 et
490 577 703 633 mentis
737 585 1089 651 compotem.
1150 580 1340 635 Tanta
1372 584 1496 635 erat
1540 579 1701 635 illius
1739 581 1796 634 in
1831 594 1921 635 me

256 666 617 734 humanitas,
643 676 705 722 ut
737 685 910 738 saepe,
933 669 1216 742 depositis
1238 687 1365 741 quae
1380 669 1632 725 habebat
1654 670 1710 723 in
1738 670 1921 724 mani-

256 756 389 827 bus,
450 757 594 812 mihi
651 758 817 813 daret
874 774 1131 829 operam,
1182 764 1238 813 et
1296 776 1425 831 quae
1489 758 1729 814 utilitati
1778 776 1917 814 mets

257 846 651 902 conducerent
680 847 804 903 suis
834 847 1021 920 ipsius
1046 847 1259 903 studiis
1292 853 1669 920 praeponeret.
1707 849 1921 904 Invise-

256 935 393 990 bam
428 934 607 1008 igitur
637 953 771 991 eum
823 940 1110 1009 quantum
1165 941 1220 991 et
1277 936 1744 1009 quotiescunque
1775 938 1918 993 mihi

254 1022 496 1091 libebat,
530 1025 933 1097 majoremque
965 1026 1076 1081 diei
1098 1031 1321 1098 partem
1349 1042 1482 1081 cum
1515 1043 1583 1081 eo
1606 1027 1915 1097 ducebam,

256 1112 528 1186 plurimis
557 1114 850 1185 variisque
880 1114 1059 1169 ditior
1088 1131 1322 1188 semper
1353 1115 1807 1171 eruditionibus.

327 1219 430 1276 Ille
488 1220 746 1292 quidem,
805 1220 893 1276 vir
948 1223 1108 1277 omni
1157 1223 1426 1279 doctrina
1491 1225 1917 1296 propemodum

258 1308 540 1375 excultus,
574 1309 761 1366 multa
817 1309 1088 1380 libenter,
1146 1310 1429 1368 libentius
1460 1329 1593 1368 vero
1634 1312 1921 1370 rhetorice

258 1397 466 1454 doctus
506 1398 856 1455 rhetoricam
889 1415 982 1455 me
1013 1400 1277 1456 docebat.
1314 1400 1388 1456 Ut
1440 1404 1637 1457 autem
1695 1402 1916 1459 theolo-

260 1487 375 1560 gia,
401 1487 712 1558 cujuserat
742 1488 978 1560 arbiter,
1011 1489 1254 1545 omnino
1284 1507 1400 1546 non
1434 1491 1749 1558 recederet,
1778 1493 1922 1547 artis

260 1575 523 1632 oratoriis
554 1578 952 1649 prmeepta,de
989 1578 1383 1650 quibusinter
1402 1596 1509 1635 nos
1539 1579 1921 1651 colloquium,

263 1665 632 1738 inspicienda
688 1666 1058 1722 monstrabat
1116 1666 1176 1723 in
1244 1667 1664 1741 interpretibus
1743 1686 1924 1725 sacras

261 1753 579 1825 Scriptura;
608 1757 664 1809 et
694 1754 766 1810 iis
797 1754 898 1827 qui
930 1755 1026 1828 pia
1059 1757 1341 1813 orationis
1372 1762 1722 1830 argumenta
1746 1758 1917 1814 insti-

2027 597 2119 632 τον
2150 577 2252 653 γὰρ
2281 577 2346 645 ἦν
2380 576 2524 648 αὐτῷ
2552 576 2615 631 τὸ
2647 575 2833 651 περιὸν
2864 581 2967 644 τῆς
3002 574 3079 637 εἷς
3110 574 3207 647 ἐμὶ
3247 574 3681 652 φιλανθρωπίας,

2030 666 2166 723 ὥστε
2194 667 2283 722 καὶ
2311 672 2417 723 τῶν
2452 667 2503 722 έν
2540 665 2696 743 χερσὶ
2746 664 3020 727 πολλάκις
3056 665 3349 743 ἀφέμενον,
3384 665 3509 741 ἐμοὶ
3553 688 3685 745 σχο-

2030 754 2230 827 λάζειν,
2264 757 2352 812 καὶ
2383 756 2608 811 πλείονα
2636 762 2736 825 τῆς
2769 754 2907 828 ἐμῆς
2956 753 3222 833 ὠφελείας
3254 756 3289 826 ἢ
3339 764 3441 826 τῆς
3492 758 3681 813 ἑαυτοῦ

2027 845 2401 921 πραγματείας
2433 843 2598 920 λόγον
2632 846 2979 916 ποιήσασθαι.
3014 844 3315 919 Χρώμενος
3349 844 3441 900 οὗν
3493 844 3683 923 τάνδρὶ

2028 934 2124 990 ὅσα
2154 934 2242 990 καὶ
2277 935 2462 997 ὁσάκις
2498 934 2825 1009 βουλομένῳ
2861 955 2955 1007 μοι
2986 934 3076 1007 ἦν,
3107 934 3170 989 τὸ
3200 934 3345 989 πολὺ
3394 938 3496 1005 τῆς
3544 936 3686 1009 ἡμέ-

2030 1045 2125 1101 ρας
2160 1025 2274 1097 μετ’
2304 1023 2473 1078 αὐτοῦ
2502 1021 2684 1097 ἤμην,
2716 1022 2798 1078 ἀεί
2824 1044 2877 1078 τι
2906 1022 3043 1078 κατά
3081 1020 3327 1078 παιδείαν
3380 1022 3688 1101 ἐμπορευό-

2032 1134 2212 1186 μενος.

2097 1228 2151 1278 Ὁ
2183 1222 2241 1275 δὲ
2273 1221 2359 1277 καὶ
2386 1219 2573 1276 πολλά
2607 1220 2700 1294 μὲν
2731 1216 2877 1276 ἄλλα
2924 1220 3171 1293 ἀσμένως
3218 1219 3344 1293 ἐμοὶ
3395 1217 3693 1295 παρεδίδου

2030 1309 2228 1384 (πάσης
2258 1310 2361 1387 γὰρ
2395 1306 2725 1370 παιδεύσεως
2757 1308 2832 1371 εἰς
2861 1308 3029 1378 αὐτὴν
3075 1304 3272 1384 σχεδὸν
3324 1307 3539 1386 ἐφθάκει
3590 1310 3691 1379 τὴν

2028 1398 2323 1472 ἀκρότητα)
2356 1399 2742 1474 ἀσμενέστερον
2777 1395 2835 1453 δὶ
2879 1398 2980 1466 τήν
3035 1396 3336 1473 ῥητορικὴν
3385 1395 3687 1469 ἐδίδασκεν,

2029 1492 2097 1557 ἧς
2130 1487 2394 1559 πλείστην
2425 1489 2541 1565 εἶχε
2568 1489 2669 1557 τὴν
2698 1486 3006 1563 ἐμπειρίαν.
3038 1490 3154 1541 Ἵνα
3197 1484 3256 1541 δὲ
3310 1487 3386 1559 μὴ
3444 1488 3695 1561 πάμπαν,

2031 1581 2099 1647 ἧς
2147 1573 2486 1653 ἐπρέσϐευεν,
2518 1577 2786 1646 ἀποσταίη
2837 1583 2939 1645 τῆς
2993 1573 3301 1651 θεολογίας,
3346 1576 3415 1630 τὰ
3460 1582 3561 1644 τῆς
3609 1574 3697 1632 τέ-

2032 1687 2172 1743 χνης
2221 1665 2659 1743 παραγγέλματα
2707 1664 3000 1738 κινούμενα
3046 1666 3267 1741 θεωρεῖν
3326 1670 3587 1741 παρεῖχεν
3642 1664 3696 1720 ἐν

2031 1761 2146 1818 τοῖς
2200 1763 2300 1826 τῆς
2354 1757 2501 1831 ἱερᾶς
2560 1758 2778 1833 Γραφῆς
2827 1753 3142 1830 ἐξηγηταῖς,
3172 1752 3266 1808 καὶ
3316 1750 3552 1816 εὐσεϐεῖς
3584 1756 3694 1808 τῶν

258 1846 519 1898 tuerunt.
553 1842 683 1899 Haec
709 1844 911 1900 eadem
942 1843 1223 1902 laudabat
1252 1846 1667 1919 indicabatque
1703 1846 1760 1902 in
1794 1847 1923 1903 aliis

2038 1844 2219 1920 λόγων
2256 1846 2537 1907 ὑποθέσεις
2570 1843 3011 1917 ένστησαμένοις.
3049 1841 3253 1898 Ἐποίει
3294 1840 3350 1897 δὲ
3394 1846 3557 1896 τοῦτο
3605 1840 3701 1898 xui

258 1931 543 1988 omnibus
574 1932 675 2004 qui
706 1934 998 1990 sermonis
1028 1935 1140 1991 virt
1185 1940 1244 1991 te
1275 1940 1332 1992 et
1372 1936 1665 2009 elegantia
1712 1955 1925 1993 nomen

258 2020 372 2077 sibi
402 2026 841 2093 compararunt,
865 2026 923 2078 at
956 2023 1245 2096 praecipue
1274 2024 1332 2079 in
1367 2025 1649 2098 Gregorio
1682 2025 1927 2082 Nazian-

259 2126 401 2166 zeno
434 2110 608 2183 cujus
637 2111 695 2166 in
717 2110 964 2168 dicendo
997 2112 1386 2186 eloquentiam
1420 2118 1476 2171 et
1500 2114 1928 2172 sublimitatem

259 2199 514 2256 maxime
561 2199 903 2257 mirabatur.
958 2201 1073 2273 Ipsi
1126 2206 1324 2258 tamen
1374 2220 1619 2275 operum
1664 2204 1925 2277 Gregorii

263 2287 440 2345 lectio
468 2288 749 2345 molestiae
783 2291 1051 2346 nonnihil
1080 2292 1339 2347 creabat.
1374 2292 1520 2348 Eum
1544 2294 1701 2350 enim
1732 2293 1929 2351 dolore

269 2376 526 2433 multum
557 2378 849 2435 afﬁciebat
877 2379 1235 2436 obscuritate
1261 2381 1467 2436 referta
1503 2381 1924 2455 interpretatio,

270 2480 395 2536 quae
428 2465 699 2539 pluribus
724 2465 783 2522 in
842 2465 983 2523 locis
1015 2468 1243 2540 vitiosa,
1277 2468 1463 2526 instar
1507 2470 1682 2528 nubis
1723 2472 1928 2544 cujus-

268 2553 427 2627 dam,
450 2554 789 2613 oti'undebat
817 2556 940 2613 viro
999 2557 1342 2615 doctissimo
1386 2560 1681 2631 tenebras,
1713 2565 1771 2617 et
1810 2578 1924 2617 non

268 2641 461 2700 solum
494 2642 830 2700 facundiam
862 2646 1015 2716 ejus,
1046 2647 1149 2703 sed
1184 2648 1542 2720 scriptorum
1582 2649 1759 2705 etiam
1790 2667 1926 2706 sen-

263 2746 394 2789 sum
413 2733 817 2795 obnubilabat.
839 2735 1389 2809 Quandoqueigitur
1409 2737 1625 2793 librum
1655 2739 1925 2811 indigna-

266 2820 498 2878 bundus
554 2823 900 2895 projiciebat
944 2824 1003 2879 in
1074 2824 1515 2896 pavimentum;
1576 2829 1926 2900 quandoque

262 2909 441 2965 etiam
470 2926 506 2966 a
537 2928 629 2967 me
662 2912 1001 2984 postulabat
1033 2918 1099 2969 ut
1138 2931 1265 2986 qua
1296 2915 1549 2971 obscura
1579 2915 1927 2973 videbantur

260 2999 594 3056 accuratius
625 3000 1072 3074 dilucidiusque
1098 3005 1401 3060 redderem
1434 3009 1489 3060 et
1524 3006 1921 3077 explanarem.

261 3088 523 3159 Denique
549 3104 685 3145 cum
716 3090 913 3147 omnis
943 3092 991 3146 ei
1020 3093 1391 3148 stomachum
1431 3101 1687 3151 moveret
1713 3097 1922 3168 versio,

261 3191 354 3232 me
384 3177 630 3249 rogabat
660 3180 1058 3236 utsecundam
1089 3197 1332 3236 manum
1367 3181 1678 3253 adjicerem
1708 3184 1923 3257 Grego-

2037 1933 2088 1989 ἐν
2122 1940 2250 1989 πᾶσι
2287 1935 2382 2007 μὲν
2417 1932 2610 1995 ἄλλοις
2647 1938 2767 1995 τοῖς
2798 1932 2883 1987 ἐπὶ
2917 1931 3099 2008 λόγων
3142 1929 3362 2003 δυνάμει
3419 1930 3510 1986 καὶ
3559 1930 3704 1987 καλ-

2040 2021 2276 2101 λιφωνία
2342 2020 2749 2093 εὐδοκιμοῦσιν,
2799 2020 3083 2096 ἐξαιρέτως
3135 2017 3194 2074 δὲ
3241 2019 3292 2075 ἐν
3345 2018 3425 2092 τῷ
3472 2024 3703 2090 Ναζιαν-

2041 2116 2183 2184 ζηνῷ
2214 2110 2523 2188 Γρηγορίῳ,
2559 2108 2621 2165 οὗ
2650 2112 2751 2179 τήν
2781 2108 2905 2185 περὶ
2937 2110 2998 2164 τὸ
3050 2108 3229 2184 λέγειν
3281 2106 3569 2179 δεινότητα
3610 2110 3702 2165 καὶ

2038 2200 2341 2277 ὑψηγορίαν
2393 2196 2758 2277 διαφερόντως
2807 2197 3128 2270 ἐθαύμαζεν.
3180 2196 3257 2255 Οὐ
3334 2198 3442 2271 μὴν
3497 2199 3703 2273 ἀμιγὴς

2036 2287 2230 2360 ἀηδίας
2277 2286 2556 2350 παντελῶς
2604 2288 2671 2357 ἧν
2718 2286 2865 2360 αὐτῷ
2912 2292 3020 2342 τῶν
3072 2286 3271 2343 τούτου
3313 2288 3700 2362 συνταγμάτων

2037 2382 2072 2449 ἡ
2123 2378 2444 2455 ἀνάγνωσις,
2494 2376 2716 2433 Ἐλύπει
2764 2376 2865 2453 γὰρ
2912 2375 3070 2431 αὐτὸν
3105 2376 3167 2431 οὐ
3199 2374 3436 2450 μετρίως
3468 2378 3503 2445 ἡ
3542 2375 3702 2450 μετά-

2037 2488 2229 2546 φρασις
2304 2466 2559 2546 ἀσαφείας
2639 2464 2925 2528 ἀνάπλεως
2996 2462 3147 2534 οὖσα,
3189 2464 3278 2521 καὶ
3340 2465 3391 2520 έν
3462 2463 3703 2529 πολλοῖς

2037 2556 2375 2636 ἐσφαλμένη,
2406 2555 2635 2635 νεφέλης
2663 2556 2809 2617 τινὸς
2849 2552 3005 2625 δίκην
3052 2554 3493 2630 ἐλλογιμωτάτῳ
3540 2552 3701 2629 ἀνδρὶ

2038 2646 2462 2722 ἐπιπροσθοῦσα,
2494 2645 2583 2700 καὶ
2644 2644 2773 2720 οὐχὶ
2830 2647 2931 2715 τὴν
2994 2644 3238 2699 εὐέπειαν
3289 2643 3454 2699 αὐτοῦ
3506 2644 3701 2718 μόνον,

2036 2735 2182 2792 ἀλλά
2212 2733 2300 2790 καί
2330 2734 2420 2790 τὸν
2453 2739 2576 2789 νοῦν
2623 2738 2732 2789 τῶν
2780 2733 3173 2810 γεγραμμένων
3222 2729 3693 2808 συγκαλύπτουσα.

2036 2826 2130 2881 Διὸ
2177 2824 2266 2880 καὶ
2317 2825 2652 2900 ἀγανακτῶν,
2682 2823 2815 2879 ποτὶ
2861 2823 2955 2897 μὲν
3008 2820 3098 2877 xui
3147 2821 3314 2891 αὐτὴν
3360 2822 3460 2891 τὴν
3500 2816 3693 2896 βίϐλον

2036 2915 2114 2978 εἷς
2142 2911 2413 2993 τοῦδαφος
2461 2913 2816 2990 ἀπέρριπτεν,
2850 2913 2987 2968 ποτὶ
3043 2910 3101 2966 δὲ
3162 2932 3229 2985 με
3283 2912 3351 2966 τά
3407 2916 3696 2976 σκοτεινῶς

2035 3003 2180 3079 ἔχειν
2233 3001 2493 3058 δοκοῦντα
2538 3003 2877 3079 τρανώτερον
2926 3001 3230 3077 ἐξηγεῖσθαι
3280 2998 3371 3055 xui
3427 2998 3692 3077 διασαφη-

2033 3093 2195 3163 νίζειν
2247 3091 2485 3148 ἐκέλευεο
2531 3089 2690 3154 τέλος
2735 3087 2793 3145 δὲ
2842 3089 2931 3145 xui
2982 3090 3121 3165 πρὸς
3175 3088 3313 3159 ὅλην
3360 3091 3458 3159 τήν
3533 3091 3696 3163 μετά-

2036 3203 2227 3260 φρασιν
2291 3178 2644 3257 δυσχεράνας,
2705 3176 3000 3255 παρεκάλει
3065 3198 3133 3251 με
3202 3182 3364 3253 χεῖρα
3443 3175 3693 3249 δευτέραν

452 3233 485 3249 υ
752 3233 793 3234 ίί
854 3233 858 3234 ⁷
906 3233 957 3235 "'
994 3233 1057 3236 '—
1091 3233 1332 3236 "‘"“‘"“
1370 3233 1678 3253 “”“”σ“”“ν’“·
1715 3233 1891 3257 ""O'

260 3264 367 3335 rio,
419 3270 478 3322 et
533 3266 678 3323 illud
736 3284 886 3325 onus
948 3268 1212 3325 humeris
1262 3270 1648 3343 imponerem,
1679 3274 1922 3346 publicae

2038 3233 2252 3345 ἐπάγειν
2784 3233 2899 3323 Ικαὶ
2956 3233 3076 3323 τοῦ.
3119 3233 3276 3340 κοιῖῇ
3298 3233 3308 3253 ⁸
3328 3233 3695 3343 συμφέρονιτος

260 3354 624 3426 prospiciens
657 3356 921 3412 utilitati.
958 3362 1064 3412 Ast
1092 3374 1197 3431 ego
1226 3376 1368 3414 mea:
1411 3362 1622 3433 partim
1656 3363 1927 3419 conscius

261 3442 699 3509 imbecillitatis,
731 3461 912 3516 quam
942 3445 1068 3517 ipse
1099 3463 1203 3518 pro
1234 3447 1421 3503 nimia
1460 3449 1519 3503 in
1555 3465 1649 3506 me
1678 3451 1925 3508 benevo-

260 3529 443 3587 lentia
474 3547 589 3587 non
621 3538 1015 3605 persenserat,
1046 3535 1263 3607 partim
1296 3537 1489 3608 cperis
1523 3539 1773 3595 arduum
1806 3558 1925 3598 me-

262 3623 437 3677 tuens
472 3620 834 3694 fugiensque,
870 3628 1065 3680 mente
1092 3629 1371 3681 caeterum
1416 3628 1590 3683 rebus
1622 3627 1753 3685 aliis
1784 3634 1926 3686 tunc

261 3708 547 3779 intentus,
572 3727 950 3784 nequaquam
979 3713 1138 3785 potui
1165 3714 1437 3786 precibus
1453 3716 1605 3771 ﬂecti
1631 3735 1645 3786 ;
1681 3718 1779 3773 sed
1796 3735 1923 3791 quae

261 3796 442 3853 semel
467 3815 888 3871 proposueram
904 3803 1308 3875 consertisque
1330 3805 1600 3860 tenebam
1627 3807 1924 3877 manibus,

259 3886 317 3941 in
353 3886 444 3941 his
478 3887 703 3959 perstiti
735 3892 925 3945 tenax.
962 3889 1087 3946 Illic
1119 3892 1301 3964 igitur
1331 3909 1448 3949 non
1511 3895 1742 3951 modico
1772 3901 1925 3952 tem-

261 3991 400 4047 pore
428 3980 727 4033 transacto
756 3978 1000 4035 domum
1032 3996 1125 4036 me
1156 3982 1371 4054 recepi.

333 4081 538 4140 Multis
566 4087 768 4155 postea
817 4085 1181 4159 diversisque
1214 4104 1531 4160 percussus
1560 4090 1926 4160 vulneribus,

262 4169 442 4228 simul
472 4175 537 4227 ut
571 4173 981 4231 remissionem
1003 4176 1322 4248 quamdam
1338 4181 1394 4232 et
1413 4178 1599 4233 otium
1619 4179 1927 4252 impetravi

262 4277 297 4316 a
326 4258 428 4316 Dei
459 4259 788 4329 clementia,
813 4262 1005 4321 dimisi
1050 4282 1178 4337 quas
1211 4265 1356 4322 mihi
1388 4267 1708 4323 amoeniora
1757 4274 1927 4326 erant

262 4352 322 4405 et
375 4350 713 4407 arridebant
742 4352 953 4425 magis,
986 4354 1059 4409 ad
1090 4371 1239 4426 opus
1271 4361 1487 4410 memet
1517 4357 1748 4412 admovi
1781 4359 1925 4413 defi-

263 4436 452 4494 ciente
486 4438 711 4494 meliori
742 4440 1101 4513 interprete,,
1133 4448 1192 4499 et
1246 4444 1305 4499 in
1339 4443 1482 4500 illud
1526 4462 1763 4503 summa
1791 4465 1925 4504 cum

2036 3360 2200 3436 χάριν
2248 3356 2374 3413 τόδε
2422 3359 2483 3413 τὸ
2530 3358 2701 3434 ἄχθος
2755 3356 2837 3412 ἐπ’
2868 3351 3008 3429 ὤμῳ
3053 3356 3300 3427 ἄρασθαι.
3331 3354 3471 3429 Ἐγὼ
3505 3351 3581 3420 δὲ,
3617 3353 3693 3421 πή

2043 3450 2137 3522 μὶν
2170 3447 2308 3522 πρὸς
2340 3449 2438 3517 τήν
2474 3448 2611 3521 έμήν
2659 3446 2932 3510 ἀσθένειαν
2981 3445 3223 3522 ἀφορῶν,
3273 3444 3333 3512 ἣν
3386 3441 3569 3510 αὐτὸς,
3604 3438 3699 3496 διὰ

2036 3538 2098 3592 τὸ
2142 3538 2279 3614 πρὸς
2334 3538 2399 3610 μὶ
2446 3535 2673 3615 φίλτρον
2725 3535 2825 3591 οὐκ
2872 3530 3063 3603 ἐσεῖδε,
3096 3534 3173 3603 πὴ
3229 3528 3285 3587 δὲ
3313 3531 3375 3588 τὸ
3404 3528 3501 3586 τοῦ
3533 3528 3703 3606 ἔργου

2040 3623 2301 3701 δυσχερὲς
2350 3621 2778 3697 εὐλαϐούμενος,
2820 3624 2909 3679 καὶ
2960 3624 3075 3696 ἅμα
3122 3622 3259 3699 πρὸς
3295 3618 3489 3683 ἄλλοις
3546 3616 3697 3697 ἔχων

2032 3715 2156 3770 τότε
2202 3715 2295 3769 τὸν
2347 3719 2487 3782 νοῦν,
2522 3714 2658 3787 πρὸς
2702 3714 2800 3781 τὴν
2857 3709 3069 3782 αἷίτησιν
3101 3710 3204 3767 οὐκ
3232 3709 3532 3789 έκάμφθην·
3567 3708 3701 3767 ἀλλ’

2036 3806 2119 3867 οἷς
2168 3805 2304 3876 ἅπαξ
2352 3801 2697 3878 προειλόμην
2778 3799 3191 3876 ἐνεκαρτέρησα,
3240 3805 3348 3855 τῶν
3400 3798 3452 3856 έν
3505 3798 3693 3876 χερσὶν

2035 3893 2195 3970 ἀπρὶξ
2228 3893 2517 3969 ἐχόμενος·
2552 3895 2756 3969 συχνοῦ
2791 3888 2849 3947 δὲ
2882 3890 3090 3967 χρόνου
3138 3888 3250 3946 ἐκεῖ
3300 3886 3702 3961 διεληλυθότος

2038 3984 2268 4040 ἐπανιὼν
2299 3980 2502 4040 οἷ’καδε.

2110 4088 2354 4152 Πολλαῖς
2384 4111 2440 4144 τε
2481 4088 2570 4145 καὶ
2624 4087 2905 4149 ποικίλαις
2955 4087 3102 4161 παρά
3140 4089 3238 4141 τυῠ
3286 4082 3480 4162 καιροῦ
3529 4105 3702 4161 προσ·

2038 4172 2230 4241 ϐολαῖς
2291 4177 2551 4253 πληγεὶς,
2616 4174 2805 4246 ἐπειδὴ
2865 4174 3093 4237 ἀνέσεώς
3148 4193 3302 4235 τινος
3359 4173 3449 4228 καὶ
3490 4170 3707 4247 σχολῆς

2036 4267 2305 4343 παράτοῦ
2350 4266 2742 4346 φιλανθρώπου
2793 4269 2927 4322 Θεοῦ
2975 4264 3184 4339 τυχὼν,
3214 4266 3322 4316 τῶν
3373 4260 3701 4338 προύργιαι-

2034 4355 2204 4432 τέρων
2264 4355 2629 4433 ἀπηλλάγην,
2686 4358 2983 4425 τηνικαῦτα
3059 4350 3125 4419 δὴ
3205 4350 3341 4406 κατὰ
3415 4347 3703 4425 βελτίονος

2038 4444 2319 4521 ἑρμηνέως
2378 4444 2610 4521 ἐρημίαν
2665 4446 2729 4499 τὸ
2787 4441 2942 4520 ἔργον
3006 4436 3383 4513 ἐπεϐαλόμην,
3417 4437 3511 4493 καὶ
3568 4439 3707 4512 μετὰ

265 4526 564 4584 alacritate
597 4533 653 4586 et
685 4529 989 4604 diligentia
1011 4531 1271 4590 incubui.
1298 4534 1407 4590 Sed
1440 4551 1556 4591 non
1590 4534 1773 4593 multo
1796 4542 1929 4610 post

2039 4533 2214 4601 πάσης
2245 4533 2553 4609 προθυμίας
2606 4533 2693 4589 ἐπὶ
2743 4532 2923 4606 τούτῳ
2974 4532 3233 4606 ἐπέκυψα.
3268 4529 3395 4585 Μετ’
3448 4526 3509 4584 οὐ
3559 4525 3707 4583 πολὺ

265 4617 505 4691 cognovi
533 4635 627 4676 me
658 4619 941 4677 miserum
1000 4622 1239 4680 viribus.
1283 4623 1475 4696 impar
1532 4642 1682 4681 onus
1726 4644 1924 4684 susce-

2038 4621 2095 4679 δὲ
2136 4607 2390 4698 ᾐσθόμην
2432 4607 2653 4695 ἄθλιος,
2692 4628 2876 4697 μεῖζον
2913 4622 2947 4690 ἢ
2991 4619 3126 4675 κατᾶ
3179 4618 3247 4691 μὶ
3294 4617 3517 4695 φορτίον
3568 4614 3703 4693 ἀρά-

264 4707 459 4781 pisse:
492 4708 627 4765 hinc
655 4709 799 4765 mihi
827 4713 1249 4770 succensebam
1281 4716 1433 4786 quod
1476 4714 1621 4771 illud
1677 4721 1928 4773 tractare

263 4815 380 4854 non
405 4798 905 4857 reformidassem.
944 4802 1173 4858 Etenim
1215 4804 1359 4859 mihi
1395 4804 1676 4877 primum,
1710 4805 1869 4862 velut
1899 4822 1931 4863 e

262 4891 434 4959 portu
462 4888 731 4959 solventi,
766 4905 977 4946 serena
1022 4892 1223 4949 omnia
1280 4893 1718 4966 tranquillaque
1771 4896 1927 4952 vide-

260 4974 499 5046 bantur,
533 4976 706 5034 itaut
763 4982 819 5035 et
862 4978 1006 5034 mihi
1066 4979 1137 5036 de
1196 4980 1426 5055 incepto
1470 4983 1837 5055 gratularer:
1869 4988 1931 5041 at

261 5060 492 5135 longius
521 5066 844 5123 abductum
876 5072 1039 5123 tanta
1060 5085 1154 5126 me
1182 5074 1506 5141 tempestas
1537 5075 1775 5143 tamque
1796 5088 1928 5145 gra-

258 5149 347 5205 vis
370 5151 617 5222 jactavit
650 5154 924 5224 procella,
949 5162 1012 5212 ut
1039 5157 1295 5213 vicinum
1326 5157 1660 5214 immineret
1694 5164 1927 5217 naufra-

260 5237 448 5313 gium.
481 5238 550 5293 Et
570 5247 725 5298 certe
756 5243 1062 5315 periissem
1094 5247 1465 5313 submersus,
1491 5246 1603 5303 nisi
1636 5250 1926 5306 emendati

264 5326 507 5399 quidam
558 5331 996 5402 angustissimae
1050 5335 1264 5407 reginae
1322 5335 1454 5391 libri
1486 5337 1614 5407 jam
1649 5338 1926 5397 ﬂuclibus

266 5417 577 5487 abreptum
610 5419 996 5477 reduxissent.
1034 5422 1141 5479 Ubi
1187 5425 1487 5496 adjutores
1520 5425 1664 5481 mihi
1698 5444 1921 5495 venere,

267 5508 399 5560 tum
430 5519 626 5561 secare
658 5509 864 5578 undas,
900 5510 1101 5568 multis
1150 5513 1386 5585 quidem
1420 5531 1552 5570 cum
1586 5517 1923 5584 sudoribus,

271 5596 330 5647 et
360 5589 603 5663 pelagus
623 5592 1122 5667 interpretationis
1152 5602 1442 5671 traiicere.

2043 4735 2226 4787 μενος,
2256 4713 2345 4768 καὶ
2376 4711 2564 4769 πολλά
2620 4712 2853 4785 ἐμαυτὸν
2883 4718 2983 4780 τῆς
3020 4707 3310 4781 τολμηρᾶς
3356 4706 3560 4775 ταύτης
3615 4704 3705 4781 έγ-

2039 4804 2347 4879 χειρήσεως
2377 4801 2841 4875 κατεμεμψάμην·
2880 4798 2967 4853 καῖ
3017 4799 3120 4872 γάρ
3163 4794 3249 4851 τοί
3292 4816 3346 4849 τι
3399 4795 3492 4868 μὲν
3545 4798 3706 4869 πρῶ-

2036 4912 2128 4947 τον
2158 4890 2337 4967 ὥσπερ
2370 4890 2431 4946 ἐκ
2459 4888 2686 4963 λιμένος
2736 4887 2991 4963 ἀνάγοντί
3045 4907 3139 4961 μοι
3200 4880 3351 4940 εὔδια
3396 4884 3571 4939 πάντα
3612 4882 3704 4938 καὶ

2037 4978 2291 5057 γαλήνης
2327 4980 2495 5054 μεστά
2524 4977 2794 5056 ἐφαίνετο,
2826 4976 2966 5033 ὥστε
2998 4976 3087 5031 καὶ
3136 4978 3233 5031 τοῦ
3295 4973 3706 5049 ἐγχειρήματος

2041 5070 2261 5143 δμαυτῴ
2293 5066 2634 5139 συνήδεσθαι’
2666 5066 3005 5144 πορρωτέρω
3044 5062 3103 5120 δὲ
3144 5062 3407 5138 προϊόντα
3463 5081 3532 5134 με
3576 5081 3705 5115 τοσ-

2040 5163 2198 5221 οῦτος
2247 5158 2463 5235 χειμὼν
2509 5156 2603 5211 καὶ
2659 5156 2802 5211 οὕτω
2844 5153 2992 5224 δεινὴ
3041 5152 3179 5223 ζάλη
3212 5145 3530 5217 κατέλαϐεν,
3565 5168 3707 5203 ωστε

2039 5248 2129 5303 καὶ
2164 5248 2355 5321 μικρὸν
2408 5245 2678 5303 ἀπέλιπον
2726 5250 2824 5303 τοῦ
2877 5246 2955 5320 μὴ
3004 5241 3379 5299 καταδύεσθαι.
3427 5238 3525 5294 Καὶ
3574 5235 3707 5292 πάν-

2038 5359 2146 5401 τως
2178 5337 2236 5393 ἃν
2271 5331 2644 5413 καταϐρύχιος
2689 5332 2833 5403 ἔδυν,
2865 5336 2912 5392 εί
2963 5336 3040 5408 μὴ
3092 5330 3537 5406 ἐπηνωρθωμένα
3585 5328 3707 5382 τινά

2038 5434 2139 5497 τῆς
2172 5428 2310 5481 πάνυ
2365 5424 2690 5501 βασιλίσσης
2737 5420 2926 5502 βιϐλία
2971 5425 3090 5488 καθ’
3123 5419 3331 5478 ὑδάτων
3385 5415 3493 5490 ἤδη
3540 5417 3700 5496 φερό-

2043 5536 2204 5591 μενον
2235 5514 2612 5593 ἐπεκούφισαν*
2665 5515 2752 5593 ὑφ’
2782 5516 2855 5569 ὧν
2907 5512 3301 5591 βοηθούμενος,
3335 5511 3432 5565 τοῦ
3479 5504 3701 5563 κλύδω-

2035 5625 2129 5668 νος
2187 5603 2347 5682 μόγις
2405 5603 2671 5681 ὗπερῆρα,
2704 5604 2794 5661 xui
2821 5606 2885 5660 τὸ
2931 5599 3100 5675 τῆσδε
3146 5603 3246 5671 τῆς
3309 5599 3698 5676 μεταφράσεως

2039 5690 2279 5772 πέλαγος
2320 5689 2633 5769 διεπέρασα.
