4100 6418
422 397 539 458 345

493 526 717 584 Πολλοῦ
768 526 816 584 δ’
866 529 924 584 ἂν
973 530 1320 604 ἐτιμησάμην
1372 530 1542 606 εὑρεῖν
1591 553 1713 586 τινα
1756 535 1863 587 τῶν
1911 535 2162 601 τυπο-Α

418 618 794 697 γραφούντων,
856 618 1001 680 ὅστις
1060 619 1174 692 ἅμα
1228 624 1306 691 τῷ
1362 621 1619 693 Ῥωμαίῳ
1669 621 1758 676 καὶ
1805 622 1897 676 τὸν
1954 620 2079 676 Ἐλ-

421 708 649 779 ληνικὸν
705 707 1006 784 Γρηγόριον
1057 709 1316 763 ἐκτυποῦν
1365 705 1644 779 ἐϐούλετο,
1691 709 1782 765 ’ίνα
1828 715 1935 765 τῶν
1981 711 2080 765 ἐπ-

422 799 778 872 ανορθώσεων
833 797 1068 870 ἐκείνων,
1103 798 1163 860 ἃς
1211 797 1269 852 ἐκ
1295 804 1402 853 τῶν
1434 807 1534 869 τῆς
1580 799 1902 875 βασιλίσσης
1932 802 2075 855 ἀντι-

424 887 649 964 γράφων
708 881 922 959 ἔλαϐον,
973 887 1119 959 αὐτῷ
1172 886 1484 960 μεταδοίην.
1536 890 1683 943 Ἐπεῖ
1748 887 1804 943 δὲ
1844 890 2077 962 τοιούτῳ

422 977 525 1031 τινὶ
558 975 798 1052 ἐντυχεῖν
852 977 950 1031 οὐκ
998 975 1264 1052 ἐξεγένετὸ
1320 999 1436 1050 μοι,
1487 978 1515 1032 ὃ
1567 977 1759 1034 λοιπόν
1794 978 1925 1048 ἐστι,
1983 980 2073 1033 τὸν

422 1068 689 1138 Ῥωμαῖον
742 1063 1028 1140 ἐκδίδωμι,
1079 1066 1126 1120 εἷ’
1179 1068 1272 1140 μὲν
1323 1068 1459 1142 πρὸς
1505 1069 1604 1137 τὴν
1641 1073 1738 1122 τοῦ
1771 1069 2076 1144 Γρηγορίοο

420 1154 721 1230 λογιότητα
772 1157 860 1210 καὶ
922 1155 1330 1234 μεγαλοφωνίαν
1382 1164 1814 1234 παραμετροῖτο,
1865 1158 2073 1234 παραρ-

416 1244 841 1323 ῥιφθησόμενον,
876 1245 932 1299 εὖ
983 1242 1123 1317 οῖδα,
1176 1246 1251 1308 ὡς
1307 1245 1521 1308 οὐδενὸς
1554 1247 1696 1317 ἄξιον
1758 1246 1802 1301 εἰ
1850 1244 1907 1301 δὲ
1937 1248 2074 1322 πρὸς

410 1335 509 1403 τὴν
545 1336 816 1410 ἡμετέραν
850 1333 1099 1407 δύναμιν,
1135 1335 1196 1389 οὐ
1247 1337 1438 1411 μικρὸν
1493 1333 1623 1398 ἴσως
1671 1337 2070 1414 φανησόμενον.

417 1423 702 1478 Ἐπιεικῶν
737 1422 792 1478 δὲ
833 1425 1134 1501 ἀνθρώπων
1183 1424 1291 1479 ἐστὶ
1338 1425 1398 1480 τὸ
1451 1426 1585 1479 κατὰ
1635 1423 1859 1498 δύναμιν
1912 1427 2071 1480 ἀπαι-

418 1517 551 1578 τεῖν,
584 1513 672 1566 καὶ
719 1511 887 1586 μηδὲν
933 1512 1122 1589 πὸῥρω
1174 1513 1469 1583 ἐπιζητεῖν.
1499 1514 1793 1591 ’Έρῥωσθε,
1828 1516 1873 1569 ὦ
1919 1515 2071 1593 φίλαι

419 1599 668 1677 κεφαλαὶ,
703 1602 792 1656 καὶ
825 1602 961 1679 πρὸς
988 1604 1087 1673 τὴν
1119 1601 1584 1675 ὁποιανδηποτοῦν
1615 1603 1865 1680 ἐργασίαν
1913 1608 2074 1678 ἡμῶν

417 1689 696 1766 εὔγνωμον
705 1697 830 1748 εἴτε.

1438 398 1771 461 JOANNIS
1818 397 2358 461 LEUVENKLAII
2402 400 2843 462 PREFATIO.

3731 401 3852 461 346

2263 535 2477 590 Mirum
2521 552 2690 606 porro
2741 553 2833 591 me
2871 536 3061 592 tenuit
3101 535 3457 591 desiderium
3500 536 3856 609 typograpbi

2192 627 2290 695 qui
2326 641 2442 679 una
2474 641 2608 679 cum
2640 627 2902 681 versione
2935 625 3091 697 prelo
3124 626 3411 695 subjicere
3441 625 3610 680 vellet
3628 630 3851 680 textum

2190 714 2829 786 GregoriiGrzecum.ut
2864 715 2996 770 illas
3032 715 3144 786 ipsi
3169 715 3457 770 traderem
3505 731 3652 785 quas
3683 731 3850 769 erue-

2190 821 2314 859 ram
2349 821 2378 857 e
2410 803 2624 874 reginae
2656 804 3089 876 exemplaribus
3121 805 3579 859 emendationes.
3617 805 3688 857 At
3736 802 3852 857 voti

2189 895 2430 949 minime
2461 909 2723 964 compos,
2753 895 3066 967 diligenter
3098 893 3408 965 quaesitum
3435 909 3548 947 non
3583 892 3796 947 offendi
3834 908 3848 946 :

2187 986 2341 1054 quod
2405 985 2582 1056 igitur
2638 989 2930 1057 superest,
2989 981 3528 1052 interpretationem
3582 981 3850 1036 Latinam

2187 1075 2410 1129 emitto.
2446 1075 2503 1129 Si
2540 1075 2945 1146 perpenbatur
2992 1072 3060 1125 ad
3118 1073 3452 1126 facundiam
3505 1070 3766 1142 Gregorii
3797 1074 3853 1125 et

2185 1161 2530 1217 elocutionis
2586 1163 2956 1234 dignitatem,
2991 1160 3190 1215 nullus
3239 1159 3441 1214 dubito
3498 1159 3638 1229 quin
3673 1176 3851 1230 repu-

2185 1252 2477 1320 dietur,ut
2495 1253 2716 1307 nullius
2748 1251 2953 1322 pretii;
2989 1251 3038 1304 si
3071 1267 3202 1305 vero
3238 1249 3506 1320 exigatur
3525 1249 3597 1303 ad
3630 1248 3849 1303 virium

2188 1347 2518 1398 nostrarum
2576 1341 2902 1406 modulum,
2957 1357 3072 1394 non
3124 1339 3554 1394 contemnenda
3603 1338 3851 1393 fortasse

2183 1430 2492 1486 videbitur.
2536 1430 2637 1484 Vir
2664 1431 2852 1484 bonus
2883 1429 2940 1483 id
2973 1429 3151 1500 exigit
3182 1428 3335 1498 quod
3368 1426 3590 1481 viribus
3614 1442 3824 1497 respon

2181 1522 2302 1588 det,
2363 1521 2508 1578 nihil
2558 1521 2733 1577 ultra.
2794 1520 3014 1585 Valete,
3047 1520 3235 1583 amici,
3290 1524 3349 1574 et
3395 1518 3852 1589 qualiscumque

2183 1609 2366 1664 nostri
2393 1609 2616 1665 laboris
2646 1624 2939 1664 memores
2968 1624 3067 1662 vos
3091 1612 3405 1678 gratosque
3432 1607 3704 1678 prmbete.

417 1869 3841 1891 Ἡ

1682 2033 2011 2094 JOANNIS
2061 2032 2593 2093 LEUVENKLAII

415 2179 496 2234 Ad
539 2180 1065 2235 reverendissimum
1094 2190 1146 2237 et
1177 2180 1631 2237 illustrissimum
1650 2184 1968 2252 Principem
1991 2183 2050 2237 D.
2086 2184 2372 2249 Joannem,
2407 2181 2942 2245 Monasteriensium,
2977 2181 3461 2248 Osnabrugiorum
3492 2188 3541 2234 et
3585 2179 3854 2235 Paderbo-

661 2255 886 2306 nierum
923 2255 1250 2321 antistitem,
1283 2255 1638 2310 nobilissima
1668 2258 1939 2309 comitum
1974 2255 2320 2308 Hoianoru-m
2355 2259 2514 2324 gente
2542 2262 2755 2317 natum,
2791 2253 3077 2307 dominum
3119 2269 3285 2306 suum
3312 2252 3614 2306 clementis-

1371 2328 1606 2397 simum,
1631 2328 1691 2380 in
1720 2326 1976 2396 Gregorii
2003 2328 2362 2382 Nazianzeni
2391 2325 2694 2380 editionem
2723 2341 2902 2379 suam.

1961 2627 2302 2669 PROOEMIUM

486 2789 646 2840 Inter
675 2785 808 2853 alia,
845 2804 970 2859 quas
1005 2789 1210 2860 primis
1236 2790 1308 2845 ab
1339 2791 1509 2846 annis
1552 2806 1733 2862 supra
1777 2808 1869 2846 res
1902 2796 2074 2846 csate-
2105 2794 2152 2858 B
2184 2791 2463 2862 aliquem,
2490 2791 2739 2846 aliorum
2765 2789 3255 2862 quoquejudicio,
3286 2791 3642 2844 consecutus
3687 2787 3852 2841 vide-

421 2890 515 2928 ras
548 2874 745 2930 animo
799 2892 926 2931 meo
979 2879 1213 2933 fuerunt
1263 2879 1322 2934 in
1392 2880 1617 2935 deliciis
1668 2885 1726 2935 et
1759 2881 2080 2948 amoribus,

419 2964 905 3020 reverendissime
944 2983 1008 3020 ac
1041 2966 1441 3023 illustrissime
1502 2969 1797 3040 Princeps,
1848 2986 2081 3040 semper

416 3053 643 3106 occulta
675 3055 927 3125 quadam
972 3060 1029 3109 et
1069 3056 1393 3111 incredibili
1427 3064 1646 3112 natura
1692 3059 2080 3129 prepensione

417 3147 533 3195 tam
559 3141 906 3209 litterarum,
923 3161 1098 3215 quam
1124 3146 1498 3216 antiquitatis
1516 3147 1722 3202 Graecae
1745 3148 2078 3202 studiosum

418 3247 511 3285 me
541 3231 732 3286 fuisne
769 3234 980 3287 fateor:
1014 3250 1130 3304 qua
1147 3234 1384 3305 quidem
1411 3235 1613 3308 lingua
1632 3236 1826 3291 omnis
1848 3237 2078 3308 generis

415 3321 842 3388 doctrinarum,
876 3327 934 3376 et
979 3323 1280 3394 sapientiae
1321 3326 1630 3380 thesauros
1677 3326 2079 3396 amplissimos

415 3410 700 3464 contineri
736 3411 1284 3468 animadverterem.
1327 3414 1442 3468 Hac
1490 3431 1628 3469 usos
1677 3420 1801 3469 tum
1855 3415 2078 3486 priscos

416 3497 546 3552 illos
580 3499 984 3571 philosophos,
1010 3507 1134 3555 tum
1168 3503 1522 3558 recentiores
1553 3519 1755 3558 eorum
1792 3503 2076 3574 interpre-

415 3589 524 3657 tes,
555 3587 654 3659 qui
686 3605 750 3643 se
799 3588 1008 3644 scholas
1056 3590 1368 3646 Platonicae
1419 3609 1789 3648 successores
1833 3592 2078 3647 Athenis

416 3675 814 3747 appellabant,
834 3680 1120 3750 quidquid
1145 3680 1216 3735 de
1245 3684 1370 3735 arte
1401 3680 1752 3745 disserendi,
1786 3681 1855 3735 de
1885 3685 2077 3735 orato-

416 3765 523 3834 ria,
563 3765 634 3820 de
665 3766 820 3821 civili
873 3768 1205 3838 prudentia,
1257 3770 1328 3823 de
1390 3769 1677 3836 moribus,
1736 3769 1808 3823 de
1866 3775 2079 3823 natura

412 3870 630 3926 rerum,
665 3856 736 3909 de
766 3857 1136 3926 geometricis
1168 3857 1700 3929 astronomicisque
1748 3856 2077 3927 disciplinis

412 3943 562 3999 tradi
586 3948 795 4015 potest,
814 3945 1139 4000 litterarum
1165 3946 1561 4002 monumentis
1585 3945 1918 4017 complexos
1949 3962 2079 4001 esse

413 4032 684 4088 videbam
738 4034 899 4091 :hac
934 4033 1325 4090 maximarum
1377 4052 1478 4107 per
1526 4039 1724 4090 orbem
1774 4040 2076 4106 gestarum

415 4137 610 4176 rerum
647 4122 922 4178 historias
973 4125 1387 4195 comprehendi
1421 4141 1433 4181 :
1461 4125 1567 4180 hac
1599 4126 1740 4179 artis
1774 4126 2075 4180 medicinis

411 4227 627 4266 arcana
677 4213 969 4268 memoriae
1025 4213 1191 4284 prodi
1229 4231 1240 4269 :
1275 4214 1384 4269 hac
1439 4214 1758 4269 illustrium
1812 4215 2075 4270 Ecclesiae

406 4300 622 4356 veteris
668 4300 980 4357 hominum
1023 4303 1094 4357 de
1148 4303 1332 4358 sacris
1381 4304 1555 4359 rebus
1599 4305 2078 4360 accuratissimas

407 4389 844 4461 disputationes
867 4407 997 4446 esse
1027 4392 1359 4461 expositas:
1389 4392 1447 4446 in
1481 4392 1630 4448 hanc
1654 4393 2077 4464 deniquejuris

410 4476 587 4531 etiam
632 4477 842 4543 civilis,
894 4495 1010 4549 quo
1053 4478 1294 4550 utimur,
1329 4480 1511 4535 libros
1559 4480 1639 4536 ita
1688 4482 2077 4553 transcriptos

410 4581 563 4632 esse,
595 4570 659 4620 ut
688 4566 876 4622 multa
907 4568 1053 4632 loca,
1079 4569 1431 4640 cmteroquin
1466 4569 1916 4639 obscurissima,
1953 4570 2073 4625 sin-

410 4655 613 4729 gulare
636 4657 931 4727 quoddam
947 4657 1507 4728 exinterpretatione
1528 4657 1859 4713 Graecorum
1875 4656 2075 4713 lumen

413 4744 727 4816 accipiant.
752 4746 916 4809 Quod
949 4761 1088 4800 sane
1121 4751 1510 4818 postremum,
1543 4747 1777 4802 tametsi
1807 4748 1879 4802 de
1909 4746 2075 4802 libris

410 4834 767 4905 quibusdam
801 4834 1087 4891 hactenus
1118 4837 1290 4892 editis
1310 4837 1559 4908 perspici
1583 4838 1730 4892 satis
1753 4838 1938 4908 possit
1961 4855 1974 4905 ;
1996 4841 2076 4892 ta-

409 4940 542 4978 men
579 4923 746 4995 longe
771 4923 1002 4994 planius
1026 4927 1351 4996 apparebit,
1386 4927 1486 4981 ubi
1511 4925 1878 4982 Lxlibrorum
1911 4928 2073 4981 Βασι-

408 5009 579 5066 λικῶν
612 5013 866 5084 epitome
911 5013 1398 5085 locupletissima,
1433 5033 1609 5088 quam
1661 5033 1695 5070 a
1742 5015 2073 5072 clarissimo

362 5145 371 5155 .
405 5101 546 5168 viro,
577 5102 804 5158 Joanne
835 5103 1150 5172 Sambuco,
1178 5108 1448 5160 Caesarea:
1473 5105 1706 5160 familia
1729 5105 2070 5174 domestico,

403 5190 643 5247 homine
696 5192 841 5247 mihi
883 5194 1247 5250 amicissimo
1297 5201 1501 5250 nactus
1562 5211 1717 5265 sum,
1763 5195 1822 5248 in
1881 5193 2071 5250 lucem

403 5297 576 5353 opera
599 5286 804 5337 nostra
845 5283 1146 5353 prodierit.

475 5369 602 5426 Haec
636 5376 1154 5443 egoposteaquam
1177 5373 1395 5428 Graecis
1426 5373 1710 5429 contineri
1740 5371 1952 5430 litteris
1972 5390 2074 5445 per

411 5463 639 5514 aetatem
671 5460 1002 5532 intelligere
1032 5462 1202 5534 ccepi,
1227 5462 1311 5517 sic
1336 5465 1464 5533 ejus
1488 5479 1580 5518 me
1624 5462 1836 5535 linguas
1876 5464 2072 5518 studio

2192 2897 2284 2935 rer
2317 2899 2329 2948 ;
2365 2881 2589 2935 liberali
2611 2881 2867 2950 quodam
2901 2880 3079 2934 animi
3115 2879 3424 2946 desiderio,
3450 2883 3503 2933 et
3535 2877 3852 2932 ambitione

2192 2969 2439 3024 honesta
2468 2970 2716 3038 (fatebor
2752 2969 2911 3024 enim
2963 2969 3117 3039 quod
3162 2985 3252 3022 res
3293 2968 3401 3038 est)
3435 2966 3737 3032 excitatus,
3789 2967 3848 3020 in

2191 3057 2300 3114 hoc
2328 3060 2468 3114 totis
2500 3058 2722 3113 viribus
2746 3058 3207 3113 inrumbendum
3232 3057 3394 3122 duxi,
3417 3061 3480 3109 ut
3501 3056 3548 3109 si
3574 3056 3670 3126 qui
3697 3061 3849 3109 vete-

2190 3165 2322 3202 rum
2346 3146 2822 3203 Graecorumlibri
2847 3146 2933 3200 vel
2973 3146 3236 3200 Latinam
3265 3145 3322 3198 in
3359 3145 3620 3214 linguam
3656 3143 3848 3198 hacte-

2189 3255 2303 3292 nus
2353 3237 2618 3292 conversi
2678 3253 2790 3290 non
2849 3240 3066 3297 essent,
3124 3233 3209 3289 vel
3249 3234 3306 3287 in
3359 3232 3848 3288 bibliothecarum

2188 3327 2445 3382 tenebris
2468 3326 2874 3381 delitescentes
2903 3324 3152 3379 necdum
3186 3323 3335 3377 lucis
3391 3338 3634 3376 usuram
3685 3339 3846 3376 acce-

2190 3415 2437 3487 pissent,
2469 3432 2596 3469 meo
2628 3414 2823 3469 studio
2842 3421 2968 3467 tum
2995 3414 3263 3467 Latinam
3287 3415 3502 3465 vestem
3529 3411 3846 3464 induerent

2187 3508 2312 3558 tum
2374 3520 2442 3558 ea
2501 3504 2759 3559 exornati
2812 3502 3044 3574 publice
3102 3501 3404 3555 hominum
3475 3499 3662 3554 oculis
3723 3516 3850 3554 sese

2189 3594 2541 3662 spectandos
2584 3592 2946 3648 exhiberent.
2999 3595 3118 3646 Hoc
3164 3590 3336 3644 modo
3387 3592 3848 3644 consecuturum

2190 3700 2282 3737 me
2313 3683 2644 3754 Sperabam,
2697 3687 2761 3736 ut
2792 3698 2905 3736 non
2959 3682 3174 3751 ignava
3223 3678 3462 3750 pecudis
3512 3678 3570 3731 in
3625 3693 3847 3731 morem

2187 3770 2366 3825 vitam
2403 3771 2552 3827 hanc
2574 3771 3015 3834 transirem,sed
3041 3765 3652 3836 emolumentialiquid
3679 3766 3848 3819 atfer-

2189 3877 2309 3914 rem
2335 3860 2412 3914 rei
2439 3860 2754 3923 litterariae,
2779 3875 2956 3929 quam
3000 3875 3032 3912 a
3073 3873 3252 3928 puero
3293 3872 3556 3909 meorum
3592 3854 3851 3909 auctori-

2187 3952 2306 4003 tate
2336 3949 2618 4019 iussuque
2650 3947 2986 4004 coluissem:
3026 3951 3082 4000 et
3129 3945 3282 4017 apud
3311 3944 3490 3999 bonos
3529 3942 3848 4016 Optabilem

2189 4036 2332 4092 mihi
2366 4037 2624 4091 nominis
2655 4035 3146 4091 existimationem
3181 4049 3468 4104 pararem.

2261 4126 2458 4196 Itaque
2491 4141 2686 4180 meum
2709 4125 2817 4179 hoc
2849 4124 3190 4178 institutum
3233 4129 3297 4177 ut
3326 4139 3390 4177 eo
3427 4121 3656 4176 felicius
3679 4139 3848 4193 urge-

2192 4232 2337 4284 rem,
2380 4215 2440 4269 in
2465 4215 2614 4270 hanc
2634 4214 3023 4269 clarissimam
3057 4213 3260 4268 urbem
3297 4199 3388 4266 me
3438 4210 3680 4281 contuli,
3720 4229 3850 4282 quas

2190 4306 2262 4360 ob
2294 4305 2612 4375 insignium
2645 4303 3139 4377 typographorum
3173 4301 3461 4367 ofﬁcinas,
3494 4318 3610 4355 non
3635 4302 3690 4354 in
3714 4303 3850 4355 Ger-

2190 4394 2387 4448 mania
2418 4393 2590 4448 modo
2623 4399 2843 4460 nostra,
2878 4393 2978 4446 sed
3011 4391 3172 4447 omni
3215 4391 3391 4445 etiam
3430 4391 3661 4460 Europa
3683 4389 3852 4459 longe

2189 4480 2421 4553 lateque
2470 4480 2678 4536 merito
2740 4481 3090 4537 celebratur.
3142 4479 3245 4534 Hic
3290 4480 3433 4533 dum
3480 4478 3853 4549 publicandis

2186 4570 2438 4642 egregiis
2458 4569 2812 4641 quibusdam
2831 4568 3157 4640 priscorum
3173 4566 3571 4622 monumentis
3590 4566 3850 4637 invigilo,

2188 4677 2381 4715 annus
2413 4660 2540 4729 jam
2576 4659 2717 4713 mihi
2770 4658 3017 4729 quintus
3057 4657 3253 4728 agitur
3301 4657 3438 4728 (quo
3482 4655 3728 4726 publicas
3770 4655 3853 4710 rei

2187 4751 2381 4804 fructu
2414 4748 2652 4819 nescio),
2673 4764 2788 4802 non
2821 4748 2948 4801 sine
2979 4747 3126 4800 meis
3149 4750 3300 4800 certe
3321 4743 3623 4798 laboribus
3638 4759 3850 4797 erum-

2187 4837 2397 4909 nisque
2428 4837 2724 4902 maximis,
2773 4854 2900 4907 quae
2933 4835 3220 4890 hactenus
3265 4833 3409 4888 mihi
3452 4849 3586 4886 cum
3646 4831 3851 4903 aliquo

2187 4943 2611 4998 nonnunquam
2629 4925 2984 4981 valetudinis
2997 4924 3345 4979 detrimento
3365 4919 3849 4976 suntexantlatae.

2187 5018 2344 5072 Inter
2376 5016 2520 5071 alios
2569 5021 2768 5070 autem
2817 5015 3151 5086 scriptores,
3215 5028 3363 5083 quos
3423 5015 3578 5065 certo
3622 5009 3848 5081 judicio

2186 5106 2437 5162 delectos
2469 5105 2753 5160 librorum
2791 5122 2906 5162 non
2931 5105 3222 5159 editorum
3258 5101 3595 5157 accessione
3637 5098 3853 5171 ampli-

2185 5196 2445 5251 ficandos
2476 5201 2534 5251 et
2564 5195 2624 5250 in
2657 5210 2988 5250 sermonem
3046 5191 3314 5247 Latinum
3370 5189 3851 5244 transcribendos

2182 5284 2532 5352 existimavi,
2566 5285 2732 5339 facile
2785 5283 3105 5355 principem
3140 5280 3250 5335 sibi
3295 5278 3488 5334 locum
3538 5278 3855 5348 Gregorius

2183 5374 2277 5430 hic
2296 5373 2783 5438 nostervindicat,
2815 5371 2906 5427 cui
2940 5373 3012 5427 ob
3042 5385 3339 5426 summam
3377 5383 3576 5423 rerum
3619 5366 3852 5421 divina-

2185 5481 2315 5520 rum
2360 5463 2650 5534 peritiam,
2685 5463 3013 5518 secundum
3062 5461 3342 5516 Joannem
3400 5457 3733 5529 apostolum
3784 5471 3853 5510 ex

409 5548 563 5608 dedi.
599 5548 825 5605 nullum
875 5554 938 5605 ut
985 5555 1220 5621 tempus
1263 5552 1423 5608 abire
1466 5552 1742 5621 sinerem,
1795 5569 1910 5623 quo
1955 5569 2071 5609 non
2100 5540 2147 5605 Ι)
2184 5548 3651 5625 priscisdoctoribussoli,Theologicognomentum
3675 5561 3850 5626 pecu.-

411 5634 643 5708 aliquos
673 5636 733 5692 in
765 5654 832 5693 ea
863 5638 1236 5710 percipienda
1265 5657 1611 5712 progressus
1644 5641 1914 5696 facerem.
1947 5641 2068 5697 Ista

410 5726 1062 5800 qualiqualidiligentia
1090 5744 1220 5785 mea
1250 5745 1385 5785 cum
1417 5730 1655 5787 tandem
1707 5745 1880 5786 usum
1932 5730 2062 5801 ejus

2177 5641 2401 5697 liariter
2424 5644 2513 5696 est
2555 5638 3084 5708 concessum.Ejus
3125 5634 3580 5708 praeclarissima
3621 5631 3845 5705 ingenil

2177 5733 2580 5798 monumenta,
2642 5745 2769 5802 qua
2828 5728 3066 5800 quidem
3116 5725 3270 5801 typis
3301 5739 3577 5797 expressa
3607 5719 3843 5796 prodie-
