4100 6462
225 423 344 485 347

1242 423 1573 486 JOANNIS
1623 421 2148 484 LEUVENKLAII
2191 419 2639 482 PREFATIO.

3527 410 3645 471 348

230 569 387 633 rant,
431 561 569 634 quia
603 561 886 619 miserum
930 562 989 617 in
1035 563 1276 617 modum
1313 562 1385 616 ab
1427 561 1741 632 interprete
1797 558 1880 614 sic
1910 560 1964 627 Α
1993 559 2379 629 Hieronymus
2436 554 2704 624 Wolﬁus,
2755 551 2844 606 vir
2896 547 3284 614 clarissimus,
3341 548 3534 602 Grace
3593 551 3650 602 et

232 656 478 709 tractata
507 652 801 722 videbam,
837 657 900 705 ut
922 651 1129 724 exiguo
1164 668 1295 706 cum
1347 650 1653 705 hominum
1688 649 1875 703 fructu

232 742 328 813 (ne
361 741 502 811 quid
525 742 759 813 gravius
775 741 1324 812 dicam),cateroqui
1347 739 1517 811 longe
1541 739 1876 804 utilissima,

231 830 662 886 lectitarentur:
690 831 834 902 coepi
872 831 1104 884 tandem
1130 829 1500 884 hortantibus
1523 827 1751 894 amicis,
1783 827 1879 895 qui

232 920 380 975 tanti
411 920 519 973 viri
551 926 669 973 tam
699 920 944 974 barbare
991 919 1300 988 garrientis
1342 919 1495 988 apud
1547 934 1653 971 nos
1695 917 1880 970 vicem

233 1009 519 1074 dolerent,
569 1009 641 1062 ad
682 1009 808 1077 ejus
858 1007 1392 1078 interpretationem
1428 1006 1695 1061 animum
1736 1005 1884 1075 adji-

235 1114 383 1155 cere.
419 1098 660 1152 Factum
701 1097 809 1152 hoc
845 1100 934 1151 est
966 1101 1098 1151 ante
1129 1099 1280 1151 totos
1303 1099 1556 1165 quatuor
1586 1111 1792 1162 annos,
1824 1093 1883 1148 id

237 1188 391 1260 quod
425 1191 480 1241 et
510 1185 804 1242 Guillelmi
837 1186 1087 1251 Canteri,
1135 1189 1192 1240 et
1239 1185 1466 1240 Martini
1517 1185 1727 1254 Crusii,
1768 1183 1883 1238 cla-

237 1277 610 1332 rissimorum
660 1274 940 1342 virorum,
991 1291 1056 1330 ac
1103 1274 1449 1347 plerumque
1478 1273 1657 1344 hujus
1681 1274 1883 1328 acade-

239 1366 368 1422 mia
400 1367 701 1420 doctorum
731 1364 1086 1420 testimoniis
1108 1365 1413 1420 ostendere
1441 1379 1704 1435 possum.

308 1473 452 1527 Cum
486 1475 681 1527 autem
730 1470 788 1526 id
838 1472 1078 1526 omnino
1128 1472 1314 1526 facere
1362 1487 1496 1527 cum
1537 1471 1730 1526 animo
1761 1487 1888 1526 meo

235 1559 693 1625 constituissem,
747 1560 827 1614 ita
888 1559 1034 1614 mihi
1087 1559 1508 1614 elaborandum
1575 1559 1683 1614 hoc
1741 1575 1889 1630 opus

237 1649 670 1718 existimabam,
708 1652 771 1703 ut
799 1653 854 1704 et
883 1648 1174 1721 legentum
1207 1648 1623 1720 exspectationi
1656 1648 1888 1703 satisfa-

241 1743 412 1807 ceret,
447 1743 503 1793 et
535 1738 624 1794 sui
659 1738 911 1795 auctoris
951 1738 1132 1794 libros
1167 1739 1300 1794 illos
1332 1756 1565 1810 quoque
1601 1754 1798 1793 secum
1832 1735 1889 1791 in

241 1828 500 1884 medium
534 1829 836 1899 proferret,
872 1829 968 1900 qui
1011 1828 1224 1884 alicubi
1271 1828 1756 1884 bibliothecarum
1788 1827 1890 1881 ad-

238 1918 355 1974 huc
388 1917 715 1972 carceribus
767 1917 951 1972 clausi
988 1917 1440 1973 continerentur.
1473 1918 1556 1972 Ad
1589 1917 1737 1971 hanc
1771 1931 1891 1968 rem

241 2007 656 2080 perficiendam
696 2007 973 2078 temporis
1005 2007 1240 2079 aliquod
1284 2007 1542 2078 spatium
1577 2005 1756 2060 fuisse
1790 2021 1887 2058 ne-

243 2095 596 2160 ncssarium,
631 2095 881 2167 perspici
914 2095 1080 2151 facile
1101 2097 1205 2150 abs
1227 2095 1431 2167 quovis
1463 2098 1673 2166 potest.
1736 2093 1890 2147 Inte-

244 2185 358 2241 rim
408 2184 467 2239 in
513 2184 717 2240 Galliis
753 2185 841 2239 vir
898 2185 1298 2252 doctissimus,
1347 2185 1606 2240 Jacobus
1665 2181 1890 2247 Billius,

248 2274 711 2331 archimandrita
733 2273 1142 2340 Michaelinus,
1163 2274 1360 2329 itidem
1384 2274 1466 2327 uti
1488 2289 1614 2338 nos,
1635 2270 1897 2342 Gregorii

249 2369 464 2420 sortem
479 2365 745 2418 acerbam
763 2363 1099 2431 miseratus,
1122 2364 1394 2418 eumdem
1417 2361 1733 2417 exornandi
1766 2360 1895 2430 ejus

245 2453 463 2524 scripta
491 2452 773 2518 laborem,
806 2457 861 2508 et
890 2451 1124 2523 quidem
1162 2453 1365 2507 eodem
1395 2455 1898 2520 mecumtempore

249 2541 516 2612 suscipit.
555 2546 633 2596 De
655 2542 765 2595 hoc
787 2557 921 2596 cum
950 2558 1018 2596 ex
1050 2541 1277 2596 Canteri
1313 2541 1498 2596 nostri
1537 2539 1745 2594 litteris
1778 2553 1898 2592 cer-

245 2631 363 2688 tior
417 2631 602 2684 factus
649 2646 862 2700 essem,
913 2630 1021 2685 etsi
1061 2632 1188 2701 jam
1231 2631 1562 2701 complures
1609 2627 1901 2683 orationes

248 2721 454 2778 Latine
484 2719 947 2790 descripsissem,
968 2724 1164 2774 tamen
1193 2720 1262 2774 de
1293 2719 1495 2774 tabula
1516 2719 1694 2790 (quod
1715 2715 1901 2788 aiunt)

250 2825 492 2867 manum
526 2807 726 2863 tollere
757 2807 1105 2881 cogitabam,
1140 2809 1292 2880 quod
1316 2809 1626 2879 gauderem
1662 2806 1904 2862 alterius

250 2899 449 2955 labore
481 2897 822 2968 scriptorem
860 2897 1048 2967 illum,
1081 2897 1180 2968 qui
1210 2898 1386 2953 aliam
1411 2898 1470 2952 in
1503 2898 1761 2968 linguam
1789 2900 1903 2949 tra-

255 2987 393 3044 duci
435 3004 496 3042 se
542 2987 823 3057 perinvite
869 2992 1180 3058 pateretur,
1233 2988 1291 3041 in
1336 2986 1641 3042 hominum
1694 3002 1906 3040 manus

253 3076 574 3149 pervenire.
626 3075 739 3128 Nec
787 3076 1027 3131 deerant
1081 3075 1195 3130 alia
1235 3076 1501 3147 quadarn
1550 3076 1788 3146 scripta,
1840 3075 1908 3129 de

255 3165 474 3238 quibus
532 3169 752 3219 certam
786 3165 929 3220 mihi
983 3164 1303 3220 laureolam
1345 3164 1604 3236 polliceri
1653 3181 1909 3235 possem,

256 3254 579 3330 prasertim
607 3254 853 3309 antehac
874 3272 1115 3325 prorsus
1147 3254 1384 3326 ignotis,
1409 3260 1465 3310 et
1494 3260 1688 3310 tamen
1723 3253 1913 3325 appri-

258 3361 351 3400 me
382 3343 648 3398 utilibus.

331 3433 547 3488 Verum
602 3433 701 3487 ubi
757 3432 1030 3504 deinceps
1081 3431 1233 3487 edito
1297 3432 1495 3488 labore
1547 3431 1715 3501 Billii,
1769 3431 1915 3487 satis

262 3539 582 3588 cernerem,
615 3538 792 3593 quam
827 3521 1008 3576 multa
1039 3521 1202 3594 prius
1237 3539 1348 3578 non
1382 3523 1527 3590 visa,
1559 3522 1917 3594 quibusipse

263 3613 568 3679 caruisset,
603 3612 739 3668 hinc
772 3611 906 3668 inde
955 3613 1412 3684 congessissem;
1467 3612 1712 3667 minime
1755 3628 1917 3667 com-

267 3703 622 3760 mittendum
685 3703 907 3774 putavi,
969 3707 1031 3756 ut
1087 3702 1193 3756 viri
1249 3701 1384 3756 boni
1456 3719 1522 3757 ac
1572 3702 1917 3758 Nazianzeni

268 3797 534 3850 amantes
578 3793 809 3864 egregio
849 3793 1126 3846 thesauro
1169 3792 1598 3847 fraudarentur.
1635 3791 1758 3846 Feci
1812 3791 1919 3846 hoc

267 3898 335 3940 eo
389 3899 619 3953 quoque
659 3881 978 3951 lubentius,
1018 3882 1170 3952 quod
1202 3881 1339 3940 Elia
1380 3882 1671 3936 Cretensis
1694 3880 1920 3936 archie-

267 3971 492 4044 piscopi
542 3971 1098 4026 commentariorum
1141 3970 1201 4025 in
1259 3971 1689 4026 Nazianzenum
1739 3970 1919 4025 libros

268 4078 367 4117 xxx
398 4067 625 4128 nactus,
664 4059 947 4131 illisipsis
971 4061 1220 4115 ducibus
1260 4061 1332 4115 ad
1375 4061 1662 4115 eruendos
1694 4061 1922 4114 abstru-

269 4167 365 4206 sos
397 4151 454 4203 in
508 4149 796 4220 plerisque
849 4149 987 4203 locis
1032 4149 1376 4203 Nazianzeni
1435 4165 1646 4204 sensus
1695 4148 1778 4202 uti
1831 4165 1923 4203 me

269 4254 445 4312 posse
475 4253 689 4309 magna
723 4254 854 4291 cum
889 4237 1140 4292 utilitate
1171 4237 1443 4292 viderem.
1487 4242 1602 4292 Nec
1647 4242 1924 4308 praterea

269 4343 479 4400 parum
511 4331 655 4395 erat,
695 4327 903 4381 habere
935 4331 1019 4381 tot
1047 4326 1280 4398 egregia
1307 4326 1650 4382 Nazianzeni
1677 4327 1924 4396 scripto-

273 4431 407 4473 rum
439 4415 814 4486 exemplaria,
849 4415 1113 4485 pluribus
1146 4422 1278 4470 ante
1310 4415 1538 4470 saculis
1583 4433 1757 4470 manu
1791 4432 1922 4470 exa-

273 4511 422 4564 rata.
457 4509 603 4559 Nam
657 4510 724 4559 ut
774 4507 905 4560 dem
953 4503 1185 4560 Billium
1233 4507 1406 4560 etiam
1451 4506 1522 4560 de
1565 4503 1927 4560 Bibliotheca

275 4597 484 4668 regina
519 4612 636 4650 sua
677 4594 858 4650 libros
912 4595 1342 4651 vetustissimos
1383 4594 1698 4666 accepisse,
1724 4611 1924 4665 quem-

1990 648 2192 705 Latine
2235 662 2304 700 ex
2345 642 2821 715 interpretatione
2853 657 2959 696 sua
2990 637 3328 711 publicavit.
3361 637 3425 690 In
3457 653 3524 693 eo
3556 653 3648 692 me

1991 736 2234 793 minime
2278 733 2419 799 falli,
2466 733 2698 788 duobus
2741 727 3102 802 argumentis
3143 728 3349 781 docere
3380 743 3644 798 possum.

1993 827 2250 883 Primum
2288 825 2412 896 ipse
2451 823 2765 879 Choniatas
2819 820 3072 892 quodam
3125 817 3253 872 loco
3293 815 3648 871 versiculum

1993 916 2149 972 hunc
2181 913 2455 985 ascripsit
2488 930 2500 968 :

2261 1023 2394 1075 Θεοῦ
2433 1019 2493 1073 τὸ
2527 1015 2720 1094 δῶρον,
2753 1015 2843 1071 καὶ
2875 1013 3040 1076 πόνος
3069 1013 3372 1070 Χωνιάτου.

1994 1134 2116 1195 Quo
2147 1144 2317 1185 versu
2350 1125 2619 1195 indicari,
2644 1141 2768 1179 rem
2801 1122 3042 1194 quidem
3072 1120 3263 1192 ipsam
3297 1118 3399 1175 Dei
3429 1119 3652 1174 donum

1997 1237 2144 1286 esse,
2177 1234 2378 1274 verum
2422 1214 2760 1288 scriptionis
2810 1211 3068 1267 laborem
3097 1208 3390 1264 Choniata
3432 1206 3653 1278 deberi,

1998 1309 2192 1381 quivis
2223 1306 2689 1363 animadvertere
2721 1305 2933 1374 potest.
2962 1299 3177 1355 Deinde
3213 1297 3468 1369 sparsim
3495 1312 3654 1352 more

1999 1416 2104 1454 suo
2136 1397 2403 1469 quadam
2439 1395 2889 1466 epigrammata,
2916 1387 3166 1444 senariis
3188 1386 3460 1442 iambicis
3483 1385 3653 1450 facta,

1998 1485 2346 1543 Nazianzeni
2403 1481 2767 1538 orationibus
2828 1476 3107 1550 praeﬁxit:
3143 1476 3300 1546 quod
3359 1475 3553 1546 ipsum
3599 1473 3659 1526 in

2000 1594 2108 1633 sua
2137 1591 2370 1647 quoque
2431 1571 2563 1627 fecit
2617 1569 2885 1635 historia,
2931 1567 3085 1622 sicut
3133 1563 3311 1620 editio
3367 1562 3661 1618 Wolfiana

2001 1667 2383 1722 demonstrat.
2413 1662 2492 1716 Ea
2523 1677 2629 1715 nos
2665 1659 2865 1714 Latine
2894 1655 3154 1727 exposita
3185 1652 3308 1708 suis
3333 1651 3475 1706 locis
3497 1650 3658 1704 inse—

2001 1757 2252 1818 ruimus,
2285 1752 2343 1806 in
2371 1749 2850 1806 annotationibus
2891 1746 3088 1801 Graeca
3117 1742 3332 1806 daturi,
3355 1741 3425 1795 de
3447 1739 3660 1810 quibus

2003 1841 2241 1916 agnosci
2293 1840 2603 1895 Chionatas
2667 1836 2836 1907 plane
2895 1833 3128 1904 poterit.
3162 1831 3224 1885 In
3277 1829 3480 1884 eodem
3515 1828 3660 1881 libro

1927 1935 1967 1998 Β
2000 1939 2255 1989 extremo
2283 1931 2678 2000 fragmentum
2705 1923 3074 1996 publicarum
3113 1920 3439 1974 litterarum
3475 1917 3665 1972 cerni-

1998 2026 2114 2089 tur,
2148 2020 2364 2093 quibus
2397 2033 2576 2072 manu
2607 2032 2715 2070 sua
2735 2017 2987 2068 Joannes
3021 2010 3461 2065 Cantacuzenus
3491 2006 3670 2076 impe-

2002 2115 2160 2166 rator
2191 2106 2441 2176 rubrica,
2482 2121 2584 2176 pro
2637 2119 2818 2172 more,
2872 2098 3251 2169 subscripsit,
3285 2094 3672 2167 sequentibus

2000 2198 2175 2254 etiam
2210 2197 2384 2266 longa
2405 2193 2551 2249 serie
2569 2188 3104 2261 subscriptionibus
3128 2185 3460 2241 antistitum
3488 2199 3500 2237 :
3537 2181 3668 2237 Cal-

2003 2287 2146 2358 listi,
2173 2283 2512 2358 patriarcha
2535 2279 2835 2351 Byzantini
2864 2295 2876 2345 ;
2914 2275 3201 2332 Pbilotbei
3246 2271 3664 2341 Heracliensis,

2005 2377 2195 2449 quise
2241 2368 2503 2448 πρόεδρον
2552 2373 2656 2423 τῶν
2716 2364 3027 2442 ὑπερτίμων
3061 2362 3339 2436 appellat,
3389 2366 3446 2418 et
3493 2361 3666 2428 πάσης

2007 2464 2220 2540 Θρᾴκης
2269 2461 2358 2516 καὶ
2403 2456 2729 2519 Μακεδονίας
2780 2455 3028 2530 ἔξαρχον
3063 2453 3323 2526 Gregorii
3353 2449 3663 2507 Thessalo-

2008 2538 2286 2622 nicensis,
2332 2548 2563 2623 ἐξάρχου
2605 2547 2785 2614 πάσης
2829 2541 3142 2602 Θετταλίας*
3188 2540 3424 2596 Macarii
3476 2538 3669 2594 Phila-

2009 2641 2368 2714 delphensis,
2418 2636 2648 2712 ἐξάρχου
2704 2633 2880 2702 πάσης
2940 2628 3153 2701 Λυδίας,
3215 2630 3312 2700 qui
3373 2646 3434 2684 se
3495 2628 3670 2683 etiam

2010 2729 2301 2788 καθολικὸν
2335 2728 2525 2805 κριτήν
2577 2729 2683 2779 τῶν
2736 2719 3022 2795 Ῥωμαίων
3072 2723 3420 2792 nuncupat:
3455 2716 3672 2772 multo—

2011 2839 2146 2878 rum
2175 2821 2426 2890 denique
2474 2817 2744 2880 aliorum,
2781 2827 3032 2885 quorum
3070 2810 3311 2865 nomina
3355 2807 3672 2876 titulosque

2015 2913 2230 2968 referre
2260 2908 2552 2981 prolixum
2579 2905 2772 2960 fuerit.

2088 3000 2346 3055 Alterum
2379 3001 2573 3052 autem
2592 2993 2888 3065 exemplar
2918 2991 3086 3063 longe
3110 2989 3216 3044 boc
3247 2988 3423 3043 etiam
3442 2986 3678 3041 videtur

2020 3090 2342 3163 antiquius.
2377 3087 2727 3142 Litterarum
2759 3082 2994 3154 quidem
3026 3079 3316 3152 elegantia
3335 3075 3537 3133 multis
3553 3092 3678 3131 mo-

2021 3182 2112 3237 dis
2159 3184 2414 3253 prastat,
2467 3177 2562 3233 cui
2593 3175 2762 3247 plane
2795 3172 3108 3243 respondet
3157 3169 3498 3240 scriptionis
3529 3167 3676 3253 inte-

2027 3252 2210 3344 gritas
2247 3288 2259 3324 :
2293 3267 2508 3324 etenim
2557 3270 2720 3320 tanta
2752 3269 3053 3317 exaratum
3089 3264 3180 3314 est
3210 3257 3528 3329 diligentia,
3553 3252 3678 3308 nul-

2029 3342 2151 3417 lum
2186 3364 2250 3415 ut
2287 3358 2530 3413 verbum
2562 3355 2623 3410 in
2655 3371 2720 3410 eo
2766 3365 3068 3425 perperam
3103 3347 3390 3418 scriptum
3421 3342 3673 3415 reperia-

2025 3456 2141 3507 tur.
2175 3450 2314 3518 Ejus
2364 3445 2566 3501 utendi
2625 3447 2882 3515 potestas
2914 3457 2947 3494 a
2977 3435 3314 3494 Basiliensis
3368 3430 3676 3489 academia

2027 3538 2386 3605 doctoribus,
2417 3534 2556 3590 viris
2588 3537 2646 3588 et
2674 3530 2998 3589 eruditione
3030 3542 3282 3593 summa,
3316 3528 3372 3580 et
3402 3520 3678 3578 humani-

2027 3634 2144 3686 tate
2173 3625 2387 3684 eximia
2416 3621 2859 3697 prastantibus,
2889 3633 3141 3690 quorum
3164 3618 3352 3671 exstat
3379 3614 3437 3668 in
3468 3610 3680 3666 biblio-

2029 3720 2196 3775 theca
2228 3714 2483 3788 publica,
2510 3712 2762 3784 benigne
2788 3708 2928 3764 mihi
2965 3709 3115 3763 facta
3145 3710 3253 3762 est.
3283 3705 3524 3760 Constat
3553 3704 3686 3756 ante

2029 3825 2212 3865 annos
2242 3823 2328 3873 CL,
2360 3811 2621 3875 tempore
2653 3798 2883 3856 concilli
2917 3795 3255 3853 Basiliensis
3287 3794 3401 3849 huc
3443 3790 3684 3848 allatum

2029 3915 2176 3966 esse,
2208 3914 2274 3951 ac
2304 3895 2579 3963 deinceps
2625 3906 2838 3960 magna
2883 3886 3254 3941 veneratione
3302 3885 3685 3940 asservatum.

2030 3992 2406 4058 Interspersa
2456 3987 2595 4037 sunt
2627 3979 2847 4051 passim
2884 3976 3123 4047 pictura
3147 3973 3436 4046 quadam,
3472 3970 3690 4041 quibus

2032 4077 2362 4133 Gracorum
2413 4071 2662 4127 vestitus
2697 4073 2754 4123 et
2785 4067 3024 4121 habitus
3074 4064 3372 4135 eleganter
3414 4058 3690 4131 exprimi-

2029 4172 2145 4222 tur.
2181 4164 2394 4219 Eodem
2428 4161 2618 4233 imago
2652 4155 2908 4227 Gregorii
2942 4154 3295 4219 continetur,
3339 4151 3418 4205 ita
3450 4165 3691 4219 prorsus

2032 4256 2245 4323 efficta,
2282 4249 2787 4323 quemadmodum
2810 4247 2937 4316 ejus
2969 4250 3092 4299 tum
3116 4240 3280 4295 faciei
3314 4239 3687 4298 lineamenta,

2033 4348 2160 4398 tum
2189 4342 2436 4396 aliorum
2459 4338 2859 4393 membrorum
2885 4335 3130 4387 formam
3159 4327 3383 4382 Simeon
3404 4325 3500 4378 ille
3519 4324 3690 4378 Meta-

2035 4435 2305 4505 phrastes
2349 4427 2680 4499 descripsit,
2729 4425 2899 4494 cujus
2945 4419 3118 4475 verba
3159 4417 3303 4470 Vita
3344 4411 3691 4470 Nazianzeni

2035 4501 2303 4593 subjecta
2335 4521 2677 4589 sequentur.
2740 4514 2844 4568 His
2902 4527 3036 4583 ergo
3098 4525 3205 4565 nos
3264 4501 3695 4593 exemplaribus

2037 4590 2188 4677 freti,
2227 4614 2284 4664 et
2309 4609 2624 4679 depravata
2672 4603 2925 4675 plurima
2965 4598 3349 4662 correximus,
3383 4598 3440 4650 et
3489 4590 3698 4648 mutila

273 4686 659 4743 madmodum
695 4702 785 4741 res
816 4685 944 4756 ipsa
973 4685 1140 4740 docet
1168 4702 1180 4740 :
1216 4689 1411 4740 tamen
1445 4683 1617 4755 longe
1649 4700 1756 4739 nos
1777 4684 1924 4738 inte-
1962 4685 2004 4750 D
2041 4698 2359 4771 integritati
2394 4713 2512 4750 sum
2545 4693 2931 4749 τθειίωίωυε,

273 4777 568 4849 grioribus
600 4793 736 4831 usos
768 4792 917 4843 esse,
941 4775 1029 4829 vel
1061 4775 1195 4829 inde
1235 4774 1556 4846 perspicias
1591 4773 1747 4840 licet,
1772 4773 1927 4844 quod

275 4884 391 4922 non
425 4866 618 4922 solum
650 4883 737 4931 ea,
788 4882 913 4936 qua
970 4863 1171 4918 Billius
1207 4869 1388 4931 notat,
1422 4865 1480 4918 in
1514 4863 1732 4918 nostris
1767 4878 1928 4934 repe-

275 4956 534 5023 riantur;
568 4972 767 5010 verum
801 4955 975 5009 etiam
1010 4954 1156 5008 bene
1177 4953 1363 5025 longa
1383 4953 1603 5023 periodi
1637 4951 1930 5024 passimin

276 5046 542 5101 versione
591 5045 839 5100 Billiana
912 5043 1339 5109 desiderentur,
1383 5059 1529 5113 quas
1579 5041 1934 5113 exemplaria

279 5140 480 5189 nostra
511 5134 910 5204 suppeditant.
946 5132 1170 5188 Patebit
1199 5132 1309 5186 hoc
1340 5132 1410 5187 de
1440 5131 1932 5187 Annotationibus

279 5223 498 5279 nostris
529 5222 588 5276 in
622 5223 1075 5292 Nazianzenum,
1096 5239 1244 5293 quas
1276 5222 1386 5276 sub
1420 5220 1732 5276 tertiitomi
1758 5221 1931 5276 finem

280 5311 481 5367 lectori
513 5311 707 5365 daturi
739 5329 968 5366 sumus.

356 5419 512 5473 Inter
553 5417 668 5472 alia
693 5435 824 5472 vero
877 5418 1250 5489 exemplaria,
1294 5417 1513 5489 quibus
1562 5434 1771 5471 sumus
1822 5415 1933 5482 usi,

283 5507 399 5561 duo
432 5507 720 5576 praecipue
765 5507 1039 5560 celebrari
1075 5511 1394 5562 merentur.
1439 5507 1650 5561 Eorum
1684 5505 1934 5560 alterum

280 5596 567 5664 scriptum
602 5597 689 5646 est
705 5610 877 5647 manu
903 5593 1194 5650 Cboniata
1215 5595 1540 5650 Acominati
1561 5600 1693 5649 ante
1719 5593 1938 5665 aliquot

283 5684 517 5749 sacula,
563 5682 690 5749 ejus
714 5681 814 5749 qui
859 5683 1279 5749 imperatorum
1333 5685 1783 5756 Byzantinorum
1847 5700 1939 5738 res

281 5773 478 5844 gestas
534 5767 940 5837 compluribus
997 5769 1165 5829 libris
1222 5777 1312 5826 est
1365 5773 1724 5845 complexus,
1787 5787 1934 5844 quos

2115 4770 2189 4845 De
2219 4788 2353 4843 Elia
2412 4780 2851 4840 commentariis
2912 4778 3066 4834 aliud
3129 4775 3276 4830 nihil
3336 4773 3546 4839 dicam,
3583 4770 3694 4825 nisi

2040 4896 2186 4952 opus
2218 4879 2412 4949 ipsum
2446 4874 2766 4929 bonitatem
2800 4887 2971 4925 suam
3004 4866 3237 4923 abunde
3269 4865 3696 4920 commonstra-

2040 4975 2262 5025 turum.
2315 4965 2447 5021 Fuit
2487 4968 2643 5018 certe
2673 4962 2760 5015 vir
2792 4959 2911 5023 ille,
2955 4956 3429 5030 quandocunque
3459 4951 3697 5006 tandem

2040 5058 2181 5113 vixit
2208 5053 2376 5128 (nihil
2408 5053 2567 5109 enim
2619 5052 2687 5104 de
2721 5051 2828 5104 hoc
2873 5049 3043 5103 nobis
3091 5046 3362 5113 constat),
3410 5039 3700 5095 maximus

2042 5152 2098 5205 et
2129 5126 2511 5216 philosophus
2551 5144 2608 5196 et
2640 5139 2929 5211 thelogus,
2979 5135 3079 5207 qui
3134 5132 3400 5188 omnium
3451 5126 3703 5216 philoso-

2043 5237 2315 5309 phorum,
2343 5214 2668 5303 poetarum,
2720 5233 3045 5292 oratorum,
3091 5221 3523 5284 historicorum,
3559 5214 3699 5270 alio-

2044 5341 2295 5395 rumque
2317 5321 2501 5378 libros
2524 5316 2979 5390 diligentissime
3000 5313 3312 5380 lectitarat,
3336 5312 3456 5363 tam
3479 5310 3704 5395 veteres

2047 5394 2226 5486 quam
2270 5428 2471 5479 novos,
2525 5407 2849 5481 prasertim
2895 5402 3252 5468 Platonicos,
3291 5394 3703 5486 Porphyrium,

2046 5483 2457 5569 Iamblichum,
2489 5497 2781 5565 Proclum,
2814 5499 3052 5550 cateros
3084 5491 3180 5546 :id
3225 5488 3379 5561 quod
3427 5483 3594 5541 facile
3636 5483 3706 5536 de

2043 5591 2301 5649 thesium
2337 5588 2768 5650 communium,
2792 5600 2970 5656 quam
2989 5580 3194 5637 multis
3227 5578 3371 5634 locis
3389 5571 3706 5649 pulcherri-

2049 5697 2177 5737 mas
2208 5684 2262 5735 et
2288 5676 2563 5751 praclara
2621 5672 2888 5731 doctrina
2917 5671 3160 5727 refertas
3194 5666 3461 5736 inseruit,
3485 5666 3704 5718 tracta-

2046 5770 2208 5827 tione
2246 5765 2602 5838 deprehendi
2641 5765 2852 5836 potest.
2889 5759 3042 5817 Nihil
3063 5752 3702 5815 commentarioinora-
