4100 6412
375 399 488 458 3Δ9

1389 393 1720 457 JOANNIS
1765 393 2304 457 LEUVENKLAII
2347 393 2794 454 PREFATIO.

3679 393 3800 453 350

371 532 591 589 tionem
626 532 700 586 De
747 533 899 586 recta
951 528 1258 584 disserendi
1306 527 1370 584 de
1419 530 1522 584 Deo
1568 529 1804 600 ratione,
1855 545 2030 600 quam
2061 531 2115 596 Α
2143 531 2359 583 temere
2388 543 2650 598 vaneque
2681 527 2816 595 dici,
2847 543 3009 583 more
3067 543 3222 583 nunc
3271 527 3632 600 pervulgato,
3682 545 3796 600 quo

370 639 479 678 nos
509 621 570 676 in
607 620 810 676 ordine
861 619 1179 673 secundam
1233 618 1502 688 fecimus,
1553 617 1664 690 legi
1714 618 2027 690 perfectius

369 711 740 767 eruditiusve
774 714 984 782 potest.
1019 708 1088 762 Et
1119 708 1355 778 scripsit
1388 708 1584 762 omnia
1633 708 1833 779 phrasi
1889 723 2028 762 sane

373 798 757 873 pereleganti,
792 798 1031 864 munda,
1087 796 1328 851 minime
1383 798 1648 862 barbara,
1693 796 2024 867 cujusmodi

373 894 467 945 est
497 889 851 952 Graecorum,
886 887 983 958 qui
1019 885 1302 958 proximis
1334 886 1563 940 saeculis
1587 886 1872 953 vixerunt,
1895 903 2028 940 ora-

371 978 455 1034 tio
483 995 495 1033 :
530 979 602 1032 de
631 993 746 1050 quo
780 975 917 1031 licet
949 975 1261 1042 aestimare,
1297 991 1413 1030 non
1447 992 1633 1046 usque
1666 975 1809 1030 adeo
1834 991 2028 1030 recen-

371 1071 491 1122 tem
524 1066 704 1122 Eliam
738 1065 894 1120 hunc
923 1068 1191 1121 nostrum
1225 1080 1376 1133 esse,
1427 1064 1528 1120 sed
1576 1068 1710 1121 ante
1759 1063 2028 1137 pluscula

372 1172 513 1213 sane
545 1155 762 1211 saecula
791 1154 1024 1210 vixisse.

443 1261 637 1318 Faciet
695 1261 883 1333 ipsius
955 1261 1509 1316 commentariorum
1586 1261 1891 1317 lectionem
1965 1260 2022 1316 id

368 1367 605 1422 quoque
627 1351 1065 1421 jucundiorem,
1101 1351 1253 1421 quod
1287 1350 1370 1406 eis
1403 1350 1729 1422 fragmenta
1759 1353 2024 1422 quaedam

371 1440 724 1509 scriptorum
784 1444 1046 1495 veterum
1116 1440 1546 1504 contineantur,
1607 1457 1858 1512 quorum
1919 1459 2025 1497 nos

371 1529 546 1585 hodie
577 1528 756 1583 libros
790 1529 1047 1600 integros
1082 1545 1195 1584 non
1226 1528 1531 1584 habemus.
1568 1531 1724 1584 Inter
1753 1531 1898 1586 alios
1935 1536 2025 1586 est

375 1634 647 1674 summus
678 1617 775 1672 ille
808 1617 1119 1685 Maximus,
1173 1618 1344 1688 cujus
1396 1619 1637 1673 Lutetiae
1690 1619 2023 1692 publicatus

377 1711 466 1764 est
525 1708 584 1762 in
645 1707 904 1779 Dionysii
964 1707 1182 1778 scripta
1258 1709 1739 1763 commentarius.
1823 1710 2024 1766 Exstat

370 1797 637 1868 ejusdem
669 1797 822 1868 apud
857 1797 1081 1851 Graecos
1113 1795 1304 1851 adhuc
1336 1801 1434 1863 τῆς
1485 1794 1629 1858 θείας
1677 1793 2020 1872 λειτουργίας

371 1883 650 1961 ἒρμηνεία.
687 1885 857 1941 Liber
887 1886 958 1941 ad
991 1885 1388 1955 Thalassium,
1413 1887 1484 1941 ab
1507 1888 1708 1942 eodem
1740 1889 2018 1959 scriptus,
2052 1908 2100 1972 B

368 1975 670 2031 aMicaelo
704 1975 880 2047 Glyca
928 1976 1165 2043 citetur,
1227 1976 1396 2046 cujus
1455 1975 1708 2032 Annales
1768 1978 2018 2032 necdum

363 2065 551 2120 editos
582 2066 688 2119 hoc
721 2069 983 2136 tempore
1041 2065 1528 2134 interpretamur:
1589 2066 1848 2137 itemque
1895 2085 2020 2119 κατ-

366 2155 595 2229 ήχησις,
645 2158 702 2208 et
747 2152 903 2206 θείων
959 2149 1248 2226 δογμάτων
1299 2151 1586 2229 κεφάλαια,
1642 2157 1811 2224 cujus
1883 2154 2017 2211 libri

361 2248 560 2300 noster
581 2243 736 2299 Elias
759 2259 991 2315 quoque
1024 2242 1311 2297 meminit.
1339 2242 1535 2298 Multis
1567 2243 1741 2298 etiam
1773 2245 1832 2298 in
1876 2243 2019 2301 locis

364 2333 519 2389 Elias
546 2332 789 2390 indicat.
823 2349 883 2387 se
916 2331 1060 2387 alias
1091 2349 1326 2403 quoque
1357 2332 1700 2388 Nazianzeni
1725 2333 2018 2390 orationes

367 2423 672 2494 perpetuis
712 2421 1149 2477 commentariis
1181 2437 1508 2477 enarrasse.
1560 2422 1922 2494 Quapropter
1964 2428 2021 2479 et

370 2509 604 2565 Nicetes
633 2509 960 2579 Serronius,
1016 2515 1073 2565 et
1119 2511 1432 2582 Gregorius
1482 2511 1769 2580 Palamas,
1822 2516 1877 2567 et
1921 2512 2016 2567 alii

368 2599 579 2656 bacula
611 2599 788 2670 huius
821 2616 1014 2656 arasse
1044 2599 1222 2655 videri
1255 2605 1541 2672 possunt;
1579 2601 1733 2656 furta
1765 2602 2016 2672 quadem

370 2706 499 2746 esse
529 2689 702 2756 facta,
755 2689 954 2745 multis
1012 2689 1157 2746 locis
1203 2690 1562 2761 deprehendi
1610 2695 1820 2762 potest.
1872 2691 2021 2747 Citat

367 2779 589 2852 passim
623 2780 694 2834 de
725 2778 1067 2835 Nazianzeni
1110 2780 1400 2851 poematis
1450 2795 1656 2834 versus
1704 2781 2017 2851 quosdam,

365 2869 464 2940 qui
497 2885 632 2923 cum
664 2869 721 2922 in
756 2868 929 2924 editis
961 2885 1234 2939 prorsum
1268 2885 1382 2924 non
1425 2873 1741 2932 exstarent,
1791 2886 1898 2924 nos
1943 2870 2016 2924 ad

367 2959 802 3029 manuscriptos
823 2961 1160 3028 poematum
1184 2956 1365 3012 libros
1380 2963 1612 3013 nostros
1628 2965 2014 3024 recurrentes,

369 3047 677 3102 universos
735 3048 1096 3118 reperimus;
1159 3047 1215 3101 id
1268 3048 1424 3118 quod
1482 3046 1676 3102 divino
1735 3048 2016 3103 beneficio

367 3136 586 3192 factum
647 3136 1012 3199 crediderim,
1065 3140 1130 3190 ut
1188 3153 1302 3207 quo
1357 3141 1618 3208 tempore
1670 3137 2016 3192 Nazianzeni

362 3243 536 3298 opera
562 3224 662 3281 illa
687 3231 896 3280 nactus
919 3241 1130 3292 essem,
1157 3242 1228 3280 ne
1250 3225 1383 3297 quis
1401 3242 1467 3280 ea
1491 3225 1679 3297 ipsius
1711 3242 1838 3282 esse
1876 3227 2012 3281 infi-

356 3315 634 3378 ciaretur,
677 3315 936 3371 hominis
994 3316 1133 3370 certi
1179 3314 1514 3370 testimonio
1564 3317 1869 3372 commode
1927 3317 2012 3372 uti

355 3421 620 3477 possem.
646 3403 961 3459 Consimile
985 3403 1268 3474 quiddam
1291 3404 1347 3458 in
1378 3406 1648 3470 Caesarie,
1671 3405 2018 3461 Nazianzeni

360 3510 640 3568 germano
666 3495 862 3563 fratre,
888 3493 1028 3547 mihi
1063 3494 1352 3548 usuvenit.
1389 3495 1533 3549 Eum
1576 3499 1712 3549 ante
1768 3500 2020 3566 quatuor

367 3601 553 3640 annos
585 3583 786 3638 divina
827 3583 970 3637 mihi
1031 3582 1272 3654 largitas
1330 3583 1586 3650 obtulit;
1649 3600 1901 3654 cumque
1948 3586 2020 3639 de

374 3672 588 3744 scripto
619 3672 884 3727 nonnihil
915 3671 1265 3738 dubitarem,
1298 3676 1602 3744 pr0pterea
1632 3674 1786 3744 quod
1841 3675 2022 3730 Caesa-

370 3763 524 3817 rium
557 3762 763 3818 aulicis
797 3761 1046 3833 negotiis
1079 3765 1134 3816 et
1164 3761 1476 3832 quaestorio
1509 3779 1749 3817 munere
1775 3779 2020 3833 occupa-

364 3856 514 3918 tum,
548 3856 886 3922 matureque
919 3851 1091 3905 rebus
1123 3850 1400 3906 humanis
1432 3855 1765 3922 exemptum
1817 3851 2018 3920 fuisse,

364 3941 437 3996 de
468 3940 726 4012 Gregorii
770 3939 966 3995 fratris
1020 3939 1280 3995 oratione
1329 3940 1556 3995 funebri
1622 3939 2016 4012 accepissem:

367 4046 499 4085 ecce
518 4028 800 4100 superiori
825 4046 978 4085 anno
1000 4033 1210 4084 testem
1233 4029 1469 4101 Glycam
1511 4029 1760 4099 invenio,
1816 4030 1916 4100 qui
1949 4031 2020 4086 de

369 4118 487 4173 illis
519 4118 662 4189 ipsis
681 4118 908 4175 Cmsarii
937 4118 1206 4190 dialogis,
1233 4135 1380 4190 quos
1406 4136 1559 4174 nunc
1589 4119 1846 4190 primum
1880 4120 2018 4176 Gre-

367 4208 514 4279 gorii
549 4208 727 4263 nostri
757 4208 1156 4264 monumentis
1178 4214 1336 4263 tomo
1362 4211 1534 4264 tertio
1564 4209 1915 4280 subjicimus
1948 4210 2019 4264 ad

365 4298 611 4353 verbum
644 4297 928 4352 nonnulla
957 4297 1118 4352 citat.

438 4405 601 4470 Quod
636 4403 686 4458 si
719 4403 826 4458 hoc
860 4420 1095 4476 quoque
1127 4404 1464 4459 addendum
1495 4404 1827 4474 estdeElia,
1850 4404 2020 4477 equi—

367 4493 500 4547 dem
534 4493 804 4548 existimo
837 4492 1051 4548 vixisse
1083 4493 1141 4547 id
1172 4493 1454 4564 temporis
1512 4494 1833 4560 hominem,
1885 4511 2018 4549 cum

368 4581 534 4636 Creta
555 4598 656 4652 per
677 4583 1030 4637 Sarracenos
1051 4586 1354 4654 occupata,
1380 4589 1434 4637 et
1469 4582 1804 4654 Bysantinis
1832 4582 2019 4655 impe-

2142 617 2508 689 emptoribus
2540 617 2902 689 imponatur,
2939 618 3263 673 existimet:
3325 617 3465 671 libet
3512 617 3620 672 hoc
3672 618 3796 675 loco

2139 724 2325 781 pauca
2357 707 2625 779 quaedam
2659 707 2976 778 subjicere,
3013 709 3083 762 de
3116 707 3329 778 quibus
3361 713 3416 761 et
3447 722 3578 762 vere
3605 725 3708 762 nos
3738 708 3795 763 id

2137 798 2451 869 praedicare
2510 796 2692 852 lector
2746 797 3055 869 intelligat,
3119 802 3174 852 et
3230 796 3505 852 editionis
3589 801 3796 853 nostra":

2138 887 2426 942 rationem
2463 887 2798 958 perspiciat.

2209 975 2416 1031 Statim
2449 977 2520 1031 ab
2552 975 2718 1031 initio
2769 975 3035 1048 procemii
3092 976 3184 1031 sui
3238 975 3420 1030 tradit
3480 974 3658 1042 Elias,
3717 975 3788 1031 ab

2136 1064 2497 1121 Nazianzeno
2523 1069 2753 1120 tantum
2786 1065 3082 1120 orationes
3104 1065 3225 1120 sive
3263 1064 3788 1120 commentationes

2137 1153 2298 1224 (nam
2328 1172 2436 1210 vox
2465 1151 2634 1228 λόγος
2685 1154 3008 1227 generatim
3045 1172 3078 1210 a
3115 1154 3409 1210 veteribus
3442 1158 3792 1225 usurpatur,

2137 1243 2208 1299 de
2238 1245 2442 1316 quovis
2475 1244 2689 1316 scripto
2723 1248 2894 1315 atque
2925 1243 3204 1314 tractatu)
3236 1259 3482 1298 numero
3545 1259 3614 1297 ιιι
3661 1258 3788 1298 esse

2136 1332 2485 1405 publicatas,
2519 1350 2666 1405 quas
2697 1332 2850 1388 inter
2880 1337 2936 1387 et
2966 1331 3224 1403 epistolas
3257 1335 3424 1386 certis
3455 1331 3659 1386 referri
3691 1331 3787 1385 de-

2136 1422 2327 1489 beant,
2363 1423 2531 1493 cujus
2554 1422 2784 1494 generis
2811 1421 2920 1476 illss
2945 1426 3106 1492 sunt,
3132 1438 3277 1493 quas
3316 1421 3385 1475 ad
3423 1418 3782 1489 Nectarium,

2132 1511 2468 1582 Evagrium,
2496 1511 2837 1566 Cledonium
2867 1511 3226 1582 perscripsit.
3255 1510 3370 1565 Hoc
3392 1509 3527 1564 Eliaa
3561 1508 3782 1564 dictum

2134 1617 2266 1656 cum
2296 1601 2490 1655 animo
2527 1617 2652 1655 meo
2685 1601 2999 1655 insedisset
3030 1599 3229 1666 altius,
3263 1599 3518 1669 primum
3577 1615 3644 1652 ea
3692 1614 3784 1652 me

2134 1689 2367 1745 liberari
2401 1690 2672 1762 opinione
2704 1690 3112 1756 animadverti,
3146 1705 3322 1761 quam
3357 1687 3565 1743 Bilium
3616 1703 3782 1742 secu-

2133 1783 2259 1834 tum
2284 1779 2465 1835 fuisse
2487 1779 2673 1833 video.
2700 1780 2871 1833 Putat
2888 1778 3043 1833 enim
3061 1777 3406 1850 Gregorium
3432 1776 3586 1831 haud
3608 1776 3781 1830 dubie

2136 1867 2330 1939 plures
2353 1868 2422 1922 ad
2459 1867 2742 1940 populum
2776 1869 2903 1937 ejus
2943 1868 3174 1939 generis
3205 1866 3498 1921 orationes
3549 1864 3781 1920 habitas

2130 1957 2408 2024 edidisse,
2433 1958 2604 2028 cujus
2626 1961 2714 2012 est
2737 1956 2856 2028 illa,
2883 1974 2999 2029 qua
3021 1957 3245 2012 dictum
3273 1955 3484 2010 Christi
3509 1972 3576 2010 ex
3596 1955 3782 2010 Evan-

2131 2045 2280 2118 gelio
2312 2047 2563 2102 Matthaai
2600 2046 2891 2118 explanat.
2927 2046 3090 2110 Quod
3123 2047 3170 2101 si
3201 2062 3404 2101 verum
3434 2051 3605 2110 esset,
3658 2061 3784 2114 per-

2130 2136 2427 2206 quirendae
2449 2135 2616 2190 nobis
2639 2139 2835 2190 essent
2861 2135 3242 2202 bibliothecae,
3263 2140 3325 2189 ut
3346 2151 3444 2189 eas
3467 2133 3776 2198 orationes,

2130 2224 2178 2279 si
2213 2241 2323 2278 non
2359 2241 2584 2295 omnes,
2620 2225 2827 2279 saltem
2860 2225 3170 2296 plerasque
3193 2223 3410 2296 publici
3435 2240 3578 2277 usus
3601 2239 3781 2277 causa

2129 2314 2545 2386 pro'erremus.
2579 2316 2650 2368 At
2681 2313 2790 2368 hoc
2848 2319 2966 2369 toto
3013 2314 3210 2369 labore
3260 2312 3647 2384 molestiaque
3688 2328 3780 2367 me

2126 2404 2369 2458 verbum
2403 2404 2512 2458 hoc
2544 2405 2783 2458 unicum
2816 2404 2950 2458 Elia:
2982 2403 3151 2471 levat,
3187 2404 3279 2458 cui
3312 2403 3411 2475 qui
3448 2403 3621 2458 fidem
3681 2402 3779 2457 de-

2128 2494 2349 2561 trahat,
2381 2495 2634 2550 arbitror
2664 2495 2784 2550 fore
2816 2496 3134 2550 neminem.

2202 2602 2318 2658 Hoc
2351 2601 2608 2673 primum
2643 2602 3031 2670 considerato,
3072 2602 3216 2673 οωρί
3271 2601 3545 2671 deinceps
3596 2599 3777 2655 aciem

2131 2691 2312 2747 animi
2345 2691 2458 2745 mei
2493 2691 2743 2763 dirigere
2775 2693 2845 2746 ad
2898 2692 3238 2746 faciundum
3290 2691 3360 2746 de
3415 2690 3779 2744 orationibus

2130 2781 2224 2844 iis,
2259 2785 2545 2852 quotquot
2575 2785 2890 2850 exstarent,
2939 2781 3269 2852 judicium:
3332 2796 3446 2850 quo
3501 2779 3775 2841 viderem,

2128 2875 2400 2926 essentne
2431 2870 2694 2942 germani
2726 2871 2876 2925 fetus
2908 2870 3088 2941 hujus
3122 2869 3375 2924 auctoris
3424 2885 3648 2933 omnes,
3705 2884 3778 2922 an

2129 2960 2241 3014 sub
2272 2960 2400 3029 ejus
2435 2960 2670 3014 nomine
2704 2959 3064 3030 supposititii
3089 2960 3391 3030 quidpiam
3424 2956 3778 3012 latitaret.ln

2128 3048 2238 3104 hac
2268 3065 2517 3104 censura
2548 3049 2942 3119 deprehendo,
2977 3049 3207 3103 duobus
3257 3048 3313 3102 in
3365 3047 3601 3118 scriptis
3645 3051 3779 3101 ante

2130 3153 2224 3192 me
2261 3137 2495 3192 Billium
2529 3137 2586 3192 id
2621 3138 3131 3207 animadvertisse,
3162 3138 3317 3209 quod
3351 3154 3442 3192 res
3470 3142 3577 3199 est,
3603 3136 3775 3190 nimi-

2128 3243 2259 3281 rum
2291 3243 2358 3281 ea
2387 3227 2746 3282 Nazianzeno
2781 3226 2956 3281 tribui
2990 3242 3362 3297 nequaquam
3417 3226 3665 3290 debere;
3719 3224 3777 3278 in

2127 3315 2296 3371 tertio
2328 3316 2688 3387 tamipsum,
2722 3333 2899 3387 quam
2952 3321 3192 3371 creterris
3242 3332 3445 3370 omnes
3495 3314 3780 3369 hactenus

2128 3404 2476 3460 allucinatos
2510 3405 2709 3460 fuisse.
2753 3404 2953 3459 Priora
3009 3406 3123 3459 duo
3177 3409 3336 3471 sunt,
3390 3404 3781 3475 metaphrasis

2129 3495 2191 3549 in
2219 3495 2626 3560 Ecclesiastem,
2658 3511 2782 3564 quae
2815 3493 3147 3565 Hieronymi
3181 3493 3518 3548 testimonio
3577 3499 3783 3558 Grego-

2129 3581 2201 3637 rii
2224 3582 2706 3637 Neocaesariensis
2731 3589 2855 3643 est;
2879 3588 2934 3636 et
2979 3582 3276 3636 annotatio
3327 3585 3385 3636 in
3439 3582 3781 3635 Ezechiele-ni

2128 3676 2319 3727 vatem
2351 3688 2476 3743 quae
2512 3675 2737 3727 tantum
2771 3673 2955 3741 abest,
2990 3675 3054 3725 ut
3100 3671 3468 3738 Nazianzeni,
3531 3669 3628 3735 sit,
3692 3671 3784 3725 vix

2131 3765 2194 3816 ut
2221 3760 2444 3816 homini
2479 3760 2850 3816 mediocriter
2880 3761 3049 3815 docto
3082 3759 3265 3815 tribui
3324 3761 3548 3814 debeat.
3601 3759 3782 3814 Meta-

2131 3850 2373 3923 phrasin
2425 3849 2787 3904 retinendam
2845 3855 3151 3921 propterea
3203 3850 3582 3919 putabamus,
3629 3849 3782 3918 quod

2132 3939 2315 3994 Eliam
2334 3939 2704 3992 crederemus
2727 3939 3023 3993 commnni
3045 3937 3315 3992 fortassis
3333 3954 3524 3992 errore
3539 3938 3780 3991 ductum

2129 4026 2751 4099 interGregoriilibros
2777 4044 2904 4082 eam
2929 4043 3306 4082 numerasse:
3335 4027 3489 4097 quod
3517 4027 3564 4081 si
3598 4026 3781 4081 maxi-

2130 4133 2224 4172 me
2255 4134 2455 4172 verum
2487 4115 2584 4181 sit,
2620 4116 2834 4172 mirum
2866 4117 3087 4171 nemini
3119 4115 3300 4171 videri
3329 4115 3521 4182 debet,
3548 4115 3782 4186 quando

2128 4206 2224 4262 vix
2255 4210 2485 4261 mortuo
2517 4205 2791 4276 Gregorio
2824 4204 3035 4261 titulus
3067 4205 3350 4260 orationis
3397 4207 3456 4259 in
3507 4210 3783 4261 Heronem

2131 4300 2394 4352 mutatus
2417 4295 2634 4361 fuit,ut
2660 4295 3071 4366 Hieronymus,
3121 4294 3382 4366 Gregorii
3432 4300 3782 4361 cozetaneus,

2132 4388 2348 4440 monet.
2382 4384 2544 4448 Quod
2578 4385 2624 4438 si
2656 4384 2766 4439 hac
2799 4385 3027 4440 ratione
3058 4384 3258 4439 lectori
3293 4400 3408 4439 non
3470 4384 3784 4440 satisfacie-

2131 4491 2286 4542 mus,
2315 4479 2494 4530 restat
2520 4478 2585 4528 ut
2607 4473 3011 4546 polliceamur,
3039 4474 3198 4529 omni
3231 4491 3337 4529 nos
3361 4473 3554 4528 studio
3577 4473 3782 4545 genui-

2131 4581 2273 4618 num
2297 4563 2559 4635 Gregorii
2583 4563 2868 4634 scriptum
2893 4563 3407 4634 pervestigaturos,
3429 4564 3584 4633 quod
3603 4563 3781 4632 hujus

367 4651 660 4727 nitoribus
689 4675 844 4726 esset
875 4670 1174 4742 adempta,
1199 4651 1532 4726 'nimirum'
1558 4670 1729 4726 annis
1784 4672 1855 4726 ab
1903 4651 2018 4728 ᾧνο
2049 4656 2096 4720 D
2127 4651 2252 4707 loco
2334 4653 2754 4708 substituatur.
2817 4652 3258 4706 Annotationem
3318 4654 3374 4705 in
3439 4651 3778 4706 Ezechielem

365 4764 564 4814 nostro
597 4759 729 4831 plus
761 4759 963 4815 minus
987 4761 1297 4815 sexcentis.
1320 4759 1533 4814 Scribit
1564 4760 1721 4815 enim
1743 4759 1804 4815 in
1840 4777 2015 4832 prose-

365 4848 484 4904 mio
542 4849 983 4904 commentariis
1068 4849 1395 4921 praemisso,
1457 4850 1528 4905 ab
1578 4866 1640 4905 se
1697 4850 1757 4904 in
1815 4849 2014 4905 exsilio

364 4937 650 5008 scriptum
686 4939 792 4993 hoc
853 4937 1218 4994 elaboratum
1279 4939 1482 5008 fuisse,
1544 4939 1698 5010 quod
1744 4938 2014 4994 exsilium

365 5043 505 5082 sane
555 5028 609 5082 in
645 5027 754 5083 hos
785 5028 948 5100 ipsos
969 5045 1156 5083 annos
1188 5028 1418 5083 saevitia:
1458 5027 1839 5084 Sarracenicaa
1870 5028 2014 5084 inci-

364 5115 497 5172 dere
527 5116 777 5171 videtur.

431 5206 538 5262 Tot
569 5205 907 5277 talibusque
939 5206 1179 5277 scriptis
1237 5223 1371 5260 cum
1422 5205 1506 5261 sic
1557 5211 1612 5260 et
1669 5205 1908 5278 expoliri
1959 5210 2016 5262 et

363 5295 561 5367 augeri
598 5311 773 5366 posse
802 5294 1147 5349 Nazianzeni
1181 5295 1361 5350 libros
1390 5295 1744 5364 videremus,
1805 5312 2012 5368 parum

362 5387 428 5437 ut
459 5383 530 5438 ab
560 5382 661 5438 illa
692 5382 1066 5455 perfectione,
1102 5399 1279 5454 quam
1317 5383 1374 5437 in
1403 5383 1762 5440 editionibus
1793 5382 2012 5456 prisco—

363 5487 494 5526 rum
519 5475 1030 5528 monumentorum
1051 5471 1430 5542 requirimus,
1447 5472 1748 5528 abessent:
1767 5472 2013 5529 Billiano

360 5559 560 5617 labore
595 5578 708 5617 non
736 5561 1014 5629 contenti,
1069 5559 1384 5632 pristinum
1435 5562 1504 5616 ad
1556 5562 1890 5617 institutum
1942 5564 2012 5617 de

356 5649 587 5724 integro
617 5651 883 5707 animum
912 5649 1263 5720 adjecimus.
1305 5650 1386 5706 Ne
1428 5668 1560 5707 vero
1600 5652 1894 5723 quispiam
1931 5652 2012 5720 id,

352 5739 510 5812 quod
534 5740 605 5796 de
626 5755 871 5814 operum
895 5739 1244 5796 Nazianzeni
1267 5739 1623 5812 perfectione
1643 5739 2010 5812 pollicemur,

2125 4757 2368 4812 prorsus
2399 4756 2467 4796 ex
2499 4739 2754 4795 editione
2788 4744 3014 4810 nostra,
3050 4756 3151 4795 seu
3205 4738 3489 4810 spuriam,
3542 4738 3778 4807 ejicien-

2125 4830 2260 4885 dam
2290 4829 2736 4885 statuebamus:
2767 4829 2937 4901 cujus
2971 4829 3167 4884 locum
3203 4835 3265 4884 ut
3295 4843 3643 4899 germanum
3677 4826 3781 4882 ali-

2125 4921 2282 4991 quod
2317 4919 2580 4991 Gregorii
2614 4919 2900 4991 scriptum
2942 4924 3272 4990 occuparet,
3330 4917 3511 4972 libros
3559 4921 3782 4971 veteres

2127 5009 2439 5079 diligenter
2469 5007 2807 5073 evolvendo,
2843 5008 3077 5062 tandem
3113 5008 3169 5060 id
3202 5007 3356 5078 quod
3404 5006 3780 5076 optabamus,

2125 5097 2316 5169 adepti
2350 5114 2580 5153 sumus.
2614 5102 2761 5152 Nam
2790 5097 3012 5152 inlibro
3036 5096 3328 5152 Choniataa
3351 5111 3527 5150 manu
3550 5102 3780 5150 exarato

2125 5187 2537 5260 panegyricam
2562 5186 2823 5260 Gregorii
2846 5186 3191 5252 orationem,
3231 5184 3491 5240 habitam
3518 5184 3578 5240 in
3603 5186 3777 5240 hono—

2124 5293 2248 5332 rem
2283 5277 2522 5332 testium
2554 5277 2832 5343 veritatis,
2865 5275 3329 5345 Arianorumque
3362 5273 3616 5329 furorem
3649 5290 3780 5343 gra-

2123 5366 2294 5438 phice
2326 5366 2780 5432 describentem,
2817 5365 3172 5436 reperimus:
3209 5380 3388 5435 quam
3422 5369 3583 5418 extra
3611 5363 3780 5418 dubi-

2121 5456 2402 5510 tationem
2437 5471 2671 5510 omnem
2702 5455 2882 5526 hujus
2911 5453 3164 5508 auctoris
3190 5469 3339 5520 esse,
3370 5457 3495 5507 tum
3548 5451 3779 5507 dicendi

2124 5543 2444 5613 character,
2476 5550 2602 5600 tum
2628 5561 2822 5599 rerum
2854 5543 3118 5611 ipsarum
3151 5543 3328 5599 facies
3361 5541 3641 5598 ostendit.

2192 5650 2455 5707 Tertium
2488 5651 2742 5723 denique
2791 5650 3081 5722 scriptum
3139 5649 3310 5713 illud,
3371 5649 3543 5720 cujus
3603 5648 3776 5702 modo

2120 5740 2479 5798 mentionem
2517 5739 2649 5811 feci,
2684 5743 2773 5797 est
2801 5739 3132 5797 Exhortatio
3188 5740 3262 5796 ad
3316 5739 3607 5808 virginem.
3657 5735 3775 5792 Hoc
