4100 6456
274 388 388 450 351

1290 390 1620 453 JOANNIS
1663 389 2202 454 LEUVENKLAII
2244 386 2691 450 PRIEFATIO.

3577 395 3701 454 352

276 521 734 577 iuterorationes
761 521 1049 578 hactenus
1075 522 1319 578 relatum
1346 527 1453 588 est,
1477 527 1534 577 et
1567 522 1928 578 Nazianzeno
1960 526 2011 591 Α
2045 522 2240 578 Graeco
2265 521 2321 576 in
2346 521 2616 576 Latinum
2644 535 2973 575 sermonem
2998 519 3504 593 transcripsimus.
3538 522 3702 579 Alter

273 609 561 665 tributum
588 627 868 682 :quorum
893 611 1057 667 alteri
1082 629 1289 684 parum
1314 612 1921 683 repugnans,alterum

273 698 444 770 plane
467 716 769 770 perperam
799 701 1017 755 factum
1045 701 1158 756 aio.
1183 700 1324 755 Nam
1346 701 1391 755 si
1417 701 1651 771 quidem
1678 711 1769 755 est
1817 701 1922 756 ali-

273 805 389 859 qua
421 789 831 860 rhythmorum
866 791 1032 854 ratio,
1069 807 1242 861 quam
1265 789 1534 844 Aurelius
1555 790 1923 860 Augustinus

275 877 335 932 in
359 877 506 932 libro
532 881 602 933 De
624 882 834 933 musica
856 879 1052 944 tradit,
1079 885 1136 934 et
1167 896 1298 933 vero
1341 885 1802 935 consentaneum
1837 884 1926 935 est

274 966 483 1038 priscis
513 967 570 1021 in
608 985 717 1024 usu
752 968 951 1033 fuisse,
989 969 1334 1023 facientibus
1394 970 1522 1039 ejus
1564 969 1922 1024 mentionem

276 1061 400 1112 tum
435 1056 759 1121 Aristotele,
795 1061 920 1111 tum
953 1058 1246 1128 Athenaeo,
1274 1061 1332 1112 et
1362 1057 1513 1121 aliis,
1570 1060 1720 1113 dabo
1758 1060 1924 1130 equi-

276 1145 404 1199 dem
437 1144 780 1200 Nazianzeni
803 1147 909 1201 hoc
933 1147 1220 1218 scriptum
1241 1164 1388 1212 esse,
1418 1149 1924 1219 quemadmodum

273 1239 329 1289 et
359 1234 674 1290 Choniatas
704 1235 971 1301 credidit,
1021 1241 1077 1290 et
1133 1237 1490 1309 exemplaria
1522 1237 1928 1293 vetustissima

273 1328 602 1378 testantur:
638 1341 838 1379 verum
902 1324 1363 1397 haudquaquam
1407 1327 1559 1382 inter
1605 1327 1923 1393 orationes,

274 1413 372 1470 sed
402 1418 670 1484 poemata
693 1414 892 1470 re‘erri
915 1415 1124 1471 debere
1145 1415 1294 1471 volo.
1342 1416 1489 1472 Nam
1529 1420 1715 1472 totum
1750 1417 1926 1473 meris

276 1500 570 1574 rhythmis
603 1507 850 1569 constat,
885 1503 970 1558 uti
1006 1520 1098 1560 res
1129 1505 1258 1577 ipsa
1290 1504 1582 1562 declarat:

490 1635 728 1720 ῌᾳρθέγε
754 1636 941 1720 νύμφη
976 1643 1230 1720 Χρισςοῦ,

489 1707 693 1787 ᾼ-όξ-αζὲ.
716 1729 810 1762 σου
828 1707 929 1765 ίτὸν
961 1707 1218 1787 νόμφίονέ

491 1779 1083 1856 ξΑεζκᾴθαιρεᾼσαυτῇν

492 1852 577 1906 Ἐν
613 1849 764 1927 λόγῳ
794 1849 883 1908 icui
918 1849 1098 1930 σίὶφίᾴ,
1132 1857 1242 1911 etc.

275 1985 439 2052 Quod
472 1987 711 2057 quidem
744 1989 898 2060 apud
959 2005 1066 2044 nos
1124 2006 1157 2044 a
1205 1989 1438 2044 nemine
1493 1989 1922 2060 deprehensum

270 2073 577 2141 hactenus,
613 2075 667 2130 in
705 2077 1115 2149 antiquissimo
1148 2078 1296 2134 libro
1320 2084 1652 2150 poematum
1679 2079 1922 2135 Nazian-

270 2163 398 2218 zeni
419 2180 546 2218 meo
570 2170 836 2221 notatum
861 2167 1063 2238 paucis
1079 2167 1274 2222 verbis
1299 2168 1510 2238 inveni,
1537 2185 1664 2240 quae
1728 2169 1922 2224 Latine

272 2253 563 2324 proferam
590 2269 601 2307 :
633 2273 655 2302 α
682 2254 741 2309 In
767 2254 876 2310 hoc
916 2256 1132 2327 scripto
1155 2257 1564 2328 Syrracusium
1607 2257 1921 2329 Gregorius

269 2339 558 2411 imitatur,
585 2343 683 2414 qui
709 2344 871 2399 solus
896 2352 1195 2415 poetarum
1235 2346 1527 2418 rhythmis
1562 2351 1736 2418 atque
1779 2345 1921 2401 colis

272 2435 545 2498 ususest,
569 2432 727 2487 omni
751 2431 865 2488 alia
885 2433 1326 2489 scribendorum
1374 2451 1652 2490 versuum
1696 2434 1921 2506 poetica

271 2517 496 2574 ratione
519 2519 801 2590 neglecta.
831 2543 858 2570 »
877 2522 1050 2578 Error
1062 2539 1127 2577 ex
1142 2523 1527 2595 ambiguitate
1547 2522 1704 2579 vocis
1728 2520 1918 2594 λόγος,

269 2623 401 2678 quas
435 2608 654 2678 passim
687 2609 746 2663 in
780 2609 1064 2665 librorum
1100 2611 1395 2667 lemmatis
1419 2612 1729 2684 reperitur,
1756 2616 1920 2668 ortus

269 2699 380 2753 est.
414 2695 559 2752 Nam
589 2713 658 2753 ea
686 2715 800 2753 non
834 2700 1155 2756 orationem
1185 2704 1416 2756 tantum
1469 2701 1778 2772 significat,
1837 2700 1922 2756 uti

267 2785 394 2855 jam
427 2790 597 2841 antea
619 2803 853 2858 quoque
872 2789 1252 2845 monuimus:
1279 2791 1378 2845 sed
1399 2791 1454 2844 in
1481 2806 1687 2861 genere
1715 2807 1923 2860 quam-

273 2872 363 2926 vis
395 2875 945 2930 commentationem
980 2882 1155 2949 atque
1187 2880 1493 2949 scriptum.
1525 2881 1647 2942 Quo
1679 2879 1805 2950 ipso
1839 2881 1922 2948 fit,

274 2965 341 3016 ut
376 2960 526 3017 Elias
567 2968 763 3018 noster
796 2964 1055 3036 Gregorii
1090 2972 1357 3037 poemata
1387 2963 1586 3039 λόγους
1619 2966 1924 3040 ἐμμέτρους

274 3054 456 3106 vocet.
495 3056 609 3106 Hoc
641 3053 812 3108 modo
846 3055 1198 3124 quibusdam
1241 3057 1499 3122 resectis,
1558 3064 1615 3112 et
1664 3060 1925 3114 oratione

279 3141 352 3196 De
382 3141 720 3211 martyribus
751 3145 1043 3210 restituta,
1068 3144 1498 3217 quinquaginta
1528 3152 1584 3201 et
1613 3147 1761 3202 duos
1809 3147 1923 3201 Na-

277 3229 539 3284 zianzeni
583 3235 868 3286 tractatus
927 3231 1235 3300 habemus,
1297 3251 1465 3305 quem
1516 3235 1752 3292 illorum
1799 3253 1927 3292 esse

280 3335 593 3374 numerum
630 3319 944 3392 integrum,
980 3321 1130 3378 Elias
1162 3325 1452 3379 memorie
1477 3326 1751 3397 prodidit.
1777 3326 1925 3390 Qua-

279 3414 518 3481 propter
564 3408 657 3464 hic
708 3410 946 3481 quidem
996 3412 1151 3484 quod
1202 3413 1456 3484 amplius
1502 3415 1926 3483 desideremus,

286 3496 432 3552 nihil
465 3501 573 3553 est.

352 3586 693 3658 Sequuntur
715 3588 995 3660 epistolae,
1025 3608 1169 3662 quas
1201 3609 1318 3648 una
1349 3597 1578 3650 tantum
1614 3595 1839 3667 adjecta
1859 3595 1930 3650 de

278 3675 448 3732 libris
482 3693 658 3732 manu
693 3679 927 3750 scriptis
957 3681 1264 3737 auximus:
1309 3684 1562 3739 addituri
1612 3685 1929 3756 aliquando

283 3765 502 3838 plures,
538 3784 686 3838 quas
717 3768 825 3825 hoc
855 3774 1114 3842 tempore
1147 3773 1404 3828 nancisci
1438 3792 1551 3830 non
1606 3776 1929 3846 potuimus,

279 3855 517 3911 tametsi
550 3874 663 3912 non
715 3857 1076 3928 ignoremus,
1138 3861 1237 3916 ubi
1295 3861 1554 3918 locorum
1606 3867 1929 3936 supersint.

281 3947 558 4000 Poemata
579 3963 709 4002 vero
733 3951 1033 4020 tantopere
1077 3967 1232 4005 nunc
1285 3952 1480 4007 studio
1510 3959 1707 4010 nostro
1748 3972 1934 4011 excre-

287 4038 481 4100 scunt,
517 4037 580 4087 ut
603 4035 726 4104 jam
764 4037 1114 4106 prodeuntia
1137 4038 1298 4109 prius
1325 4040 1612 4096 editorum
1636 4044 1933 4114 magnitu-

286 4121 481 4177 dinem
517 4139 762 4178 numero
793 4141 1066 4181 versuum
1101 4137 1350 4198 aaquent,
1387 4129 1643 4185 bonitate
1689 4133 1934 4202 pietate-

291 4226 405 4280 que
436 4210 605 4280 longe
637 4219 933 4282 superent.
967 4213 1131 4270 Unus
1165 4221 1345 4270 restat
1364 4218 1647 4273 adversus
1667 4220 1936 4291 Apolina-

290 4299 444 4353 rium
478 4299 644 4369 liber,
677 4300 944 4356 versibus
1002 4320 1035 4357 a
1091 4303 1363 4366 Gregorio
1421 4307 1697 4378 scriptus,
1760 4326 1934 4380 quem

290 4386 484 4441 adhuc
516 4387 710 4443 Romae
741 4388 800 4442 in
833 4391 1115 4447 Vaticana
1147 4392 1500 4450 bibliotheca
1531 4401 1848 4452 exstantem
1872 4402 1938 4454 ut

290 4475 541 4531 describi
576 4493 938 4546 curaremus,
966 4481 1324 4553 jampridem
1358 4499 1596 4555 operam
1641 4486 1936 4553 dedimus,

290 4572 595 4637 sumptum
628 4566 803 4622 etiam
841 4569 1096 4641 aliquem
1145 4571 1495 4641 impensuri,
1555 4576 1655 4630 sed
1697 4577 1933 4632 frustra.

2036 610 2292 682 reliquas
2323 628 2476 665 xxxu
2510 609 2802 664 orationes
2832 626 2965 664 cum
2998 609 3264 680 epistolis
3298 615 3355 665 et
3407 613 3697 684 poematis

2033 700 2319 755 hactenus
2351 701 2524 755 editis
2555 699 2966 770 complectitur
2995 714 3007 753 ε
3043 716 3171 770 qua
3217 701 3454 772 quidem
3499 703 3698 759 omnia

2036 790 2108 844 de
2138 790 2392 844 editione
2425 789 2667 844 Billiana
2700 787 3092 859 sumpsimus,
3127 806 3199 844 ne
3232 789 3398 860 prius
3422 808 3590 846 versa
3612 809 3696 847 re-

2034 880 2303 942 texendo,
2353 885 2550 933 actum
2598 895 2767 949 agere
2826 878 3178 932 videremur.
3234 883 3299 933 ln
3356 881 3598 936 tertium
3640 887 3696 937 et

2037 968 2312 1022 ultimum
2347 974 2593 1032 tomum,
2628 968 2727 1038 qui
2760 971 2918 1021 totus
2951 967 3154 1022 itidem
3210 973 3411 1023 noster
3457 975 3566 1035 est,
3627 988 3696 1026 ea

2037 1057 2296 1128 Gregorii
2332 1062 2600 1128 poemata
2633 1056 2960 1123 referimus,
2996 1073 3124 1127 quae
3158 1075 3315 1114 nunc
3371 1060 3626 1129 primum
3661 1077 3695 1115 a

2039 1147 2205 1202 nobis
2241 1146 2366 1202 luce
2396 1147 2690 1202 donantur
2719 1163 2731 1199 :
2770 1152 3043 1217 praeterea
3096 1146 3312 1201 Nicetes
3334 1153 3692 1203 commenta-

2038 1237 2189 1290 rium
2224 1235 2280 1290 in
2316 1236 2573 1307 Gregorii
2611 1235 2932 1291 sententias
2984 1241 3105 1290 tam
3162 1237 3462 1306 quaternis
3512 1255 3687 1308 quam

2037 1325 2286 1397 singulis
2319 1325 2583 1380 versibus
2618 1324 2877 1379 inclusas
2909 1325 3245 1394 adjicimus,
3289 1331 3346 1380 et
3391 1326 3684 1397 egregium

2038 1415 2232 1482 Pselli,
2257 1413 2570 1469 Christiani
2599 1413 2954 1485 phi1090phi,
2988 1414 3058 1468 de
3089 1413 3419 1470 difficilium
3445 1414 3689 1469 Nazian-

2035 1504 2158 1559 zeni
2192 1503 2453 1559 locorum
2495 1502 2792 1559 intellectu
2853 1502 3091 1557 librum.
3156 1503 3394 1558 Accedit
3452 1504 3524 1558 ad
3582 1503 3688 1558 hos

2036 1592 2323 1648 (lesarius
2381 1608 2634 1664 quoque,
2693 1607 3010 1662 germanus
3071 1591 3414 1646 Nazianzeni
3491 1591 3684 1658 frater,

2037 1683 2208 1752 cujus
2254 1681 2502 1738 antehac
2559 1681 2706 1737 nihil
2765 1681 3004 1737 omnino
3052 1681 3403 1754 scriptorum
3448 1681 3682 1752 prodiit.

2035 1772 2178 1842 Ejus
2200 1770 2470 1844 Dialogos
2502 1774 2804 1842 propterea
2831 1769 3207 1841 potissimum
3247 1769 3505 1842 Gregorii
3538 1770 3682 1824 scri-

2036 1859 2150 1932 ptis
2181 1860 2482 1915 addendos
2516 1859 2736 1930 putavi,
2768 1860 2920 1930 quod
2953 1859 3011 1913 in
3046 1858 3130 1914 eis
3161 1858 3446 1914 Caesarius
3477 1858 3689 1930 Grego-

2037 1949 2189 2004 rium
2224 1950 2463 2004 fratrem
2489 1965 2521 2002 a
2552 1948 2768 2018 seipso,
2803 1948 3060 2013 Leontio,
3085 1947 3362 2019 Gregorio
3404 1951 3688 2020 Nysseno,

2033 2038 2279 2109 Domno,
2305 2043 2362 2092 et
2391 2037 2523 2092 aliis
2547 2037 2940 2092 familiaribus
2962 2036 3411 2108 interrogatum,
3439 2037 3511 2091 de
3533 2054 3688 2108 quae-

2033 2127 2327 2183 stionibus
2358 2126 2725 2198 gravissimis
2746 2131 2867 2180 toto
2893 2125 3212 2196 quatriduo
3231 2127 3686 2196 respondentem

2033 2217 2382 2272 introduxit.
2407 2216 2552 2270 Huic
2569 2221 2625 2269 et
2645 2216 3063 2270 Annotationes
3089 2214 3144 2266 in
3170 2214 3431 2285 Gregorii
3451 2215 3687 2286 scripta,

2032 2309 2244 2380 quibus
2278 2308 2594 2364 lectionum
2627 2307 2879 2362 varietas
2912 2305 3273 2373 continetur,
3333 2309 3390 2360 et
3433 2306 3687 2361 indicem

2030 2399 2426 2454 necessarium
2460 2399 2837 2468 subjicimus.

2101 2507 2215 2560 Cur
2244 2510 2442 2560 autem
2472 2505 2532 2559 in
2582 2503 2952 2560 orationibus
3008 2501 3366 2558 collocandis
3416 2502 3679 2558 ordinem

2032 2612 2065 2650 a
2083 2593 2249 2650 Billio
2265 2597 2667 2666 praescriptum
2685 2593 2870 2649 secuti
2899 2610 3014 2648 non
3034 2592 3244 2660 simus,
3270 2609 3458 2647 causae
3482 2591 3679 2647 multa:

2031 2688 2190 2750 sunt,
2222 2700 2418 2755 eaeque
2448 2700 2673 2755 graves.
2706 2682 2854 2738 Nam
2886 2683 3070 2738 duum
3105 2681 3344 2738 omnino
3395 2697 3678 2754 generum

2032 2778 2172 2829 sunt
2200 2771 2547 2828 Nazianzeni
2579 2773 2893 2828 orationes.
2946 2771 3208 2826 Aliarum
3260 2764 3680 2840 tempus,quo

2033 2862 2120 2917 vel
2146 2862 2372 2933 scriptae
2397 2861 2537 2925 sint,
2565 2861 2651 2916 vel
2678 2860 3090 2932 pronuntiatis,
3125 2858 3259 2915 sciri
3285 2863 3507 2930 potest:
3537 2857 3684 2912 alia-

2037 2968 2168 3007 rum
2203 2967 2319 3006 non
2355 2955 2561 3022 potest.
2598 2950 2775 3004 Primi
2807 2949 3036 3021 generis
3068 2952 3227 3019 sunt,
3279 2949 3572 3002 orationes
3620 2948 3692 3003 De

2033 3058 2169 3114 pace
2197 3042 2386 3096 contra
2417 3041 2753 3103 Maximum,
2789 3039 2861 3093 ad
2898 3037 3175 3093 Basilium
3209 3041 3266 3092 et
3306 3041 3528 3108 patrem
3586 3035 3690 3091 ali-

2039 3135 2199 3203 quot,
2223 3129 2489 3200 purgatio
2507 3128 2724 3200 fugzein
2742 3126 3692 3198 Pontum,pleraaquelaudationes

2041 3220 2336 3288 funebres,
2370 3223 2428 3272 et
2459 3217 2584 3273 alias
2610 3235 2621 3272 :
2659 3217 2924 3282 secundi,
2959 3216 3250 3272 orationes
3279 3215 3352 3270 ad
3381 3216 3688 3271 Eunomia-

2041 3325 2162 3374 nos,
2194 3308 2262 3363 de
2317 3316 2462 3364 recta
2505 3307 2811 3362 disserendi
2856 3305 2920 3361 de
2975 3306 3080 3361 Deo
3129 3307 3360 3369 ratione,
3408 3305 3485 3359 De
3531 3308 3686 3358 recta

2038 3400 2306 3456 doctrinae
2336 3398 2631 3463 sententia,
2669 3401 2750 3452 De
2775 3397 2916 3452 Filio
2946 3396 3095 3465 duce,
3136 3396 3208 3449 De
3237 3393 3447 3464 Spiritu
3474 3399 3682 3458 sancto,

2038 3491 2113 3545 De
2141 3489 2425 3544 moderata
2455 3487 2762 3542 disserendi
2816 3487 3060 3552 ratione,
3112 3485 3186 3540 De
3234 3482 3580 3548 Machabaeis,
3629 3484 3689 3536 et

2039 3578 2166 3636 aliae
2198 3577 2549 3649 complures.
2585 3577 2748 3643 Quod
2782 3591 2916 3630 cum
2947 3574 3028 3629 ita
3058 3574 3154 3643 sit,
3188 3573 3245 3628 in
3291 3570 3690 3628 collocationis

2042 3669 2190 3724 serie
2219 3665 2504 3738 temporis
2534 3665 2732 3720 haberi
2768 3664 2914 3720 ratio
2948 3667 3105 3719 certa
3137 3663 3379 3735 nequit:
3431 3662 3514 3717 uti
3559 3678 3692 3735 pro-

2043 3759 2189 3813 fecto
2218 3772 2288 3811 ne
2311 3775 2342 3810 a
2366 3755 2532 3811 Billio
2555 3754 2792 3826 quidem
2817 3759 3083 3809 accurate
3114 3753 3320 3808 habita
3348 3753 3693 3821 est,sirecte

2043 3863 2164 3902 rem
2207 3844 2671 3900 consideremus.

2114 3953 2262 4009 Nam
2297 3951 2516 4006 ratione
2546 3950 2828 4022 temporis
2859 3949 2931 4022 (si
2964 3949 3202 4021 quidem
3255 3947 3394 4003 Elite
3437 3946 3697 4002 Cretensi

2045 4047 2103 4100 et
2132 4042 2342 4097 Nicetes
2373 4040 2643 4095 Serrcnio
2671 4039 2984 4110 credimus)
3017 4053 3146 4093 esse
3178 4036 3369 4108 prima
3425 4037 3694 4103 debebat,

2046 4149 2162 4188 non
2194 4147 2262 4186 ea
2291 4147 2406 4202 qua
2437 4129 2636 4201 fugam
2671 4129 2727 4183 in
2767 4129 3011 4184 Pontum
3046 4143 3219 4181 suam
3278 4124 3498 4197 prolixe
3554 4141 3697 4195 pur-

2046 4226 2164 4293 gat,
2199 4221 2296 4275 sed
2332 4219 2534 4284 altera,
2594 4219 2764 4289 cujus
2821 4215 3123 4287 inscriptio
3189 4218 3370 4277 notat,
3432 4211 3695 4265 habitam

2046 4310 2228 4366 fuisse
2250 4310 2322 4364 ad
2350 4308 2483 4363 illos
2509 4308 2607 4380 qui
2640 4307 2835 4380 ipsum
2859 4305 3024 4360 initio
3046 4303 3389 4369 acciverant,
3410 4316 3515 4355 nec
3537 4303 3696 4371 post-

2048 4415 2226 4470 quam
2259 4397 2507 4454 senioris
2539 4414 2759 4452 munus
2790 4396 2840 4452 ei
2871 4393 3256 4450 commissum
3291 4390 3498 4446 fuisset
3531 4404 3700 4444 vene-

2049 4493 2201 4544 rant.
2237 4487 2458 4543 Etenim
2493 4503 2558 4541 ea
2591 4484 2932 4558 pronuntiat
2971 4483 3080 4539 fuit
3123 4483 3180 4538 id
3229 4480 3536 4553 temporis,
3586 4495 3702 4551 quo

2049 4577 2308 4650 primum
2341 4576 2614 4632 sacerdos
2648 4577 2839 4630 factus
2881 4578 3009 4640 est;
3061 4589 3126 4628 ac
3177 4571 3504 4627 secundum
3554 4567 3706 4623 hanc

288 4653 656 4727 Quapropter
675 4656 781 4712 hoc
825 4659 1110 4730 scriptum
1136 4659 1250 4716 alio
1283 4667 1542 4735 tempore
1576 4667 1944 4736 perquiretur
1973 4653 2020 4716 D
2051 4666 2340 4722 actionem
2374 4665 2432 4720 in
2467 4666 2716 4720 Pontum
2751 4663 3002 4736 aufugit,
3037 4679 3070 4718 a
3101 4679 3219 4734 qua
3244 4661 3383 4734 fuga
3415 4674 3705 4726 reversus,

291 4745 862 4812 anobis,inltaliam
882 4749 931 4803 si
976 4749 1090 4804 Deo
1139 4749 1329 4807 visum
1371 4753 1566 4824 fuerit)
1601 4755 1708 4810 iter
1751 4756 1939 4812 susci-

289 4833 606 4906 pientibus.
641 4836 784 4891 Nam
818 4837 876 4892 in
912 4839 1114 4894 eadem
1148 4839 1425 4896 Vaticana
1462 4847 1744 4900 tractatus
1802 4847 1940 4901 Gre-

291 4925 438 4993 gorii
462 4925 610 4979 duos
628 4931 940 4992 extremos,
967 4944 1216 5000 quorum
1243 4929 1388 4985 alter
1411 4937 1500 4986 est
1519 4933 1590 4987 de
1631 4934 1762 5004 fide,
1798 4935 1945 4990 alter

291 5012 362 5064 de
395 5013 508 5066 ﬁde
540 5013 790 5082 Nicaana,
825 5033 1133 5089 superesse
1166 5017 1358 5074 Graece
1390 5021 1758 5092 accepimus:
1792 5041 1943 5095 quos

292 5101 466 5154 modo
498 5101 695 5158 Latine
725 5109 958 5161 tantum
992 5123 1025 5161 a
1056 5107 1260 5163 Rufino
1308 5126 1615 5167 conversos
1667 5112 1940 5184 legimus.

363 5187 442 5244 De
475 5188 583 5243 hac
615 5196 1166 5251 commemoratione
1193 5203 1392 5252 nostra
1412 5198 1592 5255 lector
1621 5201 1945 5275 intelligere

293 5281 504 5348 potest,
535 5294 647 5332 non
681 5297 808 5337 esse
835 5285 941 5339 abs
965 5301 1044 5351 re,
1069 5285 1221 5355 quod
1247 5285 1398 5342 hanc
1420 5288 1734 5344 editionem
1767 5307 1943 5361 quam

293 5364 558 5436 proxime
590 5367 660 5419 ad
702 5385 936 5438 cperam
998 5373 1256 5446 Gregorii
1320 5377 1731 5447 perfectionem
1783 5396 1944 5435 acce-

298 5453 435 5506 dere
467 5452 747 5509 diximus.
777 5458 853 5512 Ea
871 5476 1005 5514 vero
1027 5466 1144 5518 tres
1165 5466 1406 5519 omnino
1443 5465 1502 5520 in
1525 5469 1714 5522 tomos
1748 5467 1944 5524 distri-

298 5540 478 5628 buere
505 5540 679 5594 certis
713 5543 783 5597 de
813 5547 1010 5602 causis
1050 5550 1240 5607 visum
1283 5560 1391 5621 est,
1425 5571 1680 5626 quorum
1715 5557 1946 5628 primus

302 5624 602 5680 orationes
634 5643 708 5680 xx
737 5645 872 5686 curn
903 5633 1122 5694 Elianis
1177 5624 1616 5700 commentariis
1663 5624 1946 5716 continet,

300 5717 584 5781 totusque
615 5719 823 5771 nostra:
881 5721 1126 5781 debetur
1172 5729 1495 5804 industriae,
1543 5734 1644 5807 qui
1693 5751 1827 5793 cum
1877 5735 1947 5793 de

2051 4757 2110 4812 in
2133 4755 2358 4811 Pascha
2373 4761 2429 4811 et
2449 4755 2785 4810 tarditatem
2817 4753 3145 4808 orationem
3181 4749 3389 4806 habuit
3416 4749 3567 4820 (quae
3599 4747 3707 4801 hoc

2054 4844 2292 4900 nomine
2324 4845 2651 4900 secundum
2685 4842 2798 4899 sibi
2837 4843 3029 4897 locum
3065 4838 3432 4908 vindicabit),
3493 4837 3709 4907 illaque

2053 4936 2340 5004 dicta,per
2363 4934 2550 4989 otium
2583 4933 2728 5005 fugae.
2757 4931 2999 4988 Ponticae
3025 4928 3431 5002 purgationem
3456 4927 3710 4981 conscri-

2055 5024 2192 5097 psit.
2225 5023 2357 5079 Jam
2392 5022 2593 5077 Billius
2624 5027 2678 5077 et
2712 5020 2870 5076 illam
2904 5019 3256 5084 orationem,
3289 5033 3415 5089 quae
3449 5030 3709 5086 pronun-

2054 5113 2197 5168 tiata
2217 5111 2380 5167 estin
2413 5111 2694 5167 electione
2721 5109 3102 5166 Doarensium
3155 5104 3441 5162 antistitis
3481 5100 3711 5170 Eulalii,

2056 5206 2188 5274 post
2209 5218 2337 5256 eam
2361 5200 2685 5271 collocavit,
2706 5217 2834 5272 quas
2854 5199 2913 5254 in
2939 5196 3183 5254 concilio
3207 5213 3276 5252 CL
3303 5193 3715 5267 episcoporum

2056 5295 2146 5346 est
2175 5291 2397 5346 habita.
2435 5289 2614 5362 Atqui
2667 5291 2826 5362 prior
2867 5287 3025 5343 dicta
3080 5290 3172 5342 est
3213 5285 3340 5338 vivo
3390 5282 3718 5338 etiamnum

2057 5379 2292 5449 Basilio,
2327 5380 2612 5451 posterior
2671 5396 2737 5435 eo
2793 5377 3152 5449 jamdudum
3213 5374 3390 5430 rebus
3443 5370 3721 5426 humanis

2055 5475 2346 5541 exempto.
2376 5468 2658 5525 Funebria
2683 5471 2744 5524 in
2772 5469 3047 5525 Basiliam
3077 5463 3262 5522 oratio
3283 5465 3581 5537 postrema
3613 5458 3724 5516 fuit

2057 5559 2346 5627 omnium,
2380 5559 2499 5614 sive
2529 5559 2935 5631 scriptionem,
2965 5556 3086 5614 sive
3119 5552 3528 5611 recitationem
3585 5564 3720 5622 spe-

2057 5651 2200 5712 ctes,
2226 5646 2606 5718 pronuntiata
2621 5649 2898 5705 Cissareae
2919 5645 3330 5719 Cappadocum
3363 5641 3424 5699 in
3461 5643 3724 5698 extrema

2057 5739 2311 5807 senecta,
2345 5752 2477 5794 cum
2511 5736 2711 5795 relicta
2738 5732 3248 5807 Constantinopoli
3305 5728 3620 5803 Gregorius
3658 5727 3721 5783 in
