4100 6400
326 397 443 460 353

1345 389 1676 454 JOANNIS
1719 389 2246 454 LEUVENKLAII
2292 391 2739 456 ΡΒᾸΞῈΑΤΙΟ.

3632 399 3752 461 354

325 531 574 605 patriam
610 526 1198 599 reverteretur.Atqui
1230 527 1350 581 haec
1379 526 1570 583 locum
1595 526 1982 598 interpriores
2012 529 2065 595 Α
2097 531 2152 583 et
2202 528 2605 584 auctoritatem
2665 530 2793 600 ejus
2847 533 3196 596 revocatum,
3244 549 3366 602 qua
3418 535 3544 605 jam
3596 538 3750 608 apud

323 621 571 676 invenit.
608 620 648 674 E
675 617 964 674 contrario
997 618 1124 671 duae
1147 618 1206 671 in
1234 617 1526 673 lulianum
1555 618 1860 685 Augustum
1893 621 1984 671 in-

324 710 556 766 vectisz
585 708 712 764 loco
763 713 1058 779 postremo
1107 713 1425 778 ponuntur,
1460 723 1586 776 quae
1635 706 1796 777 prius
1830 706 1987 761 fuere

327 799 769 870 scriptae,quam
801 796 888 852 vel
912 795 1342 868 Gregorius,vel
1375 795 1627 850 Basilius
1651 795 1986 850 antistitum

333 905 579 945 munere
615 887 775 959 fungi
808 885 1140 957 coepissent.

407 978 538 1033 Haec
571 977 712 1032 mihi
747 992 973 1030 mecum
997 975 1344 1046 expendenti
1367 976 1558 1031 visum
1591 975 1987 1046 fuit,primum

333 1067 406 1123 iis
439 1066 804 1122 orationibus
853 1065 910 1119 in
964 1065 1216 1119 editione
1249 1069 1446 1120 nostra
1483 1065 1678 1120 locum
1711 1065 1989 1130 tribuere,

335 1174 483 1229 quas
506 1154 735 1228 egregie
759 1159 954 1210 noster
976 1154 1130 1209 Elias
1153 1155 1436 1210 hactenus
1460 1155 1793 1226 incognitus
1816 1169 1989 1207 enar-

334 1250 559 1301 rasset:
594 1250 769 1315 atque
811 1243 926 1297 illis
957 1242 1233 1315 deinceps
1293 1241 1438 1298 alias
1492 1244 1800 1313 subjicere,
1838 1241 1989 1296 Billii

330 1334 533 1390 labore
564 1333 772 1388 Latina
787 1337 944 1388 veste
967 1332 1406 1388 donatas.Hanc
1434 1338 1628 1388 autem
1661 1333 1851 1404 spatio
1877 1347 1990 1386 non

332 1423 530 1495 exigui
563 1421 847 1494 temporis
877 1421 1230 1490 absolutam,
1263 1428 1320 1477 et
1352 1439 1562 1494 magno
1594 1423 1830 1494 quidem
1857 1437 1992 1477 cum

336 1509 538 1566 labore
568 1510 1059 1577 lucubrationem,
1093 1527 1197 1565 cur
1228 1512 1298 1565 ad
1335 1511 1880 1566 reverendissimam
1905 1527 1993 1565 ex-

339 1599 660 1655 celsitatem
693 1605 856 1654 tuam
890 1599 1268 1671 potissimum
1313 1600 1562 1665 mittam,
1595 1599 1996 1655 illustrissime

336 1689 636 1759 Princeps,
670 1689 847 1744 variis
880 1705 946 1743 ac
991 1689 1268 1760 gravibus
1319 1707 1460 1745 sane
1502 1690 1830 1744 rationibus
1865 1706 1993 1743 mo-

335 1795 490 1833 veor.
529 1778 791 1832 Primum
833 1783 952 1832 tam
1014 1778 1152 1834 clari
1207 1779 1488 1833 antistitis
1545 1796 1718 1849 opera
1775 1779 1992 1832 nemini

2097 615 2314 672 multos
2348 618 2404 671 in
2437 624 2839 689 contemptum
2875 635 3021 688 pene
3070 627 3323 675 venerat.
3359 623 3546 679 Habes
3587 631 3643 678 et
3673 625 3756 679 di-

2096 705 2318 761 tionem
2379 707 2992 778 Paderaabornensem,
3033 708 3091 763 in
3144 725 3261 781 qua
3308 711 3460 766 idem
3512 713 3754 768 Carolus

2097 799 2345 866 Magnus
2377 796 2804 867 episcopatum,
2837 799 3126 852 Saxonum
3163 807 3328 867 gente
3358 801 3757 866 devicta,con-

2099 884 2310 939 stituit.
2372 885 2565 940 Habes
2625 886 3085 957 Osnabrugicam
3160 888 3434 959 denique,
3509 893 3757 962 primam

2100 974 2366 1028 omnium
2401 973 2458 1028 in
2493 975 2744 1029 saxonia
2775 975 2974 1028 sedem
3016 975 3349 1032 antistitum
3399 978 3760 1036 Christiano-

2102 1079 2255 1128 rum,
2289 1063 2556 1132 ejusdem
2612 1063 2983 1133 imperatoris
3041 1066 3386 1121 auctoritate
3427 1070 3764 1138 munitam;

2102 1151 2160 1205 in
2216 1153 2386 1221 cujus
2442 1152 2938 1218 immunitatibus,
2989 1169 3115 1224 quae
3174 1155 3474 1228 privilegia
3533 1165 3759 1227 vocant,

2103 1241 2384 1312 quiddam
2421 1243 2627 1296 merito
2660 1243 3112 1297 memorandum
3146 1244 3217 1298 ad
3250 1261 3483 1302 omnem
3517 1249 3762 1320 posteri-

2100 1334 2281 1385 tatem
2306 1331 2655 1385 continetur.

2177 1420 2363 1474 Lubet
2394 1425 2586 1475 autem
2619 1421 2748 1491 ipsa
2795 1420 3074 1476 Carolina
3119 1423 3556 1481 constitutionis
3587 1427 3762 1484 verba

2106 1510 2279 1564 certis
2310 1510 2382 1564 de
2431 1509 2626 1564 causis
2668 1508 2776 1563 hoc
2838 1508 2961 1564 loco
3023 1527 3256 1582 ponere,
3285 1529 3411 1584 quae
3473 1515 3762 1587 hodieque

2107 1597 2360 1670 publicis
2412 1597 2752 1669 diplomatis
2801 1598 3084 1670 inscripta
3132 1612 3466 1671 supersunt.
3501 1626 3529 1653 «
3563 1605 3762 1661 Eidem

2107 1686 2400 1757 episcopo,
2445 1687 2641 1756 inquit
2692 1686 2933 1742 Carolus
2979 1686 3073 1742 ille
3121 1688 3371 1760 Magnus
3426 1692 3762 1764 imperator,

2108 1777 2355 1845 ejusque
2389 1775 2830 1829 successoribus
2882 1775 3208 1831 libertatem
3261 1787 3600 1851 perpetuam
3635 1799 3771 1838 con-

340 1868 776 1938 rectius,quam
798 1866 950 1922 claro
976 1867 1172 1922 itidem
1214 1868 1461 1923 antistiti
1502 1868 1775 1938 putabam
1804 1868 1995 1923 oll‘erri
2031 1904 2079 1968 Β
2111 1865 2397 1930 cedimus,
2433 1869 2488 1917 et
2519 1865 2590 1918 ab
2623 1864 2781 1918 omni
2817 1864 2995 1936 regali
3029 1866 3274 1938 imperio
3307 1870 3767 1928 absolutionem:

341 1956 804 2012 debere.Deinde
833 1951 1142 2028 patronum
1177 1956 1318 2011 mihi
1350 1974 1768 2029 censoremque
1791 1957 2000 2012 litteris

343 2046 638 2103 excultum
670 2046 924 2118 deligere
973 2046 1148 2115 volui,
1178 2054 1380 2102 contra
1429 2047 1841 2119 plerorumque
1875 2064 1997 2102 mo—

342 2153 490 2200 rem,
519 2136 617 2208 qui
641 2135 1078 2191 lucubrationes
1110 2154 1250 2191 suas
1285 2137 1626 2191 hominibus
1660 2137 1824 2208 plane
1847 2137 2000 2192 litte-

339 2242 539 2280 rarum
573 2225 860 2294 imperitis
890 2225 1209 2281 inscribere
1239 2243 1352 2281 non
1386 2232 1678 2281 verentur.

414 2315 532 2370 Hoc
562 2332 695 2370 vero
729 2314 1144 2383 consideranti,
1195 2332 1310 2370 non
1371 2317 1716 2370 occurrebat
1773 2315 1832 2370 in
1882 2319 2002 2371 toto

343 2408 555 2458 nostrae
591 2404 842 2458 nationis
873 2403 1118 2476 imperio
1150 2405 1467 2476 quisquam
1501 2405 1760 2460 virorum
1788 2404 2000 2476 princi-

349 2509 514 2564 pum,
567 2509 741 2563 quem
793 2492 1004 2548 illustri
1067 2495 1416 2565 prestantia:
1477 2499 1586 2549 tua:
1645 2494 1998 2565 praeferrem.

350 2582 578 2636 Etenim
620 2598 734 2636 non
766 2584 976 2638 eximia
1009 2589 1237 2638 tantum
1266 2585 1545 2640 doctrinae
1576 2585 1703 2640 laus
1735 2584 2000 2639 omnium

349 2687 640 2726 consensu
692 2671 796 2725 tibi
850 2673 1166 2730 tribuitur:
1202 2674 1299 2729 sed
1351 2675 1528 2730 etiam
1576 2673 1872 2746 plerisque
1903 2689 2005 2744 per

351 2777 583 2815 omnem
618 2761 906 2832 Europam
927 2762 1375 2818 admirationem
1401 2763 1761 2818 merentibus
1785 2762 2005 2832 linguis

350 2866 489 2905 sane
521 2866 693 2921 qaam
727 2849 1023 2923 eleganter
1053 2851 1253 2906 uteris.
1287 2852 1522 2908 Accedit
1572 2853 1640 2908 ad
1676 2852 1816 2920 haec,
1850 2851 2002 2923 quod

353 2938 403 2994 ei
438 2939 659 3011 regioni
692 2956 823 2993 cum
861 2939 1102 3010 imperio
1135 2946 1532 3012 potestateque
1573 2942 1794 3013 praesis,
1828 2959 1858 2997 e
1890 2959 2005 3012 qua

353 3027 494 3081 mihi
523 3027 674 3081 avita
691 3027 1020 3098 patritaque
1052 3029 1212 3101 origo
1241 3031 1816 3086 ducitur.Summam
1851 3033 2003 3087 enim

349 3121 476 3170 tum
511 3116 848 3186 potentiam,
883 3122 1009 3172 tum
1062 3120 1464 3175 auctoritatem
1500 3121 1730 3176 obtines
1761 3121 1820 3176 in
1852 3121 2003 3177 occi-

349 3206 467 3260 dua
516 3205 781 3272 Saxonia,
818 3223 943 3277 quae
997 3209 1211 3263 recenti
1271 3209 1660 3280 appellatione
1709 3209 2004 3266 Vestualia

345 3294 583 3360 dicitur,
617 3312 748 3349 cum
775 3311 906 3350 vera
939 3295 1014 3350 sit
1044 3313 1110 3351 ac
1140 3303 1305 3353 vetus
1336 3299 2000 3372 Saxonia,quemadmo-
2033 3274 2074 3339 (ἶ

345 3384 487 3438 dum
520 3383 802 3440 Cranzius
831 3385 978 3440 Saxo
1019 3385 1320 3443 multoties
1370 3389 1428 3444 in
1473 3389 1735 3445 historiis
1765 3391 1888 3446 suis
1918 3391 2005 3445 in-

347 3473 560 3527 culcat.
597 3473 787 3529 Habes
818 3475 1221 3547 episcopatum
1253 3480 1792 3547 Monasteriensem,
1827 3496 1859 3532 a
1887 3496 2005 3534 ma-

346 3561 578 3631 joribus
610 3563 828 3618 nostris
877 3564 1430 3637 Mimingrodensem
1492 3567 1870 3640 appellatum,
1905 3569 2006 3640 qui

353 3652 522 3706 tertio
556 3653 680 3707 loco
712 3652 768 3706 in
820 3652 1072 3709 Saxonis
1119 3656 1490 3726 imperatoris
1537 3658 1783 3713 Caesaris
1822 3658 2006 3714 Caroli

357 3739 547 3812 Magni
584 3742 833 3813 Augusti
858 3743 1054 3797 studio
1075 3745 1434 3800 constitutus
1466 3750 1576 3801 est.
1607 3748 1747 3816 Ejus
1779 3763 2010 3818 semper

356 3845 568 3901 magna
601 3830 712 3884 fuit
741 3831 1163 3903 dignitas,quae
1195 3838 1280 3888 vel
1315 3834 1450 3889 inde
1484 3840 1674 3904 potest
1704 3835 2004 3904 aastimari,

356 3921 510 3989 quod
543 3936 678 3975 cum
708 3920 1021 3990 aliquando
1072 3923 1484 3978 Bremonensis
1533 3923 2006 3996 archiepiscopus

357 4007 514 4061 hunc
545 4015 782 4078 peteret,
823 4027 935 4065 non
970 4012 1131 4081 prius
1181 4013 1526 4084 impetrarit,
1560 4031 1737 4085 quam
1783 4013 2004 4070 archie-

357 4098 722 4166 piscopatum
757 4099 839 4153 illi
874 4107 1264 4171 postponeret,
1297 4107 1352 4156 et
1384 4102 1438 4155 in
1473 4104 2008 4174 commendam(uti

356 4187 758 4255 superioribus
789 4192 960 4244 annis
992 4190 1237 4245 barbare
1260 4192 1668 4263 loquebantur)
1701 4193 2007 4264 acciperet.

353 4273 424 4330 Es
455 4282 650 4330 autem
686 4276 820 4332 huic
851 4280 1072 4349 optimo
1113 4281 1249 4349 jure
1280 4281 1607 4351 praefectus,
1641 4281 1726 4336 vel
1760 4282 1832 4336 ob
1866 4281 2008 4337 insi-

348 4380 522 4433 gnem
557 4366 906 4436 sapientiam
943 4373 1126 4434 tuam,
1160 4368 1246 4423 vel
1281 4369 1473 4439 prisca
1511 4370 1892 4425 nobilissimae
1919 4371 2007 4426 fa-

353 4451 526 4508 milia:
556 4460 672 4508 tuae
703 4455 933 4511 merita.
967 4456 1108 4512 Nam
1159 4457 1307 4512 Otho
1357 4457 1866 4528 Mimingrodensis
1911 4477 2011 4514 an-

351 4545 520 4595 tistes
553 4559 800 4598 numero
833 4561 946 4614 xm,
982 4561 1177 4602 comes
1225 4546 1505 4614 Hoianus,
1541 4553 1791 4618 agnatus
1842 4553 2003 4604 tuus.

2114 1954 2227 2007 nisi
2263 1955 2406 2007 forte
2437 1953 2759 2024 contingat,
2793 1958 2857 2008 ut
2902 1954 3218 2025 imperator
3263 1957 3681 2032 Romanorum,
3714 1968 3772 2018 et

2113 2060 2210 2098 rex
2245 2042 2951 2114 Greecorum,conjugalia
2983 2045 3198 2100 fasdera
3220 2046 3371 2102 inter
3393 2049 3544 2104 ﬁlios
3568 2067 3768 2106 eorum

2113 2132 2458 2187 contrahere
2507 2133 2843 2203 disponant.
2891 2134 3054 2187 Tunc
3102 2135 3256 2191 enim
3304 2137 3570 2193 Ecclesia:
3612 2140 3771 2196 illius

2112 2222 2430 2292 episcopus
2462 2237 2594 2275 cum
2628 2227 2870 2292 sumptu
2896 2239 2928 2276 a
2953 2239 3082 2294 rege
3112 2224 3207 2278 vul
3241 2225 3591 2296 imperatore
3612 2229 3773 2284 adhi-

2115 2310 2234 2364 bito
2270 2308 2523 2364 laborem
2565 2309 2740 2363 simul
2803 2315 2858 2364 et
2916 2309 3194 2366 honorem
3259 2313 3415 2370 illius
3464 2315 3772 2388 legationis

2114 2403 2396 2453 assumet.
2427 2399 2494 2452 Et
2524 2415 2590 2452 ea
2621 2398 2692 2452 de
2746 2415 2924 2453 causa
2977 2400 3315 2467 statuimus,
3350 2408 3414 2458 ut
3467 2405 3524 2459 in
3567 2408 3770 2463 eodem

2113 2485 2238 2541 loco
2271 2486 2480 2541 Graecae
2517 2487 2852 2560 Latinaeque
2903 2488 3113 2544 scholae
3146 2489 3204 2544 in
3235 2498 3582 2564 perpetuum
3615 2497 3768 2550 ordi-

2114 2576 2347 2632 natione
2409 2584 2608 2632 nostra
2664 2583 2978 2633 maneant:
3043 2596 3146 2634 nec
3203 2597 3463 2653 unquam
3525 2584 3769 2640 clericos

2115 2669 2423 2739 utriusque
2452 2668 2664 2740 linguae
2695 2685 2910 2740 gnaros
2937 2669 3241 2727 defuturos
3261 2674 3630 2732 conﬁdimus.
3668 2699 3694 2725 η

2189 2759 2302 2814 Ηοο
2337 2759 2624 2828 majorum
2656 2757 2925 2814 instituto
2959 2765 3155 2816 motus
3189 2763 3342 2818 haud
3377 2765 3551 2820 dubie
3592 2785 3770 2838 supe-

2116 2847 2253 2903 riori
2286 2864 2438 2902 anno
2470 2847 2748 2902 dominus
2782 2854 2996 2918 noster,
3029 2849 3348 2922 imperator
3377 2854 3568 2910 Caesar
3589 2856 3770 2912 Maxi-

2116 2937 2396 2992 milianus
2429 2936 2472 2991 ll
2503 2937 2836 3008 Aug.ﬁliam
2863 2955 3030 2993 suam
3065 2957 3266 3011 regum
3301 2943 3767 3003 Christianorum

2115 3028 2371 3080 maximo
2392 3026 2742 3097 desponsam
2760 3043 2860 3097 per
2873 3032 2928 3082 te
2948 3029 3317 3099 potissimum
3341 3032 3547 3088 deduci
3563 3037 3768 3093 voluit:

2116 3135 2230 3189 quo
2265 3117 2500 3189 quidem
2524 3117 2582 3171 in
2618 3133 2857 3172 munere
2877 3119 3142 3175 obeundo
3168 3138 3440 3194 magnam
3466 3125 3768 3184 industria:

2114 3205 2554 3278 prudentiaeque
2586 3204 2816 3261 laudem
2852 3207 3143 3264 invenisti.
3178 3210 3340 3274 Quod
3370 3215 3417 3268 si
3461 3222 3613 3273 recte
3645 3235 3766 3273 rem

2114 3296 2407 3352 estimare
2437 3295 2705 3366 velimus,
2740 3297 3022 3367 majorem
3051 3298 3110 3353 in
3143 3300 3216 3355 iis
3247 3301 3392 3358 locis
3423 3311 3769 3376 potestatem

2115 3403 2148 3440 a
2179 3385 2382 3441 multis
2408 3385 2578 3440 annis
2605 3383 2816 3439 habuit
2847 3402 3052 3443 nemo:
3085 3405 3261 3459 quam
3310 3392 3547 3462 quidem
3589 3395 3768 3450 felici-

2114 3479 2293 3530 tatem
2329 3473 2464 3529 boni
2495 3489 2700 3528 omnes
2750 3475 2974 3529 eximiae
3007 3476 3207 3531 virtuti
3252 3482 3364 3534 tua:
3395 3481 3650 3539 debitam
3685 3485 3768 3540 fa-

2114 3567 2334 3630 tentur,
2369 3578 2436 3618 ac
2466 3561 2569 3616 tibi
2602 3561 2992 3633 gratulantur.
3039 3565 3296 3628 Quorum
3331 3568 3388 3622 in
3431 3587 3674 3628 numero
3707 3578 3772 3630 ut

2117 3669 2211 3707 me
2255 3668 2489 3723 quoque
2535 3652 2838 3706 arbitreris
2885 3669 3031 3719 esse,
3067 3671 3132 3708 ac
3181 3672 3372 3712 meam
3423 3658 3575 3716 hanc
3615 3661 3773 3718 velut

2117 3741 2599 3796 acclamationem
2621 3739 2868 3811 benigne
2886 3740 3158 3812 accipias,
3190 3745 3361 3801 etiam
3389 3753 3564 3820 atque
3592 3751 3770 3806 etiam

2118 3828 2571 3901 rogo.Fortassis
2591 3829 2867 3884 oﬂ‘eretur
2894 3829 3210 3901 aliquando
3234 3835 3377 3890 mihi
3402 3839 3627 3895 occasio
3656 3840 3771 3895 mei

2121 3937 2260 3992 erga
2281 3925 2442 3973 tuam
2458 3915 2849 3972 excelsitatem
2865 3919 3045 3973 animi
3058 3924 3485 3982 venerationem
3502 3928 3777 3986 illustrio-

2121 4011 2168 4065 ri
2193 4010 2444 4080 quodam
2470 4012 2811 4073 argumento
2830 4007 3415 4069 declarandi.lnterea
3437 4033 3773 4090 summope-

2122 4116 2182 4154 re
2215 4104 2367 4170 petn,
2398 4102 2464 4150 ut
2494 4096 2758 4150 studium
2794 4097 2851 4150 in
2884 4096 2993 4152 hoc
3014 4115 3225 4170 genere
3250 4104 3496 4173 publicis
3519 4124 3771 4162 commo.

2120 4188 2211 4243 dis
2233 4185 2705 4256 serviendi,quod
2731 4185 2928 4241 animo
2953 4203 3080 4242 meo
3103 4189 3372 4260 pluribus
3393 4194 3465 4249 ab
3491 4198 3660 4252 annis
3685 4197 3773 4252 in-

2119 4277 2293 4346 sidet,
2327 4292 2440 4330 non
2473 4274 2646 4329 modo
2677 4280 2910 4345 gratum
2966 4275 3182 4333 habeas
3213 4285 3388 4353 atque
3428 4285 3658 4354 probes,
3692 4287 3775 4342 uti

2118 4381 2260 4422 sane
2293 4366 2583 4419 facturum
2611 4367 2667 4418 te
2699 4365 2956 4419 conﬁdo:
2993 4367 3092 4420 sed
3116 4369 3290 4424 etiam
3325 4371 3518 4429 favore
3539 4379 3638 4430 tuo
3673 4375 3776 4431 be-

2118 4453 2526 4526 nignitateque
2572 4452 2759 4523 magis
2782 4454 3019 4520 excites,
3039 4472 3216 4526 quam
3250 4461 3550 4518 exhaustis
3581 4464 3776 4536 gravi—

2118 4544 2231 4598 bus
2263 4541 2551 4596 molestiis
2583 4542 2831 4612 experiri
2857 4543 3192 4612 jucundum
3242 4553 3349 4603 est.
3384 4550 3548 4616 Vale,
3580 4552 3778 4608 claris-

353 4630 863 4703 Tekeneburgensi
895 4638 1127 4701 comite,
1152 4634 1402 4706 aliisque
1429 4637 1790 4706 domitis,qui
1824 4636 2011 4691 Eccle-
2041 4645 2088 4710 D
2122 4633 2269 4686 sime
2301 4629 2600 4702 Princeps,
2639 4646 2844 4700 meque
2875 4649 2977 4702 per
3004 4633 3153 4689 hanc
3184 4635 3653 4697 lucubrationem
3682 4659 3772 4698 re-

351 4721 449 4773 siaa
483 4721 887 4790 possessiones
917 4729 1120 4778 contra
1143 4725 1247 4795 jus
1283 4727 1484 4795 fasque
1516 4725 1875 4793 invaserant,
1907 4725 2011 4780 im-

351 4809 597 4864 mortale
659 4828 871 4865 nomen
923 4813 1011 4883 (ut
1067 4814 1254 4883 ipsius
1314 4815 1576 4868 historici
1634 4815 1825 4868 verbis
1858 4818 2008 4890 utar)

349 4899 504 4969 apud
540 4915 678 4955 suos
712 4900 1212 4974 reliquit,propter
1228 4903 1458 4958 additas
1481 4901 1715 4958 diceeesi
1739 4903 2006 4970 ditiones,

2118 4719 2555 4776 verendissimae
2589 4719 2906 4774 excelsitati
2954 4727 3064 4776 tuae
3108 4740 3170 4778 se
3201 4726 3549 4795 tradentem,
3586 4731 3642 4784 in
3677 4747 3770 4786 eo-

2120 4827 2250 4864 rum
2287 4825 2618 4874 numerum,
2666 4825 2814 4879 quos
2870 4812 3059 4881 gratia
3109 4813 3622 4889 benevolentiaque
3675 4825 3776 4875 tua

2119 4898 2402 4971 dignaris,
2453 4897 2712 4968 recipito.

1449 5059 1562 5108 ΕΙΣ
1604 5057 1977 5109 ΓΡΠΓΟΡΙΟΝ
2015 5055 2142 5104 TON
2183 5052 2666 5102 NAZIANZHNON

1728 5157 1818 5208 ΙΩ.
1861 5155 1900 5203 Ο
1940 5151 2396 5206 ΛΕΩΓΚΛΑΙΟΣ.

995 5378 1094 5438 DE
1137 5378 1530 5440 GREGORIO
1575 5375 2059 5440 NAZlANZENO
2106 5373 2455 5435 JOANNES
2499 5371 3116 5434 LEUVENKLAIUS.

350 5617 677 5696 Γρηγορῖοιο
710 5620 929 5700 λόγους,
964 5623 1103 5702 μέγα
1132 5635 1330 5706 χρῆμα
1358 5627 1447 5682 καί
1480 5627 1859 5705 Ἀττικοιργὶς

423 5708 748 5790 ”Ατρεκέως,
783 5712 835 5768 ἐν
865 5712 1002 5789 ἐμῇς
1030 5717 1188 5788 ἡνίκα
1216 5717 1404 5796 χερσὶν
1435 5715 1575 5796 ἔχω.

2114 5638 2376 5714 Gregorii
2410 5637 2642 5709 quoties
2676 5636 2872 5710 Hyblae
2901 5641 3226 5699 redolentia
3256 5651 3456 5703 nectar

2186 5735 2250 5787 In
2285 5728 2557 5787 manibus
2577 5742 2744 5784 verso
2774 5729 2997 5804 scripta
3027 5731 3244 5790 diserta
3274 5737 3422 5792 meis
3449 5754 3462 5794 :
