4110 6420
311 398 431 464 355

308 536 433 588 Non
464 547 557 587 me
586 533 845 586 oratores
875 526 1081 585 fraude
1109 526 1367 599 amplius
1396 525 1551 581 illice
1582 522 1779 596 prisci,

378 622 534 686 Quos
566 618 702 674 tulit
732 623 973 689 argutos
1002 616 1193 671 Attica
1224 622 1398 682 terra,
1433 617 1691 669 movent.

310 709 568 764 Rursum
602 706 865 779 Gregorii
898 722 1032 761 cum
1063 705 1163 759 dia
1196 708 1467 776 poemata
1495 703 1644 757 vatis

380 797 633 869 Pellego,
668 795 963 852 Maonida
996 809 1131 848 mox
1159 792 1282 848 abit
1311 791 1503 847 omnis
1534 805 1721 845 amor.

307 886 498 942 Vilius
530 902 607 941 as
639 900 781 940 auro
811 883 971 939 velut
1001 887 1128 950 est;
1164 886 1229 937 ut
1256 880 1460 937 cedere
1490 879 1806 951 plumbum

380 978 652 1047 Argento,
687 978 752 1027 ut
781 970 1009 1043 superis
1040 969 1339 1034 inferiora,
1374 972 1570 1039 patet:

311 1063 625 1136 Gregorius
654 1061 877 1134 priscos
909 1057 1106 1131 palma
1136 1059 1221 1113 sic
1251 1057 1387 1112 vicit
1416 1056 1691 1129 adempta

380 1150 750 1208 Carminibus
778 1155 956 1216 vates,
986 1148 1253 1203 rhetoras
1282 1146 1537 1219 eloquio.

1037 1264 1222 1319 Aliud.

444 1374 642 1432 Tellus
672 1373 1107 1446 Cappadocum,
1141 1370 1440 1442 quondam
1472 1367 1898 1436 semibarbara,

372 1465 681 1539 Superavit
710 1463 870 1536 ipsas
900 1462 1037 1517 inde
1065 1460 1322 1516 Athenas
1348 1459 1591 1528 Atticas,

372 1556 481 1613 Ubi
514 1553 770 1609 Basilius
801 1556 857 1607 et
886 1550 1201 1622 Gregorius
1232 1548 1567 1604 doctissimi

376 1647 758 1703 Suavisonam
789 1642 1236 1714 CecrOpidarum
1271 1638 1689 1711 eloquentiam.

378 1737 449 1792 Et
478 1740 687 1791 cuncta
718 1732 898 1788 totius
931 1732 1276 1785 ornamenta
1304 1728 1557 1795 Gracia,

376 1830 504 1879 Sua
534 1822 805 1888 intulere,
841 1837 941 1876 seu
974 1821 1245 1884 victores,
1278 1817 1498 1889 patria.

373 1914 515 1977 Quis
545 1918 601 1968 te
634 1928 770 1983 ergo
804 1927 917 1964 non
950 1910 1023 1964 ob
1055 1909 1161 1963 hos
1191 1906 1421 1962 beatam
1456 1906 1751 1977 pradicet,

370 2001 570 2059 Tellus
601 1999 1035 2072 Cappadocum,
1070 1996 1275 2051 talium
1307 1995 1497 2049 virum
1534 2010 1744 2066 parens

793 2120 871 2171 De
901 2114 1168 2178 Caesario,
1196 2111 1461 2182 ejusdem.

299 2227 552 2283 Nicaam
582 2228 752 2279 terra
778 2238 909 2277 cum
944 2225 1115 2276 mota
1146 2221 1475 2275 succuteret
1502 2217 1611 2284 vis,

375 2314 660 2371 Casarius
684 2311 874 2383 jacuit
901 2310 1158 2383 pondere
1188 2324 1429 2381 pressus
1459 2306 1649 2363 humi.

302 2406 413 2462 Sed
444 2405 599 2460 Deus
626 2418 655 2458 e
687 2399 928 2456 latebris
958 2398 1186 2455 salvum
1219 2396 1509 2469 produxit,
1537 2396 1707 2469 eique

371 2491 615 2548 Vivendi
646 2489 896 2563 spatium
930 2487 1165 2558 longius
1196 2487 1331 2541 inde
1362 2485 1539 2542 dedit.

297 2580 635 2639 Consimilis
668 2580 849 2634 basus
881 2582 1267 2633 monumenta
1298 2574 1544 2647 excepit,
1577 2574 1801 2630 obisset

366 2674 687 2741 Postquam
720 2667 1040 2722 immaturo
1067 2665 1269 2721 funere
1301 2664 1606 2720 Casarius.

290 2764 363 2819 Et
394 2765 591 2816 tamen
620 2757 738 2813 hac
760 2756 935 2812 etiam
966 2753 1163 2811 divino
1198 2771 1438 2810 munere
1469 2752 1689 2825 profert

362 2854 512 2904 Cura
545 2844 951 2917 Leontonychi,
985 2842 1371 2915 semisepulta
1399 2843 1587 2915 prius.

295 2938 459 2994 Salve
474 2937 687 2991 iterum
710 2939 886 3006 atque
907 2936 1313 3000 iterum,terra
1332 2932 1423 2987 bis
1444 2937 1642 3003 operte
1663 2932 1948 3001 cavernis,

368 3027 439 3084 Et
467 3027 619 3083 dono
652 3024 709 3079 in
744 3024 931 3080 lucem
972 3022 1064 3078 bis
1093 3026 1358 3079 revocate
1387 3020 1512 3079 Dei.

715 3292 787 3348 De
814 3291 940 3347 Elia
970 3289 1215 3347 Cretensi
1242 3290 1515 3346 antistita.

980 3377 1254 3450 Ejusdem.

288 3470 550 3546 Gregorii
581 3469 860 3527 obscuros
891 3468 1245 3541 scriptorum
1276 3466 1574 3540 inquirere
1603 3484 1813 3525 sensus

360 3566 546 3619 Antea
576 3576 668 3615 res
701 3558 899 3631 magni
932 3556 1105 3631 plena
1132 3556 1349 3613 laboris
1380 3560 1525 3624 erat,

294 3654 485 3710 Donec
517 3650 588 3706 ab
618 3647 744 3704 Elia
771 3648 873 3704 lux
901 3647 1017 3704 illis
1047 3651 1136 3704 est
1166 3647 1321 3713 data,
1354 3664 1591 3704 summa

368 3738 629 3813 Gregorii
661 3735 939 3810 explicuit
966 3736 1067 3809 qui
1100 3740 1482 3793 monumenta
1513 3736 1648 3793 fide.

296 3831 589 3887 Hactenus
618 3827 887 3901 ignotum
917 3826 1025 3882 toti
1056 3842 1231 3899 quem
1267 3825 1487 3883 scilicet
1515 3825 1665 3896 orbi,

363 3918 531 3976 Nunc
562 3917 772 3972 iterum
802 3916 983 3972 donat
1011 3914 1141 3972 luce
1172 3915 1638 3988 Leontonychus.

287 4007 576 4063 Doctrina
607 4006 909 4079 egregium
940 4006 1284 4061 thesaurum
1316 4006 1532 4061 sumite
1562 4004 1736 4076 grati,

359 4097 516 4160 Quos
548 4095 725 4164 bona,
756 4110 906 4166 quos
937 4095 1154 4165 pariter
1185 4093 1442 4165 plurima
1472 4110 1645 4149 nosse
1667 4094 1858 4164 juvat.

356 4202 631 4274 Scipioni:
673 4198 1108 4269 Carleromachi,
1143 4201 1440 4270 interprete
1469 4199 1861 4257 Leuvenklaio.

288 4304 584 4375 Inspirare
613 4304 829 4359 animis
860 4302 1055 4357 divina
1085 4308 1357 4373 poemata
1387 4303 1605 4373 Musas,

358 4392 502 4449 Vate
532 4392 720 4465 magis
746 4390 884 4448 Chio
915 4390 1230 4464 Gregorius
1260 4390 1477 4447 docuit.

284 4480 411 4537 Imo
442 4477 623 4535 ﬂabat
654 4479 793 4536 huic
822 4478 1020 4551 potius
1044 4477 1294 4534 divinior
1324 4494 1487 4546 aura,

353 4568 601 4625 Deberet
629 4568 813 4626 Musis
843 4584 980 4625 cum
1012 4585 1121 4624 sua
1153 4567 1488 4623 Maonides.

1325 389 1656 457 JOAN'NIS
1700 384 2230 453 LEUVENKLAII
2278 384 2721 450 PMFATIO.

3612 392 3738 455 356

1989 520 2050 590 Α
2074 516 2152 575 Οὐ
2187 515 2334 591 μάλα
2362 519 2624 591 θαυμάζω
2650 516 2779 581 τοὺς
2812 517 3072 595 ῥήτορας,
3096 519 3190 584 οὕς
3220 522 3344 578 ποτ’
3375 523 3620 596 ’Δθηνῶν

2146 610 2315 683 Ἔσχε
2341 603 2530 677 πόλις,
2563 606 2798 684 δολερῆς
2828 605 3054 682 ἵδμονας
3085 609 3329 682 εύεπίης·

2073 697 2165 759 Ὠς
2205 693 2252 751 δ’
2281 696 2714 773 ἀναγινώσκοντα
2741 696 3026 770 ποίηματα
3057 700 3387 777 Γρηγορίοιο

2145 784 2263 843 Ούκ
2290 785 2461 842 ἐπὲων
2485 807 2571 849 τις
2606 785 2722 862 ἔχει
2754 785 3037 857 Μηονίόαο
3068 790 3259 852 πόθος.

2074 876 2285 951 Χρυσὸς
2310 874 2434 935 ὅσον
2465 875 2725 952 χαλκοῖο,
2761 872 3043 950 μολύϐδου
3071 884 3119 933 τ’
3148 876 3383 956 ἄργυρος
3414 879 3556 937 αὖθιο

2146 964 2438 1039 Κρείττων,
2462 964 2725 1041 οὐρανίων
2762 965 2993 1043 χείρονα
3020 968 3089 1024 τὰ
3117 968 3333 1043 χθόνιαο

2074 1053 2327 1128 Ῥήτορες
2354 1053 2579 1129 ἀρχαῖοι
2608 1052 2765 1109 τόσον
2793 1056 3065 1124 ἡττῶνται
3097 1058 3189 1113 καὶ
3216 1057 3403 1114 ἀοιδοὶ

2146 1142 2455 1218 Γρηγορίου
2484 1144 2530 1198 τ’
2562 1142 2733 1216 ἔπεσι,
2766 1150 3074 1223 Γρηγορίου
3103 1168 3163 1203 τε
3200 1147 3405 1226 λόγοις.

2796 1258 2997 1317 Ἀλλο.

2214 1370 2288 1435 Γῆ
2326 1363 2689 1422 Καππάδοσσα
2715 1368 2908 1444 τοπρῖν
2941 1364 3353 1447 ἡμιϐἀρϐαρος,

2145 1452 2319 1517 Δύτὰς
2354 1451 2586 1532 ὑπερέϐη
2620 1456 2715 1521 τὰς
2750 1459 2975 1533 Ἀθήνας
3008 1460 3283 1530 Ἀττικάς,

2144 1543 2227 1614 Ἐξ
2259 1541 2320 1597 οὗ
2351 1545 2630 1608 Βασίλειος
2664 1547 2964 1624 Γρηγόριός
2996 1570 3053 1602 τε
3080 1548 3159 1603 τὼ
3189 1551 3342 1627 σοφὼ

2139 1634 2246 1699 Τὴν
2275 1631 2617 1712 ἡδύφθογγον
2653 1634 3003 1711 Κεκροπιδῶν
3034 1637 3360 1713 εύγΛωττίαν

2140 1723 2324 1792 Πάσης
2359 1726 2689 1800 μετήνεγκάν
2723 1747 2781 1780 τε
2810 1727 3015 1800 κόσμον
3052 1725 3315 1790 Ἑλλάδος

2141 1810 2233 1873 Ei;
2265 1810 2655 1869 Κάππάδοσσαν
2689 1820 2865 1890 γαῖαν,
2902 1816 2974 1877 ὡς
3003 1816 3313 1895 νικηφόροι.

1991 1896 2040 1961 Β
2139 1900 2227 1961 Τίς
2257 1900 2318 1955 ού
2354 1902 2665 1974 μακαρίσειὲ
2697 1925 2754 1958 σε
2783 1905 2883 1981 γάρ
2917 1904 3209 1977 εὐτεκνίας,

2148 1994 2223 2065 Γῆ
2258 1989 2643 2065 Καππάδοσσα,
2684 2000 2855 2067 μῆτερ
2890 1991 3095 2071 ἀνδρῶν
3128 1992 3374 2069 κυδίμων
3405 2014 3420 2067 ;

2442 2110 2535 2172 Είς
2563 2111 2653 2165 τὸν
2685 2112 3001 2186 Καισάρων,
3030 2116 3127 2166 τοῦ
3159 2112 3345 2170 αύτοῦ.

2065 2218 2250 2277 Ἠνῖκα
2281 2217 2510 2285 Νικαίης
2546 2214 2768 2291 μεγάλῳ
2797 2221 3003 2288 σεισμῷ
3032 2217 3357 2293 πτολίεθρον

2136 2309 2405 2374 Κάππεσε,
2440 2305 2729 2380 Καισάριος
2762 2310 2865 2374 ζῶν
2899 2306 3002 2361 ὑπὸ
3032 2314 3133 2383 γῆν
3166 2303 3391 2383 ἐκρύϐη.

2062 2395 2238 2455 Ἀλλά
2268 2395 2395 2458 Θεός
2426 2417 2505 2449 νιν
2542 2400 2679 2449 σῶον
2714 2393 2804 2468 ἑῇς
2835 2394 3060 2472 ἐξήγαγε
3088 2397 3269 2472 χερσὶ,

2135 2482 2231 2541 Καὶ
2265 2478 2601 2545 λυκάϐαντας
2636 2482 2715 2538 ἔτι
2746 2480 2888 2538 δῶκε
2921 2483 3043 2559 βίου
3075 2482 3334 2548 πλέονας.

2060 2574 2328 2636 Ὡσαύτως
2359 2572 2449 2628 ὅτε
2479 2575 2767 2648 Καισάριος
2797 2573 3024 2642 τέθνηκε
3053 2574 3334 2650 πρόωρος,

2132 2665 2258 2738 ARV
2289 2662 2521 2739 ἐγένοντ’
2551 2662 2768 2739 ἀφανεῖς
2804 2663 3115 2737 Καισαρίοιο
3149 2663 3327 2739 Λόγοι.

2062 2758 2333 2828 Δημοσιοῖ
2363 2749 2419 2806 δὲ
2446 2751 2814 2826 Λεοντόνυχος
2849 2752 2965 2824 θείᾳ
2995 2751 3131 2807 πάλι
3168 2753 3330 2829 μοίρᾳ

2131 2841 2411 2919 Κρυπτοὺς
2445 2841 2734 2914 Καισαρίου
2762 2838 2954 2897 τούσδε
2982 2843 3210 2917 πάροιθε
3241 2841 3461 2917 λόγους.

2061 2938 2246 3007 Χαῖρε,
2284 2934 2482 3007 μάκαρ,
2516 2928 2598 2992 δὶς
2630 2930 2705 2983 ἐνὶ
2737 2930 2899 3004 γαίης
2928 2933 3203 3004 κευθμῶσι
3236 2931 3545 3011 καλυφθεὶς,

2131 3021 2235 3077 Καὶ
2268 3018 2352 3083 δὶς
2386 3019 2715 3093 ἀναστρέψας
2745 3020 2949 3083 θειόθεν
2983 3021 3057 3082 εἰς
3085 3022 3148 3076 τὸ
3178 3022 3332 3099 φάος.

2058 3110 2335 3189 Καισαρίῳ
2364 3110 2452 3164 καὶ
2485 3108 2805 3189 Γρηγορίῳ1
2836 3111 3160 3189 μακάρεσσιν
3213 3108 3493 3189 ᾀδελφοῖς,

2132 3179 2317 3238 Ταῖῖτα
2336 3179 2708 3257 Λεοντόνυχος
2741 3179 2862 3250 θῆκ’
2894 3179 2992 3236 ini
3013 3182 3351 3257 γραμμάτια.

2295 3288 2388 3350 Εἷς
2418 3285 2609 3346 Ἠλίαν
2640 3288 2731 3344 τὸν
2764 3289 2984 3363 Κρήτης
3016 3287 3452 3361 μητροπολίτην,

2717 3380 2821 3431 Τοῦ
2850 3375 3035 3433 αὐτοῦ.

2057 3466 2222 3523 Θείων
2255 3466 2561 3542 Γρηγορίου
2602 3463 2889 3544 δυσέφικτα
2917 3465 3167 3538 νοήματα
3201 3458 3408 3537 βίϐλων

2126 3556 2325 3632 Τοπρὶν
2358 3554 2660 3631 ἀνιχνεύειν
2689 3558 2754 3624 ἦν
2787 3556 2888 3627 ἄρα
2917 3552 3297 3631 παγχάλεπον,

2052 3647 2269 3719 ’Ἂμμιν
2300 3644 2405 3709 ἓως
2440 3644 2609 3724 ἐφάνη
2641 3641 2944 3721 περιδέξιος
2972 3642 3312 3719 ἑρμηνευτὴς

2125 3737 2183 3789 Ὀ
2212 3735 2362 3806 Κρὴς
2394 3732 2586 3796 Ἠλίας
2614 3733 2946 3809 Γρηγορίοιο
2974 3731 3177 3809 λόγων.

2054 3825 2153 3883 "Ov
2180 3843 2281 3900 περ
2313 3822 2469 3878 ἰόντα
2495 3824 2634 3884 τὲως
2662 3824 2881 3893 θνητοῖς
2913 3821 3187 3897 ἄγνωστον
3222 3823 3438 3895 ἅπασιν,

2125 3911 2217 3974 Εἷς
2248 3916 2361 3990 φῶς
2391 3908 2543 3973 αὖθις
2575 3908 2691 3986 ἄγει
2718 3908 2832 3965 νυνὶ
2865 3910 3258 3987 Λεοντὸνυχος.

2051 4002 2326 4075 Θησαυρὸν
2358 3999 2551 4077 σοφίης
2581 3998 2821 4072 ἑριούνια
2852 3999 3082 4073 δόγματ’
3116 3997 3315 4075 ἔχοντα

2125 4089 2354 4161 Δὲξασθ’,
2387 4090 2467 4151 οἷς
2500 4092 2704 4163 γνῶναι
2743 4086 2931 4143 πολλὰ
2958 4087 3048 4142 καὶ
3081 4087 3248 4152 ἐσθλᾶ
3276 4087 3454 4166 φίλον.

2410 4194 2717 4256 Σκιπίωνος
2747 4198 2845 4249 τοῦ
2878 4193 3324 4270 Καρτερομάχου.

2051 4301 2357 4379 Γρηγόριος
2391 4301 2606 4363 Μούσας
2634 4299 2833 4373 πολλῴ
2862 4298 3027 4354 πλέον
3059 4296 3199 4373 ἤπερ
3233 4301 3488 4376 Ὄμηρος

2121 4393 2420 4447 Θειοτάτων
2452 4390 2621 4446 ἐπέων
2655 4388 2819 4461 δεῖξεν
2854 4386 3177 4461 δπηρετίδας

2050 4481 2120 4536 ἸΠ
2156 4478 2368 4555 μᾶλλον
2400 4475 2528 4555 τόγε
2556 4485 2660 4535 πᾶν
2690 4483 2917 4535 Μουσῶν
2948 4477 3053 4533 ὕπο
3086 4476 3233 4549 λὲξεν
3260 4479 3411 4550 ’Όμη
3423 4498 3539 4554 ρος,

2122 4569 2414 4646 Γρηγορίῳ
2445 4566 2493 4624 δ’
2523 4567 2668 4624 ἔπνει
2696 4569 2895 4641 πνεῦμ’
2922 4568 3024 4645 ἂρα
3054 4567 3347 4645 θειότερον.

924 4900 1277 4963 JOANNES
1318 4899 1933 4964 LEUVENKLAIUS
1978 4902 2046 4963 S.
2093 4904 2168 4965 D.
2214 4904 2513 4966 JACOBO
2557 4903 2814 4965 BlLLlO
2864 4906 2939 4964 ν.
2988 4904 3057 4963 C.

354 5195 563 5247 Aunus
593 5190 689 5246 hic
719 5196 967 5263 quartus
997 5196 1105 5263 est,
1135 5192 1348 5249 Jacobe
1392 5191 1543 5260 Billi,
1576 5210 1644 5250 ex
1675 5209 1790 5267 quo
1822 5194 1938 5267 pri-
1972 5201 2019 5268 Π
2047 5200 2175 5251 tum
2205 5195 2483 5266 theologi,
2518 5197 2958 5252 commentariis
2988 5195 3594 5260 absolvissem,visum
3618 5200 3709 5253 est

281 5296 446 5336 mum
477 5280 548 5334 ad
582 5280 1125 5351 interpretationem
1149 5282 1772 5354 prastantissimorum
1794 5284 1935 5339 Gre-

276 5368 425 5439 gorii
477 5368 823 5423 Nazianzeni
882 5370 1234 5441 scriptorum
1294 5371 1667 5426 hortantibus
1726 5373 1932 5429 amicis

278 5457 542 5511 animum
576 5456 783 5525 adjeci,
814 5457 883 5511 de
914 5459 1115 5513 causis
1147 5459 1355 5515 iisdem
1391 5459 1528 5529 fere,
1552 5477 1696 5530 quas
1728 5462 1932 5516 eodem

279 5542 692 5615 tempore(nisi
720 5541 1229 5618 fallor)impulisse
1250 5548 1471 5603 teidem
1488 5549 1559 5603 ad
1592 5547 1933 5606 institutum

280 5630 509 5687 scribis.
543 5632 692 5687 Cum
725 5634 920 5685 autem
954 5652 1196 5691 numero
1242 5652 1358 5692 non
1389 5654 1608 5708 paucas
1638 5638 1935 5695 orationes

278 5731 413 5772 cum
445 5719 583 5772 Elia
604 5715 897 5772 Cretensis
918 5722 1424 5789 antistitis,eximii
1447 5730 1574 5783 tum
1596 5723 1935 5802 philosophi

2043 5282 2363 5353 relaxandi,
2396 5285 2551 5356 quod
2582 5302 2651 5341 ex
2680 5287 2962 5342 continua
2999 5286 3296 5341 mensium
3325 5284 3551 5357 aliquot
3571 5285 3710 5340 scri-

2044 5374 2244 5445 ptione
2273 5375 2630 5446 obrepserat,
2664 5375 2822 5430 tadii
2847 5392 3028 5430 causa
3059 5374 3342 5445 quiddam
3374 5373 3593 5429 laboris
3626 5373 3708 5429 al-

2042 5462 2230 5518 terius
2261 5464 2715 5534 susciperezquo
2739 5469 3125 5536 posteaquam
3161 5462 3472 5519 defunctus
3495 5480 3706 5536 essem,

2042 5550 2125 5606 ita
2156 5550 2365 5607 deinde
2399 5551 2717 5624 pristinum
2742 5553 2886 5608 illud
2912 5570 3060 5625 Opus
3079 5552 3236 5608 velut
3266 5551 3706 5625 interpolatum,

2044 5641 2266 5709 majore
2298 5656 2433 5697 cum
2467 5640 2719 5696 aliorum
2749 5643 2969 5709 fructu,
2988 5642 3406 5715 voluptateque
3429 5660 3559 5699 mea
3582 5661 3709 5715 per-

2042 5727 2411 5790 ﬂceretur.Et
2438 5729 2592 5791 facta
2618 5729 2790 5790 nobis
2811 5734 3093 5807 praterea
3120 5730 3193 5790 de
3224 5732 3583 5805 quibusdam
3600 5731 3708 5791 Na-
