4110 6430
341 391 457 452 357

1361 381 1694 446 JOANNIS
1737 377 2274 446 LEUVENKLAII
2319 380 2757 442 PREFATIO.

3644 383 3768 445 358

341 518 605 578 zianzeni
634 516 803 573 libris
837 532 950 572 non
985 515 1155 572 editis
1186 532 1320 588 spes
1353 521 1496 582 erat,
1531 533 1679 588 quos
1706 517 1846 570 dum
1881 514 2010 586 api-
2038 515 2092 582 Α
2125 512 2312 568 moria
2342 511 2572 584 publice
2604 511 2742 567 visis
2773 511 2987 568 rectius
3018 512 3278 584 impendi
3310 512 3566 571 laborem
3592 515 3770 571 inter-

340 625 664 675 sceremur,
679 607 738 661 in
759 606 872 662 alio
887 606 1106 661 versari
1130 604 1496 660 malebamus
1511 603 2009 677 interpretationis

343 715 578 773 genere,
598 714 710 769 quo
733 696 1064 768 paratiores
1097 696 1166 750 ad
1200 695 1625 750 Nazianzenum
1646 695 1968 750 rediremus
1993 709 2007 748 :

350 790 554 860 itaque
588 786 1066 858 Xenophonteam
1086 784 1308 839 interea
1328 783 1794 839 lucubrationem
1827 781 2014 853 publi-

350 876 503 945 cavi,
539 881 597 931 et
625 873 881 946 Gregorii
912 873 1160 945 Nysseni
1193 889 1264 927 xv
1293 871 1590 928 orationes
1636 874 1695 927 in
1724 873 2015 928 Canticum

351 969 714 1032 canticorum,
776 961 1254 1032 Constantinique
1331 960 1618 1016 Manassis
1686 959 2014 1015 Chronicon

358 1057 780 1128 interpretatus
797 1049 1182 1114 sum.Quibus
1198 1049 1474 1105 omnibus
1491 1048 1850 1121 expoliendis
1872 1049 2015 1103 dum

354 1148 675 1217 occupatus
708 1145 798 1198 est
827 1141 1063 1195 animus
1097 1155 1284 1206 meus,
1313 1154 1491 1209 seque
1531 1142 1719 1194 totum
1753 1137 2019 1193 alacriter

355 1235 425 1290 ad
473 1231 926 1288 elaborationem
977 1229 1261 1284 institutis
1315 1227 1576 1299 Gregorii
1622 1225 2018 1284 conversionis

354 1329 561 1397 parat;
598 1319 977 1376 commodum
1022 1315 1355 1388 Theologus
1399 1320 1596 1372 noster
1626 1317 1832 1372 Latina
1860 1318 2021 1370 veste

355 1411 584 1485 vigiliis
615 1409 734 1466 tuis
764 1412 1006 1464 ornatus
1057 1407 1269 1478 prodit.
1325 1407 1458 1469 Quae
1500 1423 1591 1460 res
1639 1422 1756 1460 non
1789 1410 2020 1459 tantum

364 1518 484 1558 non
520 1499 764 1556 molesta
793 1497 970 1569 (quod
1005 1495 1315 1551 usuvenire
1360 1493 1651 1566 plerisque
1677 1493 1843 1564 solet,
1875 1509 2024 1564 aegre

369 1589 692 1645 ferentibus
725 1588 955 1643 ofﬁcere
977 1584 1145 1656 quasi
1179 1582 1506 1638 luminibus
1528 1583 1652 1637 suis
1682 1581 1847 1653 alios)
1874 1581 2023 1636 acci-

370 1679 455 1734 dit
486 1679 682 1733 animo
707 1693 836 1732 meo
862 1691 875 1742 ;
909 1675 1009 1730 sed
1035 1674 1209 1729 etiam
1235 1671 1521 1741 voluptati
1546 1673 1672 1740 fuit,
1703 1671 2026 1742 praasertim

365 1772 755 1841 posteaquam
779 1766 1041 1835 inspecto
1063 1762 1231 1831 libro,
1252 1766 1308 1817 et
1324 1761 1619 1832 eleganter
1636 1761 1741 1815 abs
1761 1765 1817 1816 te
1837 1777 2025 1826 versa,

366 1875 474 1914 nec
535 1856 664 1912 sine
713 1853 938 1926 judicio
998 1851 1274 1924 pleraque
1329 1849 1608 1905 viderem.
1660 1853 1873 1904 Verum
1926 1849 2028 1904 ubi
2061 1887 2108 1951 B

367 1947 643 2017 deinceps
678 1944 746 1999 ad
792 1947 895 1997 tua
934 1940 1160 1996 collatis
1211 1939 1304 2004 iis,
1340 1956 1468 2011 quae
1518 1939 1643 2009 ipse
1675 1938 1934 1994 Latinam
1968 1938 2026 1994 in

369 2035 632 2107 linguam
662 2029 1194 2102 transcripsissem,
1237 2028 1298 2084 in
1348 2027 1711 2083 orationibus
1756 2045 1851 2082 xu:
1882 2044 2028 2099 prae-

369 2123 523 2180 clare
555 2123 626 2178 ab
658 2120 780 2176 Elia
809 2118 1070 2176 Cretensi
1102 2118 1390 2173 enarratis
1431 2117 1616 2173 multa
1647 2134 1782 2172 cum
1824 2117 1895 2172 ob
1929 2133 2031 2171 va-

367 2214 486 2269 rias
509 2217 848 2267 nostrorum
869 2207 1135 2264 codicum
1155 2206 1706 2277 antiquissimorum
1725 2206 2031 2274 lectiones,

367 2307 495 2358 tum
544 2304 750 2357 acutas
799 2297 1115 2354 admodum
1193 2294 1330 2350 Eliaa
1376 2294 1816 2362 declarationes,
1860 2293 2032 2364 longe

373 2391 543 2448 aliter
573 2406 608 2445 a
637 2405 731 2444 me
762 2387 1052 2453 traducta,
1086 2401 1259 2457 quam
1283 2384 1402 2439 tuis
1433 2385 1489 2438 in
1515 2382 1682 2440 libris
1702 2383 2033 2455 reperiren-

373 2486 497 2547 tur,
531 2478 1094 2534 animadverterem:
1138 2473 1383 2530 minime
1415 2473 1519 2528 tibi
1571 2472 1883 2529 molestum
1917 2473 2034 2529 fore

383 2569 697 2641 putabam,
725 2567 775 2622 si
824 2565 929 2621 hac
959 2565 1196 2638 quidem
1247 2564 1307 2619 in
1340 2569 1504 2635 parte
1541 2579 1644 2635 pro
1688 2563 1808 2617 tuis
1835 2566 2038 2617 nostra

380 2675 514 2713 cum
549 2654 767 2712 Elianis
818 2653 1256 2710 commentariis
1307 2653 1617 2724 conjuncta
1657 2667 2038 2724 reponerem:

379 2752 590 2804 caetera
640 2761 793 2814 vero,
849 2761 976 2816 quae
1028 2744 1240 2816 partim
1293 2743 1503 2798 Nicetes
1561 2743 1798 2813 adjutus
1840 2758 2036 2814 Opera,

375 2837 595 2908 partim
632 2851 735 2907 per
766 2840 820 2889 te
853 2833 1095 2889 feliciter
1125 2849 1190 2889 ac
1222 2833 1484 2888 studiose
1514 2831 1947 2898 transtulisses,
1978 2829 2038 2886 in

381 2926 635 2982 editione
671 2922 1018 2980 Nazianzeni
1055 2925 1255 2978 nostra
1283 2938 1525 2992 prorsus
1559 2920 1639 2975 uti
1668 2920 1772 2975 abs
1804 2925 1858 2974 te
1891 2920 2042 2974 facta

382 3015 658 3076 fuissent,
675 3012 1006 3066 retinerem.
1031 3013 1221 3082 Atque
1245 3011 1352 3066 hoc
1376 3010 1613 3081 quidem
1639 3010 1786 3064 citra
1806 3024 2040 3064 omnem

383 3103 666 3158 invidiam
697 3117 761 3156 eo
785 3100 910 3156 fieri
947 3117 980 3155 a
1005 3116 1095 3154 me
1126 3114 1298 3171 posse
1321 3098 1712 3154 conﬁdentius
1745 3096 2041 3153 existima-

385 3195 544 3260 bam,
581 3190 734 3262 quod
768 3187 1194 3260 nonnullajam
1226 3187 1571 3246 Nazianzeni
1598 3187 1817 3259 scripta
1837 3190 2044 3242 nactus

385 3297 598 3351 essem,
631 3279 847 3352 quibus
880 3259 1190 3349 nunquam
1220 3277 1505 3334 hactenus
1537 3282 1738 3333 nostra
1768 3292 1909 3332 sane
1939 3291 2054 3332 me-
2084 3259 2126 3325 Ο

2121 601 2462 673 pretationis
2493 601 2665 656 amici
2691 602 3056 671 judicabant,
3091 619 3268 673 quam
3301 603 3348 659 si
3380 605 3484 660 abs
3517 622 3575 660 re
3608 606 3771 678 prius

2121 690 2416 745 elaborata
2446 693 2614 760 quasi
2640 695 3055 746 retexerentur.
3081 693 3388 747 Accessere
3420 694 3693 767 deinceps
3719 700 3775 752 et

2122 779 2236 834 alia
2265 781 2555 851 quaedam,
2591 778 2725 834 hinc
2756 780 2890 835 inde
2933 785 3211 853 congesta
3240 783 3453 853 partim
3484 784 3776 840 industria

2124 873 2344 935 nostra,
2391 868 2604 939 partim
2655 868 2978 924 amicorum
3028 886 3157 942 ope,
3209 887 3335 942 qua
3383 872 3513 944 ipsa
3543 891 3774 946 quoque

2125 973 2259 1012 cum
2291 956 2652 1013 Nazianzeno
2700 958 2759 1012 in
2811 956 3003 1014 lucem
3057 960 3404 1030 proferenda
3447 964 3777 1020 necessario

2123 1046 2478 1102 viderentur.
2512 1046 2577 1101 In
2627 1064 2740 1118 quo
2781 1063 2992 1119 genere
3036 1047 3244 1104 Nicetaa
3287 1053 3777 1110 commentarium

2126 1136 2187 1190 in
2221 1136 2536 1191 sententias
2566 1139 2684 1190 tam
2717 1135 2966 1207 singulis
2985 1153 3162 1207 quam
3185 1141 3490 1209 quaternis
3519 1141 3781 1197 inclusas

2127 1225 2416 1290 versibus,
2452 1223 2620 1280 Pselli
2672 1226 2743 1279 de
2775 1225 3100 1281 difﬁcilium
3145 1227 3490 1285 Nazianzeni
3520 1230 3783 1287 locorum

2131 1313 2431 1368 intellectu
2464 1313 2701 1379 librum,
2736 1313 2967 1369 Caesarii
3000 1317 3260 1386 germani
3294 1317 3639 1374 Nazianzeni
3673 1321 3785 1376 fra-

2131 1403 2238 1458 tris
2261 1401 2524 1474 dialogos
2551 1420 2624 1468 IV,
2647 1407 2805 1458 tomo
2824 1403 2991 1458 tertio
3009 1404 3415 1463 exhibebimus
3438 1425 3449 1462 :
3479 1420 3543 1463 ut
3561 1415 3784 1466 taceam

2134 1493 2204 1547 de
2237 1492 2558 1548 multorum
2611 1494 2868 1548 locorum
2921 1494 3412 1565 restitutionibus,
3461 1516 3586 1570 quae
3620 1499 3786 1555 libris

2135 1581 2360 1652 aliquot
2387 1583 2727 1636 venerandae
2774 1583 3078 1637 vetustatis
3122 1585 3318 1640 studio
3366 1593 3565 1643 nostro
3613 1589 3786 1644 colle-

2137 1671 2245 1726 ctis
2277 1675 2334 1726 et
2366 1669 2594 1725 collatis
2623 1672 2926 1726 debentur.
2952 1675 3313 1745 Quapropter
3336 1677 3610 1747 equidem
3643 1679 3787 1733 mihi

2139 1759 2434 1831 polliceor,
2467 1764 2522 1814 te
2552 1760 2740 1814 virum
2764 1761 3086 1831 sapientem
3115 1779 3180 1818 ac
3211 1764 3470 1832 doctum,
3505 1768 3788 1836 optimam
3889 1825 3892 1828 ,

2139 1849 2197 1903 in
2232 1852 2456 1920 partem
2489 1848 2798 1904 consilium
2827 1854 3093 1905 nostrum
3123 1850 3665 1924 interpretaturum.
3696 1863 3794 1913 De-

2141 1938 2236 1992 bet
2257 1936 2412 1992 enim
2436 1937 2638 1992 abesse
2663 1954 2797 1992 cum
2815 1938 2974 1993 omni
2997 1940 3068 1993 ab
3091 1941 3397 1998 hominum
3417 1960 3647 2017 genere,
3668 1950 3794 2002 tum

2139 2026 2413 2082 litteratis
2434 2026 2807 2097 potissimum
2830 2027 3050 2082 invidia
3072 2046 3083 2083 :
3105 2030 3323 2100 quibus
3345 2048 3471 2088 esse
3488 2033 3630 2088 nihil
3651 2036 3797 2090 anti-

2143 2115 2317 2186 quius
2351 2133 2456 2186 par
2487 2120 2592 2184 est,
2628 2132 2805 2186 quam
2839 2121 2901 2171 ut
2949 2122 3006 2173 et
3035 2118 3142 2188 ipsi
3181 2121 3458 2190 juvandzs
3499 2124 3635 2178 totis
3662 2124 3796 2179 viri-

2143 2205 2254 2259 bus
2285 2203 2617 2275 reipublicaa
2648 2206 2945 2271 studeant,
2980 2212 3037 2261 et
3081 2207 3226 2263 alios
3256 2210 3410 2265 idem
3454 2211 3795 2269 institutum

2145 2297 2420 2363 urgentes
2452 2309 2566 2347 non
2601 2293 2771 2348 modo
2799 2311 2914 2349 non
2944 2294 3122 2350 livore
3145 2299 3399 2368 quodam
3432 2300 3796 2373 impediant;

2145 2382 2244 2437 sed
2279 2381 2455 2436 etiam
2489 2382 2640 2437 ultro
2672 2382 2968 2439 benevolis
3001 2385 3505 2445 cohortationibus
3526 2393 3797 2448 excitent.

2146 2473 2270 2535 Qua
2300 2471 2370 2526 de
2422 2488 2483 2525 re
2530 2471 2800 2542 pluribus
2848 2489 3101 2544 agerem,
3159 2476 3272 2531 nisi
3301 2484 3353 2531 te
3412 2481 3798 2549 probaturum

2147 2560 2464 2614 editionem
2489 2560 2640 2616 hanc
2665 2561 2835 2632 plane
2857 2562 3229 2631 confiderem,
3254 2571 3310 2620 et
3333 2566 3602 2622 lubenter
3623 2571 3798 2626 etiam

2149 2649 2513 2720 agniturum,
2543 2651 2916 2719 conjunctam
2972 2652 3117 2708 hanc
3164 2669 3292 2709 esse
3339 2671 3454 2710 non
3503 2661 3622 2711 tam
3658 2676 3797 2713 meas

2150 2755 2281 2793 cum
2317 2739 2481 2793 famae
2531 2740 2944 2812 propagatione
2995 2746 3159 2810 (nam
3208 2742 3368 2799 illam
3412 2762 3517 2816 ego
3556 2747 3802 2804 minime

2151 2827 2429 2899 spectavi,
2453 2829 2550 2883 sed
2579 2827 2894 2884 utilitatem
2923 2830 3217 2902 publicam
3244 2834 3478 2903 potius),
3503 2852 3678 2905 quam
3706 2838 3804 2892 ho-

2151 2933 2290 2972 nore
2322 2916 2722 2988 dignitateque
2742 2922 2845 2973 tua
2869 2937 2880 2972 :
2907 2935 3081 2989 quem
3104 2921 3174 2974 de
3203 2925 3288 2976 tot
3308 2924 3637 2978 orationum
3670 2941 3808 2996 poe-

2153 3011 2495 3077 matumque
2527 3007 2902 3062 conversione
2948 3009 3156 3064 merito
3207 3011 3339 3066 boni
3373 3028 3578 3068 omnes
3609 3019 3665 3070 et
3693 3015 3805 3070 Na-

2153 3094 2411 3152 zianzeni
2461 3104 2979 3152 monumentorum
3032 3100 3282 3155 studiosi
3317 3103 3619 3158 amabunt.
3669 3105 3810 3161 Vale

2157 3184 2401 3242 Basilea.
2437 3204 2489 3243 a.
2524 3187 2580 3243 d.
2613 3186 2648 3241 3
2679 3186 2825 3243 Non.
2857 3186 2992 3244 Jan.
3024 3205 3178 3244 anno
3211 3188 3444 3246 Domini
3479 3193 3634 3248 1571.

1081 3591 1566 3654 ORTHODOXO
1610 3590 1946 3653 LECTORI
1988 3590 2334 3652 JACOBUS
2379 3592 2685 3653 BILLIUS
2733 3593 3130 3655 SALUTEM.

470 3854 616 3910 Cum
651 3852 710 3908 in
743 3849 1052 3906 Basiliensi
1084 3849 1344 3922 Gregorii
1376 3848 1558 3904 nostri
1598 3848 1853 3904 editione
1882 3848 2062 3904 Joan-

401 3959 538 3998 nem
573 3939 1026 3996 Leuvenklaium
1061 3941 1348 3995 orationes
1371 3939 1613 4010 aliquot,
1647 3937 1867 3993 Elianis
1894 3941 2063 3992 Com-

405 4031 713 4088 mentariis
742 4030 1101 4103 explanatas,
1134 4027 1507 4085 transtulisse
1553 4028 1853 4098 vidissem,
1888 4031 2064 4098 atque

411 4121 655 4190 insuper
707 4121 776 4175 ad
826 4120 1019 4191 operis
1066 4118 1282 4174 calcem
1333 4118 1736 4173 annotationes
1778 4116 2064 4187 quasdam

413 4208 718 4279 adjecisse,
747 4209 806 4263 in
830 4209 1067 4279 quibus,
1099 4205 1414 4262 laureolam
1439 4206 1661 4262 scilicet
1683 4206 1742 4260 in
1768 4213 2067 4260 mustaceo

412 4315 701 4370 quaerens,
729 4298 778 4352 si
803 4298 968 4368 quid,
993 4297 1051 4351 in
1075 4313 1185 4366 quo
1213 4295 1469 4350 auctoris
1493 4299 1746 4350 mentem
1780 4311 1896 4349 non
1923 4294 2070 4350 satis

412 4388 464 4443 ei
498 4391 808 4443 assecutus
837 4402 964 4441 esse
1012 4386 1232 4451 videar,
1282 4383 1713 4452 animadvertit,
1750 4383 1922 4455 idque
1955 4401 2070 4439 non

415 4481 532 4531 tam
563 4493 632 4531 ex
667 4492 772 4531 suo
801 4475 1060 4547 ingenio,
1094 4490 1269 4545 quam
1303 4489 1373 4528 ex
1415 4473 1550 4529 Elite
1582 4472 1849 4544 aliusque
1875 4474 2073 4543 cujus-

419 4565 550 4620 dam
573 4564 754 4620 Graeci
779 4563 1108 4620 scholiastae
1124 4562 1387 4634 vestigiis
1408 4562 1500 4616 vix
1521 4562 1634 4617 dici
1667 4565 1881 4632 potest,
1897 4579 2073 4632 quam

419 4654 667 4710 libenter
703 4670 768 4709 ac
799 4653 927 4708 laeto
960 4653 1156 4708 animo
1187 4652 1244 4707 id
1288 4651 1561 4724 proferat.
1590 4651 1873 4722 Equidem
1907 4651 2076 4706 aliter

421 4743 757 4798 existimare
789 4760 905 4798 non
940 4746 1224 4814 poteram,
1258 4741 1420 4812 quin,
1455 4740 1557 4811 qui
1598 4739 1659 4796 in
1690 4740 1901 4796 erratis
1931 4739 2076 4795 alio-

422 4848 554 4887 rum
585 4832 858 4888 notandis
890 4848 954 4888 ac
987 4830 1357 4903 publicandis
1386 4834 1507 4885 tam
1552 4828 1825 4885 sedulum
1858 4834 1916 4885 et
1944 4829 2076 4884 dili-

422 4926 654 4994 gentem
674 4939 735 4977 se
757 4921 1123 4994 praebuisset,
1148 4921 1207 4976 in
1231 4919 1325 4988 iis,
1355 4936 1482 4992 quae
1505 4919 1632 4990 ipse
1651 4919 2075 4987 transtulisset,

424 5028 540 5066 non
572 5027 870 5066 summam
921 5010 1240 5081 quamdam
1293 5010 1620 5064 doctrinam
1667 5013 1844 5079 atque
1874 5008 2080 5064 indus-

425 5101 616 5166 triam,
641 5098 730 5152 καὶ
754 5095 966 5152 πάντων
990 5101 1098 5152 τῶν
1125 5097 1323 5169 μώμου
1351 5093 1525 5170 βελῶν
1549 5093 1840 5170 ἀνωτέραν,
1862 5096 2082 5169 ρτωεῐί-

423 5188 612 5245 tisset.
639 5189 750 5245 Sed
784 5193 980 5244 tamen
1011 5205 1145 5243 cum
1178 5187 1258 5241 ita
1289 5188 1410 5241 fera
1438 5191 1648 5242 natura
1677 5191 2082 5258 comparatum

427 5294 553 5333 esse
585 5279 820 5344 scirem,
843 5282 907 5332 ut
939 5277 1120 5348 quiin
1153 5275 1396 5332 aliorum
1433 5275 1671 5347 scriptis
1697 5275 2007 5332 censendis
2028 5279 2085 5333 et

429 5367 738 5438 carpendis
764 5367 1034 5421 lubenter
1061 5371 1388 5435 versantur,
1425 5365 1718 5420 interdum
1747 5365 1805 5420 in
1834 5366 1957 5420 suis
1985 5382 2086 5420 cae-

432 5456 677 5523 cutiant,
721 5457 781 5511 in
831 5461 1087 5512 mentem
1139 5454 1285 5509 mihi
1333 5454 1489 5509 venit
1537 5453 1804 5525 experiri,
1856 5472 1928 5510 an
1962 5455 2088 5526 ipse

432 5544 543 5601 hoc
573 5545 632 5599 in
680 5561 889 5617 genere
938 5545 1084 5614 αύτῷ
1131 5546 1208 5613 τῷ
1260 5541 1462 5617 μέτρῳ,
1516 5547 1582 5598 ut
1631 5543 1868 5599 Hesiodi
1913 5545 2087 5600 verbo

437 5639 589 5704 utar,
623 5634 874 5706 gratiam
904 5634 956 5691 ei
989 5633 1248 5690 remetiri
1281 5649 1537 5704 possem.
1579 5632 1778 5704 Neque
1807 5633 1963 5690 enim
1993 5651 2090 5689 ar-

433 5722 721 5795 bitrabar,
739 5741 855 5783 non
876 5724 1009 5782 dico
1041 5738 1402 5797 quemquam
1429 5720 1634 5794 alium,
1661 5723 1762 5778 sed
1787 5739 1859 5779 ne
1889 5723 2087 5796 ipsum

2171 3847 2410 3918 quidem
2444 3848 2923 3916 Leuvenklaium,
2956 3849 3157 3922 iniquo
3197 3851 3393 3906 animo
3436 3851 3717 3922 laturum,
3751 3853 3826 3925 si,

2174 3937 2328 4006 quod
2357 3935 2628 4006 illejuris
2661 3937 2720 3990 in
2752 3953 2845 3992 me
2893 3938 3266 4009 sumpsisset,
3299 3938 3454 3995 idem
3501 3957 3734 4012 quoque
3766 3943 3826 3997 in

2175 4041 2309 4080 eum
2343 4041 2710 4096 usurparem.
2747 4026 2934 4096 Hujus
2965 4044 3134 4098 porro
3157 4028 3260 4095 rei,
3295 4045 3407 4083 non
3431 4045 3498 4084 ex
3529 4031 3827 4098 omnibus,

2178 4131 2306 4185 qua;
2338 4130 2405 4169 ex
2435 4113 2544 4169 hoc
2567 4120 2800 4170 auctore
2831 4116 3130 4172 transtulit
3153 4117 3352 4189 (nimis
3375 4119 3531 4173 enim
3565 4120 3673 4174 hoc
3702 4120 3828 4175 lon-

2179 4219 2318 4275 gum
2353 4203 2580 4274 fuisset,
2608 4221 2712 4258 nec
2733 4204 2968 4261 animus
2991 4212 3115 4261 erat
3136 4207 3318 4262 bonas
3342 4207 3515 4263 horas
3538 4217 3655 4264 tam
3680 4209 3832 4265 male

2182 4293 2506 4364 collocare),
2541 4294 2640 4348 sed
2674 4310 2743 4348 ex
2772 4295 2945 4351 unico
2976 4295 3256 4366 opusculo
3285 4297 3612 4368 periculum
3647 4299 3836 4353 facere

2183 4381 2421 4454 placuit,
2457 4391 2510 4437 et
2557 4382 2791 4454 quidem
2835 4401 2905 4439 ex
2951 4402 3037 4455 eo,
3090 4386 3244 4457 quod
3290 4386 3470 4441 totius
3518 4386 3835 4443 voluminis

2184 4471 2345 4526 frons
2377 4475 2500 4526 erat
2523 4488 2535 4526 :
2570 4476 2635 4526 ut
2655 4472 2898 4542 proinde
2920 4474 3065 4529 mihi
3089 4492 3298 4545 parum
3319 4475 3636 4531 verisimile
3658 4481 3836 4546 esset,

2185 4560 2372 4615 multa
2397 4559 2515 4614 illic
2547 4561 2761 4616 offendi
2794 4579 2984 4632 posse,
3018 4580 3144 4633 quae
3193 4564 3572 4634 quantumvis
3604 4582 3838 4620 moroso

2182 4648 2381 4704 lectori
2413 4649 2611 4704 minus
2635 4649 3037 4706 satisfacerent
3060 4668 3071 4706 :
3107 4653 3606 4724 quandoquidem,
3630 4653 3677 4708 si
3702 4653 3841 4724 quid

2186 4742 2275 4794 est
2306 4737 2364 4792 in
2398 4737 2516 4794 ullo
2564 4737 2803 4794 homine
2851 4740 3092 4812 ingenii,
3127 4741 3175 4796 si
3224 4741 3365 4812 quid
3416 4741 3739 4809 industriae,
3774 4759 3841 4797 ac

2188 4826 2524 4900 diligentiae,
2543 4827 2599 4882 id
2624 4829 2681 4884 in
2695 4829 2886 4900 operis
2908 4829 3192 4901 principio
3215 4830 3588 4901 potissimum
3613 4830 3842 4887 elucere

2191 4917 2337 4972 solet
2365 4934 2377 4972 :
2414 4933 2518 4972 nec
2550 4917 2666 4972 fere
2697 4917 3012 4990 quisquam
3045 4918 3159 4975 nisi
3189 4918 3362 4991 plane
3387 4918 3684 4991 stupidus,
3719 4925 3842 4976 tam

2189 5007 2300 5060 cito
2334 5007 2670 5074 dormitare,
2705 5009 2924 5062 nedum
2957 5013 3200 5063 stertere
3231 5008 3454 5080 incipit.
3484 5009 3846 5082 Hancigitur

2189 5095 2383 5150 Vitam
2408 5111 2542 5150 cum
2571 5096 2955 5153 attentissime
2979 5097 3377 5171 perlegissem,
3401 5115 3533 5154 cum
3558 5116 3742 5171 eaque
3764 5100 3846 5172 ip-

2192 5183 2316 5239 sius
2334 5185 2780 5241 translationem
2799 5186 3200 5252 contulissem,
3217 5204 3430 5259 magna
3443 5204 3582 5242 sane
3599 5190 3851 5244 admira-

2194 5273 2352 5328 tione
2367 5278 2602 5343 repente
2616 5292 2746 5329 sum
2772 5276 3034 5331 affectus.
3053 5278 3227 5332 Plane
3239 5279 3476 5346 etenim,
3492 5282 3700 5332 utcum
3718 5279 3852 5333 Gre-

2196 5363 2356 5434 gorio
2389 5367 2588 5417 nostro
2615 5363 2842 5434 loquar,
2871 5363 3024 5438 εὗρον
3055 5365 3528 5432 ἅπισταΕῐθηὶω,
3559 5370 3622 5420 ut
3647 5383 3850 5421 versus

2197 5453 2358 5523 ipsos
2380 5468 2494 5506 non
2517 5447 2702 5512 καλῶς
2726 5457 2814 5522 (ut
2833 5455 2902 5509 de
2927 5455 3166 5511 Platone
3189 5457 3429 5527 Gorgias
3461 5455 3732 5527 dicebat),
3750 5456 3850 5510 sed

2197 5541 2423 5594 κάκιστα
2452 5559 2695 5612 prorsus
2736 5539 3108 5615 ἷαμϐίζοντας,
3160 5553 3336 5617 atque
3368 5546 3584 5616 ubique
3614 5564 3852 5618 παρανο-

2205 5633 2456 5702 μοῦντας,
2489 5630 2780 5703 omittam,
2814 5633 3006 5689 inveni
3028 5652 3182 5703 eum,
3215 5635 3311 5706 qui
3331 5636 3576 5690 aliorum
3608 5634 3852 5688 offendi-

2202 5719 2333 5777 cula
2360 5723 2482 5778 tam
2514 5719 2718 5778 sedulo
2749 5722 3031 5796 explorat,
3063 5724 3122 5781 in
3153 5725 3279 5798 ipso
3300 5722 3502 5780 limine
3532 5720 3850 5796 plusquam
