4110 6400
342 377 459 438 339

1534 372 1724 435 FED.’
1758 367 2107 435 MORELLI
2150 372 2566 439 ΡΒΟωΜῙΛ.

3649 384 3771 446 360

342 510 582 575 centies,
628 526 743 564 non
792 507 993 565 leviter
1039 508 1451 578 oti‘endentem,
1503 507 1601 562 sed
1652 503 1994 576 turpissime
2024 508 2076 575 Α
2107 507 2251 571 Quid
2273 508 2426 564 enim
2444 508 3770 581 ethnicus,quantumlibetChristianonomini

343 604 712 657 corruentem
739 598 1005 668 eum,qui
1036 615 1144 660 me,
1171 598 1380 668 siquid
1408 598 1549 652 forte
1572 597 1629 650 in
1645 596 1854 652 Graecis
1871 597 1995 652 suis

343 691 643 746 codicibus
665 687 973 752 invenerit,
996 687 1146 754 quod
1167 704 1200 741 a
1223 687 1368 740 meis
1393 685 1720 750 dissentiat,
1738 685 1994 756 id,nullo

343 779 604 835 adhibito
627 778 875 848 judicio,
910 781 1185 846 tanquam
1217 772 1440 846 ἕρμαιον
1482 775 1791 843 arripiens,
1827 780 1993 846 petu-

341 868 533 923 lanter
563 867 621 921 in
657 884 746 920 me
780 864 1062 929 insultat;
1097 864 1175 918 ita
1197 864 1459 918 hebetem
1488 869 1661 933 atque
1692 864 1991 928 obtusum,

344 963 408 1012 ut
439 974 552 1011 non
588 955 758 1010 modo
791 954 1016 1008 nullum
1053 953 1397 1007 mendosum
1426 952 1774 1006 vocabulum
1809 968 1911 1023 per
1932 969 1994 1008 se

343 1046 824 1106 animadvertere,
859 1042 1072 1096 nedum
1107 1041 1417 1095 emendare
1451 1041 1655 1111 possit,
1682 1041 1780 1095 sed
1817 1041 1992 1096 etiam

341 1133 726 1189 inlevissimis
749 1131 1082 1201 quibusque
1103 1129 1642 1199 interpunctionum
1661 1129 1992 1184 Graecarum

340 1222 496 1278 vitiis
529 1222 738 1275 misere
769 1218 1002 1283 haereat,
1037 1224 1212 1288 atque
1246 1219 1303 1272 in
1338 1234 1578 1272 sensum
1611 1218 1683 1272 ab
1735 1218 1993 1274 auctoris

341 1318 533 1366 mente
555 1307 977 1365 alienissimum
1003 1323 1261 1378 praeceps
1285 1307 1505 1361 teratur
1528 1324 1540 1360 :
1561 1323 1694 1360 eum
1719 1306 1991 1378 denique,

339 1400 436 1471 qui
463 1399 639 1454 etiam
671 1396 1080 1453 celeberrimos
1126 1412 1391 1467 quosque
1432 1395 1687 1450 historiae
1719 1394 1990 1452 ecclesia-

339 1489 503 1543 sticae
533 1487 846 1558 scriptores
877 1483 1148 1556 exagitat,
1197 1485 1257 1538 in
1288 1483 1531 1538 historia
1573 1483 1655 1538 ita
1703 1485 1907 1539 rudem
1937 1491 1994 1540 et

331 1577 644 1648 hospitem,
679 1579 741 1630 ut
791 1591 859 1629 ne
893 1574 1128 1646 quidem
1183 1572 1242 1626 in
1291 1589 1402 1641 quo
1443 1573 1564 1626 Arii
1611 1590 1772 1628 error
1795 1573 1990 1627 consi-

330 1671 468 1732 stat,
505 1669 870 1737 perspectum
924 1663 1154 1728 habeat,
1204 1679 1402 1716 verum
1455 1677 1588 1716 eum
1632 1661 1787 1715 velut
1816 1657 1984 1733 διμυῆ

329 1756 646 1826 quemdam
679 1753 1014 1824 CecrOpem,
1060 1750 1239 1805 simul
1288 1755 1344 1805 et
1393 1750 1761 1805 teterrimum
1807 1752 1986 1806 haere-

329 1843 643 1911 siarcham,
678 1848 732 1896 et
780 1841 1167 1895 orthodoxum
1218 1839 1385 1894 nobis
1423 1856 1525 1910 per
1571 1856 1866 1894 summam
1898 1841 1983 1894 in-
2017 1879 2060 1942 Β

329 1933 555 1986 scitiam
592 1931 807 2002 pingat.
842 1931 1188 1999 Quanquam
1215 1927 1357 1981 illud
1394 1932 1750 1998 postremum
1784 1929 1980 1984 minus

330 2021 542 2075 mirum
575 2018 755 2073 videri
796 2019 988 2080 debet,
1039 2017 1096 2070 in
1133 2016 1368 2070 homine
1418 2016 1742 2087 prasertim
1775 2017 1853 2071 ita
1885 2033 1977 2072 ca-

327 2108 602 2175 chectico,
639 2112 703 2162 ut
733 2106 783 2161 ei
809 2105 997 2176 magis
1029 2104 1252 2176 placeat
1295 2104 1562 2158 Zosimus
1591 2105 1885 2173 ethnicus,
1919 2105 1976 2160 in

324 2198 572 2269 optimos
631 2196 1032 2268 imperatores,
1085 2211 1150 2248 ac
1197 2194 1268 2248 de
1322 2193 1650 2248 Christiana
1700 2193 1977 2265 religione

323 2286 595 2358 praeclare
625 2284 884 2351 meritos,
919 2283 1188 2338 caninam
1222 2298 1391 2337 suam
1425 2281 1644 2336 rabiem
1678 2297 1973 2350 evomens,

323 2392 498 2447 quam
535 2375 612 2446 pii
647 2373 982 2445 scriptores,
1008 2389 1041 2426 a
1063 2371 1277 2443 quibus
1299 2386 1497 2425 eorum
1521 2369 1722 2425 laudes
1755 2371 1973 2426 littera-

322 2482 453 2518 rum
487 2462 886 2518 monumentis
919 2461 1338 2516 commendatae
1379 2465 1535 2514 sunt.
1566 2459 1723 2514 Testi
1757 2466 1845 2514 est
1875 2477 1974 2515 ve-

318 2570 463 2608 sana
493 2552 594 2607 illa
625 2551 912 2623 planeque
946 2549 1248 2621 sacrilega,
1286 2553 1343 2603 et
1371 2565 1438 2603 ex
1470 2549 1783 2604 Christiani
1815 2549 1973 2605 orbis

320 2644 538 2698 ﬁnibus
568 2658 700 2696 cum
736 2644 1011 2710 perpetua
1034 2639 1290 2710 parentis
1314 2639 1403 2693 sui
1434 2638 1759 2709 ignominia
1789 2644 1974 2693 exter-

321 2731 601 2785 minanda
631 2729 928 2800 Apologia,
980 2727 1037 2781 in
1074 2744 1191 2798 qua
1240 2728 1321 2781 ita
1353 2744 1414 2782 se
1465 2727 1629 2794 gerit,
1681 2732 1746 2780 ut
1775 2743 1973 2796 quem-

318 2819 637 2874 admodum
661 2818 731 2873 de
757 2817 996 2872 Milesiis
1014 2815 1153 2872 olim
1174 2816 1412 2886 quidam
1437 2815 1686 2881 dicebat,
1712 2831 1811 2870 eos
1833 2814 1976 2869 stul-

315 2915 404 2963 tos
438 2925 551 2963 non
586 2924 734 2973 esse,
769 2907 868 2961 sed
903 2907 1128 2972 eadem,
1151 2922 1278 2976 qure
1311 2905 1522 2959 stultos
1549 2905 1756 2971 facere,
1793 2904 1874 2958 ita
1905 2903 1975 2959 de

315 3014 383 3052 eo
417 3015 530 3052 non
564 2997 761 3051 minus
791 2995 1095 3050 commode
1127 2994 1238 3049 dici
1276 2995 1480 3065 possit,
1517 2992 1972 3048 Leuvenklaium

315 3086 593 3158 gentilem
623 3102 735 3139 non
769 3100 917 3150 esse,
951 3085 1050 3138 sed
1084 3085 1284 3138 eadem
1319 3099 1446 3154 quas
1483 3081 1731 3155 gentiles
1765 3083 1969 3136 tacere.

2102 596 2353 652 infestus
2367 605 2422 653 et
2435 597 2699 654 infensus
2719 598 2925 667 hostis,
2943 600 3135 655 acrius
3153 617 3254 671 pro
3268 603 3468 672 gentili
3485 607 3770 674 scribere,

2103 702 2170 741 ac
2195 686 2450 742 furiosus
2462 692 2666 742 contra
2686 688 3051 744 Christianos
3074 689 3416 745 debacchari
3447 695 3768 764 potuisset,

2103 791 2281 844 quam
2312 779 2357 831 is
2388 776 2546 842 facit,
2579 777 2677 848 qui
2716 794 2776 831 se
2806 778 3229 847 Christianum,
3253 785 3312 834 et
3334 781 3575 852 quidem
3602 785 3772 840 defae-

2103 869 2323 929 catum,
2352 866 2697 936 profitetur?
2719 866 2823 920 Sed
2855 871 2918 920 ut
2943 868 3012 922 ad
3039 884 3160 922 rem
3185 869 3584 933 redeam,cum
3613 873 3669 927 in
3695 875 3769 931 iis

2101 953 2592 1008 Annotationibus
2625 972 2772 1026 quas
2802 955 2938 1010 huic
2986 955 3131 1012 Vitae
3163 959 3551 1029 subjecimus,
3583 980 3764 1033 quam

2103 1059 2254 1112 saepe
2312 1039 2673 1119 δοκησίσοφος
2725 1045 2833 1099 iste
2893 1045 3201 1117 interpres,
3252 1053 3308 1102 et
3355 1048 3412 1102 in
3463 1053 3763 1108 vertendis

2103 1130 2315 1186 Graecis
2345 1134 2640 1201 erraverit,
2674 1137 2730 1187 et
2778 1135 2834 1187 in
2874 1134 3234 1206 corrigendis
3263 1153 3450 1192 caecus
3499 1141 3673 1196 fuerit
3706 1148 3765 1198 et

2101 1220 2161 1274 in
2196 1219 2286 1284 iis,
2322 1236 2449 1291 quae
2482 1221 2550 1275 ad
2579 1220 2883 1276 historiam
2918 1224 3231 1294 pertinent,
3259 1227 3555 1283 inscitiam
3589 1246 3758 1287 suam

2100 1308 2439 1379 prodiderit,
2460 1309 2784 1365 meridiana
2804 1310 2933 1366 luce
2955 1311 3170 1368 clarius
3192 1314 3614 1383 demonstrato,
3629 1323 3757 1376 tum

2100 1412 2232 1452 vero
2263 1397 2460 1452 lectori
2491 1400 2923 1468 conjiciendum
2974 1402 3327 1473 relinquam,
3361 1421 3497 1460 cum
3551 1408 3610 1462 in
3644 1425 3760 1465 uno

2101 1487 2502 1555 quaternione,
2557 1493 2614 1541 et
2672 1489 2910 1559 quidem
2990 1491 3179 1561 primo
3243 1493 3416 1549 toties
3480 1499 3760 1567 peccarit,

2100 1579 2339 1644 quanta,
2374 1576 2420 1629 si
2454 1576 2652 1630 omnia
2685 1593 2810 1648 quas
2842 1578 2968 1649 ipse
3008 1579 3331 1650 transtulit,
3377 1583 3449 1637 ad
3483 1587 3762 1642 eumdem

2099 1663 2340 1716 modum
2375 1663 2706 1718 examinare
2729 1671 2904 1735 atque
2922 1665 3193 1737 colligere
3222 1666 3568 1736 voluissem,
3602 1688 3761 1727 erro-

2097 1768 2226 1805 rum
2255 1752 2388 1807 llias
2410 1757 2465 1806 et
2487 1752 2764 1808 colluvies
2787 1754 3122 1811 exstitisset.
3153 1758 3276 1811 Haec
3299 1757 3347 1812 si
3375 1759 3761 1818 Leuvenklaio

2097 1840 2346 1895 molesta
2374 1839 2522 1895 lectu
2557 1848 2714 1912 sunt,
2748 1844 2938 1898 discat
2974 1850 3405 1920 μετριοφρονεῖν,
3439 1854 3497 1903 et
3529 1866 3666 1906 cum
3698 1867 3760 1907 se

2090 1926 2197 1981 ἀπὸ
2226 1932 2322 1981 τοῦ
2354 1928 2737 2002 ἀναμαρτήτου
2770 1937 2887 1987 tam
2924 1932 3092 2005 longe
3133 1942 3420 1991 remotum
3456 1955 3588 1993 esse
3622 1956 3758 2011 per-

2091 2018 2318 2089 Spiciat,
2356 2020 2745 2075 neCessariam
2777 2021 2968 2092 potius
2997 2023 3052 2077 in
3079 2023 3202 2078 suis
3234 2029 3752 2100 recognoscendis,

2089 2123 2265 2177 quam
2292 2107 2346 2161 in
2369 2107 2639 2171 aliorum,
2664 2110 2786 2180 qui,
2812 2110 2953 2164 dum
2976 2111 3198 2180 vivunt,
3219 2112 3482 2186 sibiipsie
3509 2119 3753 2174 fortasse

2089 2195 2308 2250 mederi
2333 2201 2598 2266 possunt,
2623 2198 2850 2263 erratis,
2878 2199 3064 2268 iisque
3088 2199 3436 2273 plerumque
3461 2222 3748 2277 perquam

2087 2283 2334 2348 levibus,
2366 2286 2744 2340 traducendis
2780 2291 2954 2358 atque
2984 2289 3342 2345 insectandis
3373 2308 3612 2362 operam
3647 2312 3752 2366 po-

2087 2377 2207 2440 nat,
2261 2391 2440 2444 seque
2489 2374 2763 2446 deinceps
2811 2393 2879 2430 ex
2930 2393 3130 2432 eorum
3201 2397 3447 2435 numero
3497 2383 3756 2439 eximere

2087 2463 2338 2529 studeat,
2369 2462 2491 2533 qui,
2535 2468 2596 2516 ut
2645 2465 2716 2517 de
2766 2464 2993 2520 Arianis
3043 2467 3273 2522 dicebat
3320 2469 3754 2540 Nazianzenus,

2085 2549 2246 2605 lenes
2279 2550 2389 2606 sibi
2423 2553 2825 2622 suntjudices,
2853 2553 2983 2609 aliis
3007 2561 3200 2610 autem
3227 2559 3410 2612 severi
3439 2576 3752 2618 censores:

2084 2639 2330 2693 vulnera
2361 2639 2596 2704 habent,
2628 2645 2683 2694 et
2715 2640 2845 2695 aliis
2877 2641 3091 2698 vibices
3133 2644 3420 2714 objiciunt
3449 2665 3463 2714 ;
3501 2650 3759 2721 turpiter

2086 2729 2323 2795 cadunt,
2344 2734 2400 2782 et
2417 2728 2665 2783 aliorum
2686 2730 3145 2786 offensiunculas
3162 2734 3461 2804 exagitant
3481 2755 3494 2804 ;
3517 2737 3575 2792 in
3592 2755 3755 2794 cceno

2083 2817 2487 2883 voluntantur,
2521 2823 2578 2873 et
2608 2834 2674 2872 ex
2699 2818 2949 2874 aliorum
2982 2821 3228 2876 maculis
3252 2824 3616 2895 voluptatem
3642 2826 3756 2882 sibi

2086 2906 2316 3000 ﬁngunt
2342 2931 2355 2969 ;
2381 2907 2629 3000 denique
2653 2924 2964 3000 oppressos
2989 2910 3254 2966 trabibus
3282 2912 3484 2968 oculos
3510 2915 3751 3000 habent,

2083 3001 2140 3048 et
2173 2995 2426 3050 festucas
2460 2996 2591 3051 aliis
2625 2997 2838 3067 probro
2870 3005 3122 3054 vertunt.

316 3212 3742 3238 —————-—————-————————_—

805 3371 1328 3433 SANCTISSIMO
1372 3374 1470 3437 AC
1515 3374 1998 3438 BEATISSIMO
2042 3377 2304 3437 PAULO
2352 3375 2425 3449 V,
2474 3376 2864 3435 PONTIFICI
2912 3375 3255 3453 MAXIMO,

1485 3559 1536 3602 S.
1583 3559 1656 3604 ΕΤ
1699 3560 2036 3604 ΗῠΜΙιιωΑ
2081 3560 2284 3604 ΡΕΒῘῙΙ
2328 3560 2572 3605 OSCULA.

1741 3711 1852 3792 (Ex
1885 3713 2045 3774 Edit.
2082 3711 2284 3793 1609).

385 4016 466 4072 De
513 4015 860 4073 Sanctorum
912 4021 1153 4072 Patrum
1204 4019 1324 4070 tam
1378 4015 1731 4082 Graecorum,
1787 4031 1965 4086 quam
1998 4019 2042 4085 (ι
2079 4018 2259 4082 tione,
2290 4035 2402 4073 non
2437 4023 2528 4073 est
2571 4017 2960 4089 dedignatus:
2995 4019 3162 4089 cujus
3207 4019 3471 4091 vestigiis
3505 4021 3737 4076 Genna—

313 4105 712 4160 Romanorum
737 4106 992 4177 scriptis,
1019 4104 1355 4158 beatissime
1383 4108 1569 4168 Pater,
1595 4105 1730 4174 jure
1749 4121 1814 4159 ac
1845 4121 1968 4160 me-

313 4194 426 4248 rito
459 4194 572 4248 dici
608 4199 813 4265 potest,
845 4195 997 4264 quod
1031 4193 1102 4247 de
1127 4191 1380 4247 Historia
1414 4209 1522 4246 sua
1569 4192 1774 4248 scribit
1805 4193 1964 4248 Thu-

311 4282 571 4353 cydides:
633 4288 828 4353 Κτῆμα
884 4280 935 4342 ἐς
995 4279 1077 4333 ἀιὶ
1126 4277 1338 4352 μᾶλλον
1386 4279 1420 4347 ἢ
1471 4278 1760 4352 ἀγώνισμα
1808 4278 1859 4342 ἐς
1905 4281 1968 4334 τὸ

309 4375 655 4444 παραχρῆμα
682 4367 894 4423 ἀκούειν
929 4366 1201 4442 ξύγκειται
1247 4372 1594 4440 perpetuum
1631 4369 1962 4424 monimen-

307 4462 437 4514 tum
471 4459 666 4532 potius
688 4464 932 4528 exstare,
958 4475 1134 4531 quam
1160 4458 1312 4529 quod
1338 4456 1517 4512 animi
1540 4475 1717 4514 causa
1737 4459 1797 4513 in
1820 4476 1965 4531 prte-

307 4550 499 4605 sentia
529 4549 821 4604 audiatur.
856 4548 1162 4603 Enimvero
1185 4546 1473 4618 ejusmodi
1507 4564 1805 4603 sacrarum
1833 4565 1964 4604 mu-

305 4655 506 4694 sarum
547 4639 703 4694 t'etus
735 4638 805 4694 ab
839 4637 1089 4708 ingeniis
1124 4636 1398 4692 maximis
1442 4639 1498 4691 et
1529 4638 1826 4692 mentibus
1855 4655 1962 4710 pu-

304 4727 558 4784 rissimis
591 4727 823 4800 Deoque
874 4727 1088 4782 amatis
1139 4725 1486 4798 exprompti,
1538 4725 1706 4797 genio
1739 4727 1960 4798 Optimo

302 4818 562 4873 comitati
585 4814 1695 4873 cCanescentseclisinnumerabilibus:
1717 4820 1957 4872 »etcum

301 4905 374 4962 lis
395 4911 661 4961 auctores
683 4906 918 4962 illorum
939 4921 1004 4960 ac
1028 4909 1296 4977 parentes
1316 4908 1478 4975 parte
1497 4904 1585 4959 sui
1609 4903 1868 4972 meliore,
1893 4909 1959 4960 ut

303 4993 465 5049 caelis
495 5011 612 5049 (evo
643 4995 1000 5066 sempiterno
1039 4995 1340 5059 fruuntur,
1389 4994 1475 5047 sic
1506 4993 1563 5047 in
1596 4994 1770 5048 terris
1803 4995 1958 5050 fama

299 5082 418 5137 veri
450 5085 686 5138 conscia
713 5085 927 5154 vivent,
963 5084 1221 5154 quandiu
1256 5080 1484 5154 piorum
1525 5082 1954 5139 studiosorum-

301 5189 416 5243 que
437 5188 620 5243 genus
644 5173 944 5241 consistet,
968 5179 1027 5228 et
1048 5188 1174 5242 quae
1200 5173 1512 5244 μακαρῑται,
1535 5169 1632 5224 ille
1664 5171 1954 5226 memerita

301 5261 627 5332 prodidere,
661 5260 870 5315 diurna
903 5269 1307 5332 nocturnaque
1339 5276 1518 5315 manu
1549 5259 1806 5315 versabit
1833 5278 1847 5316 :
1875 5261 1954 5316 si-

301 5351 536 5421 quidem
587 5349 697 5403 hos
753 5353 1060 5406 thesauros
1114 5351 1202 5423 (ut
1250 5349 1442 5405 aiebat
1485 5347 1768 5403 Domitius
1800 5349 1953 5422 Piso)

300 5455 535 5495 censere
565 5440 812 5507 Oportet,
846 5454 960 5492 non
993 5438 1194 5493 libros.
1218 5439 1437 5493 Idcirco
1458 5437 1530 5492 D.
1568 5436 1954 5510 Hieronymus

299 5526 567 5583 Ecclesiae
619 5524 891 5577 Romanis
942 5526 1244 5580 doctorum
1298 5524 1733 5592 celeberrimus,
1767 5527 1954 5584 eccle-

299 5613 570 5671 siasticos
602 5607 915 5678 scriptores
943 5611 999 5665 in
1032 5614 1294 5669 ordinem
1318 5616 1600 5687 digerere,
1635 5630 1957 5689 eorumque

299 5701 636 5772 catalogum
669 5698 880 5764 texere,
905 5697 1097 5754 Dextri
1120 5703 1384 5774 praetorio
1413 5703 1665 5776 praefecti
1696 5704 1957 5763 cohorta-

2078 4106 2211 4161 dius
2242 4106 2624 4161 Massiliensis
2658 4106 2956 4170 insistens,
2993 4107 3050 4160 in
3076 4106 3316 4178 reliquis
3346 4107 3734 4179 scriptoribus

2075 4195 2491 4251 enumerandis
2548 4193 2883 4250 elaboravit.
2947 4197 3071 4250 Haec
3118 4200 3412 4251 tantorum
3472 4197 3729 4249 virorum

2077 4298 2271 4354 Opera,
2297 4283 2488 4338 omnis
2516 4285 2746 4355 generis
2766 4285 3060 4352 doctrinas,
3089 4302 3156 4340 ac
3177 4283 3425 4340 ccelestis
3446 4287 3503 4337 et
3523 4282 3731 4336 divinis

2076 4371 2475 4443 potissimum,
2527 4372 2685 4444 gazis
2739 4374 2969 4438 referta,
3003 4378 3061 4428 et
3112 4395 3139 4423 ‹‹
3173 4373 3408 4428 linenda
3450 4372 3642 4433 cedro,
3674 4372 3733 4424 et

2075 4461 2236 4516 tenui
2269 4461 2556 4516 servanda
2594 4477 2895 4532 cupresso,
2931 4483 2959 4509 ››
3001 4461 3239 4528 arculis,
3271 4457 3610 4531 κειμηλίοις,
3645 4457 3732 4513 bi-

2074 4549 2403 4617 bliothecis,
2421 4568 2454 4605 a
2474 4550 2849 4623 pontificibus
2865 4567 2931 4605 ac
2951 4550 3315 4621 principibus
3339 4549 3565 4606 litteras
3588 4549 3736 4603 litte-

2073 4645 2350 4712 ratosque
2372 4640 2710 4696 amantibus
2734 4645 2790 4694 et
2809 4640 3020 4711 pietate
3044 4639 3400 4710 insignibus,
3422 4639 3734 4711 magniﬁce

2071 4730 2334 4798 structis,
2371 4745 2586 4801 magna
2628 4746 2695 4783 ex
2729 4734 2889 4799 parte
2939 4734 3100 4784 sarta
3130 4733 3282 4783 tecta
3322 4733 3463 4782 sunt
3493 4743 3727 4782 conser-

2067 4826 2230 4876 vata:
2257 4824 2313 4875 et
2333 4818 2760 4890 typographicze
2783 4818 3020 4872 demum
3047 4817 3486 4872 artislibrorum
3511 4830 3726 4888 promea

2068 4911 2265 4964 condas
2298 4908 2577 4964 beneficio
2609 4909 2682 4962 ab
2721 4908 2939 4977 injuria
2969 4907 3250 4980 temporis
3299 4906 3726 4976 hominumque

2064 4999 2359 5054 vindicata
2390 4997 2649 5069 quotidie
2680 4997 3053 5052 reviviscunt.

2138 5087 2252 5142 Nec
2284 5086 2481 5141 minus
2514 5085 2684 5141 hodie
2732 5088 2790 5140 in
2841 5086 3044 5142 Galliis
3095 5102 3272 5157 quam
3323 5085 3380 5140 in
3427 5084 3563 5139 ullis
3594 5081 3724 5138 aliis

2065 5177 2376 5233 Christiani
2409 5175 2640 5248 imperii
2686 5175 2826 5242 oris,
2878 5175 3000 5230 haec
3050 5174 3347 5230 litterariae
3391 5173 3724 5246 reipublicae

2064 5283 2205 5323 cura
2230 5272 2286 5321 et
2315 5264 2500 5336 gloria
2529 5264 2685 5337 viget
2709 5282 2723 5331 ;
2753 5265 2862 5320 sub
2886 5265 3132 5320 Henrico
3157 5264 3250 5332 IV,
3285 5280 3419 5336 rege
3449 5260 3727 5318 Christia-

2065 5357 2333 5424 nissimo,
2385 5354 2979 5425 clementissimoque,
3038 5359 3102 5409 ut
3150 5353 3331 5408 armis
3376 5351 3613 5411 invicto,
3645 5347 3726 5402 ita

2065 5445 2225 5517 pacis
2257 5443 2471 5498 artium
2503 5441 2934 5509 amantissimo,
2959 5442 3131 5511 cujus
3156 5442 3423 5496 felicibus
3446 5435 3725 5509 auspiciis

2065 5523 2531 5582 reverendissimi
2565 5521 2762 5578 Galliae
2789 5522 3069 5593 episcopi,
3091 5522 3412 5589 antistites,
3447 5526 3506 5575 et
3534 5518 3723 5574 clerus

2067 5612 2322 5672 Franciee
2353 5611 2535 5684 regni,
2571 5627 2687 5666 uno
2734 5626 3048 5681 consensu,
3082 5627 3317 5667 summo
3352 5610 3569 5677 studio,
3602 5607 3723 5662 sin-

2066 5701 2255 5779 gulari
2287 5701 2645 5775 benignitate
2674 5715 2742 5757 ac
2770 5697 3142 5773 liberalitate,
3173 5700 3460 5775 optimam
3484 5710 3717 5772 operam
