2055 3216
5 29 25 31 ἡ
404 29 411 38 ν
491 10 841 34 “few”...

761 201 849 232 FED.
871 200 1046 232 MORELLI
1067 200 1274 231 PROCEMIA.

1810 201 1871 231 362

157 267 189 299 in
202 266 267 300 hac
290 265 405 303 optima
427 273 458 294 re
481 265 671 301 collocarunt,
693 269 726 294 ut
750 266 790 302 pii
814 266 987 302 probatique
1003 267 1028 300 Α
1044 267 1147 301 oraret,
1164 274 1231 293 cum
1255 265 1286 293 in
1306 266 1468 294 Sanctitate
1483 266 1545 294 Tua
1568 268 1612 294 tot
1634 265 1800 294 clarissima
1814 266 1872 294 vir-

158 311 314 348 utriusque
327 310 436 347 linguas
458 310 635 346 scriptorum
660 313 792 339 auctores
814 311 926 345 sedulo,
944 311 989 338 ni-

157 356 229 391 tide,
245 355 334 389 culte,
351 354 551 391 castigateque
570 356 647 392 typis
670 355 897 391 clegantioribus
922 355 988 382 ede-

160 403 278 435 rentur;
293 401 382 436 atque
404 399 459 427 hoc
485 399 741 435 praeclarissimum
758 402 886 436 cccptum
903 402 929 427 et
944 399 987 426 in-

160 445 300 473 stitutum
315 451 409 479 usque
423 443 496 471 adeo
511 443 664 479 processit,
681 445 713 470 ut
729 451 762 470 ex
780 443 990 479 typographica

162 489 261 518 radice
283 488 377 516 imbre
395 496 483 516 aureo
507 488 629 524 irrigata
652 488 830 524 optimorum
856 488 989 516 codicum

163 532 333 571 διγλώττων,
349 532 527 560 densissima
541 532 615 560 silva
630 528 920 568 pullularejincipiat.

197 578 230 606 In
247 578 294 605 his
309 585 376 605 vero
391 577 450 605 fere
465 577 626 613 principem
646 577 743 605 locum
758 580 860 605 tenent
874 577 991 605 absolu-

160 622 277 651 tissima
300 621 411 658 scripta
434 621 510 649 beati
530 621 660 658 Gregorii
683 622 855 649 Nazianzeni
881 621 991 649 theolo-

160 675 266 704 gorum
294 666 451 694 Orientalis
479 666 613 694 Ecclesia
642 666 875 704 κορυφαιοτάτου,
904 674 990 702 quem

163 713 195 740 D.
207 711 401 747 Hieronymus
417 712 625 747 praeceptorem
640 720 728 738 suum
743 711 836 738 virum
853 711 992 746 eloquen-

162 755 313 784 tissimum
330 755 477 791 praedicat,
490 763 583 791 eoque
598 755 758 791 scripturas
773 756 946 791 explanante
962 764 993 783 se

165 800 304 828 didicisse
319 800 486 828 conﬁtetur.
499 800 564 828 Haec
580 802 705 836 utraque
720 800 820 836 lingua
836 801 934 836 Regiis
950 803 991 836 ty-

164 845 210 882 pis
225 844 334 872 Graecis
357 853 435 872 nunc
457 847 592 872 accurate
608 845 702 880 quoad
719 846 783 880 cius
808 845 870 873 ﬁeri
898 845 994 880 potuit

163 889 253 924 edita,
268 891 297 916 et
311 889 439 925 quodam
460 889 547 916 etiam
570 889 760 924 epistolarum
778 889 918 917 hactenus
936 897 993 916 non

162 933 310 962 editarum
335 933 486 961 corollario
511 942 528 960 a
554 933 638 961 nobis
660 933 819 969 cumulata,
838 934 992 969 cujusnam

164 977 345 1015 augustioris
359 977 488 1005 nominis
504 977 611 1005 tutiore
635 978 771 1014 praesidio
798 979 912 1006 munita
928 987 993 1014 pro-

165 1022 264 1050 dirent
280 1022 310 1050 in
325 1022 491 1058 publicum,
508 1031 597 1058 quam
619 1024 677 1056 tuo,
695 1023 779 1050 Pater
797 1023 994 1058 sanctissime,

165 1075 225 1103 quo
241 1075 299 1095 uno
314 1066 450 1095 Ecclesia;
465 1067 621 1094 militantis
637 1067 714 1095 acies
729 1068 898 1095 recreatur?

201 1111 304 1140 Nonne
323 1111 585 1140 reverendissimus
610 1112 708 1139 Sancti
734 1112 884 1140 Michaelis
900 1121 996 1139 coeno-

164 1156 287 1184 biarcha
301 1156 429 1184 Jacobus
449 1156 562 1191 Billius,
579 1165 595 1184 a
609 1165 666 1192 quo
688 1157 855 1192 pererudito
872 1165 904 1184 ac
921 1156 998 1184 ﬁdeli

165 1201 326 1237 interprete
354 1201 487 1237 ejusdem
513 1201 644 1237 Gregorii
676 1201 847 1230 Nazianzeni
878 1202 998 1237 scripta,

170 1245 302 1281 primum
321 1245 476 1274 Latinitate
491 1246 608 1281 donata,
622 1248 650 1273 et
673 1246 811 1281 Gregorio
837 1246 911 1280 XIlI,
928 1254 998 1281 pon-

172 1289 245 1317 tiﬁci
274 1290 401 1318 Maximo
425 1290 557 1318 dedicata
582 1291 707 1326 fuerant,
724 1292 748 1319 si
774 1291 870 1326 hodie,
886 1290 1000 1318 volente

173 1334 242 1368 Deo,
259 1335 294 1362 ad
320 1334 396 1362 hanc
415 1335 503 1363 vitam
528 1337 722 1370 revocaretur,
740 1335 815 1363 ultro
840 1335 1000 1363 libentissi-

173 1386 278 1415 msque
292 1379 455 1408 versionem
470 1380 689 1416 editionemque
702 1380 911 1417 Gregorianam
927 1380 1002 1408 Grae-

172 1422 359 1452 co-Latinam
375 1423 469 1452 eidem
494 1424 664 1452 felicissimo
680 1424 798 1453 Nemini
824 1427 874 1452 tuo
899 1432 1001 1452 conse-

1043 312 1140 338 tutum
1165 311 1298 338 omnium
1325 311 1421 339 sidera
1446 311 1643 347 conspiceret?
1667 311 1725 338 Hoc
1751 313 1827 338 certe
1842 311 1871 338 in

1044 355 1119 382 votis
1144 355 1232 383 fuisse
1257 358 1372 383 constat
1396 355 1589 383 nobilissimis
1614 355 1695 382 illius
1722 354 1872 391 μακαρίτου

1044 399 1281 435 consanguineis,
1299 400 1374 427 inter
1389 408 1462 435 quos
1483 400 1591 436 pietate
1611 402 1695 435 atque
1711 400 1874 427 eruditione

1046 452 1103 470 non
1119 443 1231 479 vulgari
1257 444 1366 471 eminet
1389 444 1651 472 reverendissimus
1676 443 1830 479 episcopus
1845 446 1875 471 et

1045 487 1104 514 dux
1133 488 1353 522 Laudunensis,
1384 497 1437 524 par
1472 489 1616 522 Francia,
1646 488 1747 516 Jacobi
1785 488 1876 516 frater

1045 530 1282 569 αὐτοκασίγνητος.

1082 577 1225 612 Equidem
1241 577 1283 604 ita
1298 578 1350 605 feci
1375 586 1408 605 ac
1432 578 1547 611 lubens,
1565 580 1597 605 ut
1621 579 1664 606 tot
1686 577 1820 606 doctrina
1844 585 1877 605 ac

1047 622 1193 657 probitate
1209 622 1369 657 insignium
1387 623 1515 650 virorum
1540 630 1696 657 consensu,
1713 621 1877 650 antistitem

1048 666 1125 694 hunc
1141 669 1169 693 et
1184 666 1309 694 Orientis
1331 667 1532 702 theologorum
1548 667 1638 694 solem
1666 667 1756 694 radiis
1771 666 1877 694 nativis

1047 710 1133 737 Attici
1153 710 1260 746 leporis
1276 713 1302 737 et
1319 711 1454 738 ascititiis
1479 711 1602 738 Romani
1619 711 1662 738 tui
1689 711 1876 747 pontificatus

1047 757 1178 790 tempora
1199 755 1346 782 illustrare
1369 756 1556 791 gaudentem,
1574 756 1727 783 Sanctitati
1742 756 1810 783 Tuas
1835 757 1878 783 tot

1048 800 1230 827 heroicorum
1262 799 1482 835 curlestiumque
1516 801 1676 836 gratiarum
1713 800 1876 828 luminibus

1049 845 1178 880 undique
1189 844 1311 881 fulgenti
1324 845 1453 872 dicatum
1467 846 1668 881 producerem.
1681 845 1738 872 Nec
1747 853 1814 872 vero
1825 846 1878 873 du-

1049 888 1140 916 bitare
1158 889 1199 916 fas
1212 891 1266 922 est,
1280 889 1448 917 beatissime
1461 890 1554 923 Pater,
1567 890 1637 925 quin
1655 889 1768 925 placido
1784 888 1876 922 vultu,

1050 941 1107 969 quo
1138 933 1337 961 Christianum
1364 934 1483 968 orbem,
1512 936 1702 969 tempestates
1733 933 1879 965 Ecclesiae,

1049 979 1214 1013 coelumque
1234 987 1362 1011 serenas,
1379 978 1457 1006 hunc
1484 981 1723 1014 mystagogorum
1739 977 1879 1014 Hyperio-

1052 1032 1119 1052 nem
1146 1024 1174 1050 in
1198 1023 1410 1059 augustissima
1434 1023 1467 1050 D.
1484 1023 1559 1050 Petri
1585 1023 1727 1050 cathedras
1753 1021 1882 1051 sacraria

1052 1068 1177 1104 benigne
1190 1067 1683 1103 intromittas,acceptissimumque
1694 1066 1882 1094 habeas.Hoc

1053 1114 1140 1148 prout
1156 1112 1239 1139 nobis
1256 1112 1518 1147 persuasissimum
1530 1115 1584 1146 est,
1597 1112 1638 1139 sic
1650 1120 1703 1139 nos
1720 1113 1793 1139 Deus
1810 1111 1882 1138 bene

1054 1160 1142 1190 amet,
1160 1160 1191 1184 ut
1204 1157 1347 1184 Sanctitas
1363 1157 1425 1184 Tua
1448 1156 1523 1184 votis
1548 1156 1610 1184 suis
1626 1156 1742 1191 divinis,
1757 1157 1882 1184 cunctus

1054 1204 1151 1230 autem
1170 1201 1283 1237 piorum
1301 1204 1392 1229 costus
1409 1204 1436 1228 te
1452 1201 1562 1237 optimo
1578 1201 1704 1229 maximo
1720 1209 1773 1229 suo
1793 1199 1884 1237 ponti-

1056 1247 1108 1274 fice
1131 1246 1232 1282 perdiu
1258 1246 1396 1281 potiatur.
1415 1246 1535 1273 Lutetia:
1551 1246 1729 1274 Parisiorum
1753 1254 1794 1273 xu
1819 1244 1882 1272 Kal.

1055 1291 1145 1327 April.
1162 1299 1260 1318 MDCIX.

1128 1336 1193 1362 Tum
1210 1335 1404 1362 Beatitudinis

1306 1379 1496 1408 Humillimus
1516 1387 1616 1407 servus
1633 1379 1700 1407 an.
1717 1379 1885 1413 MonsLLus,

1397 1424 1519 1459 profess.
1536 1426 1564 1452 et
1579 1424 1724 1460 interpres
1740 1423 1849 1459 regius.

808 1606 879 1647 AD
911 1604 1251 1648 LECTOREM.

757 1693 813 1728 (Ex
837 1692 911 1720 Edit.
938 1692 1037 1721 Morel.
1065 1692 1134 1720 1609
1158 1694 1186 1720 et
1212 1692 1304 1728 1630.)

202 1839 267 1868 Scio
281 1848 340 1876 quo
354 1841 459 1869 tendas
474 1843 503 1869 et
522 1850 669 1878 properes,
687 1842 862 1870 suavissime
879 1852 993 1876 rerum;
1011 1851 1033 1884 ο
1052 1843 1177 1877 videtur,
1202 1843 1326 1870 collectas
1355 1844 1425 1870 sunt
1453 1841 1538 1869 variae
1568 1841 1707 1869 lectiones
1736 1841 1886 1877 quaedam,

169 1885 239 1920 quia
254 1893 320 1914 cras
332 1893 434 1913 serum
458 1888 503 1913 est
526 1895 628 1923 sapere
652 1890 680 1915 et
704 1887 827 1921 discere,
846 1888 957 1915 discere
972 1890 1001 1915 et

166 1937 269 1965 sapere
282 1930 327 1957 vis
349 1929 446 1958 hodie.
464 1931 628 1964 Quominus
652 1934 728 1960 certe
745 1932 772 1959 id
790 1932 889 1966 facias,
906 1932 936 1959 in
954 1940 1000 1960 me

168 1981 251 2002 mora.
274 1982 332 2003 non
362 1975 418 2002 erit
445 1975 636 2003 ulla.Vacuis
662 1979 691 2004 et
720 1976 862 2013 religiosis
879 1976 999 2004 auribus

166 2018 228 2046 tuis
239 2019 310 2046 dare
319 2019 392 2047 nihil
403 2019 554 2055 constitui,
568 2029 625 2056 quo
640 2020 836 2048 oﬁ‘endantur.
847 2021 874 2048 Si
888 2021 1000 2057 patien-

169 2061 243 2090 tiam
259 2062 406 2099 paulisper
419 2065 642 2093 accommodare
653 2074 709 2093 non
728 2066 864 2102 piguerit,
878 2066 950 2093 forte
964 2074 999 2092 an

170 2105 267 2134 brevis
284 2106 373 2142 hujus
395 2108 541 2144 proloquii
568 2110 875 2145 meminissejuvahit.
890 2110 930 2137 Ad
958 2110 998 2137 tui

169 2150 282 2179 similes
297 2149 540 2189 φιλογρηγορίους.
558 2164 572 2178 ‹‹
582 2153 695 2189 Quique
706 2154 752 2181 sui
767 2162 912 2182 memores
928 2153 1001 2181 alios

169 2195 263 2224 facere
279 2196 428 2231 merendo,
442 2208 456 2222 »
474 2199 501 2225 te
517 2206 595 2225 voco.
614 2198 661 2226 Sic
676 2198 766 2234 igitur
780 2199 895 2226 habeto.

204 2239 276 2268 Cum
297 2248 402 2269 novam
418 2242 548 2278 Gregorii
563 2242 735 2270 Nazianzeni
762 2251 882 2278 operum
899 2242 1000 2270 editio-

169 2291 238 2312 nem
253 2288 375 2322 utraque
389 2285 494 2322 lingua
509 2287 628 2322 aggredi
644 2287 839 2314 constitutum
856 2287 969 2320 fuisset,
987 2295 1002 2314 e

167 2335 201 2356 re
217 2327 284 2361 fuit,
297 2329 356 2358 imo
367 2338 461 2366 operae
477 2331 603 2366 pretium
619 2333 733 2358 Graecos
744 2331 859 2358 codices
870 2334 1002 2359 vetustos

169 2380 349 2412 comparare.
363 2376 422 2402 Hos
438 2375 523 2402 nobis
539 2375 753 2411 augustissima
766 2376 845 2411 regis
860 2375 1000 2403 Christia-

170 2414 291 2446 nissimi
312 2417 493 2447 Bibliotheca
517 2420 732 2456 suppeditavit;
749 2421 777 2447 et
799 2419 1003 2455 amplissimus

168 2461 216 2490 vir
229 2461 357 2492 Iacobus
381 2464 564 2499 Augustinus
579 2464 734 2499 Thuanus,
751 2463 836 2491 curiae
859 2472 1002 2500 supremae

170 2514 292 2543 praeses,
307 2507 542 2536 Vetustissimum
558 2508 734 2544 optimeque
749 2511 823 2536 uota:
840 2509 1002 2536 manuscri-

171 2537 258 2586 ptum
273 2537 291 2580 é
303 2547 424 2581 librario
439 2561 517 2589 penu
532 2537 585 2581 suo
601 2537 789 2589 perbenigne,
805 2561 864 2589 quo
879 2553 909 2580 in
925 2552 1002 2581 litte-
1018 2537 1040 2569 Β

170 2603 221 2624 res
235 2597 281 2624 est
294 2595 405 2631 animo,
421 2597 563 2626 exhibuit.
578 2597 675 2626 Alium
691 2598 822 2626 codicem
838 2605 904 2625 cum
914 2597 1003 2625 variis

172 2642 386 2679 manuscriptis
408 2643 439 2672 in
463 2643 562 2681 Belgio
586 2643 853 2672 eruditissimorum
873 2643 1004 2672 virorum

172 2694 247 2715 cura
257 2687 416 2724 studioque
428 2687 579 2723 collatum,
591 2688 678 2717 nobis
693 2688 737 2717 vir
750 2688 941 2716 doctissimus
952 2689 1005 2716 An-

172 2730 274 2760 tonius
287 2732 452 2769 Vaquerius
464 2733 698 2761 Noviodunensis
714 2732 953 2761 communicavit.
965 2732 1006 2761 Ex

173 2775 212 2803 iis
227 2774 379 2805 codicibus
391 2785 465 2813 quos
481 2777 745 2806 revarendissimus
759 2777 886 2805 Jacohus
902 2776 1006 2805 Billius

174 2819 278 2848 Sancti
305 2819 456 2850 Michaelis
485 2822 588 2856 abbas,
618 2821 727 2850 Latinae
746 2821 889 2850 versionis
916 2821 1006 2856 hujus

173 2864 331 2902 scriptoris
353 2868 466 2903 auctor,
481 2866 600 2903 legisse,
614 2868 666 2895 aut
681 2867 759 2895 certe
773 2865 933 2894 contulisse
947 2874 1005 2894 non

319 2928 457 2962 Pas-sos.
481 2929 537 2962 Gs.
558 2928 684 2962 XXXV.

1056 1896 1113 1915 non
1132 1887 1318 1922 infrugil'erae.

1089 1932 1153 1960 .lam
1169 1940 1235 1959 vero
1251 1931 1411 1959 editionem
1427 1932 1554 1958 Graecam
1569 1929 1772 1958 Germanicam
1789 1930 1825 1957 ab
1839 1937 1887 1957 eo-

1055 1977 1122 2003 dem
1140 1976 1292 2011 nunquam
1309 1976 1381 2003 satis
1405 1975 1524 2003 lsudato
1549 1975 1632 2002 Billio
1648 1974 1804 2010 diligenter
1818 1981 1886 2001 cum

1056 2021 1155 2056 Regiis
1185 2020 1396 2056 manuscriptis
1425 2019 1572 2054 collatam,
1593 2022 1620 2047 et
1644 2027 1711 2047 cum
1741 2017 1887 2046 Medicasis

1056 2066 1162 2101 reginae
1174 2064 1291 2097 matris;
1308 2065 1402 2100 iisque
1414 2073 1487 2100 quos
1497 2064 1717 2092 illustrissimus
1729 2062 1887 2090 cardinalis

1056 2109 1180 2137 Sirletus
1209 2118 1243 2137 ex
1273 2109 1356 2137 Italia
1385 2110 1515 2142 miserat,
1540 2109 1614 2145 ἱερὰν
1644 2107 1887 2145 παρακαταθήκην,

1057 2154 1133 2182 ultro
1150 2154 1234 2182 nobis
1249 2154 1445 2182 commodavit
1460 2153 1493 2180 V.
1509 2154 1538 2181 Ο.
1555 2153 1665 2181 Paulus
1681 2152 1825 2185 Petavius,
1838 2151 1889 2179 Pa-

1057 2199 1190 2227 risiensis
1206 2198 1294 2226 curiae
1320 2206 1463 2234 suprema:
1480 2201 1597 2226 senator
1620 2197 1839 2233 integerrimus.
1858 2196 1888 2223 ln

1057 2244 1121 2279 ejus
1137 2246 1234 2271 autem
1252 2243 1319 2270 libri
1343 2252 1393 2270 ora
1418 2242 1585 2279 marginali,
1597 2242 1744 2270 variantes
1769 2240 1888 2277 quidem

1057 2288 1205 2322 lectiones,
1219 2288 1403 2322 conjecturas
1418 2290 1447 2315 et
1462 2287 1682 2315 emendationes
1702 2286 1805 2313 Billius
1820 2293 1887 2321 ope-

1058 2341 1124 2360 rosa
1135 2332 1290 2360 sedulitate
1304 2332 1493 2359 adnotaverat
1506 2341 1513 2359 :
1524 2333 1725 2359 verumtamen
1742 2328 1888 2357 academi-

1058 2385 1122 2404 cam
1129 2375 1337 2413 ἐποχήνβιᾳυεε
1344 2376 1526 2403 assensionis
1535 2384 1564 2403 re
1569 2375 1726 2403 tentionem
1736 2376 1797 2402 tam
1804 2374 1889 2401 caute

1058 2423 1285 2456 constanterque
1306 2420 1490 2454 adhibuerat,
1509 2423 1542 2448 ut
1556 2428 1645 2456 quam
1661 2417 1732 2454 λέξιν
1748 2417 1793 2444 καὶ
1810 2416 1887 2454 ῥῆσιν

1059 2466 1152 2502 magis
1169 2466 1408 2501 probaret,quam
1421 2461 1723 2501 rejiceret,8mé,o‘1$8nv
1737 2469 1889 2498 nunquam

1058 2510 1242 2546 exprimeret.
1255 2509 1329 2542 Quid
1352 2509 1399 2537 hic
1416 2509 1509 2546 agas?
1524 2510 1577 2542 An,
1595 2510 1628 2536 ut
1641 2507 1712 2536 olim
1733 2508 1854 2542 factum,
1870 2514 1888 2534 α

1057 2554 1191 2590 Philippo
1206 2554 1295 2583 tacito
1310 2557 1339 2582 et
1354 2554 1449 2590 sopito
1474 2554 1509 2582 ad
1535 2553 1706 2588 Philippum
1731 2552 1890 2580 excitatum

1058 2601 1263 2635 attentumque
1275 2598 1432 2635 provoces?
1444 2598 1591 2626 Nimirum
1602 2598 1639 2625 ab
1650 2595 1892 2632 interpretatione

1058 2643 1193 2679 ejusdem
1209 2643 1313 2671 Latina
1327 2642 1461 2671 omnium
1476 2642 1568 2670 ferme
1581 2641 1764 2670 eruditorum
1779 2640 1892 2668 theolo-

1059 2696 1162 2724 gorum
1175 2687 1287 2716 calculo
1298 2687 1477 2724 jamdudum
1489 2686 1651 2723 approbata
1663 2688 1847 2722 receptaque,
1859 2686 1893 2712 ut

1060 2731 1224 2761 Mercuriali
1235 2732 1361 2768 quadam
1372 2731 1694 2768 virga,dijudicandum
1706 2730 1828 2759 solerter
1838 2728 1894 2757 fuit

1061 2785 1123 2812 qua
1135 2776 1323 2812 potissimum
1336 2776 1433 2811 lectio,
1440 2778 1474 2804 ut
1483 2783 1634 2813 germana,
1643 2775 1793 2811 sequenda
1803 2775 1891 2802 esset.

1060 2822 1096 2849 At
1110 2821 1159 2849 hic
1173 2829 1258 2857 opus,
1276 2821 1322 2849 hic
1348 2820 1430 2849 labor
1445 2826 1517 2850 erat.
1536 2820 1579 2847 ’Ev
1593 2819 1635 2850 οἷς
1653 2818 1773 2856 μάλιστα
1788 2815 1892 2855 μιγάλο

1060 2865 1094 2893 τὰ
1127 2863 1297 2904 διαφέροντα,
1336 2863 1371 2899 ἦν
1407 2875 1434 2892 τι
1473 2864 1623 2893 πταίσωσιν
1661 2863 1689 2891 οἱ
1731 2861 1892 2899 χρίναντις·

1716 2927 1754 2956 12

1943 0 2053 649 i
