4110 6404
302 384 419 446 363

304 515 629 588 praesrtim
689 514 791 570 ubi
848 515 1119 588 προτιμᾶν
1182 506 1262 564 δεῖ
1318 510 1416 577 τὴν
1473 507 1753 577 ἀλήθειαν.

376 604 644 660 Occurrit
674 604 873 659 divina
902 602 1071 674 quasi
1101 600 1331 671 virgula
1361 600 1461 671 qui
1494 602 1572 665 te,
1596 598 1696 669 qui
1728 592 1971 671 φιλαλή-

305 704 413 755 θιις
447 710 673 755 omnes,
708 693 819 747 hoc
852 692 1006 747 fasce
1049 692 1283 757 levaret,
1318 687 1841 744 reverendissimus
1873 686 1974 740 Pa-

304 789 391 839 ter
417 784 631 838 Fronto
656 782 921 848 Ducaeus,
947 779 1252 835 Societatis
1273 778 1413 833 Jesu
1438 776 1781 845 theologus;
1809 779 1971 829 tanto

306 872 545 926 nomine
578 872 813 941 dignus,
841 875 898 924 et
930 868 1234 937 utriusque
1276 866 1487 937 linguae
1522 864 1919 935 peritissimus
1955 879 1966 915 :

306 960 400 1014 hic
432 960 725 1014 indefesso
756 958 953 1012 labore
992 958 1051 1011 in
1095 954 1394 1027 republica
1424 953 1757 1009 Christiana
1785 955 1841 1007 et
1874 950 1970 1004 lit-

308 1048 522 1103 teraria
563 1048 845 1118 juvanda,
883 1048 939 1101 in
975 1045 1082 1099 hoc
1114 1060 1286 1115 opere
1339 1042 1622 1114 palmario
1666 1040 1970 1096 assiduam

306 1138 712 1210 optimamque
772 1151 1009 1207 operam
1064 1133 1283 1204 optime
1337 1131 1672 1198 collocavit;
1732 1132 1967 1185 tametsi

306 1228 507 1282 eodem
544 1231 807 1296 tempore
849 1223 906 1277 in
958 1220 1414 1296 Χρυσοστομείων
1451 1221 1657 1275 Latina
1706 1219 1973 1274 versione

306 1321 363 1371 et
401 1314 654 1370 editione
712 1312 963 1385 bilingui
1022 1311 1433 1377 distineretur;
1496 1310 1597 1364 sed
1654 1313 1972 1378 utrumque

308 1400 576 1477 ἀσχολίας
612 1401 901 1477 ὑπὲρτερον
935 1404 1164 1474 πρᾶγμα
1189 1399 1565 1456 existimavit.
1591 1398 1739 1461 Quid
1772 1403 1971 1453 autem

306 1492 675 1564 praestiterit,
720 1508 938 1562 magna
994 1507 1128 1546 cum
1177 1488 1359 1543 animi
1417 1488 1502 1543 tui
1552 1487 1877 1559 voluptate,
1918 1492 1970 1545 si

308 1585 565 1637 mentem
594 1580 958 1649 adhibueris,
993 1578 1161 1634 facile
1199 1577 1539 1649 perspicies.

379 1670 527 1737 Quid
586 1676 673 1739 tu,
706 1669 963 1736 Morelle,
995 1669 1248 1739 inquies,
1304 1666 1605 1722 nullamne
1647 1666 1760 1721 huc
1810 1682 1967 1737 sym-

308 1759 504 1815 bolam
532 1758 877 1815 contulisti?
900 1757 1184 1829 Equidem
1209 1770 1446 1827 operam
1469 1756 1756 1826 denegare
1778 1770 1968 1810 meam

308 1848 368 1902 in
400 1849 528 1919 ejus
560 1846 816 1903 auctoris
845 1846 1079 1917 scriptis
1111 1846 1373 1911 edendis,
1407 1844 1506 1916 qui
1551 1844 1693 1898 mihi
1726 1845 1796 1899 ab
1828 1844 1965 1899 ado-

309 1936 588 1992 lescentia
619 1937 677 1991 in
710 1936 935 1991 deliciis
980 1936 1109 1999 fuit,
1148 1933 1412 2007 religioni
1444 1932 1806 1988 habuissem.
1840 1934 1966 2004 Spi-

309 2026 585 2098 cilegium
619 2025 827 2080 saltem
872 2025 1103 2094 aliquod
1139 2038 1241 2078 seu
1274 2024 1727 2078 racemationem
1760 2027 1964 2078 contu-

306 2114 523 2171 limus:
549 2120 638 2170 est
684 2113 780 2169 ubi
829 2114 885 2167 in
918 2112 1130 2167 Graecis
1166 2113 1418 2167 maxime
1450 2112 1644 2166 mendi
1679 2110 1969 2182 suspectis

302 2220 422 2274 qua
448 2204 519 2258 ab
545 2201 1036 2274 interpunctione,
1062 2219 1176 2272 qua
1198 2219 1230 2256 a
1252 2200 1579 2255 litterarum
1607 2200 1969 2270 trajectione,

307 2292 563 2348 medicas
595 2291 874 2347 adhibere
918 2307 1130 2346 manus
1179 2290 1519 2360 conjectura
1546 2287 1635 2344 vel
1666 2305 1774 2359 ope
1824 2306 1969 2345 mss.

1502 378 1680 439 FED.
1724 376 2072 439 MORELLI
2115 376 2527 439 PROCEMIA.

1994 512 2047 576 Α
2077 510 2435 566 tentavimus
2488 528 2501 565 :

1998 1897 2046 1961 B

3615 374 3737 443 361

2554 516 2611 566 et
2662 511 3036 569 corollarium
3094 511 3477 584 epistolarum
3526 509 3746 567 ἀνεκδόε

2083 616 2189 650 των
2222 600 2548 670 adjecimus
2580 616 2714 655 cum
2739 601 3003 657 versione
3034 604 3235 657 nostra
3254 600 3611 658 cuicuimodi
3644 602 3743 673 sit,

2083 693 2529 761 extemporanea
2559 694 2815 755 certe,et
2866 690 3036 745 unico
3087 695 3286 746 nostro
3341 693 3744 764 manuscripto

2084 778 2325 847 antiquo
2357 794 2630 849 magnam
2683 784 2907 848 partem
2943 778 3107 845 fulta,
3140 777 3495 855 ταχυγράφου
3546 785 3743 852 potius

2083 866 2390 935 cujusdam
2415 882 2590 937 quam
2615 863 2995 943 καλλιγράφου
3020 884 3197 923 manu
3221 873 3454 925 exarata
3476 886 3488 923 :
3512 872 3576 925 ut
3596 870 3745 926 bene

2080 960 2290 1024 agatur
2346 971 2480 1009 cum
2511 971 2578 1010 eo
2629 957 2730 1027 qui
2758 956 2952 1024 vertit,
2980 957 3026 1012 si
3062 980 3087 1005 ‹‹
3124 958 3281 1012 intra
3337 970 3503 1029 spem
3559 959 3742 1015 veniae

2082 1048 2311 1108 cautus,
2359 1043 2558 1099 vitavit
2610 1043 2868 1115 culpam,
2920 1061 3033 1099 non
3087 1046 3321 1101 laudem
3383 1045 3626 1115 meruit;
3674 1062 3743 1104 cx

2082 1147 2258 1202 opera
2288 1131 2538 1187 nimium
2591 1132 2761 1188 celeri
2813 1148 3066 1204 curaque
3098 1140 3350 1191 carente.
3377 1156 3404 1184 νδ
3440 1132 3565 1193 Nisi
3612 1136 3741 1207 ejus

2082 1220 2347 1275 animum
2380 1222 2727 1292 perpendes,
2753 1223 2853 1293 qui
2888 1220 3033 1278 nihil
3059 1228 3176 1278 tam
3202 1240 3378 1280 suum
3402 1239 3531 1280 esse
3552 1225 3733 1293 duxit,

2082 1326 2259 1381 quam
2291 1311 2445 1381 quod
2481 1316 2636 1366 esset
2667 1311 2989 1383 publicum.

2152 1399 2460 1465 Gestarum,
2486 1400 2536 1454 si
2568 1400 2677 1455 hoc
2700 1416 2935 1472 quoque
2958 1401 3107 1456 scire
3130 1417 3284 1469 aves,
3314 1400 3388 1462 ὡς
3421 1398 3574 1456 οὐδὲν
3601 1401 3737 1476 γλυ-

2078 1486 2298 1561 κύτερον
2366 1487 2394 1555 ἤ
2450 1489 2624 1541 πάντα
2682 1486 2900 1560 ειδέναι,
2942 1491 3208 1546 consulto
3266 1492 3545 1562 sejunctas
3603 1495 3745 1549 sunt

2082 1579 2369 1648 perdocta
2421 1577 2571 1633 Billii
2622 1580 3052 1649 adnotationes,
3086 1586 3141 1635 et
3171 1596 3303 1636 cum
3340 1581 3551 1640 Nicetis
3601 1582 3744 1639 alio-

2081 1684 2327 1738 rumque
2359 1667 2810 1723 scholiastarum
2852 1670 3293 1725 commentariis
3325 1670 3385 1726 in
3417 1672 3745 1728 secundum

2080 1760 2304 1811 tomum
2352 1756 2724 1812 commodius
2784 1759 3049 1829 rejectae;
3103 1759 3204 1831 qui
3263 1775 3431 1815 sacra
3480 1760 3744 1833 Gregorii

2080 1845 2266 1901 nostri
2316 1849 2605 1915 poemata,
2640 1851 2697 1901 et
2756 1844 2979 1903 scholia
3020 1863 3147 1919 quae
3207 1850 3440 1904 exstant
3496 1849 3555 1904 in
3614 1851 3742 1922 ejus

2076 1950 2254 2005 opera
2273 1939 2465 1990 Graece
2487 1932 2706 2006 pariter
2736 1944 2793 1991 et
2816 1936 3020 1992 Latine
3040 1937 3384 1993 continebit.
3409 1936 3567 2004 Vive,
3588 1938 3739 2008 vale,

2079 2028 2135 2078 et
2165 2040 2292 2095 quae
2342 2024 2573 2091 dantur,
2606 2024 2756 2096 aequi
2787 2026 3044 2096 bonique
3073 2025 3336 2093 consule,
3373 2035 3426 2083 et
3475 2026 3741 2083 muneris

2080 2117 2255 2183 atque
2303 2114 2496 2184 operis
2546 2113 2724 2183 hujus
2771 2119 3057 2182 auctores,
3091 2115 3414 2186 adjutores,
3448 2108 3745 2191 συνεργούς

2083 2218 2218 2258 ama
2249 2219 2261 2258 :
2298 2214 2523 2257 memor
2554 2201 2713 2259 illius
2744 2202 3085 2276 Pythagora:
3119 2205 3283 2277 dicti,

2157 2290 2244 2358 Μὴ
2280 2286 2500 2365 ἔχθαιρε
2558 2289 2719 2366 φίλον
2769 2292 2858 2345 σὸν
2920 2289 3232 2367 ἁμαρτάδος
3292 2290 3463 2347 tivam
3516 2298 3740 2370 μικρῆς.

1423 2549 1723 2605 LECTORI
1775 2552 1944 2602 ΦΙΛΔ
1956 2553 2157 2603 ΛΗΘΕΙ
2196 2550 2618 2618 ,MORELLUS.

1477 2650 1581 2719 (Ex
1602 2648 1740 2703 edit.
1768 2648 1927 2716 1609,
1949 2652 2092 2704 tom.
2122 2650 2193 2717 Il,
2223 2650 2295 2704 ad
2318 2649 2555 2704 calcem.

374 2777 500 2838 Non
534 2779 683 2851 fugit
730 2794 835 2832 nos
890 2776 1139 2848 pectoris
1172 2772 1260 2829 tui
1292 2773 1531 2841 candor,
1564 2774 1664 2845 qui
1717 2772 1853 2827 facit
1901 2779 1967 2827 ut

304 2871 504 2928 omnia
534 2866 684 2940 aequi
716 2866 969 2936 bonique
1002 2862 1296 2927 consulas,
1321 2868 1377 2917 et
1416 2861 1640 2916 calculo
1674 2866 1773 2915 tuo
1806 2877 1962 2914 com-

306 2962 515 3033 probes
546 2974 672 3029 quee
708 2957 855 3010 bono
908 2954 1136 3025 publico
1168 2950 1388 3022 suscipi
1438 2967 1503 3005 ac
1553 2950 1749 3021 perfici
1782 2949 1962 3003 vides.

308 3049 529 3104 Idcirco
579 3063 682 3101 nec
740 3041 1053 3098 molestum
1114 3058 1218 3096 nec
1276 3040 1665 3110 injucundum
1708 3038 1813 3092 tibi
1848 3038 1964 3092 fore

307 3137 604 3201 duximus,
630 3134 677 3189 si
712 3131 994 3204 pr0positi
1024 3128 1371 3199 consiliique
1406 3128 1586 3182 nostri
1620 3144 1687 3181 ac
1721 3144 1831 3182 non
1856 3127 1962 3180 du-

2078 2776 2186 2839 est,
2233 2774 2289 2827 in
2344 2778 2569 2829 tomum
2625 2775 2951 2830 secundum
3000 2775 3349 2846 rejiciendas
3380 2782 3739 2835 censuerat:

2078 2860 2292 2933 quippe
2350 2863 2451 2933 qui
2508 2867 2745 2918 caeteras
2802 2863 3034 2931 Nicetis,
3085 2864 3273 2929 Pselli,
3338 2864 3545 2929 Nonni,
3601 2864 3739 2920 Elite

2077 2951 2367 3006 Cretensis
2398 2952 2806 3007 annotationes
2836 2956 2892 3006 et
2922 2954 3373 3008 commentarios
3406 2953 3739 3023 complexu-

2075 3055 2176 3091 rus
2217 3043 2359 3105 erat,
2394 3055 2510 3091 una
2558 3055 2691 3093 cum
2722 3039 2979 3110 Gregorii
3032 3040 3317 3111 poematis
3352 3058 3364 3098 :
3402 3057 3469 3095 ex
3517 3042 3737 3112 quibus

2075 3126 2353 3197 quoniam
2396 3126 2555 3182 mille
2604 3127 2832 3183 circiter
2864 3145 2929 3183 ac
2962 3129 3196 3184 ducenti
3245 3146 3449 3184 versus
3498 3128 3739 3185 iambici

306 3229 411 3282 biae
437 3220 929 3279 destinationisin
955 3211 2037 3288 D.GregoriiNazianzeniOperibusC
2076 3216 2561 3270 desiderabantur
2616 3216 2675 3271 in
2736 3218 2904 3289 regiae
2962 3218 3333 3273 Bibliothecaz
3409 3218 3735 3285 codicibus,

306 3318 498 3371 Grzece
531 3319 586 3368 et
621 3311 822 3365 Latine
855 3310 911 3363 in
946 3308 1134 3362 lucem
1174 3307 1415 3361 edendis
1448 3312 1501 3360 te
1535 3305 1732 3375 paucis
1765 3306 1964 3359 admo-

308 3419 605 3458 neremus.
635 3400 729 3455 Sic
760 3398 943 3470 igitur
972 3397 1205 3463 habeto,
1232 3412 1336 3449 nos
1370 3395 1425 3448 in
1460 3394 1656 3449 animo
1691 3388 1969 3448 habuisse

307 3493 487 3561 hujus
521 3487 877 3545 sanctissimi
912 3492 969 3541 et
1008 3484 1471 3555 eloquentissimi
1519 3482 1801 3537 antistitis
1833 3499 1965 3553 ope-

310 3597 441 3636 rum
475 3576 775 3653 δίγλωττον
825 3575 1144 3631 editionem
1178 3574 1416 3645 aggredi
1465 3589 1534 3627 ex
1582 3571 1777 3626 codice
1807 3570 1967 3626 Basi-

306 3668 511 3725 liensis
543 3661 831 3733 ὶκδόσεως,
865 3682 961 3719 an.
996 3662 1153 3731 1550,
1197 3662 1352 3733 apud
1406 3660 1769 3731 Hervagium,
1792 3675 1969 3731 quem

307 3756 677 3814 clarissimus
736 3756 821 3809 vir
876 3753 1132 3809 Jacobus
1190 3750 1389 3806 Billius
1447 3751 1506 3805 S.
1552 3749 1853 3806 Michaelis
1908 3749 1969 3805 in

308 3849 516 3903 Eremo
571 3844 869 3917 quondam
928 3841 1111 3897 abbas
1170 3839 1607 3910 meritissimus,
1662 3838 1968 3910 utriusque

312 3936 525 4007 linguai
558 3932 971 4006 peritissimus,
1002 3946 1137 3985 cum
1169 3930 1346 4002 regiis
1376 3928 1679 3985 codicibus
1710 3927 1966 3995 Gallicis,

310 4033 367 4081 et
397 4042 531 4081 cum
586 4022 829 4086 Italicis,
861 4020 933 4074 ab
982 4018 1405 4073 illustrissimis
1438 4016 1837 4071 cardinalibus
1866 4020 1969 4069 Ca-

310 4115 433 4170 rolo
466 4111 842 4181 Lotharingo,
876 4114 933 4162 et
966 4106 1119 4161 Guil.
1153 4105 1357 4161 Sirleto
1406 4121 1603 4161 secum
1639 4104 1969 4160 communi-

311 4202 481 4266 catis,
524 4204 792 4253 accurate
853 4195 1201 4264 contulerat,
1254 4198 1318 4248 ut
1373 4193 1757 4249 doctissimus
1816 4192 1969 4248 Gilb.

310 4286 721 4345 Genebrardus
743 4284 803 4340 in
828 4283 1159 4356 prmfatione
1181 4299 1290 4337 sua
1313 4283 1502 4350 refert,
1519 4283 1660 4337 dum
1682 4300 1715 4336 a
1736 4296 1971 4336 summo

309 4378 582 4451 pontifice
616 4374 845 4431 obnixis
879 4372 1151 4444 precibus
1182 4371 1511 4435 contendit,
1540 4378 1604 4425 ut
1634 4370 1973 4441 sumptibus

310 4467 437 4523 suis
466 4468 763 4522 auctorem
811 4462 974 4517 illum
1006 4461 1210 4516 excudi
1262 4465 1512 4515 curaret.
1547 4462 1763 4515 Verum
1815 4458 1971 4514 enim

2078 3322 2224 3376 quos
2281 3306 2538 3360 Joannes
2594 3306 2990 3361 Lewenclaius
3046 3307 3104 3362 in
3164 3307 3477 3363 Germania
3537 3308 3731 3362 Latine

2076 3396 2325 3459 tantum,
2358 3394 2414 3448 et
2443 3390 2634 3450 soluta
2663 3396 2946 3460 oratione,
2979 3401 3113 3451 ante
3145 3396 3362 3452 multos
3391 3414 3578 3451 annos
3609 3396 3730 3451 edi-

2078 3482 2271 3549 derat;
2307 3481 2547 3552 proinde
2586 3483 2780 3538 danda
2811 3500 2987 3555 opera
3032 3484 3161 3551 fuit,
3195 3488 3260 3539 ut
3299 3500 3371 3540 ne
3417 3484 3568 3539 hanc
3599 3484 3735 3555 qui-

2079 3571 2209 3625 dem
2263 3576 2489 3641 partem
2539 3588 2783 3643 operum
2813 3573 2963 3643 ejus,
2993 3571 3067 3633 ὡς
3098 3570 3197 3625 οὐκ
3227 3570 3516 3646 ἐλαχιστον
3572 3571 3738 3648 μέρος

2075 3662 2185 3712 τῶν
2220 3658 2404 3732 ἱερῶν,
2436 3659 2614 3715 editio
2643 3659 2865 3716 Gallica
2914 3662 3401 3733 pretermitteret.
3434 3660 3579 3717 Cum
3629 3658 3740 3734 igi-

2081 3752 2179 3803 tur
2220 3747 2532 3820 diligenter
2580 3765 2681 3821 per
2710 3765 2915 3806 omnes
2963 3751 3204 3822 Europa
3252 3749 3641 3806 bibliothecas
3673 3765 3743 3806 ea

2084 3842 2272 3892 metra
2301 3834 2525 3907 κείμενα
2553 3838 2883 3909 conquisita
2918 3844 3137 3905 essent,
3170 3854 3464 3910 nusquam
3497 3838 3740 3910 reperiri

2084 3931 2404 3997 potuerunt
2456 3925 2542 3980 illi
2596 3928 2827 3983 codices
2884 3944 2952 3983 ex
3005 3927 3225 3999 quibus
3281 3927 3382 3983 illa
3438 3929 3739 4000 quondam

2085 4014 2483 4071 Lewenclaius
2532 4018 2935 4087 exscripserat,
2969 4022 3027 4071 et
3073 4018 3275 4073 Latine
3324 4022 3595 4073 verterat.
3636 4017 3741 4073 Ve-

2083 4121 2213 4159 rum
2243 4105 2427 4159 Roma
2459 4106 2696 4159 tandem
2731 4105 2900 4160 nobis
2934 4106 3116 4161 missa
3165 4111 3305 4161 sunt
3335 4107 3422 4178 (ut
3449 4105 3512 4158 τὸ
3548 4103 3741 4174 ζητού-

2087 4211 2243 4263 μενον
2278 4190 2489 4246 ἁλωτόν
2540 4194 2723 4265 fieret)
2754 4193 3140 4250 illustrissimi
3184 4196 3340 4250 card.
3376 4194 3566 4250 Matfei
3602 4200 3742 4251 Bar-

2084 4280 2269 4336 berini
2301 4283 2516 4349 studio,
2550 4299 2692 4338 cura
2739 4290 2795 4337 et
2842 4284 3129 4354 impensa,
3164 4283 3459 4340 Vaticanis
3490 4298 3521 4337 e
3551 4283 3739 4348 libris,

2082 4371 2329 4441 aliisque
2388 4370 2765 4428 Bibliothecis
2815 4373 3094 4429 Romanis
3142 4373 3433 4446 exscripta
3474 4388 3488 4429 :
3531 4371 3743 4428 deinde

2082 4459 2330 4515 alterum
2389 4462 2729 4516 eorumdern
2786 4459 3104 4537 ἀπόγραφον
3170 4464 3241 4517 ab
3311 4460 3744 4518 humanissimo

311 4556 589 4628 quoniam
624 4568 739 4607 non
771 4551 991 4623 ubique
1040 4566 1173 4605 cum
1205 4549 1395 4621 ipsius
1426 4549 1632 4604 Latina
1683 4549 1973 4620 interpre-
2014 4583 2058 4649 Β
2090 4548 2547 4621 doctissimoque
2600 4550 2724 4607 viro
2781 4550 2997 4606 Davide
3072 4550 3413 4607 Hoeschelio
3492 4550 3745 4607 missum

308 4646 534 4703 tatione
557 4641 981 4699 conveniebant
1000 4640 1129 4710 ejus
1151 4639 1594 4695 emendationes
1619 4643 1675 4693 et
1703 4636 1976 4708 ιῖκασμοί,

312 4735 613 4806 multaque
644 4733 877 4787 fuerant
905 4730 977 4785 ab
1008 4728 1108 4783 illo
1139 4728 1199 4783 in
1230 4733 1391 4784 textu
1424 4727 1632 4796 deleta,
1657 4744 1786 4799 quae
1815 4726 1972 4782 idem

311 4839 540 4889 rursus,
587 4817 850 4896 δευτέρων
898 4815 1223 4890 ἀμεινόνων,
1258 4818 1593 4889 reponenda
1645 4814 1973 4876 ἀναπεισθείς

310 4916 664 4970 censuerat:
699 4916 757 4966 et
806 4913 1009 4965 contra
1056 4906 1379 4963 sustulerat
1430 4907 1486 4961 in
1542 4905 1745 4962 Latina
1794 4906 1971 4961 inter-

310 5001 654 5073 pretatione,
689 5016 819 5061 quze
868 4998 928 5052 in
970 4996 1186 5051 Graecis
1236 4994 1437 5050 relicta
1491 5001 1687 5063 erant;
1738 5000 1971 5051 tantum

310 5090 420 5146 sibi
468 5104 770 5145 assumere
820 5085 1007 5142 noluit
1054 5085 1364 5157 praefectus
1415 5081 1749 5157 διωρθώσεσι
1804 5090 1973 5157 typo-

306 5177 629 5249 graphicis,
662 5180 726 5230 ut
754 5177 826 5230 de
856 5176 1002 5229 tanti
1035 5174 1139 5228 viri
1171 5189 1342 5244 opere
1373 5179 1430 5229 et
1458 5172 1715 5247 ἀγχινοίᾳ
1745 5180 1972 5229 senten-

307 5268 449 5321 tiam
483 5266 692 5329 ferret;
728 5262 1052 5333 maluitque
1088 5264 1241 5318 bona
1271 5264 1383 5319 fide
1413 5265 1484 5318 de
1532 5263 1641 5317 hoc
1690 5263 1803 5318 sibi
1853 5268 1970 5319 tra-

306 5356 426 5409 dito
456 5352 799 5422 exprimere,
834 5352 906 5405 ad
937 5352 1148 5407 deinde
1188 5353 1245 5406 in
1294 5355 1448 5408 notis
1477 5368 1545 5407 ac
1577 5352 1817 5408 scholiis
1848 5352 1972 5407 col-

307 5441 488 5496 lectas
528 5439 721 5493 varias
761 5438 1041 5495 lectiones
1092 5450 1528 5511 repraesentare,
1564 5454 1814 5512 quaeque
1845 5458 1968 5497 ma-

309 5530 400 5599 gis
456 5543 590 5581 cum
650 5526 1037 5596 interpretum
1097 5530 1360 5585 oratione
1418 5530 1839 5599 consentirent,
1880 5530 1969 5586 vel

312 5628 447 5669 cum
479 5612 736 5665 auctoris
768 5626 945 5666 sensu
978 5617 1375 5688 convenirent,
1408 5619 1466 5673 in
1498 5617 1641 5673 locis
1671 5618 1969 5689 ambiguis

314 5698 591 5752 indicare.
625 5697 739 5752 llas
799 5713 969 5767 porro
1027 5707 1218 5770 notas,
1253 5710 1315 5760 ut
1370 5708 1427 5762 in
1488 5722 1650 5762 more
1708 5706 1967 5776 positum

2090 4639 2455 4710 accepimus;
2518 4640 2673 4711 quod
2734 4656 2768 4695 a
2820 4640 3019 4695 Judmo
3077 4639 3443 4696 Franccfurti
3500 4639 3747 4696 feliciter

2084 4730 2271 4800 pretio
2302 4729 2675 4801 redemptum
2724 4732 2931 4786 fuerat.
2964 4730 3205 4787 Interim
3237 4735 3435 4785 tamen
3468 4730 3613 4786 dum
3652 4746 3745 4786 se-

2081 4820 2259 4874 cundi
2299 4819 2442 4874 tomi
2492 4819 2811 4875 editionem
2869 4821 2990 4875 haec
3049 4819 3394 4892 perquisitio
3455 4824 3742 4890 moratur,

2081 4924 2216 4964 ecce
2245 4908 2352 4963 tibi
2385 4922 2599 4963 novum
2643 4924 2712 4964 ex
2761 4909 2967 4983 Anglia
3015 4909 3389 4975 monitorem,
3423 4909 3524 4982 qui
3571 4915 3637 4965 ut
3684 4911 3743 4964 in

2081 4997 2195 5053 alio
2244 5012 2418 5070 opere
2464 4998 2756 5069 curiosus,
2806 4996 3393 5068 ἀλλοτριοεπίσκοπος,
3428 5004 3605 5055 tanta
3654 4997 3743 5053 di-

2083 5086 2316 5141 lationis
2374 5086 2709 5157 impatiens,
2771 5089 2919 5144 duas
2976 5088 3269 5145 orationes
3327 5083 3742 5155 στηλιτευτικαὶς

2081 5180 2284 5230 contra
2319 5174 2641 5243 lulianum,
2673 5193 2808 5232 cum
2842 5178 3065 5233 scholic
3096 5178 3292 5233 Graeco
3323 5177 3493 5231 edere
3536 5175 3740 5246 voluit,

2082 5270 2138 5321 et
2194 5268 2365 5320 notas
2421 5266 2686 5330 attexuit,
2718 5267 2936 5337 quibus
2994 5266 3186 5321 varias
3244 5266 3523 5321 lectiones
3582 5276 3741 5320 com-

2082 5352 2287 5425 plexus
2316 5358 2405 5409 est
2440 5354 2623 5409 variis
2654 5371 2684 5410 e
2714 5352 2881 5410 libris
2920 5355 3218 5424 collectas,
3248 5352 3545 5424 simulque
3576 5356 3744 5426 typo-

2080 5442 2390 5513 graphiccs
2442 5457 2688 5511 errores,
2722 5442 3035 5519 σφάλματα,
3070 5458 3285 5509 naevos,
3318 5442 3593 5499 editionis
3641 5442 3744 5499 Pa-

2078 5530 2344 5585 risiensis
2399 5532 2727 5588 observavit
2774 5537 2832 5588 et
2877 5534 3178 5590 indicavit.
3220 5534 3479 5589 Fuerunt
3527 5532 3743 5605 quippe

2078 5618 2217 5675 olim
2277 5618 2348 5674 ab
2404 5621 2609 5691 Anglis
2666 5622 3134 5678 amanuensibus
3194 5622 3581 5678 eruditissimi
3631 5619 3739 5675 viri

2076 5706 2308 5763 Henrici
2347 5708 2547 5765 Savilii
2595 5710 2830 5767 lustrati
2860 5711 3032 5767 codd.
3068 5710 3489 5783 manuscripti;
3539 5716 3599 5767 et
3643 5706 3741 5765 ille
