4110 6438
348 441 460 500 365

1539 434 1712 493 FED.
1763 431 2108 495 MOBELLI
2157 436 2576 499 PROOEMIA.

3660 443 3779 505 366

345 571 469 642 ipse
490 566 646 623 Billii
677 580 857 620 manu
899 564 1267 630 emendatus,
1304 564 1403 633 qui
1464 577 1620 618 nunc
1676 568 1764 619 est
1822 580 1998 636 penes
2028 567 2084 633 Α
2114 565 2331 640 ανάγοις
2363 568 2795 641 Nonnunquam
2825 587 2974 637 vero,
3009 572 3147 643 quia
3177 572 3364 628 multa
3396 574 3784 646 exscripserat

345 656 746 715 clarissimum
778 658 1108 707 senatorem
1143 650 1527 706 Parisiensem
1560 652 1807 707 Paulum
1842 657 2007 707 Peta-

346 749 544 803 vium:
578 744 816 815 perinde
846 757 913 796 ac
944 742 989 795 si
1034 742 1105 795 de
1149 741 1334 794 nostri
1384 740 1626 796 alterius
1690 742 1829 797 tomi
1887 740 2008 796 edi-

350 839 507 893 tione
539 850 704 905 spem
735 847 967 887 omnem
993 828 1426 900 deposuissent,
1452 846 1566 883 non
1599 829 1860 885 tulerunt
1882 836 2009 884 tan-

355 932 475 981 tam
509 921 935 979 cnrrectionum
963 924 1219 989 segetem
1246 917 1355 972 sibi
1375 914 1752 970 δεινοπαθοῦσι
1789 918 2008 989 perire;

360 1013 527 1087 quasi
561 1012 617 1065 in
663 1010 735 1064 iis
769 1010 1009 1063 fortuna:
1040 1006 1268 1061 Graeciae
1289 1007 1699 1062 consisterent.
1734 1007 2011 1062 Inventus

357 1102 593 1158 tandem
626 1105 715 1154 est
742 1094 925 1155 κοινὸς
956 1096 1185 1168 Ἑρμῆς,
1223 1095 1552 1151 Richardus
1591 1096 2011 1164 Montacutius,

359 1192 459 1264 qui
485 1206 657 1246 suum
691 1186 808 1241 illis
842 1186 1189 1255 obsequium
1211 1186 1480 1251 deferret,
1515 1191 1571 1239 et
1602 1184 1919 1239 laureolam
1951 1184 2012 1239 in

359 1284 658 1336 mustaceo
698 1292 964 1346 quaerens
995 1273 1257 1329 dicteriis
1288 1291 1354 1329 ac
1387 1273 1594 1345 lepidis
1626 1274 1849 1328 salibus
1879 1273 2014 1329 illo-

356 1386 489 1425 rum
522 1364 962 1423 observationes
994 1364 1276 1433 condiret,
1312 1363 1525 1431 quibus
1557 1362 1874 1418 editionem
1905 1362 2011 1417 Pa-

357 1459 667 1514 risiensem
698 1454 1043 1526 exagitaret:
1081 1469 1144 1507 ac
1176 1451 1445 1524 pauculis
1488 1452 1791 1507 mensibus
1847 1456 2016 1507 notas

365 1553 598 1603 nostras
612 1543 938 1600 antevertit.
966 1542 1174 1598 Verum
1192 1541 1480 1597 acciditut
1502 1541 1641 1595 dum
1665 1540 1841 1596 nimis
1854 1533 2017 1593 σοϐα-

365 1639 493 1710 pec,
525 1635 830 1709 προπετῶς,
855 1636 912 1686 et
940 1631 1219 1685 iracunde
1259 1629 1317 1684 in
1378 1647 1484 1684 nos
1554 1631 1756 1699 fertur,
1825 1628 2017 1684 homi-

368 1742 503 1780 nem
547 1738 787 1795 quoque
819 1736 880 1776 se
911 1720 1092 1775 fdisse
1132 1719 1423 1790 proderet,
1449 1724 1513 1774 ut
1542 1735 1733 1773 errare
1764 1722 2015 1790 posset;;

360 1814 625 1884 adeoque
657 1826 807 1866 caeco
838 1824 1094 1881 praeceps
1126 1809 1346 1879 impetu
1384 1812 1595 1877 rueret,
1657 1811 1719 1861 ut
1764 1806 1821 1861 in
1884 1806 2019 1861 illos

360 1904 522 1975 ipsos
580 1915 729 1973 quos
803 1897 970 1953 nobis
1028 1897 1338 1967 objiciebat
1391 1912 1618 1951 errores
1675 1895 2017 1950 incurreret.
2053 1937 2101 2001 B

366 1990 627 2062 Exempli
661 1987 849 2060 gratia
874 2003 885 2040 :
915 1986 1207 2041 exciderat
1235 1986 1424 2057 operis
1450 1984 1664 2039 nostris
1693 2000 1855 2038 error
1886 1999 2017 2055 pag.

367 2082 492 2144 349,
528 2079 570 2131 ὧ
603 2074 779 2144 οὗτος,
814 2075 1022 2148 spiritu
1048 2077 1228 2129 denso
1262 2074 1551 2128 nimerum
1571 2090 1671 2145 pro
1700 2071 1851 2128 leni:
1884 2089 2020 2145 ergo

366 2169 681 2242 legendum
715 2170 912 2220 monet
942 2163 1335 2219 Montacutius
1362 2163 1563 2218 eodem
1621 2162 1792 2235 plane
1823 2161 2017 2227 modo,

366 2274 482 2314 non
543 2256 587 2308 ὧ
645 2250 825 2321 οὗτος,
888 2258 949 2307 ut
1011 2257 1166 2307 recta
1243 2250 1522 2323 postulat:
1601 2269 1654 2323 p.
1735 2252 1861 2317 330,
1939 2245 2021 2302 α’ἷ-

368 2366 571 2423 ροντες,
632 2360 769 2399 cum
859 2342 1069 2414 spiritu
1128 2342 1267 2395 item
1327 2357 1555 2412 aspero.
1616 2342 2022 2412 Saepenumero

369 2437 544 2491 etiam
582 2439 805 2488 veteres
835 2448 1059 2487 errores
1092 2430 1310 2485 Aldinae
1342 2433 1441 2485 aut
1497 2429 1837 2484 Basiliensis
1896 2429 2022 2483 edi-

372 2524 552 2579 tionis
585 2540 617 2577 a
641 2521 802 2575 Billio
834 2521 1261 2593 praetermissos
1295 2519 1457 2573 novis
1489 2518 1783 2573 erroribus
1845 2520 2022 2572 corri-

375 2613 498 2684 git;
524 2616 587 2666 ut
618 2626 751 2665 cum
786 2626 914 2680 pag.
947 2609 1071 2672 342,
1108 2605 1292 2660 ἔθνους
1322 2627 1379 2659 τε
1423 2603 1681 2678 πλήρεις,
1732 2609 2023 2677 emendat,

373 2700 552 2761 ἔθνους
608 2720 665 2753 τε
722 2697 941 2772 πλήρης
1004 2698 1172 2770 quasi
1222 2694 1458 2770 πλήρης,
1517 2713 1649 2750 cum
1709 2712 1843 2750 voce
1901 2712 2024 2766 seq.

378 2784 612 2859 λέϐητας
648 2788 832 2861 possit
863 2803 1201 2858 congruere.
1237 2790 1375 2857 Pag.
1411 2786 1534 2855 370,
1596 2782 1830 2858 γοισΟέν,
1892 2782 2029 2853 legit

376 2897 476 2953 pro
504 2873 770 2947 ζηλωθὲν.
825 2879 962 2945 Pag.
1021 2876 1145 2940 334,
1206 2874 1514 2943 νικήσαντες,
1576 2874 1813 2944 corrigit
1868 2873 2029 2941 κινή-

376 2988 580 3033 σαντες,
616 2983 717 3039 pro
747 2965 1088 3033 κινήσαντος,
1133 2970 1307 3035 atque
1339 2964 1762 3018 absurditatem
1822 2978 2029 3018 sanare

379 3057 500 3112 vult
531 3055 911 3111 absurditate.
951 3058 1085 3124 Pag.
1118 3054 1242 3121 379,
1296 3052 1369 3111 ὡς
1395 3050 1486 3104 οὖν
1516 3054 1742 3125 νεκρῶν,
1804 3069 1906 3123 pro
1957 3048 2029 3110 ὡς

381 3144 463 3199 οὖ.
501 3161 629 3217 pag.
662 3145 785 3211 346,
841 3143 950 3215 legi
985 3142 1109 3197 vult
1150 3145 1227 3194 τῶ
1262 3141 1436 3209 Ἰωνᾷ,
1497 3158 1737 3213 prorsus
1797 3141 2027 3212 inepte;

2120 671 2187 709 ex
2236 656 2478 713 scholiis
2508 658 2842 714 Graecorum
2874 659 3099 727 Billius,
3133 665 3190 716 et
3221 662 3279 716 in
3311 662 3443 717 libri
3493 664 3583 718 sui
3618 681 3773 719 mar-

2119 744 2254 816 gine
2286 744 2651 815 adjunxerat,
2687 762 2751 803 eo
2784 748 3002 804 factum
3035 754 3142 816 est,
3174 754 3240 805 ut
3270 767 3385 804 non
3419 750 3593 806 modo
3646 769 3776 807 cor-

2122 834 2325 902 rigere,
2361 834 2460 890 sed
2495 836 2667 891 etiam
2700 853 2912 908 augere
2945 854 3006 893 se
3037 854 3210 909 posse
3276 838 3535 910 Gregorii
3596 840 3777 897 libros

2122 922 2445 978 autumarit
2474 925 2887 993 Montacutius,
2923 943 2989 981 ac
3020 927 3310 996 ejusmodi
3337 927 3697 999 glossemata
3720 929 3780 983 in

2120 1014 2345 1066 textum
2375 1011 2704 1081 inseruerit,
2740 1019 2803 1068 ut
2845 1015 3211 1070 ostendimus
3242 1015 3302 1070 in
3335 1033 3469 1088 pag.
3530 1016 3670 1084 45:2;
3725 1021 3782 1071 et

2123 1105 2322 1155 contra
2360 1118 2428 1155 ex
2456 1102 2710 1172 genuino
2742 1107 2898 1157 textu
2924 1104 3191 1173 quaedam
3232 1108 3451 1159 temere
3481 1106 3778 1176 expunxit.

2122 1193 2405 1259 tanquam
2430 1188 2804 1261 glossemata,
2834 1208 2960 1260 quae
2976 1191 3145 1262 plane
3171 1198 3310 1247 sunt
3331 1194 3684 1260 necessaria,
3707 1190 3779 1246 ὧν

2126 1274 2247 1329 ἄνευ
2275 1275 2336 1329 οὐ
2359 1276 2422 1330 τὸ
2450 1276 2526 1349 εὗ,
2560 1294 2664 1333 ceu
2697 1279 2881 1351 liquet
2937 1296 3007 1334 ex
3038 1281 3191 1335 notis
3239 1280 3299 1335 in
3349 1298 3485 1353 pag.
3522 1284 3648 1336 212.
3682 1282 3786 1338 Fa-

2126 1368 2280 1417 tetur
2308 1380 2460 1434 saepe
2492 1364 2962 1435 quamplurimos
2995 1366 3393 1437 typographiae
3435 1384 3661 1423 errores
3711 1385 3782 1423 ex

2129 1451 2437 1508 collatione
2469 1469 2601 1507 cum
2648 1453 2795 1507 Billii
2831 1453 3026 1508 Latino
3079 1460 3238 1509 textu
3297 1457 3506 1528 corrigi
3564 1474 3781 1528 posse:

2128 1547 2385 1596 attamen
2419 1543 2693 1597 notandis
2747 1539 3221 1616 leic-couepéo-tam
3279 1561 3347 1598 ex
3432 1551 3785 1601 accentuum

2130 1645 2196 1683 ac
2239 1629 2578 1701 spirituum,
2613 1630 3056 1703 incisorumque
3112 1633 3432 1689 emissione
3490 1651 3589 1689 seu
3649 1653 3789 1704 παρ-

2134 1718 2319 1791 οράσει
2345 1717 2589 1790 paginas
2626 1718 2919 1791 impendit
2956 1724 3137 1777 totas:
3164 1738 3297 1776 cum
3332 1721 3515 1793 ipsius
3552 1722 3787 1777 interim

2132 1812 2280 1861 notae
2341 1807 2540 1879 Augiae
2572 1807 2805 1863 stabulo
2838 1807 3082 1879 similes,
3117 1812 3197 1864 ita
3255 1811 3484 1866 mendis
3503 1815 3791 1878 scateant,

2131 1900 2196 1950 ut
2224 1896 2317 1950 vix
2342 1912 2459 1950 una
2488 1897 2584 1963 sit,
2617 1897 2675 1951 in
2707 1914 2824 1967 qua
2883 1899 3083 1953 decem
3142 1897 3228 1953 vel
3274 1899 3583 1955 duodecim
3646 1916 3793 1971 pue-

2133 1983 2267 2040 riles
2290 1982 2491 2057 lapsus
2516 2002 2631 2040 non
2659 1992 2988 2041 occurrant.
3022 1988 3303 2042 Sexcenta
3333 2004 3643 2060 possemus
3667 1988 3795 2044 loca

2132 2075 2388 2146 proferre
2416 2074 2561 2130 falso
2586 2092 2655 2129 ex
2684 2076 2998 2143 (iabrielio,
3045 2075 3326 2147 Billioque
3375 2083 3431 2133 et
3452 2077 3647 2149 Regiis
3705 2094 3794 2132 co-

2132 2162 2358 2219 dicibus
2396 2163 2641 2235 prolata,
2674 2165 2759 2219 vel
2791 2166 2967 2220 etiam
3025 2182 3092 2221 ex
3149 2165 3457 2221 Basiliensi
3514 2167 3792 2234 editione,

2133 2270 2256 2325 qua:
2274 2270 2562 2325 nusquam
2577 2251 2634 2307 in
2660 2253 2777 2308 illis
2796 2258 3013 2324 posunt
3054 2254 3587 2327 inveniri,denique
3605 2252 3791 2309 ἄλλων

2135 2339 2316 2414 ἰατρὸς
2347 2337 2506 2401 αὐτὸς
2540 2333 2721 2394 ἕλκεσι
2757 2339 2957 2415 βρύων.
2989 2341 3118 2397 Jam
3151 2342 3477 2398 calumnias
3510 2344 3637 2413 ejus
3662 2346 3794 2415 quis

2133 2430 2472 2485 enumeret?
2504 2447 2637 2485 cum
2671 2447 2737 2485 ea
2768 2448 2895 2502 qua}
2922 2433 3152 2486 fuerant
3183 2449 3215 2486 a
3239 2431 3399 2486 Billio
3425 2431 3618 2487 delata
3634 2433 3801 2488 ﬁnxit

2136 2537 2168 2574 a
2200 2517 2368 2574 nobis
2404 2535 2591 2586 erosa,
2624 2526 2689 2573 ut
2720 2535 2851 2589 pag.
2882 2520 3006 2585 359,
3041 2537 3097 2590 p.
3129 2520 3257 2588 2l2,
3314 2518 3405 2580 Τίς
3475 2518 3700 2592 ἐκκόψει
3733 2520 3795 2573 τὸ

2134 2607 2353 2679 κέντρον
2386 2601 2551 2674 τῆσδε
2583 2600 2848 2674 διαϐολῆς
2876 2626 2888 2674 ;

2209 2698 2324 2752 Hoc
2354 2698 2640 2751 duntaxat
2670 2697 2809 2768 agit,
2855 2703 2919 2751 ut
2971 2702 3229 2752 nostram
3296 2698 3444 2753 hanc
3508 2698 3796 2754 Parisien-

2138 2804 2261 2841 sem
2295 2787 2610 2841 editionem
2646 2786 2788 2841 l‘also
2820 2791 3101 2856 tanquam
3137 2788 3481 2842 mendosam
3516 2794 3790 2843 accuset:

2138 2876 2371 2931 tametsi
2406 2874 2549 2929 nihil
2583 2874 2695 2929 tale
2727 2876 2784 2928 in
2819 2892 2885 2929 ea
2917 2876 3256 2953 reperiatur,
3291 2876 3608 2947 qualeipse
3639 2893 3795 2931 som-

2140 2966 2297 3021 niat:
2338 2987 2363 3013 ‹‹
2386 2964 2498 3020 Nec
2524 2970 2715 3019 mente
2736 2963 3084 3031 innocens,»
3112 2970 3177 3019 ut
3201 2971 3264 3019 υ.
3290 2966 3637 3020 Ambrosius
3657 2968 3801 3020 scri-

2138 3055 2247 3122 bit,
2265 3075 2291 3103 ‹‹
2318 3060 2373 3108 et
2397 3071 2575 3108 manu
2622 3052 2881 3108 feralis.»
2909 3053 3147 3107 Interim
3169 3054 3377 3125 cymba
3391 3053 3804 3125 ηοειτεικύμασι

2141 3146 2551 3216 συκοφαντικοῖς
2584 3142 2801 3214 agitata
2832 3147 3095 3197 ﬂuctuat.
3139 3144 3251 3197 Sed
3288 3142 3407 3198 haec
3466 3142 3799 3215 sigillatim,

380 3235 511 3308 quis
563 3235 716 3288 enim
770 3250 983 3288 sensus
1039 3237 1213 3301 esset,
1268 3228 1471 3304 ἔπασχε
1522 3234 1600 3282 τῶ
1631 3224 1805 3283 ’1ὦνᾶἱ.
1842 3230 2027 3285 Etiam
2060 3253 2102 3318 ρ
2142 3232 2323 3287 lector
2354 3230 2712 3302 aequissime,
2746 3247 2814 3285 ex
2847 3238 3117 3286 notarum
3150 3236 3485 3286 nostrarum
3546 3230 3798 3287 lectione

377 3326 443 3378 ri
485 3328 585 3391 τῆς
629 3326 1019 3397 γραμματικῆς
1052 3321 1386 3393 ignorarese
1417 3319 1691 3387 ostendit,
1726 3337 1858 3373 cum
1894 3336 2024 3391 pag.

409 3416 499 3478 5i,
535 3413 811 3467 emendat
866 3407 1111 3478 ἐδύνατο,
1147 3411 1313 3481 quasi
1377 3410 1723 3463 mendosum
1765 3414 1919 3464 esset
1968 3407 2028 3459 τὸ

302 3518 321 3530 ὀ
376 3500 633 3571 ἠδύνατο,
676 3500 890 3571 duplici
952 3504 1286 3571 augmento,
1330 3515 1432 3570 per
1488 3498 1880 3553 Atticismum.
1938 3502 2028 3556 Τις

381 3588 635 3666 tappetia:
684 3587 861 3658 τούτῳ
915 3586 974 3640 τό
1003 3586 1207 3657 arbita;
1263 3586 1716 3641 Emendationes
1756 3602 1926 3656 porro
1976 3591 2033 3640 et

383 3680 569 3735 varias
599 3678 878 3734 lectiones
926 3694 995 3731 ex
1031 3676 1129 3731 lib.
1188 3675 1341 3730 Billii
1404 3674 1547 3731 falso
1609 3690 2032 3747 perperamque

387 3769 643 3841 profert:
700 3772 763 3821 ut
793 3782 924 3838 pag.
969 3767 1094 3832 597,
1138 3762 1430 3837 ἐπανάγοις
1488 3762 1600 3835 legi
1641 3762 1872 3827 asserit,
1932 3764 2030 3817 ubi

385 3859 667 3930 scriptum
730 3860 820 3911 est
870 3850 1157 3926 διεξάγοις·
1212 3854 1375 3926 atqui
1422 3853 1521 3908 illa
1578 3853 1854 3908 correctio
1913 3850 2031 3906 Bil-

383 3948 558 4015 liana,
592 3939 886 4017 ἔπάνάγοις
919 3947 1007 3998 est
1047 3944 1344 3998 referenda
1376 3944 1445 3997 ad
1476 3942 1577 3996 lin.
1613 3943 1669 3997 d.
1714 3959 1761 3997 c.
1819 3942 1872 4007 2,
1934 3940 2033 3997 ubi

373 4036 675 4108 legebatur
706 4035 763 4089 in
799 4031 971 4099 Basil,
1007 4031 1256 4106 ἀπαγοις,
1304 4035 1362 4086 et
1391 4030 1640 4086 correxit
1690 4029 1888 4085 Billius
1940 4026 2033 4082 ἐπ-

2141 3321 2375 3392 penitus
2404 3336 2739 3391 cognosces.
2780 3318 2969 3374 Unum
3016 3318 3160 3375 illud
3220 3320 3458 3389 addam,
3510 3336 3646 3374 cum
3707 3319 3807 3376 ille

2142 3409 2307 3464 nobis
2340 3408 2584 3480 Epicteti
2616 3408 2917 3463 lucernam
2952 3409 3278 3479 exprobret,
3305 3411 3440 3480 jure
3472 3426 3579 3464 nos
3637 3424 3810 3480 posse

2140 3497 2413 3568 Diogenis
2446 3497 2642 3568 potius
2675 3496 2971 3552 lucernam
3006 3514 3327 3565 assumere,
3387 3502 3449 3551 ut
3505 3498 3807 3553 hominem

2142 3587 2200 3641 in
2234 3588 2362 3655 ejus
2396 3586 2638 3657 scriptis.
2663 3602 3031 3656 quaeramus:
3068 3584 3213 3639 nihil
3262 3586 3417 3639 enim
3452 3586 3506 3638 in
3543 3586 3635 3641 his
3697 3587 3801 3640 hu-

2144 3674 2465 3739 manitatis,
2502 3672 2647 3728 nihil
2691 3671 2979 3733 ἐπιεικείας
3038 3674 3324 3739 occurrit;
3389 3690 3523 3728 cum
3582 3673 3672 3729 vel
3732 3673 3812 3729 le‘

2142 3763 2387 3817 vissima
2417 3758 2727 3835 σφάλματα,
2782 3767 3063 3832 tanquam
3089 3771 3356 3819 monstra
3386 3763 3655 3834 quaedam
3698 3763 3808 3817 ob—

2144 3852 2532 3921 stupesceudo
2565 3852 2909 3917 detestetur,
2935 3857 2991 3905 et
3039 3868 3108 3906 ex
3161 3867 3365 3906 musca
3420 3853 3622 3923 gignat
3690 3852 3808 3907 ele-

2146 3941 2455 4011 phantum.

1383 4343 1905 4429 EJUSDEM
1975 4344 2221 4429 FED.
2300 4342 2817 4430 MOItELLI

1866 4522 2285 4582 PHALEUCll
2299 4566 2313 4579 .

1430 4813 1692 4875 Paulum
1722 4812 2097 4891 Christigeni
2126 4813 2335 4890 gregis
2364 4828 2728 4891 supremum

1443 4898 1762 4955 Pastorem
1793 4895 1855 4952 in
1885 4895 2182 4953 cathedra
2220 4894 2382 4952 Petri
2410 4894 2753 4965 sedentem,

1444 4977 1670 5053 lugens
1702 4975 2064 5051 Gregoriu',
2114 4974 2303 5033 decus
2334 4973 2692 5052 Pelasgum,

1456 5056 1726 5116 Antistes
1758 5058 1897 5132 pius
1928 5054 2031 5114 ille
2061 5053 2378 5122 Nazianzi,

1446 5138 1683 5196 Roman
1733 5135 1983 5195 Parisiis
2017 5143 2227 5214 petens
2272 5132 2529 5206 relictis,

1438 5219 1511 5276 Et
1540 5218 1725 5275 Graio
1757 5216 2085 5275 decoratus
2115 5222 2177 5275 et
2210 5214 2429 5273 Latino

1437 5297 1620 5357 Cultu
1652 5296 1832 5356 laetus
1860 5296 2015 5371 adit,
2049 5295 2305 5368 salutat,
2338 5301 2477 5353 orat

1433 5377 1514 5439 Ut
1551 5385 1746 5436 ttoma
1774 5376 2141 5436 ineolumini
2169 5382 2291 5434 stet
2319 5375 2449 5452 ipse
2481 5380 2776 5453 utraque,

1435 5457 1617 5516 Casta
1648 5474 1715 5516 ut
1744 5457 1973 5536 scripta
2005 5456 2296 5534 legentur
2327 5455 2476 5514 orbe
2496 5462 2628 5515 toto
