4110 6418
302 417 422 479 367

1533 414 2027 478 MONTACUTII
2070 414 2511 475 PREFATIO.

3619 423 3740 482 368

399 718 924 765 REVERENDISSIKO
982 717 1044 761 IN
1086 719 1339 764 CHRISTO
1384 718 1555 762 PATRI
1598 718 1672 761 AC
1717 715 1967 771 DOHINO,
2015 716 2240 760 DOIINO
2286 716 2615 769 RICHABDO,
2666 716 3109 762 CANTUABIENSI
3153 719 3647 777 ARCBIEPISCOPO,

1322 799 1532 843 TOTIUS
1575 797 1788 843 ANGLJE
1832 797 2081 841 PRIIATI
2126 797 2198 840 ET
2241 796 2760 843 ιιΕΤιιοΡοιιτΑΝο.

1513 943 1618 1012 (Ex
1648 942 1800 998 Edit.
1826 941 2145 997 Montacut.
2170 940 2366 995 Etonaa
2399 939 2588 1006 4640.)

369 1299 759 1370 Antiquorum
808 1299 1074 1356 Ecclesiae
1127 1300 1364 1355 Patrum
1397 1301 1617 1371 scripta
1672 1300 1851 1371 (quod
1894 1303 1956 1354 tu
1988 1305 2042 1370 Α
2074 1298 2133 1352 in
2160 1299 2432 1370 squalore
2464 1300 2777 1370 despectus
2810 1302 3018 1371 jaceat.
3070 1303 3236 1357 Anno
3282 1302 3586 1356 ediderunt
3616 1302 3728 1359 Na-

297 1386 540 1443 minime
570 1386 824 1457 ignoras,
857 1388 1346 1444 revevendissime
1377 1390 1563 1457 Pater)
1589 1387 1839 1443 multum
1866 1388 1954 1441 in-

294 1476 497 1531 tererit
516 1476 599 1531 rei
628 1476 993 1545 Christiana,
1010 1495 1188 1550 quam
1203 1478 1687 1533 emendatissima
1710 1477 1957 1532 circum-

295 1565 451 1621 ferri.
487 1565 657 1632 Nam,
690 1573 744 1621 et
792 1565 844 1619 οἱ
902 1564 951 1635 ἐξ
1011 1563 1249 1626 ἐναντίας
1310 1566 1510 1622 Patres
1568 1572 1827 1638 crepant,
1892 1570 1957 1620 ut

287 1654 522 1726 juratos
545 1654 606 1709 in
638 1671 878 1710 causam
909 1672 1080 1711 suam
1112 1661 1311 1724 testes,
1344 1661 1400 1711 et
1431 1657 1501 1711 ad
1534 1656 1756 1723 Patres,
1789 1659 1851 1709 ut
1882 1655 1953 1709 ad

296 1759 642 1814 supremum
672 1743 951 1811 tribunal,
987 1761 1217 1816 semper
1240 1744 1295 1799 in
1315 1744 1477 1799 omni
1507 1744 1830 1815 quaestione
1861 1760 1953 1797 so-

295 1830 421 1886 lent
448 1848 793 1904 provocare:
824 1838 885 1889 et
912 1850 1018 1889 nos
1049 1833 1296 1889 libenter
1326 1834 1385 1888 in
1438 1833 1828 1889 controversis
1853 1833 1955 1887 do-

298 1920 619 1993 gmatibus,
650 1939 749 1978 eos
780 1922 946 1978 facile
977 1923 1350 1979 admittimus
1392 1923 1747 1978 diribitores.
1808 1922 1954 1976 Nam

298 2014 440 2065 sunt
468 2010 767 2081 religionis
799 2011 1142 2067 Christianae
1172 2018 1479 2084 ’proceres,
1541 2011 1817 2067 doctrinm
1868 2026 1954 2066 re-

297 2098 499 2154 velatis
533 2100 951 2171 promi-condi,
984 2118 1161 2172 quam
1195 2102 1267 2156 ab
1300 2100 1581 2171 apostolis
1612 2100 1956 2166 derivatam,

302 2193 581 2259 perpetua
601 2188 765 2259 praxi
796 2189 1203 2245 conﬁrmatam
1254 2191 1324 2245 ad
1353 2195 1553 2245 nostra
1584 2206 1772 2261 usque
1806 2195 1956 2244 tem-

305 2292 448 2347 pora
478 2277 957 2333 transmiserunt.
980 2279 1279 2346 Quocirca,
1315 2295 1435 2333 rem
1466 2278 1610 2350 ipsis
1642 2276 1955 2350 gloriosam

307 2366 421 2420 Deo
454 2373 774 2437 procurant
824 2367 1278 2439 perplacentem,
1312 2366 1642 2438 reipublicae
1667 2365 1867 2421 utilem
1902 2370 1960 2420 et

302 2455 600 2510 communi
632 2472 842 2523 causas,
876 2456 976 2527 qui
1003 2456 1063 2511 in
1085 2456 1417 2512 evolvendis
1442 2460 1677 2510 Patrum
1702 2454 1959 2525 scriptis,

300 2548 472 2614 atque
494 2544 612 2601 illis
632 2544 1051 2613 emaculandis,
1076 2549 1133 2601 et
1155 2562 1309 2600 nunc
1331 2550 1386 2600 et
1419 2544 1559 2601 olim
1590 2544 1960 2600 desudarunt

298 2632 421 2696 Quo
443 2632 683 2705 quidem
706 2634 765 2688 in
796 2650 1010 2706 genere
1034 2634 1220 2706 prima
1250 2634 1379 2690 laus
1406 2635 1651 2689 debetur
1680 2633 1956 2689 illustris-

301 2724 451 2777 simo
479 2727 536 2777 et
579 2722 919 2779 doctissimo
951 2722 1017 2779 D.
1052 2722 1289 2789 Savilio,
1323 2722 1422 2793 qui
1457 2738 1694 2777 summa
1752 2722 1865 2776 fide
1904 2724 1961 2776 et

299 2810 627 2882 diligentia,
704 2810 902 2867 labore
960 2811 1135 2867 etiam
1189 2812 1503 2877 indefesso,
1565 2808 1959 2883 Chrysostomi

300 2898 540 2970 scripta,
573 2903 861 2971 quotquot
890 2900 1088 2956 haberi
1107 2904 1356 2973 possunt
1385 2900 1597 2966 Graace,
1631 2899 1960 2954 innumeris

304 2987 366 3042 in
398 2987 541 3043 locis
573 2989 838 3057 correxit,
873 2989 1185 3061 supplevit,
1218 2989 1556 3045 elucidavit.
1593 2988 1962 3043 Conﬁdenter

309 3077 462 3143 dico,
509 3076 929 3133 revendissime
960 3076 1226 3147 Domine,
1277 3083 1412 3149 post
1465 3078 1764 3132 inventam
1794 3080 1961 3148 typo-

308 3164 818 3236 graphiam,nemo
838 3169 1097 3220 veterum
1114 3171 1214 3221 aut
1237 3166 1555 3221 recentium
1584 3165 1961 3236 scriptorum,

306 3258 474 3309 tanta
508 3253 619 3308 fide
651 3259 708 3309 et
741 3252 1041 3326 religione,
1084 3260 1203 3309 tam
1239 3254 1584 3322 emaculate,
1646 3254 1706 3308 in
1750 3270 1963 3308 manus

308 3342 617 3397 hominum
652 3342 866 3414 prodiit
895 3360 1073 3414 quam
1102 3344 1358 3415 prodibit
1387 3344 1541 3414 apud
1558 3360 1663 3398 nos
1685 3343 1712 3396 ὁ
1734 3339 1965 3417 χρυσορ-

310 3428 529 3504 ῥήμων.
578 3430 817 3487 Interim
858 3448 1013 3499 vero,
1038 3432 1180 3486 dum
1214 3438 1459 3504 urgetur
1483 3448 1658 3503 opus,
1690 3431 1846 3503 quod
1892 3430 1961 3485 ad

306 3519 547 3574 tertium
571 3521 696 3590 jam
754 3520 1040 3591 processit
1072 3526 1281 3588 totum,
1314 3518 1404 3573 καὶ
1438 3518 1529 3573 σὺν
1592 3523 1709 3590 Θεῷ
1770 3517 1962 3583 εἰπεῖν,

306 3608 379 3665 ad
411 3608 729 3679 septimum
765 3610 1035 3681 procedet
1066 3615 1167 3665 aut
1198 3614 1489 3678 octavum,
1552 3607 1823 3682 praeludit
1879 3607 1965 3662 illi

306 3697 727 3765 Nazianzenus,
777 3698 1171 3755 mellitissimo
1221 3699 1491 3770 scriptori
1542 3703 1738 3754 orator
1792 3698 1963 3753 vehe-

309 3801 500 3852 mens,
535 3790 591 3840 et
620 3785 953 3841 Graecorum
983 3786 1219 3842 Patrum
1265 3783 1812 3863 μεγαλοφωνότατος.
1872 3786 1966 3841 Sic

308 3874 465 3929 enim
495 3874 683 3929 solent
710 3874 763 3927 οἱ
792 3872 1118 3948 ἑστιάτορες,
1179 3876 1453 3931 convivas
1501 3875 1757 3931 bellariis
1816 3874 1970 3930 invi-

311 3967 458 4032 tare,
474 3963 616 4017 dum
637 3962 915 4020 lautiores
934 3964 1122 4036 epulae
1142 3968 1522 4036 apparentur.
1542 3963 1821 4019 Praaludit
1841 3963 1971 4034 qui-

313 4052 468 4118 dem,
507 4068 610 4108 nec
662 4052 879 4123 injuria
908 4070 920 4109 :
954 4053 1144 4108 fuerat
1167 4054 1226 4107 in
1260 4054 1599 4125 episcopatu
1640 4057 1976 4109 antecessor
2005 4038 2049 4103 C

314 4142 413 4211 qui
447 4146 537 4196 est
567 4141 637 4195 ad
670 4139 880 4213 vulgus
914 4141 1312 4198 anteambulo.
1372 4143 1487 4198 Nec
1544 4143 1604 4198 in
1665 4143 1973 4198 ferendum

312 4228 493 4284 videri
526 4229 729 4301 possit,
775 4235 839 4284 ut
867 4247 898 4285 e
924 4231 1155 4287 duobus
1208 4231 1500 4304 episcopis
1561 4232 1976 4287 Constantino-

311 4316 612 4389 politanis,
646 4317 792 4373 alter
820 4322 1064 4375 ornatus
1090 4320 1174 4375 sic
1204 4325 1263 4376 et
1291 4320 1557 4377 excultus
1596 4323 1786 4390 abeat,
1830 4318 1978 4375 alter

2067 1388 2409 1443 sianzenum
2475 1389 2831 1445 Parisienses
2886 1390 3404 1458 Latino-Graecum,
3466 1391 3567 1446 sed
3625 1408 3730 1445 nec

2066 1476 2384 1547 integrum,
2417 1483 2473 1532 et
2504 1478 2776 1549 plurimis
2808 1480 3038 1535 mendis
3072 1496 3174 1551 per
3235 1496 3512 1534 summan
3546 1480 3731 1551 negli-

2066 1567 2325 1637 gentiam
2357 1567 2771 1622 del‘ormatum.
2824 1571 3062 1635 Actum,
3096 1570 3249 1639 quod
3286 1570 3519 1639 dicitur,
3546 1568 3733 1624 nolui-

2066 1670 2200 1709 mus
2231 1672 2421 1727 agere,
2455 1660 2511 1710 et
2558 1656 2967 1727 castigationes
3016 1657 3181 1713 valde
3239 1658 3600 1713 necessarias
3659 1674 3731 1713 ex

2068 1743 2270 1797 multis
2324 1744 2682 1799 membranis
2731 1744 3002 1800 collectas
3062 1746 3117 1800 in
3178 1762 3384 1801 omnes
3438 1747 3731 1801 orationes

2071 1832 2302 1887 edimus
2334 1838 2389 1887 et
2414 1832 2712 1904 epistolas,
2733 1832 2947 1904 quibus
2972 1834 3168 1907 Augize
3201 1835 3496 1889 stabulum
3527 1852 3733 1908 purga-

2064 1920 2279 1989 vimus,
2305 1926 2363 1976 et
2392 1921 2670 1993 Gregorio
2723 1923 2970 1977 nitorem
3036 1923 3426 1979 restituimus.
3486 1927 3730 1978 Praeter-

2066 2008 2252 2064 missa
2296 2010 2555 2064 nonnula
2595 2008 3023 2081 supplevimus,
3079 2012 3269 2067 adhuc
3331 2012 3564 2083 publice
3614 2029 3731 2067 non

2066 2097 2220 2153 visa:
2248 2103 2305 2152 et
2340 2097 2468 2153 illas
2500 2100 2560 2152 in
2588 2100 2879 2154 Iulianum
2924 2101 3262 2167 invectivas,
3320 2101 3472 2157 inter
3528 2117 3735 2157 omnes

2066 2187 2359 2243 orationes
2389 2186 2836 2262 κορυφαιοτάτοις,
2862 2206 2979 2260 qua
3011 2207 3043 2244 a
3067 2190 3291 2257 Nonno,
3354 2207 3471 2260 qua
3500 2207 3533 2244 a
3563 2192 3734 2245 scho-

2067 2274 2268 2331 liastre
2297 2282 2489 2331 vetere
2520 2281 2576 2331 et
2608 2278 2834 2332 erudito
2866 2279 3212 2345 ornatiores,
3265 2295 3383 2350 qua
3413 2296 3445 2334 a
3503 2280 3732 2333 mendis

2071 2364 2397 2420 innumeris
2429 2366 2809 2421 correctiores
2843 2366 3030 2421 multo
3084 2384 3259 2438 quam
3292 2374 3422 2423 ante
3476 2369 3730 2436 fuerant,

2068 2454 2413 2510 emittimus.
2433 2454 2548 2509 Hoc
2566 2456 2852 2526 quidquid
2877 2461 2964 2510 est
2986 2455 3735 2527 oppellzs,reverendissime

2072 2543 2256 2606 Pater,
2290 2542 2401 2597 sub
2424 2546 2523 2597 tuo
2550 2543 2806 2609 nomine,
2842 2544 2949 2598 sub
2986 2544 3102 2598 tuis
3135 2545 3415 2616 auspiciis
3450 2545 3506 2599 in
3539 2545 3729 2601 lucem

2073 2631 2284 2703 prodit.
2322 2632 2467 2687 Nam
2501 2631 2548 2687 si
2591 2632 2728 2703 quid
2763 2632 2821 2686 in
2856 2632 2965 2688 hoc
2995 2650 3205 2705 genere
3252 2633 3605 2701 elaboratur,
3652 2636 3705 2688 vi

2069 2720 2224 2775 deris
2256 2720 2359 2773 tibi
2386 2721 2522 2791 jure
2552 2720 2865 2790 vindicare,
2901 2722 2991 2775 cui
3028 2721 3262 2794 nos,qui
3294 2740 3503 2778 sumus
3531 2722 3731 2796 {sparti-

2068 2812 2167 2861 κοῦ
2203 2808 2491 2882 βήματος(
2525 2827 2657 2864 cum
2692 2809 2818 2881 ipso
2861 2810 3067 2880 loquor
3096 2810 3477 2885 Nazianzeno)
3538 2829 3644 2868 nos
3678 2818 3735 2867 et

2072 2904 2273 2953 nostra
2303 2900 2683 2970 comprobare
2700 2897 2834 2951 κατὰ
2870 2899 3115 2972 μεγάλην
3148 2898 3376 2969 ἐντολήν
3402 2902 3738 2974 obligamur

2072 2987 3078 3053 Deinde,videbaturconsentaneum
3097 2990 3243 3044 utad
3260 2990 3734 3061 archipraesulem

2075 3075 2305 3130 festinet
2325 3076 2821 3147 archiepiscopus,
2847 3079 3181 3149 Gregorius,
3210 3079 3401 3133 dicam
3427 3080 3627 3144 libere,
3664 3080 3736 3134 ad

2026 3196 2031 3199 -
2072 3165 2682 3235 Gregorium.Quodsi
2705 3171 2760 3220 et
2784 3165 3177 3221 locuminillo
3222 3174 3323 3223 tuo
3358 3168 3737 3242 ροντιστηρίῳ,

2072 3253 2536 3308 instructissima
2562 3270 2744 3324 quam
2769 3255 3019 3309 adornas
3039 3254 3409 3312 bibliotheca.
3436 3257 3736 3313 Nazianze-

2074 3358 2186 3396 nus
2207 3342 2299 3395 hic
2315 3342 2822 3409 nostersortiatur,
2844 3343 3127 3398 necillum
3146 3346 3387 3416 pudebit
3406 3348 3478 3401 ab
3496 3346 3733 3400 homine

2077 3446 2224 3484 nova
2252 3431 2694 3498 transiisse,nec
2718 3431 2872 3487 hunc
2896 3433 2952 3486 in
2976 3434 3299 3503 posterium
3333 3435 3637 3507 pmnitebit
3669 3451 3731 3490 se

2075 3535 2332 3589 suosque
2363 3519 2589 3574 labores
2620 3519 2679 3573 in
2712 3520 2819 3575 hac
2852 3526 3016 3593 parte
3064 3522 3334 3579 Ecclesiae
3365 3540 3725 3579 consecrare.

2074 3608 2236 3672 Quod
2268 3616 2556 3679 superset,
2592 3608 2619 3661 ὁ
2655 3607 2824 3682 μέγας
2868 3608 3310 3683 μητροπολίτης,
3370 3618 3426 3668 et
3475 3629 3727 3685 magnus

2077 3696 2259 3751 totius
2291 3697 2449 3752 orbis
2476 3698 2826 3769 patriarcha,
2863 3699 3204 3771 unigenitus
3229 3701 3329 3756 Dei
3358 3702 3531 3757 Jesus
3568 3703 3736 3756 Chri-

2078 3789 2205 3840 stus
2237 3792 2509 3842 vestram.
2548 3787 3073 3853 Reverendissime,
3109 3791 3543 3861 paternitatem,
3605 3792 3737 3846 diu-

2078 3874 2309 3930 tissime
2339 3875 2629 3940 Ecclesiae,
2662 3881 2717 3931 et
2778 3876 2947 3932 bonis
2989 3879 3267 3935 omnibus
3326 3885 3626 3936 conservet
3683 3886 3742 3936 et

2078 3966 2333 4019 tueatur.

2337 4088 2856 4145 Reverendissimm
2888 4090 3101 4146 Vestrae
3134 4091 3496 4149 Paternitati.

2515 4178 2819 4235 humiliter
2838 4180 3245 4235 deditissimus

2944 4323 3261 4379 messapus
3293 4324 3592 4382 MONTAGU.

1581 4624 1719 4706 AD
1793 4620 2255 4707 LEC'I‘Oli
2274 4621 2469 4706 ΕΜ.

1526 4799 1630 4870 (Ex
1660 4798 1807 4853 Edit.
1844 4796 2193 4853 Montacutii
2225 4796 2427 4851 Etonae
2457 4793 2640 4864 4610).

387 5110 705 5170 Invectivas
724 5113 901 5171 hasce
930 5113 1078 5168 duas
1108 5113 1402 5169 orationes
1440 5113 1540 5181 τὴν
1597 5110 1693 5165 τοῦ
1725 5110 1961 5170 Ἰουλια-

2078 5111 2370 5184 amplius:
2406 5114 2470 5163 D.
2518 5109 2793 5176 Savilius,
2826 5109 2854 5163 ὁ
2913 5109 3074 5177 πάνυ,
3132 5116 3198 5167 ut
3247 5118 3338 5170 est
3397 5116 3468 5170 de
3526 5117 3743 5177 litteris

310 5199 409 5251 νοῦ
452 5194 729 5255 πολιτείαν
788 5197 1235 5271 στηλιτευούσας,
1292 5201 1421 5266 tibi,
1466 5200 1545 5255 mi
1601 5201 1805 5268 lector,
1863 5218 1959 5259 se-

301 5285 558 5357 junctim
589 5288 802 5358 Greece,
834 5306 968 5345 cum
996 5289 1238 5346 scholiis
1284 5289 1523 5358 Graecis,
1555 5296 1613 5345 et
1661 5290 1963 5346 nonnullis

306 5372 573 5444 ejusdem
601 5375 861 5447 Gregorii
907 5371 1212 5436 ἀνεκδότοις
1244 5376 1612 5433 exhibemus.
1646 5378 1793 5434 Nam
1824 5395 1960 5434 cum

306 5460 654 5517 Nazianzeni
680 5479 857 5533 opera
885 5465 1135 5520 revocari
1169 5467 1279 5521 sub
1313 5465 1472 5537 prelo
1503 5466 1875 5537 correctiora,
1908 5471 1965 5522 et

305 5548 592 5605 studiosis
619 5550 970 5606 conduceret
997 5557 1054 5607 et
1092 5553 1335 5617 auctori,
1370 5554 1524 5624 quod
1555 5560 1614 5611 et
1650 5555 1752 5611 illa
1783 5556 1962 5612 editio

306 5635 663 5693 Basileensis
692 5637 1167 5705 depravatissime
1199 5642 1531 5714 prodiisset,
1559 5648 1736 5716 atque
1784 5646 1963 5701 etiam

311 5721 616 5779 distractis
631 5722 1059 5794 exemplaribus
1077 5727 1232 5799 apud
1251 5730 1516 5788 ofﬁcinas
1537 5750 1653 5790 non
1673 5738 1966 5806 prostaret

2070 5200 2289 5272 optime
2320 5198 2589 5263 meritus,
2615 5198 2685 5254 de
2725 5199 2977 5255 editione
3017 5206 3271 5272 coeperat
3327 5203 3607 5276 cogitare.
3672 5208 3746 5264 Et

2079 5290 2331 5361 quidem
2373 5292 2501 5360 post
2557 5286 3043 5361 Chryeostomum
3089 5289 3180 5343 τὸν
3210 5289 3743 5370 πολυγραφώτατον,

2077 5394 2253 5450 quem
2274 5378 2506 5451 magnis
2528 5377 2816 5451 impensis
2834 5394 2937 5450 per
2966 5394 3172 5435 omnes
3201 5379 3580 5441 bibliothecas
3612 5402 3741 5458 per-

2076 5467 2468 5537 quisitum,ad
2498 5469 2736 5524 tertium
2755 5467 2881 5538 jam
2913 5471 3143 5523 tomum
3168 5469 3423 5540 subjecit
3449 5473 3631 5545 prelo,
3666 5477 3739 5531 ad

2075 5554 2227 5611 hanc
2275 5558 2639 5627 provinciam
2671 5556 3066 5613 exornandam
3098 5557 3481 5633 undiquaque
3512 5564 3737 5620 accive-

2074 5648 2167 5699 rat
2195 5645 2571 5714 adjumenta:
2605 5647 2705 5703 sed
2738 5644 3053 5701 intervenit
3089 5645 3212 5701 haec
3241 5650 3524 5721 cogitanti
3555 5653 3735 5710 editio

2076 5749 2301 5805 nupera
2340 5734 2803 5805 Latino-Graeca,
2833 5732 3315 5794 aParisiensibus
3349 5741 3734 5815 typograpbis
