2055 3201
125 3174 169 3183 ,ιι

641 189 825 220 GILBERTI
847 189 1099 220 GENEBRARDI
1122 188 1247 220 EPIST.
1270 190 1454 222 DEDICAT.

1844 192 1906 224 3‘10

189 256 322 294 specioso
338 255 522 292 frontispicio
539 255 730 288 lemniscata;
746 256 794 292 qui
821 255 893 283 nihil
919 256 1017 284 minus
1032 257 1060 289 Α
1076 256 1131 284 bus
1146 256 1259 292 Billius,
1276 257 1311 284 ad
1329 258 1376 285 sui
1390 257 1458 285 libri
1474 258 1639 294 marginem
1655 259 1854 293 adnotaverat,
1871 268 1906 288 ex

190 303 334 339 praestant
347 308 438 336 quam
456 299 642 335 pollicentur.
658 300 813 328 Habebant
829 301 1021 335 fortasse,ha-

190 346 259 375 bere
289 353 361 373 sane
389 346 533 380 poterant,
565 344 680 380 Regios,
720 345 873 380 Regineos,
912 345 1020 372 Petavii

191 390 296 423 libros,
326 388 430 425 Syrleti
458 388 583 423 Thuani,
611 389 746 424 Vaquerii
762 389 893 422 codices;
911 389 972 421 sed,
990 390 1022 416 ut

192 434 242 462 ille
266 434 387 470 Epicteti
412 433 574 467 lucernam,
598 434 633 460 ad
660 433 885 461 ostentationem
911 441 967 460 non
985 433 1021 460 ad

194 487 294 513 usum,
313 478 421 515 quippe
437 477 485 513 qui
499 477 594 513 magis
611 478 812 505 deformarunt
836 478 1019 513 Gregorium,

194 532 283 560 quam
297 523 394 550 fuerat
408 522 438 550 in
454 522 581 550 editione
594 523 699 558 prima.
712 523 782 549 Ilinc
798 522 904 556 tibi,mi
920 522 1020 555 lector,

189 568 412 602 intercisum,de
427 568 539 595 edendo
549 567 858 603 Gregorio,consiiium
876 576 968 603 prius,
986 575 1021 594 ne

188 618 286 643 tamen
303 613 402 650 possis
415 620 513 641 carere
528 613 647 648 penitus
664 613 771 648 quibus
800 614 900 648 nequit
922 621 1020 640 carere

188 658 404 689 Nazianzenus,
419 657 501 684 vi5us
527 659 572 684 est
595 656 759 684 clarissimo
789 656 830 683 illi
857 657 928 690 viro,
960 656 1020 683 haec

189 711 253 738 quae
269 710 349 730 nunc
364 702 471 729 damus
481 701 721 734 communicare;
738 701 800 736 qui,
816 709 872 735 quo
889 708 935 728 me
948 700 1020 728 solet

190 755 289 775 amore
305 745 452 782 prosequi,
469 745 504 772 ad
528 745 602 772 hanc
625 744 762 771 vicariam
784 745 840 780 ipsi
866 745 1018 772 locandam

190 799 307 827 operam
324 791 466 826 imparem
496 789 588 822 oneri,
613 792 642 816 et
664 790 840 824 imparatum
868 789 1017 825 protraxit.

188 835 329 867 Quocirca
343 837 377 862 ut
391 834 466 862 scias
478 834 548 869 quid
565 834 726 870 praestitum
743 834 808 861 sita
824 833 906 861 nobis
919 834 947 860 in
964 834 1018 861 hac

187 880 313 907 istorum
330 877 562 914 ἀποσπασματίων
580 875 693 912 ἐκδόσει,
710 880 820 905 textum
845 878 1017 905 Nazianzeni

187 924 333 957 Grecum,
349 931 415 951 cum
433 922 520 950 variis
535 922 672 949 collatum
691 922 911 958 manuscriptis,
928 931 1016 958 quam

185 976 346 1004 possumus
361 966 635 995 emendatissimum
652 966 950 1001 exhibemus,scholia
961 967 1014 994 ad-

185 1012 341 1049 junximus
363 1020 421 1040 non
446 1011 570 1044 inutilia,
596 1012 631 1038 de
657 1012 719 1038 cod.
746 1011 891 1046 descripta
916 1019 1014 1046 pcrve-

186 1059 266 1085 tusto
283 1056 396 1093 collegii
421 1056 512 1084 beatis
539 1056 635 1083 Mariae
665 1055 842 1091 Magdalena:
868 1056 897 1082 in
924 1056 1013 1083 Acad.

190 1101 279 1129 Oxon.
305 1100 421 1129 Nonum
435 1100 504 1128 huic
519 1099 684 1127 scholiastaa
708 1108 794 1135 quem
813 1099 1013 1135 adjunximus,

184 1145 231 1172 τὸν
244 1144 394 1182 ἐξηγητὴν,
419 1144 463 1171 καὶ
487 1146 541 1170 τῶν
573 1143 698 1181 ἱστοριῶν
725 1143 883 1180 συναγωγὲα
908 1152 1012 1179 suppe-

189 1190 292 1218 ditavit
306 1189 438 1218 Casarea
446 1189 620 1217 Viennensis
635 1188 860 1221 bibiiotheca,ex
875 1188 1015 1223 scriptore

191 1233 420 1270 diligentissimo
433 1233 569 1261 Samuele
584 1232 681 1260 Slado.
705 1233 848 1261 Aberrant
867 1233 1014 1260 interdum

192 1280 327 1314 uterque,
344 1277 551 1312 fateor,alicubi
568 1280 637 1305 sunt
654 1277 805 1304 manifeste
821 1277 1015 1313 corrupti,sed

190 1322 226 1350 de
242 1322 277 1350 iis
294 1321 410 1350 solliciti
426 1321 575 1350 noluimus
603 1330 676 1354 esse,
695 1324 810 1349 tantum
841 1323 967 1350 contenti
983 1321 1016 1348 τὰ

190 1366 334 1405 ἀπόγραφα
349 1367 473 1395 ﬁdeliter
490 1367 600 1402 ubique
616 1366 804 1402 expressisse,
829 1369 932 1394 caetera
948 1375 1015 1394 eru-

189 1411 249 1439 dito
264 1411 366 1439 lectori
382 1411 591 1447 permittimus.
613 1412 652 1439 De
677 1411 809 1447 epistolis
834 1413 861 1438 ct
885 1411 1017 1439 oratione

189 1453 356 1491 ἀνεκδότοις,
373 1457 402 1484 et
422 1456 459 1483 de
480 1458 655 1484 testamento
685 1456 843 1483 correctius
867 1456 956 1486 edito,
987 1455 1016 1482 in

190 1499 254 1528 loco
269 1499 397 1528 diximus
411 1500 446 1528 ad
464 1501 626 1528 notas..lam
641 1508 708 1528 vero
724 1508 798 1535 quas
814 1501 920 1527 damus
935 1499 1019 1527 casti-

191 1543 323 1580 gationes
337 1546 367 1572 in
387 1547 461 1572 orat.
487 1546 572 1581 epist.
595 1548 622 1572 et
648 1545 742 1580 ipsius
758 1545 862 1579 Vitam,
879 1545 915 1572 de
930 1544 1018 1572 variis

191 1588 403 1626 συνηρανίσαμεν
414 1590 685 1625 manuscript.quas
701 1598 752 1625 per
767 1590 879 1617 litteras
889 1589 1017 1617 initiales

1079 300 1188 328 Italicis
1204 303 1232 328 et
1246 301 1365 329 Gallicis
1380 302 1605 338 exemplaribus,
1618 303 1667 339 qui
1684 303 1757 331 liber
1772 312 1850 331 nunc
1861 306 1906 332 est

1078 345 1160 372 Pauli
1176 345 1282 373 Petavii
1307 346 1451 374 senatoris
1474 347 1657 375 Parisiensis.
1687 347 1763 383 Syrl.
1787 348 1905 384 optima:

1076 392 1152 417 notae
1168 391 1204 416 M.
1222 390 1250 417 S.
1268 398 1285 417 a
1300 390 1332 417 G.
1349 390 1461 425 Syrleto
1477 390 1625 419 cardinale
1649 392 1725 427 apud
1751 392 1902 420 Patavium

1076 433 1105 460 in
1122 433 1196 461 libro
1213 433 1298 461 Billii.
1316 434 1357 461 Tr.
1374 435 1494 462 denotat
1508 436 1572 463 cod.
1589 437 1663 463 satis
1681 438 1829 464 vetustum
1845 436 1904 464 col-

1077 477 1143 513 legii
1158 478 1271 506 Sancta:
1289 479 1442 506 Trinitatis
1468 480 1498 507 in
1522 480 1613 507 Oxon.
1630 480 1798 514 Academia,
1815 489 1902 517 quem

1076 522 1112 549 ad
1129 522 1248 556 librum,
1265 523 1327 558 ipse
1355 523 1387 550 D.
1419 524 1555 557 Savilius,
1585 532 1632 551 xv1
1660 524 1726 552 illas
1755 525 1902 553 orationes

1076 570 1219 602 exegerat,
1235 567 1264 593 in
1287 575 1359 602 quas
1389 568 1507 604 scripsit
1531 568 1646 596 Nicetas
1672 571 1899 598 Commentator.

1076 610 1164 638 Porro
1181 611 1222 638 vir
1238 611 1427 639 doctissimus
1443 612 1605 640 Richardus
1622 613 1783 649 Thomson,
1800 616 1829 642 et
1842 615 1900 642 Au-

1074 656 1210 689 gustinus
1227 655 1342 683 Lindsel
1359 656 1568 690 amicissimus,
1585 665 1654 685 suas
1679 657 1736 685 huc
1752 657 1901 694 symbolae

1075 699 1272 727 contulerunt.
1290 700 1340 728 Hic
1356 701 1433 728 enim
1452 702 1658 736 castigationes
1668 702 1737 730 Julii
1749 702 1898 736 Gabrielii,

1075 745 1110 771 ad
1128 753 1230 772 omnes
1244 748 1322 780 ep.et
1335 748 1426 773 orate
1442 746 1590 773 Vaticanis
1610 747 1789 774 membranis
1805 747 1840 774 ad
1853 755 1900 775 me

1075 788 1166 821 misit,
1183 789 1276 817 editas
1293 789 1358 817 illas
1375 791 1451 826 apud
1469 790 1649 826 Plantinum,
1679 792 1728 819 sed
1747 791 1901 819 Pariensis-

1074 833 1129 860 bus
1146 841 1203 860 non
1220 834 1298 861 visas
1315 843 1321 861 :
1339 836 1426 869 atque
1443 835 1468 862 is
1483 838 1528 863 est
1555 834 1630 863 liber
1651 844 1738 871 quem
1761 844 1901 864 vocamus

1073 878 1116 911 G;
1134 877 1181 905 ille
1198 880 1295 906 autem
1309 887 1397 906 suum
1415 881 1479 906 cod.
1496 880 1733 914 communicavit,
1750 888 1817 907 cum
1829 880 1901 908 scri-

1074 922 1133 958 ptis
1148 922 1288 949 collatum
1305 923 1334 950 in
1352 922 1435 951 Italia
1449 931 1455 951 :
1473 925 1560 959 atque
1576 924 1601 951 is
1616 926 1661 951 est
1685 932 1771 960 quem
1789 933 1840 960 per
1854 925 1900 952 Th.

1071 966 1332 1002 intelligimus.0x.
1343 970 1424 995 notat
1439 968 1628 996 membranas
1646 968 1899 1005 Magdalenenses,

1070 1020 1147 1038 xxxu
1164 1013 1237 1038 orat.
1261 1014 1290 1038 et
1314 1011 1425 1039 scholia
1449 1015 1591 1048 perpetua
1614 1013 1812 1041 continentes.
1837 1014 1898 1041 Pal.

1070 1055 1154 1083 illum
1173 1055 1309 1083 Palatinis
1325 1056 1508 1084 bibliotheca!
1524 1057 1587 1084 cod.
1604 1065 1691 1092 quem
1708 1057 1752 1085 vir
1766 1057 1900 1086 eruditus

1070 1100 1100 1127 P.
1118 1099 1335 1127 Felckmannus
1351 1101 1420 1128 citat
1435 1101 1470 1128 ad
1487 1100 1567 1128 illam
1585 1101 1715 1137 Gregorii
1732 1101 1770 1132 εἰς
1784 1100 1897 1133 Ἀθανά-

1070 1154 1139 1172 σιον.
1155 1145 1217 1171 Bas.
1238 1147 1283 1171 est
1312 1145 1400 1172 editio
1429 1145 1630 1173 Basileensis:
1657 1146 1723 1173 Bill.
1755 1147 1899 1182 interpres

1069 1189 1197 1216 Jacobus
1214 1188 1318 1216 Billius
1336 1198 1341 1216 :
1358 1190 1400 1216 El.
1417 1189 1560 1225 interpres
1572 1190 1648 1218 Elias
1664 1190 1820 1218 Cretensis.
1836 1190 1898 1218 Sch.

1071 1235 1153 1260 notat
1168 1233 1292 1260 schedas
1307 1233 1344 1261 ab
1361 1234 1478 1261 Andrea
1487 1234 1605 1261 Schotto
1622 1244 1628 1262 :
1645 1237 1674 1262 et
1689 1235 1898 1269 Bod.codicem,

1071 1286 1141 1305 sane
1155 1277 1388 1310 memorabilem.
1409 1278 1590 1306 bibliothecae
1606 1279 1768 1307 Bodleianaa
1792 1279 1900 1313 Oxon.;

1072 1331 1140 1350 nam
1156 1325 1183 1350 ct
1200 1331 1301 1350 omnes
1321 1323 1494 1351 Nazianzeni
1525 1324 1664 1359 epistolas
1692 1324 1790 1358 habet,
1817 1325 1901 1360 prius

1072 1368 1175 1400 editas,
1192 1370 1220 1395 et
1236 1376 1309 1402 quas
1332 1367 1419 1403 primi
1434 1368 1541 1395 damus
1558 1377 1564 1395 :
1580 1371 1609 1396 et
1638 1371 1777 1404 praeterea
1801 1368 1903 1397 Basilii

1072 1412 1184 1448 aliquot
1207 1412 1343 1443 decedas,
1374 1420 1477 1439 omnes
1506 1413 1601 1440 adhuc
1628 1411 1799 1445 ἀνεκδότους,
1827 1422 1902 1449 quas

1073 1456 1141 1483 hinc
1157 1456 1319 1491 descriptas
1335 1456 1478 1484 habemus
1497 1465 1560 1484 nos.
1579 1457 1636 1484 Has
1652 1460 1749 1485 autem
1764 1457 1903 1486 lectiones

1073 1502 1102 1528 et
1108 1500 1314 1536 castigationes
1322 1500 1493 1528 concinnavi
1499 1502 1534 1528 ad
1544 1501 1736 1529 Parisiensem
1743 1502 1901 1529 editionem

1074 1545 1153 1572 illius
1171 1545 1340 1572 methodum
1353 1545 1382 1572 in
1398 1545 1758 1580 orationibus,orationum
1775 1546 1901 1582 paginis,

1074 1589 1246 1625 paginarum
1264 1589 1395 1617 numeris
1411 1590 1453 1617 sic
1469 1593 1598 1623 secutus,
1608 1593 1639 1617 ut
1655 1593 1796 1625 utrosque
1810 1590 1901 1618 libros

189 1633 218 1661 in
235 1633 362 1670 singulis
378 1643 444 1670 pag.
461 1634 668 1670 designamus;
684 1635 715 1662 Ii.
732 1636 813 1661 notat
823 1635 886 1661 cod.
900 1634 1015 1670 Regina:
1032 1630 1052 1663 C
1072 1634 1253 1669 comparanti
1272 1642 1328 1661 non
1343 1633 1382 1661 sit
1397 1634 1525 1668 difﬁcile,
1555 1634 1623 1661 κατὰ
1650 1632 1722 1661 πόδα
1745 1634 1839 1670 sequi.
1856 1635 1900 1662 Tu

189 1679 294 1706 matris
311 1678 474 1706 Mediceum
489 1687 504 1706 e
519 1678 699 1706 Bibliotheca
720 1678 770 1706 illa
797 1675 966 1715 περιϐοήτῳ.
983 1680 1015 1706 P.

189 1723 361 1752 varietatem
375 1723 546 1759 lectionum,
559 1732 632 1760 quas
649 1722 719 1751 olim
732 1723 920 1751 doctissimus
935 1723 1019 1751 Jaco-

1074 1681 1171 1705 antem
1190 1678 1244 1711 his,
1261 1678 1362 1712 lector,
1378 1680 1470 1713 utere,
1486 1679 1581 1707 fruere
1597 1679 1633 1707 ad
1644 1681 1725 1707 tuam
1742 1679 1900 1707 utilitatem

1076 1722 1264 1759 comparatis.
1281 1722 1362 1751 Vale.

466 1890 608 1910 GREGORIO
626 1890 678 1909 XIII
698 1888 839 1908 PONTIFICI
860 1888 975 1907 MAXIMO
993 1887 1153 1910 TOTIUSQUE
1172 1887 1310 1907 ECCLESIE
1330 1889 1413 1908 PATRI
1433 1888 1631 1913 SANCTISSIMO,

759 1937 916 1957 GILBERTUS
935 1936 1143 1956 GENEBRARDUS
1162 1937 1196 1956 ΕΤ
1214 1937 1337 1956 ιῐοΔΝΝΕΒ

900 1986 1076 2012 CHATARDUS,
1097 1986 1123 2004 Τ.
1145 1986 1193 2005 DD.

706 2055 747 2083 Ex
762 2054 838 2082 Edit.
855 2052 944 2081 Nive].
958 2052 1038 2086 4485,
1055 2052 1156 2080 Morel.
1170 2053 1239 2081 4609
1254 2056 1282 2081 et
1298 2054 1389 2090 1630.)

228 2191 329 2220 Multis
344 2191 542 2228 gravibusque
557 2190 655 2219 causis
670 2190 789 2218 adducti
818 2197 931 2222 sumus,
949 2196 1016 2216 san—
1033 2187 1057 2220 D
1073 2188 1242 2222 ostendunt,
1259 2191 1291 2217 ut
1306 2190 1398 2218 sancti
1417 2192 1608 2218 monumenta
1622 2189 1752 2226 undique
1776 2189 1837 2218 tuis
1861 2189 1908 2216 in-

195 2236 325 2265 ctissime
341 2236 483 2270 Pontifex,
509 2238 543 2264 ut
566 2237 595 2263 in
620 2238 671 2263 tuo
690 2234 878 2263 sanctissimo
904 2234 1023 2262 nomine

196 2280 270 2308 hanc
284 2289 400 2314 novam,
418 2281 544 2317 plenam,
572 2280 729 2316 perfectam
757 2280 788 2307 D.
812 2278 941 2314 Gregorii
968 2278 1023 2305 Na-

194 2324 321 2354 zianzeni
345 2325 565 2353 conversionem
591 2332 729 2361 apparere
766 2324 938 2351 faceremus.
960 2322 1021 2350 Pri-

197 2377 278 2397 mum
294 2369 355 2397 hac
371 2372 513 2406 perpetua
530 2369 584 2396 fuit
599 2372 627 2397 et
656 2370 794 2396 constans
815 2367 978 2395 doctissimi
994 2369 1023 2394 et

198 2413 371 2443 nobilissimi
396 2414 564 2450 interpretis
589 2413 666 2441 Billii
682 2413 827 2448 voluntas,
857 2412 941 2447 cujus
973 2420 1021 2439 su-

197 2459 306 2495 premis
321 2459 397 2487 votis
413 2459 536 2487 minime
551 2461 702 2494 parentare
713 2458 795 2486 nefas
804 2466 869 2485 esse
885 2457 1023 2484 duximus

197 2503 358 2540 praesertim
375 2512 441 2531 cum
459 2511 554 2539 neque
573 2503 730 2539 aequiorem
761 2511 820 2530 suis
850 2501 1024 2529 eruditionis

197 2550 365 2584 patronum,
396 2555 491 2584 neque
515 2547 708 2584 potentiorem
743 2555 865 2574 suorum
891 2546 1022 2573 laborum

196 2594 562 2629 propugnatorem,neque
572 2591 817 2620 vehementiorem
839 2591 884 2618 sui
901 2590 1024 2618 Nazian-

196 2637 259 2664 zeni
274 2636 429 2670 cultorem,
446 2645 541 2673 neque
557 2637 729 2664 similiorem
749 2644 808 2664 suis
832 2635 931 2663 virtuti
948 2635 1024 2662 anti-

196 2681 295 2710 stitem
311 2681 442 2710 nancisci
459 2683 565 2717 posset.
583 2681 689 2709 Deinde
704 2681 842 2717 quoniam
861 2683 888 2707 te
904 2680 1025 2707 mirifice

197 2728 310 2754 recreat
321 2734 354 2754 ac
371 2725 463 2754 reiicit
482 2726 573 2761 hujus
587 2725 716 2761 Gregorii
742 2733 860 2758 nomen,
882 2727 913 2751 ut
929 2724 1026 2751 Romae

196 2769 407 2806 Gregorianum
423 2770 566 2798 sacellum
583 2778 600 2798 a
612 2773 641 2798 te
661 2769 871 2806 augustissime
886 2771 914 2796 et
930 2768 1026 2796 muni-

197 2813 391 2844 ﬂcentissime
405 2815 566 2843 excitatum
580 2814 754 2850 declarat,ut
763 2813 951 2842 sanctissima
962 2813 1027 2850 pul-

195 2859 311 2888 vinaria
325 2859 394 2889 huic
404 2859 477 2888 divo
490 2858 729 2895 splendidissime
757 2867 774 2887 a
802 2861 831 2886 te
859 2859 1028 2887 consecrata

1079 2233 1215 2268 gentibus
1222 2234 1392 2270 sumptibus
1407 2234 1572 2270 conquisita
1582 2236 1746 2268 testantur;
1763 2233 1908 2270 quidquid

1078 2278 1269 2314 reliquiarum
1285 2279 1350 2313 ejus
1369 2278 1491 2314 adipisci
1516 2278 1677 2315 potuimus,
1693 2279 1723 2306 in
1752 2280 1836 2306 tuum
1861 2286 1908 2305 sa-

1078 2331 1159 2350 crum
1176 2323 1311 2350 aerarium
1328 2323 1385 2358 ipsi
1401 2323 1489 2351 etiam
1517 2325 1748 2359 comportamus,
1777 2330 1811 2350 ac
1827 2321 1905 2358 apud

1078 2370 1117 2401 te,
1133 2369 1274 2403 tanquam
1291 2367 1466 2395 fidissimum
1484 2368 1647 2401 custodem,
1664 2366 1801 2403 religiose
1816 2366 1907 2403 depo-

1079 2412 1378 2440 nimus.Godofredus
1391 2411 1494 2439 Billius
1509 2411 1610 2439 Jacobi
1627 2410 1797 2447 interpretis
1809 2410 1907 2443 frater,

1079 2457 1172 2484 sancti
1187 2456 1331 2484 Vincentii
1349 2456 1554 2484 Laudunensis
1570 2456 1673 2488 abbas,
1690 2464 1706 2483 a
1722 2455 1807 2483 nobis
1822 2462 1910 2491 expe-

1081 2501 1124 2529 tiit
1140 2510 1146 2528 :
1164 2502 1258 2529 caeteri
1276 2502 1341 2536 ejus
1357 2500 1569 2536 consanguinei
1593 2509 1650 2528 non
1678 2500 1765 2527 modo
1791 2498 1908 2535 generis

1080 2548 1235 2573 stemmate
1250 2548 1279 2573 et
1294 2545 1448 2582 praecipuis
1472 2545 1552 2581 regni
1578 2543 1741 2572 honoribus
1765 2544 1908 2580 insignes.

1079 2599 1181 2618 verum
1197 2590 1283 2618 etiam
1301 2590 1444 2618 catholica
1459 2589 1716 2626 professione,tota
1730 2588 1824 2617 Gallia
1839 2596 1909 2616 con-

1080 2635 1186 2670 spicui,
1203 2635 1278 2662 hanc
1294 2635 1339 2662 sui
1360 2634 1491 2662 vulneris
1507 2642 1523 2662 e
1548 2633 1621 2662 tanti
1646 2633 1804 2670 propinqui
1829 2633 1910 2661 obitu

1081 2680 1191 2716 accepti
1208 2679 1381 2707 levationem
1397 2681 1427 2706 et
1442 2678 1580 2707 solatium
1597 2686 1662 2706 esse
1675 2677 1910 2713 interpretantur

1082 2725 1154 2753 sise
1169 2724 1330 2761 apostolica
1352 2723 1536 2751 benediiione
1557 2722 1702 2759 perfusos,
1728 2722 1752 2750 si
1778 2721 1823 2750 sui
1845 2729 1912 2749 san-

1082 2770 1181 2807 guinis
1196 2769 1315 2797 exuvias
1335 2769 1372 2797 ab
1396 2767 1556 2804 apostolico
1581 2767 1697 2802 throno,
1728 2767 1814 2802 cujus
1839 2768 1927 2796 sunt.

1083 2814 1384 2848 studiosissimi,bene
1403 2812 1558 2846 habitas,si
1575 2812 1621 2840 sui
1645 2811 1722 2840 Billii
1733 2810 1912 2848 pientissimi

1083 2868 1117 2888 ac
1130 2858 1293 2888 doctissimi
1305 2857 1513 2886 ccsnobiarchte
1525 2855 1755 2885 recordationem
1766 2854 1911 2892 aliquanti
