4110 6416
279 384 392 449 3η
1175 386 1545 450 GILBERTI
1592 386 2097 448 GENEBRARDI
2148 384 2397 445 EPIST.
2448 385 2817 447 DEDICAT.
3591 391 3712 450 372

278 519 1933 591 factamadoctissimodoctissimorumqueamantissimo
1968 522 2017 584 Α
2051 516 2197 583 Quid
2230 517 2597 586 Trinitarios,
2634 518 2845 582 Deitas,
2888 520 3209 591 Tredeitas,
3244 521 3353 592 (tot
3391 522 3546 577 enim
3581 523 3714 594 pro”

279 606 555 678 pontiﬁce
584 607 997 667 intellexerint.
2050 607 2276 677 digiosa
2306 607 2587 661 vocabula
2619 613 2856 677 propter
2904 610 3301 679 prodigiosam
3352 611 3713 681 impietatem

352 697 564 767 Accipe
623 697 803 768 igitur
852 698 1266 755 communibus
1341 700 1605 753 omnium
1675 702 1939 753 nostrum
2051 700 2191 750 sunt
2221 696 2434 767 sortiti)
2466 695 2682 766 quibus
2714 701 2833 752 tres
2862 698 2941 751 dii
2975 698 3252 763 existunt,
3290 717 3445 753 nunc
3477 702 3626 771 aequi
3657 706 3715 756 et

282 785 500 855 optatis
530 785 682 841 Billii
712 786 1081 857 Gregorium,
1115 788 1233 843 imo
1265 803 1397 842 vero
1431 794 1620 857 tuum,
1654 788 1754 858 qui
1805 803 1939 842 eum
2052 800 2244 856 pares,
2278 801 2434 839 nunc
2468 784 2786 856 inaequales
2817 792 2874 840 et
2906 787 3161 857 impares
3189 788 3215 841 ?
3245 788 3393 852 Quid
3415 789 3719 844 Antitrini-

287 881 408 931 tam
446 875 776 947 magniﬁcis
806 876 1051 941 aedibus,
1104 879 1223 932 tam
1275 877 1545 947 augustis
1593 876 1940 945 honoribus,
2051 874 2232 927 tarios
2266 873 2358 927 his
2415 875 2706 928 contraria
2764 876 3108 942 sentientes,
3173 881 3353 947 atque
3412 877 3493 932 ita
3531 894 3715 933 unum

286 966 406 1021 tam
439 964 711 1034 pretiosis
740 964 1001 1023 donariis
1035 966 1405 1035 prosequeris
1436 981 1448 1019 ε
1478 982 1731 1035 quorum
1764 964 1939 1019 etiam
2051 967 2234 1017 Deum
2266 962 2608 1027 conﬂantes,
2641 968 2705 1017 ut
2734 965 2885 1019 inter
2942 965 3086 1019 istos
3147 970 3204 1019 et
3257 966 3587 1021 Sabellium
3625 968 3719 1021 vix

297 1068 474 1111 causa
504 1053 860 1117 addidimus,
892 1053 1134 1109 consilio
1191 1053 1541 1109 venerabilis
1601 1053 1943 1108 Sanctitatis
2053 1052 2373 1122 quidquam
2394 1052 2752 1107 discriminis
2771 1053 3712 1124 percipiatur?QuidValentinum

292 1140 503 1199 Vestrae
536 1141 725 1199 nuntii
782 1141 1027 1201 Joannis
1074 1142 1327 1198 Castellii
1390 1143 1772 1198 Ariminensis
1821 1143 1944 1213 epi-
2054 1140 2294 1194 Paulum
2331 1140 3542 1206 Alciatum,Blandratum,Mahometanum
3582 1145 3713 1199 bel-

288 1229 470 1299 sc0pi,
506 1229 926 1300 Gregorianum
993 1232 1291 1289 Laurentii
1354 1232 1578 1286 Frizolii
1637 1231 1940 1297 sacellum,
2054 1228 2210 1282 luam
2248 1228 2303 1281 in
2338 1246 2507 1283 suam
2542 1232 3018 1284 communionem
3081 1231 3429 1301 recipientes
3480 1248 3544 1287 ac
3578 1249 3707 1303 my-

292 1322 357 1373 ut
389 1318 603 1389 posteri
638 1317 799 1377 illius
832 1319 1258 1379 dedicationem
1317 1320 1415 1375 tibi
1471 1322 1711 1376 omnino
1762 1322 1945 1375 fuisse
2055 1318 2231 1371 steria
2262 1317 2642 1371 divinissimze
2676 1318 2846 1372 fideie
2904 1319 3192 1373 diabolico
3226 1320 3510 1373 Alcorano
3534 1320 3708 1374 dedu-

289 1406 549 1467 debitam
584 1408 802 1474 norint,
837 1409 908 1467 ad
941 1411 1111 1479 cujus
1163 1411 1620 1480 perpetuandam
1662 1427 1945 1466 exornan-
2056 1412 2274 1474 centes,
2306 1411 2482 1476 atque
2512 1405 2885 1471 Alcoranum,
2920 1407 3298 1477 Evangelium
3330 1412 3388 1461 et
3419 1408 3713 1480 prophetis

289 1495 546 1565 damque
592 1499 1036 1559 venerationem
1087 1504 1171 1553 tot
1224 1504 1503 1569 tantaque
1550 1499 1944 1571 insumpsisti,
2056 1510 2184 1549 eam
2218 1494 2603 1565 Scripturam,
2638 1499 2921 1565 tanquam
2953 1496 3065 1550 tria
3114 1494 3443 1556 θεόπνευστα
3474 1503 3708 1568 porten-

288 1590 506 1643 etcum
538 1591 625 1645 tot
666 1590 1005 1647 seminariis
1044 1593 1167 1645 toto
1215 1590 1354 1645 orbe
1406 1590 1737 1647 Christiano
1785 1607 1945 1647 sum-
2056 1582 2903 1653 tosissimejungentssmuid
2942 1583 3168 1655 reliqua
3186 1585 3428 1639 humani
3461 1586 3715 1657 generis.

287 1675 670 1745 ptuosissime
713 1676 1000 1743 excitatis,
1059 1695 1193 1733 cum
1237 1684 1321 1734 tot
1350 1685 1592 1750 tamque
1653 1681 1945 1735 variarum
2060 1673 2275 1726 nedum
2309 1672 2645 1738 Christiani,
2681 1673 2982 1739 dedecora.
3019 1689 3147 1744 quas
3179 1673 3482 1745 theologia:
3524 1675 3717 1731 omnis

292 1763 631 1832 linguarum
665 1766 816 1836 typis
848 1766 1038 1824 Roma
1069 1770 1227 1823 cusis
1268 1769 1626 1839 theologiam
1687 1770 1759 1823 ab
1819 1770 1947 1841 ipso
2058 1777 2298 1816 sensum
2322 1777 2469 1832 pene
2492 1777 2556 1815 ex
2582 1761 2889 1816 hominum
2914 1762 3289 1818 conscientiis
3311 1763 3707 1833 exstirparunt

290 1851 569 1951 traditam
602 1853 820 1913 tabulis
843 1855 1945 1925 signisqueinstruxisti.Gratulaberis,
1983 1893 2030 1957 Β
2058 1851 2350 1957 Nam-Inoa
2377 1852 2499 1950 jam
2535 1850 2688 1905 inter
2720 1851 2877 1949 ipsos
2907 1851 2976 1905 de
3009 1852 3183 1906 rebus
3214 1852 3285 1905 ad
3313 1851 3503 1957 ‘Deunm
3537 1853 3716 1951 perti-

294 1944 386 1997 sat
415 1941 660 2008 scimus,
697 1943 1017 2014 interpreti,
1051 1945 1152 2015 qui
1183 1962 1249 2000 eo
1307 1947 1628 2016 praesertim
1689 1952 1953 2018 tempore
1986 1940 2030 1957 "
2063 1940 2338 1994 mentibus
2388 1940 2614 2011 impure
2654 1940 2957 2010 quaeritur,
3026 1957 3226 1994 verum
3295 1941 3366 1994 de
3425 1940 3539 1995 Deo
3593 1942 3721 2011 ipso

295 2030 551 2087 auctoris
564 2030 1062 2101 elegantissimum
1082 2033 1395 2094 editionem
1426 2034 1915 2107 ﬁdelissimamqu

2098 2044 2296 2084 ummo
2346 2044 2543 2082 rerum
2604 2034 2843 2099 parente
2896 2028 3363 2097 isceleratissima
3436 2029 3597 2085 ardet
3649 2029 3721 2085 lis

295 2117 418 2174 orbi
456 2118 659 2180 Latino
690 2120 975 2189 exhibuit,
1008 2139 1122 2193 quo
1154 2127 1278 2178 erat
1323 2122 1645 2177 utilissima
1678 2140 1743 2179 ac
1777 2140 1953 2195 prope
2065 2122 2240 2187 atque
2268 2118 2583 2172 contentio-

295 2207 645 2264 necessaria.
682 2208 821 2277 Isto,
881 2209 1165 2276 videlicet,
1222 2228 1336 2282 quo
1384 2212 1721 2267 Calviniana
1770 2214 1953 2285 pestis
2136 2206 2359 2270 Quibus
2391 2206 2665 2262 omnibus
2689 2223 2821 2263 cum
2880 2206 2967 2261 vel
3018 2223 3169 2262 unus
3228 2207 3635 2263 efficacissime
3665 2213 3724 2262 et

294 2297 486 2351 totum
519 2301 809 2356 terrarum
841 2305 1177 2357 nostrarum
1208 2300 1408 2355 orbem
1454 2301 1688 2371 depasci
1722 2308 1951 2367 conata,
2064 2296 2387 2350 fortissime
2419 2300 2687 2350 occurrat
2717 2295 3042 2367 theologus,
3090 2296 3345 2365 suscepti
3380 2313 3413 2351 α
3442 2295 3607 2352 Billio
3638 2295 3721 2349 la-

294 2388 508 2443 cuncta
548 2385 648 2445 illa
696 2392 982 2455 monstra,
1034 2405 1162 2460 qum
1212 2390 1523 2461 theologus
1567 2390 1706 2445 olim
1758 2391 1955 2447 labore
2065 2385 2235 2439 bores
2268 2384 2337 2440 ad
2374 2383 2539 2438 illum
2573 2385 2744 2439 nobis
2776 2387 3142 2440 contraistas
3162 2384 3348 2439 furias
3374 2386 3725 2456 pugnaturis

296 2472 609 2543 plusquam
639 2476 919 2533 Herculeo
950 2478 1276 2547 domuerat,
1320 2483 1379 2534 et
1430 2480 1489 2533 in
1536 2496 1733 2534 orcum
1768 2485 1957 2536 trans-
2066 2475 2179 2528 ﬁdo
2211 2489 2276 2528 ac
2309 2490 2451 2544 pure
2482 2473 2901 2545 “bibendum,
2936 2475 3088 2545 apud
3139 2480 3193 2528 16
3226 2473 3725 2544 potiSSimUm.cui

301 2562 561 2632 miserat,
596 2580 661 2623 ex
696 2565 1017 2623 inferorum
1061 2572 1230 2622 antro
1262 2567 1479 2623 eduxit.
1506 2569 1773 2623 Profudit
1796 2570 1955 2625 enim
2066 2562 2365 2634 provincia
2396 2562 2676 2617 divinitus
2707 2563 3025 2617 commissa
3055 2567 3145 2617 est
3189 2562 3442 2628 videndi,
3480 2578 3550 2616 ne
3582 2562 3725 2634 quid

296 2649 468 2707 nobis
491 2651 755 2709 Valleum
788 2658 845 2710 et
880 2654 1173 2724 ejusmodi
1209 2655 1433 2721 atheos,
1486 2657 1703 2726 quibus
1760 2659 1955 2713 omnis
2065 2651 2400 2705 detrimenti
2433 2651 2634 2721 religio
2666 2651 2878 2721 capiat,
2914 2650 3169 2715 inibunt,
3219 2651 3552 2722 opinamur,
3588 2666 3727 2722 gra-

297 2738 500 2810 religio
531 2745 620 2797 est
653 2741 868 2801 fabula.
908 2743 1139 2815 Peperit
1169 2744 1431 2800 Natalem
1465 2745 1771 2802 Jornetum
1797 2747 1956 2801 ludi-
2064 2740 2207 2794 tiam
2228 2757 2406 2810 quam
2433 2739 3014 2796 maximam.Aocedit
3033 2740 3102 2794 ad
3125 2739 3726 2797 istoslabefactandos

298 2827 697 2898 magistelium
731 2829 841 2886 hoc
870 2848 1025 2889 anno
1057 2832 1228 2888 Metis
1257 2833 1317 2887 in
1338 2833 1571 2889 vincula
1602 2837 1953 2904 conjectum,
2066 2834 2122 2883 et
2154 2829 2426 2882 universa
2458 2828 2715 2883 Ecclesia
2748 2829 2980 2899 penitus
3032 2828 3449 2893 exturbandos,
3492 2827 3724 2882 nullum

299 2920 357 2970 et
387 2916 652 2975 fortassis
685 2934 927 2975 suorum
963 2921 1435 2976 commilitonum
1471 2938 1579 2993 ope
1618 2939 1953 2991 evasurum,
2065 2917 2245 2972 videri
2281 2918 2606 2972 remedium
2643 2918 3007 2987 praesentius,
3042 2934 3219 2988 quam
3254 2922 3316 2971 ut
3357 2916 3723 2989 cogominem

302 3003 406 3075 qui
436 3004 653 3063 librum
686 3013 888 3065 contra
920 3010 1956 3083 patriarchas,pr0phetas,apostolos
2068 3007 2225 3060 hunc
2254 3012 2426 3060 tuum
2471 3006 2860 3077 patriarcham
2906 3006 3221 3073 aemuleris,
3274 3023 3339 3062 ac
3390 3023 3505 3078 quo
3556 3012 3727 3077 pacto

299 3094 582 3162 condidit,
615 3112 831 3166 eosque
860 3102 926 3153 ut
956 3098 1309 3169 imposteros
1367 3116 1433 3155 ac
1484 3100 1764 3155 falsarum
1824 3102 1955 3157 reli-
2068 3111 2129 3149 se
2159 3094 2254 3149 ille
2284 3096 2563 3149 adversus
2604 3096 2692 3149 sui
2737 3097 3016 3167 temporis
3066 3096 3345 3150 sectarios
3398 3096 3598 3167 gessit,
3630 3112 3726 3150 eo-

300 3182 543 3254 gionum
576 3189 842 3241 auctores
873 3203 1285 3259 prmoonesque
1307 3188 1580 3244 traducit.
1614 3189 1828 3245 Genuit
1857 3191 1958 3245 Be-
2068 3184 2201 3238 dem
2234 3184 2542 3238 adversum
2596 3185 2741 3238 istos
2795 3185 3037 3240 enitare.
3092 3184 3275 3240 Verbo
3325 3183 3426 3239 Dei
3477 3183 3610 3238 illos
3644 3201 3728 3239 re-

301 3288 428 3331 zam
498 3273 841 3330 Nestoriane
908 3275 1057 3330 duas
1125 3276 1519 3348 hypostaiicas
1588 3278 1836 3334 uniones
1894 3280 1952 3334 in
1986 3261 2028 3326 C
2068 3274 2234 3345 pulit,
2284 3274 2508 3329 litteras
2557 3273 2737 3329 coluit
2785 3280 2841 3330 et
2890 3274 3198 3346 promovit,
3257 3292 3355 3329 eas
3412 3275 3721 3346 praecipue,

311 3361 544 3419 Christo
592 3363 1007 3421 constitentem
1072 3383 1084 3420 :
1145 3366 1435 3437 Langum,
1488 3368 1765 3439 Eutychig
1825 3369 1961 3436 ritu,
2075 3362 2289 3433 quibus
2318 3363 2565 3417 istorum
2600 3362 2845 3418 audacia
2875 3369 2931 3418 et
2961 3364 3261 3418 temeritas
3294 3362 3720 3434 frangitur.Eu-

303 3466 538 3506 carnem
563 3451 777 3507 Christi
799 3470 929 3509 vere
950 3460 1007 3508 et
1057 3454 1451 3509 essentialiter
1497 3455 1826 3511 deificatam
1878 3475 1966 3513 as-
2075 3451 2280 3506 iulium
2312 3456 2369 3506 et
2397 3451 2545 3507 alios
2574 3452 2788 3523 probos
2819 3454 3137 3523 doctosque
3168 3452 3477 3523 episccpos
3510 3452 3737 3507 consti-

306 3544 595 3594 serentem
630 3558 642 3595 :
691 3541 1091 3597 Brocbardum
1144 3543 1463 3599 Manichtea
1521 3545 1745 3600 musica
1785 3545 1966 3601 Calvi-
2075 3542 2210 3613 tuit,
2243 3541 2341 3615 qui
2378 3541 2570 3612 verbo,
2603 3541 2890 3615 exemplo,
2926 3541 3161 3611 scriptis
3194 3542 3442 3596 istorum
3467 3540 3743 3612 blasphe-

305 3626 597 3683 nlstarum
629 3630 855 3686 furores
905 3630 1359 3687 demulcentem.
1410 3633 1658 3688 Protulit
1706 3634 1967 3691 scholam
2078 3628 2231 3699 miis,
2268 3630 2653 3701 improbitati,
2688 3630 2993 3701 imperitiae
3035 3630 3395 3686 resisterent.
3450 3629 3737 3685 Basilium

304 3720 703 3775 Genevensem
732 3720 945 3775 Ariane
969 3725 1025 3776 et
1055 3711 1474 3777 Macedonians
1529 3724 1966 3783 sanctissimam
2080 3736 2359 3792 magnum
2396 3736 2612 3791 magna
2642 3721 3011 3776 contentione
3038 3720 3187 3791 juvit
3217 3720 3289 3774 ad
3321 3719 3745 3775 Caesariensem

307 3805 877 3880 saluberrimamque
899 3809 1461 3881 preeatiunculam,«
1487 3812 1969 3869 SanetaTrinitas
2080 3808 2647 3882 archiepiscopatum
2680 3809 3260 3880 consequendumiut
3288 3808 3347 3863 in
3371 3807 3742 3879 Οερρθιάοοὶει

309 3911 466 3949 unus
496 3895 960 3963 Deus,miserere
992 3899 1238 3967 nostri,»
1271 3900 1746 3968 damnantem,ut
1775 3902 1971 3958 incon-
2082 3914 2322 3969 serpens
2352 3898 3027 3952 Pneumatomachorum
3061 3902 3117 3952 et
3164 3897 3488 3951 amentium
3525 3896 3744 3967 Apolli-

311 3984 466 4039 sulte
499 4000 533 4038 a
561 3985 836 4041 Patribus
868 3986 1108 4056 dictam,
1144 3993 1210 4043 ut
1241 3990 1727 4059 periculosam,ut
1758 3991 1966 4047 barba-
2080 3987 2440 4042 naristarum
2472 4003 2680 4041 cancer
2708 3986 3193 4058 restingueretur.
3233 3984 3546 4041 Theodosii
3578 3984 3745 4039 Chri-

310 4090 458 4145 ram,
493 4078 557 4129 ut
585 4074 991 4147 impropriam.
2081 4075 2430 4135 stisnissimi
2462 4076 2834 4149 imperatoris
2865 4092 3034 4146 opem
3080 4074 3414 4147 imploravit
3444 4075 3512 4128 ad
3549 4078 3745 4129 retun-

381 4161 524 4225 Quis
574 4167 942 4233 posterorum
1003 4170 1228 4220 tantam
1286 4166 1514 4237 copiam
1575 4166 1635 4221 in
1696 4165 1969 4237 blasphe-
2082 4166 2335 4221 dendam
2380 4165 2753 4231 Arianorum,
2807 4165 3304 4231 Macedoniarum,
3345 4163 3734 4235 Apollinaric-

310 4249 527 4304 mando
558 4251 754 4306 credet
786 4269 798 4307 :
834 4252 926 4307 cui
960 4252 1235 4325 deinceps
1265 4256 1336 4310 ad
1370 4254 1542 4309 isiam
1594 4256 1777 4326 impi‘e
1811 4257 1968 4310 fandi
2081 4271 2211 4309 rum
2247 4253 2695 4325 impudentiam,
2724 4254 2822 4325 qui
2854 4255 3027 4309 verbo
3064 4254 3159 4309 Dei
3206 4271 3267 4309 se
3300 4253 3743 4325 persuadendos

313 4336 615 4393 licentiam
648 4356 761 4395 non
797 4341 1119 4399 horrebunt
1151 4343 1297 4419 pili?
1327 4345 1659 4401 Procreavit
1689 4345 1973 4403 Calvinia-
2083 4363 2197 4400 non
2234 4342 2586 4416 praebebant.
2623 4342 3736 4417 Olympium,Sophroniuin,Asterium,

310 4444 423 4482 nus
456 4427 735 4498 vomicas,
768 4430 918 4485 hanc
975 4432 1440 4488 enuntiationem
1488 4451 1518 4491 a
1564 4433 1838 4488 Patribus
1872 4434 1970 4489 Ni-
2084 4434 2391 4502 Victorem,
2428 4432 2778 4501 Modarium,
2827 4432 3192 4503 Eulropium,
3234 4430 3740 4502 Amphilochium,

312 4516 487 4571 caenis
519 4521 719 4573 contra
751 4518 1071 4576 inferorum
1105 4528 1304 4592 portas
1326 4521 1670 4577 dulcissime
1694 4540 1971 4594 persona-
2081 4521 2411 4586 Julianum,
2446 4520 2833 4587 Candianum,
2871 4521 3163 4592 principes
3216 4520 3637 4592 praefectosque
3668 4519 3739 4574 ad

307 4611 451 4675 tam,
499 4630 526 4657 ‹‹
564 4612 743 4662 Deum
778 4610 848 4664 de
881 4609 1249 4674 Deo,lumien
1284 4613 1354 4666 de
1382 4610 1629 4681 lumine,
1662 4611 1846 4667 Deum
1878 4629 1972 4668 ve-
1999 4630 2047 4694 D
2084 4610 2410 4681 perdendos
2438 4610 2601 4675 istos,
2640 4627 2705 4665 ac
2738 4626 2805 4664 ea
2837 4627 2963 4682 qua:
2988 4614 3125 4665 sunt
3148 4609 3309 4685 pacis
3333 4608 3740 4665 ecclesiasticae

307 4713 437 4751 rum
470 4697 541 4752 de
573 4697 688 4753 Deo
719 4716 873 4765 vero,
915 4722 934 4746 ιι
973 4706 1037 4754 ut
1068 4701 1296 4771 duram,
1351 4706 1413 4754 ut
1453 4700 1856 4772 impropriam,
1904 4707 1969 4757 ut
2077 4701 2411 4769 praestanda
2441 4699 2693 4770 impulit.
2728 4700 2934 4754 Pacem
2968 4698 3108 4754 fovit
3138 4699 3289 4754 inter
3349 4696 3641 4770 principes
3686 4700 3744 4751 et

310 4786 564 4842 maxime
606 4787 994 4860 periculosam
1029 4788 1431 4846 abhorrentes.
1467 4790 1701 4844 lnduxit
1731 4806 1833 4861 per
1864 4788 1966 4844 Le-
2077 4794 2341 4859 pastores
2374 4788 2715 4853 catholicos,
2742 4793 2807 4847 ut
2837 4788 3170 4845 Christiana
3213 4787 3365 4844 acies
3398 4792 3599 4840 contra
3633 4786 3738 4839 im-

306 4876 597 4930 manicam
629 4877 956 4945 colluviem,
993 4894 1200 4933 novam
1237 4895 1501 4952 personae
1532 4878 1653 4933 sive
1686 4877 1963 4950 hyposta-
2075 4877 2204 4948 pios
2227 4882 2384 4933 esset
2430 4878 2673 4932 ﬁrmior.
2729 4878 3000 4933 Gladium
3056 4876 3297 4948 spiritus
3360 4881 3416 4930 et
3466 4875 3600 4929 ferri
3636 4874 3735 4928 mi-

306 4979 434 5018 seos
479 4965 899 5029 definitionem,
951 4983 1067 5037 qua
1117 4984 1229 5022 non
1294 4968 1421 5038 jam
1473 4984 1722 5039 persona
1764 4967 1965 5021 divina
2075 4966 2250 5032 seuit,
2283 4971 2457 5038 atque
2500 4983 2635 5020 cum
2681 4965 2957 5039 Apostolo
3009 4965 3181 5021 modo
3237 4966 3293 5020 in
3343 4964 3507 5035 virga
3554 4962 3731 5035 venit,

306 5052 591 5107 subsistat
622 5071 724 5124 per
755 5072 838 5126 se,
872 5058 971 5110 sed
1006 5072 1109 5127 per
1148 5057 1465 5112 essentiam
1493 5062 1547 5110 et
1576 5056 1635 5112 in
1662 5056 1918 5111 essentia
1947 5075 1959 5124 ;
2073 5056 2247 5111 modo
2278 5055 2336 5109 in
2370 5055 2655 5110 charitate
2684 5062 2737 5110 et
2781 5056 2988 5126 spiritu
3050 5053 3524 5111 mansuetudinis
3569 5053 3633 5118 ⁸³,
3670 5056 3735 5105 ut

305 5155 421 5193 non
454 5140 571 5207 iam
604 5160 705 5214 per
736 5160 864 5198 sese
892 5144 1197 5212 cohaereat,
1229 5146 1329 5201 sed
1364 5146 1433 5199 de
1491 5145 1791 5200 communi
1823 5162 1962 5215 qua-
2077 5144 2390 5199 Ecclesiam
2425 5144 2747 5200 hmresibus
2779 5150 3117 5216 corruptam
3147 5161 3264 5198 suae
3291 5143 3532 5213 puritati
3566 5140 3734 5195 resti-

304 5232 440 5281 dam
472 5230 803 5285 substantia
836 5235 1103 5299 pendeat,
1138 5234 1306 5305 eique
1359 5250 1519 5289 more
1566 5233 1957 5289 accidentium
2070 5237 2280 5288 tueret.
2324 5233 2685 5288 Charitatem
2720 5234 2901 5288 coluit
2933 5250 3061 5287 cum
3098 5232 3395 5297 omnibus,
3433 5231 3520 5285 sui
3553 5230 3726 5284 etiam

304 5314 601 5370 inhaereat.
650 5320 795 5383 Quid
846 5320 1059 5375 addam
1116 5322 1509 5378 Autotheanos
1560 5327 1774 5377 temere
1822 5338 1958 5393 pro—
2072 5323 2328 5376 nominis
2359 5328 2414 5377 et
2444 5321 2638 5377 throni
2684 5322 3014 5394 dispendio.
3064 5322 3302 5392 Pojicite
3353 5336 3466 5389 me,
3515 5318 3728 5389 inquit,

306 5402 646 5459 nuntiantes
682 5408 892 5460 Filium
916 5414 973 5463 et
1003 5410 1282 5479 Spiritum
1312 5415 1580 5467 sanctum
1640 5410 1784 5465 nihil
1816 5412 1957 5465 sub-
2070 5411 2129 5464 in
2165 5428 2350 5479 mare,
2383 5412 2430 5466 si
2466 5416 2705 5484 propter
2735 5428 2827 5467 me
2860 5417 2987 5466 orta
3030 5416 3118 5468 est
3163 5412 3483 5481 tempestas
3519 5423 3530 5461 :
3563 5405 3730 5461 inde-

299 5487 526 5541 stantiae
571 5505 605 5542 a
636 5490 803 5545 Patre
862 5500 1229 5559 consecutos,
1293 5498 1392 5552 sed
1426 5516 1459 5555 a
1489 5515 1551 5553 se
1608 5498 1746 5555 deos
1776 5514 1905 5554 esse
1928 5497 1956 5551 Τ
2067 5516 2201 5570 que,
2234 5506 2291 5556 et
2319 5501 2555 5572 quidem
2596 5506 2817 5557 Caesare
2848 5500 3099 5573 aliisque
3156 5500 3271 5571 piis
3329 5495 3723 5569 gementibus.

374 5695 466 5757 ⁸³1
496 5697 626 5761 Cor.
657 5716 734 5767 iv,
762 5701 855 5761 21.
1514 5713 1543 5725 ⁸
