2055 3209
55 14 67 19 -
522 11 526 14 .
594 2 790 18 Fam
696 10 700 12 ,
812 6 847 8 ,,_
863 4 895 10 ,,..

68 31 76 35 v
89 35 91 38 .
319 36 321 38 .
353 26 366 34 τ
402 22 422 28 ν
483 18 510 31 ’δ’
520 24 531 38 ἰ
551 19 554 21 ”
576 19 579 21 ’
598 20 622 38 Ϊ.’

248 51 250 54 ,
270 2 317 62 ,E;
330 40 417 66 “:2;
555 50 558 51 ν
575 39 578 44 ν

135 71 139 73 .
181 65 185 70 ι
204 65 231 77 κη
266 74 284 78 ,ν
330 70 334 73 Α

199 188 268 232 eis

199 263 479 302 'Nectaﬁomummo
494 272 527 292 ac
541 262 688 292 ditissimo
702 263 912 299 patriarchatu,
930 271 1035 299 nempe
1050 265 1076 298 Α
1094 266 1169 291 tenet
1186 273 1283 300 partes
1300 266 1373 301 Nam
1403 265 1607 301 interpretem,
1633 265 1702 292 dum
1720 265 1836 298 viveret,
1865 274 1922 293 non

206 309 545 350 Constantinopolitano,
562 310 628 345 post
643 308 836 346 apostolicum
853 308 1040 345 amplissimo

206 356 309 388 cessit,
330 363 366 383 ne
381 354 425 382 vel
441 353 597 382 minimum
614 352 785 382 schismatis
793 353 869 380 inter
885 353 1038 389 episcopos

207 401 350 429 cerneret.

244 445 353 473 Caetera
368 443 544 479 scriptorum
556 443 620 478 ejus
636 442 722 470 lectio
738 442 941 478 copiosissime
956 442 1039 470 doce'

208 490 261 524 bit,
278 497 342 525 quas
356 496 390 516 eo
405 488 505 515 futura
514 489 557 515 est
567 487 679 523 gratior
693 494 726 513 ac
741 486 967 522 probatior,quo
979 495 1036 514 me-

207 535 310 562 liorem
327 535 413 560 nacta
427 533 473 560 est
487 532 677 567 interpretem
692 539 698 558 :
718 539 821 566 nempe
836 539 915 564 eum,
932 530 960 558 in
978 540 1035 566 quo

205 581 321 607 tantum
338 577 453 605 videtur
468 575 653 611 eloquentiae,
666 578 698 603 ut
714 584 765 611 per
779 575 869 602 alium
877 576 1034 611 Gregorius

203 626 276 651 tuus
287 621 475 658 eloquentius
491 620 592 648 Latine
605 620 700 647 dicere
715 620 760 646 vix
791 619 901 655 possit;
917 622 1032 647 tantum

204 667 358 699 doctrinas,
375 669 408 694 ut
423 674 474 701 per
493 665 583 692 alium
600 664 715 692 doctius
732 670 760 691 et
774 663 919 691 eruditius
928 671 1032 699 reprae-

204 711 315 741 sentari
330 710 377 738 vix
387 712 493 746 queat:
506 712 623 737 tantum
640 708 803 737 sanctitatis
814 717 847 737 ac
860 708 987 742 virtutis,
1000 711 1033 736 ut

207 756 350 792 Spiritum
367 757 503 783 sanctum
526 754 572 781 sui
589 753 690 789 organi
706 761 794 781 sensa
808 753 931 780 libenter
946 754 970 780 ei
987 754 1031 780 in-

205 801 336 837 spirasse
359 801 589 827 consentaneum
607 799 658 831 sit;
688 800 803 825 tantum
826 797 982 833 diligentiae
1003 800 1031 825 et

205 845 307 880 studii,
319 846 353 872 ut
366 843 429 879 ipse
446 851 540 878 neque
554 843 629 875 vitae,
642 842 676 869 ari
698 842 856 870 volvendos
872 841 961 869 libros
977 851 1030 870 suo

200 889 339 918 instituto
353 887 524 917 commodos
535 895 630 922 neque
641 886 766 914 fortunis
786 887 820 913 ad
842 887 988 922 parandos
998 886 1027 914 in

202 933 337 962 dulserit.
354 932 388 960 Et
403 940 483 965 sane,
501 934 533 958 ut
548 932 644 967 prima
658 931 786 959 editione
803 933 880 958 recte
903 932 937 958 ab
964 931 1028 967 ipso

202 980 247 1007 est
254 979 439 1011 cunctatum,
450 985 516 1004 eum
529 976 579 1012 qui
591 976 620 1003 in
637 976 689 1003 hoc
701 978 817 1003 auctore
825 976 1027 1004 transferendo

202 1023 353 1059 specimen
369 1021 415 1049 ui
430 1021 557 1057 prabere
571 1020 643 1055 vult,
656 1020 758 1048 multis
769 1020 942 1056 magnisque
959 1030 1027 1056 pras-

200 1067 286 1096 sidiis
299 1067 476 1096 instructum
483 1074 547 1093 esse
558 1066 716 1101 oportet.In
728 1074 761 1093 eo
781 1065 858 1092 enim
869 1066 1025 1093 verborum

200 1111 323 1148 argutis
338 1111 534 1146 undecunque
549 1112 681 1145 captata,
699 1110 808 1144 ubique
823 1118 896 1144 pene
925 1119 1027 1138 cruces

197 1158 295 1194 ﬁgunt
309 1155 470 1191 interpreti.
491 1154 610 1182 Prolixaa
627 1154 748 1189 periodi,
763 1157 797 1181 ut
817 1154 923 1181 Graecae
947 1154 1025 1182 locu-

198 1200 272 1229 tioni
287 1200 324 1229 ob
339 1199 529 1228 connectendi
547 1199 716 1227 facilitatem
732 1207 789 1226 non
807 1207 909 1233 parum
925 1199 1026 1234 gratiae

202 1248 291 1281 atque
300 1244 463 1273 ornamenti
475 1244 612 1278 aﬂ'erunt,
628 1244 669 1271 ita
682 1243 717 1270 ad
734 1243 850 1271 Latinas
864 1252 949 1271 aures
966 1252 1023 1273 non

202 1289 266 1317 sine
281 1288 373 1316 animi
389 1288 580 1324 suspensione
596 1291 623 1315 et
649 1287 765 1315 fastidio
781 1287 1023 1315 tranfunduntur.

201 1333 383 1363 Brevissima
394 1332 551 1361 allusiones
567 1332 657 1360 oreris
668 1332 738 1359 locis
749 1340 856 1367 sparsae
869 1341 926 1359 non
939 1333 1024 1360 modo

199 1377 586 1415 plurimalectioniswerum
595 1377 683 1405 etiam
693 1376 868 1406 felicissima:
877 1377 1024 1404 memoriae

200 1423 390 1461 interpretem
402 1422 531 1458 exigunt,
541 1422 649 1458 quibus
656 1421 699 1448 vel
710 1420 873 1456 ignorantis
881 1420 922 1447 vel
930 1421 1025 1455 negle-

201 1467 272 1499 ctim
287 1466 430 1500 decursis,
452 1474 570 1494 necesse
586 1467 624 1494 sit
639 1465 827 1502 peregrinari,
844 1465 982 1502 velutque
995 1466 1024 1493 in

201 1511 296 1543 alieno
310 1511 371 1543 solo
387 1511 506 1544 versari,
520 1519 553 1538 ac
568 1510 839 1547 quemadumodum
856 1510 943 1538 habet
957 1510 1024 1545 Job,

201 1555 299 1586 ἄλλοις
313 1555 445 1597 νήχεσθαι
456 1554 561 1592 λόγοις.
574 1555 732 1582 Peculiaris
749 1555 882 1590 quaedam
897 1555 1022 1590 phrasis,

198 1603 227 1631 et
241 1601 357 1638 quidem
374 1600 519 1629 Polemica
535 1600 719 1635 Hieronymo,
751 1600 905 1627 Isocratios
915 1600 1021 1634 Suidzc,

660 198 843 228 GlLBERTI
866 198 1122 228 GENEBRARDI
1144 199 1269 230 EPIST.
1296 200 1478 230 DEDlCAT.

1866 199 1928 230 8'14

1096 310 1182 337 modo
1198 310 1378 338 amicissime
1388 310 1488 344 coluit,
1500 318 1602 338 verum
1613 310 1698 337 etiam
1712 310 1846 344 consilio.
1857 318 1923 340 sen-

1095 354 1195 388 tentia,
1212 355 1362 383 recondita
1377 363 1429 384 sua
1444 354 1618 388 eruditione,
1630 354 1710 382 omni
1727 355 1852 390 denique
1864 363 1922 391 qua

1095 398 1188 433 potuit
1204 407 1234 425 re
1249 407 1282 425 ac
1290 399 1387 426 studio
1395 399 1481 434 juvit,
1491 399 1589 426 missis
1596 399 1682 426 etiam
1696 407 1730 426 ex
1740 398 1815 426 Urbe
1826 407 1920 426 exem-

1094 442 1226 477 plaribus
1242 443 1350 472 Grecis
1366 452 1455 479 penes
1471 452 1523 471 nos
1539 443 1635 470 adhuc
1646 443 1799 479 depositis,
1812 443 1918 480 quibus

1091 486 1135 513 vel
1159 488 1287 523 corrupti
1305 488 1357 515 loci
1374 488 1610 520 emendarentur,
1623 487 1665 515 vel
1679 487 1796 515 obscuri
1807 486 1918 515 illumi-

1092 535 1242 565 narentur,
1256 532 1300 559 vel
1317 540 1393 568 opus
1408 533 1506 568 ipsum
1525 541 1666 560 novorum
1692 533 1917 560 commentario-

1091 585 1167 610 rnm,
1178 577 1356 610 orationum,
1368 577 1569 612 epistolarum,
1580 576 1746 604 carminum
1764 585 1916 612 nunquam

1089 623 1175 648 antea
1189 621 1335 648 editorum
1352 622 1519 649 accessione
1534 621 1616 648 valde
1630 621 1867 656 locupletaretur.
1878 622 1918 649 Ex

1089 665 1197 700 quibus
1211 666 1349 693 omnibus
1361 674 1426 693 cum
1439 674 1525 693 suum
1540 666 1602 700 jam
1619 674 1710 693 unum
1724 666 1811 701 probe
1827 665 1915 693 colla-

1087 712 1151 738 tum
1167 712 1196 737 et
1211 710 1472 746 castigatissimum
1488 710 1621 738 effectum
1629 710 1795 745 absolverit,
1807 710 1917 746 optime

1087 755 1252 786 merereris,
1269 755 1353 782 Pater
1367 755 1564 787 sanctissime,
1582 755 1617 782 de
1633 763 1662 782 re
1676 754 1853 788 Christiana,
1871 757 1914 782 at-

1087 807 1143 834 que
1159 800 1230 827 adeo
1246 799 1282 827 de
1297 800 1516 835 ipsoGregorio,
1532 807 1619 834 quem
1638 800 1682 835 pie
1697 799 1768 826 colis
1782 802 1810 827 et
1823 800 1857 827 ad
1868 799 1914 836 pie

1086 843 1241 871 colendum
1249 852 1349 871 omnes
1359 844 1487 877 exicitas,
1499 844 1521 871 si
1535 852 1601 871 eum
1614 844 1767 879 deintegro
1778 844 1914 880 exipsius

1085 889 1239 916 emendato
1255 888 1354 916 codice
1371 889 1474 916 excudi
1492 888 1664 924 imperares,
1680 897 1712 915 ac
1728 888 1810 915 illum
1837 889 1914 924 typis

1084 933 1143 959 tuis
1160 933 1397 969 elegantissimis,
1414 933 1522 968 quibus
1538 932 1695 960 concilium
1712 932 1913 961 Florentinum

1084 981 1112 1004 ct
1123 977 1261 1013 pleraque
1274 977 1331 1004 alia
1343 978 1503 1005 emittenda
1514 977 1635 1010 curasti,
1645 977 1786 1005 traderes.
1798 977 1912 1015 Alioqui

1083 1023 1174 1049 nostri
1192 1022 1365 1058 lypograpbi
1376 1025 1504 1058 torpent,
1522 1031 1574 1049 nec
1590 1022 1705 1050 Grecae
1721 1023 1823 1057 prima!
1838 1025 1913 1050 notae

1082 1067 1224 1094 editiones
1234 1067 1317 1094 facile
1326 1067 1503 1102 suscipiunt.
1512 1067 1572 1095 sive
1581 1067 1658 1102 quod
1669 1067 1804 1102 privatim
1815 1067 1914 1095 minus

1081 1111 1171 1138 tantis
1186 1111 1355 1147 sumptibus
1371 1112 1529 1146 sufﬁciant,
1542 1111 1601 1139 sive
1617 1111 1695 1147 quod
1707 1111 1824 1139 lucrum
1839 1120 1854 1139 e
1867 1112 1914 1139 La-

1080 1156 1150 1183 tinis
1167 1158 1195 1183 et
1208 1156 1373 1184 vernaculis
1390 1156 1647 1191 praesenspublicm
1664 1155 1782 1183 utilitati
1795 1158 1916 1192 antepo~

1081 1203 1161 1227 nant.
1180 1201 1344 1227 Graecorum
1361 1200 1441 1227 enim
1456 1200 1652 1227 venditionem
1668 1199 1823 1227 lentiorem
1847 1209 1913 1228 esse

1080 1244 1332 1278 causantur,haud
1342 1245 1429 1272 dubie
1441 1247 1559 1280 propter
1571 1244 1648 1272 bella
1658 1246 1687 1272 et
1699 1245 1912 1280 bareses,quo-

1080 1297 1145 1316 rum
1163 1297 1251 1316 causa
1268 1289 1373 1324 linguae
1390 1291 1418 1316 et
1434 1288 1585 1316 solidiores
1609 1287 1771 1325 disciplinae
1801 1289 1912 1324 ubique

1080 1333 1137 1360 nisi
1152 1342 1169 1360 a
1180 1335 1206 1361 te
1216 1334 1376 1367 foveantur,
1390 1333 1527 1369 languere
1537 1333 1682 1368 incipiunt
1695 1342 1700 1365 ;
1715 1335 1748 1360 ut
1760 1335 1912 1360 taceamus

1081 1378 1313 1413 avaritiamque:
1327 1387 1383 1405 non
1401 1378 1617 1405 sinithomines
1630 1377 1911 1405 hislitterisinoum-

1081 1423 1158 1455 bere,
1175 1431 1317 1458 quasopes
1334 1431 1427 1458 neque
1440 1430 1574 1458 magnas,
1584 1430 1687 1458 neque,
1703 1421 1802 1450 faciles
1816 1423 1910 1450 conci-

1079 1467 1159 1495 lient.
1169 1467 1233 1495 Tibi
1246 1467 1300 1494 erit
1310 1467 1436 1494 maximo
1445 1469 1629 1501 ornamento,
1640 1466 1693 1494 tibi
1705 1467 1911 1495 cedetimmor-

1080 1511 1130 1538 tali
1146 1512 1254 1547 glorias,
1271 1512 1295 1539 si
1312 1520 1360 1539 eas
1372 1520 1536 1545 conserves,
1549 1520 1593 1543 ac,
1606 1511 1766 1547 utctepisti,
1780 1512 1911 1543 eruditos

1078 1555 1166 1584 libros
1179 1556 1240 1583 suis
1250 1556 1353 1591 primis
1363 1556 1472 1592 linguis
1484 1556 1762 1592 characteribusque
1771 1556 1909 1585 restituas

1079 1603 1165 1636 atque
1181 1601 1217 1628 ad
1230 1603 1358 1636 posteros
1374 1601 1569 1629 transmittas.

195 1633 1023 1682 disertissimaomnibusGraecescientibusjmprimisque
1038 1633 1059 1666 (ἶ
1115 1633 1417 1674 liabes'domesticum
1433 1646 1598 1680 exemplum
1610 1645 1719 1674 Nicolai
1731 1646 1827 1681 quinti
1838 1655 1912 1675 nun'

193 1690 310 1719 erudita
319 1689 362 1718 vel
375 1689 646 1726 perspicacissimos
659 1689 757 1716 oculos
767 1689 872 1724 sepius
885 1690 1024 1724 perstrin-

192 1734 244 1771 git,
259 1736 293 1762 ut
308 1734 365 1762 nisi
383 1742 501 1761 summa
517 1741 587 1760 cura
602 1733 877 1768 animadversioque
889 1733 1024 1760 adhibea-

189 1780 250 1815 tur,
270 1787 340 1807 vera
362 1778 514 1814 scriptoris
530 1786 623 1811 mens,
640 1778 668 1804 in
699 1777 791 1805 levem
807 1778 966 1813 quamdam
995 1780 1022 1805 et

188 1823 305 1852 inanem
317 1823 508 1856 umbram,ut
519 1823 555 1850 ab
572 1822 668 1850 Ixione
686 1822 822 1850 adamata
837 1824 914 1849 Juno
925 1822 953 1849 in
967 1831 1020 1849 nu-

189 1869 258 1897 bem
275 1868 391 1905 migret.
408 1867 445 1895 Ut
460 1868 537 1895 enim
550 1867 659 1895 Daedali
677 1866 867 1899 statuas,nisi
884 1867 1020 1895 firmissi—

187 1913 246 1942 mis
256 1912 380 1941 vinculis
392 1913 635 1948 astringerentur,
648 1912 747 1948 fugam
759 1911 903 1947 corripere
919 1911 1020 1939 solitas

185 1957 287 1986 retulit
301 1957 394 1992 Plato,
411 1957 451 1985 ito
467 1957 595 1993 genuina
610 1957 701 1992 hujus
716 1956 870 1991 sententia,
888 1956 944 1983 nisi
974 1965 1017 1983 ar-

186 2001 322 2034 otilsima
336 2000 496 2029 attentione
511 2003 540 2028 et
563 2000 714 2036 diligentia
728 2001 881 2033 vinciatur,
897 2001 1017 2028 vertenti

188 2045 278 2082 quasi
291 2045 326 2078 de
341 2046 478 2074 manibus
494 2045 630 2074 elabitur.

226 2089 431 2118 Difficultatsm
448 2090 529 2117 auxit
546 2089 663 2117 Gracus
678 2090 768 2117 codex
780 2090 954 2126 impressus,
967 2091 1016 2125 qui

186 2142 257 2163 cum
273 2135 380 2163 unicus
391 2136 539 2171 suppetat.
551 2137 592 2162 tot
608 2134 739 2169 tantique
750 2134 890 2162 momenti
902 2135 1018 2163 mendis

185 2181 291 2212 scatet,
303 2181 337 2207 ut
344 2179 380 2206 ad
393 2179 448 2207 hoc
461 2178 560 2214 Augise
569 2178 718 2206 stabulum
728 2179 946 2215 repurgandum
960 2188 1016 2206 non

187 2231 248 2252 uno
260 2223 384 2257 Hercule
395 2231 470 2259 opus
481 2223 577 2252 fuerit.
595 2222 680 2251 Nulla
692 2231 781 2259 prope
791 2223 899 2259 pagina
910 2224 1017 2259 gravis-

186 2267 274 2300 simis
283 2267 457 2299 vulneribus
471 2270 565 2300 vacat,
582 2268 689 2303 quibus
698 2268 840 2295 sanandis
856 2268 942 2295 aliter
953 2277 1016 2295 suc-

1081 1698 1168 1725 quam
1186 1690 1257 1717 satis
1274 1690 1411 1717 celebrati
1428 1690 1585 1725 pontificis,
1597 1691 1681 1725 cujus
1693 1691 1809 1725 opibus,
1824 1691 1910 1727 largi~

1079 1735 1220 1767 tionibus,
1234 1735 1373 1770 potentia,
1391 1735 1565 1762 auctoritate
1590 1735 1693 1762 Graecae
1717 1735 1830 1768 litterae,
1846 1745 1908 1771 quas

1078 1779 1106 1806 in
1124 1780 1205 1807 Italia
1220 1782 1307 1814 atque
1323 1779 1394 1807 adeo
1424 1779 1559 1806 universo
1581 1779 1683 1806 Latino
1712 1780 1782 1807 orbe
1801 1781 1910 1816 septin-

1077 1824 1173 1859 gentis
1190 1832 1278 1859 prope
1293 1823 1377 1851 uunis
1393 1824 1571 1856 occiderant,
1587 1824 1724 1860 spiritum
1741 1826 1770 1851 et
1783 1825 1903 1862 sangui-

1077 1877 1141 1895 nem
1158 1870 1401 1903 resumpserunt;
1426 1867 1572 1895 Hebraicaa
1587 1868 1661 1895 tanti
1678 1867 1758 1896 factas
1774 1871 1852 1902 sunt,
1871 1871 1905 1897 ut

1076 1913 1207 1948 quinque
1220 1921 1375 1939 aureorum
1401 1912 1494 1940 millia
1506 1912 1695 1948 Evangelium
1727 1915 1758 1940 Ι).
1775 1912 1903 1946 Mattbasi

1075 1957 1250 1984 Hebraicum
1261 1957 1294 1984 ad
1306 1956 1404 1992 ipsum
1416 1956 1556 1984 deferenti
1570 1956 1790 1992 sintpromissa.
1802 1957 1833 1985 ln
1847 1966 1903 1994 quo

1075 2010 1104 2029 se
1119 2009 1184 2028 vere
1199 2001 1348 2029 catholicae
1365 2001 1496 2029 Ecclesiae
1512 2001 1673 2029 antistitem
1689 2002 1833 2038 prmstitit.
1850 2002 1902 2030 Ec-

1074 2046 1163 2074 clesia
1177 2046 1254 2074 enim
1264 2047 1380 2082 proprie
1391 2046 1534 2073 catholica
1544 2046 1650 2073 dicitur
1665 2047 1701 2073 ab
1712 2047 1902 2075 universitate

1073 2092 1215 2127 gentium,
1233 2091 1380 2126 quasipsa
1391 2099 1444 2118 suo
1460 2090 1571 2126 gremio
1584 2091 1781 2128 completitur,
1798 2094 1826 2119 et
1834 2099 1900 2119 cum

1072 2136 1181 2172 quibus
1198 2144 1248 2170 per
1263 2135 1390 2171 linguas,
1404 2135 1563 2170 praesertim
1575 2136 1716 2167 eruditas,
1729 2136 1902 2171 grammati—

1072 2189 1131 2215 cas,
1149 2180 1233 2207 titulo
1249 2180 1344 2207 crucis
1361 2179 1518 2207 Dominicze
1534 2182 1717 2208 consecratas
1733 2180 1819 2216 longe
1829 2180 1900 2208 late-

1072 2233 1128 2260 que
1142 2225 1340 2252 communicat
1355 2227 1384 2252 et
1399 2224 1548 2260 loquitur:
1566 2233 1622 2252 non
1640 2226 1674 2251 ut
1687 2224 1820 2256 Judaica,
1836 2233 1901 2260 qua)

1071 2277 1130 2297 uno
1146 2269 1203 2296 fere
1226 2268 1333 2305 populo
1365 2269 1673 2302 circumscribebatur,
1688 2269 1731 2296 vel
1754 2268 1900 2305 heretica,

186 2311 267 2341 curri
279 2320 341 2345 non
354 2312 460 2349 potuit,
469 2320 558 2348 quam
569 2311 613 2339 vel
622 2312 817 2339 nanciscendo
829 2303 1015 2340 dotﬁssimos
1031 2317 1055 2348 ο
1070 2322 1132 2349 qua;
1143 2303 1276 2350 angustis
1286 2321 1446 2349 paucarum
1458 2313 1589 2348 gentium
1598 2313 1706 2341 finibus
1715 2303 1902 2345 concluditur

187 2355 307 2391 Nicetes,
321 2356 420 2391 Pseili,
433 2356 539 2390 Nonni,
555 2356 622 2383 Elia:
634 2356 778 2384 Cretensis
790 2357 1017 2386 commentarios

187 2401 330 2430 hactenus
344 2401 374 2429 in
390 2401 520 2429 tenebris
543 2401 668 2434 abditos,
687 2400 730 2428 vel
742 2401 889 2428 evocando
900 2402 1015 2430 codices

185 2445 390 2482 auﬁgstlores
407 2445 635 2481 manuscriptos,
651 2445 680 2473 id
706 2447 759 2479 est,
777 2445 890 2481 Regios,
907 2455 924 2474 a
950 2455 1016 2483 rege

184 2489 439 2518 Christianissimo
447 2490 608 2526 exquisitos
617 2498 624 2523 ;
633 2490 701 2525 Regi
707 2498 786 2522 neos,
795 2499 809 2517 a
817 2490 918 2526 regina
925 2493 1018 2519 matre

186 2534 362 2571 impetratos
374 2546 381 2568 ς
392 2534 519 2570 Italicos,
530 2535 566 2562 ab
577 2534 688 2570 aliquot
699 2534 908 2563 illustrissimis
922 2536 1017 2563 cardi-

185 2579 346 2608 nalibulst
361 2578 429 2607 aliis
444 2579 570 2609 summis
586 2578 655 2606 viris
678 2582 783 2615 sponte
798 2579 922 2607 oblatos.
941 2580 1019 2608 Inter

184 2632 261 2660 quos
276 2623 504 2653 illustrissimus
518 2623 568 2651 ille
579 2623 738 2651 cardinalis
764 2623 887 2652 Sirletus
907 2625 1019 2660 primas

482 2998 521 3036 τὲ

507 3062 513 3069 ι

60 3148 62 3150 τ
159 3133 333 3162 ἱέέκειτὲδθένῖ-
416 3154 420 3161 λ

1072 2360 1190 2391 Verum,
1206 2366 1241 2385 ne
1252 2358 1404 2385 videamur
1418 2357 1453 2384 de
1468 2359 1519 2384 tua
1533 2356 1562 2383 in
1578 2365 1627 2385 eas
1643 2357 1900 2393 propensionedu-

1071 2402 1172 2434 bitare,
1186 2402 1220 2429 ad
1230 2401 1397 2428 institutum
1408 2401 1591 2434 revertimus,
1604 2404 1691 2436 teque
1701 2401 1899 2441 obsecramus,

1071 2449 1104 2474 ut
1116 2446 1265 2474 memoriae
1276 2448 1337 2473 tam
1353 2445 1519 2481 praestantis
1543 2445 1710 2481 interpretis
1740 2446 1848 2477 faveas,
1866 2453 1900 2473 ac

1072 2500 1135 2524 nos,
1152 2491 1203 2526 qui
1218 2491 1282 2525 ejus
1298 2492 1490 2517 monumenta
1505 2498 1521 2517 a
1536 2489 1600 2517 labo
1615 2489 1809 2526 vindicamus,
1825 2493 1854 2518 et
1864 2491 1900 2518 ad

1071 2538 1139 2564 tuos
1154 2538 1262 2571 postes,
1279 2535 1401 2562 fratrum
1416 2535 1510 2570 ipsius
1527 2534 1777 2562 nobilissimorum
1789 2537 1818 2563 et
1834 2535 1901 2563 reli-

1073 2580 1413 2617 giosissimorumjussu,
1423 2579 1582 2614 afﬂgimus,
1600 2579 1759 2616 apostolica
1780 2580 1900 2610 benedi-

1073 2625 1169 2654 ctione
1185 2633 1375 2661 proeequare.
1397 2624 1517 2652 Lutetiae
1533 2623 1669 2652 Kalendis
1679 2624 1750 2652 Julii
1766 2633 1802 2653 an
1819 2624 1898 2654 4582.
