2055 3194
132 181 191 211 315
748 178 927 210 ELOGIUM
948 178 1082 209 JACOBI
1105 177 1232 209 BILLII.
1785 179 1848 211 376

169 321 330 350 ELOGIUM
360 320 562 350 REVERENDI
587 322 717 350 PATRIS
744 325 773 349 U.
807 321 930 349 JACOBI
961 321 1066 349 BILLII
1096 320 1248 353 ΡΡιυΝίΕΙ,
1273 320 1425 348 ABBATIS
1455 319 1583 348 SANCTI
1614 319 1810 349 MICEAELIS

506 366 541 394 IN
558 366 676 394 EREMO
693 365 914 393 PIENTISSIMI
930 365 973 393 ET
992 364 1197 392 ERUDISSIMI
1211 364 1285 392 CUM
1301 363 1461 392 TUMULO.

594 442 717 472 Joanne
732 442 900 478 Chatardo,
917 441 1022 480 priore
1036 440 1226 477 Tossiniaco,
1243 444 1383 471 auctore.

669 522 709 550 Ad
722 522 828 550 nobiles
842 521 965 557 defuncti
977 521 1144 557 propinquos
1158 522 1184 548 et
1198 521 1312 548 amicos.

904 646 1062 675 LECTORI.

595 709 649 745 (Ex
664 708 740 737 Edit.
759 708 852 738 Nivel.
871 709 951 741 1583,
967 711 1039 736 tom.
1055 708 1090 743 ΙΙ,
1106 716 1173 744 pag.
1189 708 1258 736 1548
1272 710 1301 736 et
1325 708 1398 744 seq.)

173 779 279 807 Opem
292 780 420 816 pretium
438 789 484 808 me
500 781 646 807 facturum
664 780 772 815 putavi,
788 780 812 807 si
824 780 872 807 hic
885 780 1064 807 insereretur
1080 779 1210 815 Elogium
1233 779 1322 811 istud,
1339 779 1424 814 quale
1440 779 1551 806 editum
1565 782 1610 807 est
1623 779 1652 806 in
1669 779 1764 815 ipsius
1775 779 1855 806 Billii

141 827 249 859 morte,
267 834 356 861 quam
373 825 445 853 obiit
460 826 529 852 dum
548 825 602 852 hoc
614 825 824 861 Gregorianum
836 833 909 860 opus
925 833 977 860 pro
993 826 1121 852 secunda
1138 825 1264 852 editione
1275 825 1351 860 typis
1368 825 1529 857 mandaret,
1544 828 1696 853 exornaret
1708 828 1737 852 et
1748 824 1855 860 ampli—

141 870 263 902 liceret;
283 872 315 896 ut
330 869 397 896 hinc
413 870 515 905 paucis
532 878 563 896 ac
580 869 658 897 velut
673 870 846 905 compendio
861 870 988 904 quodam
1005 870 1067 896 vitae
1086 870 1246 904 mortisque
1257 869 1349 904 ipsius
1366 870 1439 904 (com
1447 878 1480 896 ex
1492 870 1555 904 ejus
1570 870 1659 896 variis
1674 869 1855 897 doctissimis

140 917 171 942 et
187 914 330 950 piissimis
345 914 464 950 scriptis
481 914 564 949 plura
577 922 664 941 nosse
681 914 798 949 poteris)
812 914 998 949 intelligeres,
1013 913 1223 949 quis,quulisve
1236 916 1401 949 etquantus
1413 914 1500 941 fuerit
1515 914 1591 941 [idus
1608 914 1655 942 ille
1670 914 1703 941 D.
1721 913 1853 949 Gregorii

142 960 297 995 interpres.
309 960 397 994 Cujus
406 968 462 986 non
474 960 559 986 modo
575 959 725 993 doctrinae,
737 968 768 986 se
779 962 807 986 et
816 960 952 986 dmorum
968 960 1092 994 vitaeque
1104 959 1299 986 sanctissimae
1310 968 1395 986 verus
1410 959 1578 995 discipulus
1593 968 1625 986 ac
1636 960 1767 987 imitator
1779 959 1854 987 fuit:

142 1005 221 1032 haud
239 1004 362 1032 dubium
379 1004 450 1040 quin
463 1008 491 1032 et
503 1005 551 1040 qui
567 1005 693 1032 similem
703 1005 790 1031 vitam
808 1005 836 1031 in
846 1005 932 1032 terris
943 1007 1074 1040 egerunt,
1087 1008 1214 1032 cttolam
1224 1013 1273 1040 per
1286 1005 1332 1032 Dei
1346 1005 1504 1032 Ecclesiam
1520 1006 1722 1040 profuderunt,
1735 1004 1854 1032 incmlis

142 1057 262 1085 quoque
279 1049 370 1077 simul
389 1050 524 1076 fruantur
539 1051 603 1084 ejus
620 1049 723 1085 gloria,
741 1058 827 1085 quem
845 1049 881 1076 ad
898 1052 1060 1076 extremum
1078 1050 1142 1076 vitae
1159 1050 1295 1085 spiritum
1313 1049 1424 1077 sincere
1440 1049 1603 1082 coluerunt,
1620 1053 1649 1078 et
1663 1050 1748 1085 cujus
1758 1048 1858 1085 ampla

141 1094 255 1122 talenta
271 1097 331 1122 tam
359 1094 515 1131 diligenter
531 1098 559 1122 et
573 1095 719 1129 alacriter,
735 1098 794 1122 tam
812 1095 858 1131 pie
873 1097 901 1122 et
915 1097 1013 1122 sancte
1029 1098 1115 1130 atque
1128 1094 1249 1122 feliciter
1262 1096 1468 1131 impenderunt
1479 1104 1511 1123 ac
1525 1096 1769 1132 multiplicarunt.
1786 1094 1859 1123 Vale

146 1143 175 1168 et
186 1141 292 1168 fruere.

848 1256 1147 1287 POSTERITATI.

186 1319 335 1350 JACOBO
354 1320 483 1349 BILIJO
500 1320 660 1356 PBUNfE,
679 1319 929 1350 NOBILISSIMA
960 1319 1010 1348 ET
1039 1319 1275 1349 CLARISSIMA
1304 1319 1515 1350 BILLIOIIUM
1550 1320 1709 1350 FAMILIA
1741 1320 1859 1356 ORTO,

147 1368 289 1399 ABBA'I‘I
307 1368 443 1398 SANCTI
459 1367 670 1398 MICHAELIS
687 1369 723 1398 IN
744 1368 879 1398 EREMO
896 1367 1087 1397 PIENTISS.
1104 1367 1243 1397 SACRAE
1259 1369 1307 1398 ET
1323 1369 1543 1398 POLITIOIIIS
1572 1368 1860 1399 LlTTERATUR/E

149 1417 366 1447 GALLENTIS
382 1418 413 1447 S.
432 1417 889 1452 LINGUARUMHEBHAlC/E,
905 1417 1068 1451 GRIECIE,
1085 1417 1132 1446 ΕΤ
1143 1417 1299 1446 LATlN/E
1310 1418 1501 1447 PERI’I‘ISS.
1511 1419 1748 1448 SANCTURUM
1758 1418 1861 1448 GRAE-

151 1466 287 1498 CORUM
325 1466 491 1497 PATBUM
520 1467 759 1497 INTERPHETI
792 1467 927 1496 FIDISS.
966 1466 1195 1496 CATHOLlG/E
1224 1467 1326 1496 FIDEI
1379 1467 1685 1498 I‘ROPUGNATOIII
1716 1468 1858 1497 ACERB.

152 1515 369 1546 PAUPERUM
385 1516 503 1545 PATRI
520 1516 696 1546 GHARISS.
727 1516 765 1545 IN
782 1515 943 1546 GUNC'I‘IS
962 1515 1183 1545 RELIGIONIS
1215 1516 1263 1545 ET
1292 1516 1472 1546 PIETATIS
1489 1517 1682 1547 OPEHIBUS
1700 1516 1861 1547 EXERGI-

151 1564 304 1594 TATISS.
323 1565 420 1594 ΟΜΝΙ
439 1565 610 1600 DENIQUE
626 1565 831 1595 VIRTUTUM
850 1565 1006 1594 GENERE
1028 1564 1288 1594 CUMULATISS.
1308 1565 1449 1595 MULTIS
1474 1566 1601 1595 LIBRIS
1619 1565 1781 1601 Glt/ECIS,
1800 1565 1868 1594 LA-

155 1613 273 1648 TINIS,
291 1613 341 1643 ET
367 1613 541 1643 GALLICIS
557 1614 695 1644 SUMMA
713 1613 878 1654 PIETATE
895 1613 944 1642 ΕΤ
960 1613 1157 1643 DOCTRINA
1184 1614 1385 1649 REFER'I‘IS,
1415 1614 1621 1649 PROSAQUE
1651 1614 1700 1644 ET
1731 1614 1866 1644 METRO

151 1661 281 1691 EDITIS
315 1662 532 1691 CELEBERR.
561 1662 735 1692 JOANNES
764 1661 999 1692 CHATARDUS
1037 1662 1198 1692 MUL’I‘AS
1230 1662 1278 1692 OB
1310 1663 1460 1693 CAUSAS
1496 1663 1674 1693 MOERENS
1713 1662 1868 1693 POSUIT.

796 1788 956 1819 Librorum
973 1798 1045 1829 quos
1059 1789 1177 1829 scripsit
1200 1789 1362 1820 Elenchus.

185 1853 392 1878 COLLECTIONES
408 1850 653 1884 consolationum,
671 1853 700 1878 et
715 1850 856 1877 salutaria
885 1849 1021 1883 ﬁdelisA
1072 1850 1105 1877 D.
1121 1850 1244 1878 Joannis
1269 1851 1442 1878 Damasceni
1469 1859 1557 1887 opera
1586 1851 1678 1879 multo
1706 1858 1794 1886 quam
1820 1859 1874 1878 an-

151 1895 255 1923 nnimaa
272 1896 459 1929 documenta,
476 1904 510 1923 ex
536 1895 684 1922 volumine
704 1896 733 1922 D.
765 1895 921 1931 Augustini
952 1896 982 1921 in
1038 1890 1122 1922 tehac
1137 1896 1280 1928 auctiora,
1298 1903 1465 1931 magnaque
1481 1904 1514 1923 ex
1525 1898 1607 1931 parte
1618 1904 1696 1923 nunc
1710 1896 1746 1923 de
1761 1895 1874 1931 integro

146 1939 271 1968 Psalmos
295 1943 440 1976 excerpta,
458 1939 568 1968 Gallice
583 1940 761 1975 conscripta.
1039 1947 1188 1966 conversa.

185 1984 226 2012 De
242 1985 371 2013 secundo
390 1985 503 2012 Domini
529 1985 653 2012 adventu
680 1984 744 2011 libri
776 1992 836 2018 sex,
866 1983 984 2011 Gallicis
1075 1986 1115 2013 Ex
1131 1986 1165 2012 D.
1181 1986 1298 2013 Joanne
1314 1986 1521 2022 Chrysostomo
1535 1985 1679 2013 translata
1694 1985 1797 2020 multa,
1809 1986 1876 2021 ejus

149 2029 285 2057 versibus
301 2029 382 2064 editi,
399 2037 466 2056 cum
482 2031 607 2056 tractatu
626 2031 656 2056 D.
675 2028 775 2056 Basilii
800 2029 837 2056 De
863 2029 909 2055 Dei
932 2029 985 2064 ju-
1040 2038 1096 2065 que
1109 2029 1197 2057 variis
1205 2030 1454 2066 scriptisinserta,
1473 2032 1505 2057 ut
1520 2030 1683 2066 explanatio
1699 2031 1727 2058 in
1755 2031 1829 2066 psal.
1845 2038 1875 2058 L.

151 2073 236 2102 dicio.
1039 2074 1196 2110 desumpta
1211 2083 1245 2102 ex
1257 2074 1434 2102 bibliotheca
1445 2074 1597 2102 illustriss.
1614 2074 1777 2102 Gatharinae
1788 2074 1877 2102 Medi-

185 2117 218 2146 D.
235 2117 366 2153 Gregorii
385 2117 559 2145 Nazianzeni
575 2118 756 2151 tetrasticha,
768 2126 835 2146 cum
853 2117 931 2145 brevi
955 2120 984 2144 et
1041 2128 1096 2147 ceae
1113 2120 1220 2155 reginae
1236 2120 1351 2148 Matris.
1375 2121 1412 2147 De
1437 2120 1608 2156 poenitentia
1633 2119 1874 2148 commentarius.

153 2160 303 2189 familliari
317 2161 498 2197 expositione
514 2161 634 2189 Gallica.
1041 2163 1124 2196 Item,
1141 2164 1294 2199 explicatio
1311 2165 1385 2200 psal.
1403 2173 1451 2198 LII,
1468 2167 1496 2192 et
1512 2164 1679 2192 ennarratio
1710 2165 1742 2192 in
1754 2164 1830 2200 psal.
1848 2174 1875 2199 c,

185 2205 366 2241 Anthologize
383 2213 470 2233 sacrae
486 2214 520 2234 ex
535 2206 752 2242 probatissimis
760 2207 914 2242 utriusque
930 2206 984 2233 lin-
1042 2210 1070 2235 et
1084 2211 1194 2243 septem
1212 2211 1377 2244 sequentes,
1395 2212 1423 2236 et
1445 2210 1476 2236 in
1506 2209 1576 2244 psal.
1608 2216 1695 2237 cxvm
1725 2211 1754 2236 et
1777 2217 1876 2245 proas-

151 2258 216 2286 guaa
233 2250 370 2278 Patribus
390 2250 528 2284 collectas,
550 2254 638 2286 atque
654 2251 826 2278 octaslichis
857 2259 987 2286 compre—
1043 2253 1146 2280 mium.
1164 2253 1248 2281 Liber
1263 2254 1454 2289 epistolarum
1470 2262 1485 2281 e
1502 2254 1676 2281 bibliotheca
1703 2252 1814 2288 Cujacii
1826 2253 1878 2288 ju-
1915 2274 1925 2283 .

150 2295 260 2327 hensaa,
275 2303 308 2322 ac
325 2295 404 2322 brevi
421 2295 632 2323 commentario
648 2296 803 2323 illustratze
821 2295 888 2323 libri
918 2295 986 2328 duo,
1043 2297 1222 2324 risconsﬁlti.
1236 2298 1315 2325 Nova
1325 2298 1451 2333 denique
1467 2298 1672 2334 interpretatio
1697 2297 1876 2326 narrationis

151 2338 273 2375 adjectis
290 2339 325 2366 ad
346 2339 456 2367 calcem
472 2339 586 2376 aliquot
601 2340 770 2368 octastichis
786 2340 906 2368 Graecis.
1044 2342 1137 2378 ipsius
1152 2343 1351 2379 Cbrysostomi
1368 2344 1396 2370 in
1412 2343 1436 2370 II
1445 2343 1528 2370 Pauli
1542 2343 1701 2379 Epistolam
1718 2343 1759 2370 ad
1776 2341 1875 2370 Corin-

188 2384 265 2416 Quos
281 2383 356 2411 duos
371 2382 462 2411 libros
478 2384 543 2411 aliis
554 2384 670 2411 duobus
687 2383 750 2411 odis
765 2383 883 2411 Gallicis
900 2383 987 2419 spiri-
1043 2386 1123 2414 lhios.

152 2426 309 2455 ritualibus
325 2435 444 2455 summa
459 2428 570 2464 ingenii
586 2428 758 2456 dexteritate
773 2428 901 2456 reddidit
915 2437 921 2456 :
934 2428 987 2456 ad-
1080 2431 1113 2458 D.
1143 2431 1272 2467 Gregorii
1314 2431 1486 2460 Nazianzeni
1515 2433 1708 2467 cognomento
1733 2430 1875 2466 Theologi

148 2471 237 2510 jsctis
253 2472 342 2499 etiam
352 2471 472 2500 Gallicis
485 2472 706 2500 commentariis
718 2481 753 2500 ex
764 2473 835 2500 solis
848 2473 906 2500 fere
917 2473 990 2501 anti-
1045 2483 1132 2510 opera
1147 2475 1257 2508 omnia,
1270 2484 1333 2511 qua:
1345 2475 1462 2510 quidem
1475 2478 1601 2509 exstant,
1619 2483 1693 2503 nova
1708 2474 1878 2502 translatio~

151 2514 219 2550 quis
233 2514 378 2569 theologis
389 2515 531 2550 collectis,
543 2525 612 2544 cum
629 2516 743 2553 aliquot
770 2516 838 2544 aliis
865 2517 986 2553 poeticis
1004 2537 1028 2569 B
1045 2527 1081 2546 ne
1096 2521 1218 2553 donata;
1236 2527 1295 2546 una
1309 2527 1377 2546 cum
1401 2519 1582 2547 doctissimis
1613 2519 1720 2546 Nicetm
1746 2517 1876 2547 Serronii

150 2558 327 2587 tractatibus
341 2561 476 2595 ejusdem
493 2562 672 2596 argumenti.
1005 2558 1028 2569 ”
1043 2564 1263 2591 commentariis
1279 2564 1307 2590 in
1318 2563 1464 2591 sexdecim
1491 2563 1685 2599 panegyricas
1707 2563 1875 2597 orationes;

190 2603 221 2630 Ι).
260 2602 391 2639 Gregorii
434 2603 569 2632 Nazianzi
609 2608 803 2641 cognomento
850 2605 987 2643 Theologi
1044 2607 1109 2635 Elia;
1120 2608 1267 2635 Cretensis
1283 2608 1312 2635 in
1329 2608 1443 2644 aliquot
1455 2608 1547 2642 alias;
1564 2607 1652 2636 Pselli
1668 2608 1698 2636 in
1714 2607 1876 2635 secundam

153 2646 295 2683 opuscula
311 2648 446 2682 quaedam
463 2657 542 2676 nunc
557 2649 686 2685 primum
713 2649 742 2676 in
773 2649 867 2677 lucem
898 2650 986 2684 edita,
1042 2652 1202 2679 orationem
1217 2653 1254 2680 De
1267 2653 1404 2680 Paschate
1419 2661 1429 2683 ,-
1444 2653 1540 2680 Nonni
1555 2653 1593 2680 De
1607 2652 1732 2680 historiis
1753 2653 1778 2679 et
1792 2651 1875 2687 fabu-

154 2690 271 2727 aliaque
291 2691 360 2718 item
371 2692 505 2720 versibus
522 2694 646 2727 reddita,
665 2702 832 2730 magnaque
856 2703 889 2722 ex
906 2697 987 2730 parte
1042 2696 1077 2723 lis
1092 2704 1156 2731 quae
1173 2697 1203 2723 in
1232 2696 1385 2725 invectivis
1400 2697 1531 2724 adversus
1558 2697 1702 2725 lulianum
1716 2697 1872 2732 Aposlatam

156 2733 241 2769 Cypri
255 2733 467 2769 Dadrybrensis
482 2737 702 2765 commentariis
718 2737 873 2765 illustrata.
1042 2740 1238 2776 reperiuntur,
1250 2741 1370 2776 adjectis
1385 2741 1473 2768 etiam
1502 2741 1612 2776 ubique
1629 2740 1766 2769 brevibus
1782 2739 1871 2768 scho-

196 2777 388 2806 Locutionum
405 2779 571 2807 Graecarum
587 2780 616 2807 in
643 2789 816 2809 communes
839 2781 917 2810 locos
934 2789 987 2818 per
1039 2783 1099 2812 liis.

156 2821 305 2857 alphabeti
319 2821 455 2850 ordinem
469 2822 647 2859 digestarum
662 2826 810 2854 volumen.
1076 2827 1168 2856 Multa
1182 2829 1239 2857 alia
1255 2828 1374 2866 reliquit
1387 2837 1477 2866 opera
1490 2830 1592 2857 eadem
1612 2829 1720 2866 pietate
1735 2832 1765 2857 et
1772 2836 1824 2857 eru
1831 2827 1861 2856 di
