2055 3203
95 33 114 49 ἰ
201 30 310 59 [μυί-,τη
351 31 354 33 ’
390 42 410 53 ’ν
471 28 475 31 ⁴
554 31 560 43 ⁸

181 189 239 222 ειη
795 183 972 215 amoma
993 182 1008 214 J

1070 181 1130 213 DBl
1150 180 1280 212 BILLII.
1833 172 1895 205 378

179 255 270 288 tione,
286 261 351 291 quo
363 252 445 282 velut
460 251 611 288 posthumi
626 250 782 283 iiberi,Deo
797 249 927 286 auspice,
943 257 1004 277 ma-
1022 249 1048 282 Α
1064 247 1172 284 piditas
1188 247 1343 275 Latinitate
1357 246 1437 273 hunc
1452 243 1636 291 donandi,_et
1659 241 1696 291 ab
1715 232 1893 291 innumeris?

180 308 239 337 gno
245 298 419 327 Christianis
426 296 594 332 reipublicze
602 295 756 323 commodo
766 294 1013 330 brevifprodibunt

182 345 224 372 Ex
238 343 287 371 his
302 351 369 371 vero
383 340 520 370 cinnibus
535 340 642 376 qualis,
661 341 824 375 quantusve
841 338 938 370 fuerit,
951 338 1012 365 sive

183 388 327 417 eximiam
342 386 406 421 ejus
420 385 595 417 doctrinam,
612 386 641 412 et
661 383 853 419 multiplicem
871 391 967 410 rerum
984 384 1012 409 et

186 434 356 469 linguarum
363 429 796 467 coguitionem,Tu|lianamque
802 427 1011 463 eloquentiam,

188 478 249 505 sive
264 474 444 511 singularem
460 474 525 510 ejus
539 473 689 509 pietatem.
712 472 837 508 vitasque
852 474 881 499 et
897 479 1012 499 morum

187 520 397 558 integritatem,
413 518 473 547 sive
493 517 636 554 quidquid
656 517 735 545 aliud
752 519 893 549 oratores,
911 518 1011 552 poetae,

187 563 502 600 historici,philosophi
518 571 551 591 ac
565 562 693 598 theologi
709 561 875 589 desiderare
888 563 917 588 et
932 568 1011 588 com-

187 609 327 638 mendare
342 607 447 641 solent,
464 609 643 643 spectemus,
668 605 752 633 facile
773 605 884 641 pespici
905 607 1010 640 potest.

185 653 246 690 Ipsi
261 652 372 689 quippe
387 651 462 679 muti
477 651 610 687 magistri
631 650 738 686 (qualis
762 650 840 677 enim
866 649 919 684 vir,
943 649 1012 676 talis

186 697 292 733 oratio)
306 704 382 733 quos
396 695 526 724 condidit
540 697 569 723 et
584 695 620 722 ad
637 697 770 730 posteros
785 693 961 727 transmisit,
978 693 1013 720 de

187 742 235 770 his
249 741 412 778 loquuntur
427 740 523 767 fusius
531 742 560 767 et
568 739 732 775 elegantius
744 738 899 773 veriusque
909 737 1011 765 testiﬁ-

187 787 395 821 cantur,quam
412 784 490 812 ullus
505 783 668 819 quamlibet
682 783 828 810 facundus
843 784 940 809 orator
950 790 1013 817 pos-

187 831 225 859 sit
242 839 249 858 :
267 830 308 858 ita
323 831 356 857 ut
370 835 620 864 supervacaneum
642 827 768 863 putarim
786 826 820 854 de
837 826 883 854 his
898 826 1011 861 longio-

188 884 248 903 rem
282 877 379 902 texere
394 872 602 900 narrationem.
620 872 690 903 Ouis
706 880 771 899 vero
789 871 887 903 fuerit,
904 873 932 898 et
947 870 1013 906 quis

187 921 252 947 vitae
268 920 333 956 ejus
348 926 464 950 cursus,
481 925 591 953 quosve
607 924 779 952 progressus
796 915 935 947 fecerit,si
948 915 1013 950 quis
1030 929 1053 961 Β

189 963 263 992 scire
283 963 438 995 desideret,
456 970 490 989 ex
504 961 559 989 hac
579 960 799 988 narratiuncula
810 960 912 996 paucis
927 959 1012 987 intel-

189 1009 270 1044 liget.

224 1054 307 1080 Anno
323 1052 402 1086 1535,
423 1050 616 1079 nobilissimis
636 1053 665 1077 et
689 1049 860 1077 clarissimis
886 1049 1012 1085 parenti-

186 1097 243 1125 bus
259 1096 404 1125 Ludovico
419 1095 503 1124 Billio
528 1097 557 1122 et
575 1095 667 1122 Maria
696 1094 875 1122 Brichantsaa
906 1094 1013 1121 Guisite

185 1144 274 1170 natus
290 1143 408 1177 est,quo
421 1142 551 1176 tempore
562 1139 807 1176 generosissimus
824 1139 918 1174 ipsius
933 1141 1014 1174 pater

188 1186 353 1214 Ludovicus
376 1184 479 1213 Billius
503 1183 671 1212 Corvilleus
691 1183 745 1219 (sic
767 1183 845 1210 enim
862 1191 879 1210 a
894 1185 1014 1218 paterno

187 1233 219 1258 et
233 1229 344 1267 insigni
358 1238 430 1264 pago
444 1228 605 1261 Corvilltso,
631 1231 663 1255 ut
678 1230 779 1264 postea
809 1236 825 1255 a
854 1227 942 1255 nobili
961 1236 1015 1255 sua

190 1274 312 1302 Prunasa
325 1274 411 1302 domo
426 1275 455 1302 et
469 1273 530 1301 vico
546 1273 582 1301 ad
598 1273 760 1301 Carnutum
777 1272 843 1304 sito,
875 1272 1014 1299 Prunaeus

191 1318 433 1355 nuncupabatur)
456 1318 495 1346 ibi
523 1317 654 1353 proregis
693 1316 789 1344 officio
827 1316 1012 1352 fungebatur.

193 1364 359 1392 Admodum
381 1371 463 1399 puer,
490 1366 521 1391 ut
541 1372 557 1390 a
572 1363 680 1390 teneris
697 1362 784 1390 annis
799 1363 884 1390 bonis
913 1363 1016 1390 litteris

191 1417 226 1436 ac
238 1408 401 1444 disciplinis
414 1408 632 1440 informaretur,
649 1410 677 1435 et
692 1407 773 1435 velut
788 1415 854 1434 cum
870 1407 944 1434 lacte
960 1416 1016 1434 nu-

194 1452 276 1481 tricis
302 1451 496 1485 imbueretur,
534 1451 680 1479 Lutetiam
719 1451 895 1479 Parisiorum
926 1451 1014 1479 venit.

196 1496 287 1531 Unde,
298 1497 387 1532 jactis
412 1496 582 1524 Latinarum
604 1496 767 1523 litterarum
797 1496 876 1531 (nam
903 1496 1016 1524 Grzccas

196 1544 310 1569 tantum
327 1541 474 1577 attigerat)
491 1541 699 1572 fundamentis,
716 1549 733 1568 a
749 1540 922 1576 parentibus
938 1550 1016 1569 revo-

194 1588 286 1620 catus,
302 1585 347 1613 vix
367 1594 461 1613 annos
492 1588 578 1613 natus
593 1592 672 1620 xvm,
704 1585 850 1612 Aureliam
881 1588 909 1613 et
925 1585 1016 1613 Picta-

192 1639 261 1658 vum
278 1630 415 1664 mittitur,
433 1633 465 1657 ut
483 1629 724 1666 jurisprudentize
752 1632 870 1657 navaret
885 1638 1014 1665 operam,

184 1675 241 1703 Sed
258 1675 335 1703 hanc
347 1674 468 1708 lusisse,
485 1674 515 1701 in
531 1673 637 1709 illaque
653 1673 736 1707 nihil,
759 1676 811 1701 aut
826 1683 928 1709 parum
946 1683 1014 1710 pro—

185 1720 323 1753 movisse,
338 1719 399 1747 sive
422 1718 585 1747 reluctante
611 1721 639 1746 et
662 1718 753 1746 invita
778 1719 842 1754 ejus
872 1719 1013 1754 minerva,

187 1764 248 1792 sive
261 1764 400 1792 ohctsnte
412 1763 530 1799 juniore
545 1763 596 1791 illa
611 1765 694 1790 «etate
718 1764 753 1791 ad
766 1763 914 1798 juveniles
929 1763 1014 1792 lusus

185 1808 390 1845 propensiore,
416 1808 476 1836 sive
500 1808 588 1835 etiam
615 1810 671 1835 Deo
697 1808 733 1836 ad
757 1807 932 1835 sublimiora
946 1816 1013 1836 eum

184 1853 284 1882 studia
298 1853 475 1886 destinante,
493 1852 618 1888 ingenue
634 1852 718 1879 fateri
743 1852 864 1885 solebat,
890 1860 1014 1888 eamque

187 1898 331 1933 temporis
343 1897 414 1933 (quo
426 1897 498 1924 nihil
515 1897 633 1924 tandem
660 1897 762 1924 habuit
776 1896 1014 1932 charius)jactu-

187 1949 250 1969 ram
266 1941 445 1978 saepiuscule
460 1941 589 1977 lugebat.

221 1986 416 2015 Postmodum
442 1985 613 2022 parentibus
637 1986 757 2013 orbatus
789 1985 964 2021 Lugdunum
986 1988 1014 2013 et

185 2028 356 2058 Avinionem
372 2033 416 2065 (ea
431 2038 565 2065 quaerens
580 2029 644 2058 loca
659 2029 688 2057 in
718 2030 827 2065 quibus
856 2038 872 2057 a
895 2030 1013 2058 nemine

185 2076 406 2110 agnosceretur,
423 2082 480 2110 quo
492 2073 614 2102 liberius
630 2077 658 2101 et
683 2074 858 2102 familiarius
875 2083 1012 2103 mansue-

184 2118 311 2146 tioribus
326 2119 421 2146 musis
438 2119 593 2154 frueretur)
610 2119 817 2155 proficiscitur,
842 2120 891 2147 ubi
918 2120 1012 2148 incre-

182 2163 270 2192 nibili
287 2163 453 2191 litterarum
475 2163 625 2191 Gaacarum
650 2172 750 2192 amore
778 2166 900 2199 ﬂagrare
915 2164 1012 2200 coepit.

186 2208 217 2236 ln
232 2208 344 2244 quibus
359 2207 441 2236 nullo
461 2216 535 2244 pene
560 2210 735 2244 praeceptore
758 2217 841 2244 usus,
858 2217 911 2236 sua
927 2209 1012 2237 indu-

144 2291 149 2293 Α
186 2252 261 2280 atria
272 2253 318 2288 (ut
332 2252 447 2289 sagacis
462 2255 525 2280 erat
540 2253 661 2288 ingenii,
682 2253 829 2280 memoria:
845 2254 966 2285 tenacis,
985 2256 1013 2281 et

1068 283 1175 328 quibus
1197 291 1337 324 scatebat,
1365 289 1480 318 mendis
1505 290 1534 316 et
1564 285 1686 315 salebris
1715 283 1892 320 repurgandi

1068 339 1155 372 atque
1170 335 1348 363 illustrandi.
1374 335 1454 366 Quod
1480 332 1580 360 nullus
1606 338 1733 366 unquam
1751 328 1826 357 alius
1842 335 1891 364 ag-

1068 381 1148 418 gredi
1165 389 1256 409 ausus
1270 379 1372 413 est,vel
1388 387 1422 406 ea
1437 386 1508 406 sane
1522 375 1668 412 elegantia
1682 376 1711 402 et
1726 373 1820 401 nitore
1834 380 1895 400 ser~

1070 426 1176 459 monis,
1194 433 1287 460 eaque
1302 423 1439 452 felicitate
1455 425 1483 450 et
1507 421 1573 453 fide,
1597 422 1626 448 et.
1648 418 1774 447 oratoria
1789 419 1817 445 et
1832 424 1892 444 me-

1070 471 1144 498 trica
1158 478 1217 505 qua
1230 469 1303 504 ipse,
1319 469 1458 504 praestare
1474 465 1578 502 potuit.

1106 514 1145 542 lbi
1162 522 1230 549 ergo
1260 514 1330 541 dum
1359 510 1512 542 delitescit,
1540 512 1570 538 et.
1587 507 1753 536 mirabilem
1780 505 1894 534 Graeca-

1070 567 1135 587 rum
1148 558 1312 586 litterarum
1328 557 1408 584 sitim
1434 555 1481 583 die
1506 556 1647 589 nocteque
1672 551 1777 587 explet,
1794 553 1822 578 et
1836 549 1894 577 lin-

1070 612 1133 640 gua:
1145 602 1290 630 Hebraicis
1298 602 1353 629 sub
1364 601 1464 629 Judzeo
1477 599 1603 635 quodam
1615 597 1786 625 rudimenta
1799 594 1892 640 ponit,

1070 639 1144 676 ecce.
1160 648 1206 675 vix
1221 649 1320 674 exacto
1346 644 1480 673 Avinioni
1507 643 1626 671 biennio
1654 650 1670 669 ιι
1693 639 1851 668 reverendo
1866 640 1896 666 et

1070 692 1295 729 pientiss.fratre
1309 691 1422 718 Joanne
1438 688 1521 716 Billio
1534 688 1637 715 abbate
1653 685 1751 713 Sancti
1764 683 1894 729 rMichae-

1070 727 1106 764 lis
1123 737 1150 764 in
1168 737 1281 768 Eremo,
1305 737 1332 762 et
1357 734 1429 761 divas
1459 732 1553 760 Maria:
1579 731 1609 758 in
1637 728 1772 765 Regiensi
1796 727 1894 755 insula

1070 781 1227 810 accersitur
1256 783 1284 807 et
1311 781 1471 806 revocatur.
1495 777 1569 804 Tum
1600 775 1677 802 enim
1702 774 1737 801 de
1766 771 1893 800 abbatiis

1069 826 1138 860 illis,
1154 826 1248 861 deque
1263 824 1360 859 amplo
1376 826 1404 850 et
1419 821 1507 850 nobili
1525 819 1699 857 patrimonio
1714 817 1830 853 (quippe
1841 816 1892 851 qui

1071 871 1193 898 fratrum
1211 872 1282 897 natu
1296 871 1357 896 erat
1374 867 1531 899 maximus)
1542 867 1570 893 et
1582 865 1616 892 de
1627 864 1690 899 ipso
1702 861 1891 896 relinquendo

1070 914 1296 950 szeculo,dcque
1326 921 1399 940 novo
1428 912 1491 938 vitae
1520 917 1624 946 genere
1654 906 1834 935 instituendo
1864 907 1893 932 et

1068 959 1233 995 deligendo,
1249 966 1355 993 nempe
1370 956 1562 984 Chartusiano
1574 956 1617 986 (ut
1633 953 1680 981 via
1695 951 1818 979 arctiore
1831 949 1893 986 qui-

1068 994 1199 1037 dem7,sed
1217 1003 1305 1031 etiam
1322 1003 1356 1029 ad
1365 1002 1454 1028 vitam
1466 994 1892 1033 ccalestemgcompendiosiore)

1069 1049 1276 1082 meditabatur,
1293 1055 1325 1074 ac
1340 1046 1526 1074 vehementer
1550 1043 1685 1079 cupiebat
1704 1041 1733 1068 in
1749 1048 1837 1068 suum
1854 1039 1894 1066 lo-

1069 1102 1135 1121 cum
1151 1093 1292 1121 Jacobum
1314 1092 1401 1118 fratre
1426 1089 1569 1123 sufﬁcere,
1600 1096 1633 1115 ac
1663 1086 1718 1114 sibi
1742 1091 1892 1113 successo-

1069 1146 1129 1165 rem
1146 1137 1319 1172 relinquere,
1338 1144 1395 1163 non
1411 1137 1471 1162 tam
1488 1134 1600 1162 ratione
1620 1132 1751 1159 fraterna:
1767 1127 1893 1157 necessi-

1068 1182 1193 1215 tudinis,
1209 1184 1259 1209 aut
1279 1181 1375 1208 carnis
1395 1182 1424 1208 et
1445 1177 1598 1214 sanguinis
1615 1178 1690 1212 (quae
1708 1175 1772 1210 jam
1791 1173 1830 1201 illi
1846 1172 1890 1201 vi-

1069 1227 1296 1262 luerant),quam
1312 1225 1391 1252 illius
1407 1222 1567 1259 singularis
1578 1220 1694 1258 pietatis
1709 1222 1737 1247 et
1752 1217 1892 1262 eruditio-

1070 1272 1126 1307 nis,
1148 1261 1257 1307 quaaiin
1268 1270 1332 1305 ipso
1348 1269 1486 1296 omnibus
1507 1266 1675 1302 affulgebat,
1702 1264 1843 1298 concepta
1858 1261 1894 1307 de

1070 1305 1209 1350 eo,ivelut
1224 1315 1259 1342 de
1275 1316 1372 1350 segete
1386 1313 1416 1340 in
1429 1312 1526 1340 herbis
1542 1319 1592 1346 spe
1608 1309 1696 1345 (haud
1714 1316 1785 1336 sane
1800 1305 1893 1341 inani)

1070 1369 1137 1389 eum
1154 1363 1268 1387 tantum
1291 1358 1448 1394 aliquando
1477 1357 1547 1388 fore,
1572 1356 1620 1390 qui
1652 1353 1704 1381 Dei
1732 1351 1893 1380 Ecclesium

1071 1413 1247 1441 magnopere
1264 1406 1378 1440 juvaret
1402 1406 1430 1429 et
1449 1403 1610 1429 exornaret.
1638 1398 1693 1426 Sed
1719 1397 1763 1424 vix
1787 1395 1892 1423 adduci

1072 1450 1165 1487 potuit
1180 1449 1349 1476 adolescens
1365 1448 1495 1474 nondum
1512 1453 1604 1473 annos
1621 1445 1705 1471 natus
1721 1441 1851 1477 quinque
1866 1442 1895 1467 et

1070 1494 1183 1530 viginti,
1202 1497 1233 1521 ut
1248 1494 1309 1520 haec
1325 1492 1487 1520 sacerdotia
1497 1491 1727 1525 susciperet,sua
1740 1487 1895 1514 contentus

1072 1539 1251 1566 Ferrariensi
1266 1536 1485 1568 abbatiuncula,
1502 1542 1614 1570 suoque
1630 1536 1699 1568 (quo
1715 1539 1761 1559 me
1776 1530 1895 1558 tandem

1073 1592 1180 1619 magna
1196 1592 1250 1611 sua
1266 1591 1335 1618 erga
1350 1591 1394 1609 me
1417 1579 1618 1608 benevolentia
1643 1576 1755 1605 ornavit
1771 1578 1799 1603 et
1813 1575 1894 1602 locu-

1073 1628 1201 1665 pletavit)
1219 1628 1347 1663 prioratu
1363 1626 1544 1657 Tossiniaco,
1562 1625 1637 1658 quod
1659 1621 1839 1650 existimaret
1849 1619 1894 1646 his

1071 1674 1209 1701 oneribus
1223 1672 1405 1700 sustinendis
1421 1671 1550 1706 impares
1566 1677 1596 1696 se
1613 1668 1719 1696 habere
1743 1666 1893 1698 humeros,

1070 1719 1209 1754 ipsosque
1233 1717 1346 1753 amplos
1371 1717 1528 1751 proventus
1553 1713 1660 1749 szepius
1684 1719 1748 1739 esse
1770 1708 1894 1745 impedi-

1069 1752 1170 1790 mento
1184 1752 1348 1790 litterarum
1373 1759 1479 1788 studiis
1504 1760 1640 1794 (quorum
1666 1756 1727 1784 solo
1749 1752 1894 1782 desiderio

1069 1806 1233 1841 tenebatur)
1251 1814 1339 1841 quam
1356 1805 1537 1839 adjnmento.
1550 1802 1659 1829 Verum
1684 1798 1819 1836 precibus
1837 1797 1893 1824 fra<

1069 1851 1122 1879 tris
1138 1854 1166 1879 et
1181 1851 1342 1878 amicorum
1358 1849 1452 1876 victus
1467 1856 1500 1876 ea
1515 1846 1649 1881 suscipil,
1666 1852 1723 1872 non
1748 1843 1812 1871 sine
1837 1841 1893 1869 fre-

1069 1896 1171 1932 quenti
1188 1898 1287 1931 postea
1302 1894 1387 1921 taedio
1403 1901 1436 1920 ac
1452 1899 1585 1920 maerore.
1603 1891 1644 1918 ita
1660 1890 1758 1917 autem
1775 1888 1805 1915 in
1820 1886 1894 1922 ipsis

1068 1931 1100 1968 se
1115 1940 1216 1976 gessit,
1233 1942 1319 1975 atque
1335 1939 1364 1965 in
1380 1938 1460 1965 omni
1485 1936 1601 1973 pietatis
1626 1941 1730 1971 genere
1745 1931 1914 1966 excelluit,“

1070 1987 1101 2013 ut
1116 1993 1173 2012 non
1191 1985 1277 2012 modo
1294 1983 1448 2011 coenobitis
1464 1982 1537 2014 suis,
1555 1981 1604 2008 sed
1622 1983 1650 2007 et
1665 1977 1803 2007 omnibus
1822 1976 1896 2004 vici-

1069 2030 1125 2062 nis,
1142 2029 1270 2065 illucque
1285 2027 1512 2056 adventantibus
1527 2024 1735 2060 velutjuvenis
1751 2023 1823 2051 alter
1838 2022 1897 2050 Da—

1069 2075 1124 2102 niel
1142 2073 1327 2102 admirationi
1344 2075 1373 2100 et
1388 2071 1520 2107 exemplo
1536 2072 1623 2098 esset.

1103 2120 1156 2147 Sed
1174 2119 1250 2146 hanc
1264 2118 1348 2146 nobis
1374 2121 1402 2144 et
1417 2117 1466 2144 Dei
1492 2116 1627 2144 Ecclesiae
1653 2114 1787 2142 invidens
1804 2111 1896 2140 felici-

1068 2166 1156 2192 tatem
1173 2164 1220 2191 ille
1237 2164 1287 2199 qui
1303 2171 1357 2190 sua
1372 2161 1481 2189 invidia
1498 2163 1620 2188 mortem
1639 2159 1747 2187 invexit
1762 2158 1792 2185 in
1809 2165 1895 2184 mun-

1068 2210 1151 2242 dum,
1166 2208 1302 2236 secundis
1327 2207 1412 2235 bellis
1441 2206 1576 2233 civilibus
1605 2206 1640 2232 ad
1670 2203 1861 2231 defectionem
1879 2209 1896 2228 ι

1067 2262 1134 2289 rege
1145 2256 1173 2280 et
1188 2253 1318 2280 Ecclesia
1334 2251 1512 2287 Rupellanos
1527 2251 1588 2285 (eos
1600 2249 1710 2284 excipio
1726 2247 1835 2283 quibus
1850 2247 1895 2274 in-

188 2297 314 2332 peraeris
326 2297 444 2332 judicii)
459 2297 665 2333 indefessoque
680 2297 778 2325 labore
793 2297 835 2324 ita
850 2297 928 2325 brevi
945 2307 1012 2333 pro-
1030 2299 1052 2330 D
1068 2301 1130 2326 erat
1145 2297 1272 2326 scintilla
1287 2296 1419 2332 quaedam
1435 2295 1552 2331 pietatis
1567 2296 1596 2321 et
1612 2293 1721 2321 amoris
1737 2300 1807 2327 erga
1821 2291 1896 2318 litte-

186 2340 263 2375 fecit,
282 2343 316 2370 ut
330 2349 441 2369 coaevos
457 2349 527 2369 suos
543 2349 646 2368 omnes
660 2342 857 2374 anteverterit,
868 2341 1013 2378 longoque

186 2387 253 2420 post
272 2393 304 2414 se
323 2384 475 2414 intervallo
501 2385 662 2421 reliquerit,
686 2386 751 2413 imo
776 2388 804 2413 et
827 2394 935 2421 paucos
960 2395 1013 2414 suo

189 2429 298 2458 amulo
319 2438 405 2466 pares
430 2429 566 2457 habuerit
583 2439 589 2458 :
607 2438 696 2466 super
712 2439 796 2458 senes
814 2430 953 2458 nimirum
970 2433 1014 2466 (ut

187 2473 346 2510 Scriptura:
360 2474 458 2503 verbis
473 2477 540 2502 utar
553 2474 588 2511 ⁸⁸)
604 2474 784 2502 intellexisse
808 2475 933 2508 videtur,
950 2484 1012 2503 ma-

183 2518 263 2547 xime
277 2517 306 2546 in
320 2519 414 2547 sacris
427 2521 455 2546 et
470 2519 599 2554 antiquis
625 2519 833 2555 intelligendis,
856 2520 1012 2547 enuclean-

183 2562 242 2596 dis,
259 2562 488 2599 interpretandis
508 2565 538 2590 et
564 2563 755 2591 traducendis
779 2563 887 2591 Graecis
912 2566 1012 2591 aucto-

182 2607 275 2637 ribus.
292 2607 373 2636 Inter
386 2615 460 2643 quos
469 2615 659 2643 summopere
671 2607 832 2636 delectatus
847 2610 892 2636 est
907 2608 1012 2636 D.Gre-

182 2652 264 2689 goria
279 2652 463 2681 Nazianzeno
478 2653 636 2690 Theologo,
649 2662 716 2681 cum
729 2656 847 2690 propter
863 2662 1011 2682 summam

182 2696 249 2732 ejus
262 2695 539 2732 eloquentiam,tum
556 2698 593 2725 ob
604 2697 782 2734 singularem
794 2698 857 2734 ejus
874 2698 1011 2735 pietatem

182 2742 215 2769 et
227 2741 392 2771 doctrinam
410 2750 418 2769 :
436 2742 514 2770 unde
527 2744 600 2770 tunc
615 2742 755 2778 temporis
779 2743 902 2771 incessit
917 2743 942 2771 ei
957 2752 1011 2771 cu-

219 2848 243 2866 "
257 2847 336 2878 Pal.
351 2856 450 2885 exvnl,
466 2849 528 2878 100.

2 3159 75 3202 ημ-
59 3159 250 3200 τηςτξέέμίτιττβ·
375 3180 389 3195 ι
413 3168 420 3178 ῖ

157 3177 371 3200 »καιρίων
387 3190 418 3199 Α-

1069 2343 1158 2378 ratos)
1182 2341 1261 2370 velut
1285 2350 1318 2369 ex
1340 2349 1406 2368 orco
1431 2349 1485 2368 suo
1510 2341 1538 2367 et
1566 2341 1708 2373 tanquam
1736 2336 1848 2364 alacres
1867 2337 1896 2363 et

1068 2387 1326 2423 peraccommodos
1343 2385 1447 2413 nefarii
1476 2384 1521 2412 sui
1551 2382 1679 2411 instituti
1703 2380 1895 2409 administros

1069 2431 1332 2466 suscitat,quorum
1345 2428 1507 2456 ministerio
1520 2428 1548 2455 id
1561 2435 1630 2463 erga
1640 2434 1746 2454 novum
1757 2424 1893 2453 abbatem

1068 2475 1253 2510 eti'ecit,quod
1266 2475 1335 2502 olim
1345 2482 1413 2509 erga
1426 2474 1532 2501 Jobum
1549 2480 1665 2500 servum
1676 2470 1725 2498 Dei
1740 2471 1892 2499 eximium.

1068 2520 1141 2548 Nam
1157 2520 1215 2547 duo
1237 2520 1302 2555 ejus
1328 2518 1506 2546 monasteria
1532 2516 1574 2544 illi
1591 2518 1777 2548 exusserant,
1794 2515 1895 2544 dirue-

1068 2566 1136 2591 runt
1164 2566 1193 2591 et
1219 2564 1281 2591 solo
1311 2564 1513 2598 adaequarunt.
1542 2562 1666 2589 Arbores
1695 2560 1783 2588 etiam
1813 2560 1894 2596 (nam

1067 2608 1128 2635 illic
1142 2611 1204 2636 erat
1221 2608 1249 2635 in
1265 2608 1362 2636 littore
1376 2607 1466 2635 maris
1481 2607 1565 2634 lucus
1581 2606 1737 2634 arboribus
1754 2607 1894 2642 perpetuo

1065 2653 1279 2680 vireseentibus
1296 2653 1439 2685 consitus,
1468 2655 1496 2680 et
1512 2660 1708 2688 perammnus,
1739 2650 1893 2686 musisque

1065 2698 1250 2733 aptissimus)
1265 2697 1370 2733 partim
1395 2697 1594 2731 succiderunt,
1626 2695 1732 2732 partim
1749 2695 1892 2723 radicitus

1066 2741 1252 2776 avulsarunt;
1269 2745 1298 2770 et
1312 2743 1456 2778 quotquot
1475 2741 1504 2768 in
1529 2740 1767 2769 Sanmichaelina
1781 2747 1847 2768 arce
1862 2741 1894 2767 et
