4110 6418
344 388 463 447 3'79

1587 375 1938 437 ELOGlUM
1984 372 2067 435 JA
2079 371 2251 433 COBI
2301 368 2560 430 BILLll.

3645 359 3772 423 800

346 517 568 588 templo
598 516 753 571 viros
784 513 1115 587 religiosos,
1150 511 1366 567 milites
1397 526 1463 565 ac
1512 508 1779 564 subditos
1825 506 1996 577 (quos
2028 506 2080 572 Α
2109 508 2320 576 praeter
2348 503 2796 558 innumerorum
2825 494 3402 568 consanguineorum
3455 496 3514 553 et
3544 492 3765 551 amico-

350 609 427 662 ibi
461 606 620 661 velut
652 604 1051 677 prwsidiarios
1084 603 1327 673 privatis
1386 598 1725 669 sumptibus
1785 596 1995 665 alebat)

348 696 604 751 admotis
629 692 853 748 bellicis
906 692 1211 747 tormentis
1255 692 1585 760 expugnato
1634 690 1994 756 repererunt,

349 783 663 840 crudeliter
693 779 1256 844 trudidarunt,alios
1287 776 1499 850 gladiis
1529 775 1995 838 conscindentes,

350 874 495 929 alios
527 873 731 943 laqueo
762 872 1159 943 praefocantes,
1195 867 1338 921 alios
1370 863 1687 937 praecipitio
1720 862 1995 917 colliden-

348 969 457 1033 tes,
491 961 637 1017 alios
669 960 991 1015 semineces
1024 974 1087 1011 ac
1118 957 1276 1010 vivos
1307 957 1362 1010 in
1399 958 1604 1025 puteos
1630 952 1998 1023 projicientes

347 1057 508 1108 Hanc
540 1050 695 1105 enim
730 1065 898 1103 suam
933 1046 1121 1118 primo
1154 1044 1378 1099 rabiem
1403 1044 1458 1097 in
1477 1042 1701 1097 vicinos
1728 1056 1996 1096 evomue-

348 1146 509 1207 runt,
533 1155 715 1209 eoque
748 1136 1045 1191 crudelius
1074 1134 1405 1201 saevierunt,
1440 1150 1555 1203 quo
1588 1131 1846 1187 sanctior
1876 1132 2000 1183 erat

346 1231 509 1285 locus
540 1234 596 1283 et
628 1228 953 1282 sanctiores
986 1226 1099 1296 ipsi
1132 1224 1334 1278 incolae
1376 1223 1570 1295 (cibus
1602 1221 1757 1275 enim
1807 1218 1997 1291 ipsius

349 1321 575 1374 Satana
607 1322 670 1371 ut
696 1317 778 1370 ait
796 1315 1076 1387 propheta
1099 1314 1433 1381 8‘,electus);
1460 1311 1682 1365 invisus
1715 1308 1996 1363 nimirum

346 1408 463 1462 illis
496 1412 622 1462 erat
652 1411 773 1460 tam
806 1405 940 1475 pius
973 1402 1406 1473 abbas,quippe
1440 1400 1542 1471 qui
1578 1398 1855 1469 splendor
1884 1397 1996 1452 vir-

344 1498 491 1551 tutis
523 1513 640 1550 sua:
677 1499 920 1549 noctuas
950 1492 1096 1547 istas
1124 1490 1540 1563 perstringeret
1575 1532 1586 1543 .
1623 1489 1752 1559 Ipse
1801 1490 1997 1541 tamen

344 1591 486 1640 tunc
513 1584 733 1639 aberat.

420 1674 566 1730 Nam
600 1675 775 1744 paulo
806 1677 940 1726 ante
972 1672 1141 1742 (aegre
1192 1669 1452 1741 quidem,
1511 1666 1611 1721 sed
1662 1664 1903 1729 utiliter,
1933 1680 1998 1719 ac

349 1762 775 1818 ccenobitarum
809 1764 865 1815 et
895 1760 1219 1815 amicorum
1251 1773 1493 1813 suorum
1528 1754 1771 1811 consilio
1803 1758 1860 1809 et
1887 1754 1996 1807 im-

348 1852 620 1923 pulsu,ut
649 1850 761 1905 sibi
793 1850 982 1920 magis
1016 1849 1082 1903 ad
1118 1848 1449 1901 litterarum
1477 1845 1673 1901 studia
1705 1848 1763 1898 et
1794 1859 1995 1913 pacem

348 1956 525 2011 quam
560 1940 629 1994 ad
660 1956 823 1993 arma
857 1943 990 1993 nato
1022 1936 1569 2005 consuleret,seque
1602 1932 1698 1988 Dei
1724 1932 1993 1988 Ecclesiae

350 2030 421 2083 ad
456 2028 699 2083 meliora
751 2026 1031 2098 servaret)
1080 2026 1375 2080 Nannetas
1425 2042 1486 2078 se
1539 2026 1853 2094 receperat.
1890 2021 1992 2077 Ubi

347 2118 647 2189 aliquanto
673 2123 804 2189 post
833 2123 1095 2187 tempore
1122 2114 1230 2169 hac
1261 2118 1382 2169 tam
1411 2113 1741 2167 truculenta
1773 2127 1840 2166 ac
1872 2112 1995 2165 bar-

345 2206 489 2260 bara
520 2210 712 2277 strage
745 2206 816 2259 ab
848 2203 1147 2272 illustriss,
1184 2201 1488 2271 Martignio
1520 2200 1830 2255 Britannia!
1860 2216 1990 2269 pro-

346 2312 502 2367 rege,
538 2297 637 2366 qui
672 2300 797 2349 tum
827 2294 907 2349 ibi
942 2295 1161 2360 aderat,
1196 2297 1252 2347 et
1283 2291 1375 2346 cui
1425 2291 1484 2344 in
1539 2290 1632 2344 via
1681 2290 1825 2343 forte
1878 2288 1992 2342 for-

348 2389 489 2439 tuna
520 2388 870 2453 occurrerat,
907 2383 1160 2456 ptimum
1194 2381 1411 2447 audita,
1446 2382 1687 2435 domum
1721 2377 1913 2439 rediit,
1938 2380 1994 2431 et

343 2474 404 2526 in
437 2473 724 2545 lacrymas
756 2474 1042 2544 prorupit.
1077 2472 1159 2525 Ad
1188 2486 1364 2543 quem
1398 2471 1535 2523 dum
1561 2468 1773 2522 accedo
1806 2466 1853 2520 ei
1888 2482 1992 2537 pro

341 2561 492 2616 virili
536 2562 755 2633 aliquid
791 2561 983 2617 solatii
1042 2559 1470 2630 impertiturus,
1529 2572 1665 2611 voce
1725 2555 1991 2610 faucibus

344 2668 461 2723 prae
512 2669 727 2725 angore
776 2652 1030 2706 hairente
1093 2651 1153 2704 in
1220 2650 1509 2721 lacrymas
1586 2644 1761 2700 simul
1814 2644 1988 2699 etiam

341 2757 608 2811 erumpo,
639 2740 856 2811 quibus
888 2745 1131 2811 uterque
1164 2744 1286 2793 tam
1342 2735 1739 2791 miserabilem
1771 2733 1987 2789 caedem

342 2829 562 2883 affatim
596 2833 943 2900 prosecutus
974 2834 1082 2892 est,
1108 2828 1341 2898 fuitque
1392 2825 1619 2895 virique
1668 2828 1793 2879 tum
1827 2840 1986 2894 quaa-

340 2918 477 2971 dam
512 2918 647 2973 flere
668 2918 959 2989 voluptas.
994 2918 1104 2972 Sed
1139 2918 1376 2971 tandem
1413 2914 1812 2970 arescentibus
1844 2912 1983 2979 illis,

340 3011 395 3061 et
421 3024 567 3079 pene
616 3007 935 3071 exhaustis,
987 3006 1359 3076 collectisque
1409 3004 1645 3068 animis,
1705 3003 1986 3074 Deus(in-

341 3095 579 3167 quiebat
608 3095 749 3167 ille),
780 3111 933 3150 vena
947 3105 1046 3149 uni.
1075 3098 1257 3163 gentes
1288 3095 1348 3148 in
1404 3092 1784 3148 ha’reditatem
1831 3100 1984 3145 tuam

335 3194 642 3255 posuerunt
692 3185 955 3255 (emplum
992 3188 1245 3238 sanctum
1292 3185 1449 3237 tuum
1481 3184 1541 3235 in
1578 3196 1866 3251 pomorum
1887 3195 1982 3233 cu-

2109 611 2261 653 rum,
2293 608 2470 664 quam
2506 591 2562 644 in
2596 588 2741 658 ipsis
2772 586 2928 654 fecit,
2955 587 3276 654 jacturam,
3321 581 3523 641 amisit.
3553 580 3764 651 primis

2104 681 2462 737 tumultibus
2490 680 2547 733 in
2581 676 2857 733 Drocensi
2884 690 3083 746 pugna
3102 671 3421 729 avunculos
3435 671 3584 727 duos
3603 670 3761 729 viros

2106 770 2563 833 illustrissimos,
2621 765 3037 821 Brichanteum
3115 760 3485 819 Bellovacum
3544 763 3602 817 et
3656 758 3753 815 Gi-

2106 861 2323 927 vrium,
2356 860 2589 922 fratres,
2622 856 2723 927 qui
2751 855 2808 909 in
2871 853 3064 926 prima
3122 850 3247 908 acie
3304 865 3437 909 cum
3473 848 3759 919 magistro

2108 951 2374 1021 equitum
2424 946 2649 1003 fortiter
2697 948 3026 1016 pugnantes
3074 940 3416 997 ceciderunt
3448 955 3461 999 :
3495 938 3591 997 hic
3629 938 3757 1008 qui-

2108 1040 2239 1094 dem
2274 1039 2332 1092 in
2366 1038 2494 1109 ipso
2525 1035 2821 1103 conﬂictu,
2855 1031 2954 1087 illa
2984 1048 3054 1086 ex
3084 1028 3323 1086 vulnere
3381 1028 3457 1085 ibi
3518 1032 3759 1099 accepto

2107 1127 2411 1198 aliquanto
2442 1129 2575 1197 post
2604 1128 2907 1194 tempore;
2938 1121 3251 1175 Prunaeum
3303 1116 3484 1179 etiam
3516 1115 3758 1177 fratrem

2108 1217 2416 1272 Claudium
2450 1214 2686 1269 Billium
2719 1211 2779 1266 in
2829 1209 3027 1282 praelia
3086 1208 3157 1263 ad
3217 1207 3536 1265 Jarnacum
3591 1222 3759 1265 com.-

2108 1306 2313 1373 misso,
2344 1305 2486 1359 dum
2527 1303 2745 1357 fractos
2801 1315 2868 1354 ac
2925 1297 3217 1369 fugientes
3276 1295 3471 1351 hostes
3524 1292 3756 1365 longius

2109 1395 2301 1451 acrius
2315 1392 2704 1465 persequitur;
2724 1388 3079 1445 Ludovicum
3105 1384 3341 1441 Billium
3361 1386 3755 1440 Vertrontsum

2108 1484 2357 1539 alterum
2390 1483 2628 1538 fratrem
2681 1480 2741 1533 in
2800 1476 3106 1533 obsidione
3166 1472 3493 1529 Pictavsnsi
3552 1471 3760 1528 urbem

2108 1575 2229 1646 regi
2261 1578 2318 1629 et
2347 1572 2571 1628 civibus
2603 1571 3001 1641 protegentem
3031 1583 3044 1633 ;
3078 1564 3223 1619 alios
3253 1562 3430 1618 etiam
3470 1561 3620 1617 duos
3643 1558 3761 1619 fra-

2106 1670 2229 1719 tres
2257 1662 2316 1717 in
2351 1660 2624 1716 Drocensi
2658 1658 2854 1731 praelio
2883 1671 3167 1727 :quorum
3193 1658 3311 1707 tres
3345 1651 3565 1723 priores
3597 1648 3760 1703 fuere

2106 1753 2332 1824 equites
2361 1750 2661 1821 Torquati,
2695 1754 2753 1803 et
2782 1746 3301 1817 Cataphractorum
3351 1740 3620 1811 equitum
3654 1738 3759 1794 du-

2108 1860 2203 1899 ces
2235 1840 2433 1913 inclyti
2461 1856 2527 1895 ac
2566 1837 2911 1894 fortissimi:
2946 1835 3043 1890 alii
3089 1831 3310 1888 strenui
3371 1835 3429 1884 et
3484 1826 3755 1900 generosi

2105 1930 2503 1987 adolescentes
2550 1927 2841 1998 peditibus
2908 1922 3299 1994 imperabant.
3362 1918 3603 1984 Horum,
3659 1917 3752 1972 in-

2105 2038 2305 2093 quam,
2339 2020 2611 2091 (quorum
2647 2016 2771 2088 ipse
2804 2014 2979 2070 etiam
3011 2012 3069 2066 in
3113 2009 3553 2078 Anlhologiasua
3584 2022 3756 2062 sacra

2105 2112 2397 2183 meminit)
2427 2116 2483 2165 et
2504 2109 2751 2165 aliorum
2804 2104 3268 2177 propinquorum
3322 2104 3379 2154 et
3425 2099 3752 2154 amicorum

2103 2199 2680 2274 quamplurimorum
2732 2195 3004 2249 interitus
3050 2207 3186 2247 eum
3234 2204 3446 2260 magno
3500 2186 3756 2258 perculit

2104 2291 2323 2356 dolore,
2354 2303 2706 2359 summaque
2759 2284 2951 2340 affecit
3006 2280 3247 2336 tristitia
3280 2296 3292 2334 :
3327 2279 3431 2335 sed
3460 2294 3585 2347 quas
3618 2292 3756 2331 mox

2103 2382 2161 2436 in
2202 2380 2464 2435 laetitiam
2513 2377 2867 2439 vertebatur,
2927 2373 3065 2427 dum
3126 2369 3410 2441 cogitaret
3464 2383 3563 2422 eos
3593 2371 3755 2421 velut

2104 2471 2247 2526 alios
2273 2468 2633 2525 Machabaeos
2683 2481 2785 2537 pro
2836 2462 2953 2518 aris
3002 2464 3060 2515 et
3113 2459 3277 2522 focis,
3320 2473 3421 2528 pro
3472 2454 3749 2521 Ecclesia,

2102 2577 2205 2632 pro
2256 2575 2389 2631 rege
2435 2562 2492 2612 et
2542 2554 2842 2628 republica
2893 2550 3118 2607 fortiter
3186 2545 3521 2604 dimicando
3579 2559 3751 2597 occu-

2101 2650 2321 2717 buisse,
2355 2652 2412 2703 et
2437 2664 2505 2702 ex
2550 2662 2657 2700 sua
2714 2641 2935 2698 familia
2992 2644 3049 2695 et
3097 2636 3442 2710 cognatione
3494 2632 3653 2688 velut
3680 2648 3751 2686 ex

2100 2756 2249 2810 equo
2282 2739 2535 2808 Trojano
2565 2739 2652 2791 tot
2678 2733 2833 2787 viros
2866 2731 3043 2785 fortes
3084 2733 3141 2783 et
3170 2727 3240 2782 de
3272 2722 3572 2796 republica
3601 2721 3751 2776 bene

2100 2830 2341 2885 meritos
2370 2826 2677 2883 exsiliisse.

2170 2916 2281 2971 Sed
2337 2913 2577 2969 tristitia
2631 2910 2733 2965 illa
2789 2910 2861 2963 de
2918 2906 3136 2962 crudeli
3196 2909 3253 2959 et
3326 2906 3571 2957 cruenta
3636 2900 3743 2954 Mi-

2095 3005 2421 3062 chaelitana
2448 3003 2603 3058 caede
2632 3000 2891 3056 et'ruina
2930 2997 3023 3067 (ds
3070 3012 3189 3066 qua
3232 2994 3357 3065 ipse
3404 2992 3465 3045 in
3516 3005 3742 3046 nuncu-

2097 3095 2323 3168 patoria
2352 3092 2453 3147 illa
2484 3089 2729 3162 epistola
2758 3089 2830 3144 ad
2861 3084 3131 3142 Carolum
3164 3081 3583 3152 Lotharingum
3615 3096 3741 3134 car-

2093 3182 2349 3238 dinalem
2410 3178 2866 3249 amplissimum,
2929 3190 3103 3245 quam
3164 3170 3321 3243 cpsri
3380 3168 3744 3225 Nazianzeno

338 3276 903 3345 stodz‘am,posuerunt
934 3274 1250 3327 morticinia
1280 3288 1565 3326 servorum
1591 3274 1812 3324 tuorum
1841 3285 1987 3323 escas
2017 3254 2062 3321 C
2099 3271 2366 3345 praefixit,
2402 3269 2576 3323 verba
2625 3266 2841 3321 faciens
2875 3281 2887 3318 :
2923 3264 3084 3328 Quis,
3138 3259 3352 3329 inquit,
3414 3256 3748 3312 Michaelini

344 3365 663 3421 volatilibus
694 3365 840 3427 cwli,
872 3379 1060 3418 carnes
1089 3365 1404 3417 sanctorum
1433 3367 1655 3414 tuorum
1689 3360 1874 3413 bestiis
1892 3368 1991 3413 ler—

342 3469 442 3520 raz,
476 3454 787 3525 e/fuderunt
815 3454 1141 3522 sanguinem
1162 3453 1410 3519 ipsorum
1428 3458 1687 3519 tauquam
1716 3451 1992 3520 aquam.“

342 3560 450 3598 non
481 3553 599 3598 erat
629 3545 726 3613 qui
752 3543 1015 3613 sepeliret
1042 3542 1107 3595 ⁸³.
1143 3542 1373 3595 Altaria
1404 3544 1501 3593 tua
1561 3540 1803 3602 Domine,
1827 3539 1991 3608 suffo-

344 3635 567 3699 derunt,
598 3638 651 3687 et
697 3648 884 3687 seruos
924 3639 1053 3685 tuos
1090 3629 1411 3685 occiderunt
1458 3628 1662 3699 gladio,
1720 3631 1769 3682 et
1798 3643 1892 3699 ego
1923 3644 1994 3681 ex

343 3721 711 3777 Michaelinis
743 3721 959 3776 nostris
989 3722 1215 3775 relictus
1244 3736 1363 3773 sum
1395 3719 1542 3773 solus
1571 3718 1633 3770 ⁸³.
1698 3718 1765 3771 Et
1796 3734 1994 3787 quem~

346 3812 663 3867 admodum
705 3811 899 3865 David.
936 3810 1137 3865 audita
1170 3815 1287 3864 tam
1322 3809 1535 3863 misera
1586 3806 1748 3861 clade
1800 3806 1993 3862 Saulis

336 3904 509 3971 jussu
545 3905 603 3955 et
636 3917 811 3954 manu
850 3905 1003 3971 Doeg
1030 3898 1267 3953 Idumaei
1302 3901 1633 3969 perpetrata
1666 3896 1991 3951 accisorum

345 3990 642 4061 octoginta
674 3989 935 4060 quinque
964 3990 1219 4043 virorum
1243 3987 1433 4058 ephod
1468 3986 1619 4040 lineo
1649 3986 1993 4040 vestitorum

347 4079 577 4132 dicebat
609 4079 679 4131 ad
716 4078 999 4132 Abiatbar
1030 4076 1214 4130 lilium
1249 4074 1696 4145 Achimelis,qui
1728 4073 1889 4129 solus
1924 4074 1993 4128 ad

344 4166 543 4237 ipsum
576 4183 643 4219 ex
675 4182 741 4220 ea
772 4166 1056 4236 effugerat
1089 4184 1100 4220 :
1136 4167 1241 4235 Ego
1262 4183 1383 4219 sum
1426 4182 1551 4220 reus
1598 4166 1852 4218 omnium
1876 4165 1998 4218 (mi—

346 4271 568 4308 marum
601 4255 788 4308 domus
814 4257 993 4325 patris
1014 4257 1094 4308 lui
1120 4256 1163 4289 ³⁷
1200 4271 1210 4307 :
1246 4254 1329 4308 ita
1354 4259 1411 4308 et
1437 4253 1583 4325 ipse,
1633 4258 1690 4307 et
1729 4254 1868 4323 Ego,
1902 4253 1995 4305 in-

350 4342 498 4413 quit,
533 4359 665 4396 reus
699 4360 831 4396 sum
883 4343 1147 4397 omnium
1197 4343 1528 4397 animarum
1581 4342 1853 4397 istarum.
1886 4342 1995 4396 Sed

350 4432 635 4487 luctuosis
668 4431 784 4487 illis
812 4432 988 4487 etiam
1021 4431 1213 4485 verbis
1241 4447 1346 4501 ego
1379 4448 1510 4484 eum
1554 4430 1805 4499 solabar,
1839 4431 1994 4501 quod

350 4522 580 4576 etidem
607 4522 763 4593 quod
795 4521 997 4575 Davidi
1025 4520 1147 4575 viro
1206 4520 1499 4575 innocenti
1557 4526 1614 4575 et
1671 4521 1995 4575 secundum

2098 3360 2280 3415 nostri
2312 3357 2558 3414 coenobii
2591 3357 2817 3411 cladem
2845 3352 2964 3407 ulla
2994 3350 3321 3423 quamlibet
3368 3348 3590 3419 tragica
3619 3362 3747 3402 ora-

2099 3449 2259 3505 tione
2292 3465 2392 3519 pro
2425 3446 2505 3501 rei
2528 3445 2828 3501 atrocitate
2858 3440 3161 3513 deplorare
3192 3437 3437 3509 queat?)
3467 3442 3533 3491 ut
3560 3437 3748 3505 major

2101 3543 2246 3602 erat,
2281 3537 2363 3591 ita
2394 3535 2549 3589 cordi
2583 3535 2711 3605 ejus
2742 3537 2799 3587 et
2830 3531 3025 3585 animo
3049 3528 3281 3600 penitus
3313 3542 3379 3580 ac
3409 3526 3632 3579 diutius
3664 3525 3755 3577 in-

2101 3628 2287 3682 haesit.
2323 3630 2533 3680 Postea
2565 3624 2798 3693 regione
2829 3618 2932 3674 illa
2961 3620 3329 3684 exturbatus,
3380 3616 3497 3669 huc
3528 3620 3586 3669 et
3614 3614 3753 3669 illuc

2102 3717 2301 3787 vagari
2335 3714 2528 3785 cmpit,
2564 3719 2621 3767 et
2650 3709 3090 3783 peregrinorum
3127 3722 3288 3762 more
3336 3703 3609 3776 cupidius
3658 3719 3753 3757 ex-

2104 3808 2365 3875 spectare
2380 3802 2745 3872 etinquirere
2766 3799 3061 3854 civitatem
3082 3796 3242 3851 illam
3258 3794 3519 3851 futuram
3537 3797 3752 3848 statam

2103 3899 2159 3949 et
2190 3892 2335 3947 nulli
2368 3890 2652 3946 bellorum
2687 3905 2753 3943 ac
2785 3892 3118 3958 temporum
3167 3885 3221 3937 vi
3253 3888 3309 3937 et
3357 3882 3589 3953 injuria
3622 3897 3750 3952 per—

2103 3984 2278 4037 viam.
2313 3981 2567 4036 Secessit
2596 3978 2785 4049 primo
2821 3975 3161 4031 Laodunum
3213 3973 3283 4028 ad
3331 3971 3748 4027 charissimum

2106 4074 2342 4127 fratrem
2375 4074 2432 4124 et
2473 4067 2854 4123 rsverendum
2914 4064 3160 4120 ccenobii
3211 4061 3413 4119 Sancti
3464 4058 3753 4115 Vincentii

2106 4162 2399 4225 abbatem,
2447 4159 2505 4211 in
2568 4174 2704 4229 quo,
2764 4161 2821 4211 et
2875 4155 3334 4221 Sandionysiaco
3392 4151 3514 4222 (ubi
3574 4149 3753 4205 etiam

2107 4250 2325 4306 summi
2354 4249 2566 4320 prioris
2598 4262 2837 4302 munere
2870 4244 3265 4316 fungebatur),
3315 4241 3536 4311 aliquot
3567 4254 3755 4293 annos

2105 4338 2392 4409 transegit
2440 4336 2692 4409 propriis
2743 4334 3023 4389 coenobiis
3072 4331 3305 4403 pulsus,
3365 4335 3422 4385 et
3469 4328 3756 4384 reditibus

2107 4427 2633 4500 spoliatus.Verum
2666 4440 2899 4495 semper
2916 4422 3165 4494 cupidus
3184 4419 3472 4477 revisendi
3508 4416 3755 4473 Michae-

2108 4517 2213 4573 lini
2245 4516 2529 4577 soli,inita
2558 4531 2697 4587 pace
2719 4518 2777 4569 et
2807 4511 3028 4568 sedatis
3050 4515 3350 4580 utcunque
3370 4506 3755 4571 tumultibus,

350 4629 448 4667 cor
477 4612 708 4666 Domini
739 4609 1100 4681 contigisset,
1136 4610 1458 4680 eodemque
1519 4625 1662 4680 pene
1719 4608 1831 4663 telo
1862 4624 1995 4662 cum
2030 4624 2074 4688 ῃ
2109 4608 2281 4662 modo
2319 4604 2621 4667 Lutetiam,
2656 4603 2827 4657 modo
2858 4599 3276 4673 Uysonvillam,
3318 4597 3500 4652 modo
3523 4595 3754 4650 Nanne-

348 4720 412 4757 eo
448 4702 709 4757 conﬁxus
748 4701 971 4756 fuisset.

421 4792 554 4848 Post
584 4791 733 4846 hanc
766 4792 1000 4845 ruinam
1033 4795 1086 4844 et
1120 4788 1333 4843 caedem
1367 4786 1731 4841 Nannetibus
1766 4801 1996 4840 menses

346 4881 564 4951 aliquot
599 4887 1017 4948 commoratur,
1054 4896 1164 4932 non
1202 4875 1401 4948 procul
1440 4876 1594 4946 (quia
1623 4875 1865 4946 propius
1895 4891 1993 4929 ac-

342 4971 545 5024 cedere
578 4986 688 5024 non
723 4970 955 5039 licebat)
986 4985 1019 5020 a
1050 4966 1311 5021 ccencbio
1361 4981 1489 5032 suo,
1542 4964 1755 5019 similis
1789 4963 1993 5017 avibus

343 5057 461 5111 illis
481 5074 603 5126 quae
637 5057 789 5112 nidis
822 5058 997 5111 etiam
1032 5055 1087 5109 in
1123 5060 1339 5109 terram
1372 5054 1635 5108 excussis
1668 5053 1988 5107 circumvo-

345 5146 512 5200 litare
545 5144 755 5213 solent,
790 5163 891 5200 nec
924 5145 1096 5215 longe
1140 5144 1471 5198 abscedere.
1520 5142 1675 5196 Nihil
1728 5159 1986 5213 unquam

344 5234 396 5287 ei
432 5233 722 5288 funestius
749 5251 814 5287 ac
844 5233 1073 5287 tristius
1122 5232 1462 5302 contigisse,
1531 5231 1811 5302 nulloque
1863 5247 1992 5303 gra-

342 5322 487 5375 viori
521 5338 658 5375 casu
684 5326 741 5375 et
771 5322 968 5375 dolore
1016 5323 1072 5374 in
1124 5322 1243 5375 vita
1286 5320 1620 5392 perculsum
1664 5320 1847 5375 fuisse
1896 5336 1988 5374 me

345 5410 485 5464 mini
524 5427 535 5463 :
571 5425 909 5479 quanquam
942 5409 1127 5463 multa
1149 5409 1199 5465 ei
1232 5409 1424 5464 tristia
1441 5408 1787 5464 etluctuosa
1809 5408 1988 5462 maxi-

344 5511 437 5552 me
469 5496 843 5552 saavientibus
875 5497 1039 5553 bellis
1097 5498 1375 5553 civilibus
1434 5498 1771 5553 acciderint.
1836 5498 1982 5554 Nam

2104 4703 2217 4766 tas,
2259 4696 2433 4750 modo
2476 4695 2546 4749 ad
2602 4692 2960 4747 Turonicum
3018 4688 3427 4744 Tossiniacum
3486 4689 3755 4740 nostrum

2104 4785 2376 4858 perrexit,
2408 4801 2513 4856 spe
2544 4781 2789 4837 ulterius
2826 4778 3255 4853 progrediendi,
3307 4779 3363 4831 et
3390 4775 3529 4829 illuc
3563 4790 3757 4845 perve-

2104 4875 2323 4929 niendi.
2359 4873 2471 4927 Sed
2504 4870 2948 4927 renascentibus
2988 4866 3259 4922 civilibus
3306 4864 3497 4929 bellis,
3531 4863 3616 4917 vel
3651 4879 3753 4933 po-

2101 4965 2222 5018 tius
2254 4962 2376 5017 illic
2406 4959 2917 5034 perseverantibus
2952 4975 2964 5014 :
2995 4956 3082 5012 vel
3117 4953 3585 5025 morbis,quibus
3616 4968 3751 5022 pro-

2101 5052 2478 5123 ﬂigabantur,
2510 5049 2904 5113 obstantibus,
2938 5063 3005 5101 ac
3042 5044 3384 5100 reflantibus
3424 5040 3759 5114 procellosis

2101 5145 2311 5195 nostris
2346 5137 2679 5209 reipublicae
2711 5135 3075 5206 ventis,illuc
3105 5149 3438 5205 numquam
3467 5128 3762 5203 appellere

2101 5228 2291 5301 potuit
2321 5232 2455 5283 ante
2479 5231 2837 5298 postremam
2860 5229 3145 5289 aestatem,
3172 5222 3395 5294 aliquot
3445 5225 3580 5277 ante
3611 5235 3743 5274 men

2100 5320 2267 5374 sibus
2298 5332 2477 5387 quam
2509 5316 2800 5371 tributum
2832 5320 3055 5369 natura;
3088 5312 3386 5384 penderet.

2170 5408 2395 5462 Interea
2422 5422 2557 5461 vero
2605 5402 3068 5459 valetudinarius
3109 5401 3266 5469 licet,
3325 5404 3383 5455 et
3438 5396 3762 5455 miserrimi

2100 5496 2282 5552 nostri
2313 5494 2508 5551 saeculi
2539 5492 2814 5549 ﬂuctibus
2843 5492 2959 5547 huc
2986 5498 3044 5548 et
3074 5490 3213 5547 illus
3260 5491 3543 5561 jactatus,
3601 5503 3745 5542 nus-

410 5710 456 5743 ⁸⁴
487 5710 700 5765 Habac.
738 5726 780 5776 ι,
816 5708 899 5761 16.
976 5714 1020 5747 ⁸⁵
1051 5713 1204 5768 Psal.
1227 5716 1586 5782 Lxxvm,1-2.
1667 5715 1711 5748 ’³⁵
1737 5714 1810 5770 ΙΙΙ
1842 5715 1982 5784 Reg.

2106 5731 2139 5782 ἱ,
2171 5713 2258 5768 40.
2336 5714 2378 5747 ⁸⁷
2412 5713 2433 5768 Ι
2466 5712 2605 5784 Reg.
2638 5727 2781 5777 χχιι,
2812 5710 2902 5764 22.
