2055 3201
38 27 52 35 δ
66 36 74 42 ,
271 29 314 43 ,ᾧ
383 30 386 32 ν
401 22 414 26 ν
443 40 445 42 η
591 25 593 27 ,
655 28 659 31 ,

82 43 236 66 's~,x,,;r
256 44 266 49 ε
315 43 329 50 ··
457 60 460 61 ,

75 3146 78 3147 ν
158 3141 164 3144 '
198 3135 272 3155 πξεκ
291 3154 296 3158 .
315 3149 322 3157 κ
377 3151 379 3154 ‹
396 3134 399 3135 ⁷

168 273 258 303 quam
282 264 340 293 fuit
361 263 474 293 otiosus
500 262 606 299 (otium
620 261 701 290 enim
726 264 756 290 et
768 262 912 290 desidiam
936 265 1001 289 tan-
1017 263 1042 295 Α
1059 261 1235 289 monachum
1252 260 1376 288 tolerare
1401 261 1544 295 poterant.
1571 259 1613 286 Ab
1638 258 1807 295 episcopatu
1823 258 1881 285 fre-

170 318 259 347 quam
276 307 384 337 lethale
393 307 544 344 quoddam
558 306 861 342 venenum,ipsosque
876 307 1002 339 desides,

169 357 203 383 ut.
218 352 389 389 reipubliee
412 351 533 383 inutiles
553 360 587 379 ac
612 351 790 386 perniciosos
817 359 1004 386 summopere

170 399 282 431 oderat)
297 407 305 431 ς
321 396 392 433 quin
408 396 503 433 plura,
519 398 548 423 et
563 396 702 428 doctiora,
720 395 897 430 utilioraque
912 395 1004 423 edidit

173 451 272 479 opera,
288 449 376 476 quam
403 440 485 468 ullus
500 449 560 467 sum
586 440 711 467 fortasse
735 440 829 467 astatis
856 439 931 466 alius
948 448 954 467 ε
973 442 1004 471 ut

174 495 242 515 cum
258 485 346 514 Paulo
368 485 464 513 dicere
480 484 610 520 potuerit
626 493 633 511 :
654 485 725 511 Tunc
739 486 832 519 potens
855 492 926 518 sum,
942 492 1003 510 cum

174 531 302 566 inﬁrmar
316 538 326 557 :
345 530 433 557 uirtus
456 529 531 556 enim
558 530 588 556 in
613 528 778 562 inﬁrmitate
804 528 946 563 perﬁcitur
969 528 1001 555 ⁸⁵.

173 574 252 603 Nihil
277 574 357 602 enim
380 573 406 601 ei
429 573 590 608 excidebat,
614 581 650 600 ne
677 576 856 599 momentum
884 573 1000 608 quidem

172 618 327 654 temporis,
343 626 396 646 nec
421 617 498 645 diem
520 617 611 645 ullam
628 617 686 644 labi
702 616 817 644 sinebat
831 616 894 644 sine
915 616 1001 648 linea,

171 663 231 691 imo
247 671 301 690 nec
316 663 382 693 sine
408 665 525 690 exarata
540 661 646 689 saltem
670 662 776 697 pagina
803 661 911 696 aliqua.
928 661 1001 688 Nam

172 707 276 736 morbo
300 707 390 735 etiam
417 706 554 734 laborans
576 706 622 741 (ut
644 706 844 741 frequentibus
868 708 930 733 erat
951 705 997 732 ob-

173 751 290 786 noxius,
306 751 433 779 maxime
449 750 609 785 articulari,
625 753 654 778 et
669 750 860 784 fluxionibus)
875 749 1002 777 relaxato

172 796 217 824 vel
233 795 404 827 intermisso
429 795 527 823 dolore
550 803 653 823 versus
669 794 785 830 aliquos
807 794 851 822 vel
877 794 1000 828 Graacos,

171 839 216 868 vel
233 839 361 872 Latinos,
377 839 422 867 vel
437 840 524 867 etiam
540 839 677 872 Gallicos,
690 842 741 866 aut
755 839 833 866 aliud
849 839 1001 874 quidpiam

171 892 289 920 semper
303 884 456 912 condebat.
474 883 585 910 Etenim
613 883 715 911 silvam
729 884 817 910 etiam
843 883 1001 918 quamdam

173 928 229 958 sibi
243 930 396 964 paraverat
406 928 618 955 sententiarum
634 930 662 955 et
677 930 1000 963 argumentorumque

173 973 203 1002 in
218 972 358 1004 lectombi
375 981 433 1000 non
450 972 556 1000 licebat
572 972 679 1000 multos
694 973 785 999 libros
801 972 923 1003 volvere,
939 980 999 999 ver-

175 1019 254 1048 saret
266 1017 411 1050 animo,et
420 1017 593 1045 amanuensi
604 1017 819 1048 dictaret.Quin
832 1016 920 1044 etiam
932 1024 999 1043 cum

174 1061 333 1098 aliquando
348 1062 503 1097 equitaret,
519 1070 535 1089 a
550 1061 690 1089 comitatu
711 1070 786 1097 saepe
801 1061 953 1088 secedebat
968 1063 1001 1087 ut

173 1106 355 1135 meditationi
372 1108 497 1138 vacaret,
525 1108 553 1133 et
566 1114 599 1133 ea
623 1114 686 1141 qua:
700 1106 729 1132 in
746 1106 845 1133 animo
863 1105 999 1138 habebat,

172 1151 251 1187 apud
261 1159 294 1179 se
309 1151 573 1187 agitaret,quorum
585 1150 680 1186 capita
693 1149 887 1186 pugillaribus
899 1150 1001 1177 inscri-

173 1195 242 1223 bere
256 1194 379 1229 solebat,
395 1195 483 1231 idque
498 1195 605 1230 raptim
622 1197 651 1222 et
667 1195 779 1222 furtim.

211 1241 235 1266 Α
249 1247 297 1267 me
307 1247 434 1275 namque
443 1239 630 1275 potissimum
644 1248 709 1267 sese
720 1239 912 1272 subducebat,
923 1239 999 1274 quod

174 1284 200 1312 ei
226 1284 336 1320 sapius
360 1284 525 1320 objicerem,
550 1293 583 1312 ac
612 1284 691 1312 velut
718 1284 827 1312 bellum
853 1284 1000 1319 inferrem,

178 1329 255 1364 quod
271 1336 303 1357 se
319 1336 376 1356 non
393 1329 557 1365 respiceret,
569 1332 598 1357 et
613 1330 744 1357 animum
762 1329 926 1357 litterarum
943 1332 1001 1356 stu-

174 1373 231 1401 diis
247 1373 329 1401 velut
343 1381 444 1401 arcum
459 1381 576 1409 semper
592 1374 740 1401 intensum
757 1381 910 1408 nunquam
927 1373 1001 1400 rela-

170 1418 328 1446 xaret.Non
342 1418 420 1446 enim
436 1418 471 1446 ob
483 1417 562 1446 aliud
578 1419 654 1446 inter
670 1426 723 1445 nos
739 1418 874 1445 obortum
887 1420 932 1445 est
945 1418 1002 1445 dis-

175 1462 296 1496 sidium,
311 1464 341 1490 et
355 1463 431 1498 quod
447 1462 539 1490 nimia
554 1462 652 1490 inedia
666 1466 694 1490 et
709 1462 905 1490 crebrioribus
921 1463 1002 1497 jeju-

176 1506 235 1534 niis
249 1506 375 1541 (nullum
399 1507 490 1541 enim,
507 1510 613 1542 printer
636 1507 693 1535 alia
709 1510 881 1542 spontanee,
898 1515 932 1534 ex
956 1506 1001 1534 his

176 1559 240 1587 qua
253 1550 358 1578 indixit
372 1551 510 1585 Ecclesia,
528 1552 739 1579 intermittebat
758 1552 921 1585 (tabescens
936 1560 1001 1579 cor-

176 1603 243 1631 pus,
258 1598 344 1623 tenue
360 1604 394 1623 ac
409 1596 612 1630 macilentam,
629 1598 716 1632 atque
738 1595 857 1631 σκελετῷ
874 1604 946 1631 pene
962 1596 1001 1623 si-

176 1640 245 1668 mile
260 1640 423 1668 conﬁceret.
442 1643 472 1668 ln
496 1649 566 1668 vase
578 1641 655 1669 enim
682 1640 762 1668 ﬁctili
788 1644 817 1668 et
840 1641 999 1668 admodum

173 1684 272 1720 fragili
292 1692 418 1720 magnus
442 1687 504 1712 erat
529 1685 675 1720 repositus
699 1686 866 1718 thesaurus,
883 1690 1001 1720 eratque

174 1729 238 1764 ejus
251 1729 371 1756 animus
386 1729 464 1756 velut
480 1729 626 1765 pretiosus
652 1729 770 1765 lapillus
786 1730 895 1757 annulo
912 1730 1001 1757 vitreo

173 1772 317 1808 inclusus,
342 1781 375 1801 ac
390 1774 446 1801 sub
461 1774 573 1802 villosis
590 1774 665 1801 Esau
690 1774 899 1808 integumentis
915 1782 1001 1802 verus

173 1816 310 1845 latitabat
324 1817 424 1846 Jacob.
442 1818 596 1847 Enimvero
612 1821 644 1845 ut
661 1818 741 1854 pacis
755 1821 816 1846 erat
833 1818 1001 1845 amantissi-

171 1864 281 1894 mus.et
294 1862 359 1896 ipsa
367 1861 530 1890 litterarum
541 1863 640 1890 studia
649 1863 709 1890 otia
723 1865 751 1889 et
763 1871 913 1890 secessum
926 1871 999 1898 quaa-

169 1908 248 1938 runt,
264 1914 441 1942 magnopere
457 1906 594 1942 cupiebat
611 1907 706 1934 locum
719 1907 847 1942 aliquem
865 1907 998 1942 quietum

167 1951 196 1977 et
209 1949 405 1986 tranquillum
431 1951 573 1983 nancisci,
588 1951 618 1978 in
635 1959 691 1986 quo
716 1951 924 1978 bibliothecam
940 1954 998 1978 sta-

168 1996 265 2022 tueret
277 1996 306 2022 et
320 1994 490 2028 instrueret,
499 1998 528 2023 et
544 1996 757 2023 mansuetiores
768 2004 868 2023 musas
877 1995 998 2023 liberius

171 2037 396 2074 amplexantur,
415 2042 580 2075 l'overetque
595 2040 699 2068 tutius.

205 2082 287 2114 Quod
303 2083 435 2120 plerique
448 2084 646 2120 intelligentes
662 2087 690 2112 et
705 2093 756 2120 spe
772 2087 903 2119 quaestus
917 2087 997 2118 (nam

169 2127 205 2154 de
220 2135 318 2155 annuo
333 2136 388 2156 suo
399 2128 495 2156 reditu
511 2128 637 2156 multum
649 2128 698 2156 ille
714 2129 861 2156 remittere
871 2129 998 2164 volebat)

166 2171 265 2200 allecti
281 2172 317 2199 ad
335 2180 402 2201 eum
419 2173 623 2208 adventarunt,
639 2176 668 2200 et
683 2173 785 2200 crebro
800 2181 868 2200 cum
884 2181 917 2201 eo
934 2182 996 2201 ser—

166 2223 286 2250 monem
302 2216 495 2245 instituerunt
509 2218 544 2244 de
570 2217 773 2253 permutandis
789 2217 848 2245 illis
864 2218 927 2245 suis
943 2218 997 2245 ab-

165 2259 265 2288 batiis.
282 2261 338 2297 Sed
363 2261 434 2297 quia
449 2261 509 2295 alii,
526 2261 570 2290 vel
586 2262 715 2297 suspecti
739 2264 823 2290 erant
839 2262 994 2297 hereseos,

164 2303 210 2351 ge!
224 2312 308 2351 arma
318 2305 540 2351 proﬁtebantur,
551 2305 595 2351 vel
612 2314 669 2335 non
681 2307 818 2334 carebant
829 2306 996 2342 suspicione
1012 2319 1034 2351 D

164 2348 304 2377 Simonis
319 2348 420 2386 (quam
435 2350 515 2378 velut
536 2350 681 2378 malorum
697 2353 865 2378 nostrorum
883 2350 994 2378 lernam

165 2393 315 2429 imprimis
338 2394 551 2431 detestabatur)
567 2394 672 2423 maluit
696 2403 763 2423 cum
789 2394 918 2430 periculo
935 2403 995 2422 suae

163 2437 352 2471 valetudinis,
368 2441 396 2467 et
411 2440 576 2467 studiorum
593 2438 878 2474 suorumdispendio
895 2440 952 2467 huc
967 2442 996 2467 et

166 2481 236 2510 illue
253 2485 391 2519 perpetuo
416 2484 495 2518 ferri,
511 2492 599 2520 quam
615 2484 727 2511 nomini
755 2492 809 2511 suo
834 2483 877 2511 vel
905 2484 994 2511 mini-

165 2535 244 2554 mam
261 2527 407 2556 maculam
432 2529 559 2562 inurere,
576 2531 604 2556 et
618 2537 707 2564 quam
728 2528 934 2556 conscientiam
951 2529 993 2564 (in

164 2579 223 2607 qua
239 2580 314 2608 pura
328 2573 472 2601 servanda
485 2577 548 2601 erat
561 2573 822 2609 vigilantissimus)
837 2573 879 2601 vel
896 2573 994 2600 tantil-

163 2615 224 2644 lum
240 2615 434 2650 lsadere.Quin
450 2620 479 2645 et
489 2625 565 2653 saepe
576 2617 618 2645 illi
636 2619 689 2646 l'uit
699 2618 818 2645 animus
829 2617 994 2653 relinquen-

161 2659 205 2688 da
219 2660 342 2689 alterius
357 2669 417 2689 sua;
431 2662 567 2694 abbatis,
582 2663 661 2696 quod
678 2663 702 2690 ei
721 2662 850 2698 bigamia
870 2662 919 2689 illa
935 2670 991 2690 non

159 2703 290 2740 placeret
304 2713 312 2732 ε
329 2706 378 2734 sed
395 2706 423 2734 id
445 2707 600 2734 commode
614 2707 676 2734 ﬁeri
694 2714 752 2734 non
767 2706 864 2742 potuit
886 2706 922 2734 ob
938 2707 991 2734 ad-

156 2757 246 2778 versa
256 2751 392 2787 tenpora
406 2753 435 2779 et
448 2750 514 2779 loca
527 2759 592 2787 qua
607 2751 724 2779 nullum
740 2751 781 2779 ibi
795 2750 931 2779 abbatem
947 2751 991 2779 vel

187 2857 211 2876 ⁸⁸
222 2846 252 2886 ἸΙ
265 2859 330 2887 Cor.
345 2866 398 2893 xu,
414 2858 460 2892 40,
472 2859 499 2886 9.
538 2859 562 2877 "
575 2861 588 2887 Ι
602 2860 666 2888 Cor.
682 2867 747 2893 vui,
765 2861 792 2887 1.

798 196 975 227 ELOGIUM
995 195 1132 226 JACOBl
1153 194 1281 226 BlLLll.

1058 309 1181 341 quenter
1195 305 1251 333 sibi
1268 305 1365 332 oblato
1381 307 1522 340 tanquam
1539 312 1556 330 a
1571 303 1648 331 letali
1669 303 1788 339 scopulo
1805 311 1880 331 sem-

1058 359 1109 385 per
1139 350 1276 386 profugit,
1300 357 1331 377 se
1356 351 1435 376 tanto
1460 356 1581 376 munere
1605 347 1759 383 indignum
1789 350 1881 383 ratus,

1059 394 1161 422 multis
1173 395 1265 422 fretus
1275 395 1445 422 sanctorum
1458 395 1487 420 et
1497 392 1736 420 doctissimorum
1749 392 1883 426 antiquo-

1059 448 1125 466 rum
1142 439 1259 468 Patrum
1270 437 1460 474 exemplis,et
1474 445 1582 473 magno
1591 436 1695 464 animae
1711 436 1884 464 imminente

1058 483 1186 519 periculo
1202 483 1368 510 deterritus.
1386 483 1491 509 Animo
1507 484 1603 508 autem
1621 489 1696 516 saepe
1712 481 1882 516 angebatur,

1059 528 1227 563 ferebatque
1253 526 1459 563 indignissime
1483 526 1559 560 quod
1583 525 1724 561 episcopi,
1750 525 1881 560 abbates,

1058 580 1151 608 reges,
1166 580 1199 599 ac
1214 572 1366 607 pontiﬁces
1384 570 1545 598 sacerdotia
1569 572 1628 598 tam
1646 569 1881 604 malelocarent,

1058 619 1085 644 et
1100 616 1206 644 Christi
1222 624 1290 644 oves
1300 618 1379 642 tanto
1390 615 1481 650 pretio
1490 615 1656 649 redemptae
1671 613 1750 649 lupis
1759 621 1836 649 saepe
1849 621 1882 641 ac

1058 661 1191 688 leonibus
1207 661 1293 696 (addo
1304 659 1602 694 etiam)etlenonibus
1618 658 1844 686 committerent.

1094 706 1133 732 Ex
1149 706 1234 739 cuius
1244 705 1349 731 Christi
1363 703 1463 731 schola
1476 707 1506 730 ut
1517 703 1613 730 omnis
1622 703 1737 738 generis
1748 702 1881 738 virtutes,

1058 750 1184 777 maxime
1199 758 1264 777 vero
1281 749 1376 784 ipsius
1392 748 1538 783 propriam
1564 748 1767 782 perdidicerat,
1784 749 1879 774 tanto-

1058 803 1114 829 que
1129 794 1276 829 cupidius,
1290 797 1401 829 quanto
1416 793 1510 828 magis
1526 793 1626 820 oderat
1640 791 1742 818 vitium
1759 791 1798 818 illi
1816 800 1882 819 con-

1057 838 1192 871 trarium,
1209 838 1286 873 quod
1311 837 1430 872 angelos
1456 837 1535 872 ipsos
1552 837 1586 863 de
1611 835 1682 863 coelo
1705 835 1879 863 deturbavit.

1057 885 1128 910 Cum
1146 882 1310 911 humilibus
1325 882 1445 918 repeb‘at
1465 881 1631 915 humi,cum
1643 880 1777 915 superbis
1786 882 1814 907 et
1822 879 1880 907 ela-

1057 928 1095 955 tis
1113 927 1189 955 male
1204 927 1374 954 cohaerebat.
1393 926 1511 953 Generis
1537 925 1582 952 sui
1599 924 1793 957 nobilitatem,
1816 933 1880 960 quea

1055 972 1220 999 clarissima
1231 974 1453 1005 erat,nusquam
1469 970 1625 997 ostentavit
1636 970 1724 1005 (quod
1737 970 1802 997 vani
1814 977 1879 1006 pas-

1055 1017 1110 1043 sim
1127 1016 1267 1049 solent,et
1281 1024 1315 1043 ea
1328 1014 1664 1050 intumescere),nullam
1679 1022 1776 1042 veram
1792 1014 1879 1042 aliam

1055 1061 1226 1088 existimans
1235 1068 1325 1095 quam
1337 1068 1402 1095 quae
1416 1059 1522 1086 virtute
1537 1061 1689 1094 pararetur
1699 1061 1750 1086 aut
1765 1058 1881 1086 fulcire-

1054 1108 1112 1132 tur.
1130 1104 1296 1132 Doctrinam
1309 1103 1417 1139 pariter
1433 1111 1516 1130 suam
1533 1105 1562 1129 et
1573 1101 1765 1137 multiplicem
1782 1109 1879 1129 rerum

1056 1158 1088 1177 ac
1105 1149 1271 1185 linguarum
1288 1147 1496 1183 cognitionem,
1513 1155 1576 1182 quae
1593 1146 1694 1173 multis
1710 1146 1814 1174 cristas
1829 1145 1882 1174 eri-

1055 1202 1133 1230 gere,
1149 1196 1177 1221 et
1192 1192 1381 1229 supercilium
1406 1191 1527 1219 attolere
1551 1191 1712 1224 consuevit,
1729 1199 1879 1226 nunquam

1056 1238 1168 1272 extulit,
1184 1238 1255 1273 quin
1281 1245 1345 1264 eam
1368 1236 1514 1272 depressit
1537 1235 1644 1271 potius.
1671 1235 1739 1262 Erat
1761 1235 1840 1262 enim
1855 1234 1881 1263 ei

1055 1283 1133 1311 velut
1148 1282 1249 1310 innata
1263 1282 1314 1309 illa
1329 1281 1468 1313 charitas,
1484 1289 1549 1316 quae
1565 1288 1622 1307 non
1635 1280 1728 1312 inﬂat,
1746 1280 1797 1307 sed
1810 1280 1879 1307 (edi-

1057 1328 1124 1355 ficat
1138 1328 1170 1359 ⁸ο,
1182 1329 1215 1354 ut
1229 1335 1263 1353 ex
1277 1327 1341 1361 ejus
1357 1325 1485 1361 scriptis,
1496 1324 1568 1351 nihil
1584 1326 1659 1352 certe
1676 1323 1753 1351 aliud
1770 1323 1880 1360 spiran—

1055 1372 1145 1401 tibus.
1162 1371 1255 1406 liquet
1272 1379 1277 1397 :
1296 1370 1372 1397 sicut
1382 1372 1411 1397 et
1426 1378 1460 1396 ex
1476 1369 1569 1404 ipsius
1581 1368 1761 1404 quotidianis
1774 1376 1880 1396 sermo-

1057 1417 1144 1443 nibus
1167 1418 1195 1442 et
1211 1415 1366 1450 colloquiis
1383 1414 1474 1441 cuivis
1490 1413 1577 1441 etiam
1600 1416 1702 1440 notum
1720 1421 1752 1440 ac
1767 1412 1881 1448 perspi-

1056 1468 1144 1487 cuum
1161 1462 1233 1487 erat.
1246 1460 1278 1487 1n
1294 1459 1401 1495 quibus
1418 1457 1694 1492 familiaris,comis,
1711 1466 1743 1484 ac
1758 1458 1880 1490 facetus,

1057 1505 1156 1532 creber
1180 1504 1344 1536 sententiis,
1361 1506 1390 1530 et
1415 1503 1519 1538 pietate
1535 1504 1562 1529 et
1587 1502 1750 1529 eruditione
1766 1510 1883 1537 semper

1057 1550 1182 1585 insignis
1199 1548 1263 1576 fuit.

1095 1595 1131 1621 De
1155 1593 1306 1629 republica
1329 1592 1494 1620 Christiana
1517 1594 1546 1619 et
1570 1591 1682 1619 Gallica
1705 1591 1750 1618 vir
1772 1590 1881 1627 publici

1016 1633 1037 1665 C
1057 1639 1203 1667 amantior
1217 1646 1305 1674 quam
1321 1638 1377 1672 sui,
1394 1638 1562 1673 frequenter
1580 1639 1609 1664 et
1624 1645 1658 1664 ex
1674 1636 1772 1663 animo
1796 1635 1883 1663 verba

1056 1683 1190 1717 faciebat,
1203 1684 1287 1718 juxla
1310 1682 1463 1717 vulgatum
1480 1681 1677 1717 proverbium,
1695 1681 1744 1708 ubi
1763 1680 1881 1714 vulnus,

1056 1729 1096 1756 ibi
1114 1737 1218 1756 manus
1235 1737 1241 1755 :
1260 1728 1308 1755 ubi
1325 1727 1421 1763 plaga,
1434 1726 1472 1753 ibi
1491 1727 1600 1761 lingua.
1614 1725 1789 1760 Deplorabat
1803 1725 1881 1752 enim

1057 1773 1186 1808 quotidie
1203 1772 1402 1800 miserrimum
1420 1772 1484 1806 ejus
1500 1770 1673 1797 hodiernum
1689 1771 1811 1800 statum,
1830 1777 1882 1797 nec

1057 1818 1135 1845 aliud
1152 1817 1331 1853 sperandum
1349 1815 1473 1848 dicebat,
1484 1823 1573 1850 quam
1586 1815 1702 1842 brevem
1719 1815 1879 1849 quamdam

1055 1863 1150 1897 ipsius
1173 1861 1362 1894 eversionem,
1378 1868 1410 1887 ac
1435 1867 1498 1887 eam
1515 1867 1588 1894 pene
1612 1859 1701 1894 (quod
1726 1859 1803 1886 Deus
1819 1861 1879 1894 opt.

1055 1915 1130 1934 max.
1149 1906 1269 1940 avertat)
1284 1914 1346 1940 quis
1362 1905 1417 1932 sub
1434 1903 1614 1931 Phaethonte
1638 1903 1754 1936 accidit,
1771 1903 1878 1930 conﬂa-

1054 1951 1228 1986 grationem.
1252 1950 1345 1977 Tanta
1368 1952 1464 1977 autem
1490 1950 1551 1975 erat
1577 1948 1744 1983 prudentia,
1760 1949 1880 1983 tamque

1054 1996 1111 2023 neri
1130 1998 1158 2022 et
1172 1995 1331 2030 perspicaci
1343 1994 1460 2030 ingenio
1476 1995 1503 2020 et
1514 1992 1677 2028 judicio,ut
1689 2001 1721 2020 ex
1733 1995 1880 2028 antegres-

1054 2040 1095 2067 sis
1114 2040 1211 2066 l'utura
1227 2040 1314 2067 etiam
1333 2040 1520 2072 coniectaret.
1531 2046 1563 2065 ac
1580 2045 1655 2072 sape
1671 2037 1881 2069 divinaret,ea-

1054 2093 1109 2121 que
1127 2084 1206 2112 velut
1229 2093 1262 2111 ex
1277 2085 1335 2111 alta
1362 2083 1489 2119 quadam
1505 2082 1625 2118 specula
1650 2082 1826 2116 praevideret.
1844 2081 1880 2109 Ut

1053 2129 1230 2161 litterarum,
1248 2129 1289 2156 ita
1304 2131 1331 2156 et
1348 2128 1542 2155 litteratorum
1559 2129 1621 2154 erat
1637 2126 1879 2159 amantissimus;

1052 2174 1102 2201 sed
1118 2182 1218 2200 eorum
1232 2173 1392 2208 praesertim
1405 2172 1454 2207 qui
1467 2171 1678 2207 rempublicam
1693 2170 1878 2205 litterariam,

1051 2221 1081 2246 et
1096 2218 1145 2245 Dei
1162 2217 1318 2245 Ecclesium
1331 2218 1476 2252 juvarent.
1493 2216 1565 2243 Nam
1581 2215 1747 2251 eorum,qui
1762 2215 1788 2242 ei
1803 2214 1880 2242 infe-

1051 2262 1089 2290 sti
1104 2264 1199 2297 erant,
1215 2261 1396 2289 consortium
1413 2260 1570 2296 diligenter
1592 2260 1714 2291 vitabat,
1730 2262 1759 2287 et
1779 2259 1815 2286 ab
1831 2267 1879 2287 eo-

1051 2315 1115 2334 rum
1132 2307 1216 2334 libris
1228 2305 1516 2334 abstinebat.0derat
1526 2304 1569 2331 vir
1582 2304 1767 2332 castissimus
1779 2305 1880 2339 poetas

1051 2354 1080 2379 et
1095 2351 1252 2386 scriptores
1277 2358 1398 2386 spurcos
1419 2354 1448 2377 et
1472 2350 1625 2381 obscenos,
1642 2355 1752 2383 eosque
1778 2355 1881 2376 omnes

1051 2397 1101 2431 qui
1118 2396 1168 2423 Dei
1184 2395 1303 2423 talentis
1319 2394 1520 2427 abuterentur,
1537 2396 1566 2420 et
1581 2400 1615 2419 ea
1633 2392 1837 2427 impenderent
1848 2391 1880 2418 in

1050 2440 1234 2468 celebrandis
1251 2440 1348 2475 potius
1364 2438 1469 2466 Bacchi
1486 2441 1514 2465 et
1525 2436 1708 2468 Veneris,vel
1724 2436 1812 2463 etiam
1827 2436 1881 2463 im-

1050 2485 1222 2512 meritorum
1240 2483 1391 2511 hominum
1408 2482 1556 2516 laudibus,
1573 2490 1661 2517 quam
1678 2481 1797 2508 Christi.

1086 2528 1257 2557 Lectissima
1273 2529 1335 2563 ejus
1352 2528 1458 2555 domus
1472 2527 1553 2554 velut
1576 2528 1710 2553 sanctum
1727 2526 1879 2561 quoddam

1049 2573 1213 2600 coenobium
1226 2575 1255 2599 et
1268 2570 1666 2606 xenodocbium,echolaque
1677 2570 1795 2597 virtutis
1806 2570 1878 2603 erat,

1049 2618 1125 2653 quod
1143 2625 1176 2644 ex
1192 2618 1265 2644 bene
1291 2617 1411 2644 moratis
1427 2619 1455 2643 et
1471 2615 1599 2650 paciﬁcis
1623 2615 1688 2650 ejus
1708 2614 1880 2642 domesticis

1047 2662 1259 2696 innotescebat,
1275 2661 1347 2688 adeo
1363 2663 1396 2687 ut
1410 2669 1444 2688 ex
1460 2660 1534 2696 ipsis
1550 2662 1758 2695 agnosceretur
1773 2659 1879 2694 patris-

1048 2706 1176 2734 familias
1192 2705 1363 2742 prudentia:
1373 2704 1469 2741 qualis
1485 2704 1620 2732 videlicet
1631 2706 1725 2731 rector
1740 2703 1876 2737 civitatis,

1046 2750 1120 2779 tales
1136 2750 1303 2779 habitantes
1314 2750 1343 2777 in
1359 2758 1403 2777 ea.
1420 2749 1496 2776 Viris
1512 2748 1677 2784 piis,doctis
1697 2750 1725 2776 et
1734 2747 1878 2783 religiosis
