4110 6426
317 395 434 456 383

1568 399 1924 461 ELOGIUM
1968 397 2237 459 JACOBI
2282 397 2536 458 BILLII.

3624 391 3750 450 38-1

315 535 548 604 (nempe
579 527 667 582 sui
699 525 1016 597 similibus)
1034 532 1241 598 patens
1263 533 1318 582 et
1337 529 1734 600 pervia,atque
1757 529 1966 585 Christi
2004 531 2056 594 Α
2087 527 2216 593 bus,
2248 527 2566 597 multisque
2599 526 2667 580 ad
2703 540 2836 580 eum
2871 523 3054 578 Roma
3087 522 3285 577 missis
3317 521 3388 576 ab
3423 519 3750 575 illustrissi-

318 619 964 689 pauperibus,quorum
1003 624 1282 690 perpetuo
1311 620 1414 673 fuit
1440 621 1981 683 amantissimus,ct

318 715 482 780 pater
506 706 1028 777 locupletissimus.
1050 709 1180 762 Ideo
1204 725 1334 762 eum
1359 709 1642 781 gregatim
1671 714 1727 762 et
1759 709 1977 780 passim

319 797 742 867 sequabantur,
768 797 937 865 juxta
971 796 1112 850 illud
1157 798 1568 868 Evangelicum
1600 816 1612 851 :
1652 798 1981 866 Ubicumque

318 885 489 954 fuerit
518 899 733 954 corpus,
767 884 902 937 illuc
948 886 1428 955 congregabantur
1454 890 1506 940 et
1536 885 1737 957 aquila:
1785 887 1849 939 9°.
1883 885 1978 938 Di-

321 988 474 1044 gnus
506 971 760 1041 quicum
792 973 1010 1026 Joanne
1033 973 1503 1044 Eleemosynario
1527 973 1979 1039 conferretur,et

321 1076 452 1115 cum
484 1059 630 1114 Jobo
655 1060 790 1128 jure
821 1060 1036 1114 diceret
1071 1078 1083 1114 :
1119 1061 1322 1116 Oculus
1351 1064 1437 1132 fui
1467 1076 1733 1131 caeco,pe:
1764 1059 1979 1125 claudo,

323 1153 480 1218 pater
505 1164 811 1218 pauperum
841 1149 904 1201 9‘.
941 1149 1095 1211 Quos
1127 1149 1302 1205 etiam
1340 1149 1594 1204 moriens
1633 1153 1981 1204 testamento

325 1237 581 1292 haeredes
600 1252 841 1290 suarum
861 1236 1208 1291 facultatum
1231 1238 1747 1308 reliquit,maxime
1779 1253 1980 1291 earum

325 1343 451 1397 quae
483 1343 549 1380 ex
596 1325 808 1380 Christi
845 1325 1197 1395 patrimonio
1228 1327 1279 1379 ei
1339 1331 1706 1396 supererant,
1744 1324 1980 1379 sacrile-

325 1415 489 1486 gium
540 1415 836 1486 quoddam
885 1414 1206 1468 arbitratus
1264 1414 1312 1468 si
1347 1414 1457 1468 alio
1503 1415 1978 1469 transferrentur.

331 1505 470 1574 Ejus
501 1519 706 1558 mensa
737 1502 870 1556 laeta
902 1506 957 1556 et
988 1501 1147 1557 lauta
1183 1521 1193 1558 :
1230 1504 1330 1557 sed
1363 1519 1429 1557 eo
1459 1503 1646 1558 laetior
1675 1520 1740 1558 ac
1770 1502 1985 1556 lautior

322 1609 436 1662 quo
469 1591 877 1662 spiritualibus
910 1591 1406 1661 epulis,animum
1433 1593 1622 1663 magis
1656 1609 1829 1662 quam
1863 1608 1982 1646 cor-

325 1698 435 1753 pus
467 1680 863 1735 reficientibus
911 1696 973 1733 ac
1006 1681 1416 1751 saginantibus
1447 1686 1570 1735 erat
1619 1680 1978 1735 instructior.

326 1769 634 1841 Symposia
648 1770 775 1839 ejus
798 1767 1110 1824 Platonicis
1134 1775 1294 1824 tanto
1322 1771 1747 1840 praestantiora,
1765 1774 1982 1839 quanto

327 1858 710 1928 theologia,et
739 1857 1070 1912 Christiana
1092 1857 1461 1927 philosodhia
1480 1862 1619 1929 (qua
1637 1859 1814 1929 dapes
1849 1875 1985 1913 suas

327 1947 563 2002 condire
581 1951 636 2001 et
665 1963 970 2018 aspergere
1001 1947 1245 2018 solebat)
1294 1947 1647 2002 Platonicam
1672 1946 1983 2002 antecellit.

329 2037 489 2100 Quod
524 2036 571 2089 si
604 2035 745 2106 quid
782 2035 840 2089 in
865 2035 947 2090 eis
982 2053 1013 2090 a
1043 2037 1258 2090 virtute
1290 2053 1556 2090 aversum
1588 2035 1986 2106 aliquibus,ut

330 2124 628 2178 nobilibus
651 2128 708 2178 et
736 2141 901 2178 arma
928 2125 1337 2195 profitentibus
1361 2125 1597 2195 (quibus
1618 2141 1768 2195 saepe
1789 2125 1984 2178 minus

331 2219 420 2270 est
450 2231 598 2268 curm
651 2213 837 2285 pietas
869 2219 925 2268 et
954 2214 1286 2268 Christiana
1337 2214 1559 2284 religio,
1595 2219 1651 2268 et
1682 2231 1713 2268 a
1744 2215 1980 2284 quibus,

330 2308 394 2358 ut
424 2302 810 2358 nobilissimis
843 2307 899 2356 et
929 2302 1274 2357 clarissimis
1306 2304 1647 2374 parentibus
1678 2309 1860 2372 ortus,
1895 2305 1981 2356 in-

317 2393 638 2459 visebatur)
659 2391 968 2458 excideret,
987 2409 1120 2446 mox
1147 2409 1244 2447 eos
1279 2392 1358 2446 ita
1390 2393 1576 2447 amice
1605 2392 1977 2464 corripiebat,

317 2485 597 2551 tantaque
629 2497 762 2534 cum
789 2485 1090 2535 venustate
1111 2485 1168 2535 et
1191 2480 1403 2546 sale,ut
1436 2481 1594 2551 ipsos
1617 2481 1814 2535 statim
1839 2479 1979 2534 dicti

318 2574 420 2624 aut
454 2569 591 2624 facti
622 2569 945 2640 pceniteret.
982 2569 1160 2624 Norat
1189 2570 1343 2624 enim
1379 2569 1474 2624 ille
1508 2569 1653 2623 alter
1684 2568 1978 2640 evangeli-

314 2675 416 2712 cus
448 2658 766 2712 Samarites
801 2657 994 2712 oleum
1019 2657 1360 2725 lenitatis,et
1389 2659 1590 2712 vinum
1615 2657 1976 2712 austeritatis

313 2752 395 2801 ita
425 2747 671 2801 miscere
701 2751 757 2801 et
786 2751 1131 2817 temperare,
1159 2763 1222 2799 ac
1240 2746 1580 2800 vulneribus
1605 2750 1975 2816 peccatorum

316 2835 645 2904 infundere,
681 2840 743 2889 ut
773 2835 891 2890 illis
925 2835 1089 2890 facile
1122 2851 1185 2889 ac
1219 2835 1342 2889 sine
1376 2834 1572 2889 dolore
1623 2836 1971 2888 mederetur.

316 2927 506 2990 Quare
538 2924 608 2978 ad
641 2941 772 2978 eum
799 2931 998 2994 postea
1033 2924 1300 2978 meliores
1334 2925 1620 2987 redibant,
1639 2927 1694 2976 et
1723 2924 1792 2976 ab
1824 2925 1976 2992 ejus-

322 3014 480 3068 modi
512 3014 912 3067 abstinebant.

387 3101 609 3157 Amicis
651 3102 760 3155 fuit
807 3101 1204 3157 amicissimus
1255 3108 1312 3158 et
1360 3101 1852 3156 officiosissimus.
1886 3102 1970 3155 Ad

313 3191 712 3246 conciliandos
743 3191 896 3245 inter
917 3207 978 3246 se
1000 3191 1353 3246 dissidentes
1375 3191 1811 3261 paratissimus,
1827 3189 1971 3244 nulli

315 3280 613 3347 inimicus,
648 3296 848 3350 pacem
882 3297 1015 3334 cum
1049 3281 1345 3345 omnibus,
1380 3284 1667 3350 quantum
1717 3279 1836 3332 fieri
1872 3295 1969 3349 ρο-
2004 3261 2047 3326 C

317 3369 451 3438 tuit,
487 3367 705 3423 colens.
739 3370 899 3434 Quod
935 3369 982 3423 si
1015 3369 1154 3439 quid
1188 3369 1416 3424 dissidii
1450 3369 1569 3423 sive
1599 3368 1978 3439 disputando,

321 3458 441 3513 sive
494 3458 633 3528 quid
685 3458 843 3512 aliud
898 3458 1183 3524 faciendo,
1220 3459 1367 3513 forte
1417 3457 1802 3525 suboriretur,
1851 3473 1983 3511 mox

322 3548 468 3602 illud
501 3564 847 3617 componere
875 3548 1168 3612 studebat,
1202 3563 1266 3601 ac
1299 3545 1609 3619 diligenter
1636 3546 1892 3611 cavebat,
1913 3562 1984 3600 ne

322 3637 408 3691 sol
438 3637 726 3691 occideret
755 3653 934 3707 super
963 3635 1350 3691 iracundiam.
1375 3635 1630 3707 Longius
1657 3638 1986 3689 excurreret

323 3725 578 3780 narratio
611 3725 658 3780 si
693 3725 929 3797 singula
954 3725 1047 3797 (de
1078 3725 1295 3795 quibus
1317 3723 1463 3779 alias
1494 3724 1741 3778 fortasse
1774 3723 1983 3791 fusius,

323 3833 459 3871 nam
494 3832 596 3886 pro
627 3815 732 3869 viri
766 3815 1051 3886 dignitate
1082 3819 1141 3868 et
1172 3813 1378 3868 merito
1410 3813 1555 3868 nihil
1590 3812 1731 3868 mihi
1787 3813 1989 3868 bacte:

327 3922 438 3960 nus
489 3905 711 3959 dictum
764 3904 990 3958 videtur
1039 3903 1202 3958 satis.
1257 3903 1442 3958 Tanto
1491 3903 1649 3957 enim
1700 3900 1988 3973 ampliora

330 3997 590 4048 meretur
636 3993 878 4046 laudum
931 4008 1173 4046 suarum
1226 3990 1512 4062 praeconia
1563 3991 1682 4044 vita
1729 3991 1985 4060 functus,

332 4084 553 4152 quanto
587 4080 776 4152 magis
803 4097 870 4136 ea
897 4085 1216 4152 superstes,
1250 4097 1317 4135 ac
1348 4081 1650 4135 modestus
1683 4078 1990 4134 aversaba-

339 4171 456 4240 tur)
485 4169 543 4223 in
577 4170 794 4239 quibus
815 4169 902 4223 vir
925 4173 1125 4223 tantus
1148 4168 1434 4236 excelluit,
1457 4185 1522 4224 ac
1544 4185 1606 4223 se
1635 4166 1989 4222 laudabilem

340 4263 396 4313 et
427 4256 832 4313 admirabilem
869 4257 1607 4327 praebuit,commemorare
1629 4255 1991 4312 vellem.Hoc

339 4363 524 4401 unum
557 4351 788 4400 tantum
821 4345 1116 4415 adjiciam,
1145 4363 1258 4400 non
1291 4346 1424 4414 sibi,
1457 4346 1559 4401 sed
1592 4345 1856 4400 Ecclesiae
1889 4361 1991 4398 na-

334 4441 460 4491 tum
497 4435 701 4502 fuisse,
723 4439 1030 4505 totumque
1061 4435 1112 4489 ei
1143 4435 1442 4490 addictum
1475 4440 1530 4490 et
1561 4439 1988 4490 consecratum.

335 4527 522 4591 Quare
550 4541 683 4579 cum
717 4523 861 4579 nihil
892 4524 1195 4579 ardentius
1225 4529 1677 4596 cuperet,quam
1703 4523 1992 4594 quidquid

2090 616 2198 670 mis
2253 615 2648 669 cardinalibus
2717 613 2951 677 Pelvseo,
3007 611 3234 676 Sirleto,
3295 609 3534 677 Caratfa,
3599 614 3743 664 Baro

2088 704 2446 769 subdatario,
2481 703 2733 757 Gerardo
2780 701 2969 767 Ursio,
3004 700 3248 764 Morino,
3278 699 3525 769 aliisque
3557 699 3607 752 ei
3641 715 3741 753 no-

2092 793 2246 847 mine
2278 793 2512 862 pietatis
2535 797 2590 845 et
2620 791 2944 846 litterarum
2969 787 3489 858 conjunctissimis,
3511 804 3657 857 quos
3690 792 3747 841 et

2089 882 2213 953 ipse
2245 883 2477 953 scriptis
2525 881 2649 936 suis
2681 879 3015 945 celebravit)
3065 878 3214 948 typis
3245 877 3505 940 mandat,
3539 883 3594 930 et
3637 877 3748 930 hoc

2090 987 2237 1041 opus
2269 971 2341 1025 ob
2385 975 2750 1041 grassantem
2806 973 3027 1038 pestem
3062 967 3288 1036 pridem
3337 965 3746 1019 intermissum

2091 1065 2278 1128 urget,
2313 1060 2639 1114 renascitur
2668 1058 2777 1112 alvi
2821 1055 3188 1128 proﬂuvium,
3220 1054 3372 1124 quod
3408 1070 3539 1106 mox
3571 1052 3751 1106 comi-

2091 1153 2291 1203 tantur
2341 1148 2560 1218 parotis
2593 1154 2649 1201 et
2699 1145 3005 1200 catarrhus
3051 1144 3301 1198 ubertim
3354 1143 3410 1195 in
3445 1142 3754 1213 pulmones

2092 1236 2356 1291 deﬂuens
2391 1253 2402 1290 :
2439 1235 2660 1307 phthisi
2712 1235 2929 1305 quippe
2960 1233 3198 1294 interiit,
3235 1231 3502 1284 Sentiens
3551 1235 3749 1283 autem

2090 1323 2490 1395 ingravescere
2522 1325 2792 1378 morbum
2813 1323 3033 1389 aliquot
3052 1327 3183 1374 ante
3215 1319 3338 1373 dies
3358 1335 3532 1390 quam
3563 1323 3748 1371 extre-

2094 1428 2256 1466 mum
2306 1412 2621 1473 clauderet,
2674 1410 2842 1474 quasi
2892 1426 3026 1462 cum
3075 1407 3318 1461 Ezechia
3369 1407 3625 1460 audisset
3669 1405 3746 1458 ab

2093 1501 2243 1555 lsaia
2277 1518 2287 1555 :
2321 1502 2552 1570 Dispone
2581 1500 2768 1554 domui
2797 1503 2928 1562 tusc,
2956 1514 3074 1552 cras
3107 1499 3253 1550 enim
3284 1497 3543 1548 morieris
3573 1495 3750 1558 92,88.-

2093 1590 2208 1644 cris
2242 1592 2429 1661 primo
2465 1589 2795 1660 postulatis,
2823 1593 2878 1641 et
2912 1586 2999 1656 pie
3031 1585 3307 1655 sumptis,
3341 1590 3516 1653 atque
3551 1588 3755 1652 postea

2094 1679 2372 1750 repetitis,
2407 1680 2563 1749 (nam
2597 1678 2735 1731 dum
2789 1677 2940 1730 bona
2990 1673 3321 1728 valetudine
3373 1673 3662 1726 frueretur
3690 1671 3755 1724 in

2094 1768 2456 1822 celebrandis
2492 1767 2812 1820 tremendis
2837 1764 3131 1836 mysteriis
3157 1763 3547 1817 creberrimus
3580 1766 3637 1814 et
3668 1777 3755 1814 re-

2093 1857 2511 1929 ligiosissimus
2542 1855 2686 1925 erat)
2710 1855 2777 1909 de
2811 1853 3061 1924 singulis
3083 1852 3200 1906 sive
3223 1868 3349 1921 quae
3372 1851 3442 1904 ad
3466 1851 3751 1912 animam,

2098 1947 2216 2001 sive
2248 1962 2375 2016 quae
2408 1946 2474 1998 ad
2511 1961 2744 2014 corpus,
2778 1942 2896 1997 sive
2929 1958 3052 2011 quae
3084 1941 3153 1995 ad
3190 1957 3309 1994 rem
3343 1938 3750 2007 domesticam,

2095 2040 2151 2088 et
2181 2033 2534 2104 temporaria
2565 2031 2939 2102 pertinerent,
2961 2031 3040 2083 ita
3071 2029 3462 2099 disposuit,ut
3490 2025 3633 2080 nihil
3658 2043 3759 2096 pe-

2095 2140 2166 2177 ne
2196 2123 2479 2176 intactum
2514 2120 2831 2191 reliquerit,
2865 2119 3032 2189 eique
3067 2118 3183 2171 fere
3232 2116 3428 2170 omnia
3461 2117 3530 2170 ad
3563 2114 3748 2169 animi

2095 2212 2453 2266 voluntatem
2512 2210 2750 2263 fluxisse
2779 2208 3134 2262 viderentur.
3190 2207 3417 2269 Quanta
3444 2221 3574 2258 vero
3608 2203 3748 2266 fide,

2093 2318 2268 2371 quam
2302 2299 2524 2354 ardenti
2559 2298 2860 2363 charitate,
2895 2313 3068 2367 quam
3107 2295 3394 2366 profunda
3425 2299 3480 2347 et
3523 2293 3752 2360 abjecta

2089 2391 2212 2461 (sed
2248 2406 2350 2460 spe
2400 2387 2706 2442 meliorum
2740 2386 2953 2456 erecta)
3005 2383 3334 2438 humilitate
3368 2382 3474 2436 hoc
3512 2397 3749 2435 sacrum

2088 2478 2388 2545 viaticum,
2421 2477 2480 2531 in
2514 2493 2628 2547 quo
2660 2491 2962 2530 summum
2995 2489 3227 2543 semper
3257 2470 3591 2543 presidium
3627 2468 3750 2524 col-

2088 2566 2398 2632 locaverat,
2434 2571 2489 2620 et
2519 2582 2633 2634 quo
2683 2581 2744 2618 se
2787 2564 2844 2616 in
2895 2561 3188 2616 ccelestem
3242 2565 3498 2614 montem
3552 2558 3752 2612 invitis

2088 2655 2362 2712 omnibus
2385 2654 2655 2709 hostibus
2679 2667 3064 2707 escensurum
3091 2650 3382 2721 sperabat,
3402 2646 3746 2718 sumpserit,

2087 2746 2181 2799 vix
2213 2760 2482 2798 sermone
2511 2742 2782 2813 explicari
2817 2744 3027 2811 potest.

2160 2839 2279 2888 Duo
2311 2838 2528 2895 autem,
2563 2833 2701 2885 dum
2737 2830 2850 2883 alia
2892 2829 3076 2883 multa
3128 2837 3420 2898 praetereo,
3455 2831 3580 2879 tum
3613 2841 3742 2877 ma-

2083 2923 2236 2977 xime
2270 2921 2556 2993 praestitit.
2591 2919 2874 2988 Alterum,
2910 2918 3088 2988 quod,
3119 2918 3241 2970 viso
3268 2915 3535 2983 Domino,
3567 2913 3616 2968 ei
3669 2914 3742 2968 de

2081 3016 2167 3066 tot
2199 3011 2498 3080 tantisque
2547 3010 2617 3064 ab
2669 3025 2733 3062 eo
2784 3006 3036 3076 acceptis
3083 3004 3377 3059 beneficiis
3425 3002 3641 3074 gratias
3672 3019 3742 3056 ex

2083 3101 2301 3164 animo,
2334 3105 2390 3152 et
2438 3102 2691 3169 quantas
2743 3094 2948 3166 potuit,
3001 3094 3202 3164 egerit,
3249 3109 3314 3146 ac
3360 3092 3737 3162 potissimum

2083 3189 2236 3260 quod
2272 3191 2704 3259 peropportune
2736 3191 2792 3238 et
2822 3185 2892 3238 ad
2924 3184 3049 3237 vitae
3083 3189 3406 3236 extremum
3440 3181 3629 3251 (quasi
3663 3180 3744 3232 vi-

2085 3279 2248 3332 deret
2278 3279 2334 3329 in
2369 3293 2431 3331 se
2462 3276 2866 3346 adimpletum,
2901 3272 3056 3343 quod
3102 3271 3350 3326 summis
3380 3271 3528 3324 votis
3566 3269 3739 3323 David

2091 3367 2365 3437 poscebat
2412 3365 2502 3418 his
2555 3363 2790 3417 verbis:
2848 3363 2922 3416 Ne
2963 3361 3220 3431 projicias
3263 3376 3350 3412 me
3398 3360 3458 3412 in
3506 3367 3746 3429 tempore

2091 3456 2405 3519 senectutis,
2437 3469 2557 3506 cum
2591 3452 2848 3521 defecerit
2895 3452 3069 3504 virtus
3099 3464 3239 3516 mea,
3285 3464 3353 3502 ne
3393 3447 3747 3516 derelinquas

2092 3560 2178 3598 me
2208 3545 2274 3613 93)
2306 3542 2593 3596 Dominus
2625 3556 2878 3605 servum,
2913 3544 3063 3592 Deus
3095 3543 3448 3602 creaturam,
3481 3551 3580 3590 rex
3609 3538 3750 3590 sub-

2094 3633 2306 3697 ditum,
2331 3647 2603 3686 summus
2640 3629 2901 3683 medicus
2933 3626 3372 3698 aegrotum,vita
3406 3625 3750 3679 morientem

2093 3722 2364 3788 invisere,
2399 3727 2454 3774 et
2488 3721 2596 3774 sub
2628 3723 2849 3773 tectum
2877 3733 3051 3770 suum
3084 3717 3302 3769 intrare
3336 3715 3613 3785 dignatus
3649 3714 3749 3780 sit,

2097 3829 2162 3866 ac
2192 3828 2325 3865 cum
2359 3826 2424 3864 eo
2458 3809 2614 3864 velut
2644 3810 2703 3862 in
2735 3807 2879 3861 lecto
2911 3804 3396 3874 decumbere,qui
3422 3820 3554 3857 cum
3583 3803 3751 3857 Jose-

2097 3901 2212 3972 pho
2246 3900 2434 3953 fuerat
2463 3898 2520 3950 in
2545 3911 2795 3960 carcere,
2819 3899 2875 3948 et
2904 3909 3038 3947 cum
3066 3892 3287 3948 Jonain
3313 3891 3490 3962 piscis
3512 3896 3748 3946 ventre:

2096 3989 2332 4044 Amicus
2351 3987 2567 4057 quippe
2585 3989 2778 4039 certus
2794 3983 2852 4037 in
2869 3981 3160 4037 reincerta
3172 3982 3449 4036 cernitur.
3466 3981 3750 4044 Alterum,

2098 4079 2254 4150 quod
2287 4075 2604 4132 commissa
2634 4089 2743 4128 sua
2789 4070 3133 4144 gravissime
3172 4071 3515 4138 detestatus,
3550 4084 3752 4124 eorum

2098 4168 2326 4223 veniam
2361 4179 2595 4220 summa
2627 4179 2760 4217 cum
2792 4159 3150 4232 pmnitudine
3167 4159 3431 4214 etcordis
3460 4157 3757 4213 contritio-

2101 4273 2173 4311 ne
2204 4252 2521 4326 petierit.In
2556 4251 2772 4321 quibus
2803 4255 2921 4302 tam
2943 4248 3056 4319 piis
3077 4253 3134 4302 et
3156 4247 3519 4316 elegantibus
3541 4246 3754 4312 verbis,

2102 4349 2202 4399 aut
2230 4343 2387 4397 velut
2411 4357 2628 4412 cygneo
2663 4339 2917 4410 quodam
2954 4342 3130 4391 cantu
3165 4353 3310 4390 usus
3341 4341 3450 4400 est,
3471 4341 3534 4390 ut
3567 4340 3760 4389 astan-

2104 4439 2190 4489 tes
2222 4433 2278 4486 in
2325 4433 2416 4486 sui
2469 4429 2917 4484 admirationem
2971 4431 3217 4497 raperet,
3251 4441 3316 4479 ac
3348 4426 3429 4479 eis
3473 4425 3761 4496 lacrymas

2104 4525 2415 4578 excuteret.

336 4614 576 4671 haberet
606 4615 844 4686 ingenii,
880 4613 1178 4681 doctrinae,
1212 4630 1412 4685 opum,
1446 4618 1502 4668 et
1530 4613 1744 4667 virium
1778 4613 1835 4666 in
1866 4613 1994 4682 ejus
2026 4629 2071 4692 Β
2175 4609 2367 4664 Pridie
2399 4624 2529 4662 vero
2587 4623 2764 4677 quam
2805 4604 2959 4675 piam
3012 4605 3236 4658 efflaret
3291 4603 3550 4656 animam
3599 4617 3764 4657 sacro

337 4705 650 4761 utilitatem
685 4710 740 4758 et
768 4703 1116 4775 obsequium
1142 4702 1514 4775 profundere,
1540 4702 1890 4772 timeretque
1923 4718 1994 4756 ne

340 4805 522 4850 morte
554 4810 731 4867 quam
782 4792 865 4847 illi
921 4794 1256 4864 frequentes
1305 4791 1494 4845 morbi
1545 4791 1992 4858 minitabantur,

338 4891 660 4956 prareptus
694 4884 923 4939 labores
955 4900 1094 4938 suos
1125 4887 1181 4937 et
1211 4883 1408 4936 studia
1440 4879 1767 4951 posteritati
1824 4877 1996 4933 relin-

340 4991 518 5045 quere
567 4991 679 5029 non
728 4978 944 5044 posset,
975 4989 1005 5026 e
1035 4971 1362 5026 Turonensi
1407 4968 1744 5023 Tossiniaco
1797 4972 1996 5021 nostro

338 5063 601 5116 nondum
637 5062 782 5116 bene
803 5062 1116 5116 obfirmata
1147 5058 1504 5122 valetudine,
1535 5074 1601 5111 ex
1634 5057 1749 5110 alvi
1782 5055 2001 5127 proﬂu-

336 5150 427 5205 vio
459 5149 779 5219 debilitata,
801 5151 950 5204 mira
982 5148 1162 5204 animi
1195 5147 1494 5203 alacritate
1524 5146 1583 5199 in
1616 5145 1766 5200 hanc
1795 5145 1996 5199 urbem

340 5256 403 5295 se
430 5237 695 5294 contulit.

414 5327 521 5384 Ubi
552 5344 683 5381 cum
718 5327 931 5381 iterum
963 5327 1161 5382 omnia
1200 5327 1314 5379 divi
1360 5323 1618 5394 Gregorii
1652 5323 1999 5378 Nazianzeni

341 5433 518 5489 opera
546 5419 863 5487 repurgata
890 5420 946 5469 et
969 5415 1150 5469 multo
1181 5418 1443 5469 auctiora
1463 5411 1998 5484 facta(conquisitis

341 5506 625 5560 nimirum
660 5503 1072 5575 undecumque
1102 5504 1391 5558 veteribus
1415 5501 1629 5557 Graecis
1663 5499 1999 5572 exemplari-

415 5723 460 5757 ³ο
483 5720 689 5778 Matth.
719 5729 882 5782 xxxv,
911 5718 1002 5772 28.

1077 5721 1119 5754 ⁶¹
1155 5717 1264 5772 Job
1293 5735 1446 5788 xxxx,
1478 5718 1565 5773 45.
1644 5718 1689 5752 ⁹²
1722 5717 1834 5774 Isa.
1867 5731 2102 5786 xxxvm,
2141 5719 2186 5769 ι.

2104 4701 2278 4755 etiam
2313 4696 2437 4752 oleo
2491 4693 2695 4765 inungi
2727 4692 2908 4748 voluit
2954 4698 3231 4747 strenuus
3265 4691 3477 4745 Christi
3523 4689 3763 4758 athleta,

2104 4788 2205 4860 qui
2237 4788 2459 4842 bonum
2493 4789 2788 4839 certamen
2829 4787 3166 4846 certaverat,
3197 4797 3435 4834 cursum
3488 4795 3766 4833 consum-

2107 4881 2387 4940 maverat,
2421 4875 2595 4928 ﬁdem
2649 4875 2993 4939 servaverat,
3029 4887 3099 4924 ne
3131 4886 3247 4940 qua
3297 4875 3458 4939 parte
3499 4883 3764 4938 compre-

2105 4966 2279 5022 hendi
2313 4969 2510 5035 posset
2539 4962 2609 5016 ab
2640 4960 2894 5015 inimicis
2924 4959 3182 5030 illis,qui
3217 4965 3337 5013 toto
3361 4958 3599 5028 quidem
3633 4957 3762 5011 vitae

2110 5061 2388 5126 tempore,
2417 5053 2515 5106 sed
2554 5051 2804 5104 maxime
2838 5048 3108 5103 calcaneo
3141 5052 3340 5102 nostro
3371 5046 3636 5102 insidiari
3672 5061 3763 5100 so-

2108 5145 2245 5199 lent.
2285 5143 2346 5196 In
2378 5158 2494 5212 qua
2524 5155 2691 5194 sacra
2721 5143 2778 5192 et
2808 5143 3067 5192 extrema
3095 5138 3368 5192 unctione
3400 5153 3530 5190 cum
3567 5152 3599 5188 a
3629 5135 3768 5189 San-

2108 5231 2407 5288 severiano
2457 5227 2695 5282 curione
2749 5243 2855 5280 suo
2906 5226 3122 5280 Jacobo
3184 5224 3445 5280 Prevotio
3499 5222 3766 5292 theologo

2109 5319 2320 5377 eximio
2361 5320 2431 5372 de
2464 5332 2623 5370 more
2654 5314 3042 5370 sanctissima:
3077 5314 3306 5369 Triadis
3337 5311 3762 5378 misericordia,

2110 5415 2167 5465 et
2198 5408 2454 5464 coalitum
2505 5403 2921 5475 imploraretur
2965 5403 3378 5474 patrocinium,
3411 5401 3469 5454 in
3523 5400 3770 5469 singulis

2110 5513 2179 5553 ea
2207 5513 2310 5568 spe
2340 5500 2397 5549 et
2439 5492 2655 5547 fiducia
2702 5489 3114 5560 respondebat,
3147 5495 3213 5544 ut
3259 5505 3459 5544 eorum
3507 5492 3767 5558 paratam

2265 5714 2309 5748 ⁹³
2343 5711 2496 5768 Psal.
2530 5727 2654 5779 Lxx,
2685 5709 2739 5764 9.
