2055 3200
0 1 350 62 W
222 25 227 30 .
257 18 271 30 ἢ
311 14 326 27 )

54 35 87 54 τί
107 44 171 64 ,μη
319 30 330 41 ί
408 45 410 47 .
467 33 470 35 ’
500 33 505 46 γ·

773 194 951 227 ELOGIUM
972 193 1111 225 JAGOBI
1133 195 1261 226 BlLLIl.

1818 200 1878 232 386

164 263 219 292 sibi
233 271 331 299 opem,
347 264 376 290 et
390 269 457 290 cum
471 261 563 289 Jacob
572 262 669 289 castra
681 260 770 295 Dei“,
787 261 841 296 vel,
854 269 920 288 cum
933 259 991 287 Eli-
1005 261 1032 294 Α
1046 260 1178 288 Natalem
1196 260 1310 289 Domini
1320 261 1408 290 diem.
1419 264 1458 290 De
1469 262 1554 298 cujus
1567 263 1706 299 mysterio
1717 267 1874 302 postquam

164 317 221 337 sazo
236 308 340 344 igneos
355 309 384 335 et
397 306 554 334 auxiliares
570 306 647 333 circa
661 314 693 333 se
720 314 811 341 equos
840 308 866 333 et
891 312 995 332 currus

164 353 264 381 videre
276 352 425 379 videretur
438 351 459 369 ³⁵
472 358 479 378 :
504 351 602 386 Ληρειί
619 351 694 378 enim
710 351 819 378 Domini
832 351 863 377 in
877 350 997 377 circuitu

167 397 330 426 timentium
342 396 441 424 eum”.
457 394 540 423 Unde
552 394 632 422 nullo
649 403 781 430 unquam
796 396 876 422 metu
892 393 995 421 mortis

167 443 375 471 consternatus
390 440 535 477 apparuit,
549 439 619 475 quin
635 448 668 467 eo
679 439 809 475 vegetior
818 441 847 467 et
862 439 995 472 alacrior,

168 495 227 524 quo
242 495 274 515 se
289 485 392 521 maiori
405 488 434 513 et
447 484 603 521 potentiori
619 485 757 512 comitatu
787 484 938 519 stipatum,
968 486 997 510 et

171 531 283 568 portui,
300 531 366 567 post
378 529 535 564 traiectum
547 528 637 564 hujus
650 528 746 556 saeculi
763 528 956 564 procellosum
968 529 997 555 et

167 575 307 612 periculis
322 574 442 610 plenum
459 573 824 609 fretum,propinquiorem
840 573 995 600 sentiebat.

202 620 234 648 In
244 620 299 647 hoc
311 622 411 647 autem
424 620 569 654 postremo
585 626 637 645 suo
650 618 751 645 morbo
763 617 996 653 patientissimus

165 667 199 692 ut
213 663 318 692 aliisin
330 663 467 691 omnibus
478 670 594 697 semper
603 662 668 694 fuit,
677 662 808 698 nihilque
815 662 894 689 aliud
906 670 995 697 quam

167 710 202 737 de
221 710 287 741 Deo,
302 709 396 744 deque
415 715 532 735 summa
542 708 606 742 ejus
620 715 689 743 erga
700 709 865 742 peccatores
881 706 996 734 miseri-

169 753 276 786 cordia,
291 751 371 780 velut
380 753 496 780 vastum
512 751 661 787 quoddam
676 759 754 778 mare
770 751 868 778 omnia
879 753 997 786 peccata

169 799 321 831 obruente,
335 797 438 824 audire
453 795 578 824 volebat.
609 797 740 830 Cumque
764 797 798 823 de
828 805 861 823 ea
889 796 995 832 saepius

169 843 256 871 verba
271 842 407 876 facerem,
424 843 453 868 et
467 841 502 868 de
527 840 626 868 saeculi
642 840 731 876 hujus
747 840 885 874 miseriis,
902 841 996 876 deque

167 888 209 915 eis
224 886 369 923 oppositis
378 885 495 922 gaudiis
506 885 673 912 caelestibus
683 893 746 920 quae
757 885 825 912 hinc
835 885 994 921 emigratu-

151 940 217 967 ,ros
242 931 330 959 solari
345 933 373 958 et
389 929 557 979 exhilarare“
568 929 809 979 solent,jubebat
834 932 866 957 ut
878 930 913 957 de
929 938 994 979 pec-
1010 947 1033 979 Β

168 976 224 1004 cati
240 975 328 1003 etiam
343 975 486 1011 gravitate
501 977 529 1001 et
546 974 645 1001 fcetore
661 974 798 1008 dicerem,
828 983 885 1010 quo
901 974 995 1010 magis

169 1028 292 1048 suorum
307 1022 384 1056 (qua:
398 1021 475 1047 certe
485 1018 527 1046 vel
541 1018 631 1051 nulla,
649 1018 691 1045 vel
708 1018 996 1054 paucissima,eaque

169 1074 233 1101 quin
247 1064 420 1093 humanitus
436 1063 552 1091 admitti
565 1063 669 1096 solent,
678 1065 706 1090 et
719 1072 734 1090 a
746 1063 854 1099 quibus
865 1064 910 1091 vix
920 1064 995 1099 opti-

168 1118 235 1137 mus
246 1109 372 1145 quisque
379 1116 410 1136 se
422 1108 566 1135 vindicare
574 1110 678 1143 potest,
687 1108 714 1134 in
723 1116 756 1135 eo
763 1116 893 1143 unquam
901 1108 995 1135 anim-

167 1154 278 1182 adverti
291 1162 297 1181 :
314 1153 365 1181 sed
378 1153 470 1188 justus
484 1154 522 1180 est
534 1153 612 1187 prior
626 1156 772 1180 accusatnr
786 1153 839 1187 sui)
867 1161 934 1180 eum
950 1155 998 1180 tae-

170 1200 260 1233 deret,
289 1197 455 1233 majorique
482 1197 580 1224 dolore
602 1199 630 1224 et
646 1197 766 1224 horrore
781 1199 995 1224 concuteretur.

171 1242 322 1270 Gaudebat
334 1244 364 1270 et
376 1241 599 1277 Psalmographi
612 1241 808 1269 hemistichiis
816 1241 851 1268 ad
869 1242 996 1269 excitan-

171 1287 240 1315 dam
258 1294 342 1314 suam
353 1288 381 1314 et
395 1288 533 1320 mentem,
549 1290 575 1313 el
600 1286 771 1313 memoriam
803 1294 903 1313 eorum
934 1295 997 1321 quae

170 1332 234 1368 ipse
250 1339 343 1359 sanus
356 1330 392 1358 ad
401 1331 500 1358 mortis
514 1330 614 1366 (quam
627 1329 712 1357 ltetus
723 1332 751 1357 et
767 1330 997 1366 pervigilexspe-

171 1375 268 1403 ctabat
282 1384 289 1402 ε
306 1375 415 1411 quippe
429 1374 475 1402 cui
486 1374 580 1401 vivere
595 1374 742 1407 Christus,
755 1377 784 1402 et
796 1375 865 1402 mori
882 1375 996 1403 lucrum

170 1422 248 1448 esset
261 1419 293 1455 ο⁸)
309 1419 447 1446 viaticum
462 1418 517 1446 sibi
534 1421 695 1454 paraverat.
712 1419 785 1446 Nam
802 1418 903 1454 paucis
914 1419 997 1446 audi-

170 1465 209 1492 tis
219 1463 381 1500 (siquidem
393 1462 477 1498 plura
487 1463 552 1498 ejus
564 1463 716 1491 cerebrum
727 1464 801 1491 ferre
809 1472 866 1491 non
874 1464 997 1499 poterat)

170 1509 234 1544 ipse
245 1510 343 1544 postea
352 1516 385 1536 an
391 1507 630 1543 blatissemperin
638 1508 731 1535 altum
743 1507 835 1535 oculis
848 1508 906 1535 haec
919 1508 996 1543 apud

171 1561 204 1580 se
219 1552 372 1585 meditans,
389 1554 417 1580 et
431 1560 512 1580 more
523 1552 699 1580 mundorum
716 1551 890 1579 animalium
906 1552 998 1579 rumi-

172 1605 247 1624 nans
262 1596 376 1624 velutin
391 1595 497 1625 cmlum
511 1596 689 1632 rapiebatur.
701 1596 834 1632 Cumque
846 1596 887 1623 illi
899 1604 998 1632 perpe-

172 1643 223 1669 tno
238 1641 409 1674 assiderem,
422 1644 450 1669 et
461 1641 529 1676 quid
544 1630 631 1677 agere
639 1641 746 1669 tacitus
758 1630 916 1676 aliquando
931 1630 996 1668 con~
1013 1630 1035 1663 C

170 1685 338 1722 templarer,
349 1686 413 1722 ipse
424 1685 594 1713 meditando
605 1685 649 1713 vel
658 1686 804 1721 precando
815 1685 912 1713 fessus
926 1694 932 1713 :
945 1686 1001 1721 Age

171 1738 250 1762 vero,
266 1730 431 1767 inquiebat,
447 1730 493 1758 dic
509 1729 630 1765 aliquid.
648 1730 723 1757 Tum
739 1738 792 1766 ego
807 1730 842 1757 de
862 1730 1001 1758 thesauro

172 1774 281 1802 biblico
297 1774 479 1811 proferebam
496 1774 582 1802 modo
598 1782 671 1802 nova
687 1775 831 1810 quaedam,
850 1775 936 1802 modo
952 1783 1000 1801 ve-

173 1821 236 1847 tera
248 1820 280 1852 ”,
297 1827 406 1856 eosque
422 1819 513 1847 animi
529 1819 622 1852 cibos,
638 1819 746 1855 quibus
777 1827 845 1846 eum
874 1819 1002 1847 libenter

171 1864 258 1900 vesci,
274 1864 430 1900 palatoque
444 1864 507 1899 ejus
530 1864 658 1891 arridere
674 1863 710 1891 ad
735 1863 870 1891 Rebeccae
902 1863 1000 1891 imita-

170 1908 281 1937 tionem
303 1917 450 1937 noveram.
467 1908 605 1936 Dicebam
621 1910 650 1936 et
669 1909 705 1936 de
721 1908 877 1936 salutiferae
903 1908 1000 1936 crucis

170 1953 323 1988 mysterio,
348 1953 433 1988 cujus
460 1953 629 1988 imaginem,
647 1955 679 1980 ut
707 1961 809 1980 verum
834 1955 1000 1988 serpentem

169 2005 284 2025 aneum
293 1997 329 2025 ab
338 1997 476 2025 omnibus
485 1997 637 2025 venenatis
648 1997 760 2033 antiqui
772 1997 916 2033 serpentis
926 2005 1000 2024 mor-

169 2041 255 2070 sibus
267 2044 431 2077 curantem,
444 2041 507 2070 fixis
518 2041 612 2070 oculis
628 2041 797 2069 intuebatur
812 2042 832 2074 ¹,
845 2041 999 2069 osculaba-

165 2087 225 2120 tur,
243 2085 485 2121 amplexabatur:
503 2086 626 2122 hacque,
642 2085 722 2114 velut
736 2085 815 2113 scala
843 2085 943 2120 Jacob,
961 2086 997 2114 ad

166 2130 324 2158 Dominum
341 2130 397 2167 ipsi
412 2131 546 2158 innixum
562 2133 591 2158 et
607 2130 757 2166 sufﬁxum,
778 2138 811 2158 ac
841 2130 896 2158 sibi
912 2131 999 2166 quasi

165 2183 290 2204 manum
304 2174 373 2202 inde
389 2175 584 2212 porrigentem
601 2175 672 2211 rapi,
689 2177 717 2202 et
727 2168 757 2202 in
773 2174 877 2203 caalum
893 2183 999 2203 ascen-

168 2219 238 2248 dere
249 2219 405 2248 videbatur
418 2220 440 2248 ².
452 2220 569 2248 Accersi
583 2221 612 2247 et
627 2219 789 2255 ipsejussit
804 2219 926 2256 amicos,
944 2219 998 2248 ali-

170 2269 245 2300 quos
253 2263 405 2301 theologos
419 2264 498 2292 viros
513 2264 614 2292 doctos
629 2266 658 2291 et
682 2263 756 2300 pios,
773 2272 899 2299 quorum
928 2273 997 2292 con-

170 2307 330 2337 solationes
344 2308 540 2337 libentissime
555 2308 727 2344 excipiebat.

207 2353 251 2381 Ita
275 2355 429 2390 prorogata
443 2355 488 2382 est
502 2353 543 2380 illi
558 2352 617 2380 vita
627 2353 707 2388 (nam
721 2354 782 2380 toto
798 2360 870 2389 pene
879 2353 995 2382 Adven-

169 2400 220 2425 tus
233 2399 365 2434 tempore
379 2398 409 2425 in
425 2398 498 2426 lecto
513 2398 704 2433 decumbens,
718 2397 850 2431 eo,velut
858 2400 994 2434 suggesta

169 2441 201 2470 in
216 2442 411 2478 pradicandis
426 2442 478 2470 Dei
493 2441 632 2471 laudibus
647 2450 720 2470 usus
736 2442 792 2478 est)
802 2442 831 2470 in
861 2444 995 2471 sanctam

296 2519 329 2537 ὀρ

1051 304 1145 332 multa
1160 313 1207 332 me
1221 305 1365 333 dicentem
1378 306 1529 340 audiisset,
1546 309 1574 334 et
1586 307 1742 344 pluraipse
1756 311 1879 339 medita-

1049 350 1098 376 tus
1114 348 1218 377 fuisset
1232 350 1311 385 (nam
1327 358 1381 377 vox
1397 350 1437 377 illi
1454 350 1632 386 impediente
1646 352 1772 381 ﬂuxione
1788 353 1880 382 libera

1052 401 1107 420 non
1125 393 1196 428 erat)
1213 394 1283 421 hora
1311 402 1386 422 nono
1408 395 1547 427 serotina,
1578 396 1713 432 pulsante
1742 397 1879 427 Sorbonaa

1051 445 1203 473 campana,
1219 438 1297 465 velut
1311 439 1386 473 seZad
1402 447 1540 467 somnum
1551 441 1769 476 compositurus
1782 450 1788 469 :
1805 442 1876 470 Sub-

1050 482 1144 509 vehite
1160 490 1217 515 me,
1234 482 1274 510 ait
1298 483 1476 511 astantibus.
1502 486 1565 512 Mox
1590 493 1652 521 ego,
1682 485 1734 521 qui
1756 494 1791 514 ex
1815 487 1880 523 ejus

1051 526 1147 554 verbis
1163 526 1295 562 aliquam
1312 527 1426 555 dicendi
1449 529 1633 557 occasionem
1649 538 1765 566 semper
1783 533 1884 567 capta-

1051 571 1130 605 bam,
1147 573 1175 598 et
1190 571 1304 599 vultum
1320 572 1384 607 ejus
1407 573 1470 608 jam
1486 573 1638 601 immutari
1653 574 1788 603 videbam
1803 584 1809 604 :
1825 576 1880 612 En,

1051 615 1107 649 aio,
1125 616 1280 643 subvectus
1295 624 1326 643 es
1344 625 1350 644 ι
1367 617 1417 644 sed
1435 617 1533 652 altius,
1558 622 1584 645 et
1600 618 1630 646 in
1647 618 1750 647 cmlum
1779 620 1879 656 ipsum

1051 660 1267 688 subvehendas.
1285 661 1356 689 Ecce
1371 661 1478 689 chorus
1493 662 1672 696 angelorum-
1689 666 1718 691 et
1733 663 1782 692 ille
1797 665 1881 694 cmle-

1052 706 1105 732 stis
1121 705 1230 732 militia:
1246 706 1399 738 exercitus,
1416 707 1465 742 qui
1489 707 1575 735 hodie
1590 708 1625 735 de
1641 708 1721 736 caelis
1746 709 1775 736 in
1793 718 1879 737 mun-

1051 750 1122 777 dum
1139 750 1291 777 descendit
1306 751 1341 777 ad
1370 752 1570 786 personandus
1595 752 1643 779 Dei
1660 752 1772 786 laudes,
1786 756 1814 781 et
1842 755 1878 782 ad

1052 794 1115 829 pios
1132 802 1234 821 omnes
1250 794 1467 828 exhilarandos,
1492 796 1527 823 ad
1540 798 1568 823 te
1583 797 1671 824 etiam
1687 798 1821 831 accessit,
1837 801 1879 827 te-

1051 847 1107 874 que
1122 839 1305 872 circumstat,
1322 839 1362 866 illi
1380 840 1518 875 adjuncto
1534 840 1623 869 fratre
1640 844 1688 869 tuo
1705 850 1721 869 a
1736 842 1877 871 Gallione.

1051 883 1130 918 (Erat
1158 883 1236 910 enim
1253 884 1278 910 ei
1305 883 1393 911 frater
1421 883 1469 911 ille
1495 885 1573 920 prior
1603 894 1683 913 novae
1699 886 1880 916 Charthusias

1051 927 1248 955 Gallionensis
1263 928 1456 955 charissimus
1472 931 1501 956 et
1514 929 1794 964 desideratissimus,
1813 939 1879 959 cum

1051 975 1168 1007 propter
1182 975 1292 1000 naturae
1304 976 1332 999 et
1344 981 1453 1008 magna:
1481 974 1720 1010 necessitudinis,
1743 983 1806 1011 qua:
1822 975 1881 1004 illis

1051 1016 1455 1049 abinfantiaintcrcesserat,
1477 1017 1636 1052 vinculum,
1668 1022 1732 1046 tum
1763 1022 1881 1056 propter

1052 1060 1233 1096 singularem
1250 1061 1339 1088 animi
1358 1062 1422 1097 ejus
1435 1062 1601 1097 candorem,
1619 1065 1646 1090 et
1662 1064 1881 1092 summamvitaa

1051 1105 1276 1141 integritatem.)
1286 1106 1339 1140 En,
1352 1114 1428 1139 ecce,
1438 1107 1494 1139 aio,
1507 1107 1535 1134 hi
1548 1109 1575 1134 te
1588 1115 1691 1135 omnes
1701 1110 1801 1143 aperto
1812 1109 1879 1136 sinu

1051 1152 1080 1176 et
1094 1150 1187 1177 obviis
1199 1150 1276 1177 ulnis
1287 1151 1435 1186 excepturi
1449 1154 1630 1187 exspectant,
1642 1160 1675 1179 eo
1690 1160 1758 1188 erga
1772 1155 1810 1186 te,
1823 1161 1880 1188 quo

1051 1202 1120 1229 erga
1131 1194 1281 1227 Lazarum,
1298 1195 1426 1222 functuri
1439 1195 1544 1230 ofﬁcio,
1558 1198 1647 1232 utque
1663 1196 1732 1224 hinc
1742 1205 1809 1225 cum
1820 1196 1881 1226 illis

1052 1238 1081 1265 in
1097 1238 1202 1265 coelum
1220 1239 1338 1275 migres.
1354 1240 1439 1272 Tum,
1454 1240 1545 1267 Amen
1563 1240 1700 1275 inquiens
1729 1241 1882 1277 (praesente

1052 1286 1079 1311 et
1090 1284 1225 1311 audiente
1236 1285 1385 1312 communi
1394 1285 1487 1312 amico
1499 1285 1880 1322 Genebrardo)obdormivit

1052 1328 1081 1355 in
1098 1328 1220 1356 Domino
1236 1329 1312 1357 inter
1326 1338 1406 1357 meos
1422 1330 1582 1365 amplexus,
1613 1332 1768 1366 postquam
1786 1340 1880 1359 annos

1053 1371 1120 1407 plus
1131 1373 1232 1408 viginti
1247 1374 1400 1401 continuos
1415 1374 1502 1402 simul
1515 1375 1694 1403 amicissime
1710 1378 1738 1403 et
1752 1375 1782 1403 in
1799 1379 1880 1404 utra-

1053 1425 1109 1452 que
1127 1418 1244 1445 fortuna
1259 1419 1365 1446 versati
1382 1427 1497 1446 sumus.

1090 1462 1189 1489 Dicere
1204 1463 1281 1490 enim
1299 1463 1458 1499 aliquando
1474 1463 1586 1491 solebat
1602 1472 1669 1491 cum
1686 1465 1721 1492 de
1745 1473 1792 1493 me
1815 1465 1882 1494 aliis

1053 1514 1203 1534 sermones
1219 1510 1337 1541 sereret,
1355 1516 1408 1535 nos
1423 1508 1539 1535 dextras
1555 1509 1704 1536 societatis
1720 1509 1773 1545 (sic
1789 1510 1880 1544 [enim

1052 1550 1087 1578 de
1099 1551 1218 1579 alumno
1230 1560 1283 1579 suo
1295 1552 1388 1579 amice
1399 1552 1478 1588 loqui
1493 1552 1615 1588 solebat)
1627 1553 1753 1587 dedisse,
1763 1554 1844 1581 nulla
1854 1554 1884 1582 vi

1053 1594 1109 1622 nisi
1124 1596 1225 1623 mortis
1237 1596 1458 1632 disjungendas.
1471 1597 1552 1630 Quod
1559 1605 1675 1625 summo
1683 1598 1733 1625 Dei
1742 1598 1883 1626 beneficio

1056 1639 1132 1667 inter
1147 1639 1205 1667 alia
1221 1640 1312 1667 multa
1329 1640 1400 1667 mihi
1417 1640 1547 1676 contigit.
1564 1641 1621 1669 Nec
1646 1641 1725 1669 enim
1741 1641 1801 1670 ullo
1826 1642 1883 1671 alio

1057 1692 1188 1720 unquam
1204 1684 1317 1712 diutius
1333 1687 1361 1712 et
1372 1685 1547 1713 familiarius
1564 1694 1636 1713 usus
1652 1688 1707 1719 est,
1727 1694 1780 1714 nec
1797 1687 1879 1715 alteri

1057 1728 1192 1764 cuiquam
1208 1729 1249 1763 (ni
1266 1729 1359 1765 fallor)
1371 1738 1425 1757 sua
1439 1729 1578 1757 libentius
1596 1738 1628 1758 ac
1644 1730 1759 1758 fidelius
1776 1739 1883 1759 arcana

1057 1773 1213 1801 commisit.
1230 1775 1307 1805 Quas
1323 1773 1359 1800 ob
1375 1781 1432 1809 res,
1449 1775 1477 1801 et
1492 1773 1520 1800 in
1536 1773 1612 1809 grati
1628 1774 1719 1801 animi
1744 1774 1882 1803 testiﬁca-

1056 1819 1164 1846 tionem
1176 1818 1230 1845 hoc
1241 1818 1306 1853 ejus
1315 1817 1443 1853 elogium
1452 1817 1565 1854 scripsi,
1573 1818 1657 1853 eique
1664 1818 1884 1847 luotuosissime

1057 1863 1218 1899 parentavi.
1234 1862 1312 1890 Obiit
1321 1864 1419 1890 autem
1430 1870 1529 1890 servus
1541 1862 1666 1896 Domini,
1679 1864 1707 1891 et
1718 1863 1883 1891 litterarum

1056 1908 1145 1935 decus
1161 1915 1237 1935 anno
1252 1906 1345 1934 aetatis
1360 1915 1419 1934 suae
1434 1906 1660 1943 quadragesimo
1676 1908 1813 1943 septimo,
1832 1911 1872 1936 ω

1054 1952 1129 1980 totis:
1144 1951 1332 1986 Parisiorum,
1349 1952 1378 1978 in
1389 1951 1502 1978 aedibus
1518 1951 1605 1979 amici
1636 1951 1759 1979 Gilberti
1787 1952 1880 1980 Gene-

1055 1996 1153 2025 brardi
1165 1995 1292 2032 theologi
1302 1995 1485 2030 Parisiensis,
1497 1995 1663 2023 divinarum
1675 1996 1883 2024 Hebraicarum

1055 2041 1220 2069 litterarum
1238 2040 1423 2076 professoris,
1439 2048 1515 2068 anno
1532 2040 1636 2068 salutis
1658 2049 1784 2069 MDLXXXI
1815 2042 1886 2070 hora

1055 2094 1133 2113 nona
1156 2085 1284 2113 serotina
1303 2084 1361 2112 diei
1375 2084 1455 2112 illius
1471 2092 1529 2120 quo
1544 2085 1676 2112 Christus
1692 2085 1834 2113 Dominus
1855 2085 1884 2113 in

1056 2130 1199 2157 mundum
1210 2129 1298 2163 venit,
1315 2131 1431 2162 uteum,
1444 2131 1621 2165 caeterosque
1636 2129 1700 2165 pios
1715 2131 1779 2165 ejus
1799 2129 1881 2158 simi-

1054 2174 1097 2203 les
1112 2175 1141 2202 in
1151 2174 1255 2202 omium
1272 2176 1444 2202 assumeret.
1458 2174 1529 2209 Ejus
1540 2182 1646 2209 corpus
1658 2173 1760 2202 multis
1774 2174 1883 2202 studiis

1052 2218 1170 2256 vigiliis,
1187 2227 1219 2246 ac
1235 2218 1384 2246 laboribus
1401 2226 1453 2254 pro
1469 2217 1518 2246 Dei
1534 2217 1664 2246 Ecclesia
1674 2219 1746 2247 dum
1773 2219 1883 2247 viveret

1054 2263 1211 2300 protritum
1224 2265 1252 2291 et
1266 2263 1453 2296 exhaustum,
1469 2262 1498 2290 in
1515 2262 1603 2291 choro
1618 2262 1689 2291 mdis
1703 2264 1808 2291 Sancto
1834 2263 1883 2291 Se-

1011 2315 1035 2347 D
1051 2309 1149 2337 verine
1166 2316 1255 2336 sacrae
1270 2308 1305 2335 ad
1322 2307 1418 2343 magni
1434 2306 1535 2335 altaris
1562 2307 1695 2335 dextram
1715 2307 1825 2335 dormit
1849 2307 1880 2335 in

1053 2353 1180 2390 pulvere,
1194 2353 1285 2380 donec
1296 2359 1313 2379 a
1328 2351 1452 2379 Domino
1464 2351 1614 2385 excitetur,
1630 2359 1663 2379 ac
1676 2350 1886 2380 beataeanima

1052 2400 1222 2426 sanctorum
1237 2396 1372 2424 laborum
1383 2403 1506 2424 suorum
1517 2395 1604 2423 sociae
1627 2397 1656 2423 et
1671 2395 1798 2424 consorti
1824 2394 1882 2423 ite-

1051 2451 1118 2471 rum
1135 2441 1269 2470 uniatur.

203 2559 226 2577 ³⁸
239 2559 311 2588 Gen.
327 2567 418 2592 xxxii,
429 2559 457 2586 2.
496 2559 518 2577 ⁸⁸
532 2558 567 2587 IV
670 2567 700 2592 u,
717 2558 761 2586 11.
800 2558 822 2576 9'
837 2558 914 2586 Psal.
928 2566 995 2587 xxxi

203 2603 229 2622 [ι.
243 2594 290 2622 52.
330 2596 340 2614 ί
356 2594 444 2622 Num.
459 2603 518 2622 xxi.
534 2595 560 2622 8.
600 2595 611 2612 ²
652 2602 698 2622 en.
714 2602 817 2622 xxvm.
831 2595 875 2622 12.
889 2594 932 2622 13.

1053 2560 1072 2587 3.
1111 2558 1133 2576 τ’
1150 2560 1233 2586 Prov.
1250 2565 1330 2592 xvm,
1355 2557 1399 2585 1‘7.
1438 2557 1460 2574 ³⁸
1476 2555 1605 2592 Philipp.
1617 2563 1639 2590 ι,
1654 2556 1701 2584 21.
1741 2556 1763 2574 ⁵⁸
1777 2556 1883 2586 Matth.

165 2599 229 2630 xiu,
243 2594 290 2623 52.
330 2596 340 2614 ί
356 2594 444 2623 Num.
459 2603 518 2629 xxi,
534 2595 560 2622 8.
600 2595 611 2612 ²
627 2594 698 2623 Gen.
714 2602 817 2628 xxvm,
831 2595 875 2630 12,
889 2594 932 2622 13.
