4110 6426
312 373 422 435 393
1555 363 1852 426 ORATIO
1894 360 1945 423 Ι.
1979 394 2057 408 -
2093 359 2489 424 MONITUM.
3617 363 3738 426 394

307 527 736 540 ..ι-...υ-

307 547 736 561 ————-——.—

718 714 1304 812 MONITUM
1372 715 1503 811 IN
1577 710 2343 824 SEQUENTEM
2413 710 3162 810 ORATIONEM
3193 709 3334 807 (⁷⁸).

402 1139 442 1191 1
479 1131 525 1190 Ι.
587 1130 758 1190 Inter
813 1126 1131 1189 orationes
1185 1125 1469 1205 Gregorii
1529 1124 1799 1204 primam
1848 1124 1960 1186 illa
2016 1123 2135 1185 sibi
2190 1123 2402 1185 sedem
2450 1123 2750 1195 vindicat,
2801 1142 2944 1202 quae
2998 1124 3484 1203 quadragesimo
3531 1125 3739 1206 primo

313 1229 456 1290 loco
516 1227 597 1287 ab
660 1225 1006 1287 editoribus
1064 1224 1515 1286 Parisiensibus
1566 1229 1936 1284 numeratur
1995 1239 2010 1295 ;
2073 1222 2362 1300 quamvis
2436 1222 2500 1282 in
2559 1222 2852 1282 omnibus
2908 1240 3066 1300 pene
3122 1222 3443 1283 codicibus
3498 1224 3740 1285 caeteris

309 1325 642 1406 praemissa
672 1325 750 1384 sit
779 1323 1191 1385 orationibus.
1258 1321 1435 1400 Regii
1495 1340 1770 1401 namque
1827 1321 2164 1399 plusquam
2223 1319 2646 1398 quadraginta
2703 1326 2856 1379 sunt
2910 1320 3181 1394 codices,
3251 1321 3314 1380 in
3375 1322 3603 1400 quibus
3633 1340 3737 1383 or-

314 1424 462 1485 dine
519 1423 726 1502 prima
781 1427 874 1482 est
926 1421 1133 1482 Oratio
1193 1422 1255 1481 in
1312 1418 1549 1481 Pascha
1579 1429 1631 1480 et
1671 1418 2039 1480 tarditatem.
2098 1419 2378 1478 Primum
2439 1435 2692 1496 quoque
2746 1417 2953 1477 locum
3013 1422 3184 1478 tenet
3234 1418 3297 1478 in
3354 1418 3737 1497 Anglicanis,

317 1520 765 1600 imperatoriis,
823 1525 968 1590 etc.,
1032 1525 1103 1578 ut
1159 1518 1258 1579 vel
1315 1518 1496 1577 editis
1553 1517 1858 1594 catalogis
1915 1521 2160 1576 notum.
2215 1515 2376 1586 Quin
2446 1515 2586 1594 ipsa
2645 1514 2947 1574 orationis
3001 1515 3196 1575 verba
3251 1533 3391 1576 eam
3457 1518 3740 1578 omnium

319 1619 590 1698 primam
663 1635 796 1677 esse
854 1615 1194 1676 ostendunt
1251 1612 1420 1674 satis.
1485 1612 1854 1673 Ἀναστάσεως
1914 1613 1942 1679 ἡ

2179 1610 2267 1665 καὶ
2325 1612 2359 1680 ἡ
2421 1609 2569 1685 ἀρχὴ
2631 1607 2793 1679 δεξιά·
2852 1636 2882 1667 ‹‹
2929 1613 3442 1687 Resurrectionis,
3514 1615 3739 1693 inquit,

316 1716 450 1777 dies
480 1716 886 1792 faustumque
919 1713 1319 1792 principium.
1359 1735 1385 1770 υ
1423 1747 1501 1756 —-
1550 1736 1579 1767 «
1611 1711 2019 1790 Principium,
2054 1712 2339 1789 inquam,
2377 1728 2740 1770 sermonum
2787 1715 2850 1770 et
2895 1709 3033 1770 initi
3087 1709 3424 1790 pastoralis
3465 1712 3676 1772 officii.
3710 1736 3739 1768 »

315 1812 496 1886 Ἀρχὴ
527 1815 637 1864 τῶν
692 1808 877 1884 λόγων
938 1830 1063 1882 μου,
1096 1809 1186 1863 καὶ
1245 1810 1279 1878 ἡ
1340 1807 1486 1883 ἀρχὴ
1532 1812 1629 1861 τοῦ
1680 1805 1938 1861 διδάσκεικ

2124 1810 2195 1860 ῖοῦ
2227 1803 2603 1882 προΐστασθαι.
2666 1810 2758 1868 lta
2813 1812 2957 1885 post
3012 1814 3285 1868 veterem
3343 1808 3747 1870 scholiastam

319 1911 590 1970 Nicetes.
647 1908 918 1961 Ἐντεῦθεν
978 1906 1103 1981 γάρ,
1165 1908 1252 1968 ait
1301 1908 1469 1986 apud
1508 1907 1942 1967 Lambeciuml

2125 1906 2226 1978 lle,
2266 1902 2293 1956 ὀ
2355 1902 2627 1964 Θειὸτατος
2690 1901 2846 1964 οὗτος
2905 1902 3091 1978 Πατὴρ
3147 1906 3255 1958 τῶν
3315 1902 3504 1958 ἑαυτοῦ
3565 1902 3747 1980 λόγων

319 2004 621 2080 ἀπήρξατο.
655 2008 726 2067 1d
757 2012 849 2068 est
884 2024 898 2066 :
936 2031 964 2063 α
1000 2008 1157 2066 Hinc
1188 2005 1352 2066 enim
1384 2005 1808 2065 divinissimus
1838 2004 1943 2065 ille
1978 2007 2161 2065 Pater
2190 2021 2551 2063 sermonum
2583 2022 2838 2063 suorum
2873 2003 3122 2063 initium
3155 2003 3356 2064 duxit.
3392 2027 3422 2060 ››

404 2106 478 2165 lI.
540 2105 711 2166 Idem
773 2104 996 2165 astruit
1054 2103 1322 2164 Basilius
1377 2103 1608 2180 insigni
1668 2103 1907 2162 scholio
1943 2149 1958 2174 ,
2021 2102 2191 2180 quod
2244 2103 2308 2161 in
2382 2102 2840 2162 commentario
2897 2100 3232 2162 exhibetur
3283 2119 3298 2162 :
3360 2101 3488 2163 imo
3545 2102 3749 2164 inedi-

322 2208 424 2264 tus
452 2203 613 2263 alter
651 2201 1015 2274 scholiasta,
1077 2201 1180 2280 qui
1240 2201 1306 2260 in
1366 2201 1540 2261 Colb.
1603 2203 1743 2261 cod.
1804 2201 1985 2274 3063,
2041 2199 2106 2259 in
2166 2200 2514 2260 orationem
2571 2200 2912 2260 secundam
2969 2199 3032 2258 in
3086 2199 3352 2275 Pascha,
3414 2201 3552 2261 haec
3610 2220 3750 2261 ver-

320 2300 403 2360 ba
437 2322 450 2361 :
486 2300 552 2351 Ὤ
583 2297 717 2371 λόγε
747 2301 903 2371 Θεοῦ,
945 2321 972 2356 ‹‹
1012 2302 1060 2360 Ο
1113 2298 1368 2358 verbum
1421 2298 1552 2370 Dei,
1588 2319 1617 2356 »
1673 2304 1821 2371 etc.,
1875 2298 1962 2358 sic
2008 2303 2476 2358 commentatur
2516 2295 2634 2376 (80)
2674 2314 2688 2356 :
2729 2296 2995 2358 «Habes
3036 2297 3250 2376 itaque
3297 2317 3467 2359 nunc
3511 2299 3754 2360 oratio-

325 2417 468 2458 nem
525 2398 690 2458 hanc
751 2402 1054 2470 nostram,
1118 2415 1247 2457 non
1295 2397 1550 2474 quidem
1609 2397 1938 2474 primitias,
2001 2414 2206 2474 neque
2274 2395 2586 2474 primam,
2648 2400 2718 2454 ut
2769 2394 2880 2454 illa
2947 2393 3113 2475 (quae
3171 2395 3259 2456 sic
3329 2396 3567 2476 incipit)
3630 2399 3753 2457 Re-

329 2495 740 2554 surrectionis
789 2495 942 2555 dies.
991 2517 1019 2552 ι)
1080 2498 1149 2554 ln
1199 2513 1339 2553 eam
1398 2495 1671 2572 denique
1728 2493 2103 2554 sententiam
2164 2511 2304 2552 cum
2367 2500 2608 2553 veteres
2664 2496 2799 2550 tum
2858 2493 3239 2552 recentiores
3294 2493 3566 2552 iverunt.
3629 2496 3754 2555 Nec

327 2591 492 2652 enim
558 2609 769 2651 moror
825 2592 993 2669 quod
1050 2591 1510 2652 Leuvenklaius
1566 2591 1630 2650 in
1675 2610 1789 2650 sua
1846 2589 2312 2669 nuncupatoria
2368 2589 2636 2668 epistola
2684 2589 2818 2649 ait:
2881 2610 2910 2646 «
2963 2589 3225 2650 Ratione
3274 2590 3599 2669 temporis.
3674 2590 3756 2650 si-

326 2690 585 2768 quidem
618 2689 767 2748 Eliae
809 2691 1088 2751 Cretensi
1135 2697 1197 2750 et
1242 2690 1474 2750 Nicetae
1526 2690 1820 2750 Serronio
1870 2689 2202 2762 credimus,
2257 2706 2389 2748 esse
2439 2688 2645 2765 prima
2688 2687 2916 2747 debeat
2964 2687 3190 2761 oratio,
3243 2711 3273 2743 υ
3329 2707 3470 2766 quae
3517 2688 3582 2748 in
3629 2689 3755 2748 Pa-

325 2787 570 2847 risiensi
622 2787 1098 2848 Graeco-Latina
1145 2787 1419 2847 editione
1468 2787 1688 2848 ordine
1745 2787 2022 2847 secunda
2070 2792 2185 2846 est.
2236 2785 2480 2845 Etenim
2530 2785 2718 2862 longe
2775 2785 2964 2844 aliam
3013 2803 3145 2844 esse
3193 2785 3429 2846 Nicetes
3478 2791 3749 2847 mentem

326 2885 517 2946 modo
561 2885 855 2945 vidimus.
920 2886 1071 2945 Eliae
1129 2904 1276 2946 vero
1335 2885 1708 2946 sententiam
1767 2885 1917 2946 alibi
1973 2884 2366 2956 refellemus,
2424 2901 2616 2962 quam
2674 2883 2925 2943 interim
2970 2883 3252 2962 explodit
3309 2884 3460 2944 satis
3519 2884 3750 2945 utrius-

331 3001 453 3061 que
510 2983 813 3043 orationis
870 2984 1274 3062 principium,
1336 2989 1398 3043 et
1453 2982 1596 3043 finis
1652 2983 1831 3043 istius
1882 2982 2037 3042 :ubi
2093 2981 2499 3059 Theologus:
2541 2981 2740 3041 «Jam
2792 2999 3135 3054 sermones,
3186 2981 3394 3060 inquit
3440 2981 3589 3062 (81),
3641 2982 3756 3042 ha-

333 3081 519 3158 betis,
577 3100 843 3160 quorum
905 3081 1215 3142 desiderio
1274 3086 1604 3161 tantopere
1665 3080 2032 3159 ﬂagrabatis
2092 3097 2106 3153 ;
2167 3104 2196 3136 »
2260 3097 2581 3140 sermones
2637 3078 2962 3158 hucusque
3024 3078 3366 3158 denegatos
3402 3125 3418 3154 ,
3479 3099 3751 3159 quorum

334 3179 541 3240 studio
584 3198 657 3240 eo
715 3179 986 3258 amplius
1043 3180 1396 3254 ardebant,
1463 3200 1588 3259 quo
1647 3179 1881 3239 diutius
1933 3178 2026 3238 illi
2077 3178 2550 3238 differebantur.
2614 3180 2764 3248 Quae
2822 3177 3077 3256 quidem
3119 3177 3557 3256 interpretatio
3619 3198 3746 3240 non

333 3282 572 3349 nostra,
606 3277 712 3338 sed
756 3277 953 3355 ipsius
985 3282 1078 3336 est
1107 3277 1408 3355 Gregorii,
1444 3285 1511 3338 ut
1543 3283 1676 3338 tota
1705 3278 1908 3339 oratio
1941 3276 2146 3350 tertia,
2193 3276 2350 3336 alias
2378 3276 2676 3350 secunda,
2711 3275 2960 3355 probat,
2996 3282 3185 3355 atque
3232 3277 3298 3336 in
3345 3295 3485 3338 eam
3535 3277 3755 3339 admo-

332 3374 488 3435 nitio
519 3374 1002 3436 demonstrabit.

409 3473 515 3533 ΙΙΙ.
575 3474 722 3534 Haec
781 3472 975 3550 igitur
1034 3473 1240 3552 prima
1295 3473 1579 3534 omnium
1638 3473 1874 3553 scripta
1928 3474 2223 3552 dictaque
2279 3473 2398 3533 fuit
2449 3472 2652 3533 oratio
2709 3490 2875 3532 anno
2933 3472 3163 3533 Christi
3210 3475 3348 3545 362,
3398 3473 3599 3551 pridie
3627 3476 3757 3534 Ka-

331 3569 552 3632 lendas
602 3570 857 3650 Aprilis,
909 3589 1036 3649 qua
1093 3571 1216 3643 die,
1270 3571 1460 3650 juxta
1511 3571 1916 3645 Bucherium,
1980 3571 2098 3632 hoc
2155 3590 2321 3631 anno
2381 3572 2606 3630 festum
2655 3570 2913 3631 Paschae
2961 3571 3199 3631 incidit.
3238 3573 3373 3643 Qua
3403 3590 3550 3632 vero
3582 3590 3759 3632 occa-

330 3668 502 3728 sione
559 3668 866 3747 quibusve
924 3669 1002 3728 de
1058 3669 1283 3741 causis,
1340 3669 1506 3728 infra
1562 3670 1956 3729 commodius
2013 3669 2360 3729 admonitio
2413 3669 2477 3728 in
2540 3666 2982 3747 Apologetz'cum
3045 3688 3325 3748 magnum
3386 3669 3758 3730 declarabit.

329 3766 539 3826 Brevis
596 3766 707 3825 illa
765 3767 1022 3845 quidem
1081 3767 1331 3827 oratio:
1368 3785 1585 3826 verum
1645 3773 1832 3839 certe,
1888 3785 2096 3826 rerum
2147 3766 2365 3826 habita
2412 3766 2679 3838 ratione,
2731 3766 3175 3844 amplissima;
3219 3769 3470 3828 tametsi
3525 3775 3763 3829 temere

332 3864 532 3924 ﬂuens
581 3870 643 3924 et
688 3864 993 3944 dissipata
1050 3865 1313 3924 forsitan
1367 3864 1573 3943 prima
1633 3863 1834 3924 fronte
1891 3865 2200 3924 videatur.
2237 3865 2305 3923 In
2363 3882 2436 3923 ea
2493 3863 2883 3941 resurgentis
2939 3863 3168 3923 Christi
3235 3866 3556 3944 mysteria,
3617 3884 3762 3926 cum

337 3961 697 4021 defensione
756 3962 1071 4022 tarditatis
1114 3981 1282 4034 suae,
1356 3967 1418 4021 et
1474 3968 1815 4041 utrumque
1873 3980 2016 4022 cum
2076 3961 2408 4040 praeceptis
2466 3979 2711 4022 morum
2771 3961 2862 4021 ita
2919 3961 3293 4040 conjungit,
3353 3963 3444 4023 ita
3500 3963 3764 4042 singulis

338 4058 588 4136 singula
638 4059 893 4130 miscet,
947 4065 1017 4119 ut
1072 4061 1275 4120 oratio
1333 4060 1718 4139 panegyrica
1774 4065 1928 4134 tota,
1990 4065 2119 4121 tota
2181 4059 2458 4133 moralis,
2508 4059 2903 4138 apologatica
2931 4066 3064 4120 tota
3093 4079 3250 4138 pene
3282 4061 3479 4140 possit
3539 4061 3763 4142 appel-

343 4155 478 4215 lari.
513 4157 580 4216 1n
614 4174 686 4216 ea
715 4176 780 4217 se
828 4157 995 4217 idem
1043 4164 1299 4218 accusat
1328 4163 1389 4218 et
1437 4158 1735 4229 defendit,
1775 4157 2048 4218 demittit
2105 4163 2168 4218 et
2226 4158 2490 4232 extollit,
2553 4163 2734 4236 paret
2788 4165 2852 4218 et
2907 4158 3197 4238 imperat,
3256 4159 3762 4222 benevolentiam

342 4259 556 4332 captat
611 4259 672 4314 et
731 4254 1051 4333 objurgat.
1112 4255 1396 4333 Denique
1456 4255 1606 4316 dum
1665 4274 1798 4316 esse
1831 4263 2048 4334 pastor
2102 4255 2305 4315 bonus
2361 4261 2640 4334 exoptat,
2699 4255 2905 4334 ipsum
2965 4275 3154 4334 quem
3213 4276 3347 4318 esse
3395 4259 3764 4336 exoptabat,

334 4370 399 4412 se
443 4353 861 4425 demonstrat,
917 4359 964 4414 2
1023 4358 1085 4413 et
1131 4353 1379 4415 Christo
1428 4355 1721 4415 alacriter
1778 4354 2297 4415 commorientem
2353 4359 2416 4414 et
2470 4372 2598 4414 una
2652 4353 2839 4413 simul
2892 4361 3347 4432 resurgentem,
3382 4375 3617 4417 novum
3651 4356 3770 4417 ho-

339 4450 594 4523 minem,
655 4469 844 4530 quem
899 4456 1219 4530 pastorem
1295 4471 1443 4512 oves
1510 4453 1689 4531 sequi
1743 4452 2014 4513 debeant
2091 4458 2153 4513 et
2226 4451 2444 4512 audire
2478 4498 2491 4511 .
2540 4453 2870 4514 Munerum
2928 4459 3140 4514 autem
3215 4454 3450 4532 injecta
3507 4454 3766 4530 mentio,

340 4565 533 4625 quam
592 4548 953 4621 artiﬁciosa,
1016 4568 1208 4627 quam
1267 4556 1419 4629 apta
1472 4549 1654 4621 festo,
1717 4549 2048 4629 praeceptis
2104 4567 2377 4622 morum,
2437 4547 2732 4609 laudibus
2789 4549 3010 4628 patris,
3056 4549 3175 4610 sibi
3219 4551 3341 4630 ipsi
3370 4556 3499 4610 tam
3534 4552 3776 4629 magni-

341 4643 461 4703 fice
515 4663 703 4724 quam
765 4647 1047 4707 modeste
1104 4667 1178 4708 ac
1234 4647 1608 4719 necessario,
1673 4666 1837 4707 novo
1894 4648 2010 4708 sub
2071 4652 2249 4726 patre
2326 4645 2566 4725 pastori
2641 4646 2896 4720 vicario,
2983 4648 3525 4708 commendando!
3565 4653 3776 4726 Atque

341 4741 480 4802 haec
511 4748 603 4804 est
632 4745 837 4823 prima
868 4745 1175 4822 Gregorii,
1213 4750 1295 4821 et,
1331 4745 1384 4806 si
1414 4745 1645 4807 Basilio
1676 4745 1989 4806 credimus
2015 4745 2462 4824 extemporalis
2496 4744 2724 4805 oratio.

420 4975 532 5049 (78)
563 4977 628 5049 in
661 4975 938 5032 omnibus
970 4993 1115 5049 pene
1146 4993 1290 5033 mss.
1325 4976 1448 5032 hac
1477 4976 1661 5033 oratio
1696 4975 1945 5049 primam
1981 4976 2179 5033 sedem
2211 4980 2480 5048 occupat.

441 5047 533 5115 79)
561 5047 832 5103 Lambec.
857 5049 925 5115 in
958 5047 1131 5104 catal.
1175 5050 1248 5104 ad
1281 5050 1409 5105 cod.
1441 5049 1531 5104 97.

563 5117 804 5194 l‘lﬁvp‘ev
838 5113 984 5194 E'xstc
1016 5119 1108 5173 τὸν
1145 5117 1306 5194 λᾴγον
1337 5122 1552 5189 τοῦτον,
1587 5118 1688 5174 οὑκ
1718 5119 1991 5193 ἀπαρχὴν,
2025 5115 2150 5174 οὐδὲ
2179 5122 2419 5193 πρῶτον,
2453 5117 2526 5178 ὡς
2554 5117 2640 5191 τὸ,
2673 5115 3008 5180 ἀναστάσεως
3040 5114 3241 5192 ἡμέρα.

420 5191 532 5263 (81)
563 5191 627 5247 In
651 5191 965 5249 Monito'ad
1000 5199 1147 5249 orat.
1180 5191 1233 5248 3;

687 5809 954 5878 Parion.
1002 5830 1099 5894 gr.
1148 5812 1400 5878 XXXV.
3389 5811 3466 5871 13
