4110 6410
347 365 464 424 395
1593 353 1655 413 s.
1711 350 2085 411 caecoan
2129 349 2526 411 THEOLOGI
3651 365 3777 426 396

348 485 3780 519 M

1045 667 1296 765 ΤΟΥ
1375 663 1537 761 ΕΝ
1618 659 2039 757 ΑΓΙΟΙΣ
2124 658 2623 756 ΠΑΤΡΟΣ

1618 659 2039 757 ΑΓΙΟΙΣ
2124 658 2623 756 ΠΑΤΡΟΣ
2707 661 3076 759 ΗΜΩΝ

722 887 1734 1024 ΓΡΗΓΟΡΙΟΥ
1831 884 2180 1015 ΤΟΥ
2286 866 3403 1019 ΘΕΟΛΟΓΟΥ(⁸²)

1369 1120 1929 1180 ΔΡΧΙΕΠΙΣΚΟΠΟΥ
1966 1122 2752 1176 ΚΩΝΣΤΑΝΤΙΝΟΥΠΟΛΕΩΣ

1612 1293 2513 1470 ΛΟΓΟΙ.

574 1729 741 1895 S.
833 1731 1010 1892 P.
1104 1730 1292 1893 N.
1411 1585 2404 1894 GREG8RII
2501 1725 3545 1897 THEOLOGI

784 1998 1759 2095 ABGHIEPISCOPI
1842 1996 3329 2094 CONSTANTINOPOLITANI

1556 2222 2561 2347 ORATIONES.

890 2560 1358 2657 ORATIO
1394 2561 1496 2655 1⁸.
2021 2562 2085 2649 ,Α

2021 2562 2085 2649 -Α
2639 2582 3043 2681 ΛΟΓΟΣ
3128 2582 3238 2678 Α.

553 2708 602 2764 8
635 2707 697 2763 In
725 2714 977 2762 sanctum
1005 2705 1215 2761 Pascha
1243 2707 1292 2759 et
1337 2705 1396 2759 in
1437 2703 1782 2759 tarditatem.

2209 2717 2303 2781 Εἲς
2331 2717 2395 2772 τὸ
2425 2718 2579 2793 ἅγιον
2611 2715 2806 2792 Πάσχα
2835 2719 2949 2791 (33)
2980 2716 3069 2771 καὶ
3102 2717 3177 2781 εἷς
3208 2718 3307 2785 τὴν
3343 2715 3672 2793 βραδυτῆτα.

410 2829 1478 2899 Litesurrectionisdies,faustumque
1493 2826 1998 2899 principium.Hao

2181 2826 2258 2880 A'.
2295 2826 2657 2881 Ἀναστάσεως
2687 2825 2889 2898 ἡμέρα,
2918 2823 3007 2879 καὶ
3040 2827 3074 2894 ἡ
3108 2824 3254 2900 ἀρχὴ
3289 2822 3453 2898 δεξιὰ,
3491 2826 3580 2880 καὶ
3615 2824 3763 2900 λαμ-

339 2920 680 2977 celebritate
700 2919 1274 2991 exsplendescamus,
1293 2934 1358 2972 ac
1382 2921 1588 2971 mutuo
1614 2933 1719 2971 nos
1741 2917 1962 2987 comple

2141 2916 2422 2988 τρυνθῶμεν
2472 2916 2543 2985 τῇ
2588 2913 2905 2990 πανηγύρει,
2956 2913 3045 2967 καὶ
3097 2912 3383 2985 ἀλλήλους
3424 2918 3764 2991 περιπτυξώ-

344 3018 593 3067 ctamur.
633 3009 926 3075 Dicamus,
962 3008 1192 3072 fratres,
1226 3006 1318 3061 his
1366 3007 1540 3061 etiam
1583 3004 1683 3075 qui
1715 3021 1822 3060 nos
1854 3006 1962 3061 ode

2135 3004 2262 3057 ιεθα·
2299 3000 2555 3076 εἷίπωμεν,
2590 3000 2837 3080 ἀδελφοὶ,
2888 3002 2979 3057 καὶ
3025 3008 3142 3065 τοῖς
3192 3008 3440 3076 μισοῦσιν
3471 3006 3642 3077 ἡμᾶς,
3681 3007 3758 3078 μή

340 3110 479 3156 runt
507 3099 552 3170 ³,
586 3099 803 3155 nedum
833 3098 928 3153 his
960 3097 1058 3168 qui
1088 3114 1190 3168 per
1219 3094 1565 3151 charitatem
1600 3095 1817 3164 aliquid
1852 3096 1963 3151 fece

2137 3112 2185 3144 τι
2217 3096 2333 3152 τοῖς
2378 3088 2447 3145 δι’
2493 3090 2706 3165 ἀγάπην
2756 3094 2868 3165 (84)
2911 3113 2962 3146 τι
3013 3091 3392 3162 πεποιηκόσιν,
3424 3092 3459 3161 ἥ
3492 3094 3760 3149 πεπονθό-

340 3194 502 3257 runt,
532 3188 619 3243 vel
648 3187 806 3260 passi
829 3190 988 3243 sunt.
1019 3184 1449 3241 Resurrectioui
1476 3183 1677 3239 omnia
1698 3185 1961 3239 condone

2142 3201 2176 3233 ι’
2206 3182 2659 3256 συγχωρήσωμεν
2711 3185 2884 3236 πάντα
2931 3180 3001 3255 τῇ
3047 3180 3351 3236 ἀναστάσει·
3407 3179 3587 3255 δῶμεν
3630 3204 3760 3259 συγ-

340 3293 514 3345 mus;
547 3277 777 3332 veniam
810 3275 909 3330 alii
937 3273 1068 3330 aliis
1098 3274 1328 3339 demus,
1361 3278 1488 3328 tum
1520 3289 1624 3344 ego
1656 3273 1754 3343 qui
1789 3272 1963 3327 lauda

2131 3269 2331 3341 ’νώμην
2360 3266 2657 3341 ἀλλήλοις,
2711 3268 2817 3346 ἐγώ
2864 3290 2923 3323 τε
2968 3270 2996 3323 ὁ
3038 3270 3387 3345 τυραννηθεὶς
3434 3272 3534 3340 τήν
3577 3273 3754 3340 καλήν

341 3366 523 3422 bilem
557 3364 673 3421 vim
706 3380 1023 3437 perpessus
1049 3378 1205 3431 sum,
1239 3361 1349 3418 hoc
1379 3362 1535 3417 enim
1578 3378 1733 3417 nunc
1757 3360 1964 3432 adjicio

2135 3357 2409 3433 υραννίδα,
2459 3362 2619 3413 τοῦτο
2667 3358 2768 3434 γὰρ
2817 3362 2903 3413 νῦν
2951 3358 3308 3435 προστίθημι,
3360 3359 3449 3414 καὶ
3493 3360 3648 3433 ὑμεῖς
3699 3362 3758 3416 οἱ

338 3458 465 3510 tum
484 3458 533 3510 4
559 3471 659 3510 vos
681 3454 779 3525 qui
803 3452 1180 3508 laudabiliter
1200 3452 1314 3507 vim
1337 3450 1643 3518 attulistis,
1670 3450 1877 3522 siquid
1904 3467 1961 3505 es

2133 3445 2285 3509 aqu
2333 3450 2779 3522 τυραννήσαντες,
2831 3445 2884 3503 εἷ’
2923 3448 2975 3503 τί
3030 3469 3123 3521 μοι
3174 3447 3477 3527 μέμφοισθε
3656 3452 3756 3519 τῆς

339 3544 493 3617 quod
532 3543 678 3599 mihi
720 3542 1010 3597 tarditatis
1044 3557 1223 3596 causa
1269 3540 1683 3595 succenseatis.
1719 3540 1959 3603 Quando

2131 3534 2467 3610 ἱραδυτῆτος,
2502 3536 2578 3597 ὡς
2603 3537 2747 3612 τάχα
2788 3558 2851 3613 γε
2898 3537 3155 3612 κρείττων
3208 3542 3321 3609 (86)
3368 3537 3502 3609 αὕτη
3553 3538 3642 3594 καὶ
3671 3561 3754 3594 τι-

337 3634 576 3705 quidem
612 3649 681 3688 ea
708 3632 976 3687 fortassis
1009 3631 1162 3702 apud
1200 3632 1381 3685 Deum
1426 3629 1632 3684 melior
1682 3635 1772 3684 est
1820 3636 1952 3699 atqu

2135 3627 2345 3701 ιιωτὲρα
2375 3632 2490 3698 Θεῷ
2534 3634 2635 3695 τῆς
2686 3628 2881 3703 ἑτέρων
2929 3634 3257 3703 ταχυτῆτος·
3292 3627 3484 3704 ἀγαθὸν
3532 3629 3635 3705 γὰρ
3666 3628 3758 3683 καὶ

335 3722 709 3794 ιιι-ωεὶοῐιῐίοιι
741 3738 919 3792 quam
947 3718 1199 3775 aliorum
1232 3718 1519 3774 celeritas.
1554 3719 1780 3773 Bonum
1830 3720 1958 3773 enin

2137 3723 2465 3792 ποχωρῆσαι
2516 3722 2631 3789 Θεῷ
2680 3738 2731 3771 τι
2784 3717 2997 3792 μικρὸν,
3050 3717 3124 3778 ὡς
3174 3720 3411 3785 Μωυσῆς
3458 3716 3660 3779 ἐκεῖνος
3692 3719 3757 3773 τὸ

332 3816 440 3883 est,
473 3816 529 3866 et
572 3811 689 3866 Deo
739 3826 1057 3882 parumper
1105 3825 1231 3865 sese
1286 3808 1634 3875 subducere,
1670 3812 1736 3861 ut
1765 3812 1955 3880 Moyse

2134 3805 2382 3877 ταλαιὸν,
2440 3806 2529 3859 καὶ
2588 3806 2850 3881 Ἱερεμίας
2911 3805 3129 3882 ὕστερον
3166 3850 3179 3875 ,
3239 3805 3327 3859 καὶ
3387 3803 3757 3883 προσδραμεῖν

334 3901 431 3955 ille
463 3900 602 3957 olim
623 3900 666 3969 ‘,
699 3916 764 3954 ac
797 3903 1000 3971 postea
1031 3898 1353 3953 Hieremias
1376 3898 1416 3968 ⁵,
1451 3902 1508 3954 et
1539 3914 1743 3951 rursus
1787 3898 1857 3951 ad
1892 3914 1957 3953 vo

2128 3895 2334 3969 τοίμως
2365 3893 2642 3965 καλοῦντι,
2694 3896 2768 3956 ὡς
2822 3896 3034 3969 Ἀαρών
3078 3916 3137 3949 τε
3183 3895 3271 3949 καὶ
3301 3896 3539 3965 Ἡσαῗας,
3592 3895 3751 3968 μόνον

334 3994 567 4045 cantem
601 3992 866 4061 prompte
892 3993 1066 4058 atque
1088 3987 1335 4059 impigre
1358 4003 1683 4054 accurrere,
1710 3988 1957 4058 quemad

2130 3981 2330 4045 ὑσεϐὦς
2366 3982 2663 4060 ἀμφότερα,
2714 3982 2778 4037 τὸ
2833 3984 2927 4056 μὶν
2980 3980 3069 4038 διὰ
3116 3986 3215 4053 τήν
3246 3984 3446 4039 οἰκείαν
3483 3985 3753 4040 ἀσθένειαν

336 4079 579 4134 modum
601 4079 792 4133 Aaron
812 4077 833 4111 ⁸
854 4081 909 4131 et
928 4076 1113 4131 Isaias
1139 4078 1179 4143 ⁷,
1205 4077 1377 4130 modo
1403 4080 1721 4146 utrumque
1749 4075 1844 4148 pio
1866 4077 1959 4131 ani

1764 4075 1844 4147 pio
1866 4077 1988 4131 ani-
2094 4076 2230 4145 (87),
2260 4073 2321 4127 τὸ
2354 4069 2411 4126 δὲ
2441 4070 2528 4126 διὰ
2554 4073 2653 4141 τὴν
2678 4077 2774 4127 τοῦ
2808 4072 3106 4136 καλοῦντος
3138 4071 3387 4148 δύναμιν.

338 4183 433 4223 mo
458 4168 577 4238 ﬁat,
598 4165 847 4221 alterum
869 4164 943 4220 ob
966 4164 1261 4237 propriam
1282 4164 1710 4235 inﬁrmitatem,
1735 4166 1983 4221 alterum

337 4255 411 4311 ob
437 4254 702 4310 vocantis
749 4254 1091 4326 potentiam.

408 4344 479 4399 ΙΙ.
515 4343 857 4415 Mysterium
888 4342 1055 4398 unxit
1084 4358 1217 4409 me;
1251 4342 1525 4416 mysterio
1556 4342 1862 4416 paululum
1897 4361 1986 4399 se-

2165 4342 2241 4398 B'.
2276 4342 2586 4417 Μυστήριον
2615 4339 2801 4417 ἔχρισέ
2836 4362 2923 4415 με,
2958 4342 3247 4418 μυστηρίῳ
3296 4342 3490 4419 μικρὸν
3531 4344 3750 4420 ὑπεχώ-

334 4432 506 4501 cessi,
544 4434 734 4505 quoad
766 4432 892 4504 ipse
927 4448 1018 4487 me
1050 4431 1443 4504 explorassem
1473 4449 1487 4501 ;
1528 4449 1660 4489 cum
1709 4434 1957 4506 mysterii

2133 4453 2237 4502 ησα
2294 4433 2427 4503 (88),
2489 4430 2613 4485 ὅσον
2683 4430 2913 4504 ἐμαυτὸν
2974 4431 3406 4506 ἐπισκέψασθαι·
3469 4433 3752 4507 μυστηρίῳ

332 4521 507 4578 etiam
541 4520 719 4578 simul
740 4521 983 4587 introeo,
1008 4520 1352 4594 praeclarum
1376 4520 1707 4577 timiditatis
1741 4523 1955 4578 infirmi

2131 4542 2183 4575 αι
2217 4518 2635 4595 συνεισέρχομοιι
2668 4523 2801 4594 (89),
2852 4518 3027 4589 καλὴν
3080 4521 3414 4598 ἐπαγόμενος
3460 4529 3563 4592 τῆς
3610 4521 3750 4595 ἐμῆς

330 4612 589 4684 tatisque
621 4628 762 4667 meae
794 4612 1144 4683 adjutorem,
1179 4612 1335 4667 diem
1371 4611 1524 4667 hunc
1558 4613 1872 4680 asciscens,
1897 4618 1953 4667 ut

2126 4608 2308 4669 ῖειΛίας
2353 4607 2441 4662 καὶ
2476 4607 2745 4671 ἀσθενείας
2804 4607 3089 4686 ἐπίκουρον
3148 4611 3247 4680 τὴν
3310 4612 3544 4687 ἡμέραν,
3589 4609 3663 4665 ἵν’
3721 4613 3749 4667 ὁ

328 4701 430 4775 qui
450 4701 733 4758 hodierno
764 4701 861 4757 die
892 4718 927 4757 a
948 4702 1199 4757 mortuis
1232 4701 1506 4769 surrexit,
1528 4700 1685 4756 idem
1718 4718 1809 4757 me
1838 4718 1951 4773 quo

2129 4701 2336 4775 ἥμερον
2397 4697 2455 4752 ἐκ
2505 4703 2705 4772 νεκρῶν
2766 4698 2992 4761 ἀναστὰς
3056 4699 3200 4774 κάμὲ
3255 4702 3617 4775 καινοποιήσῃ
3671 4705 3751 4774 τῷ

397 4856 419 4890 ³
449 4855 560 4912 Isa.
594 4871 743 4925 uvr,
771 4854 827 4910 5.
904 4855 926 4888 ‘
954 4853 1131 4911 Exod.
1166 4870 1243 4924 Iv,
1278 4853 1360 4909 13.
1442 4852 1463 4887 ⁸
1490 4852 1707 4909 Jerem.
1741 4870 1779 4922 ι,
1811 4854 1866 4909 6.
1942 4855 1963 4891 ⁶
1994 4853 2171 4911 Exod.
2205 4870 2280 4920 xv,
2310 4854 2401 4909 27.
2477 4853 2497 4887 ⁷
2529 4851 2637 4909 Isa.
2669 4868 2746 4923 vr,
2779 4852 2833 4907 8.

396 5013 418 5041 ι
450 5003 610 5079 Alias
640 5005 778 5075 XLI,
814 5023 943 5079 quae
972 5012 1169 5062 autem
1203 5006 1228 5060 1
1262 5009 1406 5073 erat,
1438 5022 1597 5062 nunc
1616 5006 1980 5062 2.-—Habita

328 5090 480 5131 anno
510 5076 633 5132 362.

398 5181 511 5253 (82)
578 5181 905 5267 Θεολᾷγου..
946 5184 1220 5267 Gregorio
1267 5183 1496 5267 “nobile
1560 5186 1971 5267 Thcologi__co-

2329 5185 2416 5246 Ὠς
2470 5184 2614 5267 τᾴχα
2666 5204 2727 5259 γε
2771 5184 3049 5267 κρείττῳν.
3106 5207 3135 5238 ‹‹
3174 5185 3747 5267 Quandoquidem.)

325 5256 915 5331 gnomenascribuut
946 5256 1177 5331 ducenti
1201 5256 1407 5313 saltem
1441 5272 1619 5311 manu
1643 5258 1859 5313 exarati
1883 5276 1977 5314 co-
2090 5256 2184 5331 Sic
2206 5256 2359 5331 Bas._,
2382 5256 2600 5313 rectius
2624 5256 3253 5331 quam'Nicetas,quem
3280 5256 3515 5315 secutus
3532 5262 3620 5315 est
3636 5257 3745 5315 Bil.

330 5326 510 5400 dices.
544 5326 779 5400 Videﬂin
814 5328 977 5384 Praef.
1516 5399 1526 5400 ί
2089 5330 2183 5400 qui
2210 5329 2379 5385 vertit
2411 5352 2438 5379 ‹‹
2474 5326 2836 5400 quanquam.
2870 5349 2897 5383 ι

360 5346 510 5380 ηερε.
556 5346 689 5381 Vlae
720 5346 779 5381 1n
814 5346 977 5384 Eram.

360 5396 507 5476 ..(83l
555 5395 625 5449 Τὸ
676 5398 823 5471 ἅγιον
872 5402 1086 5473 Πάσχα.
1136 5400 1231 5455 Sic
1274 5400 1447 5467 Par.;
1498 5399 1661 5454 deest
1736 5400 1796 5455 in
1844 5400 1975 5472 plu-

2089 5346 2183 5400 qui
2210 5346 2379 5385 verm
2411 5352 2438 5379 ‹‹
2474 5346 2836 5456 ψιοιιειὲεω.
2870 5349 2897 5383 ι

1844 5400 1975 5472 plu-
2160 5403 2271 5470 (87)
2304 5400 2629 5476 ῘΑσΘὲνειαν.
2710 5400 2841 5476 11η]
2877 5402 3356 5476 imbecillitatem.
3393 5422 3420 5451 »

324 5466 510 5546 ι’ίιὲὲιβζ·
607 5536 619 5546 .
659 5536 671 5546 .
722 5466 743 5546 ’.
1578 5541 1592 5546 -
1845 5466 1863 5472 ’

2160 5466 2278 5542 (88)
2309 5472 2689 5546 Ύπεχῴρήσα.
2724 5472 2831 5528 Bil.
2871 5496 2892 5523 ι
2929 5474 3077 5529 cessi
3130 5480 3194 5530 ut
3233 5474 3525 5546 meipsum
3568 5470 3746 5544 inspi-

392 5538 503 5609 (84)
539 5536 619 5619 ρι’
644 5536 881 5619 βιγάπην.
917 5541 1143 5613 Billius,
1187 5564 1215 5591 «
1258 5545 1495 5614 propter
1545 5541 1887 5600 charitatem
1922 5546 1979 5600 et

1211 5564 1215 5591 :
1258 5545 1495 5614 propter
1545 5541 1887 5600 charitatem
1922 5546 1979 5600 et
2087 5536 2275 5619 ceram
2306 5548 2362 5599 et
2391 5536 2834 5619 eiplor'arem.)

316 5604 869 5694 benevolentiamgn
902 5682 940 5694 ﬁ
1129 5604 1141 5613 ’
1258 5604 1276 5614 ’
1366 5604 1385 5614 ’

2160 5617 2273 5689 (89)
2301 5604 2751 5691 Σκνειᾶἐρχομαι.
2784 5615 2912 5672 Par.
2950 5616 3306 5694 συνέρχομαι,

384 5677 498 5757 (85)
529 5679 866 5760 Μέμφοισθε.
900 5682 1027 5743 Par.
1060 5686 1188 5744 cod.
1226 5684 1522 5766 μὲμφεσθε.
