4110 6402
334 405 443 464 397

1338 394 1631 456 ORATIO
1676 391 1726 453 Ι.
1760 423 1833 435 -——
1876 390 1957 451 IN
2006 388 2378 451 SANC'I‘UM
2422 388 2753 451 PASGHA.

3643 393 3761 456 398

324 531 619 606 πνεύματι,
652 530 743 586 καὶ
776 530 875 584 τὸν
924 528 1106 584 καινὸν
1139 528 1251 603 (90)
1302 525 1525 589 ἐνδύσας
1575 526 1883 599 ἄνθρωπον,
1917 519 1995 595 δῷ

2124 534 2225 594 que
2255 521 2470 595 spiritu
2500 522 2759 594 innovet,
2793 537 3054 597 novoque
3104 522 3381 581 indutum
3427 524 3665 584 homine
3718 529 3761 597 ⁸,

322 625 392 698 τῇ
448 625 611 695 καινῇ
670 618 839 674 κτίσει
874 619 1008 692 (91),
1048 622 1169 679 τοῖς
1228 618 1366 673 κατὰ
1425 616 1553 672 Θεὸν
1615 613 1999 692 γεννωμένοις,

329 710 587 780 πλάστην
619 710 820 784 ἀγαθὸν
853 707 943 762 καὶ
979 704 1306 761 διδάσκαλον
1336 708 1549 782 Χριστῷ
1570 703 1658 760 καὶ
1692 700 2004 779 συννεκρού-

340 821 504 875 μενον
564 797 863 873 προθύμως
897 796 987 851 καὶ
1016 797 1490 869 συνανιστάμενον.

410 985 479 1037 Γ¹.
513 978 647 1042 Χθὶς
684 978 710 1032 ὁ
743 975 909 1049 ἀμνὸς
959 974 1235 1053 ἐσφάζετο,
1268 974 1358 1029 καί
1407 972 1672 1048 ἐχρίοντο
1724 971 1779 1025 αἱ
1824 969 2003 1049 φλιαὶ,

335 1067 426 1124 καὶ
485 1066 774 1143 ἐθρήνησεν
857 1062 1121 1140 Αἴγυπτος
1181 1066 1249 1119 τὰ
1304 1062 1650 1138 πρωτότοκα,
1708 1060 1796 1115 καὶ
1853 1061 2002 1132 ἡμᾶς

336 1154 611 1232 παρῆλθεν
646 1157 674 1209 ὁ
710 1152 1042 1230 ὀλοθρεύων,
1075 1153 1164 1208 καὶ
1198 1156 1232 1223 ἡ
1268 1151 1499 1229 σφραγὶς
1532 1146 1736 1230 φοϐερᾶ
1784 1149 1872 1205 καὶ
1916 1150 2002 1203 αἱ·

336 1243 581 1319 δέσιμος,
613 1244 704 1299 καὶ
735 1248 813 1315 τῷ
852 1243 1024 1316 τιμίῳ
1076 1240 1271 1316 α’ίματι
1318 1241 1699 1317 ἐτειχίσθημεν
1736 1241 1867 1313 (92)·
1904 1240 2003 1308 σή-

340 1355 503 1411 μερον
563 1336 813 1409 καθαρῶς
873 1332 1145 1411 ἐφύγομεν
1196 1328 1488 1407 Α’ίγοπτον,
1522 1329 1612 1384 καὶ
1661 1329 1863 1399 Φαραὼ
1909 1328 2000 1383 τὸν

334 1424 529 1498 πικρὸν
566 1420 852 1494 δεσπότην,
893 1419 1140 1483 καὶτοὺς
1193 1420 1377 1496 βαρεῖς
1427 1418 1736 1485 ἐπιστάτας,
1768 1416 1856 1472 καὶ
1905 1420 2003 1471 τοῦ

331 1511 517 1583 πηλοῦ
564 1511 651 1567 καὶ
702 1513 800 1580 τῆς
856 1508 1137 1571 πλινθείας
1188 1509 1305 1583 (93)
1359 1506 1819 1581 ἠλευθερώθημεν
1864 1507 2000 1577 (94)·

333 1601 425 1657 καὶ
453 1597 629 1661 οὐδεὶς
662 1600 691 1654 ὁ
722 1598 991 1655 κωλύσων
1022 1601 1169 1671 ἡμᾶς
1209 1596 1482 1673 ἑορτάζειν
1538 1594 1721 1671 Κυρίῳ
1762 1599 1841 1666 τῷ
1889 1598 2004 1665 Θεῷ

341 1692 503 1763 ἡμῶν
535 1689 728 1765 ἑορτὴν
783 1689 881 1756 τήν
934 1684 1159 1760 ἐξόδιον,
1192 1686 1283 1741 καὶ
1335 1685 1627 1761 ἑορτάζειν,
1663 1682 1762 1738 οὐκ
1807 1682 1858 1737 ἐν
1914 1682 2002 1753 ζύ-

350 1801 423 1853 μῃ
476 1777 689 1849 παλαιᾷ
753 1777 943 1839 κακίας
1004 1777 1093 1831 καὶ
1160 1775 1453 1851 πονηρίας,
1499 1772 1625 1829 ἀλλ’
1676 1772 1727 1827 ἐν
1776 1770 2003 1845 ἀζύμοις

334 1866 684 1943 είλικρινείας
728 1865 826 1965 καί
871 1864 1148 1965 αλτλθείας,
1183 1861 1378 1965 ,μηδὲν
1430 1862 1856 1939 ἐπιφερομένους
1887 1863 2002 1935 (95)
2031 1901 2079 1965 Β

332 1956 711 2031 Αἰγυπτιακοῦ
743 1954 829 2009 καὶ
864 1955 1025 2017 ἀθέου
1059 1952 1398 2032 φυράματος.

405 2047 476 2103 Δ’.
510 2046 643 2109 Χθὲς
692 2042 1166 2119 συνεσταυρούμην
1213 2045 1451 2118 Χριστῷ,
1506 2042 1747 2114 σήμερον
1805 2036 1994 2093 συνδο-

332 2134 583 2208 ξάζομαι’
647 2134 775 2210 χθὲς
826 2131 1277 2207 συνενεκρούμην,
1329 2135 1777 2203 συζωοποιοῦμαι
1823 2131 1993 2201 σήμε-

333 2244 451 2302 ρον⁶
486 2225 614 2301 χθὲς
644 2222 1077 2294 συνεθαπτόμην,
1110 2223 1354 2296 σήμερον
1388 2220 1788 2295 συνεγείρομαι.
1821 2218 1997 2274 Ἀλλὰ

328 2315 844 2391 καρποφορήσωμεν
878 2313 993 2383 (96)
1034 2315 1111 2381 τῷ
1144 2310 1276 2383 ὑπὲρ
1308 2311 1469 2381 ἡμῶν
1503 2308 1728 2363 παθόντι
1763 2309 1875 2380 (97)
1906 2308 1994 2361 καὶ

332 2403 639 2457 ἀναστάντι.
670 2402 878 2477 Χρυσόν
930 2420 995 2473 με
1037 2399 1174 2461 ’ίσως
1223 2396 1398 2462 ο⁹ίεσθε
1430 2397 1633 2479 λέγειν,
1666 2398 1701 2467 ἢ
1734 2396 1992 2473 ἄργυρον,

330 2491 369 2559 ἢ
406 2490 714 2567 ὑφάσματα,
738 2490 774 2557 ἢ
806 2488 992 2553 λίθους
1038 2492 1147 2543 τῶν
1201 2485 1474 2564 διαφανῶν
1520 2486 1610 2542 καὶ
1640 2485 1859 2559 τιμίων,
1889 2492 1994 2559 γῆς

335 2578 562 2655 ῥέουσαν
598 2576 758 2649 ὕλην,
791 2578 881 2632 καὶ
927 2577 1073 2632 κάτω
1135 2577 1420 2650 μένουσαν,
1448 2579 1513 2644 ἧς
1556 2575 1637 2629 ἀεὶ
1689 2573 1751 2629 τὸ
1801 2574 1990 2630 πλεῖον

331 2665 555 2744 ἔχουσιν
592 2668 641 2721 οἱ
672 2666 829 2722 κακοὶ
861 2668 949 2721 καὶ
984 2664 1175 2721 δοῦλοι
1206 2670 1314 2720 τῶν
1346 2664 1493 2720 κάτω
1524 2664 1612 2719 καί
1643 2669 1741 2719 τοῦ
1788 2684 1993 2737 κοσμο-

325 2754 595 2832 κράτορος
627 2758 761 2830 (98).
796 2757 1320 2833 Καρποφορήσωμεν
1356 2757 1506 2827 ἡμᾶς
1556 2752 1772 2821 αὐτοὺς,
1802 2753 1865 2807 τὸ
1910 2774 1992 2807 τι-

335 2846 607 2920 μιώτατον
641 2845 758 2916 Θεῴ
789 2850 890 2900 mi
902 2866 975 2918 μα
1024 2843 1115 2898 καὶ
1166 2842 1498 2898 οἰκειότατον
1532 2844 1663 2917 (99)⁶
1698 2838 1989 2915 ἀποδῶμεν

330 2933 398 3009 τῇ
478 2933 642 2988 εἰκόνι
698 2935 775 3003 (1)
848 2934 911 2988 τὸ
986 2938 1099 2987 κατ’
1159 2931 1357 3001 εἰκόνα,
1414 2930 1768 3007 γνωρίσωμεν
1831 2933 1990 3003 ἡμῶν

330 3023 393 3077 τὸ
466 3022 701 3094 ἀξίωμα,
750 3024 1073 3095 τιμήσωμεν
1124 3023 1186 3076 τὸ
1237 3021 1572 3097 ἀρχέτυπον,
1620 3025 1833 3097 γνῶμεν
1892 3024 1988 3075 τοῦ

336 3111 636 3187 μυστηρίου
679 3111 776 3181 τήν
830 3108 1084 3183 δύναμιν,
1129 3110 1217 3165 καὶ
1270 3111 1400 3186 ὑπὲρ
1447 3110 1587 3173 τίνος
1635 3112 1713 3187 (2)
1761 3110 1990 3187 Χριστὸς

335 3202 583 3259 ἀπέθανε.

395 3470 472 3528 Ε’.
526 3469 819 3524 Γενώαεθα
868 3467 942 3530 ὡς
994 3467 1248 3544 Χριστὸς,
1304 3465 1418 3522 ἐπεὶ
1479 3467 1569 3523 γαὶ
1620 3466 1854 3543 Χριστὸς
1906 3468 1981 3531 ὡς

333 3557 524 3629 ⁴ἡμεῖς’
556 3557 836 3633 γενώμεθρ
878 3556 991 3610 θεοὶ
1042 3554 1110 3609 δι’
1157 3554 1336 3625 αὐτὸν,
1388 3552 1576 3623 ἐπειδὴ
1619 3557 1867 3619 κάκεῖνος
1915 3554 1984 3611 δι’

328 3648 483 3720 ἡμᾶς
516 3647 827 3721 ἄνθρωπος.
862 3639 1178 3718 Προσέλαϐε
1205 3644 1269 3698 τὸ
1300 3650 1509 3722 χεῖρον,
1535 3642 1627 3698 ἵνα
1658 3642 1736 3717 δῷ
1765 3645 1827 3701 τὸ
1861 3644 1987 3721 βέλ-

331 3755 469 3790 τιον·
521 3734 864 3811 ἐπτώχευσεν
916 3737 1015 3807 (3),
1042 3730 1111 3787 ἵν’
1162 3737 1325 3807 ἡμεῖς
1373 3735 1444 3804 τῇ
1496 3732 1699 3787 ἐκείνου
1745 3734 1994 3810 πτωχείᾳ

332 3824 753 3898 πλουτήσωμεν·
809 3822 1013 3879 δούλου
1050 3824 1269 3903 μορφὴν
1316 3817 1528 3893 ἔλαϐεν,
1555 3818 1648 3876 ’ίνα
1690 3823 1790 3890 τήν
1843 3822 1995 3879 ἐλευ-

2114 629 2271 667 novse
2303 616 2601 685 creaturis,
2633 612 2745 669 hoc
2775 617 2866 670 est
2912 612 2986 670 iis
3044 612 3145 686 qui
3201 615 3528 672 secundum
3575 616 3764 674 Deum

2114 706 2440 758 nascuntur
2468 703 2511 770 ⁸,
2546 703 2805 759 fictorem
2838 703 3061 758 bonum
3091 706 3148 759 et
3205 704 3557 777 magistrum
3597 707 3772 764 donet

2114 807 2247 847 cum
2279 793 2505 849 Christo
2540 794 2717 849 alacri
2748 794 2944 850 animo
2977 798 3034 850 et
3084 794 3432 851 merientem
3475 801 3533 853 et
3577 813 3771 854 resur-

2113 884 2345 954 gentem
2381 883 2448 939 ¹⁰.

2185 971 2283 1025 ΙΙΙ.
2305 972 2437 1027 Heri
2462 989 2650 1044 agnus
2675 973 3061 1041 mactabatur,
3086 977 3142 1029 et
3158 977 3355 1046 postes
3379 975 3773 1047 ungebantur,

2114 1059 2380 1132 luxitque
2412 1061 2804 1133 primogenita
2832 1063 3137 1135 Egyptus,
3169 1080 3236 1119 ac
3269 1081 3376 1120 nos
3418 1066 3771 1121 extermina-

2114 1152 2206 1204 tor
2228 1150 2521 1221 praeteriit,
2548 1149 2925 1223 signaculum
2960 1153 3177 1224 quippe
3206 1152 3412 1209 terrori
3446 1152 3557 1225 ipsi
3591 1169 3657 1209 ac
3678 1169 3773 1209 ve-

2114 1238 2400 1293 nerationi
2423 1238 2551 1307 fuit,
2570 1240 2943 1311 pretioseque
2965 1240 3251 1312 sanguine
3273 1242 3518 1313 protecti
3541 1259 3770 1299 sumus.

2114 1326 2296 1382 Hodie
2323 1327 2639 1399 Egyptum
2669 1327 2908 1384 omnino
2940 1328 3221 1400 fugimus,
3254 1333 3310 1385 et
3335 1330 3770 1388 amarulentum

2116 1415 2285 1471 illum
2319 1416 2626 1471 dominum
2658 1416 3046 1486 Pharaonem,
3078 1423 3135 1472 et
3165 1420 3403 1475 acerbos
3434 1420 3772 1491 praefectos;

2114 1522 2182 1561 ac
2206 1504 2328 1561 luto
2360 1510 2417 1561 et
2445 1504 2701 1561 lateritio
2732 1522 2906 1578 opere
2938 1506 3170 1562 liberati
3201 1523 3433 1576 sumus,
3458 1524 3564 1566 nec
3612 1509 3773 1581 quis-

2116 1610 2293 1666 quam
2328 1597 2435 1662 est,
2471 1594 2570 1666 qui
2604 1611 2710 1650 nos
2747 1595 2989 1650 Domine
3024 1595 3139 1651 Deo
3181 1601 3382 1652 nostro
3428 1597 3622 1653 exitus
3660 1600 3773 1655 fes-

2113 1688 2240 1738 tum
2274 1682 2569 1739 celebrare
2600 1683 2947 1755 prohibeat;
2972 1683 3291 1755 etquidem
3329 1684 3641 1753 celebrare,
3663 1702 3775 1744 non

2115 1775 2173 1827 in
2198 1774 2465 1844 fermento
2490 1774 2658 1828 veteri
2685 1773 2917 1828 malitiae
2947 1782 2998 1827 et
3029 1776 3319 1845 nequitiae,
3340 1775 3443 1831 sed
3472 1777 3534 1831 in
3557 1778 3771 1847 azymis

2110 1862 2443 1917 sinceritatis
2471 1870 2522 1917 et
2577 1862 2822 1917 veritatis
2880 1863 2947 1933 “,
3009 1861 3155 1917 nihil
3213 1862 3537 1936 Egyptiaci
3592 1869 3767 1938 atque

2110 1950 2277 2022 impii
2312 1950 2580 2006 fermenti
2615 1950 2923 2008 nobiseum
2958 1951 3228 2009 ferentes.

2182 2039 2270 2095 IV.
2307 2039 2440 2097 Heri
2473 2057 2607 2095 cum
2641 2040 2872 2096 Christo
2922 2039 2983 2095 in
3033 2056 3264 2097 crucem
3324 2041 3559 2113 agebar,
3591 2042 3765 2099 hodie

2107 2128 2285 2185 simul
2317 2129 2648 2201 glorificer;
2683 2128 2806 2185 heri
2840 2130 3287 2199 cemmoriebar,
3313 2130 3484 2187 hodie
3502 2131 3670 2187 simul
3692 2132 3772 2187 vi-

2104 2219 2340 2286 viticor;
2375 2218 2498 2273 heri
2533 2219 2993 2290 consepeliebar,
3042 2219 3215 2275 hodie
3270 2220 3446 2275 simul
3504 2237 3769 2295 resurgo.

2106 2308 2309 2377 Itaque
2340 2308 2414 2374 ei,
2452 2310 2551 2378 qui
2588 2324 2689 2379 pro
2725 2306 2893 2362 nobis
2925 2324 3138 2379 passus
3188 2312 3277 2365 est
3318 2324 3385 2365 ac
3434 2310 3772 2379 resurrexit,

2104 2396 2438 2452 oil‘eramus.
2469 2398 2693 2451 Aurum
2727 2396 2982 2452 fortasse
3016 2397 3211 2452 dicere
3243 2413 3337 2454 me
3387 2398 3631 2470 putatis,
3666 2401 3770 2455 aut

2103 2489 2435 2557 argentum,
2470 2489 2573 2540 aut
2606 2489 2888 2552 texturas,
2924 2490 3025 2541 aut
3058 2485 3382 2557 pellucidos
3414 2492 3472 2543 et
3509 2486 3767 2559 ingentis

2100 2575 2271 2645 pretii
2294 2574 2540 2646 lapides,
2565 2574 2782 2629 ﬂuxam
2815 2573 3202 2646 fragilemque
3232 2580 3398 2631 terra:
3432 2576 3762 2643 materiam,

2102 2664 2389 2735 humique
2421 2668 2778 2731 manentem,
2801 2664 2973 2734 cujus
2996 2666 3277 2735 majorem
3300 2669 3525 2736 partem
3548 2665 3766 2737 impro-

2102 2752 2162 2807 bi
2199 2754 2316 2807 t‘ere
2346 2757 2403 2809 et
2440 2751 2589 2808 servi
2647 2767 2843 2807 rerum
2904 2753 2947 2809 5
3010 2756 3376 2807 terrenarum
3435 2769 3501 2809 ac
3557 2752 3763 2809 mundi

2102 2840 2388 2913 principis
2418 2841 2745 2911 possident.
2785 2842 2906 2896 [me
2936 2856 3068 2897 vero
3110 2842 3505 2914 nosmetipsos
3554 2842 3763 2900 offera-

2104 2947 2259 3001 mus,
2293 2931 2403 2987 hoc
2434 2934 2525 2986 est
2574 2930 3011 3002 possessionem
3070 2930 3187 2986 Deo
3248 2931 3761 3003 pretiosissimam,

2101 3021 2471 3092 maximeque
2494 3020 2812 3092 propriam.
2840 3018 3089 3092 Imagini
3114 3020 3433 3077 reddamus
3449 3022 3601 3092 quod
3623 3020 3765 3079 ima-

2100 3108 2222 3183 gini
2250 3109 2542 3181 congruit,
2604 3108 2954 3180 dignitatem
3013 3114 3277 3165 nostram
3344 3126 3760 3183 agnoscamus,

2099 3198 2397 3272 exemplar
2418 3197 2638 3254 honore
2659 3214 3105 3270 prosequamur,
3128 3198 3389 3272 mysterii
3421 3200 3539 3256 vim
3588 3200 3762 3258 intel-

2015 3274 2058 3341 C
2092 3289 2375 3362 ligamus,
2399 3292 2456 3343 et
2485 3288 2657 3359 cujus
2687 3287 2770 3344 rei
2799 3288 2989 3360 gratia
3009 3288 3280 3345 Christus
3298 3292 3486 3346 morte
3516 3290 3756 3349 functus

2094 3382 2203 3435 est.

2162 3467 2231 3524 V.
2266 3466 2465 3523 Simus
2497 3469 2562 3521 ut
2592 3464 2884 3534 Christus,
2918 3466 3196 3538 quoniam
3220 3467 3487 3526 Christus
3518 3484 3751 3542 quoque

2097 3557 2251 3613 sicut
2280 3572 2405 3611 nos.
2439 3555 2778 3610 Efﬁciamur
2806 3555 2887 3610 dii
2919 3561 3158 3628 propter
3214 3556 3433 3629 ipsum,
3468 3558 3749 3630 quoniam

2100 3647 2226 3718 ipse
2256 3662 2488 3717 quoque
2519 3649 2755 3716 prepter
2810 3660 2917 3699 nos
2972 3645 3171 3700 homo.
3199 3646 3539 3719 Assumpsit
3592 3649 3750 3719 quod

2103 3736 2360 3791 deterius
2390 3738 2535 3804 erat,
2569 3737 2635 3787 ut
2665 3734 2829 3787 daret
2860 3734 3015 3805 quod
3048 3736 3422 3805 praestantius
3465 3741 3574 3792 est.
3608 3739 3754 3809 Ege-

2108 3841 2219 3879 nus
2252 3822 2438 3877 factus
2472 3826 2583 3888 est,
2616 3825 2681 3876 ut
2732 3820 2893 3879 illius
2952 3838 3059 3878 nos
3117 3822 3317 3896 inepia
3358 3824 3568 3882 divites
3598 3840 3756 3883 esse-

408 3953 428 3985 ³
461 3950 666 4022 Ephes.
691 3967 770 4020 xv,
800 3950 891 4016 23,
923 3951 1014 4005 24.
1091 3951 1113 3986 θ
1145 3950 1316 4007 Joan.
1350 3965 1390 4018 ι,
1427 3950 1516 4006 13.
1594 3949 1639 3987 ιο
1670 3949 1838 4006 Rom.
1872 3967 1949 4017 v1,
1980 3951 1998 4004 ξ

2124 3951 2158 3985 ιι
2191 3953 2213 4002 I
2243 3946 2371 4003 Cor.
2404 3963 2459 4014 v,
2491 3946 2546 4001 8.

447 4163 537 4233 91)
572 4161 767 4217 Κτίσει.
803 4165 864 4219 In
899 4166 1041 4220 edit.
1077 4165 1204 4219 Par.
1237 4164 1446 4234 κτήσει,
1483 4165 1781 4220 mendose.

448 4235 538 4309 92)
570 4234 999 4309 Έτειχίσθημεν.
1023 4259 1058 4309 Α·
1086 4236 1262 4309 Quasi
1284 4254 1453 4292 muro
1471 4236 1669 4309 vallati
1701 4253 1933 4292 sumus.
1966 4257 1995 4287 »

413 4296 532 4379 (‘93),
562 4307 661 4361 Καὶ
688 4296 787 4375 τίῆς
817 4296 1124 4368 πλινθείαςί
1152 4307 1254 4364 Bil.
1294 4329 1321 4360 ιι
1364 4313 1421 4363 et
1468 4308 1722 4365 laterum
1771 4309 1999 4364 confec-

341 4379 520 4435 tione.
554 4401 581 4428 υ

567 4444 950 4524 ᾚλευθερώθη
964 4450 1232 4524 μενηΡειΓ.
1265 4450 1395 4524 cod.
1428 4446 1871 4524 ἦλευθερῴμεθοι⁷

448 4452 539 4520 94)
570 4452 1073 4521 Ἠλευθερώθημεν.
1106 4452 1232 4505 Par.
1268 4452 1395 4506 cod.
1428 4452 1871 4524 ἠλευθερώμεθα.

566 4518 1043 4598 ᾚ-πιφερομένους.
1092 4520 1488 4598 Ἐπιφέροντες·
1552 4544 1600 4598 α,
1642 4522 1797 4598 Nihil
1853 4521 1999 4598 infe-

346 4596 545 4664 rentes
578 4592 898 4664 [Egyptiaci
931 4598 1105 4664 atque
1138 4592 1301 4664 impii
1337 4593 1624 4649 fermenti.
1656 4614 1685 4642 »

347 4662 473 4717 Arii
507 4662 1037 4735 dogmajintelligit,
1072 4669 1137 4719 ut
1164 4662 1432 4721 observat
1462 4664 1712 4719 Nicetes.

441 4092 535 4159 90)
563 4090 659 4144 Τὸν
691 4090 894 4147 καινόν.
928 4092 1101 4148 Cois].
1137 4094 1190 4161 1,
1220 4092 1311 4146 τὸν
1344 4092 1484 4147 νέον.

420 4093 537 4305 (91)
572 4161 767 4217 Κτίσει.
803 4165 864 4219 In
899 4166 1041 4220 edit.
1077 4165 1204 4219 Par.
1237 4164 1446 4247 κτήσει,

448 4235 538 4305 92)
570 4234 999 4305 Έτειχίσθημεν.
1026 4259 1058 4305 γε
1086 4237 1262 4301 Quas:
1284 4254 1484 4292 muro‘

1746 4593 1999 4666 Impium

419 4735 532 4805 (96)
564 4732 740 4816 vim
768 4732 1304 4816 καρποζφορήσωμεν.
1346 4758 1375 4816 (ς
1410 4736 1747 4816 ﬂammifero
1771 4736 1997 4816 ‘oﬂ’era-
2032 4749 2077 4813 Ι)
2107 4737 2147 4791 il

348 4822 507 4860 mus.
542 4828 570 4853 ››
601 4806 724 4861 Mes
756 4806 895 4862 olim
929 4806 1058 4874 fuit,
1096 4814 1157 4862 ut
1192 4806 1255 4863 in
1286 4806 1744 4871 celebritatibus,
1766 4812 1891 4861 tum
1914 4824 1999 4861 sa-

348 4878 487 4943 cris,
506 4882 629 4932 tum
666 4878 945 4949 profanis,
969 4880 1123 4935 dona
1142 4879 1611 4945 eii‘erenturDee,
1634 4878 1997 4949 imperatori,

348 4949 575 5021 victori.
610 4954 795 5016 Quam
829 4951 1073 5021 quidem
1105 4953 1167 5006 in
1200 4951 1458 5006 Ecclesia
1512 4951 2003 5005 consuetudinem

349 5020 604 5092 viguisse
626 5020 879 5077 canones
904 5024 1124 5092 passim
1143 5030 1199 5078 et
1222 5024 1475 5079 historiae
1500 5022 2004 5092 lequuntur.Deus

349 5092 475 5166 ipse
506 5092 808 5166 sibigdona
839 5092 1030 5149 efferri
1067 5096 1339 5166 praecepit
1370 5093 1725 5166 populogsuo
1756 5094 1858 5166 his
1881 5110 2004 5148 ver-

350 5163 461 5229 bis,
487 5163 587 5237 ubi
617 5163 1081 5237 defcclebrandis’
1114 5163 1301 5222 tribus
1334 5163 1647 5237 praecipuis
1667 5166 1829 5221 festis
1849 5165 2005 5237 leges

350 5236 589 5308 statuit:
616 5258 644 5285 ‹‹
679 5236 802 5291 Non
836 5239 1145 5308 apparebis
1164 5239 1223 5293 in
1246 5236 1559 5308 conspectu
1585 5253 1711 5292 meo
1730 5236 2005 5293 vacuus.»

351 5307 543 5377 (Exod.
576 5324 742 5378 χχιιι,
777 5308 844 5361 15
870 5307 890 5375 ;“
916 5326 1109 5378 xxx1v,
1161 5312 1259 5378 20;
1297 5307 1452 5365 Deut.
1486 5326 1601 5374 xvx,
1639 5309 1751 5378 16.)
1795 5309 2006 5364 Eadem

350 5355 467 5433 non
500 5378 680 5460 semel
714 5355 952 5460 repetit:
974 5355 1153 5460 Credo
1186 5355 1457 5452 equidem
1492 5355 1757 5460 Gregorii
1786 5397 2011 5460 sermo-

354 5466 490 5524 nem
522 5451 591 5504 ad
622 5450 749 5524 hinc
774 5450 989 5523 Moysis
1019 5454 1189 5507 verba
1221 5450 1504 5524 spectare.
1539 5451 1633 5506 Sic
1682 5451 1860 5524 etiam
1896 5452 2008 5507 Do-

350 5521 553 5594 rotheo
582 5521 1068 5594 Arehimandritm
1098 5521 1290 5581 visum
1318 5532 1423 5579 est.
1446 5523 2006 5594 «Quandoquidem,

350 5592 564 5665 inquit,
598 5592 863 5649 doctrina
891 5597 983 5664 22,
1016 5596 1165 5651 Bibl.
1200 5600 1308 5651 PP.
1339 5594 1695 5652 Graeco-Lat.
1731 5592 1821 5650 e'd.
1875 5600 2007 5650 Par.

348 5664 590 5738 4624,}.
624 5664 695 5738 Ii,
730 5682 785 5737 p.
819 5667 945 5738 858,
980 5689 1008 5717 «
1041 5667 1100 5721 in
1133 5668 1358 5724 festivis
1398 5672 1459 5723 et
1504 5666 1871 5738 panegyricis
1902 5683 2010 5722 ces-

345 5738 509 5800 tibus
525 5736 774 5799 Domino
807 5736 961 5799 dona
990 5738 1095 5796 ﬁlii
1118 5739 1295 5797 Israel
1314 5756 1383 5797 ex
1402 5736 1528 5812 lege
1544 5736 1845 5811 quendam
1868 5739 2010 5797 eﬂ'e-

2112 4092 2342 4161 rebant,
2375 4088 2645 4163 hortatur
2674 4089 2733 4144 S.
2769 4089 3105 4162 Gregorius,
3148 4094 3211 4146 ut
3269 4093 3767 4163 quemadmodum

2111 4164 2216 4229 illi,
2252 4160 2335 4232 ita
2365 4166 2420 4217 et
2451 4178 2557 4232 nos
2590 4162 2807 4232 festum
2841 4160 3106 4232 agamus.
3133 4183 3160 4212 ››
3187 4160 3408 4232 Ἐπειδὴ
3439 4164 3502 4218 τὸ
3532 4162 3766 4220 παλαιὸν

2110 4235 2164 4287 οἱ
2194 4228 2303 4313 c133
2333 4228 2557 4313 Ἰσραὴλ
2615 4231 2826 4313 ἑορταῖς
2947 4238 3095 4313 ιταῖς.
3121 4228 3455 4309 πανηγύρεσι
3501 4237 3765 4313 προσέφε-

2147 4326 2205 4383 ον
2240 4302 2393 4383 δῶρα
2412 4301 2492 4375 τῷ
2524 4301 2711 4383 ξίυρίῲ.
2736 4303 2871 4383 κατᾲ
2900 4301 3016 4383 τὸν..
3040 4301 3309 4383 νόμον..
3330 4301 3583 4383 παραινεῖ
3628 4301 3764 4382 ἡμῖν

2147 4326 2201 4360 Ον
2240 4326 2386 4378 οωρα
2412 4326 2492 4375 τῳ
2524 4326 2704 4378 λυριῳ
2736 4326 2871 4357 κατα
2900 4326 2991 4358 τον
3040 4326 3298 4377 νομον....
3330 4326 3422 4383 πα(

2112 4326 2139 4435 Ξ
2171 4377 2327 4450 ἅγιος
2360 4373 2665 4450 Γρηγόριος
2698 4375 2948 4450 ἑορτάσαι
2978 4374 3158 4450 ὥσπερ
3200 4377 3422 4435 ἐκεῖνοι.

2181 4398 2204 4432 κ
2244 4398 2327 4437 ιος
2360 4398 2380 4429 ι
2403 4398 2665 4449 ρηγοριος
2698 4398 2948 4450 εορτασαι
2978 4398 3158 4450 ωσπερ
3200 4398 3422 4435 εκεινοι.

2181 4398 2581 4575 (r37),111a566v1t.
2614 4448 2788 4505 Coisl.
2823 4450 2882 4515 1,
2915 4448 3259 4505 ἀποθανόντι.
3314 4450 3405 4507 Sic
3452 4455 3655 4523 Apost.
3716 4452 3769 4508 ΙΙ

2110 4526 2237 4578 Cor.
2269 4538 2323 4585 v,
2356 4526 2443 4575 15.

2182 4593 2295 4665 (98)
2329 4589 2804 4665 Κοσμοκράτορος.
2827 4589 3113 4665 Diabolus
3150 4615 3178 4641 ‹‹
3203 4593 3408 4648 mundi
3431 4594 3706 4665 princeps
3738 4614 3768 4643 ι»

2112 4662 2459 4736 appellatur,
2485 4678 2600 4736 non
2634 4662 2789 4732 quod
2807 4663 3018 4736 mundi
3050 4680 3367 4735 rerumque
3398 4662 3767 4720 terrenarum

2190 4682 2459 4736 pellatur,
2485 4682 2600 4716 ΠΟΠ
2634 4682 2789 4732 quoa
2814 4682 3018 4717 munal
3050 4682 3367 4735 rerumque
3398 4682 3767 4720 terrenarum

2149 4682 2189 4791 ii
2225 4736 2305 4791 sit
2336 4734 2645 4805 imperium
2675 4750 2688 4800 ;
2722 4734 2823 4787 sed
2852 4735 3014 4806 (quod
3063 4751 3182 4804 eos,
3216 4736 3316 4806 qui
3365 4736 3644 4792 scelerate
3692 4736 3771 4792 vi-

2112 4812 2276 4875 vunt,
2311 4806 2367 4860 in
2402 4804 2509 4861 sua
2539 4808 2824 4876 potestate
2851 4804 3085 4872 habeat,
3115 4804 3371 4862 Nicetes.

2179 4874 2293 4951 (99)
2325 4876 2396 4929 Τὸ
2428 4874 2788 4951 ,τιμιώτατον
2849 4880 2964 4951 Θεῷ
3004 4883 3207 4951 *κτῆμα
3260 4876 3379 4951 καὶ,
3410 4874 3768 4951 οἰκειότατον.

2115 4973 2144 5002 ‹‹
2178 4948 2616 5005 PoSsessionem
2642 4949 2755 5003 Deo
2780 4948 3292 5019 pretiosissimam.
3311 4972 3339 5000 »
3363 4950 3458 5006 Sic
3480 4950 3688 5005 Billius
3711 4950 3773 5006 in

2159 5022 2305 5077 rima
2336 5020 2612 5093 editione,
2631 5020 2841 5075 melius
2861 5038 3037 5091 quam
3068 5022 3124 5075 in
3148 5027 3463 5093 postrema.
3482 5021 3573 5077 Sic
3596 5024 3773 5078 etiam

2171 5095 2381 5147 icetas:
2418 5114 2445 5141 ‹‹
2473 5091 2572 5166 qui
2606 5092 2899 5161 possessio
2940 5091 3164 5166 sumus
3202 5094 3318 5149 Deo
3368 5093 3539 5166 longe
3564 5094 3776 5166 pretio-

2116 5165 2749 5235 sissimamaxiuuequc
2783 5165 3035 5235 propria.
3074 5186 3101 5213 ››

2188 5238 2265 5307 (1)
2295 5233 2371 5307 Τῇ
2406 5232 2590 5291 εῒκόνι.
2633 5232 2928 5307 (Ιωᾱεὶοἱ
2963 5236 3114 5306 quod
3151 5235 3426 5307 imaginis
3466 5240 3575 5302 est,
3604 5257 3630 5283 η
3661 5235 3774 5307 vel,

2119 5331 2146 5359 «
2181 5306 2693 5379 quedsecundum
2725 5306 3043 5379 imaginem
3074 5312 3185 5377 est,
3218 5306 3555 5363 reddamus.
3590 5330 3619 5358 »
3656 5306 3773 5363 Bil-

2119 5377 2234 5435 lius
2267 5382 2484 5451 autem,
2522 5399 2549 5451 κ
2578 5377 3061 5451 imaginis’deeus
3092 5379 3335 5451 imagini
3370 5380 3710 5436 reddamus.
3741 5400 3770 5429 ››

2190 5453 2267 5523 (‘2)
2297 5447 2644 5523 'rﬂkp‘TiVOC.
2681 5447 2905 5515 Billius,
2940 5471 2967 5499 ‹‹
3001 5467 3103 5522 pro
3135 5447 3271 5522 quo.
3308 5472 3337 5500 »

2193 5455 2245 5520 (‘2
2297 5453 2452 5523 Ὑπὲρ
2482 5453 2644 5509 τίνος.
2681 5453 2905 5515 Billius,
2940 5471 2967 5499 ‹‹
3001 5467 3103 5522 pro
3135 5468 3271 5522 quo.
3308 5472 3337 5500 »

2193 5453 2269 5595 (8)
2305 5520 2794 5595 'Emdixeeeev.“_«
2852 5526 3082 5595 Egerius
3120 5524 3329 5595 (factus
3385 5526 3556 5595 est,_»
3612 5520 3703 5595 sic
3720 5520 3778 5595 _I_I

2121 5590 2403 5661 CorJvm,
2434 5590 2555 5663 9,’“‹‹
2586 5597 2653 5647 ut
2674 5590 2842 5665 illius
2872 5590 3074 5665 inopia
3101 5593 3309 5651 divites
3341 5592 3570 5665 essetis.
3595 5613 3626 5642 »
3671 5590 3782 5665 Bil-

2121 5666 2236 5739 lius
2267 5682 2418 5739 vero,
2452 5661 2482 5715 (ἑ
2514 5664 2820 5721 mendicus
2851 5661 3037 5724 factus
3094 5670 3202 5739 est,
3238 5669 3305 5722 ut
3351 5664 3512 5721 illius
3560 5661 3783 5720 mendi-

2123 5738 2299 5796 citate
2328 5737 2607 5794 ditemur.
2635 5756 2664 5787 »
