4110 6402
331 386 450 445 399

1580 380 1646 440 S.
1695 378 2073 440 GREGOitlI
2116 378 2515 440 THEOLOGI

3640 382 3771 443 400

334 534 468 575 mus
492 518 556 573 “.
579 516 742 574 Servi
762 516 1015 573 formam
1047 513 1270 587 accepit
1291 515 1358 583 η,
1382 516 1447 569 ut
1465 511 1795 568 libertatem
1835 510 1979 567 reci-

2103 507 2274 585 θερίαν
2325 510 2490 582 ἡμεῖς
2542 505 2911 585 ἀπολάϐωμεν
3099 509 3392 584 κατῆλθεν,
3428 510 3503 566 ’ἶν’
3535 514 3772 587 ὑψωθῶ-

335 621 630 679 peremus.
662 604 991 676 Descendit,
1027 608 1092 659 ut
1122 603 1518 659 eveheremur.
1552 601 1833 657 Tentatus
1880 603 1990 670 est,

337 699 405 751 ut
428 695 819 751 vinceremus.
841 696 1223 763 Contemptus
1251 695 1361 763 est,
1387 694 1449 745 ut
1478 706 1585 745 nos
1606 688 1793 762 gloria
1813 688 1992 744 dona-

338 787 447 841 ret.
480 783 747 840 Mortuus
778 786 886 852 est,
920 785 986 837 ut
1016 780 1263 837 salutem
1299 778 1467 835 nobis
1498 779 1747 834 aﬁ‘erret.
1779 782 1996 833 Ascen-

340 872 447 941 dit,
483 875 548 928 ut
578 874 798 944 peccati
829 872 999 943 lapsu
1058 868 1224 925 humi
1274 870 1541 939 jacentes
1597 869 1667 923 ad
1728 866 1992 939 seipsum

340 962 614 1018 traheret.
647 961 857 1017 Omnia
888 960 1185 1033 quispiam
1248 959 1463 1015 donet:
1523 957 1723 1014 omnia
1775 956 1848 1021 ei,
1891 956 1992 1027 qui

339 1049 601 1122 seipsum
628 1048 1048 1121 redemptionis
1065 1046 1319 1121 pretium
1344 1062 1447 1118 pro
1465 1046 1637 1102 nobis
1662 1045 1725 1115 ιι,
1747 1061 1811 1101 ac
1833 1060 1991 1100 com-

341 1138 727 1195 mutationem
758 1137 919 1194 dedit
951 1137 1013 1205 ",
1049 1137 1291 1193 offerat:
1326 1133 1475 1191 nihil
1507 1138 1703 1190 autem
1747 1133 1993 1189 daturus

338 1230 430 1284 est
455 1231 707 1298 tantum,
729 1230 1018 1300 quantum
1037 1225 1088 1281 ei
1105 1242 1167 1282 se
1196 1224 1322 1297 ipse
1352 1222 1630 1281 obtulerit
1658 1222 1840 1295 hujus
1865 1238 1993 1295 my-

2108 618 2222 671 μενο
2257 597 2574 675 ἱπειράσθη,
2603 597 2693 654 ’ἵνα
2748 602 3079 673 νικήσωμεν·
3112 602 3415 673 ἠτιμάσθη,
3453 600 3543 656 *ίνα
3601 600 3760 676 δοξά-

2107 707 2189 761 σῃ·
2252 686 2528 759 ἀπιθανεν,
2578 686 2671 744 ἵνα
2726 690 2892 763 σώσῃ·
2956 687 3307 759 ἀνῆλθεν,’ίν’
3366 688 3567 765 ἐλκύσῃ
3624 692 3771 767 πρὸς

2104 775 2288 831 ἐαυτὸν
2337 776 2484 833 κάτω
2542 778 2822 851 κειμένους
2875 778 2927 833 ἐν
2977 783 3055 850 τῷ
3081 786 3182 848 τῆς
3230 778 3492 853 ἁμαρτίας
3532 782 3769 853 πτώμα-

2105 886 2178 923 τι.
2214 864 2390 921 Πάντα
2421 864 2621 923 διδότω
2650 889 2754 936 τις,
2787 867 2957 923 πάντα
3001 868 3415 947 καρποφορείτω
3471 868 3551 941 τῷ
3612 868 3763 925 δόντι

2105 954 2290 1011 ἑαυτὸν
2360 953 2557 1032 λυτρὸν
2632 957 2765 1033 ὑπὲρ
2842 959 3001 1031 ἡμῶν
3082 957 3170 1013 καὶ
3247 956 3604 1034 ἀντάλλαγμα

2106 1041 2268 1099 δώσει
2299 1042 2355 1100 δὲ
2406 1043 2559 1101 οὐδὲν
2608 1051 2857 1102 τοιοῦτον
2911 1049 3026 1102 οἷον
3073 1047 3258 1102 ἑαυτὸν
3305 1052 3403 1102 τοῦ
3456 1049 3764 1125 μυστηρίου

2107 1134 2368 1207 συνιέντα,
2400 1134 2490 1189 καὶ
2546 1132 2615 1190 δι’
2646 1134 2849 1192 ἐκεῖνον
2909 1137 3082 1192 πάντα
3132 1136 3228 1192 ὅσα
3269 1135 3474 1199 ἐκεῖνος
3518 1135 3587 1193 δι’
3615 1141 3769 1212 ἡμᾶς

2104 1221 2392 1297 γενόμενον
2425 1226 2523 1297 (6).

337 1315 502 1374 nterii
530 1316 817 1375 rationem
839 1315 1019 1390 probe
1050 1313 1496 1386 intelligentem,
1521 1330 1586 1370 ac
1634 1316 1869 1386 propter
1915 1310 2085 1369 illum
2116 1314 2316 1371 omnia
2345 1315 2585 1384 tactum,
2621 1332 2983 1389 quaecunque
3014 1317 3139 1390 ipse
3171 1324 3406 1390 propter
3436 1335 3542 1374 nos
3572 1319 3760 1376 factus

336 1410 445 1463 est.
1956 1440 1983 1471 δ

406 1495 503 1551 Vl.
527 1500 608 1551 Ac
636 1495 800 1551 vobis
830 1494 1090 1566 quidem,
1115 1497 1181 1549 ut
1209 1492 1472 1563 cernitis,
1498 1499 1696 1564 pastor
1733 1490 1827 1547 hic
1884 1492 1995 1547 bo-

337 1601 472 1652 nus,
500 1584 600 1656 qui
630 1584 886 1639 animam
922 1582 1120 1655 posuit
1177 1599 1279 1654 pro
1334 1581 1540 1637 ovibus
1593 1581 1658 1650 ¹⁶,
1692 1584 1991 1652 pastorem

339 1674 539 1741 oli‘ert;
572 1673 681 1729 hoc
704 1672 862 1727 enim
884 1676 1101 1744 sperat,
1129 1677 1186 1727 et
1215 1672 1275 1727 in
1309 1671 1454 1727 votis
1487 1670 1684 1737 habet,
1709 1675 1765 1725 et
1813 1687 1846 1725 a
1903 1687 1997 1725 vo-

339 1762 455 1830 bis,
486 1762 589 1833 qui
620 1761 899 1827 subestis,
933 1759 1209 1832 postulat,
1244 1760 1653 1831 duplicemque
1702 1776 1804 1830 pro
1852 1758 1993 1815 sim-

343 1850 483 1923 plici
516 1851 778 1923 seipsum
810 1850 973 1906 vobis
994 1849 1196 1915 tradit,
1219 1865 1285 1905 ac
1307 1848 1582 1904 baculum
1607 1849 1928 1904 senectutis
1953 1849 1994 1885 “

2180 1496 2239 1559 ζ’.
2277 1497 2624 1569 Καρποφορεῖ
2674 1492 2767 1566 μὲν
2822 1493 2971 1567 ὑμῖν,
3018 1494 3095 1556 ὡς
3141 1494 3319 1569 ὁρᾶτε,
3354 1492 3606 1568 ποιμένα·
3637 1499 3767 1551 τοῦ-

2103 1600 2165 1634 το
2197 1578 2300 1653 γὰρ
2333 1579 2540 1649 ἐλπίζει
2570 1582 2658 1635 καὶ
2691 1579 2932 1657 εὔχεται,
2962 1582 3052 1637 καὶ
3098 1585 3227 1659 παρ’
3269 1584 3421 1656 ὑμῶν
3474 1584 3615 1639 αἰτεῖ
3651 1590 3762 1641 τῶν

2109 1669 2209 1722 ὑπὸ
2244 1674 2405 1745 χεῖρα
2437 1671 2465 1723 6
2496 1681 2705 1744 ποιμην
2740 1672 2766 1725 6
2798 1670 2988 1740 καλὸς,
3022 1673 3049 1727 6
3076 1674 3245 1734 τιθεὶς
3269 1674 3367 1741 τήν
3404 1676 3587 1750 ψυχὴν
3624 1675 3759 1752 ὑπὲρ

2103 1761 2211 1812 τῶν
2271 1753 2577 1831 προϐάτων·
2627 1758 2718 1814 καὶ
2773 1757 3001 1815 διπλοῦν
3044 1763 3119 1833 (7)
3170 1761 3281 1815 ἀνθ’
3320 1760 3496 1817 ἁπλοῦ
3542 1760 3759 1819 δίδωσιν

2110 1846 2235 1919 ὑμῖν
2270 1847 2477 1902 ἱαυτόψ
2512 1848 2601 1903 καὶ
2647 1855 2883 1904 ποιεῖται
2934 1850 3032 1917 τήν
3090 1850 3384 1925 βακτηρίαν
3420 1854 3496 1925 (8)
3525 1857 3623 1907 τοῦ
3654 1855 3765 1929 γή-

346 1922 625 1996 baculum
657 1939 903 2012 spiritus
949 1938 1125 2007 facit;
1172 1942 1348 2009 atque
1404 1937 1726 1995 inanimato
1784 1937 1983 2009 templi

2111 1956 2220 2011 ρως
2291 1937 2587 2011 βακτηρίαν
2649 1943 2746 1993 τοῦ
2794 1922 3123 2012 πνεύματος·
3171 1922 3278 1994 καὶὴ
3309 1922 3765 2015 προστίθησιν.τῷ

344 2028 670 2084 animatum
701 2027 974 2099 adjungit
1008 2045 1022 2095 ;
1059 2026 1213 2095 huic,
1248 2027 1512 2098 inquam,
1564 2026 1900 2098 peregregio
1941 2030 1998 2082 et

343 2117 584 2185 caelesti,
600 2120 851 2173 alterum
872 2114 1281 2188 qualecunque
1303 2116 1538 2170 tandem
1562 2114 1706 2170 illud
1725 2120 1783 2171 et
1807 2133 1993 2187 quan-

340 2205 791 2279 tulumcunque,
827 2209 1102 2261 caeterum
1146 2204 1259 2276 ipsi
1316 2203 1755 2271 charissimum,
1789 2204 1993 2260 multis

336 2295 514 2352 etiam
537 2295 856 2351 sudoribus
881 2311 947 2351 ac
969 2294 1269 2350 laboribus
1290 2293 1658 2349 absolutum:
1684 2298 1857 2365 atque
1879 2294 1988 2349 uti-

338 2401 474 2441 nam
506 2383 810 2441 laboribus
840 2384 1085 2455 dignum
1119 2383 1369 2452 adjicere
1388 2381 1587 2437 liceat!
1616 2399 1842 2453 suaque
1866 2399 1990 2439 om-

336 2473 435 2529 nia
464 2473 629 2529 vobis
662 2472 950 2545 proponit.
977 2472 1019 2528 Ο
1040 2471 1250 2527 miram
1275 2471 1458 2526 animi
1490 2471 1987 2542 magnitudinem,

334 2562 449 2634 vel,
482 2566 549 2619 ut
569 2562 763 2619 verius
779 2561 1004 2634 loquar,
1033 2565 1344 2633 paternum
1367 2560 1655 2616 amorem!
1682 2560 1988 2630 Canitiem,

331 2653 721 2723 juventutem,
752 2650 1062 2722 templum,
1096 2650 1458 2722 pontiﬁcem,
1484 2654 1845 2718 testatorem,
1874 2650 1991 2706 hae-

336 2742 560 2812 redem,
584 2758 906 2808 sermones,
926 2756 1178 2812 quorum
1211 2739 1499 2795 desiderio
1532 2739 1899 2812 ﬂagrabatis;
1925 2757 1991 2796 ac

341 2846 643 2886 sermones
667 2828 926 2899 quidem,
946 2844 1062 2884 non
1092 2832 1310 2884 temere
1334 2833 1390 2883 et
1411 2828 1469 2883 in
1492 2844 1684 2883 aerem
1718 2829 1991 2896 ﬂuentes,

344 2935 451 2974 nec
482 2918 639 2974 ultra
667 2934 838 2974 aures
869 2918 1237 2973 audientium
1294 2933 1423 2973 sese
1470 2918 1857 2989 porrigentes,
1890 2919 1992 2973 sed

344 3024 494 3081 quos
552 3007 796 3079 spiritus
857 3006 1153 3077 describit,
1183 3005 1519 3078 tabulisque
1570 3005 1818 3077 lapideis
1874 3007 1994 3063 sive

339 3096 566 3154 carneis
596 3095 888 3169 imprimit
944 3096 1008 3167 ³⁸,
1042 3112 1159 3151 ιιοιι
1215 3094 1418 3151 leviter
1468 3111 1535 3151 ac
1590 3095 1994 3166 superﬁciete-

333 3204 448 3245 nus
476 3185 827 3259 insculptos,
868 3189 926 3241 et
956 3184 1058 3256 qui
1088 3182 1257 3241 facile
1312 3182 1489 3240 deleri
1533 3190 1773 3256 queant,
1810 3187 1859 3242 6
1888 3187 1991 3242 sed

333 3276 623 3334 altissime
655 3275 1056 3347 consignatos,
1117 3290 1233 3329 non
1292 3277 1639 3343 atramento,
1701 3274 1801 3331 sed
1860 3291 2061 3363 gra-C

328 3367 431 3424 tia.

399 3455 522 3512 VII.
541 3456 729 3527 Atque
750 3453 873 3510 haec
899 3452 1099 3509 omnia
1120 3451 1285 3509 vobis
1306 3452 1473 3508 ofi‘ert
1510 3451 1859 3510 venerabilis
1893 3453 1983 3509 hic

325 3546 643 3614 Abraham,
668 3542 1001 3617 patriarcha
1021 3541 1140 3609 ille,
1155 3540 1297 3597 illud
1320 3541 1563 3597 charum
1588 3547 1645 3598 et
1661 3547 1981 3615 augustum

328 3639 526 3708 caput,
559 3634 704 3690 illud
736 3634 1019 3688 virtutum
1052 3631 1317 3687 omnium
1340 3630 1729 3701 domicilium,
1749 3632 1982 3690 virtutis

324 3741 554 3793 norma,
586 3722 894 3780 sacerdotii
921 3721 1196 3794 perfectio
1222 3736 1235 3775 :
1261 3722 1359 3793 qui
1386 3721 1784 3779 voluntarium
1808 3723 1981 3779 hodie

323 3814 571 3871 Domino
603 3812 959 3869 sacriﬁcium
1017 3812 1206 3882 offert,
1261 3811 1635 3884 unigenitum
1694 3811 1863 3869 illum
1912 3831 1981 3869 ex

322 3903 713 3976 promissione
746 3903 809 3956 η.
833 3901 950 3957 Vos
992 3905 1185 3957 autem
1219 3904 1277 3955 et
1307 3900 1422 3956 Deo
1453 3905 1510 3956 et
1540 3901 1709 3957 nobis
1740 3903 1797 3957 id
1849 3920 1978 3958 mu-

324 3994 483 4048 neris
512 3991 638 4048 loco
668 3990 892 4057 offerte,
924 3994 990 4045 ut
1020 3993 1172 4045 recte
1200 3988 1547 4060 pascamini,
1580 3989 1641 4044 in
1697 3989 1823 4047 loco
1884 4009 1983 4063 pa-

321 4097 475 4137 scuae
496 4080 782 4150 collocati,
797 4085 855 4135 et
875 4096 1049 4150 super
1070 4096 1283 4150 aquam
1305 4078 1638 4134 refectionis
1659 4081 1887 4135 educati
1909 4082 1976 4151 ²⁰,

320 4174 388 4224 ut
416 4173 569 4226 recte
593 4173 889 4242 pastorem
912 4166 1298 4239 cognoscatis,
1330 4171 1387 4222 et
1432 4166 1505 4221 ab
1564 4183 1630 4222 eo
1668 4184 1979 4241 cognosca-

318 4258 489 4326 mini,
520 4263 579 4314 et
608 4256 863 4331 pastoris
894 4256 951 4311 in
986 4256 1229 4311 modum
1263 4270 1327 4309 ac
1353 4255 1529 4310 libere
1546 4262 1850 4313 vocantem
1875 4275 1978 4330 per

318 4348 537 4405 ostium
569 4344 902 4419 sequamini
936 4361 949 4413 ;
983 4342 1239 4400 alienum
1270 4349 1469 4399 autem
1512 4361 1626 4401 non
1686 4347 1977 4417 sequami-

317 4436 379 4493 ni
412 4437 481 4508 ²¹,
513 4438 637 4509 qui,
669 4435 962 4491 latronum
994 4438 1053 4490 et
1082 4433 1495 4489 insidiatorum
1528 4450 1708 4504 more,
1742 4438 1973 4492 caulam

384 4583 430 4619 η
461 4581 508 4638 ll
537 4586 663 4637 Cor.
694 4596 819 4649 vm,
850 4579 906 4634 9.
986 4578 1030 4614 ¹⁸
1060 4576 1291 4648 Philipp

316 4654 361 4692 ι’
392 4654 599 4711 Ezech.
631 4668 823 4721 mvr,
851 4651 959 4720 26;
996 4650 1047 4707 ll
1074 4654 1199 4705 Cor.
1234 4666 1319 4719 ιιι,
1352 4649 1408 4721 2,
1439 4649 1493 4703 3.

382 4799 460 4870 (4)
489 4797 595 4865 Τὴν
626 4792 931 4869 ἐλευθερίαν
959 4792 1124 4870 ἡμεῖς
1150 4784 1664 4870 ῃάπολάθωμενλια
1699 4796 1765 4848 ut
1794 4793 1967 4870 iiber-

310 4863 491 4927 tatem
524 4863 939 4941 reciperemus,
975 4863 1121 4919 o'lta
1150 4863 1355 4919 Biliius
1384 4864 1443 4941 in
1477 4866 1500 4919 1
1537 4865 1676 4941 edit.
1712 4866 1811 4935 qui
1849 4881 1965 4941 non

312 4957 444 4996 raro
476 4936 701 4996 felicius
727 4940 940 5004 reddit,
975 4953 1153 5009 quam
1186 4936 1462 5009 secundis
1493 4936 1671 5009 curis.
1707 4940 1829 4992 Vox
1878 4940 1968 4992 est

312 5011 597 5084 Apostoli,
633 5011 799 5067 Rom.
832 5027 957 5076 VIII,
990 5007 1078 5076 ‘21,
1114 5024 1229 5062 non
1289 5008 1487 5063 minus
1540 5007 1765 5076 Latina,
1818 5013 1967 5064 teste

310 5082 905 5227 Tigiqlmnawa.
953 5171 976 5201 ι
1003 5150 1197 5222 Culpa
1227 5153 1440 5205 nostrai
1464 5150 1904 5208 succidaneum.
1934 5173 1963 5203 ››

311 5227 397 5283 Ita
429 5226 653 5281 Billius.

377 5297 457 5429 (6)
488 5292 807 5379 Γενόμενον.
840 5294 932 5349 Sic
972 5295 1135 5365 Regii
1167 5292 1451 5419 plerique.

399 5370 455 5429 7)
488 5364 745 5421 Διπλουν.
781 5389 809 5417 ‹‹
838 5371 956 5422 Duo
1011 5372 1171 5429 temp
1199 5381 1254 5429 a,
1312 5380 1451 5429 inqu

399 5363 455 5437 7)
488 5363 750 5437 Διπλοῦν.
781 5389 809 5417 ‹‹
838 5371 956 5422 Duo
1011 5363 1254 5437 templa,
1312 5363 1747 5437 inquit,_Pater
1799 5365 1963 5423 vobis

306 5435 460 5495 dono
492 5438 673 5501 dedit,
701 5435 951 5492 alterum
985 5435 1260 5502 inanime,
1305 5437 1462 5507 quod
1516 5435 1786 5491 Nazianzi
1839 5454 1963 5493 exs-

304 5511 509 5575 truxit,
542 5508 793 5565 alterum
825 5510 1190 5576 animatum;
1230 5508 1315 5563 sic
1366 5509 1627 5579 seipsum
1685 5509 1960 5581 appellat.

308 5580 398 5637 Ita
422 5582 679 5636 Nicetes.

312 5645 820 5781 di(3lB¢XT7iP‘¢V-
880 5670 909 5699 «
968 5647 1334 5705 Baculum.»
1394 5649 1620 5717 Billius,
1688 5674 1716 5703 ‹‹
1767 5652 1964 5709 subsi.

377 5738 501 5779 um.
533 5742 565 5773 »

377 5738 501 5779 um.
533 5742 565 5773 >>

2113 2024 2313 2101 ἀψύχῳ
2340 2032 2452 2098 ναῷ
2493 2026 2583 2081 τὸν
2630 2026 2902 2103 ἔμψυχον,
2934 2032 3014 2101 τῷ
3062 2026 3407 2104 περικαλλεῖ,
3438 2031 3516 2102 τῷ
3568 2027 3625 2085 δὲ
3672 2031 3765 2086 καὶ

2106 2114 2364 2187 οὐρανίῳ,
2394 2116 2485 2170 τὸν
2520 2117 2804 2171 ὁποιονοῦν
2838 2116 2927 2170 καὶ
2960 2114 3180 2186 ἡλίκον,
3213 2116 3342 2173 ἀλλ’
3372 2115 3463 2171 οὖν
3503 2119 3595 2173 τὸν
3636 2120 3759 2174 ἑαυ-

2102 2207 2180 2274 τῷ
2226 2205 2581 2278 τιμιώτατον,
2632 2206 2719 2260 καὶ
2770 2205 2927 2261 αὐτὸν
2991 2203 3182 2279 ἱδρῶσι
3229 2205 3466 2270 πολλοῖς
3512 2207 3757 2264 συντελε-

2104 2290 2309 2362 σθέντα,
2340 2294 2431 2347 καὶ
2461 2293 2673 2363 πόνοις,
2706 2292 2789 2365 εἷή
2825 2293 2883 2350 δὲ
2925 2295 3116 2369 εἰπεῖν,
3150 2294 3233 2351 ὅτι
3281 2296 3371 2351 καὶ
3420 2302 3525 2352 τῶν
3576 2297 3759 2353 πόνων

2104 2381 2269 2453 ἄξιονο
2322 2381 2409 2436 καὶ
2486 2381 2656 2438 πάντα
2720 2382 3075 2460 προστίθησιν
3128 2386 3203 2457 (9)
3256 2385 3383 2457 ὑμῖν
3430 2385 3497 2441 τὰ
3546 2387 3759 2442 ἑαυτοῦ·

2102 2471 2167 2525 Ὠ
2213 2477 2313 2540 τῆς
2365 2470 2801 2549 μεγαλοψυχίας,
2835 2474 2893 2545 ἢ,
2925 2474 2986 2528 τό
3036 2495 3097 2549 γε
3147 2473 3509 2551 ἀληθέστερον
3562 2476 3753 2550 εἰπεῖν,

2098 2566 2198 2628 τῆς
2239 2558 2602 2637 φιλοτεκνίας·
2645 2563 2745 2630 τὴν
2788 2560 3008 2632 πολιὰν,
3039 2564 3136 2631 τήν
3187 2563 3433 2634 νεότητα,
3467 2565 3556 2619 τὸν
3604 2565 3757 2637 ναὸν,

2100 2649 2190 2704 τὸν
2224 2649 2504 2725 ἀρχιερέα,
2535 2652 2625 2706 τὸν
2676 2649 3045 2727 κληροδότην,
3077 2654 3168 2707 τὸν
3217 2650 3593 2727 κληρονόμον,
3624 2654 3755 2719 τοὺς

2103 2736 2325 2813 λόγους,
2367 2740 2457 2801 οῦς
2508 2741 2767 2796 ὲποθεῖτε·
2810 2741 2899 2795 καὶ
2946 2741 3154 2797 τούτων
3206 2742 3268 2796 οὐ
3316 2742 3442 2804 τοὺς
3491 2743 3631 2813 εἰκῆ,
3661 2744 3754 2799 καὶ

2103 2828 2179 2889 εἷς
2230 2828 2360 2903 ἀέρα
2410 2828 2650 2904 ῥέοντας,
2676 2831 2767 2884 καὶ
2820 2832 2985 2905 μέχρι
3033 2838 3133 2900 τῆς
3188 2831 3358 2901 ἀκοῆς
3405 2832 3751 2906 ἱσταμένους,

2106 2916 2231 2971 ἀλλ’
2263 2918 2355 2979 οὓς
2387 2920 2578 2997 γράφει
2609 2919 2671 2973 τὸ
2702 2924 2933 2993 πνεῦμα,
2965 2920 3054 2974 καὶ
3095 2919 3289 2990 πλαξὶν
3341 2920 3559 2977 ἐντυποῖ
3609 2921 3756 2977 λιθί-

2102 3027 2237 3078 ναις,
2273 3003 2445 3061 εἶτουν
2493 3007 2792 3083 σαρκίναις,
2845 3008 2944 3063 οὐκ
2989 3009 3040 3080 ἐξ
3090 3008 3365 3079 ἐπιπολῆς
3404 3013 3759 3087 χαρασσομέ-

2104 3115 2250 3165 νους,
2286 3093 2411 3150 οὐδὲ
2442 3093 2642 3172 ῥᾳδίως
2675 3096 3166 3176 ἀπαλειφομὲνους,
3200 3097 3327 3154 ἀλλ’
3360 3099 3437 3162 εἰς
3477 3101 3638 3176 βάθος
3672 3100 3758 3156 ὲν-

2103 3184 2565 3258 σημαινομὲνους,
2599 3185 2659 3240 οὐ
2696 3186 2911 3259 μέλανι,
2943 3186 3088 3243 ἀλλὰ
3119 3189 3304 3263 χάριτι
3332 3190 3467 3264 (10).

2164 3454 2233 3508 Ζ’.
2273 3456 2448 3507 Ταῦτα
2491 3453 2586 3524 μὶν
2639 3451 2731 3507 οῦν
2763 3456 2875 3528 (11)
2912 3454 3040 3527 ὑμῖν
3070 3455 3098 3509 6
3128 3456 3325 3527 σεμνὸς
3356 3450 3611 3530 Ἀϐραὰμ
3658 3455 3753 3512 οῦ-

2090 3562 2205 3611 τος,
2247 3542 2274 3597 6
2322 3541 2691 3619 πατριάρχης,
2742 3546 2776 3612 ἡ
2828 3543 2983 3616 τιμία
3041 3543 3252 3622 κεφαλή
3304 3544 3393 3599 καὶ
3439 3544 3750 3619 αἰδέσιμος,

2088 3631 2151 3685 τὸ
2181 3632 2392 3686 πάντων
2422 3635 2526 3685 τῶν
2582 3631 2765 3688 καλῶν
2800 3634 2914 3707 (12)
2945 3633 3314 3710 καταγώγιον,
3346 3635 3373 3688 6
3403 3640 3504 3703 τῆς
3552 3636 3751 3711 ἀρετῆς

2089 3721 2288 3793 κανὼν,
2338 3720 2373 3791 ἥ
2423 3728 2521 3791 τῆς
2570 3720 2866 3797 ἱερωσύνης
2919 3720 3227 3795 τελείωσις,
3275 3723 3302 3777 6
3348 3724 3446 3792 τὴν
3504 3724 3750 3780 ἑκούσιον

2092 3807 2274 3871 θυσίαν
2324 3808 2609 3884 προσάγων
2660 3814 2738 3881 τῷ
2792 3808 2975 3884 Κυρίῳ
3005 3811 3118 3883 (13)
3151 3812 3414 3885 σήμερον,
3446 3812 3537 3865 τὸν
3592 3833 3755 3885 μονο-

2089 3905 2245 3972 γενῆ,
2276 3898 2367 3952 τὸν
2401 3896 2460 3952 ἐκ
2495 3904 2597 3967 τῆς
2647 3896 2999 3974 ἐπαγγελίας.
3034 3904 3198 3971 Υμεῖς
3250 3896 3306 3954 δὲ
3355 3906 3755 3978 καρποφορεῖτε

2087 3988 2177 4041 καὶ
2208 3990 2323 4059 Θεῷ
2352 3988 2440 4041 καὶ
2482 3989 2617 4059 ἡμῖν
2664 3987 2728 4041 τὸ
2777 3985 2963 4049 καλῶς
3011 3988 3419 4061 ποίμαίνεσθαι,
3451 3989 3526 4051 εἰς
3580 3990 3751 4045 τόπον

2088 4076 2270 4151 χλόης
2301 4074 2822 4150 κατασκηνούμενοι,
2857 4076 2947 4131 καὶ
2998 4076 3085 4132 ἐπὶ
3137 4074 3332 4140 ὕδατος
3364 4081 3478 4153 (1-4)
3510 4080 3750 4134 ἀναπαύ-

2088 4186 2224 4227 σεως
2277 4163 2681 4242 ἐκτρεφόμενοι,
2723 4167 3079 4241 γινώσκοντες
3126 4165 3310 4230 καλῶς
3359 4168 3448 4222 τὸν
3494 4168 3748 4241 ποιμένα,

2085 4254 2175 4309 καὶ
2206 4255 2618 4327 γινωσκόμενοι,
2650 4256 2738 4309 καὶ
2789 4256 3049 4329 ἑπόμενοι
3099 4256 3355 4311 καλοῦντι
3408 4263 3749 4331 ποιμενικῶς

2086 4343 2174 4399 καὶ
2207 4342 2525 4419 ἐλευθερίως
2558 4340 2645 4398 διὰ
2676 4351 2773 4413 τῆς
2805 4344 2969 4421 θύρας
3006 4344 3291 4420 ἀλλοτρίῳ
3324 4343 3381 4400 δὲ
3408 4347 3484 4421 μὴ
3516 4345 3751 4403 ἀκολου-

2085 4430 2298 4495 θοῦντες
2331 4427 2710 4509 ὐπερόαίνοντι
2744 4431 2834 4488 διὰ
2860 4441 2963 4504 τῆς
2993 4432 3194 4509 αὐλῆς,
3228 4432 3539 4512 λῃστρικῶς
3568 4456 3626 4492 τε
3656 4437 3748 4491 καὶ

1299 4619 1311 4631 .
1346 4582 1407 4651 ιι,
1437 4578 1493 4651 7.
1572 4579 1617 4613 ¹⁸
1646 4578 1852 4634 Matth.
1885 4597 1979 4647 xx,

2178 4576 2467 4651 7"_Matth.
2502 4595 2616 4646 xvx,
2650 4580 2741 4632 26.
2815 4578 2865 4651 μ¹⁶
2894 4579 3065 4634 Joan.
3095 4596 3151 4651 χ,
3186 4580 3272 4634 15.
3354 4581 3396 4615 1⁷
3429 4580 3571 4636 Tob.
3606 4597 3663 4647 x,
3688 4583 3746 4638 4.

1592 4651 1637 4685 ¹⁹
1685 4651 1828 4707 Gen.
1879 4669 2020 4723 xxu,
2053 4653 2125 4720 2;
2161 4649 2286 4706 Gal.
2319 4665 2405 4721 ιιι,
2440 4650 2527 4704 16.

2623 4650 2667 4684 ³ο
2696 4649 2851 4706 Psal.
2884 4668 3023 4719 χχιι,
3059 4652 3107 4706 1.
3136 4649 3142 4651 “
3202 4652 3245 4687 ²¹
3277 4651 3445 4707 Joan.
3480 4670 3535 4721 x,
3575 4655 3657 4722 14,
3687 4654 3747 4711 5.

2148 4793 2223 4865 (9)
2257 4787 2734 4868 Προτίθησινᾷἓμίρ
2766 4792 2964 4865 plures
2991 4810 3143 4868 mss.
3176 4793 3327 4868 :_sed
3364 4792 3505 4868 Reg.
3538 4811 3601 4864 ιι,
3634 4811 3745 4868 op-

2079 4863 2237 4920 timas
2297 4863 2556 4937 notae,_et
2591 4863 2783 4937 Colb.‘
2814 4882 2871 4937 ιιι
2904 4865 3005 4937 qui
3064 4864 3332 4937 omnium
3390 4863 3580 4937 instar
3608 4863 3741 4924 esse

2079 4937 2286 5008 possit,
2321 4908 2572 5011 Basilius
2597 4908 2969 5011 in_scholii;:
3005 4936 3345 5011 προστίθησι.
3380 4908 3581 5011 Camb.
3608 4908 3739 4995 53;:

2075 5004 2173 5065 vat
2201 5004 2514 5081 προτίθησι,
2546 5013 2603 5062 et
2620 5008 2717 5081 sic
2746 5010 2918 5064 vertit
2944 5025 2956 5065 :
2990 5032 3018 5059 ‹‹
3044 5004 3151 5064 sua
3179 5010 3379 5066 omnia
3404 5009 3573 5081 vobis
3600 5026 3735 5081 pro-

2076 5081 2244 5152 ponit
2274 5079 2492 5152 utenda
2524 5082 2579 5133 et
2610 5079 2893 5152 fruenda:
2953 5099 3195 5137 suorum
3256 5080 3523 5137 omnium
3569 5079 3733 5138 vobis

2076 5149 2501 5225 copiarrnfacit,
2534 5150 2627 5206 sui
2660 5150 2869 5225 ipsius,
2903 5152 3128 5225 templi,
3162 5152 3288 5208 filii.
3327 5175 3348 5201 v-

2170 5224 2260 5297 10)
2290 5220 2505 5297 ᾏάριτι,
2539 5244 2567 5272 (ι
2602 5220 2811 5297 gratia.
2848 5220 2876 5297 ᾖ)
2906 5220 3132 5291 Billius,
3168 5248 3193 5275 ‹‹
3230 5223 3473 5297 spiritu,
3505 5245 3533 5272 »

2174 5291 2261 5367 ll)
2295 5291 2401 5367 Οῦν
2436 5291 2687 5367 deest‘in
2722 5294 2990 5367 pluribus
3023 5314 3189 5366 mss.,
3228 5291 3427 5352 verum
3459 5294 3518 5350 in
3567 5293 3727 5350 codi-

2075 5365 2249 5422 cibus'
2271 5365 2529 5439 melioris
2562 5365 2977 5439 notae’legitur.

2172 5438 2257 5509 12)
2288 5432 2507 5504 Καλῶν,
2545 5457 2567 5509 ᾳ
2603 5432 2904 5494 virtutum.
2942 5462 2971 5489 ››
3004 5438 3111 5495 Bil.
3150 5463 3177 5491 ε(
3210 5440 3520 5495 bonorum.
3554 5460 3584 5490 »

2172 5442 2257 5509 12)
2288 5442 2507 5504 Καλῶν,
2546 5457 2567 5486 ι
2603 5442 2904 5494 virtutum.
2942 5462 2971 5489 ››
3004 5442 3111 5495 Bil.

2142 5442 2259 5581 (13)
2293 5507 2623 5581 Κυρίῳ.
2656 5512 2855 5566 Comb.
2889 5510 2968 5581 τῷ
3000 5515 3134 5581 Θεῷ.

2292 5575 2411 5658 Ἐπὶ
2442 5575 2862 5658 ὕδατος..-Οοὶε1.
2900 5575 2951 5649 1,
3008 5575 3097 5658 Et?"
3134 5578 3352 5658 ὕδατοςἶ
3404 5579 3613 5658 B_illius
3646 5580 3731 5637 sic

2071 5653 2279 5725 vertit:
2307 5674 2337 5725 (ι
2359 5652 2522 5725 Quod
2555 5652 2793 5725 quidem
2822 5651 3085 5711 futurum
3109 5661 3220 5722 est,
3246 5654 3297 5710 si
3337 5653 3397 5709 in
3432 5651 3567 5725 loco
3589 5670 3727 5725 pass

2074 5741 2195 5786 cum
2248 5722 2545 5794 habitetis,
2574 5722 2634 5783 et
2661 5725 2723 5783 in
2753 5742 2909 5798 aqua
2934 5726 3268 5787 refectioni:
3305 5722 3659 5786 educemini.
3694 5746 3726 5779 »
