4110 6414
360 392 437 451 03
1567 390 1631 449 S.
1679 390 1983 451 GREGOH

2120 392 2490 452 l‘HEOLOGI
3618 392 3743 452 404

359 529 607 597 eretur;
668 539 947 603 quorum
995 520 1265 603 alterum
1325 523 1614 583 nonnulli
1698 522 2053 584 scholiastae
2129 524 2483 603 significare
2563 523 2879 597 videntur,
2940 523 3209 585 alterum
3266 541 3304 583 a
3351 522 3535 584 Billio
3593 509 3745 584 con-

359 542 607 597 eretur;
668 542 940 601 quorum
995 542 1265 582 alterum
1325 542 1614 583 nonnuui
1698 542 2053 584 scnouastae
2129 542 2483 603 s1gn111care
2563 542 2879 597 Videntur,
2940 542 3209 585 alterum
3266 542 3304 583 a
3352 542 3535 584 mmo
3593 542 3713 584 con

315 542 553 666 gotum.
614 603 845 683 Verum
912 602 1078 683 fuga
1152 602 1404 681 elapsus
1468 604 1651 663 Ponti
1735 604 2137 665 solitudinem
2195 605 2398 683 petiit,
2448 610 2515 665 ut
2573 604 3042 665 formidandum
3100 603 3402 682 angelicis
3456 604 3739 666 humeris

315 704 473 747 onus
504 682 872 763 declinaret,
908 682 1203 743 Ecclesia;
1235 683 1513 761 regimen
1574 690 1635 744 et
1687 684 2067 755 animarum,
2100 682 2291 745 verbo
2348 686 2575 759 dicam,
2610 685 2951 745 sacerdotis
3010 686 3405 763 pastorisque
3468 703 3735 757 munus;

315 765 510 845 quod,
534 770 606 845 ut
638 781 780 845 cum
814 762 1163 845 virodocto
1197 764 1316 845 (24)
1354 765 1601 843 loquar,
1641 787 1668 821 (ι
1704 766 1897 825 veluti
1929 766 2160 826 vicario
2193 784 2439 826 summo
2471 773 2531 826 et
2564 766 2864 843 generali,
2898 786 2927 822 1)
2970 762 3086 826 hac
3126 762 3522 825 ordinatione
3552 767 3671 826 sibi
3701 785 3740 827 a

314 852 497 926 patre
527 844 771 921 imponi
808 844 1144 926 sentiebat.
1182 868 1211 898 »

390 927 495 986 IV.
529 927 661 984 Hoc
689 931 750 984 et
807 924 975 983 Elias
1033 925 1341 984 Cretensis
1401 924 1556 984 vidit
1612 925 1850 1003 optime
1911 943 1925 984 :
1991 948 2021 981 «
2078 924 2338 986 Divinus
2395 925 2499 985 ille
2559 926 2669 995 vir,
2732 925 2937 1003 inquit
2990 924 3151 1004 (25),
3205 924 3506 1003 quoniam
3560 924 3734 987 haud

309 1005 552 1066 lubenti
607 1006 820 1065 animo
877 1010 1167 1085 suscepto
1226 1006 1576 1085 presbyteri
1629 1006 1934 1083 gradu....
1996 1006 2288 1066 Ecclesiae
2346 1006 2514 1066 illius
2568 1006 3021 1085 (Nazianzenae)
3081 1024 3298 1066 curam
3384 1006 3725 1085 suscipere,

310 1104 384 1146 ac
441 1104 547 1146 eas
593 1093 825 1165 partes,
862 1103 1017 1159 quas
1068 1084 1187 1165 ille
1231 1084 1454 1162 (pater)
1513 1086 1687 1147 obire
1745 1105 1869 1145 non
1916 1092 2183 1164 poterat,
2218 1086 2469 1165 explere
2501 1087 2895 1163 cogebatur:
2932 1084 3064 1164 ipse
3122 1087 3375 1164 quidem
3437 1086 3730 1163 religioso

311 1173 480 1226 metu
511 1166 735 1225 ductus
766 1164 911 1224 hinc
967 1164 1249 1224 abscedit
1306 1174 1497 1244 atque
1552 1168 1615 1225 in
1674 1168 1945 1226 Pontum
2001 1167 2248 1243 migrat,
2302 1164 2410 1226 ubi
2460 1168 2655 1245 prius,
2707 1173 2880 1226 etc...
2934 1168 3046 1227 Hic
3094 1166 3310 1245 itaque
3366 1184 3507 1226 cum
3569 1176 3727 1227 tem-

310 1264 429 1325 pus
458 1245 715 1323 aliquod
745 1245 1121 1322 exegisset...
1160 1251 1349 1322 atque
1378 1246 1534 1305 illud
1580 1248 1919 1317 statuisset,
1956 1266 2146 1323 grave
2199 1266 2331 1306 esse
2389 1248 2448 1306 in
2511 1247 2952 1307 inobedientiae
3013 1247 3365 1325 periculum
3426 1246 3720 1321 incidere,

310 1344 344 1387 θ
372 1328 575 1387 Ponto
605 1328 668 1386 in
696 1326 965 1404 patriam
1000 1327 1332 1385 revertitur
1361 1326 1459 1386 die
1486 1327 1622 1405 ipso
1672 1328 1928 1387 Paschae
1964 1326 2108 1407 (26).
2149 1352 2176 1383 »
2212 1328 2523 1404 Religioso
2554 1327 2746 1403 igitur
2801 1334 2971 1386 metu
3026 1328 3390 1405 Theologus
3448 1327 3723 1388 solitudi-

310 1407 768 1500 nem-petierat,
804 1424 1145 1500 rursusque
1175 1424 1319 1500 eum
1381 1414 1583 1467 metus
1626 1426 1659 1467 e
1708 1410 1909 1468 Ponto
1966 1409 2031 1467 in
2094 1408 2362 1487 patriam
2424 1409 2763 1479 revocavit,
2800 1414 3023 1482 metus,
3058 1408 3341 1487 inquam,
3380 1426 3457 1467 ne
3508 1409 3724 1468 inobe-

309 1487 562 1549 dientiae
593 1488 827 1548 crimen
857 1487 1225 1547 incurreret.

384 1568 456 1628 V.
491 1568 647 1627 Cum
707 1572 917 1625 autem
979 1566 1282 1645 plurimos
1338 1566 1703 1628 offendisset
1754 1568 2036 1645 Gregorii
2089 1568 2260 1645 fuga,
2314 1568 2422 1645 qui
2500 1567 2633 1645 jam
2690 1591 2721 1623 ‹‹
2778 1568 2949 1645 apud
3024 1567 3411 1628 Christianos
3481 1568 3727 1645 aliquid

306 1665 500 1708 esse»
554 1651 856 1725 coeperat,
901 1646 967 1705 in
1015 1646 1111 1705 sui
1160 1647 1583 1708 defensionem
1637 1648 1801 1708 banc
1861 1648 2211 1708 orationem
2246 1648 2493 1725 scripsit
2521 1648 2666 1725 (27).
2705 1671 2732 1702 α
2769 1648 3073 1719 Ostendit,
3112 1670 3140 1705 »
3179 1648 3371 1708 verba
3402 1653 3548 1707 sunt
3588 1651 3724 1725 jam

304 1728 545 1789 laudati
572 1726 952 1807 scholiastae,
991 1744 1111 1807 «se
1143 1726 1299 1786 freni
1328 1732 1459 1787 tam
1489 1728 1920 1806 impatientem
1954 1735 2514 1807 contumaccmque
2548 1729 2757 1799 fuisse,
2792 1735 2861 1788 ut
2918 1728 3106 1787 etiam
3166 1728 3496 1787 offensioni
3530 1728 3726 1789 fuerit

303 1808 647 1879 nonnullis,
682 1806 911 1885 quibus
939 1806 1340 1867 azdificationi
1370 1809 1690 1886 quondam
1722 1809 1853 1887 ipse
1884 1810 2126 1881 fuerat;
2161 1808 2242 1869 ob
2273 1806 2503 1885 eosque
2532 1809 2623 1868 illi
2652 1808 2949 1887 apologis
3000 1827 3161 1886 opus
3220 1809 3355 1877 fuit,
3392 1827 3517 1886 qua
3584 1808 3725 1869 lno-

304 1887 635 1968 bedientiae
664 1886 1139 1968 timiditatisque
1169 1905 1393 1947 causas
1440 1886 1787 1948 declararet
1820 1888 1965 1968 (28).
2001 1912 2030 1944 ››
2068 1892 2307 1966 Itaque,
2345 1912 2375 1943 «
2408 1907 2485 1948 ne
2542 1886 2895 1967 suspicione
2939 1889 3197 1967 quidem
3258 1889 3497 1966 peccati
3534 1908 3562 1943 ι)
3606 1890 3730 1949 hu-

295 1967 579 2046 jusmodi
606 1966 896 2027 laborare
928 1973 1131 2027 tutum
1162 1974 1358 2039 ratus,
1393 1988 1501 2028 seu
1533 1970 1703 2046 fuga,
1730 1966 1838 2028 seu
1868 1970 2071 2028 reditu
2108 1992 2137 2025 «
2167 1969 2530 2029 vulneratos
2564 1994 2591 2025 ››
2629 1966 2745 2029 hac
2776 1966 3073 2047 apologia
3108 1992 3139 2024 «
3193 1988 3419 2029 sanare
3451 1990 3479 2025 ι)
3519 1987 3728 2030 neccs-

303 2048 538 2109 sarium
570 2047 814 2129 habuit.
850 2049 940 2107 Ex
970 2048 1092 2129 illis
1122 2049 1311 2120 enim,
1351 2072 1378 2103 α
1414 2049 1521 2109 alii
1550 2050 1871 2110 levitatem
1922 2054 1985 2110 et
2029 2050 2549 2129 imprudentiam,
2584 2071 2612 2107 υ
2651 2050 2759 2109 alii
2794 2074 2824 2105 ‹‹
2883 2056 3314 2127 contemptum
3374 2049 3655 2123 ordinis;
3694 2075 3724 2107 »

303 2128 847 2268 nopnullietitam,t
867 2128 1127 2206 perinde
1175 2147 1249 2188 ac
1299 2130 1652 2207 Augustino
1708 2130 1902 2209 paulo
1958 2128 2193 2209 post,’«
2224 2130 2463 2191 altioris
2512 2132 2743 2207 gradus
2800 2130 3211 2209 cupiditatem
3246 2152 3277 2185 »
3312 2129 3722 2208 objiciebant,

303 2228 385 2268 au
443 2227 694 2268 susmca
739 2226 819 2268 an
856 2227 947 2268 ur.

303 2214 415 2271 aut
443 2209 947 2271 susnicabantur.

389 2228 955 2367 “#3133353;
1036 2288 1385 2367 longiorem
1474 2290 1640 2350 hanc
1725 2289 2193 2369 apologeticam
2282 2291 2632 2351 orationem
2721 2289 3018 2368 scripsit,
3081 2290 3145 2350 in
3230 2308 3407 2368 qua,
3494 2294 3562 2349 ut
3643 2289 3736 2350 ait

305 2369 474 2431 Elias
520 2368 668 2450 (29),
706 2392 737 2425 «
782 2368 942 2429 illud
995 2369 1291 2441 ostendit,
1335 2387 1448 2430 nec
1501 2376 1734 2429 metum
1768 2368 1857 2431 iet
1907 2371 2251 2431 cessionem
2312 2389 2512 2442 suam,
2549 2388 2661 2431 uec
2719 2389 2967 2430 rursum
3025 2370 3220 2429 animi
3279 2370 3729 2450 promptitudi-

306 2469 452 2511 nem
535 2456 597 2510 et
682 2450 1101 2509 reversionem
1187 2450 1771 2529 reprehendendam
1858 2470 2057 2525 esse;
2143 2476 2172 2507 »
2258 2470 2364 2511 seu
2448 2450 2619 2529 quod
2702 2451 2897 2530 priori
2992 2452 3277 2511 oratione
3372 2450 3728 2529 proposuit,

316 2551 347 2588 (ι
408 2536 747 2609 utrumque
802 2531 1037 2591 bonum
1100 2548 1253 2602 esse,
1316 2537 1378 2591 et
1432 2534 1562 2591 Deo
1620 2532 1971 2592 subducere
2028 2550 2093 2591 se
2152 2550 2634 2610 nonnunquam,
2694 2538 2755 2590 et
2803 2531 3053 2592 vocanti
3110 2549 3325 2591 sursus
3409 2531 3729 2591 interdum

309 2628 638 2672 occurrere
696 2610 841 2691 (30).
904 2634 934 2665 ››
995 2610 1272 2691 Primam
1352 2617 1599 2690 partem
1677 2618 1965 2690 spectant
2037 2630 2131 2685 ea,
2214 2613 2444 2690 quibus
2528 2612 2826 2671 describit
2907 2614 3327 2682 sacerdotum,
3400 2611 3528 2671 sive
3613 2630 3728 2688 pa-

309 2697 550 2751 storum
637 2709 923 2761 munera,
1011 2690 1295 2762 virtutes,
1383 2691 1613 2766 ofﬁcia,
1692 2693 2117 2765 difficultates,
2205 2692 2511 2770 pericula,
2570 2692 2681 2751 Dei
2759 2692 2823 2751 in
2907 2710 3015 2751 eos
3097 2693 3321 2757 minas,
3389 2691 3731 2770 propheta-

306 2789 452 2831 rum
531 2776 594 2832 et
673 2772 1106 2850 apostolorum
1194 2772 1476 2842 oracula,
1541 2772 1852 2850 exempla,
1915 2790 2056 2851 quae
2105 2772 2182 2832 de
2240 2791 2352 2833 suo
2438 2772 2794 2832 solitudinis
2877 2790 3091 2833 amore
3175 2772 3388 2844 tradit,
3450 2790 3591 2850 quas
3647 2772 3727 2832 de

308 2856 682 2933 tempestate
730 2870 859 2933 qua
914 2852 1030 2933 sub
1087 2851 1550 2933 Julianortunc
1608 2852 1906 2931 temporis
1981 2853 2261 2913 Ecclesia
2338 2852 2778 2933 jactabaturr:
2840 2871 2966 2912 non
3026 2852 3198 2931 quod
3258 2852 3382 2933 (31)
3442 2875 3470 2907 ι
3533 2854 3730 2933 feram

309 2931 741 3009 illam,ignes,
806 2931 1072 3009 gladios,
1129 2932 1499 3010 praecipitia,
1562 2934 1916 3010 voragines,
1976 2933 2057 2993 ab
2113 2933 2342 2993 exteris
2400 2933 2670 3010 denique
2727 2932 2964 2992 bellum
3044 2931 3356 2992 ullatenus
3434 2932 3733 2993 formida-

309 2950 741 3009 111am,1gnes,
806 2950 1072 3009 gladios,
1124 2950 1499 3069 praecipma,
1562 2951 1916 3010 voragines,
1976 2950 2057 2993 an
2113 2950 2342 2993 exteris
2400 2950 2670 3010 demque
2727 2950 2964 2992 neuum
3044 2950 3356 2992 ullatenus
3434 2950 3732 2993 Iormiua-

308 3016 406 3072 ret
454 3010 599 3091 (32).
652 3012 774 3092 Sed
827 3012 1062 3071 bellum
1171 3014 1591 3086 tereticorum,
1649 3014 2149 3074 Christianorum
2236 3013 2407 3086 vitia,
2465 3013 2862 3073 sacerdotum
2949 3032 3217 3091 pugnas,
3292 3013 3732 3092 episcoporum

307 3092 588 3164 dissidia,
654 3115 682 3147 n
736 3091 879 3169 jure
965 3092 1283 3173 metuebat
1342 3092 1488 3173 (33).
1551 3093 1707 3153 Huic
1792 3093 1958 3154 bello
2037 3115 2066 3151 ‹‹
2123 3093 2429 3172 imparem
2484 3111 2549 3152 se
2608 3093 2917 3153 sentiebat
2992 3112 3065 3153 ac
3140 3091 3341 3153 ultro,
3389 3094 3729 3154 fatebatur.

306 3174 453 3233 Haec
504 3178 952 3253 metugcarnes
1008 3172 1453 3253 conﬁciebant,
1482 3180 1754 3233 mentem
1816 3173 2299 3250 contrahebant,
2336 3173 2568 3251 linguae
2626 3174 2947 3234 vinculum
3005 3174 3394 3253 injiciebant,
3434 3180 3498 3235 et
3553 3181 3733 3253 terga

307 3253 459 3313 dare
490 3275 519 3307 »
557 3251 783 3312 merito
813 3252 1301 3331 persuadebant.

394 3332 517 3411 (34)
549 3332 643 3391 Ad
704 3332 967 3393 alteram
1023 3337 1292 3410 partem,
1352 3351 1479 3410 qua
1535 3332 1774 3393 reditus
1830 3350 2053 3394 causas
2110 3333 2384 3394 breviter
2442 3333 2722 3412 exponit,
2780 3333 3121 3412 pertinent,
3181 3335 3243 3394 in
3304 3334 3469 3395 cives
3526 3353 3730 3407 amor,

307 3419 645 3493 parentum
730 3430 930 3485 cura,
992 3412 1437 3473 inobedientize
1522 3413 1714 3474 timor
1793 3432 1866 3473 ac
1955 3413 2353 3493 periculum,
2408 3415 2585 3475 J0me
2668 3416 3069 3493 exemplum;
3128 3414 3357 3492 quibus
3438 3415 3734 3476 omnibus

312 3516 341 3549 ι
378 3492 603 3574 victus,
636 3516 665 3549 ››
701 3493 981 3569 tandem,
1046 3511 1206 3553 onus
1262 3493 1473 3553 subire
1530 3512 1595 3555 se
1652 3493 2007 3573 profitetur,
2042 3494 2213 3555 haud
2277 3494 2529 3573 quidem
2589 3492 3012 3574 episcopatus,
3049 3497 3154 3554 sed
3213 3495 3564 3569 sacerdotii,
3620 3514 3731 3556 seu

355 3573 601 3635 astoris.

310 3593 606 3715 Ρᾶἓξοῖῐίὶῗ.
664 3652 913 3714 Etenim
980 3674 1009 3712 ‹‹
1067 3652 1145 3734 de
1192 3652 1644 3734 episcopatu,»
1707 3660 1775 3715 ut
1831 3659 1999 3716 recte
2056 3654 2349 3715 observat
2408 3654 2630 3715 doctus
2687 3654 3123 3729 Combeﬁsius,
3166 3655 3439 3715 «nullus
3495 3654 3596 3715 hic
3654 3673 3731 3714 ex

309 3735 600 3795 instituto
660 3740 754 3794 est
808 3752 1036 3805 sermo,
1072 3733 1151 3794 ad
1209 3733 1419 3814 quem
1455 3735 1722 3796 necdum
1780 3740 2142 3814 assumptus
2199 3735 2620 3813 Gregorius.»
2687 3735 2931 3796 Addere
2992 3737 3199 3805 liceat,
3236 3755 3348 3796 nec
3403 3752 3731 3796 assumen-

310 3815 460 3875 dum
518 3832 584 3875 se
629 3819 780 3875 tunc
814 3814 1176 3895 cogitabat.
1212 3816 1509 3888 Quamvis
1564 3816 1781 3876 Billius
1835 3816 1898 3875 in
1953 3821 2326 3895 argumento
2376 3816 2566 3894 hujus
2623 3816 2948 3889 orationis,
2984 3818 3073 3876 uti
3131 3823 3192 3876 et
3248 3817 3310 3876 in
3373 3816 3733 3876 summariis

312 3914 386 3955 ac
443 3895 606 3956 notis
657 3894 914 3976 passim,
950 3896 1243 3969 affirmet,
1280 3896 1381 3955 hic
1416 3919 1445 3950 «
1504 3898 1735 3976 exponi
1791 3894 2182 3957 causas’cur
2237 3897 2604 3975 episcopatu
2662 3897 2994 3974 repudiato
3044 3898 3107 3956 in
3166 3902 3429 3957 l'ontum
3493 3899 3731 3973 Grego—

315 3976 445 4035 rius
502 3975 769 4053 fugerit;
830 3999 861 4031 υ
924 3982 988 4035 et
1043 3976 1184 4036 ideo
1237 3977 1469 4054 fugisse
1527 3979 1695 4047 quod
1759 4000 1789 4031 «
1846 3984 2077 4055 praeter
2131 3977 2494 4055 opinionem
2555 3976 2635 4037 ad
2693 3978 3127 4055 episcopatum
3188 3977 3725 4054 postulabatur.|»

308 4059 380 4117 In
465 4056 751 4137 eamdem
827 4054 1188 4137 opinionem
1273 4056 1595 4137 inductus,
1674 4054 1937 4117 forsitan
2011 4057 2090 4117 ab
2174 4054 2543 4135 interprete,
2602 4058 2852 4117 videtur
2910 4054 3328 4135 ’Augustinus
3391 4058 3564 4137 (Μ’),
3623 4057 3734 4135 qui

308 4141 646 4215 postquam
704 4135 931 4217 iterum
992 4136 1185 4195 verba
1241 4136 1525 4214 Gregorii
1581 4157 1655 4198 ex
1715 4137 2091 4217 Apologetz'co
2147 4138 2492 4215 descripsit,
2556 4137 2928 4215 subjungit:
2978 4162 3007 4192 «
3069 4140 3215 4198 Haec
3270 4135 3528 4199 dicebat
3577 4138 3731 4197 bea-

313 4224 414 4276 tus
472 4215 831 4296 Gregorius,
894 4234 1021 4275 non
1078 4218 1245 4296 inter
1316 4217 1630 4295 principia
1685 4215 2144 4278 emendationis
2201 4236 2354 4285 suae,
2388 4218 2496 4276 sed
2557 4217 2690 4294 jam
2750 4220 3102 4296 episcopus.
3171 4242 3199 4271 ››
3263 4220 3423 4289 Quin
3482 4225 3545 4278 et
3598 4220 3733 4296 ipse

313 4296 607 4357 Petavius
664 4294 810 4374 (35).
869 4302 1090 4356 contra
1149 4294 1549 4367 Salmasium,
1612 4297 1900 4357 adductis
1984 4317 2061 4359 ex
2134 4298 2529 4375 apologetico
2604 4294 2995 4369 testimoniis,
3059 4304 3323 4358 conatur
3402 4294 3733 4360 ostendere

317 4376 814 4458 «episcopatum
847 4398 878 4430 »
914 4377 1283 4458 aGregorio
1342 4383 1635 4438 vocatum
1692 4378 1924 4438 ibidem
1980 4400 2009 4436 ‹‹
2057 4378 2505 4458 principatum,
2574 4377 3036 4456 magistratum,
3098 4380 3561 4457 praefecturam,
3620 4378 3734 4438 im-

316 4456 579 4534 perium,
641 4476 671 4514 n
733 4460 882 4526 etc.,
933 4457 1221 4534 adeoque
1283 4480 1313 4511 «
1371 4460 1760 4519 curationem
1847 4456 2077 4531 solam,
2134 4459 2525 4535 simplexque
2612 4478 2840 4518 munus
2894 4482 2923 4513 »
2984 4456 3109 4518 non
3186 4477 3338 4520 esse.
3401 4461 3585 4520 Errat
3639 4459 3736 4519 vir

312 4537 559 4610 doctus,
593 4535 741 4595 dum
801 4542 980 4618 putat
1037 4537 1405 4615 Gregorium
1464 4540 1540 4599 de
1591 4541 1957 4618 episcopatu
2012 4539 2204 4600 verba
2264 4541 2503 4611 facere;
2540 4544 2604 4598 at
2662 4538 3071 4599 nihilominus
3127 4540 3380 4600 firmum
3438 4545 3564 4600 stat
3595 4539 3731 4617 ejus

312 4622 757 4699 argumentum
818 4616 1120 4678 adversus
1177 4618 1579 4699 Salmasium,
1631 4616 1767 4681 imo
1808 4616 2052 4680 firmius
2107 4619 2339 4680 evadit.
2408 4620 2643 4680 Etenim
2706 4620 2757 4679 si
2815 4619 3231 4681 sacerdotium
3288 4616 3639 4699 generatim
3695 4638 3734 4680 a

314 4698 614 4780 Gregorio
669 4698 905 4780 dictum
979 4705 1074 4758 est
1135 4718 1163 4756 α
1220 4698 1632 4778 principatus,
1698 4700 2123 4779 magistratus,
2190 4701 2586 4780 praefectura,
2652 4725 2679 4756 »
2743 4705 2889 4773 etc.,
2944 4709 3183 4779 quanto
3272 4698 3473 4779 magis
3530 4701 3595 4761 id
3654 4700 3734 4761 de

311 4779 679 4872 episcopatu
709 4778 831 4839 dici
861 4784 1068 4872 potest
1098 4779 1427 4872 ac‘debetl

391 4858 779 4939 Alii‘plures
860 4858 925 4919 in
1010 4859 1303 4920 eumdem
1387 4861 1716 4940 scopulum
1795 4861 2216 4939 impegerunt,
2293 4866 2363 4921 ut
2421 4860 2749 4920 crederent
2830 4877 2970 4920 cum
3055 4860 3263 4933 Billio,
3322 4861 3387 4921 in
3447 4858 3737 4937 Gregorii

309 4940 684 5021 {ipologetz'co
742 4940 833 5021 de
875 4940 1242 5021 episcopatu
1300 4959 1376 5002 ex
1428 4942 1715 5003 instituto
1773 4960 2127 5002 sermonem
2186 4961 2345 5013 esse,
2405 4959 2677 5019 quorum
2738 4958 3013 5001 errorem
3075 4941 3162 5001 sic
3216 4941 3491 5002 breviter
3546 4940 3735 5001 refel-

310 5019 519 5080 limus.
581 5020 916 5098 Gregorius
995 5020 1175 5080 initio
1232 5026 1297 5081 et
1356 5021 1420 5080 in
1478 5022 1602 5082 fine
1685 5023 1987 5083 orationis
2071 5023 2404 5102 profitetur
2438 5038 2525 5081 se
2580 5021 2896 5099 suscipere
2981 5022 3153 5101 quod
3209 5021 3738 5102 fugeratzigitur

377 5168 490 5295 (ξι)
523 5168 831 5226 Thomass.
866 5170 942 5225 De
987 5170 1116 5226 disc.
1151 5169 1278 5225 θεοὶ.
1321 5185 1455 5243 pag.
1487 5171 1540 5240 4,
1583 5170 1684 5226 lib.
1724 5190 1783 5226 11.
1821 5188 1871 5227 c.
1905 5173 1962 5240 7,

913 5184 942 5225 ε
987 5170 1116 5226 disc.
1151 5169 1278 5225 θεοὶ.
1321 5185 1455 5243 pag.
1487 5171 1540 5240 4,
1583 5170 1684 5226 lib.
1724 5190 1783 5226 11.
1821 5188 1871 5227 c.
1905 5173 1962 5240 7,
2153 5172 2269 5315 (29)
2310 5170 2536 5241 Prolog.

988 5310 1001 5315 -
2151 5244 2241 5315 (30
2295 5243 2390 5298 Or.
2422 5258 2460 5311 1,
2495 5258 2531 5296 n

315 5256 372 5294 η.
406 5241 477 5295 3.
1324 5241 1330 5242 ⁷
1409 5241 1423 5243 ἡ

1324 5241 1330 5242 ί
1409 5241 1423 5243 ἡ
2151 5241 2264 5297 (30)
2295 5243 2390 5297 Or.
2422 5258 2460 5297 1.
2495 5258 2553 5296 n.
2589 5242 2638 5295 1.

519 5308 698 5387 ῌ1ἰ33,
733 5328 856 5385 arg.
891 5310 1293 5387 inhancporat.

2151 5243 2264 5315 (30)
2295 5243 2390 5298 Or.
2422 5258 2460 5311 1,
2495 5258 2553 5296 n.
2589 5243 2639 5295 1.

1079 5316 1293 5387 legarat.
2149 5317 2263 5387 (3t)
2294 5316 2391 5369 Or.
2426 5330 2486 5383 11,
2520 5330 2577 5387 n_.
2614 5313 2702 5387 87.

378 5384 493 5525 £263
517 5382 675 5438 Orat.
709 5398 772 5453 II,
806 5382 869 5439 ii.
906 5384 1004 5439 111
1040 5389 1096 5440 et
1128 5385 1249 5441 112.

401 5456 469 5508 27
524 5454 622 5509 Or.
658 5470 722 5525 ιι.
750 5471 809 5508 n.
844 5456 928 5525 11.
1716 5523 1723 5525 Α
1955 5524 1961 5525 ί

1170 5386 1249 5441 12.
2148 5382 2260 5453 (32)
2292 5386 2375 5442 Ib.
2410 5382 2479 5439 n.’
2499 5385 2572 5439 79
2603 5385 2674 5440 ad
2705 5383 2793 5441 88.

1716 5523 1723 5525 4
1955 5524 1961 5525 ί
2148 5459 2260 5525 (33)
2296 5463 2364 5513 Ν.
2397 5458 2486 5511 90.

401 5454 493 5525 27)
524 5454 622 5509 Or.
658 5470 722 5525 ιι.
750 5471 809 5508 n.
844 5456 928 5525 11.
1716 5523 1723 5525 Α
1955 5524 1961 5525 ί

862 5456 928 5525 .1ι
1716 5523 1723 5525 Α
1955 5524 1961 5525 ί
2148 5459 2260 5525 (33)
2296 5463 2364 5513 Ν.
2397 5458 2485 5511 90.

521 5522 960 5615 "Eutpatvuuo'ti
990 5530 1258 5615 'Eocoﬁrov
1279 5525 1623 5615 ~&CP7)V€¢’O’EV,
1686 5523 1838 5615 (ξς-τε,
1873 5524 1962 5613 δξαί

475 5384 493 5597 ἔ

307 5592 767 5680 Ξινὰςπλήςίῆναι
792 5598 908 5680 ςῖῶἶ
930 5592 1627 5680 «illa:‘pixoaoglougiévmv
1679 5597 1752 5680 sic:
1782 5597 1930 5651 αὐτὸ)

1895 5599 1959 5680 5y,
2475 5602 2570 5680 013.
2605 5602 2736 5680 imp_.
2772 5602 2913 5680 mut:
2947 5601 3057 5655 Jul.
3096 5618 3152 5655 n.
3183 5602 3271 5680 δῇ,
3307 5619 3360 5680 p.
3396 5602 3518 5680 912ἶ

311 5665 380 5743 35'
411 5667 502 5743 ρῦς
533 5665 627 5721 καὶ·
652 5672 755 5743 ῖῆς
780 5665 1079 5743 ᾁτῑολογίᾳς
1113 5665 1525 5743 ἐδὲῃσφαύτῷν
1560 5668 1835 5741 δηλούσης
1867 5670 1931 5723 τά

2146 5665 2480 5743 (35)Ῥοίειν,
2512 5665 2591 5726 ὀε
2622 5665 2805 5727 εεὲίεδ.
2842 5672 2982 5727 hier.
3026 5681 3168 5728 cont.
3221 5665 3456 5729 Satmas.
3507 5671 3606 5725 lib.
3642 5687 3730 5743 111,

310 5735 485 5802 αἰτίας
514 5745 615 5808 τῆς
647 5735 921 5801 ἀπειθείας
953 5735 1043 5793 icti
1076 5744 1177 5808 τῆς
1210 5735 1431 5805 δειλίας.
1478 5735 1487 5743 ’
1515 5735 1522 5739 ⁷
1613 5735 1622 5741 ’
1794 5735 1802 5739 ’

975 5735 1043 5793 ἰαὶ
1076 5744 1177 5808 τῆς
1210 5735 1431 5805 δειλίας.
1478 5735 1522 5743 ’⁷
1613 5735 1622 5741 ’
1794 5735 1802 5739 ’
2074 5760 2123 5798 c.
2151 5735 2210 5816 Ὠ,
2240 5735 2301 5800 11.
2338 5745 2397 5799 11
2434 5748 2491 5799 et
2517 5744 2598 5797 12.

2148 5397 2163 5453 (

2148 5459 2164 5531 (

2146 5532 2160 5601 (

2146 5606 2160 5673 (

2146 5676 2161 5743 (

2244 5386 2260 5453 )

2167 5531 2257 5599 34)
2289 5530 2356 5584 N.
2392 5530 2484 5583 101
2526 5528 2598 5583 ad
2633 5527 2753 5582 109.

2168 5603 2256 5656 34*

2169 5674 2256 5743 35)
