4110 6432
420 398 533 460 413

1548 399 1843 464 ORATIO
1886 400 1964 462 II.
1999 431 2079 446 —
2103 397 2672 463 APOLOGETIGA.

3720 399 3840 458 414

420 530 494 592 ὡς
528 530 605 603 μὴ
645 529 788 605 μέγα
821 528 1063 602 νομίζειν
1110 529 1252 604 πάσῃ
1297 533 1498 606 γενητῇ
1547 530 1722 610 φύσει,
1755 532 1845 587 καὶ
1896 533 2059 587 ὁπωσ·

2188 536 2368 590 tatem
2400 536 2503 590 14
2536 550 2628 589 me
2684 533 2911 607 puduit.
2967 532 3093 589 Non
3146 532 3303 588 enim
3360 533 3441 588 ita
3486 530 3571 588 vel
3631 532 3843 589 divinae

420 623 514 673 οὖν
547 622 662 694 (79)
692 617 1014 688 πλησιάζειν
1049 623 1163 691 Θεῷ
1190 620 1270 691 τῷ
1306 620 1457 694 μόνῳ
1489 623 1771 699 φανοτάτῳ
1810 623 1897 678 καὶ
1932 621 2073 695 λαμ-

417 708 697 784 προτάτῳ,
747 708 835 762 καὶ
886 708 1204 783 ὑπερέχοντι
1256 711 1434 779 πάσης
1485 710 1682 781 ὑλικῆς
1729 733 1787 767 τε
1840 714 1952 787 (80)
1983 710 2073 766 καὶ

418 795 591 852 ἀΰλου
620 795 828 871 φύσεως
857 796 1207 873 καθαρότητι.

2186 622 2589 692 sublimitatis,
2624 622 2711 678 vel
2744 623 3017 678 humanae
3048 621 3389 694 pusillitatis
3416 622 3657 693 ignarus
3680 638 3839 689 sum,

2186 713 2326 785 quin
2353 729 2633 783 magnum
2657 729 2786 768 esse
2807 712 3135 768 existimem
3159 711 3319 766 omni
3342 717 3656 782 procreatae
3678 715 3845 766 natu-

2183 819 2280 868 rae,
2316 803 2387 857 ad
2420 802 2621 868 Deum,
2658 802 2757 873 qui
2793 800 2954 856 solus
2972 800 3338 855 clarissimus
3362 804 3418 855 et
3442 799 3846 873 splendidissl:

420 905 556 944 mus
586 892 693 950 est,
728 892 1118 960 naturamque
1147 905 1403 958 omnem,
1437 894 1562 946 tum
1598 892 1840 948 materia
1882 895 2270 957 constantem,
2306 895 2434 946 tum
2466 909 2499 945 a
2531 891 2775 946 materia
2805 894 3109 956 secretam,
3140 890 3394 961 puritate
3438 894 3697 961 superat,
3757 869 3847 943 vel

421 994 652 1048 quoquo
683 978 854 1032 modo
882 978 1374 1049 appropinquare.

490 1065 551 1127 ς’.
587 1063 653 1120 Τί
683 1061 772 1117 οὖν
827 1062 967 1118 ἐστιν
1018 1064 1047 1119 ’ὁ
1097 1064 1337 1120 πέπονθα
1370 1085 1382 1136 ;
1415 1068 1505 1121 καὶ
1553 1067 1635 1129 τίς
1684 1068 1713 1121 ὁ
1763 1066 1927 1143 λόγος
1968 1075 2069 1137 τῆς

415 1152 552 1225 ἐμῆς
611 1152 935 1221 ἀπειθείας;
982 1152 1123 1211 Οὐδὲ
1170 1156 1273 1229 γὰρ
1333 1154 1490 1227 ἔδοξα
1544 1162 1663 1219 τοῖς
1720 1156 1958 1219 πολλοῖς
2016 1156 2067 1211 ἐν

412 1239 631 1313 ἐμαυτῷ
656 1242 781 1296 τότε
817 1243 1012 1315 μένειν,
1045 1241 1159 1297 οὐδ’
1189 1245 1323 1298 εἴναι
1382 1244 1562 1321 ὥσπερ
1614 1247 1725 1318 (81)
1778 1245 2067 1321 ἐγινωσκό-

412 1352 544 1402 μην,
576 1328 706 1385 ἀλλ’
744 1327 932 1407 ἕτερος
978 1332 1029 1402 ἐξ
1078 1333 1263 1408 ἑτερου
1310 1355 1393 1396 τις
1435 1334 1732 1409 γεγονέναι,
1777 1335 2064 1391 καὶπλέον

407 1420 443 1487 ἢ
497 1419 683 1481 καλῶς
742 1419 887 1496 εἶχεν
944 1421 1255 1475 ἀντιτείνειν
1314 1423 1403 1476 καὶ
1457 1421 1868 1493 αύθαδιάζεσθαι
1930 1426 2063 1497 (82).

406 1507 611 1563 Τούτου
646 1506 709 1578 δή
742 1510 839 1571 τὰς
873 1510 1046 1572 αἰτίας
1079 1510 1319 1565 ἀκούοιτ’
1352 1511 1412 1565 ἂν
1455 1509 1565 1583 ἤδη
1617 1513 1789 1568 πάλαι
1841 1516 2067 1569 ποθοῦν-

404 1618 514 1659 τες.
551 1596 805 1654 Μάλιστα
841 1599 934 1672 μὶν
966 1603 1045 1671 τῷ
1077 1596 1333 1672 ἀδοκήτῳ
1365 1599 1618 1677 πληγεὶς,
1655 1602 1835 1678 ὥσπερ
1868 1605 1919 1656 οἱ
1950 1609 2066 1665 τοῖς

406 1684 700 1764 αἷφνιδίοις
771 1692 880 1741 τῶν
935 1688 1123 1766 ψόφων
1174 1689 1629 1765 καταπλαγέντες,
1688 1691 1748 1745 ού
1797 1691 2061 1767 κατέσχον

398 1774 528 1838 τοὺς
557 1774 881 1851 λογισμούς·
923 1776 1011 1831 καὶ
1046 1774 1134 1832 διὰ
1181 1783 1340 1833 τοῦτο
1389 1776 1557 1834 ἔλυσα
1607 1789 1705 1849 τήν
1759 1778 1895 1835 αἰδῶ
1927 1784 2060 1855 (83),

402 1865 575 1919 πάντα
629 1866 720 1919 τὸν
778 1866 979 1941 χρόνον
1028 1866 1194 1941 ταύτῃ
1243 1867 1668 1941 συνειθισμὲνυς.
1722 1870 1944 1925 Ἐπειτά
1996 1872 2063 1944 με

2251 1069 2523 1134 VLQuid
2569 1069 2748 1141 igitur
2804 1068 2949 1123 illud
3009 1072 3115 1134 est,
3178 1068 3334 1139 quod
3386 1065 3531 1123 mihi
3584 1064 3838 1121 accidit?

2181 1159 2860 1230 quequeinobedientias
2901 1174 3041 1212 meae
3095 1173 3272 1212 causa
3321 1155 3476 1211 fuit?
3528 1154 3836 1210 Permultis

2180 1249 2337 1302 enim
2369 1252 2508 1303 tunc
2541 1266 2573 1303 a
2607 1265 2697 1303 me
2728 1263 2962 1319 quoque
2992 1247 3119 1317 ipso
3151 1246 3470 1302 descivisse
3500 1245 3661 1300 visus
3678 1260 3833 1311 sum,

2181 1353 2286 1391 nec
2306 1336 2388 1401 id,
2421 1337 2575 1407 quod
2609 1336 3007 1404 existimabar,
3042 1351 3193 1398 esse,
3245 1351 3446 1388 verum
3493 1350 3558 1388 ex
3613 1332 3725 1388 alio
3774 1332 3834 1387 in

2180 1425 2360 1482 alium
2394 1425 2727 1497 quempiam
2762 1426 3071 1496 migrasse,
3104 1440 3169 1479 ac
3194 1423 3325 1495 plus
3350 1440 3514 1494 aequo
3537 1421 3831 1488 reluctari,

2177 1516 2472 1587 nimisque
2501 1515 2848 1587 pertinacem
2884 1529 2976 1567 me
2999 1514 3275 1585 praebere.
3303 1512 3492 1582 Hujus
3512 1510 3712 1582 itaque
3752 1511 3832 1566 rei

2178 1621 2407 1672 causas,
2433 1604 2786 1675 jampridem
2816 1603 2981 1658 avide
3013 1602 3319 1672 expetitas,
3351 1600 3614 1672 accipite.
3649 1600 3835 1655 Maxi-

2178 1710 2269 1749 me
2304 1695 2541 1764 quidem
2575 1693 2872 1762 inopinato
2904 1693 2981 1747 rei
3009 1695 3213 1747 eventu
3250 1689 3575 1761 perculsus,
3627 1705 3833 1759 quem-

2177 1786 2495 1842 admodum
2525 1785 2623 1857 qui
2658 1786 2727 1838 ad
2762 1783 3097 1855 repentinos
3130 1780 3359 1836 sonitus
3393 1785 3551 1835 metu
3612 1779 3832 1851 percel-

2175 1874 2397 1945 luntur,
2431 1875 2715 1929 rationem
2749 1877 2947 1928 tenere
2991 1888 3107 1927 non
3162 1870 3360 1942 potui:
3425 1886 3491 1925 ac
3532 1874 3836 1941 propterea

403 1974 487 2015 τις
541 1954 783 2027 ὑπεισῄει
834 1953 970 2030 ἔρως
1022 1959 1076 2027 (8
1116 1962 1135 2026 )
1182 1960 1279 2010 τοῦ
1327 1957 1500 2011 καλοῦ
1548 1965 1649 2027 τῆς
1699 1958 1935 2034 ἡσυχίας
1976 1934 2059 2014 καί

2180 1965 2481 2036 pudorem,
2516 1962 2609 2018 cui
2641 1979 2743 2034 per
2767 1978 2940 2017 omne
2969 1962 3096 2015 vitae
3154 1964 3387 2030 tempus
3434 1974 3831 2027 assueveram,

402 2049 505 2111 τῆς
546 2042 971 2119 ἀναχωρήσεως·
1023 2047 1089 2114 ἧς
1139 2044 1368 2120 ἐραστὴς
1419 2046 1708 2120 γενόμενος
1760 2046 1810 2118 ἐξ
1860 2048 2063 2124 ἀρχῆς,

405 2131 479 2193 ὡς
511 2132 610 2187 οὐκ
636 2130 739 2186 οἶδ’
770 2130 926 2195 εἶ¹τις
959 2132 1130 2195 ἄλλος
1177 2138 1284 2188 τῶν
1335 2135 1459 2211 περὶ
1502 2134 1702 2210 λόγους
1878 2137 2065 2192 ἐσπου-

403 2218 644 2276 δακότων
677 2223 812 2297 (86),
862 2222 951 2277 καὶ
1001 2224 1067 2293 ἦν
1116 2222 1166 2277 ἐν
1195 2229 1313 2286 τοῖς
1349 2224 1621 2301 μεγίστοις
1671 2227 1759 2280 καὶ
1801 2225 2061 2301 χαλεπω-

399 2311 586 2373 τάτοις
614 2308 887 2374 κινδύνοις
932 2313 1420 2389 καθυποσχόμενος
1466 2319 1546 2386 τῷ
1576 2320 1710 2386 Θεῷ,
1746 2319 1835 2370 καί
1864 2338 1917 2371 τι
1948 2318 2062 2391 (87)

400 2399 492 2452 καὶ
539 2402 958 2475 προσαψάμενος
1007 2401 1233 2472 ταύτης,
1287 2401 1409 2457 ὅσον
1465 2403 1515 2457 ἐν
1568 2404 1863 2480 προθύροις
1912 2405 2059 2481 γενέ.-

405 2488 573 2559 σθαι,
633 2488 724 2542 καὶ
781 2487 1006 2544 πλείονά
1086 2511 1176 2562 μοι
1236 2490 1327 2544 τὸν
1406 2492 1572 2546 πόθον
1631 2492 1918 2570 ἐξαφθῆναι
1973 2491 2063 2548 διὰ

402 2582 505 2645 τῆς
553 2575 763 2653 πείρας,
816 2577 915 2632 οὐκ
957 2575 1157 2655 ἤνεγκα
1207 2580 1641 2656 τυραννούμενος
1695 2582 1785 2636 καὶ
1834 2582 1909 2644 εἲς
1965 2582 2057 2655 μὲ-

402 2687 527 2727 σους
555 2666 685 2728 τοὺς
715 2662 980 2739 Θορύϐους
1009 2667 1342 2743 ὠθούμενος,
1373 2670 1463 2725 καὶ
1515 2671 1628 2726 οἷον
1661 2671 1765 2726 ἀπὸ
1806 2673 1953 2747 ἱεροῦ
1984 2694 2062 2727 τι-

397 2776 492 2817 νος
553 2754 759 2810 ἀσύλου
816 2760 911 2811 τοῦ
977 2757 1097 2831 βίου
1153 2757 1351 2813 τούτου
1408 2761 1545 2835 πρὸς
1610 2760 1727 2836 βίαν
1790 2762 2062 2816 ἀποσπώη

406 2843 559 2917 μένος
571 2888 582 2900 .

478 3023 545 3077 Ζ’.
580 3020 744 3079 Οὐδὲν
774 3026 877 3100 γὰρ
911 3022 1084 3081 ἐδόκει
1133 3048 1227 3101 μοι
1274 3027 1522 3084 τοιοῦτον
1554 3031 1667 3083 οἷον
1704 3028 1940 3103 μύσαντα
1968 3030 2059 3093 τὰς

408 3110 704 3183 αἰσθήσεις,
739 3112 837 3182 ἔξω
870 3116 1066 3190 σαρκὸς
1116 3115 1205 3169 καὶ
1236 3116 1447 3190 κόσμου
1498 3118 1783 3195 γενόμενον
1816 3122 1949 3192 (88),
1983 3120 2057 3182 εἷς

408 3200 591 3255 ἑαυτὸν
624 3202 1006 3281 συστραφέντα,
1054 3202 1285 3277 μηδενὸς
1333 3211 1440 3261 τῶν
1484 3207 1836 3282 ἀνθρωπίνων
1889 3229 2056 3284 προσ-

2176 2052 2317 2109 solvi
2357 2070 2422 2107 ac
2472 2050 2723 2124 pr0puli.
2788 2050 3009 2106 Deinde
3066 2047 3330 2104 animum
3379 2046 3616 2103 subibat
3669 2064 3835 2102 amor

2174 2141 2416 2212 quidam
2451 2140 2611 2196 illius
2642 2139 2799 2206 boni,
2834 2138 2988 2211 quod
3045 2137 3106 2192 in
3156 2137 3348 2209 quiete
3394 2152 3461 2191 ac
3517 2135 3833 2191 solitudine

2172 2231 2362 2286 inest:
2397 2247 2575 2302 quam
2605 2246 2740 2285 cum
2778 2229 2899 2299 jam
2955 2227 3092 2282 inde
3125 2227 3196 2282 ab
3221 2226 3386 2281 initio
3435 2226 3830 2293 adamassem,

2173 2318 2327 2374 sicut
2358 2319 2449 2373 vix
2474 2318 2769 2390 quispiam
2794 2317 2948 2372 alius
2979 2331 3203 2387 eorum,
3228 2315 3325 2387 qui
3357 2314 3567 2369 litteris
3594 2330 3831 2384 operam

2172 2408 2481 2472 dederunt,
2512 2423 2754 2477 eamque
2784 2407 2843 2461 in
2871 2408 3143 2461 maximis
3174 2404 3659 2478 gravissimisque
3681 2402 3832 2474 peri-

2172 2496 2318 2552 culis
2353 2502 2465 2552 Deo
2496 2496 2804 2562 vovissem,
2839 2496 2955 2551 imo
2980 2496 3105 2566 jam
3147 2511 3274 2550 eam
3300 2510 3534 2566 quoque
3566 2490 3832 2548 nonnihil

2171 2586 2520 2656 attigissem,
2563 2585 2847 2640 hactenus
2899 2584 3140 2654 scilicet,
3200 2587 3265 2637 ut
3320 2582 3476 2637 velut
3518 2581 3576 2635 in
3629 2580 3833 2637 limine

2170 2691 2383 2746 essem,
2414 2683 2585 2745 atque
2616 2691 2685 2730 ex
2712 2674 2839 2745 ipso
2871 2678 3047 2745 gustu
3081 2674 3303 2743 majore
3334 2671 3625 2727 desiderio
3665 2688 3829 2727 exar-

2171 2765 2403 2834 sissem,
2433 2782 2548 2819 non
2572 2764 2680 2819 tuli
2708 2781 2801 2818 me
2822 2764 2980 2817 velut
3010 2762 3318 2835 tyrannide
3342 2762 3593 2833 quadam
3620 2761 3825 2831 premi,

2171 2860 2347 2925 atque
2368 2854 2427 2907 in
2458 2853 2682 2908 medios
2713 2853 3011 2907 tumultus
3041 2850 3286 2922 impelli,
3321 2851 3393 2904 ab
3429 2850 3650 2920 hacque
3688 2849 3825 2917 vita,

2169 2942 2409 3014 perinde
2440 2946 2609 3013 atque
2642 2942 2713 2996 ab
2746 2940 2905 3012 asylo
2937 2942 3190 3012 quodam
3222 2955 3325 3011 per
3343 2939 3459 2992 vim
3492 2937 3681 2993 avelli.

2242 3033 2365 3086 VII.
2392 3030 2546 3085 Nihil
2566 3030 2722 3086 enim
2746 3029 2891 3084 mihi
2911 3034 3025 3084 tam
3045 3029 3371 3100 optandum
3396 3026 3666 3097 cuiquam
3699 3044 3827 3083 esse

2168 3121 2491 3188 videbatur,
2526 3137 2703 3192 quam
2736 3124 2801 3174 ut
2829 3118 3080 3175 occlusis
3110 3118 3404 3185 sensibus,
3437 3122 3611 3189 atque
3669 3122 3829 3172 extra

2169 3228 2404 3266 carnem
2439 3210 2844 3279 mundumque
2876 3208 3123 3280 positus,
3157 3211 3214 3263 et
3243 3208 3301 3262 in
3341 3208 3603 3278 seipsum
3654 3205 3826 3262 colle-

405 3289 729 3363 απτόμενον,
764 3289 845 3345 δτι
882 3294 957 3365 μὴ
990 3300 1134 3348 πᾶσα
1184 3293 1410 3371 ἀνάγκη,
1459 3296 1632 3368 ἑαυτῷ
1680 3297 2054 3371 προσλαλοῦν-

2180 3305 2323 3366 stus,
2346 3317 2472 3365 nec,
2489 3299 2601 3354 nisi
2626 3302 2911 3371 quantum
2935 3297 3254 3353 necessitas
3276 3296 3469 3367 exigit,
3500 3296 3824 3368 quidquam

400 3400 466 3433 τα
495 3380 585 3433 καὶ
615 3384 693 3452 τῷ
724 3386 863 3453 Θεῷ,
915 3386 1009 3457 ζῇν
1066 3384 1197 3459 ὑπὲρ
1243 3386 1311 3438 τὰ
1339 3386 1608 3461 ὁρώμενα,
1644 3387 1733 3441 καὶ
1776 3389 1870 3449 τὰς
1911 3387 2058 3452 θείας

403 3466 661 3544 ἐμφάσεις
709 3469 790 3524 ἀεὶ
839 3472 1075 3548 καθαρὰς
1129 3473 1179 3527 ἐν
1232 3473 1405 3547 ἑαυτῷ
1454 3475 1629 3551 φὲρειν
1690 3476 1906 3553 ἀμιγεῖς
1952 3480 2059 3532 τῶν

399 3555 545 3613 κάτω
595 3562 964 3635 χαρακτήρων
1010 3562 1100 3617 καὶ
1147 3561 1545 3637 πλανωμένων,
1579 3560 1745 3629 ὅντως
1795 3565 2055 3642 ἔσοπτρον

398 3645 743 3718 ἀκηλίδωτον
775 3654 909 3705 Θεοῦ
962 3650 1049 3705 καὶ
1098 3656 1206 3707 τῶν
1256 3652 1413 3708 θείων
1466 3654 1555 3709 καὶ
1604 3653 1662 3709 ὃν
1714 3658 1825 3729 (89)
1856 3656 1943 3710 καὶ
1975 3656 2057 3710 ἀεὶ

469 3774 511 3810 ⁸³
548 3777 569 3830 Ι
600 3775 731 3831 Cor.
765 3793 876 3843 xiv,
909 3778 998 3832 28.

401 3898 511 3953 alia
541 3900 823 3979 decausa
854 3901 1034 3979 fieret.
1075 3902 1629 3979 HincuAugustinus,
1662 3922 1752 3979 ep.
1808 3905 1880 3961 al.
1930 3908 2055 3979 448,

401 3923 511 3953 aua
541 3923 611 3954 ue
644 3923 823 3955 causa
854 3923 1034 3958 ﬂeret.
1075 3923 1214 3957 nino
1246 3923 1629 3977 Augusunus,
1662 3923 1691 3961 e
1740 3948 1752 3960 .
1808 3923 1880 3961 al.
1930 3923 2055 3979 148,

401 3987 554 4026 nunc
578 3972 723 4053 21‘.'«
756 3973 1365 4053 Multissermonibus,
1389 3978 1487 4053 qui
1515 3979 1583 4031 ad
1619 3923 1834 4053 vulnus
1859 3995 2057 4035 meum

405 4058 517 4124 non
542 4045 916 4124 pertinerent,
939 4045 1207 4124 dolorem
1243 4045 1439 4102 meum
1466 4049 1621 4124 b_ono_
1639 4051 1835 4104 animo
1858 4067 2059 4106 conso-

407 4112 507 4167 lati
539 4119 695 4169 sunt.
721 4137 748 4164 ››
780 4117 984 4194 Oneris
1019 4117 1287 4194 videlicet
1318 4120 1786 4194 magnitudinem
1806 4122 1890 4176 vir
1909 4124 2056 4194 opti-

407 4136 507 4167 iau
539 4136 695 4169 sunt.
721 4137 748 4164 ››
780 4136 984 4172 uneris
1019 4136 1287 4174 vmeucet
1318 4137 1413 4174 ma
1459 4136 1786 4176 nituainem
1806 4139 1890 4176 Vir
1909 4136 2055 4194 opti-

405 4201 632 4269 musnac
652 4204 899 4269 summa
931 4136 1577 4269 humilitateprmgitus
1604 4194 2055 4269 extimescebat;

604 4260 1030 4384 uttambitionis
1051 4264 1253 4317 morbo
1275 4256 1567 4320 laboranti
1591 4266 1945 4321 medicinam
1964 4256 2058 4322 ad;

445 4347 459 4383 ι
505 4346 535 4384 e
582 4346 653 4384 an
690 4373 701 4384 .

445 4346 701 4385 ιοεοᾶοῑ.

433 4400 940 4485 ?(79‘)_'(.)1twaoi$v
1029 4403 1241 4476 Scripti
1328 4406 1557 4462 codices
1652 4406 1823 4480 vulgo
1908 4406 2058 4470 ὅπως

403 4473 490 4522 οὖν
526 4473 784 4527 divisim.

613 4542 930 4620 ίΤλικῆςτε
962 4546 1048 4620 Ita
1080 4546 1220 4620 Reg.
1256 4563 1389 4602 cum
1425 4548 1685 4620 quinque
1710 4548 1869 4605 Colb.

493 4615 582 4686 81)
612 4614 807 4691 Ὠσπερ
840 4618 1010 4673 Cois].
1054 4621 1099 4685 ι,
1132 4614 1286 4693 ὅπερ.
1336 4614 1457 4675 εἶθ’
1487 4614 1648 4676 Coll).
1697 4623 1751 4675 5.
1798 4621 1915 4677 Jes.
1967 4619 2057 4675 ὅσ-

402 4703 522 4757 περ.

472 4754 583 4826 (82)
615 4754 1056 4828 Αύᾼθαδιάζεσθαι.
1091 4759 1243 4815 Cois]
1303 4763 1325 4815 1
1362 4765 1417 4816 et
1444 4764 1497 4828 2,
1534 4761 1691 4818 Colb.
1718 4765 1769 4817 3.

471 4828 579 4903 (83)
614 4826 759 4883 A2860
792 4831 1029 4903 codices
1063 4832 1328 4887 nonnulli
1364 4833 1447 4888 sic
1479 4826 1719 4903 acuunt,
1752 4831 1891 4888 αἱδώ

472 4901 581 4971 (84)
612 4903 792 4984 Ἔρως
825 4902 920 4984 S_ic
954 4904 1261 4984 legendum
1291 4922 1358 4959 ex
1390 4905 1520 4961 aliis
1554 4901 2056 4984 GregoriiLverbis

406 4969 593 5027 forsan
619 4969 752 5050 quis
771 4969 1141 5031 inferat.Mox
1164 4992 1439 5047 namque,
1466 4979 1635 5049 quasi
1658 4969 1901 5050 repetita
1918 4994 2056 5050 voce

400 5057 690 5122 quausus
724 5046 1503 5122 fuerattnpmeroproxime
1534 5046 1800 5122 sequenti
1835 5052 1915 5104 ait
1944 5067 1957 5106 :
1994 5046 2061 5104 Ei’

394 5130 475 5173 τις
507 5113 656 5191 ὑμῷν
685 5115 863 5191 τούτῳ
893 5119 977 5191 τῷ.
1000 5113 1847 5191 ἔρωτιίνὸιιυωίιιωοῐιόωηεε
1875 5139 2055 5191 manu

394 5189 614 5266 exarati
646 5187 898 5266 codices,
931 5187 977 5243 si
1013 5187 1406 5266 paucissimos
1434 5194 1711 5266 excipias,
1766 5210 1868 5266 pro
1918 5187 2056 5264 ἔρως

393 5255 630 5329 habent,
664 5256 838 5321 ἕλεος.
874 5234 1217 5333 ipserBilius
1248 5264 1530 5336 agnoscit,
1562 5234 1917 5338 lquiﬁinvmar
1948 5234 2055 5320 rinsi

394 5329 487 5383 ed.
520 5330 696 5387 Basil.
732 5333 1005 5390 scripsit:
1039 5328 1193 5390 ἕλεος
1227 5336 1285 5388 in
1314 5337 1597 5390 antiquis:
1632 5342 1689 5390 et
1719 5337 1871 5390 infra
1899 5282 2055 5390 ἕλεος

394 5329 487 5413 ed;
520 5330 696 5413 Basil..
732 5328 1005 5413 scripsit:
1039 5328 1193 5413 ἕλεος
1227 5328 1600 5413 [τζαηείᾳιιίεξ
1632 5342 1689 5392 et
1719 5337 1871 5393 infra
1899 5328 2055 5413 ἕλεος

392 5399 690 5483 τοῖἠκαλοξ)
720 5399 927 5483 miri:
958 5403 1195 5479 ἡσυχίας
1227 5399 1484 5483 S__i_roges
1516 5399 1630 5480 quo
1659 5426 1864 5483 gsensa
1909 5409 2053 5465 Gre-

396 5472 596 5571 gqrigs
623 5472 1142 5571 gizerizt‘ileoc.,;§o
1174 5472 1418 5561 scilicet:
1452 5472 1623 5571 quem
1659 5480 1909 5571 Basilius
1956 5497 2053 5567 ex-

397 5544 598 5627 ponit:
623 5544 772 5627 Τίνος
804 5545 958 5627 ἕλεας
991 5564 1019 5627 ξ,
1041 5544 1519 5627 Ἐμαυτοξιφήσῖ,
1554 5548 1670 5604 ο⁹ίου
1701 5548 1894 5621 καλοῦ,
1954 5556 2052 5620 τῆς

395 5613 964 5703 ἡσυχίαςάναχξυρεῖν
994 5613 1251 5703 ξμελιλον.
1274 5613 1349 5703 .Ιᾶ
1376 5613 1464 5703 est
1487 5613 1555 5681 ;’‹‹
1588 5613 2052 5703 Cu_jusnam_mi-

393 5690 708 5769 sericordia
724 5690 872 5749 ΠΙθί
894 5692 1644 5769 ipsius,_inquiun_t,quanto
1659 5690 2050 5769 bono,quiete.

390 5764 685 5819 cariturus
707 5780 899 5821 essem
930 5764 1262 5822 attendens.
1289 5786 1317 5816 »
1368 5764 1462 5823 Sic
1495 5766 1769 5839 Basilius,
1803 5764 1903 5841 qui
1938 5784 2053 5823 non

2168 3389 2563 3444 humanarum
2595 3404 2787 3442 rerum
2813 3387 3130 3459 attingens,
3164 3391 3338 3459 atque
3366 3402 3563 3440 secum
3595 3384 3741 3457 ipse,
3770 3387 3826 3439 et

2169 3495 2302 3532 cum
2336 3478 2450 3532 Deo
2475 3476 2816 3548 colloquens
2844 3477 2911 3543 3*,
2946 3475 3306 3547 superiorem
3340 3476 3411 3530 iis
3459 3476 3655 3539 rebus,
3700 3490 3823 3544 quis

2168 3566 2226 3621 in
2254 3570 2554 3637 aspectum
2578 3566 2815 3631 cadunt,
2840 3565 3017 3620 vitam
3043 3568 3195 3635 agat,
3222 3562 3569 3633 divinasque
3602 3563 3825 3634 species

2170 3671 2346 3727 puras
2370 3670 2623 3726 semper,
2648 3670 2751 3708 nec
2776 3654 3024 3708 terrenis
3044 3651 3179 3708 ullis
3194 3657 3250 3707 et
3268 3652 3605 3708 errantibus
3624 3651 3833 3706 formis

2170 3921 2337 3960 secus
2369 3921 2434 3959 ac
2462 3904 2729 3967 Ruﬁnus,
2772 3900 2871 3975 τήν
2927 3898 3303 3975 ἀναχώρησιν,
3342 3924 3362 3949 ι
3401 3900 3832 3975 αλὺοηοήιιυὶο-

2169 3978 2265 4045 tis,
2297 3999 2325 4025 ››
2354 3993 2455 4031 seu
2491 3993 2523 4030 a
2556 3973 2878 4029 monastica
2907 3973 3411 4045 vita'recessum,’
3438 3973 3827 4045 impedimen-

2168 4038 2294 4103 tum
2323 4048 2548 4101 videtur
2578 4045 2970 4117 interpretari.
2992 4045 3270 4117 Eamdem
3293 4044 3450 4099 vocis
3472 4038 3624 4102 ἔλεος
3652 4044 3829 4117 inter-

2169 4120 2551 4193 pretationem
2577 4115 2913 4199 suppeditat
2934 4115 3249 4241 Gregorius
3283 4120 3583 4188 Nyssenus
3605 4116 3828 4187 episco-

2171 4209 2279 4241 nus
2305 4197 2451 4241 orat.
2476 4192 2510 4241 5
2546 4191 2620 4241 De
2661 4190 2873 4241 beant:
2906 4185 3037 4241 Ἕλε
3075 4208 3098 4241 ς
3127 4186 3267 4240 ἐστιν
3297 4185 3538 4241 ἐπίτασις
3568 4194 3668 4241 τῆς
3700 4186 3828 4241 ἀγα-

2170 4185 2279 4263 pus
2305 4197 2453 4263 orat:
2476 4192 2510 4244 5
2534 4191 2620 4263 De
2654 4185 2873 4244 beatitd
2906 4185 3098 4263 Ἐλεός
3127 4186 3267 4263 ἐστιν
3297 4185 3538 4263 ἐπίτασις
3568 4185 3668 4250 τῆς
3700 4186 3833 4259 ἀγα-

2167 4256 2401 4329 πητικῆς
2434 4258 2722 4321 διαθέσεως
2752 4264 2830 4330 τῷ
2859 4260 2994 4313 κατά
3038 4260 3135 4327 τὴν
3187 4256 3366 4328 λύπην
3420 4260 3578 4323 πάθει
3621 4256 3835 4330 συμμε-

2172 4332 2455 4409 μιγμένηη
2477 4357 2501 4385 σι
2532 4333 2930 4409 Misericordia
2960 4338 3049 4387 est
3078 4333 3321 4409 intentio
3354 4336 3438 4409 et.
3467 4331 3831 4409 vehementia

2170 4403 2493 4462 affectionis
2539 4404 2843 4476 diligendi,
2914 4420 3047 4459 cum
3108 4405 3314 4459 alI‘ectu
3368 4403 3615 4459 tristitiae
3674 4420 3833 4476 come

2171 4479 2364 4534 mista.
2391 4500 2417 4526 »
2452 4476 2613 4532 Talis
2640 4475 2894 4547 profecto
2922 4480 3046 4531 erat
3077 4480 3206 4531 tum
3252 4476 3495 4532 affectus
3553 4475 3831 4546 Thcologi

2170 4568 2306 4621 ergo
2341 4548 2739 4621 solitudinem,
2776 4564 2955 4621 aqua
2984 4547 3244 4602 abstrahi
3285 4564 3348 4603 se
3380 4564 3481 4621 per
3508 4547 3625 4601 vim
3656 4552 3829 4621 atque

2170 4618 2335 4677 avélli
2364 4618 2776 4675 miserabiliter
2800 4619 3053 4673 dolebat.
3096 4622 3273 4673 Porro
3313 4642 3340 4668 «
3369 4620 3828 4674 misericordiam

2093 4678 2139 4743 Ι)
2170 4694 2231 4749 in
2263 4710 2325 4748 se
2356 4694 2550 4762 ipsum
2584 4690 2879 4762 quisque»
2910 4691 3099 4762 facere
3129 4694 3342 4761 potest,
3377 4694 3441 4744 ut
3488 4690 3824 4761 Augustini,

2171 4765 2273 4820 lib.
2298 4783 2333 4819 x
2355 4761 2426 4819 De
2448 4766 2578 4829 civ.,
2603 4761 2727 4834 cap.
2752 4761 2997 4834 6ivcrbis
3023 4762 3333 4831 utar,quod
3358 4765 3600 4816 sanctus
3624 4762 3827 4834 doctor

2168 4837 2261 4891 his
2291 4836 2600 4907 Scriptura)
2641 4833 2832 4907 verbis
2864 4834 3210 4907 conﬁrmat“:
3246 4854 3273 4881 ‹‹
3312 4834 3579 4889 Miserere
3613 4833 3822 4886 animae

2170 4914 2284 4963 tuae
2318 4904 2688 4978 placens‘DAco
2730 4905 2920 4978 (Eccli.
2956 4922 3085 4971 xxx,
3117 4904 3287 4978 24).»);

2239 4974 2350 5052 (85)
2381 4976 2518 5037 Τοὺς
2551 4974 2773 5052 λόγους.
2811 4977 3061 5032 Litteras
3096 4975 3354 5052 intellige
3386 4974 3831 5052 smculares,“et

2167 5047 2586 5122 eloquentiam,
2624 5047 2766 5122 utin
2799 5052 2946 5103 orat.
2979 5066 3077 5115 v11,
3116 5047 3188 5102 al.
3224 5064 3275 5115 x,
3312 5064 3475 5101 num.
3514 5049 3578 5101 16
3616 5051 3673 5101 et
3714 5048 3823 5114 20;

2166 5119 2305 5177 item
2341 5129 2485 5177 orat.
2524 5138 2677 5186 me,
2714 5119 2765 5174 al
2822 5137 2913 5173 xx.

2238 5194 2349 5265 (86)
2409 5190 2876 5265 Ἐσπουδακότων.
2926 5195 3090 5246 Deest
3136 5189 3205 5265 in
3265 5194 3486 5262 septem
3538 5190 3716 5263 Regg.
3769 5192 3826 5246 et

2167 5262 2425 5337 quinque
2458 5265 2641 5337 Colb.,
2672 5265 2811 5337 item
2843 5263 2903 5316 in
2945 5267 3092 5318 orat.
3127 5262 3176 5316 1.

2236 5325 2347 5409 (87)
2378 5334 2475 5391 Καί
2504 5356 2577 5390 τι.
2612 5325 2696 5393 ita
2753 5336 2888 5407 Reg.
2950 5351 2998 5403 r,
3058 5337 3171 5389 Jes.
3235 5337 3290 5388 et
3350 5332 3525 5388 Pass:
3587 5333 3677 5388 ed.
3736 5325 3827 5384 καί

2164 5427 2348 5605 το(88¹)
2379 5479 2509 5561 Ροεὶ
2532 5476 2841 5551 γενόμενον,
2876 5476 3095 5559 habent
3117 5475 3253 5531 editi
3279 5474 3388 5542 καί,
3426 5492 3601 5547 quam
3651 5490 3826 5530 vocu-

2165 5552 2280 5605 lam
2358 5552 2641 5605 elev1mus
2674 5552 3016 5604 auctoritate
3042 5564 3141 5603 sex
3173 5549 3341 5603 codd.
3378 5550 3553 5605 Rege.

2165 5548 2280 5607 lam
2318 5548 2641 5619 delevirnus
2666 5548 3016 5604 auctoritate
3042 5564 3141 5603 sex
3173 5549 3341 5603 codd.
3378 5550 3553 5619 Regg.

2240 5625 2350 5693 (80}
2388 5622 2481 5675 Καὶ
2514 5616 2593 5675 ὅν.
2630 5626 2713 5676 Ita
2730 5635 2934 5675 omnes
2959 5620 3142 5693 Regii.
3166 5620 3347 5693 Or.__l,
3371 5616 3527 5684 ὅθεῑᾷ
3549 5618 3707 5674 Colh.
3734 5633 3823 5693 se:

2166 5685 2344 5767 ptem.
2372 5694 2555 5767 Bilius
2582 5694 2639 5747 in
2665 5696 2954 5767 oralierv,
2990 5685 3226 5763 scripsit
3266 5685 3414 5760 ὄντα,
3450 5694 3603 5762 quod
3639 5687 3825 5745 secuti

2166 5763 2302 5822 sunt
2332 5766 2690 5823 Parisienses
2721 5763 2995 5819 editores.
