4110 6432
259 425 377 490 415

1509 428 1575 489 S.
1622 426 1996 491 GREGORII
2041 429 2435 493 THEOLOGI

3566 430 3695 493 416

261 558 563 630 admistas,
597 559 655 615 in
688 558 882 633 seipso
913 559 1303 629 circumferat,
1334 558 1554 630 Deique
1604 575 1668 614 ac
1718 576 1913 616 rerum

2044 559 2331 636 γινόμενον,
2381 563 2520 639 φωτὶ
2569 555 3067 638 προσλαμϐάνοντα
3118 564 3257 638 φῶς,
3306 561 3397 616 καὶ
3449 562 3693 639 ἀμαυρο-

263 647 592 704 divinarum
624 650 721 706 15
777 666 988 720 purum
1047 650 1285 705 omnino
1342 649 1647 722 speculum
1707 648 1804 713 sit,
1856 650 1915 705 in

262 739 507 811 diesque
545 740 853 810 efﬁciatur,
897 758 962 795 ac
1020 740 1209 796 lucem
1268 758 1368 813 pcr
1415 739 1603 795 lucem
1649 740 1915 811 excipiat,

260 827 567 884 clariorem
626 846 728 900 per
780 830 1215 886 obscuriorem:
1260 832 1503 901 jamque
1574 829 1755 884 futuri
1813 829 1917 883 (svi

260 918 481 972 bonum
506 934 608 990 spe
642 920 940 992 percipiat,
972 925 1028 975 et
1057 936 1191 975 cum
1251 919 1476 992 angelis
1521 922 1806 984 versetur,
1854 935 1920 973 ac

261 1004 398 1061 licet
427 1007 619 1062 adhuc
654 1008 711 1062 in
743 1009 914 1063 terris
946 1010 1042 1075 sit,
1104 1014 1321 1064 terram
1372 1009 1626 1078 deserat,
1683 1012 1857 1079 atque
1888 1024 1921 1061 a

264 1095 472 1167 spiritu
508 1114 744 1153 sursum
806 1096 1139 1153 collocetur.
1187 1098 1246 1153 Si
1305 1098 1438 1169 quis
1496 1101 1757 1153 vestrum
1811 1096 1920 1151 hoc

266 1198 464 1238 amore
492 1189 792 1254 correptus
841 1189 1086 1253 tenetur,
1150 1185 1291 1256 quid
1352 1185 1566 1254 dicam,
1624 1184 1917 1255 intelligit,

265 1273 441 1341 atque
470 1268 699 1325 allectui
731 1271 803 1338 ei,
837 1272 895 1326 in
929 1289 1104 1343 quem
1134 1277 1262 1328 tum
1294 1273 1493 1343 incidi,
1545 1272 1713 1328 facile
1763 1273 1921 1345 igno-

267 1362 407 1413 scet.
436 1362 581 1414 Nam
604 1362 757 1432 apud
778 1360 1088 1433 plerosque
1112 1379 1181 1417 ne
1203 1363 1376 1418 fidem
1392 1362 1627 1434 quidem
1652 1363 1917 1431 fortasse,

267 1447 385 1502 haec
414 1449 636 1519 dicens,
669 1451 999 1518 nanciscar,‘
1027 1451 1129 1522 qui
1160 1450 1305 1506 risui
1336 1452 1513 1507 etiam
1561 1456 1619 1506 et
1667 1450 1919 1506 ludibrio

260 1553 383 1592 rem
413 1553 541 1593 eam
573 1537 789 1594 habere
819 1540 1107 1606 videntur,
1140 1540 1292 1596 male
1346 1541 1548 1611 utique
1605 1557 1673 1596 ac
1732 1541 1920 1612 perni-

260 1626 415 1681 ciose
444 1626 670 1696 all‘ecti;
703 1627 822 1683 sive
854 1629 1102 1700 propriae
1133 1644 1335 1685 eorum
1368 1630 1636 1685 amentiae
1654 1629 1918 1685 tribuen-

260 1716 400 1770 dum
432 1715 527 1781 sit,
560 1716 680 1772 sive
710 1717 782 1773 iis
813 1718 1248 1786 ascribendum,
1287 1719 1387 1790 qui
1421 1735 1487 1775 eo
1520 1719 1649 1774 vitm
1686 1734 1915 1791 genere,

260 1804 416 1875 quod
443 1804 811 1876 proﬁtentur,
845 1806 1072 1879 indigni
1113 1811 1290 1863 sunt:
1343 1808 1442 1879 qui
1503 1808 1586 1863 rei
1637 1809 1803 1863 bonas
1852 1825 1919 1863 ac

258 1894 549 1967 praeclarae
579 1896 802 1952 malum
826 1915 1037 1953 nomen
1071 1899 1501 1971 imposuerunt,
1534 1898 1919 1971 philosophias

2026 651 2168 723 τέρῳ
2198 650 2540 727 τρανότερον,
2573 648 2683 720 ἤδη
2714 651 2776 705 τὸ
2797 654 2897 704 τοῦ
2933 648 3238 723 μέλλοντος
3263 649 3457 713 αἰῶνος
3482 652 3686 726 ἀγαθὸν

2026 744 2146 801 ταῖς
2178 738 2360 795 ἐλπίσι
2394 742 2507 813 (90)
2538 738 2941 815 καρπούμενον,
2975 739 3062 793 καὶ
3111 738 3541 815 συμπεριπολεῖν
3589 743 3685 819 ἀγ-

2026 827 2231 906 γέλοις,
2264 828 2341 883 ἔτι
2377 830 2508 905 ὑπὲρ
2550 836 2651 904 γῆς
2704 824 2831 883 ὄντα
2878 826 3244 883 καταλιπόντα
3293 830 3406 903 (91)
3432 830 3531 897 τὴν
3564 834 3686 906 γῆν,

2028 918 2117 972 καὶ
2178 918 2280 973 ὑπὸ
2352 923 2449 972 τοῦ
2530 916 2840 990 πνεύματος
2914 916 3025 972 ἄνω
3098 916 3428 989 τιθέμενον.
3490 917 3561 973 Ei’
3609 942 3695 982 τις

2032 1007 2183 1079 ὑμῶν
2236 1010 2348 1079 (92)
2384 1006 2565 1079 τούτῳ
2612 1011 2691 1078 τῷ
2742 1003 2904 1082 ἔρωτι
2955 1007 3212 1082 κάτοχος,
3265 1004 3413 1061 οἶδεν
3456 1009 3484 1063 ὃ
3517 1006 3691 1085 λόγω,

2029 1096 2118 1150 καὶ
2169 1100 2247 1167 τῷ
2276 1095 2398 1149 τότε
2444 1096 2599 1150 πάθει
2662 1097 3049 1171 συγγνώσεται’
3110 1095 3238 1157 τοὺς
3292 1095 3395 1171 γὰρ
3440 1096 3694 1160 πολλούς

2030 1182 2145 1239 οὐδ’
2174 1184 2232 1239 ἂν
2266 1186 2511 1257 πείσαιμι
2546 1184 2717 1260 λέγων
2774 1181 2924 1255 ἴσως,
2960 1184 3107 1246 ὅσοις
3158 1185 3247 1238 καὶ
3299 1185 3349 1239 ἐν
3392 1184 3594 1260 γέλωτι
3622 1189 3687 1242 τὸ

2029 1280 2253 1349 πρᾶγμα
2283 1271 2437 1328 δοκεῖ
2488 1276 2619 1346 (93),
2668 1278 2850 1335 κακῶς
2904 1271 3224 1328 διατεθεῖσιν
3276 1271 3379 1329 εἴτε
3429 1274 3528 1329 ὑπὸ
3577 1282 3681 1343 τῆς

2031 1360 2172 1424 ἰδίας
2205 1366 2315 1434 (94)
2364 1364 2537 1416 αὐτῶν
2586 1362 2791 1431 ἀνοίας,
2848 1360 2955 1416 εἶτε
3009 1363 3112 1416 ὑπὸ
3161 1367 3266 1417 τῶν
3315 1363 3538 1436 ἀναξίων
3584 1369 3683 1417 τοῦ

2031 1449 2442 1526 ἐπαγγέλματος
2515 1451 2567 1505 οἳ
2615 1452 2892 1526 πράγματι
2944 1450 3099 1523 καλῷ
3151 1453 3263 1524 (95)
3311 1452 3473 1505 κακὸν
3532 1473 3687 1528 περι-

2027 1540 2320 1595 τεθείκασιν
2353 1536 2544 1612 δίνομα,
2594 1542 2663 1613 τῇ
2709 1537 3007 1617 φιλοσοφίᾳ
3051 1540 3151 1608 τὴν
3196 1536 3527 1609 κενοδοξίαν,
3562 1560 3693 1593 συν-

2030 1629 2185 1704 εργὸν
2218 1623 2478 1689 λαϐόντες
2528 1628 2619 1682 τὸν
2671 1627 2867 1705 φθόνον
2916 1626 3007 1681 καί
3036 1629 3135 1697 τὴν
3186 1631 3294 1681 τῶν
3335 1625 3564 1681 πολλῶν
3594 1650 3690 1682 κα-

2026 1718 2144 1772 κίαν
2193 1716 2329 1792 πρὸς
2371 1717 2433 1771 τὸ
2482 1721 2670 1793 ’χεῖρον
2723 1714 2881 1773 οὖσαν
2934 1717 3308 1793 ἑτοιμοτέραν⁵
3337 1715 3411 1770 ’ἶν’
3449 1710 3517 1771 ἓν
3554 1716 3615 1793 γέ
3642 1739 3695 1771 τι

2028 1808 2246 1869 πάντως
2297 1805 2483 1869 αὐτοῖς
2534 1805 2905 1882 ἁμαρτάνηται
2952 1809 3088 1879 (96),
3134 1807 3168 1875 ἢ
3213 1806 3276 1862 τὸ
3327 1806 3491 1862 κακὸν
3542 1805 3690 1883 ἐνερ-

2026 1896 2316 1973 γούμενον,
2353 1898 2387 1966 ἢ
2417 1896 2481 1950 τὸ
2512 1895 2677 1952 καλὸν
2712 1895 3128 1969 ἀπιστούμενον.

258 1986 539 2042 nimirum
570 1988 970 2056 cenodoxiam,
1003 1989 1112 2045 hoc
1145 1994 1234 2044 est
1265 1990 1502 2045 inanem
1560 1989 1828 2061 gloriam,
1895 1987 2263 2060 opitulatrice
2308 1990 2616 2058 assumpta
2668 1986 2904 2052 invidia,
2958 1985 3235 2059 vulgique
3291 1986 3691 2056 improbitate,

256 2091 491 2148 semper
520 2076 577 2131 in
609 2078 777 2148 pejus
808 2077 1170 2149 procliviore,
1195 2082 1260 2133 ut
1288 2078 1359 2132 de
1388 2078 1620 2133 duobus
1652 2078 1905 2149 peccatis
1937 2078 1997 2133 in
2028 2077 2377 2133 alterutrum
2411 2075 2650 2131 omnino
2682 2075 2966 2140 incidant,
3018 2080 3084 2130 ut
3141 2074 3227 2129 vel
3277 2073 3500 2130 malum
3548 2091 3691 2146 per-

268 2170 519 2236 petrent,
562 2165 650 2221 vel
682 2167 834 2221 bono
867 2166 1041 2222 fidem
1067 2168 1368 2239 abrogent.

324 2252 471 2310 VIII.
501 2255 586 2309 Ad
618 2255 761 2324 haec,
793 2259 982 2311 totum
1014 2256 1170 2311 enim
1202 2256 1384 2312 animi
1416 2272 1699 2312 arcanum
1757 2256 1912 2328 apud

2096 2255 2175 2310 H'.
2208 2254 2351 2329 Πρὸς
2387 2250 2443 2308 δὶ
2473 2252 2688 2316 τούτοις
2723 2257 2955 2328 πρᾶγμα
2998 2248 3222 2323 ἔπαθον,
3259 2248 3549 2322 έκλαλήσω
3581 2250 3688 2324 γὰρ

254 2358 357 2398 vos
388 2343 646 2411 efferam,
682 2344 826 2400 mihi
858 2362 948 2401 res
981 2346 1213 2411 accidit,
1247 2346 1489 2415 rustico,
1537 2363 1611 2401 an
1661 2346 1916 2418 ingenuo

253 2431 377 2487 viro
409 2432 586 2505 digna
615 2433 774 2489 haud
806 2434 949 2504 scio,
982 2436 1085 2490 sed
1136 2435 1348 2490 accidit
1377 2439 1595 2491 tamen.
1653 2435 1918 2491 Aliorum

255 2538 350 2577 me
380 2521 611 2593 puduit,
645 2523 747 2594 qui
775 2540 910 2579 cum
944 2524 1239 2595 plerisque
1262 2524 1445 2580 nihilo
1478 2524 1749 2581 meliores
1778 2525 1918 2593 sint,

255 2616 433 2682 atque
465 2612 689 2667 utinam
723 2630 838 2667 non
871 2612 1047 2668 etiam
1081 2612 1266 2668 multo
1300 2614 1547 2685 pejores,
1599 2613 1801 2681 illotis,
1857 2618 1921 2669 ut

257 2699 371 2753 dici
403 2699 569 2767 solet,
604 2701 880 2757 manibus
913 2702 1291 2774 profanisque
1321 2703 1536 2757 animis
1568 2702 1627 2757 in
1674 2702 1921 2758 sanctis-

256 2788 410 2843 sima
439 2790 719 2861 mysteria
749 2806 877 2846 sese
906 2791 1188 2858 inferunt,
1241 2808 1306 2846 ac
1357 2791 1703 2862 priusquam
1757 2791 1921 2863 digni

259 2879 399 2944 sint,
433 2877 529 2948 qui
564 2878 634 2932 ad
670 2895 760 2934 res
794 2896 997 2934 sacras
1030 2881 1327 2949 accedant,
1370 2882 1694 2936 sacrarium
1726 2880 1923 2952 ipsum

259 2965 550 3031 ambiunt,
578 2971 635 3021 et
666 2967 886 3022 circum
918 2974 1353 3023 sacrosanctam
1391 2986 1647 3024 mensam
1684 2985 1813 3023 sese
1837 2970 1924 3023 in-

256 3055 443 3109 vicem
464 3061 739 3124 premunt
757 3073 821 3110 ac
839 3058 1213 3127 protrudunt,
1242 3063 1523 3128 tanquam
1552 3074 1668 3111 non
1692 3058 1925 3113 virtutis

258 3142 615 3215 exemplum,
648 3144 748 3199 sed
775 3145 963 3201 victus
987 3147 1231 3217 parandi
1261 3148 1628 3202 occasionem
1652 3151 1709 3202 et
1729 3147 1924 3202 subsi-

262 3232 427 3288 dium
458 3232 615 3289 hunc
645 3233 910 3289 ordinem
944 3252 1073 3291 esse
1096 3236 1458 3307 judicantes,
1482 3253 1548 3291 ac
1570 3253 1685 3291 non
1710 3253 1927 3291 munus

260 3322 581 3377 referendis
613 3322 941 3379 rationibus
973 3325 1315 3395 obnoxium,
1350 3327 1451 3381 sed
1484 3325 1800 3396 imperium
1855 3326 1927 3381 ab

261 3411 423 3466 omni
444 3427 695 3467 censura
724 3411 1008 3469 immune.
1043 3414 1151 3479 Qui
1184 3413 1359 3469 etiam
1390 3430 1489 3470 eos
1521 3415 1739 3486 quibus
1778 3432 1925 3486 prm—

265 3505 424 3567 sunt,
457 3518 701 3556 numero
724 3502 853 3572 jam
884 3502 1002 3559 fere
1034 3508 1317 3575 superant
1344 3521 1356 3572 ;
1390 3505 1463 3559 ob
1506 3504 1787 3576 pietatem
1821 3504 1930 3560 uti-

266 3605 381 3660 que
412 3590 632 3661 miseri,
660 3591 732 3646 ob
792 3591 1167 3663 splendorem
1228 3592 1511 3649 infelices.
1568 3597 1772 3665 Itaque
1827 3594 1929 3650 16

271 3698 638 3826 Βἐξωθῖαἷξ
697 3696 899 3753 ἐλπίσι.
961 3701 1129 3756 Deest
1178 3701 1237 3757 in
1295 3717 1395 3757 sex
1450 3700 1610 3757 Colb.
1671 3705 1729 3757 et
1785 3707 1934 3774 sept'

322 3786 439 3836 eg.,
467 3786 563 3825 ur.
601 3786 654 3825 1.

341 3785 889 3915 (91’)ι1ίνάτέιλιπόντα.
926 3843 1049 3901 Non
1076 3842 1246 3915 pauci
1269 3843 1487 3899 habent
1515 3840 1938 3913 καταλείποντα,

492 3908 668 3974 Εἷ¹τις
703 3912 877 3984 ὑμῶν.
917 3938 936 3964 ι
974 3914 1037 3970 Si
1076 3908 1227 3987 'quis
1275 3921 1615 3979 vestrum,»
1673 3922 1807 3984 etc.,
1857 3908 1939 3972 ita

272 3987 446 4056 Aug.,
483 3990 649 4039 tract.
686 4004 817 4041 xxv:
848 3988 907 4040 in
937 3988 1120 4051 Joan.,
1147 4004 1196 4041 c.
1228 3988 1284 4051 6,
1316 4005 1375 4042 ιι.
1414 3988 1477 4054 4ς
1540 4010 1566 4036 ‹‹
1605 3990 1682 4043 Da
1730 4005 1938 4043 aman-

272 4062 461 4129 tem...
493 4061 551 4111 et
582 4058 947 4129 sentit_quod
973 4058 1123 4124 dico,
1152 4079 1179 4107 η
1211 4064 1318 4113 etc.

347 4128 462 4199 (93)
493 4131 723 4201 Πρᾶγμα
756 4126 924 4201 δοκεῖ.
961 4130 1054 4201 Sic
1087 4130 1254 4201 Reg.,
1312 4129 1472 4187 Colb.
1526 4130 1622 4184 Or.
1666 4132 1716 4196 1,
1773 4130 1936 4198 Jes.;

278 4198 345 4253 ed
359 4240 370 4252 .
386 4197 713 4271 κγὸνοξζτρᾶγ
724 4221 798 4271 μα
826 4198 899 4252 εἶν
909 4220 959 4253 αι
994 4197 1162 4271 δοκεῖ.

349 4265 647 4343 (94)-,ῐξὶίίτε
694 4265 802 4325 δ’πὸ
845 4276 947 4337 τῆς
1005 4268 1164 4331 ἰδίας.
1218 4269 1394 4343 Elias.
1460 4292 1485 4319 ‹‹
1529 4270 1648 4326 sive
1705 4288 1808 4343 per
1847 4288 1937 4343 (se,

278 4340 353 4396 ob
384 4341 769 4399 stoliditatem
809 4359 977 4398 suam
1011 4347 1070 4397 et
1099 4342 1478 4409 dementiam,
1517 4342 1635 4398 sive
1683 4340 1753 4398 ab
1808 4342 1939 4398 aliis

280 4412 575 4486 depravati
606 4420 663 4469 et
692 4413 936 4486 decepti.
972 4413 1257 4469 Malorum
1320 4414 1475 4468 enim
1520 4415 1939 4486 magistrorum

282 4484 457 4557 malas,
482 4492 620 4557 sunt
650 4484 995 4557 disciplinas.
1022 4508 1050 4535 ››

353 4555 465 4627 (95)
499 4553 989 4630 Πράγματικαλῷ.
1023 4556 1200 4622 Elias,
1242 4557 1563 4630 «honestis
1616 4556 1720 4625 rei,
1750 4577 1779 4605 ›>
1832 4557 1941 4612 hoc

278 4632 387 4692 est,
424 4631 757 4685 monasticae
788 4629 916 4683 vitae
949 4646 1011 4685 ac
1043 4629 1297 4685 secessui
1326 4646 1359 4683 a
1391 4630 1633 4684 mundo.

351 4699 617 4775 (96)___"_Iv'
672 4698 728 4756 ἓν
815 4700 878 4775 γέ
919 4720 975 4775 τι
1062 4699 1275 4775 πάντως
1360 4699 1544 4775 αὐτοῖς
1628 4698 1938 4772 ἀμαρτάνη-

275 4770 383 4825 ται.
424 4770 667 4827 Billius:
700 4796 729 4825 ‹‹
764 4770 876 4841 quo
909 4773 992 4842 ﬁt,
1021 4796 1046 4821 ι)
1079 4778 1191 4829 etc.
1226 4773 1404 4828 Gabr.
1438 4795 1465 4821 «
1500 4773 1581 4827 ita
1629 4770 1713 4838 ut,
1747 4770 1773 4821 $>
1824 4776 1936 4826 etc.

277 4842 485 4916 Melius
512 4844 707 4916 Elias:
746 4866 773 4896 ‹‹
808 4845 915 4901 hoc
949 4862 1117 4916 porro
1140 4862 1205 4900 eo
1240 4846 1476 4913 faciunt,
1518 4843 1614 4914 qui
1646 4844 1939 4913 ejusmodi

278 4914 640 4987 professione
668 4916 893 4987 indigni
927 4914 1085 4987 sunt,
1131 4923 1193 4971 ut
1244 4932 1311 4971 ex
1369 4916 1463 4971 his
1523 4916 1754 4970 duobus
1806 4930 1937 4986 pec-

279 4986 427 5065 catis
450 4985 1077 5069 alterutrum‘omnino
1099 4989 1434 5069 admittant.
1458 4991 1645 5069 »βιαιο
1687 4985 1937 5069 ειτρεθε
1969 5000 2015 5064 D
2050 4987 2321 5069 “Siren;

282 5057 534 5130 qui_s_int
564 5075 711 5129 quos
745 5076 983 5130 peccare
1015 5059 1225 5115 asserit
1271 5059 1583 5130 Gregorius
1611 5076 1623 5114 :
1670 5058 1754 5113 vel
1811 5060 1941 5130 ipsa

284 5127 597 5203 multitudo
628 5127 897 5203 improba
927 5150 943 5195 ;
975 5131 1062 5186 vel
1105 5130 1283 5186 invidi
1341 5127 1412 5203 et‘
1436 5130 1730 5203 (irrisores,
1783 5127 1937 5203 quod

283 5216 399 5271 pra
429 5217 491 5255 se
524 5200 671 5256 ferre
717 5200 945 5258 videtur
1000 5208 1230 5269 textus;
1285 5201 1373 5257 vel
1432 5201 1657 5272 indigni
1720 5202 1944 5272 profes-

283 5273 454 5343 8101]θῄ
478 5288 586 5325 sua
617 5274 909 5338 monachi,
957 5279 1020 5328 ut
1068 5275 1206 5329 Eliae
1259 5273 1481 5343 placet;
1535 5274 1775 5327 demum
1825 5272 1940 5343 ipsi

284 5341 595 5397 saeculares
628 5361 759 5398 rum
788 5345 1156 5401 'l‘illemontio
1189 5341 1439 5416 possunt
1470 5344 1741 5416 intelligi.
1792 5341 1939 5406 Quid

282 5430 418 5489 vero
452 5419 735 5489 peccant?
765 5416 1052 5489 Nimirum
1087 5415 1296 5489 vulgus
1326 5422 1383 5472 et
1414 5415 1593 5489 invidi
1620 5416 1942 5489 irrisoresa

282 5486 401 5558 vita
435 5485 758 5541 monastica
789 5488 1100 5555 deterrent,
1134 5485 1216 5543 δι’
1239 5505 1365 5543 sese
1413 5487 1675 5558 aliosque
1723 5487 1940 5558 mundo

290 5556 612 5623 adducunt;
646 5562 745 5611 aut
795 5560 1141 5615 secessionis
1197 5560 1348 5614 bono
1382 5560 1554 5613 {idem
1580 5556 1940 5613 detrahunt.

293 5628 509 5681 Deinde
542 5628 697 5698 pravi
733 5630 1025 5693 monachi,
1059 5631 1104 5681 si
1139 5630 1270 5686 illos
1301 5631 1615 5699 intelligas.
1640 5630 1749 5684 hoc
1773 5630 1937 5684 multi

292 5704 646 5775 perpetrant,
683 5704 746 5755 ut
787 5700 1022 5775 impune
1078 5702 1189 5756 sibi
1247 5703 1422 5757 licere
1470 5706 1679 5775 putent
1724 5702 1943 5775 mundo

293 5783 361 5823 ac
392 5768 565 5847 rebus
597 5768 904 5847 humanis:
925 5772 1241 5847 adhaerere,
1293 5768 1490 5847 atque
1516 5772 1693 5847 etiam
1758 5773 1944 5847 adhae-

291 5841 477 5908 reant,
510 5845 619 5899 etc.
653 5839 827 5898 Haud
854 5839 1434 5913 absimilisloquen'di
1458 5844 1671 5902 modus
1691 5844 1946 5903 occurrit

2027 2342 2164 2419 πρὸς
2221 2341 2360 2416 ὑμᾶς
2414 2349 2517 2397 πᾶν
2571 2343 2633 2397 τὸ
2691 2341 3029 2418 ἀπόρῥητον.
3092 2340 3190 2396 οὐκ
3249 2340 3352 2395 οἶδ’
3410 2336 3515 2396 εἲετε
3572 2340 3691 2413 (97)

2029 2433 2282 2508 ἄγροικον
2343 2430 2448 2486 εἷ’τε
2496 2431 2800 2507 ἐλεύθερον,
2862 2429 3059 2494 ἔπαθον
3127 2426 3175 2484 δ’
3234 2427 3347 2485 οὖν⁸
3406 2427 3696 2506 ᾐσχύνθην

2031 2521 2164 2594 ὑπὲρ
2188 2525 2297 2575 τῶν
2334 2518 2541 2593 ἄλλων,
2576 2519 2717 2590 ὅσοι,
2756 2517 2924 2593 μηδὲν
2960 2523 3070 2574 τῶν
3104 2517 3330 2575 πολλῶν
3364 2513 3519 2580 ὄντες
3571 2516 3701 2594 βελ-

2028 2609 2198 2681 τίους,
2237 2612 2373 2687 μέγα
2406 2610 2501 2683 μὲν
2552 2608 2645 2663 οὖν
2693 2612 2829 2682 (98),
2863 2608 2915 2663 εἷ’
2957 2608 3048 2663 καὶ
3104 2610 3181 2682 μὴ
3214 2605 3418 2679 πολλῷ
3449 2606 3704 2684 χείρους,

2032 2698 2277 2760 ἀνίπτοις
2306 2697 2519 2774 χερσὶν,
2551 2698 2579 2753 ὃ
2632 2695 2698 2767 δὴ
2751 2696 2989 2773 λέγεται,
3036 2697 3128 2752 καὶ
3179 2696 3460 2770 ἀμυήτοις
3502 2699 3710 2772 ψυχαῖς

2030 2792 2146 2850 τοῖς
2223 2786 2551 2862 ἁγιωτάτοις
2630 2786 2853 2845 ἑαυτοὺς
2930 2785 3272 2862 ἐπεισάγουσι
3309 2802 3325 2817 ⁸
3404 2784 3495 2839 καὶ
3576 2784 3713 2861 πρὶν

2033 2874 2169 2947 ἄξιοι
2222 2874 2464 2951 γενέσθαι
2526 2875 2641 2948 (99)
2690 2874 2969 2950 προσιέναι
3026 2879 3144 2936 τοῖς
3194 2875 3387 2949 ἱεροῖς,
3440 2894 3707 2946 μεταποι-

2034 2970 2216 3020 οῦνται
2265 2969 2361 3019 τοῦ
2416 2966 2665 3040 βήματος
2713 2966 2812 3037 (1),
2864 2959 3142 3018 θλίϐονταί
3188 2985 3246 3018 τε
3292 2962 3383 3017 καὶ
3434 2963 3701 3018 ὠθοῦνται

2034 3054 2158 3127 περὶ
2207 3054 2304 3122 τὴν
2358 3053 2508 3128 ἁγίαν
2558 3053 2849 3129 τράπεζαν,
2895 3050 3076 3128 ὥσπερ
3128 3052 3228 3107 οὐκ
3276 3052 3476 3126 ἀρετῆς
3507 3050 3701 3125 τύπον,

2036 3140 2162 3197 ἀλλ’
2193 3141 2448 3220 ἀφορμὴν
2486 3140 2608 3217 βίου
2654 3143 2755 3212 τήν
2805 3140 2952 3212 τάξιν
3001 3140 3202 3211 ταύτην
3252 3140 3387 3195 εἶναι
3433 3140 3693 3214 νομίζον-

2034 3252 2141 3300 τες,
2195 3230 2319 3286 οὐδὲ
2366 3229 2709 3307 λειτουργίαν
2765 3229 3097 3300 ὑπεύθυνον,
3147 3229 3272 3287 ἀλλ’
3319 3230 3499 3306 ἀρχὴν
3550 3230 3696 3301 ἀνεξ-

2037 3321 2278 3375 έταστον.
2333 3321 2433 3377 Καὶ
2484 3320 2587 3375 εἶσί
2638 3317 2833 3396 σχεδόν
2872 3342 2927 3374 τι
2976 3318 3200 3381 πλείους
3248 3320 3363 3374 κατ’
3396 3320 3627 3393 ἀριθμὸν
3660 3314 3698 3388 ἤ

2039 3408 2255 3464 ὁπόσων
2308 3407 2563 3486 ἄρχουσι·
2616 3407 2845 3465 δείλαιοι
2893 3416 2993 3479 τῆς
3043 3403 3335 3478 εὐσεϐείας,
3367 3407 3457 3463 καὶ
3510 3407 3692 3463 ἄθλιοι

2036 3506 2137 3569 τῆς
2171 3497 2562 3575 λαμπρότητος
2764 3496 2903 3554 ὥστε
2951 3495 3144 3575 ἔμοιγε
3193 3495 3435 3570 δοκοῦσι,
3469 3496 3703 3574 προϊόν-

2047 3609 2139 3650 τος
2167 3592 2263 3643 τοῦ
2290 3587 2495 3663 χρόνου
2543 3588 2633 3643 καὶ
2686 3592 2782 3642 τοῦ
2812 3591 3002 3657 κακοῦ,
3038 3585 3179 3661 μηδὲ
3218 3585 3363 3663 ἔχειν
3396 3584 3593 3641 λοιπὸν
3629 3588 3704 3641 ὧν

2051 3697 2110 3751 in
2169 3695 2549 3751 Admonitione
2602 3696 2825 3766 Agapetz'
2870 3695 2944 3751 ad
2984 3696 3373 3766 Justinianam
3420 3695 3712 3766 imperato-

2046 3784 2185 3835 rem,
2242 3784 2407 3839 num.
2462 3767 2528 3820 12
2553 3762 2727 3839 ιβἸνα
2759 3762 2907 3839 δυοῖν
2961 3765 3180 3839 Θάτερον
3230 3764 3417 3839 αὐτοῖς
3464 3762 3710 3839 αμαρτά-

2047 3831 2226 3909 νηται,
2275 3838 2311 3921 ,ᾖ
2359 3837 2429 3921 τό
2465 3837 2628 3921 κακὸν
2669 3831 3145 3921 ἐπαινούμενονίῆ
3184 3834 3444 3921 τιξνκαλὸν
3483 3831 3707 3921 ιξϐρίζό-

2053 3929 2235 3983 μενον.
2269 3910 2752 3991 Ουοόοὶῑιιθιιριιθε
2784 3910 2870 3965 sic
2902 3909 3091 3964 reddit
3119 3926 3131 3965 :
3167 3932 3196 3959 ‹‹
3229 3909 3303 3965 Ut
3350 3910 3421 3964 de
3473 3909 3705 3965 duobus

2049 3983 2299 4038 alterum
2333 3982 2404 4035 ab
2437 3980 2581 4051 ipsis
2610 3980 3031 4052 committatur,
3065 3982 3150 4037 vel
3182 3998 3494 4052 pravorum
3554 3980 3706 4049 laus,

2047 4054 2138 4111 vel
2171 4052 2631 4123 contumeliosus
2664 4054 2949 4109 bonorum
2984 4057 3377 4123 contemptus.
3411 4073 3438 4103 ››

2144 4126 2234 4191 97)
2269 4120 2386 4196 Οἴδ’
2422 4125 2558 4196 Reg,
2594 4130 2701 4180 ret
2722 4125 2844 4196 ges.
2874 4141 2886 4180 :
2920 4124 2978 4179 in
3012 4125 3102 4179 ed.
3136 4120 3277 4178 οἴδα.

2051 4269 2077 4322 f
2122 4192 2236 4305 (98*)
2295 4192 2447 4270 Μέγα
2507 4192 2603 4267 μὲν
2690 4192 2805 4251 οὗν.
2892 4221 2919 4247 (ί
2978 4199 3101 4252 Imo
3187 4195 3331 4252 sotis
3416 4211 3711 4267 superque

2077 4284 2244 4322 ueri..
2281 4290 2309 4317 ››

2077 4268 2244 4323 uerit.
2281 4290 2309 4317 ››

2145 4340 2237 4409 99)
2260 4338 2507 4391 Γενέσθαι
2539 4337 2711 4394 Deest
2735 4338 2794 4393 in
2818 4354 2919 4403 sex
2950 4338 3088 4410 Reg.
3114 4342 3171 4394 et
3191 4337 3453 4410 quinque
3482 4337 3637 4410 Colb.

2150 4411 2202 4481 1)
2269 4413 2700 4464 Μεταποιοῦνται
2782 4413 2880 4463 τοῦ
2965 4409 3232 4481 βήματος.
3313 4431 3341 4459 ‹‹
3375 4409 3710 4465 Sacrarium

2051 4482 2341 4537 ambiunt.
2371 4504 2397 4531 n
2427 4481 2706 4537 Praeclare
2735 4481 3119 4537 Combeﬁsius
3142 4483 3212 4537 ad
3232 4481 3350 4536 haec
3371 4482 3546 4537 verba
3567 4482 3709 4537 scri-

2051 4553 2171 4608 bit:
2237 4576 2265 4626 tt
2298 4558 2373 4607 De
2432 4554 2788 4626 presbyteris
2844 4554 3075 4626 accipit
3112 4553 3495 4626 (Gregorius),
3561 4569 3709 4626 quos

2045 4627 2170 4751 Em;
2202 4625 2400 4696 plures
2431 4624 2572 4680 dicit
2601 4624 2779 4696 quam
2813 4625 2932 4679 sint
2976 4624 3236 4680 subditi.
3258 4624 3273 4625 ί
3296 4624 3409 4678 Nec
3462 4625 3609 4680 bene
3652 4625 3709 4678 in

2098 4696 2218 4751 illio
2252 4697 2469 4751 ubique
2497 4696 2749 4751 margini
2782 4697 3101 4751 ascriptum
3163 4697 3235 4751 de
3282 4695 3594 4751 enisconis.
3646 4712 3709 4750 ac

2098 4695 2219 4752 illic
2252 4697 2469 4767 ubique
2497 4695 2749 4769 margini
2782 4697 3101 4768 ascriptum
3163 4697 3235 4752 de
3282 4695 3607 4769 episcopis,
3646 4712 3715 4750 ac

2052 4768 2101 4823 si
2135 4786 2284 4824 unos
2316 4766 2410 4823 hic
2439 4766 3002 4840 tangat‘Gregoriu‘s,
3033 4784 3165 4840 non
3194 4769 3356 4838 ipsos
3414 4766 3712 4840 simplices

2050 4841 2403 4922 sacerdotes,
2438 4834 2995 4922 qudiumipsorum
3022 4838 3166 4922 ἀρχή
3204 4834 3552 4922 ἐξιπροεδρίᾶ
3582 4844 3711 4894 tum

2050 4913 2305 4967 maxime
2327 4909 2601 4982 cuminon
2623 4909 3066 4967 ordinabuntur
3082 4909 3209 4966 sine
3229 4909 3422 4981 titulo,
3445 4909 3511 4966 ac
3532 4926 3709 4982 quam

2121 4987 2340 5055 gerent,
2374 4981 2563 5107 plebe.
2591 5003 2620 5033 »
3556 4981 3565 4982 ί

2121 5057 2196 5126 (2)
2265 5051 2370 5126 ’Διί
2416 5073 2539 5126 αιοι,
2607 5054 2707 5121 τῆς
2758 5045 3082 5126 *εὐσεϐείας,
3339 5046 3519 5126 ἄθλιοι
3610 5055 3714 5117 τῆς

2050 5121 2468 5198 λαμπρότητος.
2500 5125 2705 5198 _Locus
2738 5123 2804 5198 (is
2834 5142 2864 5179 a
2899 5121 3076 5180 nullo
3106 5124 3284 5198 nobis
3341 5124 3593 5198 videtur,
3644 5139 3716 5177 ne

2052 5194 2354 5269 quidemga
2384 5195 2703 5269 novissimo
2733 5196 3055 5269 interprete
3089 5194 3713 5269 Gallicotintellectus

2050 5267 2152 5324 aut
2180 5267 2520 5340 explicatus.
2553 5268 2677 5324 Non
2703 5268 2854 5323 male
2885 5267 3093 5339 primis
3134 5268 3293 5324 curis
3334 5267 3549 5340 Billius
3590 5282 3713 5321 ver-

2050 5340 2215 5410 tisse,
2249 5339 2296 5397 si
2329 5345 2467 5395 nota
2498 5346 2757 5396 mentem
2791 5356 2960 5397 suam
2995 5341 3342 5411 aperuisset,
3374 5339 3555 5394 videri
3586 5355 3718 5411 pos-

2052 5413 2165 5469 sit:
2198 5409 2243 5462 ί‹‹
2282 5412 2496 5467 Pietate
2542 5412 2766 5481 miseri,
2816 5409 3122 5483 dignitatis
3168 5411 3479 5484 splendore
3526 5409 3715 5484 infeli-

2052 5500 2167 5566 ces.
2194 5505 2221 5532 ››
2257 5483 2369 5566 sed
2400 5484 2597 5566 minus
2628 5488 2802 5565 recte,
2847 5482 3273 5566 pesterioribus
3323 5482 3481 5566 curis
3533 5482 3722 5566 reddi-

2052 5556 2159 5625 dit,
2194 5578 2223 5603 ‹‹
2257 5555 2328 5610 ob
2365 5556 2638 5625 pietatem
2671 5553 2892 5611 miseri.
2926 5579 2946 5602 ιι
2985 5555 3189 5611 Latine
3246 5558 3404 5610 certe
3453 5569 3569 5610 non
3606 5553 3715 5625 be:

2052 5573 2159 5625 ait,
2194 5578 2223 5603 «
2257 5573 2328 5610 oo
2402 5573 2638 5610 letatem
2671 5573 2892 5611 miseri.
2926 5579 2946 5602 ιι
2986 5573 3189 5611 Latine
3246 5573 3404 5610 certe
3453 5573 3569 5610 non
3617 5573 3713 5608 ne-

2050 5626 2274 5680 braizat
2306 5573 2508 5697 Billius,
2543 5630 2608 5681 ut
2642 5626 2873 5698 pietatis
2904 5627 3213 5696 defectum,
3248 5626 3346 5696 qui
3391 5626 3569 5694 hujus
3604 5624 3713 5698 loci

2053 5714 2265 5755 sensus
2297 5703 2405 5764 est,
2437 5699 2531 5756 his
2563 5697 2757 5755 verbis
2790 5699 3114 5769 exprimat;
3148 5698 3442 5770 quomodo
3475 5701 3536 5752 in
3573 5697 3711 5768 psal.

2051 5774 2183 5840 cvui,
2243 5788 2301 5829 n.
2346 5771 2469 5841 24:
2537 5790 2559 5819 α
2593 5774 2735 5828 Caro
2776 5784 2910 5827 mea
2956 5770 3276 5827 immutata
3327 5773 3418 5826 est
3477 5772 3716 5841 propter

2052 5841 2269 5913 oleum,
2289 5864 2315 5893 η
2338 5840 2396 5898 id
2414 5845 2523 5909 est,
2547 5862 2577 5893 ‹‹
2596 5846 2833 5915 propter
2851 5841 3111 5915 inopiam
3133 5841 3266 5899 olei.
3286 5861 3317 5891 »
3334 5840 3715 5897 D.de’Barcos
