4110 6446
382 389 494 446 417

1535 377 1827 447 ORATIO
1872 375 1949 438 II.
1984 408 2059 420 —
2091 372 2658 436 APOLOGETICA.

3692 385 3814 447 418

380 513 629 594 ἄρξουσι,
659 514 882 570 πάντων
921 509 1284 569 διδασκόντων
1316 509 1435 567 ἀντὶ
1490 514 1589 567 τοῦ
1638 506 1922 572 διδακτοὺς
1972 506 2047 562 εἶ-

2178 506 2317 563 :oalo
2350 506 2459 565 hoc
2491 524 2608 563 una
2638 524 2773 565 cum
2806 511 3070 582 tempore
3128 527 3502 585 progressum
3550 534 3618 574 ac
3662 520 3817 579 vires

376 627 461 660 ναι
520 608 682 676 Θεοῦ,
731 602 805 665 ὥς
863 624 1025 680 φησιν
1086 604 1121 672 ἡ
1182 600 1478 679 ἐπαγγελία
1522 602 1620 673 (3),
1672 600 1761 655 καὶ
1818 598 2033 654 πάντων

378 693 859 772 προφητευόντων,
892 689 1029 747 ὥστε
1070 690 1319 746 εἶναικαὶ
1368 688 1550 745 Σαοὺλ
1600 688 1651 743 έν
1703 690 2034 766 προφήταις,

380 784 523 838 κατὰ
550 783 651 850 τὴν
701 780 931 836 παλαιὰν
984 779 1222 856 ἱστορίαν
1271 779 1361 834 καὶ
1411 777 1728 852 παροιμίαν.
1762 775 1890 831 Οδὲν
1936 776 2037 851 γὰρ

388 870 533 926 οὕτω
590 868 733 925 πολὺ
788 870 901 924 κατ’
933 865 1127 923 οὐδένα
1182 869 1370 945 καιρὸν
1427 864 1538 923 οὔτ’
1570 866 1730 938 ἐστὶν,
1760 862 1870 921 οὔτ’
1932 863 2041 939 ἐγέ-

389 981 530 1029 νετο,
567 956 766 1013 ἄλλοτε
795 956 979 1014 ἄλλων
1009 956 1364 1031 ἀκμασάντων
1386 978 1445 1012 τε
1475 956 1565 1011 καὶ
1627 954 1932 1026 ληξάντων,
1964 955 2038 1016 ὡς

388 1053 476 1104 νῦν
524 1050 869 1121 Χριστιανοῖς
916 1046 983 1101 τὰ
1028 1051 1253 1102 τοιαῦτα
1298 1048 1388 1101 καὶ
1442 1042 1621 1117 ὀνείδη
1672 1044 1762 1100 καὶ
1794 1045 2041 1118 ἁμαρτή-

392 1157 550 1211 ματα.
587 1138 679 1190 Ὧν
736 1135 782 1191 εἰ
829 1136 919 1190 καὶ
969 1142 1161 1205 στῆσαι
1200 1136 1301 1203 τὴν
1346 1136 1516 1213 φορὰν
1564 1140 1811 1210 κρεῖσσον
1844 1133 1880 1202 ἢ
1924 1132 2044 1196 καθ’

385 1228 553 1298 ἡμᾶς,
585 1222 734 1279 ἀλλὰ
760 1224 824 1279 τό
857 1244 919 1299 γε
954 1229 1128 1297 μισεῖν
1163 1224 1253 1279 καὶ
1286 1223 1633 1299 αἰσχύνεσθαι
1687 1222 1852 1297 μέρος
1903 1220 2045 1276 εὐσε-

382 1309 533 1377 ϐείας
568 1313 631 1369 οὐ
660 1313 725 1369 τὸ
756 1314 1137 1390 σμικρότατον.

2157 595 2443 669 capiente,
2476 612 2549 653 ne
2578 596 2835 654 habituri
2854 600 3094 669 quidem
3120 600 3261 656 mihi
3286 602 3575 674 videntur,
3600 608 3818 681 quibus

2156 686 2418 759 praesint,
2444 687 2721 743 omnibus
2742 687 3033 755 videlicet,
3068 706 3170 762 pro
3201 707 3267 746 eo
3301 697 3419 748 uta
3450 694 3585 767 Deo,
3620 714 3819 769 quem-

2156 775 2476 831 admodum
2507 776 2704 831 divina
2735 778 3051 848 promissio
3085 778 3330 847 ferebat,
3371 783 3725 841 edoceantur
3752 786 3818 858 ³²,

2158 864 2502 921 docentibus
2528 870 2582 921 et
2603 866 3063 923 vaticinantibus
3095 869 3160 936 ³³,
3194 870 3359 939 adeo,
3385 874 3656 944 ut,juxta
3671 880 3821 932 vete-

2151 971 2273 1009 rem
2316 954 2625 1010 historiam
2686 959 2741 1010 et
2799 957 3165 1027 parmmiam,
3211 959 3353 1016 ιςαυί
3400 978 3634 1034 quoque
3679 966 3825 1021 inter

2146 1043 2444 1116 prophetas
2474 1044 2552 1099 sit
2580 1044 2648 1100 ⁸⁵.
2678 1044 2879 1117 Neque
2911 1047 3066 1101 enim
3103 1051 3264 1103 tanta
3295 1048 3476 1105 ullius
3524 1052 3603 1107 rei
3647 1053 3825 1110 uber-

2156 1137 2247 1189 tas
2280 1136 2383 1188 aut
2414 1149 2569 1188 nunc
2601 1140 2710 1199 est,
2743 1138 2845 1189 aut
2878 1151 3142 1207 unquam
3178 1137 3306 1207 fuit,
3341 1154 3475 1194 cum
3520 1140 3635 1197 alia
3679 1143 3825 1201 alias

2159 1222 2470 1295 viguerint,
2505 1239 2569 1277 ac
2594 1224 2831 1279 tandem
2861 1224 3035 1279 ﬁnem
3069 1227 3421 1298 acceperint,
3455 1246 3633 1301 quam
3667 1250 3824 1289 nunc

2163 1312 2316 1382 apud
2348 1311 2707 1367 Christianos
2740 1313 2943 1368 crebra
2972 1318 3114 1369 sunt
3142 1314 3485 1387 hujusmodi
3518 1320 3729 1391 probra
3766 1326 3824 1379 et

382 1410 644 1477 peccata.
681 1404 941 1468 Quorum
974 1404 1082 1460 etsi
1115 1405 1401 1477 impetum
1447 1404 1856 1477 comprimere,
1916 1402 2113 1473 majus
2159 1404 2269 1468 est,
2312 1416 2489 1473 quam
2549 1419 2652 1473 pro
2708 1402 2924 1458 virium
2984 1407 3318 1461 nostrarum
3374 1406 3688 1479 facultate;
3750 1428 3817 1468 ac

389 1500 544 1551 certe
575 1494 790 1563 odisse,
826 1511 892 1550 ac
925 1494 1147 1565 pudore
1179 1493 1332 1549 afﬁci
1365 1493 1594 1565 pietetis
1627 1510 1761 1565 pars
1794 1496 1885 1548 est
1914 1508 2027 1547 non
2062 1489 2327 1546 minima.

462 1584 536 1639 6'.
569 1584 631 1635 Ὃ
691 1579 748 1635 δὲ
803 1580 1114 1637 τελευταῖον
1162 1580 1251 1636 καὶ
1314 1581 1499 1654 μεῖζον
1555 1585 1663 1635 τῶν
1724 1580 2052 1656 εἰρημένων,

390 1671 501 1743 εἶμι
530 1669 633 1745 γὰρ
667 1669 748 1725 ἐπ’
779 1668 939 1725 αὐτὸν
972 1666 1082 1739 ἤδη
1110 1668 1203 1725 τὸν
1244 1667 1537 1747 κολοφῶνα
1587 1672 1663 1743 (4)
1712 1673 1809 1724 τοῦ
1861 1667 2048 1744 λόγου,

387 1759 476 1815 καὶ
510 1758 571 1813 οὐ
603 1757 897 1832 ψεῦσομαιο
933 1756 1058 1813 οὐδὲ
1101 1758 1201 1835 γὰρ
1252 1758 1406 1831 θέμις
1453 1763 1571 1820 τοῖς
1622 1758 1745 1833 περὶ
1793 1757 2053 1828 τηλικούα

384 1870 492 1903 των
527 1851 603 1921 (5)
635 1846 988 1920 ποιουμένοις
1018 1848 1109 1902 τὸν
1146 1846 1334 1921 λόγον·
1371 1846 1471 1901 οὐκ
1512 1844 1671 1921 ᾤμην
1724 1844 1838 1902 ἴσον
1890 1847 2045 1918 εἶναι,

391 1936 517 1993 οὐδὲ
574 1942 669 1992 νῦν
728 1934 940 2009 οἷόμαι,
971 1936 1211 2010 ποίμνης
1265 1935 1456 2013 ἄρχειν
1508 1936 1541 2005 ἢ
1598 1934 1917 2012 βουκολίου,
1957 1935 2047 1989 καὶ

2239 1580 2326 1635 ΙΧ.
2361 1580 2663 1636 Postrema
2694 1596 2891 1649 causa,
2927 1586 2983 1637 et
3040 1582 3273 1654 quidem
3325 1586 3623 1653 omnibus,
3674 1604 3821 1661 quas

2162 1686 2343 1740 supra
2399 1670 3009 1738 commemoravimus,
3063 1673 3250 1742 major
3304 1675 3647 1746 graviorque
3700 1676 3824 1733 haec

2161 1758 2271 1812 fuit
2297 1783 2310 1826 ;
2335 1758 2403 1813 ad
2429 1758 2623 1829 ipsum
2646 1758 2863 1831 quippe
2886 1760 3166 1816 orationis
3186 1761 3705 1835 colophonemjam
3730 1782 3823 1822 me

2160 1848 2414 1917 confero,
2448 1864 2553 1902 nec
2580 1848 2833 1903 mentiar
2860 1869 2873 1913 ς
2905 1866 3017 1904 non
3038 1850 3194 1905 enim
3215 1850 3302 1906 fas
3328 1856 3439 1918 est,
3464 1870 3598 1908 eum
3622 1855 3722 1925 qui
3756 1856 3827 1911 de

2159 1936 2339 1991 tantis
2387 1936 2681 2008 mysteriis
2725 1937 2900 1993 verba
2952 1937 3143 2009 faciat,
3197 1941 3452 1996 mentiri.
3508 1944 3817 2014 Haudqua-

392 2027 693 2102 ἀνθρώπων
758 2025 1058 2080 ἐπιστατεῖν
1124 2028 1351 2101 ψυχαῖς.
1405 2027 1553 2082 Ἐκεῖ
1603 2027 1697 2099 μὲν
1745 2026 1849 2101 γὰρ
1900 2024 2050 2100 ἐξαρ-

2178 2043 2337 2096 ιυοω
2370 2026 2525 2080 idem
2559 2040 2689 2081 esse
2729 2026 3160 2094 existimabam,
3195 2045 3261 2084 ac
3293 2046 3365 2086 ne
3397 2048 3554 2086 nunc
3586 2013 3823 2103 quidem

390 2121 526 2188 κεῖν,
582 2115 664 2170 ὅτι
714 2114 1025 2190 παχύτατον
1091 2114 1181 2169 καὶ
1230 2113 1485 2169 πιότατον
1536 2116 1613 2187 (6)
1664 2112 1939 2186 ἀποδεῖξαι
1987 2114 2049 2168 τὸ

396 2203 689 2282 βουκόλιον
719 2205 754 2274 ἢ
790 2204 853 2259 τὸ
884 2202 1165 2277 ποίμνιον*
1208 2202 1297 2258 καὶ
1349 2203 1487 2278 πρὸς
1534 2200 1699 2257 τοῦτο
1761 2203 1900 2279 ὁρῶν
1936 2202 1965 2257 δ
1992 2223 2051 2257 τε

395 2293 667 2371 βουκόλος
714 2293 803 2347 καὶ
837 2294 864 2347 ὁ
907 2293 1119 2365 ποιμὴν
1164 2293 1271 2348 τῶν
1319 2313 1378 2347 τε
1433 2291 1658 2368 χωρίων
1709 2292 2052 2366 ἐπισκέψεται

390 2383 459 2437 τὰ
532 2380 726 2456 ἔνυδρα
794 2383 872 2456 (7)
949 2379 1039 2435 καὶ
1135 2380 1390 2455 ὲπίνομα,
1474 2379 1741 2436 εἰσελάσει
1821 2403 1881 2437 τε
1960 2381 2050 2435 καὶ

397 2469 635 2542 ἐξελάσει
694 2471 799 2525 ἀπό
854 2492 915 2526 τε
970 2474 1156 2543 νομῶν
1229 2469 1319 2525 καὶ
1401 2468 1488 2525 ἐπὶ
1560 2471 1759 2543 νομὰς,
1815 2468 2052 2525 ἀναπαύ-

396 2580 474 2614 σει
531 2580 591 2614 τε
646 2559 735 2614 καὶ
790 2558 1108 2630 ἀποκινῆσει
1168 2559 1259 2614 καὶ
1322 2558 1660 2624 ἀνακαλέσει,
1724 2558 1888 2634 ὀλίγα
1957 2559 2051 2632 μὲν

396 2651 466 2722 τῇ
520 2647 791 2724 βακτηρίᾳ
837 2651 934 2722 (8),
966 2648 1033 2702 τὰ
1080 2647 1267 2703 πολλὰ
1308 2645 1365 2703 δὲ
1393 2652 1461 2723 τῇ
1496 2647 1732 2725 σύριγγι.
1766 2646 1945 2704 ’Δλλο
1997 2645 2055 2702 δὲ

401 2735 554 2792 οὐδέν
608 2736 764 2813 ἔργον
812 2737 945 2792 εἶναι
996 2741 1075 2809 τῷ
1123 2738 1342 2810 ποιμένι
1392 2738 1426 2807 ἢ
1467 2742 1545 2809 τῷ
1600 2736 1856 2813 βουκόλῳ
1904 2736 2051 2807 πλὴν

395 2826 517 2882 ὅσον
582 2827 793 2903 βραχέα
852 2824 1310 2901 προσπολεμῆσαι
1360 2832 1478 2890 τοῖς
1538 2826 1751 2894 λύκοις,
1801 2826 1889 2881 καὶ
1949 2831 2055 2882 ποῦ

397 2938 449 2970 τι
483 2919 559 2989 (9)
589 2914 678 2970 καί
712 2915 1022 2990 ἀρῥωστοῦν
1055 2914 1456 2990 έπισκέῴασθαν
1490 2916 1557 2971 τὰ
1586 2916 1771 2971 πολλά
1804 2914 1861 2971 δὲ
1908 2916 2056 2989 αὐτῷ

409 3005 637 3077 μελήσει
698 3002 849 3079 δρῦς,
878 3005 967 3059 καὶ
1024 3005 1167 3078 σκιὰ,
1209 3005 1299 3060 καὶ
1359 3004 1600 3079 δόνακες,
1651 3006 1742 3061 καὶ
1793 3005 1843 3061 ἐν
1903 3006 2057 3079 καλῷ

406 3100 507 3161 τῆς
534 3091 669 3153 πόας
719 3092 1130 3166 κατακλιθῆναι,
1164 3094 1252 3149 καὶ
1303 3095 1449 3171 παρᾶ
1501 3096 1710 3171 ψυχρὸν
1768 3093 2055 3173 ὕδωρ,καὶ

2160 2115 2450 2185 existimo,
2482 2114 2643 2187 gregi
2674 2120 2776 2171 aut
2806 2121 3070 2172 armento
3098 2134 3371 2190 praeesse,
3406 2125 3463 2177 et
3513 2122 3821 2179 hominum

2161 2204 2390 2259 animas
2413 2204 2759 2275 gubernare.
2787 2204 2912 2260 Illic
2933 2205 3089 2261 enim
3122 2224 3301 2279 quam
3325 2209 3747 2282 pinguissimas
3768 2215 3826 2267 et

2162 2293 2544 2348 obesissimas
2574 2310 2709 2350 oves
2742 2310 2808 2349 ac
2836 2293 3013 2350 boves
3044 2296 3284 2353 reddere
3345 2300 3565 2355 sufﬁcit
3592 2317 3603 2353 :
3648 2300 3823 2369 idque

2163 2382 2298 2448 sibi,
2329 2386 2385 2437 et
2414 2386 2631 2452 pastor,
2664 2387 2722 2439 et
2753 2382 3067 2451 bubulcus,
3100 2384 3172 2441 ob
3202 2385 3403 2443 oculos
3426 2404 3671 2459 ponens,
3692 2390 3827 2445 irri-

2163 2487 2279 2545 gua
2304 2474 2360 2526 et
2390 2487 2741 2543 compascua
2770 2471 2898 2528 loca
2918 2473 3263 2547 explorabit,
3290 2490 3643 2550 gregemque
3666 2482 3721 2534 et
3748 2479 3819 2535 ad

2163 2575 2383 2631 pascua
2403 2559 2596 2626 ducet,
2619 2563 2675 2613 et
2696 2576 2728 2614 a
2750 2560 2985 2631 pascuis
3002 2560 3579 2634 educet,fessumque
3599 2581 3826 2621 recrea-

2164 2650 2269 2714 bit,
2295 2652 2352 2703 et
2374 2647 2483 2703 alio
2506 2648 2779 2716 movebit,
2807 2665 2871 2704 ac
2894 2648 3212 2717 revocabit,
3245 2650 3551 2721 aliquoties
3584 2653 3821 2723 quidem

2166 2738 2336 2809 pedo,
2360 2740 2423 2790 ut
2446 2734 2765 2806 plurimum
2799 2740 2995 2791 autem
3028 2736 3242 2791 fistula.
3272 2736 3427 2792 Nihil
3460 2754 3629 2809 porro
3666 2739 3826 2795 aliud

2167 2825 2387 2897 negotii
2420 2828 2621 2898 pastor
2648 2832 2749 2879 aut
2779 2825 3172 2881 armentarius
3194 2824 3389 2896 habet,
3416 2844 3591 2899 quam
3609 2833 3671 2885 ut
3693 2845 3825 2885 cum

2167 2914 2324 2988 lupis
2356 2931 2779 2985 nonnunquam
2814 2918 3054 2986 pugnet,
3086 2918 3262 2987 atque
3301 2916 3600 2973 interdum
3650 2920 3827 2975 etiam

2170 3021 2380 3078 aegram
2416 3019 2577 3058 ovem
2612 3008 2712 3059 aut
2736 3003 2940 3059 bovem
2965 3003 3179 3059 visitet.
3216 3004 3428 3077 Magna
3458 3011 3653 3062 autem
3677 3013 3827 3063 tem-

2170 3094 2329 3168 poris
2360 3096 2523 3165 parte
2554 3108 2807 3163 quercus
2835 3092 2969 3165 ipsi,
3004 3098 3061 3149 et
3092 3094 3323 3165 umbra,
3356 3098 3413 3151 et
3438 3096 3645 3153 ﬁstulas
3677 3112 3831 3154 curm

483 3202 529 3235 ³³
557 3200 668 3257 Isa.
705 3218 815 3271 Liv,
852 3202 953 3271 13;
986 3204 1155 3261 Joan.
1187 3221 1263 3272 vx,
1295 3205 1384 3259 45.
1463 3205 1508 3240 ³³
1539 3206 1561 3261 Ι
1594 3205 1720 3261 Cor.
1750 3223 1863 3274 xxv,
1895 3205 1999 3275 24;
2032 3206 2057 3262 1‘

2178 3226 2208 3260 ι.
2236 3219 2315 3269 11,
2347 3201 2436 3257 29.
2514 3199 2561 3235 ³⁸
2590 3201 2611 3255 Ι
2645 3200 2783 3273 Reg.
2815 3218 2873 3269 x,
2908 3200 2968 3255 11
3007 3217 3020 3267 ;
3053 3218 3168 3268 xix,
3200 3202 3291 3258 24.

401 3308 819 3383 Sancigiranus
851 3309 1072 3383 abbas:
1134 3333 1163 3362 «
1197 3310 1393 3365 Miseri
1451 3310 1529 3383 ob,
1580 3312 1775 3383 ipsam
1822 3312 2059 3383 pietatis
2091 3314 2134 3381 (ξ
2176 3310 2271 3383 hic
2300 3308 2493 3383 gravis
2524 3307 2779 3383 occurrit
2807 3306 3149 3383 difﬁcultas,
3199 3310 3491 3379 quomodo
3540 3309 3833 3383 Theologo

397 3382 903 3466 specie-magnam
954 3382 1187 3449 habent,
1241 3399 1360 3465 qua
1408 3398 1471 3438 se
1518 3382 1679 3466 ipsos
1738 3382 2057 3466 desipiunt,

398 3456 453 3524 et
482 3452 554 3507 ad
584 3452 813 3524 tantum
866 3470 1083 3508 munus
1138 3453 1398 3524 aspirare
1446 3452 1703 3520 audent;
1757 3462 1815 3510 et
1867 3452 2058 3510 infeli-

398 3522 579 3578 clores
635 3522 707 3599 ob
760 3523 1096 3599 claritatem
1159 3522 1223 3579 et
1276 3524 1494 3599 famam
1555 3526 1771 3599 talibus
1825 3527 2060 3599 pietatis

399 3594 890 3651 ostentationibus
923 3602 1176 3667 partam,
1208 3614 1323 3667 qua
1354 3597 1483 3652 aliis
1506 3598 1690 3653 tantis
1715 3594 2060 3654 muneribus

404 3666 563 3738 digni
592 3668 862 3721 videntur
889 3666 947 3723 et
976 3670 1046 3721 ad
1096 3684 1163 3722 ea
1212 3666 1618 3724 assumuntur.
1646 3692 1674 3719 ››
1730 3669 1801 3724 Ut
1842 3670 2061 3725 intelli-

398 3744 568 3864 Satur
597 3738 693 3793 hic
721 3738 907 3807 locus,
940 3741 1369 3794 observandum
1430 3745 1519 3795 est
1566 3741 1620 3795 id
1676 3742 1829 3811 quod
1891 3746 2063 3797 antea

438 3809 547 3864 ixit
576 3810 911 3864 Gregorius.
968 3811 1168 3864 Itaque
1203 3812 1284 3864 ait
1314 3829 1444 3864 esse
1476 3810 1762 3864 homines.
1798 3812 1893 3864 oui
1926 3829 2061 3864 cum

438 3809 547 3883 ixit
576 3810 911 3883 Gregorius.
968 3811 1168 3881 Itaque
1203 3812 1284 3866 ait
1314 3829 1444 3867 esse
1476 3809 1763 3879 homines,
1798 3812 1893 3883 qui
1926 3829 2062 3868 cum

400 3880 532 3954 aliis
562 3880 1224 3954 nih_ilomeliores,rimo
1258 3885 1482 3954 pejores
1507 3884 1645 3949 sint,
1669 3880 2061 3939 sacerdotium

398 3951 556 4027 velut
587 3952 978 4027 principatum
1015 3951 1283 4008 ambiunt
1317 3951 1339 4021 ;“
1365 3955 1572 4009 deinde
1594 3956 1738 4009 dixit
1760 3957 1919 4027 ipsos
1942 3961 2061 4011 tam

400 4025 620 4099 multos
650 4040 798 4089 esse,
834 4029 899 4079 ut
922 4025 1045 4099 jam
1078 4042 1323 4099 numero
1354 4034 1638 4097 superent
1672 4025 1801 4093 eos,
1847 4029 2064 4099 quibus

397 4096 714 4167 imperant,
747 4101 922 4167 atque
954 4098 1126 4151 etiam
1160 4098 1317 4152 brevi
1353 4096 1639 4163 futurum,
1676 4103 1740 4153 ut
1770 4096 2061 4154 neminem

402 4167 662 4241 habeant
694 4168 1084 4241 cuiuprresint.
1121 4169 1271 4223 Tum
1304 4170 1560 4240 denique
1590 4170 1920 4241 Theologus
1968 4188 2063 4226 ex-

399 4237 653 4324 clamnat‘:
692 4260 719 4288 «
751 4237 947 4324 Miseri
970 4239 1210 4324 pietate,
1238 4263 1264 4289 υ
1287 4237 1591 4324 quam—aut
1629 4237 1925 4324 vulgarem
1950 4244 2061 4311 vix,

398 4314 501 4366 aut
535 4312 679 4384 forte
711 4309 936 4384 nullam
969 4309 1220 4384 habent:
1255 4309 1369 4366 εἶα
1404 4313 1691 4384 dignitate
1731 4309 2010 4382 infelices,
2036 4309 2064 4365 ἡ

399 4398 517 4457 seu
540 4382 807 4457 imperio,
838 4398 939 4457 seu
975 4382 1304 4457 splendore,
1328 4382 1510 4457 quem
1536 4386 1659 4453 jam
1683 4386 2064 4457 ferenullum,

406 4469 471 4508 ac
507 4454 662 4508 brevi
695 4454 935 4509 omnino
959 4453 1457 4510 nullumhabituri
1483 4460 1638 4511 sunt.
1668 4479 1693 4505 ‹‹
1714 4453 2066 4521 Diaconos,»3

407 4524 1043 4598 inquitAHieronymus,
1076 4542 1165 4597 ep.
1202 4527 1322 4593 101,
1357 4527 1431 4583 al.
1463 4528 1553 4592 85,
1593 4549 1619 4577 «
1662 4529 1927 4598 paucitas
1977 4545 2067 4583 ve-

407 4595 717 4680 nerabiles,
750 4595 1127 4680 presbyteros
1149 4598 1322 4652 turba
1353 4595 1819 4680 contempti—biles
1853 4601 2009 4680 facit.
2037 4624 2065 4649 ››

2174 3379 2366 3437 dicere
2398 3379 2651 3455 licuerit,
2684 3395 2746 3434 se
2776 3380 2849 3434 ad
2882 3396 3228 3455 »_summam
3253 3385 3689 3455 extremamque
3710 3379 3841 3455 par-

2171 3459 2293 3526 tem
2316 3474 2343 3501 »
2376 3450 2661 3526 orationis
2692 3451 3053 3526 pervenisse,
3075 3468 3207 3526 cum
3241 3468 3311 3507 ne
3336 3453 3573 3526 quidem
3594 3450 3677 3510 sit
3701 3450 3837 3526 pars

2172 3523 2452 3597 decima?
2482 3522 2573 3576 vix
2605 3538 2738 3576 eum
2770 3522 3006 3576 initium
3041 3524 3199 3597 istud
3258 3522 3371 3594 est;
3408 3525 3637 3597 nedum
3694 3522 3838 3597 apex

2172 3602 2232 3651 et
2264 3595 2584 3665 fastigium.
2612 3598 2977 3665 Quapropter
3008 3594 3207 3649 malim
3237 3611 3368 3649 cum
3404 3596 3571 3650 Billio
3604 3594 3833 3652 vetere:

2180 3692 2198 3715 α
2233 3666 2572 3738 Colophona
2603 3673 2808 3720 vocant
2832 3666 2995 3739 quod
3026 3666 3183 3721 velut
3214 3682 3315 3720 arx
3344 3673 3401 3722 et
3448 3673 3624 3739 caput
3670 3674 3776 3724 est.
3803 3690 3831 3739 η

2174 3740 2273 3795 Sin
2325 3734 2520 3792 autem
2577 3752 2775 3791 vocem
2832 3734 3005 3809 λόγου
3062 3754 3175 3792 non
3248 3734 3684 3795 «sermonem:
3747 3738 3835 3795 vel

2178 3832 2205 3860 ‹‹
2238 3809 2558 3864 orationem
2587 3829 2615 3855 »
2648 3808 3067 3879 interpreteris,
3091 3809 3189 3863 sed
3215 3810 3571 3878 «rationem,
3603 3835 3623 3859 ι»
3656 3826 3834 3879 quam

2177 3882 2367 3951 reddit
2396 3881 2542 3951 fugae
2574 3895 2691 3933 suae
2723 3878 3055 3951 Gregorius,
3084 3879 3399 3951 intelligas,
3418 3883 3597 3951 favet
3639 3878 3701 3935 τὸ
3744 3902 3832 3935 τε·

2177 3950 2423 4005 λευταῖον
2457 3948 2739 4018 Gregorii,
2773 3948 3055 4006 et‘Basilii
3085 3948 3393 4007 verbum—"0'
3414 3948 3470 4005 δὲ
3524 3949 3836 4006 τελευταῖον

2175 4022 2264 4076 καὶ
2301 4028 2483 4094 μεῖζον
2535 4020 2705 4094 α’ίτιον
2754 4018 3012 4094 δηλονότι
3051 4028 3163 4094 *τῆς
3210 4021 3504 4094 ἀπειθείας·
3539 4024 3621 4077 ἐπ’
3650 4024 3833 4091 αὐτὸν,

2177 4091 2330 4172 φησῖ,
2379 4095 2470 4147 τὸν
2515 4093 2811 4172 κολοιρῷνα
2848 4098 2945 4172 τοῦ
2996 4091 3168 4172 λόγου
3210 4092 3572 4172 παραγέγονα·
3607 4094 3665 4148 ἐκ
3702 4116 3836 4172 παρ-

2178 4162 2369 4238 οιμίας,
2442 4162 2794 4238 καὶῌτο’ὖτο’
2857 4162 3089 4237 ε’ίρηται’
3126 4162 3184 4238 δέ
3241 4162 3502 4238 exi.th
3584 4162 3833 4238 μεγάλων

2178 4186 2359 4238 οιμιας
2442 4186 2531 4218 και
2612 4186 2794 4220 τουτο·
2857 4186 3065 4237 ειρηται
3126 4186 3184 4219 οε
3241 4186 3328 4220 επι
3396 4188 3502 4220 των
3628 4187 3649 4220 ε
3690 4186 3833 4220 αΛων

2175 4238 2263 4313 καῖ
2348 4235 2813 4313 ἀνεπιντιρρἥων,⁸
2847 4238 2936 4291 καὶ
3016 4236 3260 4313 μεγᾴλην
3303 4236 3492 4313 ,ἰσχὺν
3577 4186 3835 4313 έΐχιῖντων.

2184 4334 2204 4359 «
2244 4311 2574 4392 Postrema,
2594 4311 2916 4392 etquidem
2942 4312 3172 4392 caeteris
3197 4311 3404 4392 major.
3422 4311 3838 4392 causae—nimi-

2178 4400 2309 4437 rum
2345 4382 2779 4438 inobedientiaz.
2822 4384 2907 4437 Ad
2939 4384 3297 4453 ipsumjam,
3325 4382 3537 4453 inquit,
3560 4383 3842 4454 Colopho-

2179 4471 2312 4509 nem
2354 4454 2778 4524 orationisjam
2812 4454 3037 4509 deveni.
3090 4454 3466 4509 Proverbium
3516 4455 3673 4510 istud
3726 4459 3837 4525 est,

2179 4526 2509 4595 diciturque
2541 4526 2612 4580 de
2644 4526 3013 4596 gravissimis
3064 4526 3309 4581 minime
3353 4525 3548 4582 dubiis
3598 4542 3665 4583 ac
3712 4527 3840 4582 sine

2180 4596 2594 4660 controversia,
2654 4602 2710 4650 et
2762 4614 2889 4668 qua:
2943 4597 3057 4668 vim
3115 4596 3286 4668 longe
3344 4597 3661 4668 maximam
3724 4597 3837 4652 ha-

409 4667 527 4753 liae
556 4665 1035 4752 interpretatione
1067 4668 1240 4740 plana
1270 4676 1408 4753 sunt
1438 4665 1637 4753 omnia
1662 4688 1674 4736 ;
1727 4672 1924 4726 omnia
1969 4689 2057 4727 co-

2179 4670 2334 4723 bent.
2361 4688 2496 4753 »'-'—-
2546 4665 2837 4750 Proverhii
2889 4665 3539 4753 xokprp‘c‘bvz‘émlue‘éva't‘,
3567 4668 3835 4753 [colopho-

408 4739 645 4815 haerent,
678 4739 982 4815 snperiora
1010 4739 1144 4796 cum
1178 4741 1410 4811 mediis,
1447 4741 1641 4796 media
1672 4758 1806 4797 cum
1836 4746 1895 4799 et
1934 4760 2067 4815 pro-

406 4812 562 4883 xime
591 4813 992 4883 sequentibus.

482 4882 559 4952 (3)
616 4878 711 4959 ’ᾬς
772 4903 934 4959 φησιν
1085 4878 1403 4957 ἐπαγγελία.
1462 4886 1630 4939 Deest
1684 4883 1743 4937 in
1800 4884 2069 4957 pluribus

410 4954 616 5024 Regg.,
634 4954 758 5024 Jes.
784 4954 851 5024 iet
878 4962 973 5011 0r.
1010 4956 1056 5010 1.

482 5022 562 5095 (Α)
586 5023 683 5077 Τὸν
716 5022 1027 5102 κολοιρῷνα.
1066 5050 1091 5075 ‹‹
1128 5024 1543 5102 Colophonem,
1582 5026 1669 5102 ait
1716 5025 2068 5102 Gabrielius,

407 5113 513 5167 pro
545 5102 803 5170 extrema
833 5097 1124 5170 cujusque
1155 5097 1242 5170 rei
1268 5103 1431 5168 parte
1457 5099 1617 5169 poni,
1650 5103 1941 5170 nemorest
1971 5098 2071 5169 qui

410 5165 654 5224 nesciat.
674 5192 702 5219 ››
730 5170 880 5225 Tum
902 5165 1087 5225 refert
1116 5165 1366 5242 σχόλῐον,
1404 5165 1557 5294 quod
1595 5169 1809 5241 reperit
1831 5169 1888 5225 in
1906 5165 2067 5225 vetu-

410 5240 671 5294 stissimo
712 5241 943 5294 codice:
1006 5237 1314 5294 Κολοωῶνα
1373 5236 1403 5292 λ
1438 5260 1594 5294 γουσι
1652 5240 1715 5293 τὸ
1774 5239 2067 5294 ἀκρότατον

407 5240 671 5316 stissimo
712 5241 943 5316 codice:
969 5311 981 5316 _
1006 5236 1314 5316 Kplo'cpdwa
1353 5236 1594 5316 ’λέγουσι
1652 5236 1715 5293 τὸ
1774 5239 2069 5316 ἀκρότατον

406 5310 1065 5387 καὶτὸμκεφᾴλαιονίάπό
1120 5309 1321 5381 ταύτης
1384 5309 1646 5387 ἴστορίας,
1696 5316 1804 5387 etc.
1844 5309 2069 5387 "(Scho—

406 5381 549 5436 lium
583 5381 739 5439 istud
776 5402 891 5441 non
929 5386 984 5440 in
1020 5402 1136 5440 uno
1170 5390 1398 5440 tantum
1422 5381 1820 5440 vetustissimo
1851 5381 2070 5452 codice,

410 5454 511 5508 sed
544 5455 603 5508 in
638 5455 853 5527 plurib.
887 5457 1084 5529 Regiis
1126 5462 1185 5512 et
1233 5455 1435 5529 Colb.)
1478 5477 1506 5505 «
1538 5454 1931 5529 Colophonem
1978 5473 2072 5512 vo-

411 5530 547 5599 cant
576 5532 891 5584 extremam
924 5527 999 5585 ac
1016 5544 1312 5584 summam
1345 5528 1638 5599 cujusque
1665 5527 1744 5582 rei
1768 5534 2011 5599 partem.
2043 5551 2065 5581 ι

410 5596 559 5683 illinc
590 5605 808 5683 veteres
831 5600 1117 5683 proverbii
1151 5601 1275 5656 loco
1317 5593 1851 5683 dicerq'xolopf'ﬁva
1899 5598 2073 5683 ἔπιτιέ

409 5665 583 5745 θέναρἶ
602 5692 630 5721 ‹‹
655 5665 1301 5745 fastigiumimponere.
1326 5692 1346 5720 ιι
1371 5670 1464 5727 Sic
1486 5665 1926 5745 Demosthenes.
1944 5672 2074 5745 ep.3

412 5741 485 5801 ad
515 5740 887 5821 Dionysium.
918 5742 1050 5801 Alia
1069 5740 1217 5803 addi
1245 5745 1484 5819 possent
1522 5742 1807 5818 exempla.
1854 5740 2074 5802 Verum

2179 4757 2302 4795 nam
2333 4738 2558 4804 addere,
2591 4738 2874 4811 originem
2909 4738 3270 4811 inde‘Strabo
3298 4739 3538 4811 deducit
3562 4738 3653 4809 (14
3702 4738 3839 4795 ante

2180 4812 2359 4880 med.)
2391 4811 2543 4881 quod
2576 4810 2918 4882 ColOphonii
2948 4811 3006 4865 in
3041 4810 3209 4866 bellis
3241 4810 3383 4865 adeo
3404 4811 3669 4881 equitatu
3692 4826 3838 4882 prie-

2180 4883 2415 4938 stabant
2442 4883 2667 4937 caeteris
2697 4881 3057 4951 nationibus,
3091 4886 3155 4937 ut
3183 4898 3534 4953 quocunque
3556 4881 3837 4953 accessis-

2181 4959 2311 5009 sent
2339 4954 2396 5007 iu
2430 4953 2736 5019 auxilium,
2768 4954 3069 5009 victoriam
3102 4952 3371 5025 parerent
3399 4952 3456 5009 et
3488 4952 3636 5008 bello
3660 4954 3835 5009 ﬁnem

2180 5026 2564 5092 imponerent.
2600 5025 2940 5082 Foncnnum
2971 5027 3044 5081 ad
3074 5042 3271 5081 vocem.

2253 5098 2329 5165 45)
2371 5092 2747 5160 Τηλικούτων.
2807 5104 2895 5154 lta
2948 5096 3175 5154 Coisl.1
3234 5101 3291 5153 et
3329 5112 3428 5152 sex
3482 5095 3684 5152 Colb.:
3744 5096 3838 5153 ed.

2177 5166 2526 5236 τηλικοῦτον.

2255 5241 2330 5310 (6)
2362 5235 2785 5310 Καὶλπιότατον.
2844 5238 3051 5296 Glossa
3108 5238 3289 5294 videri
3342 5238 3529 5310 possit
3579 5237 3778 5310 addita
3811 5254 3846 5293 a

2181 5308 2609 5367 PariSiensibus
2641 5327 2707 5367 ex
2758 5310 2947 5368 Billio.
2992 5312 3154 5367 Hanc
3202 5308 3398 5367 tamen
3443 5311 3559 5366 duo
3612 5309 3842 5367 codices

2181 5383 2475 5439 exhibent.

2255 5456 2329 5523 (7)
2356 5448 2818 5527 'Equpa._Coisl.
2847 5457 2900 5525 2,
2936 5448 3151 5527 εὔυδρα,
3194 5454 3277 5509 sic
3328 5452 3424 5508 Or.
3557 5455 3637 5527 et_
3664 5452 3839 5508 Elias.

2254 5528 2332 5597 (8)
2380 5523 2677 5597 Βακτηρίᾳ.
2732 5550 2758 5575 ‹‹
2798 5523 3010 5581 Pedo.»
3065 5523 3263 5581 minus
3310 5523 3542 5597 proprie
3605 5524 3678 5579 de
3742 5541 3845 5580 ar-

2183 5596 2493 5653 mentario.
2529 5596 2662 5651 Ruf.
2697 5618 2725 5645 «
2757 5597 2990 5668 virga.»
3028 5597 3172 5654 Gab.
3206 5621 3233 5648 ‹‹
3270 5596 3500 5652 bacillo.
3524 5616 3553 5668 ξ)

2256 5669 2333 5741 (9)
2364 5668 2606 5741 Καὶ,ποῦ
2659 5687 2732 5722 τι.
2784 5664 2928 5726 Οιῐω
2976 5670 3148 5727 unico
3198 5672 3439 5725 accentu
3488 5666 3685 5739 plures
3732 5664 3839 5721 ha-

2183 5739 2326 5800 bent
2356 5739 2525 5798 codd.
