4110 6400
309 395 428 456 419

1556 388 1621 447 8.
1671 384 2042 448 GltEGORII
2094 386 2491 447 THEOLOGI

3617 385 3745 446 422

309 530 501 594 erunt,
534 531 591 582 et
622 526 680 580 in
712 524 959 595 pulchra
989 521 1171 577 herba
1218 536 1431 591 corpus
1480 525 1737 575 sternere
1789 524 1942 590 atqui

2079 517 2183 572 ὐπὸ
2236 524 2354 580 ταῖς
2406 516 2595 594 αὔραις
2648 514 2928 593 σχεδιάσαι
2975 510 3219 585 στιϐάδα,
3251 515 3340 571 καὶ
3386 521 3495 571 ποῦ
3544 537 3596 572 τι
3645 518 3739 572 καὶ

305 632 487 690 prope
518 614 774 687 gelidam
807 630 1019 683 aquam
1053 617 1109 666 et
1140 609 1247 665 sub
1281 609 1582 663 lenissima
1611 626 1753 663 aura
1784 607 1966 664 lectu-

308 705 434 761 lum
483 722 552 760 οι
600 709 864 774 tempore
922 700 1312 771 compingere,
1373 698 1725 752 amatorium
1785 696 1962 753 etiam

308 793 591 865 quiddam
618 808 749 846 cum
783 792 877 845 17
916 787 1168 860 cissybio
1201 784 1523 853 cantillare,
1579 802 1645 841 ac
1695 802 1833 842 oves
1875 785 1962 841 vel

308 883 485 937 boves
515 880 754 951 alioqui.
775 885 830 935 et
856 897 925 934 ex
944 880 1032 932 his
1057 877 1234 932 etiam
1260 875 1681 946 pinguissimas
1701 892 1965 947 quasque

306 970 628 1035 comedere,
659 974 761 1023 aut
791 968 974 1040 pretio
1007 967 1293 1021 addicere.
1356 965 1603 1019 Virtutis
1651 981 1782 1020 vero
1834 982 1961 1036 gre-

304 1074 445 1131 gum
478 1064 579 1113 aut
607 1062 1005 1112 armentorum
1039 1072 1109 1109 ne
1138 1052 1439 1108 levissima
1489 1053 1725 1121 quidem
1775 1055 1961 1108 ullum

2074 605 2333 681 ἐρωτνκὸν
2368 606 2490 677 ᾆσαι
2548 608 2681 678 μετὰ
2723 610 2820 661 τοῦ
2870 601 3154 660 κισσυϐίου
3188 607 3321 678 (10),
3353 604 3445 660 καὶ
3484 605 3739 681 προσλα-

2076 694 2243 765 λῆσαι
2289 702 2407 758 ταῖς
2460 696 2644 773 βουσὶν
2684 698 2717 765 ἢ
2765 700 2833 768 τῇ
2885 695 3111 768 ποίμνῃ·
3159 695 3246 749 καὶ
3304 696 3513 749 τούτων
3561 694 3738 751 αὐτῶν

2074 788 2420 857 θοινήσασθιοι
2453 792 2565 861 (11)
2612 789 2647 857 ἢ
2696 784 2991 841 ἀποδόσθαι
3052 787 3114 840 τὸ
3170 786 3451 844 πιότατον.
3506 790 3733 863 Ἀρετῆς

2077 873 2133 931 δὲ
2165 874 2341 939 οὐδείς
2380 898 2467 931 πω
2526 876 2800 949 ποιμνίων
2846 878 2961 949 (12)
2991 876 3025 944 ἢ
3065 873 3370 950 βουκολίων
3432 874 3731 952 ἐφρόντισε.

2074 965 2164 1026 Τίς
2224 966 2327 1040 γὰρ
2387 965 2475 1020 καὶ
2534 965 2696 1041 ἀρετὴ
2757 964 3070 1032 το·5των;ἢ
3112 964 3195 1025 τίς
3248 964 3309 1018 τὸ
3360 963 3587 1027 ἐκείνοις
3619 968 3734 1040 (13)

2076 1052 2242 1110 καλὸν
2274 1056 2378 1130 πρὸ
2406 1061 2505 1123 τῆς
2541 1053 2679 1115 ἰδίας
2710 1052 2915 1124 ἡδονῆς
2948 1052 3245 1127 ὲσκέψατος

302 1164 563 1220 unquam
597 1164 737 1201 cura
766 1146 974 1217 tetigit.
1007 1144 1139 1208 Quae
1172 1143 1329 1197 enim
1381 1140 1564 1196 virtus
1598 1158 1800 1197 eorum
1830 1159 1958 1198 esse
1990 1145 2215 1214 queat?
2247 1151 2347 1199 aut
2404 1146 2533 1216 quis
2593 1162 2796 1201 eorum
2843 1146 3223 1201 commodum
3299 1145 3493 1216 potius
3540 1162 3718 1218 quam

300 1236 654 1308 voluptatem
687 1250 855 1289 suam
890 1234 1177 1305 spectavit
1203 1233 1230 1287 Ῥ

371 1324 437 1380 Χ.
469 1326 541 1380 At
563 1339 696 1379 vero
727 1322 952 1378 homini
984 1339 1119 1377 cum
1152 1324 1389 1380 difﬁcile
1421 1324 1494 1379 sit
1524 1322 1674 1377 scire
1735 1335 1957 1391 parere,

300 1418 428 1471 tum
460 1413 647 1469 multo
679 1411 980 1468 difﬁcilius
1011 1428 1140 1468 esse
1169 1413 1418 1481 videtur,
1451 1413 1598 1468 scire
1620 1410 1960 1466 hominibus

300 1504 609 1575 imperare,
634 1518 701 1557 ac
724 1500 1049 1573 praesertim
1078 1500 1136 1556 in
1160 1501 1269 1557 hoc
1291 1506 1489 1558 nostro
1512 1498 1776 1572 imperio,
1804 1496 1960 1569 quod

300 1594 359 1648 in
389 1592 517 1665 lege
548 1591 746 1647 divina
777 1590 958 1645 situm
990 1594 1096 1657 est,
1130 1594 1186 1646 et
1216 1592 1286 1646 ad
1326 1593 1505 1647 Deum
1540 1589 1737 1645 ducit:
1790 1589 1960 1657 cujus

298 1697 414 1755 quo
450 1683 643 1751 majus
682 1683 773 1734 est
827 1678 1145 1749 fastigium,
1206 1683 1513 1751 majorque
1561 1678 1837 1748 dignitas,
1892 1692 1958 1733 eo

297 1771 473 1826 etiam
509 1770 700 1839 majus
724 1766 1045 1839 periculum
1074 1773 1181 1835 est,
1213 1769 1484 1839 prudenti
1510 1768 1709 1838 utique
1732 1764 1957 1820 homini

296 1865 353 1914 et
385 1859 642 1914 cordato.
688 1857 913 1928 Quippe
967 1858 1055 1911 cui
1116 1858 1371 1928 primum
1423 1858 1567 1911 illud
1627 1856 1954 1911 curandum

2141 1321 2197 1377 ι’.
2232 1321 2533 1396 Ἀτθρώπῳ
2564 1317 2623 1375 δὲ
2680 1318 2930 1396 χαλεποῦ
2974 1315 3129 1382 ὄντος
3173 1324 3270 1374 τοῦ
3322 1317 3512 1375 εἰδέναι
3560 1320 3695 1397 ἄρχε

2069 1411 2207 1480 σθαι,
2258 1407 2555 1465 κινδυνεύει
2604 1412 2714 1482 (14)
2774 1407 2973 1481 πολλῷ
3024 1408 3415 1485 χαλεπώτερον
3478 1408 3611 1464 εἶναι
3655 1411 3720 1464 τὸ

2069 1496 2263 1554 είδὲναι
2295 1497 2483 1575 ἄρχειν
2516 1499 2838 1572 ἀνθρώπων,
2870 1499 2959 1553 καὶ
2990 1497 3228 1571 μάλιστα
3260 1495 3325 1567 δὴ
3380 1498 3559 1574 ἀρχὴν
3599 1498 3726 1554 ταύ-

2064 1608 2164 1657 την
2196 1592 2308 1657 (15)
2334 1590 2434 1657 τὴν
2480 1589 2770 1662 ἡμετέραν,
2802 1589 2901 1656 τὴν
2945 1586 2996 1641 ἐν
3039 1586 3194 1660 νόμῳ
3244 1587 3395 1660 θείῳ,
3452 1588 3543 1642 καὶ
3587 1588 3723 1663 πρὸς

2068 1676 2195 1730 Θεὸν
2230 1675 2486 1750 ἄγουσαν,
2516 1679 2581 1745 ἧς
2615 1677 2737 1731 ὅσον
2770 1677 2832 1732 τὸ
2862 1676 2998 1750 ὕψος
3029 1674 3119 1731 καί
3163 1676 3225 1731 τὸ
3268 1676 3503 1749 ἀξίωμα,
3530 1680 3724 1732 τοσοῦ-

2066 1786 2159 1826 τος
2207 1766 2298 1820 καὶ
2347 1768 2373 1821 ὁ
2424 1764 2667 1828 κίνδυνος
2717 1767 2797 1838 τῷ
2827 1787 2887 1841 γε
2916 1770 3040 1820 νοῦν
3076 1761 3282 1840 ἔχοντι.
3315 1767 3409 1819 "Ov
3462 1787 3523 1841 γε
3572 1770 3723 1842 πρῶ-

2064 1875 2155 1908 τον
2211 1856 2303 1926 μὲν
2358 1852 2561 1925 δεήσει,
2608 1857 2848 1930 καθάπερ
2900 1856 3193 1930 ἄργυρονῆ
3240 1855 3465 1929 χρυσὸν,
3516 1876 3722 1910 παντα-

299 1947 428 2016 erit,
460 1950 526 2001 ut
558 1945 782 2019 argenti
815 1950 990 2017 atque
1021 1946 1149 2000 auri
1208 1946 1413 2011 instar,
1467 1946 1626 2000 omni
1676 1961 1745 1999 ex
1795 1950 1942 2015 parte

2066 1943 2226 2018 χόθεν
2262 1945 2645 2021 στρεφόμενον,
2679 1944 2765 1999 καὶ
2794 1944 2847 1999 ὲν
2889 1944 3170 2006 παντοίοις
3204 1947 3315 2016 (16)
3365 1950 3579 2020 καιροῖς
3630 1945 3721 2000 καὶ

297 2042 588 2103 versatus,
620 2042 794 2106 atque
824 2036 883 2090 in
915 2036 1192 2090 omnibus
1241 2036 1605 2105 temporibus
1646 2038 1703 2089 et
1754 2034 1948 2101 rebus,

298 2142 591 2197 nusquam
622 2125 978 2180 adulterium
1004 2130 1103 2179 aut
1135 2125 1492 2179 subaeratum
1526 2125 1806 2195 quiddam
1840 2122 1953 2178 tin-

296 2218 440 2283 niat,
466 2213 729 2285 nihilque
752 2214 1055 2269 deterioris
1076 2214 1353 2281 materiae,
1379 2212 1952 2285 ﬂammaqueacriori

296 2305 506 2376 dignae,
539 2304 599 2358 in
633 2304 823 2375 seipso
855 2308 1041 2375 gestet
1070 2304 1147 2359 ":
1204 2321 1339 2358 nam
1375 2302 1593 2374 alioqui
1632 2306 1793 2357 tanto
1824 2317 1951 2371 gra-

292 2394 423 2451 vius
457 2393 677 2449 malum
710 2393 902 2457 fuerit,
936 2398 1154 2464 quanto
1186 2392 1455 2465 pluribus
1486 2391 1807 2462 imperarit.
1867 2390 1950 2445 Si-

292 2482 533 2555 quidem
562 2484 750 2553 major
779 2486 966 2537 estea
1006 2482 1373 2553 improbitas,
1428 2498 1561 2553 qum
1609 2482 1680 2536 ad
1732 2479 1951 2537 multos

290 2573 489 2644 serpit,
525 2588 699 2643 quam
731 2588 799 2627 ea
826 2588 953 2643 quis
986 2571 1046 2626 in
1080 2588 1195 2627 uno
1227 2572 1417 2626 deﬁxa
1449 2571 1648 2627 haeret.

359 2661 450 2716 Xl.
485 2660 678 2732 Neque
710 2660 862 2716 enim
896 2660 986 2716 vel
1018 2659 1393 2716 indelebilem
1441 2661 1758 2715 tincturam
1813 2676 1950 2730 pan-

289 2766 422 2820 nus,
455 2750 542 2805 vel
577 2750 845 2805 foetidum
883 2755 983 2805 aut
1014 2766 1252 2805 suavem
1284 2751 1522 2805 odorem
1557 2767 1647 2804 res
1703 2749 1949 2803 admotae

287 2839 369 2894 ita
397 2837 563 2894 facile
592 2838 967 2903 contrahunt,
1016 2838 1103 2893 vel
1163 2838 1414 2894 exitialis
1476 2839 1715 2909 quidam
1770 2854 1950 2908 vapor

290 2932 412 2982 tam
447 2925 611 2981 facile
644 2928 702 2981 in
736 2943 926 2982 aerem
961 2928 1331 2994 diffunditur,
1364 2944 1429 2982 ac
1463 2946 1563 2999 per
1593 2943 1784 2982 aerem
1818 2943 1947 2981 anim

290 3016 514 3071 mantia
540 3022 801 3086 occupat,
837 3017 993 3086 quod
1019 3016 1255 3085 quidem
1282 3016 1460 3088 pestis
1487 3022 1542 3070 et
1562 3023 1651 3071 est
1672 3021 1728 3071 et
1749 3012 1948 3087 appel-

290 3105 466 3173 latur,
490 3122 665 3175 quam
690 3104 1225 3169 subditi,antistitis
1248 3103 1622 3175 improbitate
1648 3103 1948 3161 celerrime

289 3192 520 3265 impleri
548 3192 757 3259 solent,
792 3199 849 3248 et
878 3192 1111 3263 quidem
1147 3192 1331 3249 multo
1364 3193 1591 3248 facilius
1622 3211 1789 3266 quam
1837 3193 1947 3249 vir-

288 3286 432 3338 tute.
465 3282 583 3337 Hoc
617 3282 770 3337 enim
813 3287 920 3351 est,
955 3282 1012 3336 in
1048 3299 1163 3354 quo
1206 3281 1553 3354 improbitas
1595 3284 1944 3354 probitatem

284 3371 538 3427 maxime
569 3375 831 3443 superat,
867 3375 923 3427 et
964 3372 1119 3443 quod
1178 3371 1303 3442 ipse
1361 3388 1591 3427 mecum
1642 3376 1944 3444 reputans,

282 3459 697 3533 indignissime
724 3467 898 3531 atque
930 3460 1305 3516 acerbissime
1332 3461 1448 3517 fero
1476 3480 1487 3527 ;
1514 3462 1666 3531 quod
1696 3479 1827 3517 cum
1853 3478 1944 3517 res

280 3548 545 3621 quaedam
575 3549 647 3604 ad
676 3549 1031 3604 imitandum
1070 3566 1250 3620 prona
1275 3554 1330 3604 et
1346 3550 1617 3621 expedita
1635 3550 1711 3606 sit
1732 3550 1943 3622 impro-

277 3639 452 3707 bitas,
486 3655 589 3693 nec
621 3638 945 3710 quidquam
972 3644 1092 3693 tam
1128 3638 1292 3693 facile
1327 3639 1424 3705 sit,
1486 3655 1664 3710 quam
1717 3639 1941 3695 malum

274 3727 421 3797 ﬁeri,
453 3727 685 3782 etiamsi
721 3743 892 3782 nemo
925 3728 1133 3782 ducem
1168 3744 1228 3783 se
1262 3728 1432 3783 nobis
1460 3729 1531 3782 ad
1565 3728 1769 3783 vitium
1795 3745 1938 3801 prie-

274 3815 425 3883 beat,
460 3832 592 3871 rara
640 3820 836 3871 tamen
899 3821 955 3871 et
1010 3818 1194 3872 ardua
1251 3822 1340 3872 est
1396 3817 1631 3873 virtutis
1680 3819 1934 3893 adeptio,

272 3903 599 3975 quamlibet
627 3904 802 3959 etiam
839 3904 1024 3959 multa
1052 3907 1190 3977 sint,
1242 3922 1373 3977 quae
1405 3922 1510 3960 nos
1551 3907 1621 3961 ad
1655 3924 1781 3963 eam
1814 3910 1937 3962 tra-

271 3992 417 4047 hant
448 4001 499 4047 el
531 3991 794 4047 invitent.
850 3994 1013 4059 Quod
1073 3993 1246 4048 etiam
1298 3992 1497 4065 ipsum
1532 4010 1566 4048 a
1595 3994 1935 4050 beatissimo

342 4098 390 4133 ⁸³
420 4098 443 4153 l
473 4098 602 4153 Cor.
638 4113 723 4164 ιιι,
759 4099 825 4152 12
864 4104 922 4153 et
952 4116 1076 4170 seq.

346 4221 459 4298 (10)
516 4219 662 4298 Μετά
716 4224 812 4298 τοῦ
872 4216 1171 4298 modestae.
1242 4224 1414 4279 Deest
1464 4224 1523 4278 in
1583 4229 1709 4298 octo
1769 4226 1905 4298 Reg.

274 4272 1931 4374 quidam.Jesggoegr,.;e.(est;sese:H.133

272 4364 507 4437 quidem
528 4369 828 4437 utorgano
853 4365 1096 4434 musico,
1123 4366 1222 4421 sed
1245 4383 1311 4421 eo
1334 4369 1404 4421 ad
1434 4364 1585 4422 latus
1608 4364 1929 4437 pendente;

272 4452 408 4512 nam
442 4434 759 4512 cissybium
805 4441 892 4490 est
948 4438 1140 4510 poculi
1195 4454 1405 4512 genus
1444 4434 1932 4512 pasto—rumproQ

270 4505 486 4581 prium,
513 4504 625 4581 ἀπδ
656 4506 753 4581 τοι
791 4504 1000 4577 κισσοῦ,
1061 4504 1226 4581 quod
1267 4510 1338 4565 ab
1396 4504 1609 4565 hedera
1659 4504 1810 4567 ﬁeri'
1842 4512 1930 4569 vel

266 4578 619 4635 circumdari
652 4580 881 4635 soleret.

2063 2034 2362 2107 πράγμασι,
2416 2033 2674 2106 μηδαμοῦ
2730 2029 2999 2104 κίϐδηλον
3058 2035 3218 2109 ἠχεῖν
3278 2034 3311 2097 ἣ
3372 2030 3717 2109 ὑπόχαλκον,

2068 2119 2208 2193 μηδέ
2238 2142 2287 2175 τι
2316 2124 2493 2199 φερειν
2522 2122 2571 2177 ἐν
2603 2124 2775 2194 ἑαυτῷ
2808 2122 2945 2191 ὕλης
3002 2130 3103 2192 τῆς
3155 2122 3426 2197 χείρονος,
3459 2124 3547 2177 καὶ
3597 2136 3713 2198 θερ-

2068 2210 2298 2285 μοτέρου
2363 2212 2533 2285 πυρὸς
2573 2212 2739 2282 ἀξίας·
2794 2214 2827 2280 ἢ
2871 2211 3116 2283 τοσούτῳ
3195 2217 3376 2285 μεῖζον
3424 2208 3568 2266 ἔσται
3620 2233 3712 2265 κα-

2060 2300 2173 2369 κὸν,
2209 2300 2319 2373 ὅσῳ
2350 2322 2449 2376 περ
2486 2300 2543 2355 ἂν
2596 2298 2742 2377 ἄρχῃ
2790 2300 3059 2357 πλειόνων
3092 2304 3226 2374 (47)·
3264 2300 3405 2375 εἶ’περ
3449 2300 3537 2355 καὶ
3588 2300 3705 2372 μεί-

2066 2394 2169 2458 ζων
2196 2392 2296 2458 τῆς
2326 2389 2447 2466 περῖ
2479 2387 2571 2445 ἕνα
2603 2391 2899 2464 ἱσταμένης
2946 2391 3211 2463 πονηρίας
3264 2393 3297 2460 ἡ
3345 2389 3417 2451 είς
3462 2387 3708 2451 πολλοὺς

2062 2476 2343 2535 ὁδεύουσα.

2132 2658 2235 2714 ΙΔ’.
2269 2656 2342 2711 Οὐ
2373 2658 2473 2733 γὰρ
2524 2655 2697 2719 οὕτως
2748 2657 2871 2712 οὕτε
2926 2654 3250 2712 δευσοποιοῦ
3308 2657 3486 2734 βαφῆς
3548 2676 3717 2731 μετα-

2060 2741 2328 2819 λαμϐάνει
2362 2744 2560 2820 ῥᾳδίως
2594 2745 2834 2823 ὕφασμα,
2870 2743 2993 2801 οὔτε
3034 2743 3299 2808 δυσωδίας
3344 2748 3379 2817 ἣ
3426 2750 3523 2800 τοῦ
3572 2746 3720 2801 ἔναν-

2058 2836 2176 2890 τίου
2225 2836 2287 2889 τὸ
2336 2834 2664 2906 πλησιάσαν,
2699 2832 2821 2890 οὔτε
2870 2837 3063 2911 νοσερά
3109 2857 3194 2898 τις
3245 2835 3418 2898 οὕτως
3472 2834 3715 2898 εὐκόλως

2058 2925 2338 3000 ἀναχεῖται
2400 2924 2474 2986 είς
2526 2926 2617 2978 τὸν
2676 2926 2945 3001 ἀὲρα,καὶ
3006 2924 3093 2979 διὰ
3155 2930 3252 2980 τοῦ
3310 2924 3464 3001 ἀὲρος
3525 2923 3717 2998 ὁμιλεῖ

2057 3020 2173 3076 τοῖς
2206 3015 2365 3082 ζώοις
2398 3012 2581 3086 ἀτμῖς,
2616 3014 2643 3068 ὃ
2673 3011 2738 3082 δὴ
2776 3013 2975 3087 λοιμός
3008 3013 3117 3069 ἐστί
3149 3036 3205 3069 τε
3237 3018 3343 3087 (18)
3369 3015 3457 3068 καὶ
3506 3015 3715 3087 ὁνομά-

2061 3109 2224 3173 ζεται,
2259 3104 2332 3165 ὠς
2388 3101 2540 3180 φιλεῖ
2592 3104 2825 3178 τάχιστα
2880 3111 2979 3173 τῆς
3035 3108 3132 3158 τοῦ
3192 3108 3537 3177 προεστῶτος
3597 3106 3713 3176 (19)

2056 3193 2245 3254 κακίας
2305 3191 2752 3265 ἀναπίμπλασθαι
2808 3192 2871 3247 τὸ
2926 3193 3191 3264 ὑπήκοον,
3251 3192 3340 3248 καὶ
3410 3191 3609 3265 πολλῷ
3653 3213 3715 3268 γε

2061 3282 2185 3359 ῥᾷον
2227 3283 2384 3351 ἢτοῦ
2430 3281 2691 3354 ἐναντίου,
2721 3289 2821 3351 τῆς
2873 3282 3088 3358 ἀρετῆς.
3120 3286 3289 3337 Τοῦτο
3336 3283 3439 3359 γάρ
3490 3283 3629 3338 ἔστιν
3682 3282 3712 3337 ὃ

2062 3370 2297 3445 μάλιστα
2328 3374 2440 3445 (20)
2486 3368 2805 3426 πλεονεκτεῖ
2859 3372 2958 3439 τὴν
3016 3369 3411 3448 καλοκαγαθίαν
3458 3373 3493 3441 ἡ
3544 3391 3713 3442 πονη-

2057 3460 2166 3537 ρία,
2200 3461 2289 3515 καὶ
2339 3461 2367 3515 ὃ
2422 3460 2659 3533 μάλιστα
2718 3460 2826 3535 ἐγὼ
2887 3457 3229 3537 δυσχεραίνω
3285 3465 3584 3533 κατανοῶν,
3630 3458 3713 3515 ὅτι

2054 3549 2367 3620 εὐζήλωτον
2425 3548 2517 3622 μέν
2563 3570 2613 3603 τι
2662 3549 2751 3603 καὶ
2794 3549 3093 3626 πρόχειρον
3119 3552 3229 3624 (21)
3261 3555 3490 3625 πρᾶγμα
3538 3552 3573 3619 ἡ
3609 3571 3713 3623 μο-

2051 3638 2274 3714 χθηρία,
2308 3638 2395 3692 καὶ
2438 3635 2590 3693 οὐδὲν
2647 3638 2791 3693 οὕτω
2844 3636 3051 3713 ῥᾴδιον,
3088 3639 3163 3701 ὡς
3210 3639 3272 3693 τὸ
3317 3638 3560 3715 γενέσθαι
3609 3659 3712 3694 κα-

2048 3729 2162 3798 κὸν,
2212 3728 2306 3782 κᾶν
2356 3730 2467 3800 (22)
2521 3727 2565 3781 εί
2602 3729 2675 3799 μὴ
2721 3725 2881 3803 τύχοι
2931 3728 3070 3803 πρὸς
3118 3726 3318 3798 ταύτην
3387 3730 3502 3798 (23)
3558 3729 3708 3801 ἡμᾶς

2048 3816 2191 3893 ἄγων
2242 3814 2451 3889 μηδείς·
2506 3815 2726 3870 σπάνιον
2780 3813 2837 3870 δὲ
2884 3818 2918 3885 ἡ
2970 3820 3068 3870 τοῦ
3117 3816 3319 3891 ἀγαθοῦ
3377 3823 3568 3886 κτῆσις
3614 3816 3705 3871 καί

2046 3907 2363 3981 πρόσαντες,
2394 3905 2491 3959 κᾶν
2522 3906 2566 3959 εί
2614 3904 2757 3959 πολὺ
2806 3905 2868 3960 τὸ
2912 3903 3174 3979 μεθέλκον
3228 3904 3311 3974 εἷὴ
3366 3906 3455 3961 καὶ
3497 3926 3703 3982 προκα-

2047 3996 2332 4070 λούμενον.
2366 3994 2465 4049 Καὶ
2522 3994 2683 4049 τοῦτό
2744 3994 2882 4049 ἐστιν
2918 3993 2948 4049 ὅ
2982 4016 3075 4068 μοι
3137 3992 3291 4050 δοκεῖ
3339 3994 3427 4050 καὶ
3463 3996 3491 4050 ὁ
3529 4016 3703 4069 μακα-

2044 4248 2200 4297 nere,
2234 4229 2566 4302 cujusmodi
2597 4232 2693 4302 est
2718 4232 3003 4297 nostrum,
3038 4230 3192 4302 quod
3226 4229 3283 4302 in
3328 4228 3479 4302 lege
3506 4228 3702 4286 divina

2043 4301 2445 4375 positum’est,
2476 4301 2647 4375 etad
2668 4301 2850 4355 Deum
2903 4301 3186 4375 perducit.
3238 4301 3419 4375 Cujus
3468 4301 3700 4373 imperii

2086 4380 2261 4429 uanta
2290 4378 2380 4428 est
2411 4372 2767 4438 sublimitas,
2800 4398 2821 4425 ι
2858 4378 2966 4428 etc.
3000 4373 3221 4437 Quibus
3253 4373 3445 4429 verbis
3509 4372 3701 4430 sacer-

2086 4393 2261 4429 uania
2290 4393 2380 4428 eet
2411 4393 2767 4438 διιοιιιιιιιιιε,
2800 4398 2821 4425 ι
2858 4393 2966 4428 σω.
3000 4393 3221 4437 uulnus
3253 4393 3445 4429 vernis
3509 4393 3591 4429 εει

2043 4393 2183 4501 dotii
2222 4449 2562 4515 potestatem
2594 4453 2797 4499 contra
2821 4443 3176 4500 Salmasium
3210 4445 3591 4500 demonstrat.

2112 4514 2231 4588 (16)
2257 4514 2565 4588 Παντοίοις.
2603 4536 2631 4588 ‹ς
2665 4517 2730 4588 ln
2760 4516 3025 4587 cujusvis
3056 4516 3285 4588 generis
3334 4517 3702 4588 temporibus

2040 4594 2097 4645 et
2122 4589 2392 4659 negotiis,
2416 4608 2442 4639 ιο
2478 4587 2736 4642 Combef.

336 4651 452 4719 (11)
510 4652 889 4720 Θοινήσασθαι.
943 4654 1254 4725 Exponunt
1304 4651 1462 4707 Colb.
1520 4670 1575 4707 m
1629 4659 1687 4709 et
1742 4654 1837 4711 ΟΡ.
1875 4658 1927 4724 1,

336 4722 471 4760 μνῆ-λυ
532 4722 983 4760 ιπηηηεηέυνηραη.
1061 4726 1113 4760 ιιι
1170 4731 1253 4760 Mi
1330 4725 1549 4760 ,ιηιιιηα
1603 4732 1652 4760 οι
1717 4727 1921 4760 muni.

2110 4662 2223 4760 5.132
2252 4659 2457 4760 iter;
2492 4665 2709 4760 iiii}?
2742 4655 3271 4760 ιιιεξηξρξιξηθξεὶ·

264 4722 471 4848 τροφέλν
532 4722 1117 4797 προσενέγκασθαιίὶό
1170 4731 1275 4792 est,
1330 4725 1551 4780 «cibos
1603 4732 1658 4780 et
1716 4722 1929 4799 pabula

270 4811 385 4848 orae
430 4811 595 4848 ere.»

312 4811 544 4850 I‘EBDBI‘B.
569 4817 595 4844 )>

312 4812 595 4850 rabere.»

268 4812 304 4866 Ρ
340 4866 450 4936 (12)
494 4862 694 4942 ΟὐδείςΔ
746 4888 831 4942 πω
888 4866 1271 4942 ποιμνίωνηι(
1304 4867 1547 4942 Virtutis
1608 4886 1743 4925 vero
1788 4887 1922 4942 gre-

267 4950 429 5013 gum,
458 4942 618 5013 n‘etc.
644 4938 730 4992 Sic
751 4940 924 5007 Elias,
952 4938 1143 4995 Ruﬁn.
1186 4939 1329 4995 Oliv.
1377 4946 1433 4994 et
1467 4940 1608 4995 Gab.
1660 4938 1919 5013 Gregorii

266 5006 441 5060 verba
484 5007 960 5085 interpretantur.
1016 5013 1376 5085 Bilius__vero
1425 5028 1622 5067 curam
1679 5014 1747 5068 ad
1775 5006 1924 5085 wgre-

268 5092 403 5153 gem
431 5079 631 5153 refert,
660 5086 717 5134 et
766 5086 845 5137 sic
893 5086 1100 5139 vertit:
1153 5082 1462 5137 «Virtutis
1514 5101 1683 5153 porro
1731 5079 1923 5142 negle-

264 5148 509 5203 vissima
539 5151 774 5233 quidem
809 5173 947 5211 cura
978 5171 1213 5227 gregem
1250 5153 1433 5209 ullum
1460 5148 1563 5209 aut
1588 5162 1920 5213 armentum

271 5236 534 5287 unquam
569 5225 775 5287 tetigit.
798 5248 826 5275 ››

300 5288 932 5372 ’(13)Ἰ’-ίς“ςῐὸῖκείνοις-.
996 5303 1166 5372 Deest
1201 5295 1280 5356 τίς
1332 5297 1393 5349 in
1451 5301 1745 5372 seruReg.
1798 5299 1924 5372 ple-

265 5362 464 5441 risque
486 5362 646 5441 C_olb.
679 5383 691 5420 :
720 5366 865 5441 ζει,
889 5368 1268 5441 Or.1,babent
1287 5374 1481 5441 tamen
1496 5368 1593 5422 alii
1622 5362 1734 5424 non
1754 5362 1925 5441 pauci

266 5429 383 5487 Proi
420 5429 664 5507 ἐκείνοις,
725 5429 864 5510 Reg:
929 5441 955 5495 1
1011 5429 1188 5497 habet
1245 5437 1474 5511 ἐκείνης,
1534 5429 1772 5513 nempe.
1798 5442 1920 5498 ποί-

267 5522 430 5575 μνης.

477 5574 802 5651 Ιςινδυνεύει.
837 5582 1008 5641 Coisl.
1045 5586 1096 5651 1,
1128 5579 1477 5641 κινδυνεύσει.

340 5648 455 5720 (15)
500 5647 709 5726 Ἀρχὴν
768 5652 987 5723 ταύτην.
1046 5647 1244 5713 Petav.
1302 5661 1347 5711 ι.
1407 5655 1502 5726 ΙΙΙ,
1554 5653 1659 5712 lib.
1714 5659 1917 5718 Εοοιιε.

340 5666 455 5720 (ιθ)
514 5666 563 5701 Α
602 5666 709 5717 “ην
768 5666 987 5723 ταυτην.
1046 5666 1244 5713 Petav.
1302 5666 1347 5711 ι.
1407 5666 1502 5726 lll,
1554 5666 1659 5712 11b.
1714 5666 1916 5718 Εοοιεε.

264 5714 427 5793 lucra,
462 5735 519 5775 n.
674 5740 731 5797 p.
763 5726 888 5799 857,
949 5751 968 5779 α
1003 5727 1329 5801 praesertim
1378 5726 1483 5784 tali
1533 5727 1764 5801 imperii
1817 5747 1916 5807 ge-

2110 4723 2219 4801 (18)
2253 4723 2457 4801 Λοίιῖὸς
2493 4723 2602 4781 ἐστί
2631 4723 2709 4783 τε,
2745 4723 2853 4783 Alii
2889 4723 3136 4797 codices,
3198 4726 3395 4800 λοιμὸς
3448 4723 3557 4782 ἔστι
3619 4749 3699 4786 τε.

2108 4804 2220 4875 (19)
2256 4805 2624 4874 ΙΙροεστῶτος.
2663 4823 2690 4851 ι(
2722 4803 3037 4875 Autistitis.
3076 4824 3102 4851 υ
3136 4819 3261 4872 quae
3293 4819 3406 4875 vox
3445 4802 3514 4856 de
3573 4819 3699 4875 om-

2038 4873 2213 4931 nibus
2244 4873 2343 4945 qui
2378 4878 2679 4946 prtesunt,_
2710 4874 2868 4946 sive“
2891 4875 3215 4946 episcopis,
3258 4873 3375 4929 sive
3426 4874 3697 4927 sacerdo-

2031 4948 2194 5003 tibus
2225 4944 2313 5001 est
2346 4944 2744 5014 intelligenda.
2807 4944 2950 4998 Hinc
2992 4944 3297 4999 Gabrielus
3353 4946 3540 5014 magis
3592 4946 3698 4999 ad-

2031 5021 2147 5074 huc
2177 5018 2497 5091 generatim
2526 5032 2539 5070 :
2578 5036 2597 5063 ·
2636 5017 2970 5087 Principum
2999 5017 3156 5072 vitiis
3188 5015 3345 5071 inﬁci
3388 5015 3533 5071 solet
3574 5021 3697 5072 tota

2030 5092 2253 5146 civitas.
2290 5112 2317 5138 ››

2102 5164 2216 5234 ('20)
2244 5160 2311 5234 ΪΟ
2347 5156 2605 5234 μαλιστα,
2628 5158 2731 5234 _Sic
2763 5162 2910 5234 sept.
2965 5158 3167 5231 Regg.,
3200 5158 3360 5234 βου),
3422 5163 3695 5234 quatuor,

2034 5231 2128 5289 Or.
2168 5231 2365 5302 1,Jes._
2394 5233 2525 5287 Bas.
2582 5231 3017 5302 Chrys.,‘hom.
3077 5234 3131 5297 2,
3189 5233 3265 5286 De
3310 5232 3551 5302 statuis:
3599 5232 3694 5282 Ἕν

2034 5297 2210 5371 ἔστιν,
2258 5303 2287 5356 ’ὀ
2348 5299 2499 5355 δοκεῖ
2550 5306 2649 5369 τῆς
2700 5297 2894 5363 ’πενίας
2953 5297 3297 5355 πλεονεκτεῖν
3347 5302 3375 5356 ὁ
3434 5298 3696 5363 πλοῦτος.

2033 5377 2147 5432 Alii
2176 5376 2395 5431 habent
2423 5374 2469 5444 ᾧ
2502 5371 2760 5443 μάλιστα.
2794 5372 2905 5429 Sed
2938 5372 3177 5444 perinde
3206 5378 3315 5431 est.

2104 5450 2239 5520 (21),
2276 5445 2604 5520 Πρόχειρον.
2664 5444 2895 5502 Similia
2948 5444 3132 5503 habes
3189 5447 3249 5503 in
3305 5446 3402 5504 Or.
3469 5444 3543 5503 al.
3600 5446 3693 5513 22,

2034 5536 2193 5576 nunc
2222 5519 2311 5582 14,
2346 5536 2387 5573 ιι
2414 5519 2469 5573 6.

2127 5592 2218 5645 22)
2248 5587 2375 5645 Κᾶν.
2410 5588 2520 5644 Alii
2551 5588 2779 5645 codices
2807 5584 2895 5642 καὶ
2926 5586 2994 5645 εἰ.

2127 5595 2198 5645 22
2248 5592 2375 5645 Κᾶν.
2410 5592 2520 5644 Alii
2551 5592 2779 5645 codices
2807 5592 2895 5642 καί
2926 5592 2994 5645 εἰ.

2105 5592 2219 5738 (23)
2245 5660 2387 5739 Πρὸς
2415 5658 2640 5735 ταύτην.
2672 5659 2847 5719 Coisl.
2883 5663 2935 5731 1,
2964 5658 3103 5741 πρὸς
3133 5660 3317 5723 τοῦτο.
