4110 6400
332 368 454 427 423

1585 362 1647 422 8.
1696 360 2069 422 GREGORII
2114 359 2510 422 THEOLOGI

3638 374 3764 435 424

326 498 661 573 exemplar:
696 502 799 553 aut
835 514 869 551 a
900 496 1183 569 parcemia
1223 512 1339 551 non
1393 493 1567 566 longe
1621 492 1960 550 recedamus

2108 492 2267 561 ἢτῆς
2295 493 2592 581 παροιμίας
2645 494 2720 565 μὴ
2772 493 2963 570 πόρρω
3011 495 3239 569 θέωμεν,
3278 496 3485 563 ἄλλους
3540 501 3760 581 ἰατρεύ-

324 588 457 644 aliis
490 585 712 643 mederi
737 588 1057 651 tantantes,
1090 601 1224 639 cum
1259 584 1371 656 ipsi
1422 582 1717 638 ulceribus
1759 584 1985 639 scatea-

322 694 490 734 mus.

394 764 534 821 XIV.
570 764 808 834 Deinde,
842 766 907 818 ut
930 763 1106 818 etiam
1138 778 1268 818 sese
1300 760 1521 833 aliquis
1554 763 1625 816 ab
1656 759 1816 815 omni
1850 775 1982 832 pec-

328 854 443 911 cati
469 853 600 908 labe
632 868 844 925 purum
880 856 1199 918 conservet,
1234 855 1337 906 aut
1366 866 1543 923 quam
1576 850 1676 904 l9
1706 849 1980 917 maxime;

328 943 486 999 haud
508 946 707 997 tamen
735 940 853 996 scio
881 941 1018 995 idne
1037 940 1087 995 ei
1111 940 1389 1005 sufﬁciat,
1415 939 1514 1010 qui
1535 937 1681 994 alios
1702 939 1772 993 ad
1803 938 1982 993 virtu-

323 1037 443 1088 tem
491 1032 722 1088 erudire
773 1034 954 1099 parat.
1000 1030 1197 1101 Neque
1238 1030 1396 1085 enim
1449 1030 1521 1084 ab
1574 1045 1640 1084 eo
1686 1027 1786 1100 qui
1827 1027 1979 1083 hanc

324 1138 524 1178 curam
548 1120 829 1192 suscepit,
854 1119 961 1175 hoc
984 1118 1172 1175 solum
1200 1118 1538 1191 requiritur,
1561 1122 1625 1173 ut
1649 1117 1840 1174 malus
1864 1134 1977 1173 non

321 1210 437 1279 sit;
469 1209 689 1265 malum
720 1210 877 1265 enim
905 1225 1055 1278 esse,
1084 1207 1350 1281 plerique
1380 1208 1555 1263 etiam
1588 1223 1619 1263 e
1648 1206 1818 1279 vulgo
1858 1213 1979 1263 tur-

320 1300 630 1373 pissimum
655 1302 897 1354 censent
920 1315 933 1354 :
961 1314 1164 1353 verum
1191 1299 1367 1353 etiam
1400 1302 1465 1352 ut
1485 1298 1699 1351 virtute
1722 1302 1977 1368 praestet,

309 1390 482 1460 juxta
512 1386 652 1443 illud
685 1387 1007 1459 Scripturaa
1061 1392 1441 1458 praeceptum,
1494 1400 1601 1457 quo
1642 1385 1920 1441 declinare
1943 1403 1977 1443 a

315 1478 482 1548 malo,
515 1486 565 1534 et
598 1477 793 1533 bonum
824 1477 1006 1546 facere
1033 1475 1077 1509 ³⁸
1121 1476 1425 1546 jubemur.
1476 1474 1592 1530 Nec
1638 1479 1705 1528 ut
1734 1474 1976 1532 vitiosas

318 1566 527 1621 animae
552 1571 720 1620 notas
747 1566 1034 1619 duntaxat
1058 1580 1205 1635 expu
1218 1568 1373 1631 ngat,
1395 1579 1596 1618 verum
1623 1569 1685 1617 ut
1707 1563 1978 1621 meliores

320 1656 498 1711 etiam
547 1654 851 1718 inscribat,
898 1654 978 1707 ita
1032 1657 1097 1707 ut
1146 1651 1335 1724 magis
1382 1652 1600 1707 virtute
1646 1651 1975 1723 antecellat,

319 1761 498 1816 quam
532 1744 748 1798 honore
771 1759 835 1797 ac
858 1741 1142 1813 dignitate
1165 1744 1436 1812 superet:
1468 1756 1572 1795 nec
1596 1740 1835 1794 modum
1862 1740 1976 1795 sibi

321 1832 507 1888 ullum
559 1832 802 1887 honeste
856 1830 1108 1897 vivendi,
1172 1836 1347 1901 atque
1395 1829 1572 1884 altius
1622 1830 1972 1884 ascendendi

319 1920 672 1987 constituat;
724 1935 828 1975 nec
887 1917 1050 1974 lucro
1108 1918 1329 1990 potius,
1379 1918 1435 1973 id
1487 1918 1643 1989 quod
1704 1916 1969 1989 arripuit,

318 2027 494 2083 quam
527 2011 744 2065 damno
774 2009 838 2073 '9,
873 2008 930 2062 id
972 2007 1125 2079 quod
1158 2006 1384 2078 effugit,
1438 2006 1716 2077 deputet:
1764 2022 1969 2062 verum

317 2100 473 2171 quod
499 2116 611 2169 prae
634 2097 880 2170 pedibus
906 2100 1016 2166 est,
1036 2096 1284 2168 gradum
1312 2096 1382 2151 ad
1418 2095 1475 2149 id
1510 2096 1665 2166 quod
1697 2095 1969 2166 deinceps

316 2187 603 2260 sequitur,
663 2202 791 2242 esse
857 2186 1209 2250 arbitretur;
1286 2200 1391 2239 nec
1478 2184 1690 2240 virtute
1757 2183 1969 2256 vulgus

314 2276 553 2347 anteire,
587 2290 940 2347 magnOpere
962 2272 1227 2345 amplum
1262 2276 1438 2344 atque
1471 2272 1963 2343 illustrejudicet;

312 2382 515 2422 verum
573 2364 922 2420 detrimento
968 2362 1164 2434 ducat,
1214 2362 1265 2417 si
1312 2379 1346 2418 a
1403 2359 1660 2434 suscepti
1704 2362 1966 2418 muneris

312 2454 594 2527 dignitate
624 2452 817 2520 absit;
872 2452 1071 2521 sicque
1115 2468 1177 2507 se
1225 2455 1547 2523 comparet,
1590 2454 1673 2520 ut,
1708 2451 1863 2522 quod
1896 2467 1966 2507 ex

309 2546 523 2601 virtute
544 2543 711 2615 gerit,
746 2542 817 2597 ad
842 2540 988 2614 legis
1010 2540 1220 2595 divinae
1246 2557 1513 2596 normam
1534 2541 1599 2611 ω,
1625 2557 1740 2596 non
1763 2545 1961 2596 autem

2094 601 2168 635 ειν
2204 582 2310 654 (33)
2342 579 2745 657 ἐπιχειροῦντες
2779 582 2930 637 αὐτοὶ
2966 583 3217 659 βρύοντες
3250 583 3453 647 ἕλκεσι.

2166 763 2259 813 ΙΔ’.
2293 756 2548 834 Δεύτερον
2604 756 2681 832 δὲ,
2716 759 2761 814 εἰ
2810 759 2898 814 καί
2942 782 3024 823 τις
3072 762 3231 838 ἁγνὸν
3262 767 3376 839 (34)
3404 766 3591 823 ἑαυτὸν
3642 769 3748 825 ἀπὸ

2090 845 2267 914 πάσης
2318 845 2582 922 ἁμαρτίας
2631 850 2941 922 τηρήσειεν,
2971 851 3005 918 ἢ
3037 850 3111 912 ὡς
3168 850 3406 923 μάλιστα
3459 856 3595 929 (35),
3650 858 3751 914 οὐκ

2091 930 2212 988 οἶδα
2255 934 2373 1007 μὲν,
2426 933 2471 988 εἰ
2514 937 2604 989 καὶ
2650 940 2813 991 τοῦτο
2867 933 3125 1011 αὔταρκες
3170 944 3251 1011 τῷ
3302 940 3567 1013 μέλλοντι
3618 947 3747 1011 τοὺς

2088 1020 2295 1085 ἄλλους
2337 1020 2609 1078 παιδεύειν
2657 1025 2795 1099 πρὸς
2845 1026 3039 1101 ἀρετήν
3073 1030 3209 1101 (63)·
3245 1029 3307 1084 οὐ
3360 1032 3462 1107 γὰρ
3516 1034 3593 1105 μὴ
3642 1056 3746 1090 κα-

2087 1110 2180 1164 κὸν
2230 1110 2361 1165 εἶναι
2413 1107 2496 1166 δεῖ
2544 1110 2707 1185 μόνον
2762 1112 2855 1168 τὸν
2902 1118 3065 1169 τοῦτο
3096 1114 3545 1191 πεπιστευμένον,
3576 1126 3740 1178 τοῦτο

2091 1199 2185 1272 μὶν
2215 1202 2317 1276 γάρ
2350 1201 2576 1255 καὶτῶν
2613 1202 2715 1257 ὑπὸ
2773 1208 2937 1279 χεῖρα
2982 1208 3097 1265 τοῖς
3142 1204 3389 1269 πολλοῖς
3436 1206 3740 1285 αἴσχιστον,

2092 1287 2239 1345 ἀλλὰ
2268 1289 2357 1344 καὶ
2405 1294 2484 1361 τῷ
2534 1290 2720 1365 ἀγαθῷ
2770 1288 3114 1369 διαφέροντα,
3145 1295 3281 1349 κατά
3328 1296 3447 1364 τὴν,
3480 1294 3739 1354 ἐκκλίνειν

2086 1376 2195 1432 ἀπὸ
2242 1382 2436 1447 κακοῦ,
2464 1378 2555 1433 καὶ
2602 1385 2778 1434 ποιεῖν
2837 1381 3057 1456 ἀγαθὸν,
3106 1380 3433 1439 κελεύουσαν
3491 1384 3735 1458 ἐντολήν·

2087 1464 2213 1521 οὐδὲ
2235 1469 2363 1529 τοὺς
2394 1466 2639 1544 φαύλους
2672 1467 2947 1543 ἐξαλεῖψαι
2999 1478 3099 1540 τῆς
3146 1474 3333 1548 ψυχῆς
3383 1472 3587 1537 τύπους
3640 1476 3740 1549 μό-

2084 1578 2196 1623 νον,
2231 1554 2376 1611 ἀλλὰ
2413 1556 2502 1611 καὶ
2549 1556 2675 1619 τοὺς
2729 1558 2981 1631 ἀμείνους
3032 1558 3421 1636 ἐγγράψασθαι,
3456 1563 3530 1625 ὡς
3573 1563 3743 1620 πλέον

2084 1651 2199 1698 κατ’
2240 1644 2437 1719 ἀρετὴν
2484 1646 2763 1721 προέχειν,
2796 1648 2830 1715 ἢ
2860 1648 3060 1703 ὁπόσον
3120 1648 3391 1725 περίεστιν
3447 1652 3737 1725 ἀξιώματι·

2083 1733 2174 1787 καὶ
2228 1730 2395 1806 μηδὲν
2446 1733 2638 1807 μέτρον
2690 1732 2884 1790 εἰδέναι
2936 1741 3032 1791 τοῦ
3081 1736 3253 1792 καλοῦ
3285 1739 3375 1793 καὶ
3405 1747 3504 1809 τῆς
3532 1736 3737 1796 ἀναϐά-

2086 1843 2242 1890 σεως,
2278 1820 2420 1895 μηδὲ
2447 1820 2640 1896 κέρδος
2677 1821 2889 1895 μᾶλλον
2923 1825 2984 1879 τὸ
3031 1826 3291 1901 κρατηθὲν
3345 1828 3379 1896 ἢ
3428 1828 3626 1901 ζημίαν
3675 1831 3739 1885 τὸ

2083 1908 2393 1988 διαφεῦγοψ
2426 1909 2553 1967 ἀλλ’
2603 1908 2848 1967 ἐπίϐασιν
2895 1914 2976 1968 ἀεὶ
3028 1917 3297 1969 ποιεῖσθαι
3351 1918 3413 1971 τὸ
3462 1918 3589 1972 ποσὶ
3639 1925 3739 1974 τοῦ

2081 1999 2200 2070 ἑξῆς
2230 2002 2363 2073 (37)·
2396 2000 2486 2055 καὶ
2520 2003 2595 2073 μὴ
2634 2000 2770 2078 μέγα
2798 2002 3040 2075 νομίζειν
3074 2003 3133 2058 ἂν
3173 2009 3279 2060 τῶν
3337 2003 3564 2063 πολλῶν
3618 2005 3735 2063 δια-

2080 2090 2352 2167 φέρωμεν,
2386 2087 2531 2144 ἀλλὰ
2563 2091 2761 2163 ζημίαν
2809 2091 2868 2145 ἂν
2900 2099 3001 2161 τῆς
3050 2091 3197 2163 ἀξίας
3248 2093 3566 2169 λειπώμεθα

2078 2179 2168 2232 καὶ
2196 2182 2265 2252 τῇ
2298 2176 2494 2251 ἐντολῇ
2528 2184 2914 2255 παραμετρεῖν,
2949 2178 3095 2235 ἀλλὰ
3153 2183 3230 2255 μὴ
3282 2188 3399 2245 τοῖς
3448 2183 3637 2255 πέλας,
3670 2186 3734 2241 τὸ

2076 2266 2528 2343 κατορθούμενον,
2570 2266 2628 2322 ἄν
2677 2289 2737 2323 τε
2784 2269 2885 2323 ὦσι
2932 2269 3114 2340 κακοὶ,
3168 2268 3227 2325 ἄν
3278 2292 3335 2327 τε
3390 2273 3585 2348 ἀρετῆς
3642 2274 3735 2330 ἐπὶ

2076 2357 2243 2412 ποσὸν
2293 2356 2540 2426 ἥκοντες·
2576 2356 2667 2412 καὶ
2720 2359 2795 2430 μή
2851 2364 3069 2434 μικροῖς
3104 2365 3365 2433 σταθμοῖς
3396 2364 3508 2433 (39)
3536 2361 3735 2418 ταλαν-

2072 2446 2244 2503 τεύειν
2292 2447 2390 2514 τὴν
2438 2446 2756 2521 ἀρετὴν,τῷ
2811 2446 3052 2523 μεγίστῳ
3082 2450 3218 2522 (40),
3250 2450 3339 2506 καὶ
3391 2452 3515 2527 παρ’
3550 2452 3613 2507 οὗ
3662 2455 3731 2509 τὰ

2074 2537 2265 2604 πάντα,
2293 2534 2382 2589 καὶ
2415 2534 2490 2598 εἰς
2523 2535 2580 2590 ’ὀν
2612 2535 2679 2590 τὰ
2708 2538 2883 2591 πάντα
2920 2539 3399 2612 χρεωστουμένην.

307 2635 379 2691 ad
412 2633 575 2700 alios,
609 2632 731 2689 sive
764 2630 899 2686 mali
942 2629 1025 2684 illi
1057 2631 1195 2698 sint,
1232 2630 1350 2685 sive
1403 2629 1669 2685 nonnihil
1718 2631 1775 2685 in
1830 2631 2044 2686 virtute
2094 2627 2507 2700 processerint,
2556 2628 2881 2698 expendat:
2932 2645 3037 2684 nec
3076 2630 3372 2700 virtutem,
3426 2649 3554 2705 quae
3612 2635 3727 2691 Deo

304 2722 525 2796 optimo
558 2722 837 2791 maximo,
863 2738 896 2775 a
928 2736 1042 2793 quo
1064 2720 1283 2785 omnia,
1315 2724 1373 2775 et
1401 2720 1457 2774 in
1492 2737 1666 2792 quem
1701 2719 1903 2774 omnia
1926 2721 1993 2787 δι,
2029 2718 2290 2785 debetur,
2324 2716 2534 2789 exigua
2562 2715 2727 2773 lance
2758 2718 3059 2789 ponderet.

380 2812 499 2868 XV.
533 2812 649 2868 Nec
679 2812 882 2867 eadem
916 2810 1190 2865 omnibus
1222 2810 1529 2866 convenire
1560 2815 1962 2882 putet,quem-

307 2902 628 2958 admodum
663 2917 767 2955 nec
817 2904 1052 2955 staturae
1092 2900 1368 2954 omnibus
1415 2900 1628 2954 eaedem
1663 2904 1822 2965 sunt,
1855 2915 1961 2954 nec

305 2989 425 3047 oris
455 2990 831 3059 lineamenta,
864 3005 969 3043 nec
1003 2987 1391 3043 animantium
1425 2993 1669 3059 naturai,
1712 3005 1815 3043 nec
1846 2993 1959 3044 ter-

304 3097 381 3135 ra:
413 3078 747 3151 qualitates,
770 3094 875 3133 nec
896 3078 1097 3132 eadem
1124 3078 1384 3132 siderum
1409 3077 1672 3132 omnium
1706 3076 1960 3149 pulchri-

300 3170 442 3225 tudo
473 3174 529 3224 et
560 3167 900 3239 magnitudo
934 3166 979 3201 ⁴²
1011 3182 1024 3234 ;
1057 3183 1257 3221 verum
1309 3165 1514 3238 privati
1565 3166 1805 3237 quidem
1850 3165 1956 3222 ho-

2143 2807 2240 2865 IE'.
2274 2803 2427 2875 Μηδὲ
2479 2806 2548 2859 τὰ
2593 2805 2728 2860 αὑτὰ
2778 2812 2938 2860 πᾶσιν
2992 2806 3249 2882 ἁρμόζειν
3279 2806 3505 2879 δίεσθαι,
3539 2810 3722 2888 ὥσπερ

2070 2892 2195 2950 οὐδὲ
2223 2893 2438 2965 ἡλικίαι
2466 2900 2626 2949 πᾶσιν
2661 2896 2776 2968 (41)
2805 2896 2859 2949 αἱ
2888 2894 3065 2967 αὐταὶ,
3100 2895 3226 2952 οὐδὲ
3266 2900 3580 2973 προσώπων
3613 2923 3725 2978 γα-

2071 2991 2356 3060 ρακτῆρες,
2401 2982 2527 3038 οὐδὲ
2579 2984 2731 3052 ζώων
2789 2983 2973 3060 φύσεις
3006 2987 3140 3059 (42),
3174 2983 3301 3041 οὐδὲ
3347 2994 3453 3062 γῆς
3502 2986 3728 3062 ποιότη-

2067 3094 2178 3146 τες,
2211 3070 2337 3128 ούδὲ
2392 3071 2573 3142 κάλλη
2633 3094 2692 3127 τε
2748 3071 2837 3127 καί
2906 3072 3109 3148 μεγέθη
3170 3073 3543 3152 λαμπτήρων·
3598 3078 3727 3137 ἀλλ’

2067 3166 2312 3239 ἡγεῖσθαι
2363 3158 2585 3216 ἰδιώτου
2646 3162 2741 3234 μὶν
2804 3162 2934 3217 εἶναι
2989 3161 3177 3219 κακίαν
3206 3165 3268 3219 τὸ
3316 3168 3496 3243 φαῦλα
3543 3171 3724 3244 πράσ-

301 3257 482 3313 minis
505 3257 710 3313 vitium
735 3272 864 3312 esse
885 3255 1197 3324 existimet,
1228 3255 1425 3326 turpia
1446 3254 1853 3327 supplicioque
1876 3254 1955 3310 di-

2081 3272 2198 3324 τειν,
2227 3250 2315 3305 καὶ
2347 3249 2444 3306 ὅσα
2474 3248 2755 3313 κολάσεως
2786 3248 2905 3321 ἄξια
2933 3254 3069 3325 (43),
3103 3253 3175 3307 ὧν
3224 3253 3311 3307 καὶ
3328 3240 3370 3309 ’ὁ
3398 3240 3719 3330 νόμος’(44)

298 3363 435 3419 gna,
468 3350 525 3401 et
555 3361 804 3417 quorum
838 3344 928 3400 lex
961 3344 1110 3399 dura
1136 3348 1188 3399 et
1221 3343 1415 3416 gravis
1445 3344 1685 3400 domina
1713 3348 1954 3414 est,per—

296 3440 562 3507 petrare:
600 3432 853 3505 praefecti
905 3437 1101 3487 autem
1150 3431 1234 3487 vel
1286 3433 1589 3499 antistitis,
1627 3450 1742 3488 non
1774 3449 1950 3504 quam

295 3523 583 3595 optimum
617 3540 769 3591 esse,
803 3538 906 3577 nec
939 3538 1114 3576 novas
1146 3521 1399 3577 subinde
1430 3523 1712 3577 virtutum
1756 3537 1951 3577 acces-

293 3613 490 3668 siones
523 3612 746 3679 facere;
783 3610 833 3666 si
878 3610 1114 3682 quidem
1166 3610 1399 3666 virtutis
1448 3628 1563 3666 suae
1614 3602 1953 3683 praestantia

293 3700 736 3756 multitudinem
788 3701 857 3754 ad
906 3700 1372 3755 mediocritatem
1425 3704 1721 3756 tracturus
1753 3700 1850 3769 sit,
1884 3717 1950 3756 ac

290 3807 403 3845 non
439 3807 539 3861 per
570 3790 685 3844 vim
719 3790 1139 3861 imperaturus,
1163 3790 1264 3843 sed
1298 3789 1678 3861 persuasione
1708 3790 1948 3845 allectu-

290 3897 409 3935 rus.
444 3879 588 3935 Nam
631 3878 783 3952 quod
816 3879 867 3933 vi
902 3894 966 3933 ac
998 3878 1347 3933 necessitate
1396 3879 1769 3950 exprimitur,
1804 3895 1949 3950 prie-

2067 3340 2235 3415 βαρὺς
2294 3337 2577 3409 δεσπότης-
2610 3340 2885 3415 ἄρχοντος
2944 3338 3004 3395 δὶ
3049 3343 3083 3411 ἢ
3136 3346 3474 3418 προεστῶτος
3516 3344 3579 3399 τὸ
3633 3346 3712 3417 μὴ

2061 3430 2135 3492 ὡς
2192 3428 2408 3503 ἄριστον
2453 3428 2609 3500 εἶναι,
2640 3428 2730 3483 καῖ
2761 3430 2842 3483 ἀεὶ
2890 3433 2968 3501 τῷ
2996 3427 3151 3503 καλῷ
3182 3425 3543 3504 προϐαίνοντα
3576 3434 3715 3507 (45),

2061 3517 2211 3595 ε’ίπερ
2276 3516 2475 3592 μέλλοι
2530 3522 2609 3589 τῷ
2664 3517 2907 3591 περιόντι
2956 3525 3058 3589 τῆς
3110 3519 3307 3593 ἀρετῆς
3361 3516 3535 3591 ἕλξειν
3588 3521 3721 3585 τοὺς

2058 3607 2307 3670 πολλοὺς
2371 3606 2447 3670 είς
2503 3608 2565 3661 τὸ
2627 3606 2869 3682 μέτριον,
2899 3607 2987 3662 καὶ
3023 3609 3099 3681 μὴ
3139 3609 3229 3684 βίᾳ
3258 3610 3538 3686 κατάρξειν
3578 3614 3718 3687 (46),

2059 3696 2205 3753 ἀλλὰ
2234 3701 2418 3761 πειθοῖ
2447 3696 2825 3772 προσάξεσθαι.
2857 3697 2929 3751 Τὸ
2963 3696 3058 3769 μὶν
3108 3699 3211 3772 γὰρ
3261 3697 3546 3768 ἀκούσιον,
3576 3702 3717 3777 πρὸς

2057 3787 2121 3841 τὸ
2180 3789 2291 3859 (47)
2346 3787 2657 3858 τυραννικὸν
2717 3785 2869 3857 εἶναι,
2930 3785 3017 3839 καὶ
3072 3786 3173 3841 οὐκ
3226 3786 3528 3860 ἐπαινετὸν,
3592 3787 3718 3845 οὐδὶ

2063 3874 2292 3949 μόνιμον
2496 3872 2647 3953 φιλεῖ
2676 3874 2781 3951 γὰρ
2810 3874 2872 3928 τὸ
2908 3875 3147 3947 βιασθὲν,
3181 3874 3365 3953 ὥσπερ
3420 3879 3585 3955 φυτὸν
3629 3878 3720 3954 βίᾳ

358 4034 402 4068 ³⁸
434 4032 589 4089 Psal.
620 4049 807 4101 xxxVI,
836 4034 923 4088 27.
1001 4034 1046 4068 ³ο
1077 4031 1225 4088 Phil.
1260 4048 1341 4101 ιιι,
1372 4032 1427 4087 7.
1504 4033 1548 4067 ⁴⁰
1582 4031 1629 4087 ΙΙ
1659 4035 1783 4087 Cor.
1818 4050 1875 4102 x,
1904 4031 1960 4088 4‘2

2081 4032 2116 4085 i.
2195 4032 2233 4065 “
2272 4030 2293 4087 Ι
2322 4034 2447 4085 Cor.
2477 4047 2598 4099 νιιι,
2629 4030 2684 4083 6.
2761 4028 2807 4064 ⁴²
2842 4032 3016 4088 ICor.
3049 4046 3143 4102 xv,
3198 4032 3287 4087 41.

362 4193 493 4277 (33)-
533 4190 775 4277 ’Λλλουις
836 4191 1118 4277 ίατρεύειν..
1164 4192 1519 4277 _Allpdit_ad
1598 4193 1720 4277 hae-0
1779 4193 1953 4249 verba

286 4264 597 4333 cujusdam
630 4271 810 4337 poetas
842 4264 996 4337 apud
1038 4264 1201 4337 ,P_lut.
1256 4266 1337 4337 ‘Dc
1367 4265 1727 4337 dignoscendo
1757 4281 1939 4337 {issen-

287 4330 470 4409 {afgre
533 4330 900 4409 (ψ’ᾳηιίοοξ
964 4332 1188 4409 ’Ἃλλων
1256 4330 1461 4409 ἰατρὸς,
1509 4333 1691 4409 ,αὐτὸς
1758 4330 1940 4389 ἵλκεσι

292 4403 493 4480 βρύων.
554 4406 872 4462 «Aliorum
937 4407 1222 4478 medicus,
1282 4403 1407 4479 ipse
1449 4403 1763 4463 ulceribus
1814 4424 1943 4463 sca-

288 4484 442 4533 tens.
480 4499 506 4526 »

359 4546 799 4633 (34)_Ei“i‘tai£ic
832 4548 1175 4633 &:{vr3v.'liic
1223 4549 1397 4633 Qﬁrni
1455 4550 1524 4604 ad
1578 4549 1943 4633 marginem,

281 4618 374 4674 Τὰ-
412 4618 510 4675 τοῦ
573 4618 796 4691 ἀληθῶς
863 4618 1161 4675 ἐπισκόπου
1231 4618 1525 4692 ἰδιώματα.
1601 4642 1628 4675 ι
1670 4618 1809 4692 Ejus
1840 4622 1941 4693 qui

285 4694 479 4764 reipsa
520 4693 661 4765 (non
713 4697 952 4751 nomine
1002 4695 1259 4766 tantum)
1309 4700 1400 4749 est
1448 4694 1777 4765 episcOpus,
1811 4710 1943 4765 pro-

328 4766 583 4821 rietates.
622 4787 649 4815 υ

284 4782 583 4837 prietates.
622 4787 649 4815 η

352 4836 467 4907 (35)
496 4840 561 4889 Ἢ
595 4836 668 4897 ὡς
706 4833 962 4908 μάλιστα.
1032 4854 1053 4883 ι
1086 4838 1201 4891 Aut
1258 4852 1433 4907 quam
1488 4836 1835 4894 maximezn
1884 4835 1943 4892 id

283 4909 562 4979 estjuxta
594 4909 798 4979 Eliam,
833 4932 860 4959 ‹‹
896 4915 953 4963 et
978 4924 1158 4979 quam
1195 4908 1464 4963 maxime.
1501 4928 1529 4957 ιι

357 4978 470 5053 (36)
524 4978 667 5053 ῌρὸς
724 4978 943 5053 ἀρετήν.
1004 4978 1091 5034 lta
1150 4980 1287 5053 Reg.
1345 4979 1382 5047 l,
1439 4979 1641 5053 Comb.
1675 4996 1834 5053 vero,
1867 4978 1944 5041 είς

284 5044 508 5123 ἀρετήν,
536 5044 594 5104 in
629 5044 790 5123 Regi
819 5069 847 5105 r
875 5044 1149 5123 'utraque
1196 5044 1378 5106 dcest'
1402 5052 1755 5123 praepositio,
1790 5051 1946 5109 sicut

288 5118 345 5174 et
378 5120 549 5191 paulo
582 5118 742 5191 post,
769 5118 870 5175 δεῖ.
1054 5118 1069 5123 ’
1402 5118 1412 5149 ⁵

352 5189 469 5268 (ξῖ)
498 5189 672 5268 Ἑξῆς.
700 5195 919 5268 Plures
937 5192 1168 5249 codices
1200 5192 1418 5268 habent
1448 5189 1654 5268 ἐφεξῆς.

351 5264 467 5346 (3β)
493 5264 849 5346 fragm-eoa.
900 5266 991 5320 Sic
1043 5270 1269 5346 septem
1298 5264 1462 5346 .Reg.
1486 5264 1751 5346 quatuor
1779 5264 1938 5346 Celb,

410 5331 586 5420 1LRSic
620 5331 827 5420 pillius
859 5331 1271 5420 emendaverat
1296 5335 1355 5391 in
1387 5331 1531 5420 Bas:
1551 5335 1612 5391 in
1643 5353 1776 5420 qup_
1790 5339 1944 5420 sicut

278 5408 336 5459 et
365 5404 425 5480 in
459 5410 590 5461 Par.
620 5406 836 5480 legitur
861 5404 1311 5480 ἀπολειπώμεθα,
1337 5406 1493 5478 quod
1518 5423 1624 5463 nec
1654 5404 1690 5465 ἆ
1719 5408 1945 5467 Monta-

281 5422 336 5459 οι
365 5423 425 5461 ιιι
459 5422 590 5461 ναν.
621 5422 836 5534 ιοῗιιιιι
861 5422 1311 5480 απολειπωμευα,
1337 5422 1493 5478 quoa
1518 5423 1553 5463 n

281 5479 460 5543 cutio,
492 5494 596 5533 nec
629 5495 665 5533 a
740 5478 1129 5535 arisiensihus
1156 5480 1554 5536 observatum.

501 5554 803 5625 ξταθμοῖς.
838 5549 1000 5625 Colb.
1036 5553 1089 5618 1,
1123 5549 1367 5625 μέτροις.

358 5617 471 5696 {’59}
621 5617 880 5696 μεγίστῳ·
910 5620 1056 5696 R98;
1084 5617 1139 5694 δὲ
1166 5617 1257 5676 κάῖ
1285 5624 1386 5696 “siin.

361 5687 473 5763 (41)
505 5687 745 5746 Ἡλικίαν.
785 5687 965 5748 πᾶσιν.
993 5687 1167 5769 Ἦσέ.
1217 5712 1256 5751 n
1301 5687 1480 5753 habet
1522 5695 1707 5765 πᾶσαι,
1746 5715 1768 5747 ιι
1803 5695 1943 5751 ota-

454 5550 473 5762 ξ

2061 4196 2150 4249 tes
2180 4208 2406 4247 omnes.
2444 4212 2472 4241 »

2121 4264 2235 4406 (42)
2267 4262 2482 4323 esum.
2522 4283 2549 4315 ιι
2578 4263 2833 4319 Naturae.
2870 4285 2897 4313 »
2923 4264 3122 4319 Ccmb.
3159 4287 3186 4313 ‹‹
3220 4264 3470 4320 indoles.
3504 4286 3531 4314 ››

2149 4336 2238 4403 43)
2268 4333 2442 4403 Ἀξια.
2480 4339 2649 4406 Deest
2677 4336 2735 4391 in
2767 4352 2867 4391 sex
2910 4336 3114 4406 Regg.,
3164 4336 3222 4391 in
3263 4336 3422 4391 Colb.
3457 4352 3531 4406 se]

2149 4333 2442 4408 43)]Ἀξιομ
2480 4339 2649 4408 Deest
2677 4336 2735 4391 in
2767 4352 2867 4408 sex
2910 4336 3114 4408 Regg.,
3164 4336 3222 4391 in
3263 4336 3422 4391 Colb.
3457 4341 3712 4408 septem,

2052 4405 2199 4475 Jes.,
2232 4407 2325 4462 0r.
2364 4406 2413 4460 1.
2446 4405 2786 4461 Praeclaram
2812 4407 2962 4462 hanc
2985 4405 3336 4463 sententiam
3363 4408 3435 4463 ad
3469 4405 3711 4465 verbum

2056 4496 2203 4549 pene
2233 4478 2545 4551 descripsit
2564 4478 2634 4551 in
2666 4495 2774 4551 sua
2802 4478 2880 4551 Ad
2910 4480 3298 4551 imperatorem
3338 4478 3718 4537 admonitione

2054 4548 2386 4621 Agapetus:
2423 4548 2450 4599 εὶ
2484 4548 2696 4622 Privati
2730 4548 3001 4622 quidem,
3042 4550 3145 4618 ait,
3207 4550 3468 4606 hominis
3508 4552 3716 4607 vitium

2055 4620 2391 4677 habendum
2414 4620 2729 4685 esse,mala
2748 4620 2806 4677 et
2827 4620 3115 4693 supplicio
3138 4622 3319 4693 digna
3340 4622 3717 4693 facerc,prin-

2056 4693 2203 4766 cipis
2235 4698 2429 4766 autem
2451 4698 2511 4766 et
2542 4693 2909 4766 praesidentis
2927 4710 3056 4766 Anon
3086 4693 3171 4766 vel
3205 4694 3493 4764 optimum
3527 4711 3710 4750 esse.-

2126 4762 2253 4838 (44)
2291 4762 2471 4838 Kaiid
2526 4762 2719 4838 νόμος.
2769 4763 2993 4838 Alludit
3041 4765 3111 4820 ad
3160 4762 3283 4838 bsic
3312 4766 3489 4821 verba
3520 4770 3714 4838 Apost.

2058 4838 2126 4894 ad
2157 4836 2283 4893 Gal.
2316 4854 2372 4903 v,
2403 4836 2495 4909 ἓξ,
2524 4858 2557 4909 5r
2590 4835 2871 4891 adversus
2894 4835 3233 4909 hujusmodi
3264 4843 3505 4909 nonest
3534 4835 3716 4909 lex._»

2126 4909 2238 4980 (45)
2324 4900 2759 4984 ῙΪροῦἆιίνονηια,Δ
2807 4913 2926 4984 Duo
2973 4900 3182 4984 'Regii,
3251 4906 3453 4984 Comb_.
3530 4904 3716 4984 διαφέ-

2055 4978 2237 5053 ροντα,
2272 4996 2403 5053 quae
2432 4995 2539 5033 vox
2568 4978 3035 5053 significantior:
3072 4978 3107 5031 (ἱ
3129 4983 3192 5034 ut
3214 4996 3330 5053 non
3363 4980 3549 5036 solum
3587 4978 3716 5052 pro-

2054 5050 2231 5118 iiciat,
2265 5051 2367 5106 sed
2402 5055 2467 5104 ut
2498 5051 2854 5120 proﬁciendo
2886 5050 3062 5105 etiam
3095 5050 3360 5106 excellat.
3398 5073 3427 5099 »

2124 5124 2238 5196 (46)
2288 5120 2603 5196 ῌατάρξειν.
2664 5122 2757 5196 Sic
2816 5127 3066 5196 quatu_or
3118 5120 3303 5196 Regii,
3358 5124 3474 5178 duo
3524 5121 3712 5196 Golb.,

2124 5139 2238 5196 (ab)
2291 5139 2603 5249 Ἀαταὶξειν.
2664 5139 2757 5177 mc
2816 5139 3066 5193 quatuor
3118 5139 3303 5193 negn,
3358 5139 3474 5178 auc
3524 5139 3712 5194 uom.,

2053 5195 2253 5277 goisl”
2286 5194 2415 5249 Pas.
2443 5263 2455 5277 .
2494 5192 2653 5277 illius
2673 5193 2770 5277 .ad‘
2790 5209 2953 5249 oram
2985 5194 3116 5250 Bas.
3149 5194 3465 5277 scripserat
3494 5189 3712 5277 καθείρ-

2053 5266 2181 5338 ξειν,
2201 5289 2241 5339 ν‹‹
2274 5280 2378 5338 per
2405 5263 2523 5339 vim
2555 5263 2947 5339 cohibiturus,
2980 5287 3010 5316 »
3040 5266 3199 5339 quod
3230 5263 3487 5324 nimium
3511 5263 3715 5324 faciles

2053 5335 2425 5395 admiserunt
2456 5335 2835 5393 Parisienses.

2124 5407 2415 5537 ιξρὸς
2440 5405 2527 5466 τό.
2581 5409 2676 5466 Sic
2739 5406 2940 5481 plures
3002 5407 3133 5467 cod.
3192 5405 3365 5466 Coisl.
3433 5407 3489 5468 4.
3556 5405 3714 5467 Edit.

2051 5484 2207 5559 πρὶς,
2221 5484 2322 5559 ῗτῷξ

2121 5547 2571 5627 (48)-’μόνιμοψ
2634 5550 2777 5624 Reg.
2808 5567 2838 5607 r
2878 5547 3142 5626 νόμιμον,
3173 5568 3323 5627 _non
3337 5547 3715 5627 __rnale_f9r-

2052 5621 2181 5698 san,
2214 5621 2265 5698 si
2295 5621 2669 5698 ἐννομώτατον
2699 5621 2959 5698 sequens
2995 5621 3284 5686 attendas.
3337 5623 3503 5685 Unde
3532 5621 3709 5681 Gabr.

2058 5717 2082 5750 ι
2116 5695 2370 5757 maxime
2403 5695 2753 5770 legitimum.
2783 5695 2817 5748 ἢ
