4110 6456
325 450 443 512 425
1477 446 1773 506 ORATIO
1819 442 1894 505 Il.
1926 479 1991 490 —

2108 446 2603 506 PULOGETICA.
3632 450 3751 513 426

320 583 411 639 τὸν
443 581 557 658 (49)
592 579 686 656 βίᾳ
717 577 876 655 χερσὶ
914 577 1334 651 μετασπώμενον
1366 575 1441 639 εἷς
1474 576 1629 631 ἑαυτὸ
1658 575 1822 631 πάλιν
1854 576 1980 655 ἀφε-

2108 582 2364 651 terquam
2398 578 2549 649 quod
2582 578 2955 651 tyrannicum
2978 581 3088 648 est,
3112 580 3472 652 minimeque
3500 580 3747 637 laudan-

323 672 407 728 θὶν
432 668 773 746 ἀνατρέχειν
806 667 870 723 τὸ
921 663 966 721 δ’
1016 666 1075 720 ἐκ
1104 667 1471 742 προαιρέσεως
1524 664 1895 739 ἐννομώτατόν
1928 687 1987 721 τε

2108 669 2261 735 ium,
2294 685 2365 723 ne
2398 669 2635 722 firmum
2668 668 2904 740 quidem
2938 685 3004 722 ac
3031 668 3235 724 stabile
3267 674 3376 725 est.
3410 670 3566 725 Solet
3589 672 3745 727 enim

326 759 438 835 ἅμα
495 759 589 815 καὶ
649 755 1073 834 ἀσφαλέστατον,
1133 755 1342 817 εὐνοίας
1393 752 1577 828 δεσμῷ
1626 755 1980 830 τηρούμενον.

2108 757 2153 810 .d
2186 757 2275 811 cui
2310 756 2396 812 vis
2427 757 2686 812 adhibita
2727 762 2838 823 est,
2901 774 3015 812 non
3068 773 3239 814 secus
3295 775 3359 813 ac
3415 759 3616 831 planta
3646 778 3749 831 per

325 852 485 908 ’Όθεν
521 845 589 917 δὴ
640 846 729 902 καὶ
781 844 1019 919 μάλίστα
1066 844 1375 917 ποιμαίνειν
1420 844 1483 898 τὸ
1530 843 1781 916 ποίμνιον
1836 844 1986 899 ἐκου-

2108 845 2211 901 vim
2246 847 2519 902 manibus
2545 847 2775 913 inﬂexa,
2809 846 2986 902 simul
3021 851 3085 902 ut
3124 848 3438 904 dimissum
3469 849 3745 917 fuerit,ad

329 937 483 1009 σίως,
541 934 684 992 ἀλλὰ
738 936 812 1008 μὴ
873 933 1244 1010 ἀναγκαστῶς,
1298 933 1327 988 ὁ
1371 931 1639 1007 ἡμέτερος
1684 930 1980 988 διακελεύε·

2108 951 2158 989 se
2187 952 2424 990 rursum
2450 935 2635 990 redire
2661 951 2673 989 :
2708 935 2861 1007 quod
2887 939 3081 991 autem
3099 935 3328 993 alibera
3342 937 3746 995 voluntate?!)

327 1048 415 1084 ται
446 1026 612 1099 νόμος
644 1024 733 1080 καὶ
765 1023 1095 1097 νομοθέτης.

2108 1024 2506 1096 proﬁciscitur,
2530 1024 2933 1095 aequissimum
2964 1042 3030 1079 ac
3053 1024 3463 1082 firmissimum
3495 1043 3623 1084 esse
3654 1044 3746 1083 so-

330 1118 428 1188 let,
459 1120 657 1189 utpote
688 1113 1106 1171 benevolentia
1136 1112 1389 1169 vinculis
1421 1112 1725 1168 astrictum
1759 1116 1935 1184 atque
1992 1117 2418 1168 conservatum.
2465 1115 2543 1168 Ac
2602 1112 2846 1185 proinde
2889 1113 2977 1167 vel
3021 1114 3273 1170 maxime
3309 1114 3369 1171 id
3428 1114 3519 1172 lex
3548 1121 3752 1175 nostra

334 1210 391 1262 et
420 1203 721 1277 legislator
752 1207 951 1259 noster
990 1202 1203 1269 sanxit,
1238 1207 1304 1256 ut
1333 1218 1472 1274 grex
1494 1218 1608 1256 non
1642 1205 1856 1266 coacte,
1890 1200 1991 1257 sed
2025 1205 2231 1273 sponte
2262 1219 2327 1257 ac
2360 1201 2566 1256 libenti
2599 1202 2795 1257 animo
2824 1207 3100 1274 pascatur
3130 1204 3194 1259 ‘3.

396 1293 487 1357 I<:'.
521 1289 685 1347 Ἀλλ’
714 1287 852 1346 ἔστω
897 1311 980 1352 τις
1038 1292 1177 1363 μήτέ
1224 1289 1410 1359 κακὸς,
1459 1289 1549 1343 καὶ
1597 1288 1793 1365 ἀρετῆς
1835 1287 1985 1357 ἥκων

326 1380 403 1443 εἷς
432 1381 497 1436 τὸ
550 1378 861 1453 ἀκρότατον·
915 1378 1021 1454 οὐχ
1072 1378 1205 1452 ὁρῶ,
1255 1397 1376 1432 τινα
1426 1372 1609 1432 λαϐὼν
1652 1375 1981 1450 ἐπιστήμην,

326 1470 360 1540 ἢ
420 1469 553 1542 ποίᾳ
599 1467 826 1545 δυνρίμει
874 1467 1180 1539 πιστεύσας,
1230 1466 1431 1537 ταύτην
1483 1465 1544 1519 ἃν
1605 1464 1832 1542 Θαῤῥοίη
1882 1466 1981 1535 τὴν

326 1550 803 1633 προπασίαν·(“τῷ
850 1552 963 1612 ὄντι
1009 1556 1110 1633 γὰρ
1162 1555 1296 1625 αὕτη
1360 1575 1454 1627 μοι
1515 1553 1756 1630 φαίνεται
1812 1554 1979 1629 τέχνη

324 1669 409 1709 τις
452 1647 582 1702 εἶναι
630 1640 864 1722 τεχνῶν,
916 1646 1006 1699 καὶ
1058 1644 1335 1716 ἐπιστήμη
1386 1643 1724 1716 ἐπιστημῶν,
1775 1639 1983 1719 ἅνθρω-

284 1762 287 1763 '
326 1758 426 1793 πον
443 1728 634 1815 ίᾷγειν,
673 1736 737 1790 τὸ
785 1734 1281 1811 πολυτροπώτατον
1463 1737 1599 1801 ζῶον
1660 1733 1749 1786 καὶ
1808 1752 1985 1786 ποικι-

2167 1290 2305 1346 XVI.
2331 1291 2442 1346 Sed
2478 1290 2553 1346 sit
2585 1307 2726 1346 sane
2756 1291 2991 1363 aliquis,
3034 1309 3149 1348 non
3202 1295 3377 1351 modo
3410 1311 3444 1351 a
3472 1295 3752 1352 vitiorum

2097 1379 2445 1451 contagione
2467 1396 2887 1451 purus,verum
2909 1380 2979 1435 ad
3003 1383 3496 1438 summumetiam
3518 1383 3753 1441 virtutis

2095 1467 2396 1541 fastigium
2458 1473 2691 1525 evectus
2725 1486 2737 1537 ;
2771 1469 2925 1524 haud
2972 1470 3246 1541 equidem
3275 1472 3442 1528 video
3492 1488 3750 1545 quanam

2095 1556 2340 1611 scientia
2369 1556 2713 1624 instructus,
2763 1560 2862 1611 aut
2895 1555 3109 1629 quibus
3136 1558 3359 1615 viribus
3404 1560 3606 1629 fretus,
3640 1560 3754 1616 bu-

2086 1645 2351 1715 jusmodi
2375 1644 3749 1720 praefecturamintrepidesusciperequeat.Nam

2095 1735 2352 1804 profecto
2385 1752 2479 1789 ars
2512 1735 2781 1805 quaedam
2815 1734 3052 1801 artium,
3106 1740 3162 1791 et
3208 1736 3454 1794 scientia
3482 1739 3749 1795 scientia-

329 1824 792 1917 ch‘ca‘coikAvoI-q
829 1822 874 1878 δ’
908 1822 967 1878 ἄν
1018 1845 1101 1885 τις
1147 1827 1216 1896 τῇ
1266 1826 1373 1877 τῶν
1408 1823 1674 1894 σωμάτων
1709 1821 1980 1898 θεραπείᾳ,

2108 1840 2224 1877 rum
2258 1823 2398 1878 mihi
2434 1840 2562 1879 esse
2590 1823 2837 1893 videtur,
2896 1823 3197 1880 hominem
3256 1841 3477 1898 regere,
3527 1828 3749 1884 animal

324 1918 423 1985 τὴν
484 1909 833 1991 τῖιῖντψυχῶν
884 1912 1121 1989 ἰατρείαν
1172 1909 1535 1981 ἀντεξετάσαςο
1586 1910 1677 1965 καὶ
1727 1909 1838 1983 ὅσῳ
1869 1912 1982 1984 (51)

332 2006 427 2079 μὶν
458 2002 701 2082 ἐργώδης
734 2002 908 2072 ἐκείνη
959 2002 1307 2075 καταμαθὼν,
1354 1998 1465 2072 ὅσῳ
1518 1997 1575 2054 δὲ
1604 2002 1638 2068 ἡ
1671 2001 1787 2054 καθ’
1832 2002 1981 2071 ἡμᾶς

329 2092 697 2171 ἐργωδεστέρα
741 2091 1153 2169 προσεξετάσας,
1199 2090 1288 2143 καὶ
1339 2094 1405 2163 τῇ
1460 2088 1614 2166 φύσει
1668 2096 1770 2158 τῆς
1821 2088 1980 2159 ὕλης,

326 2183 415 2238 καὶ
445 2186 514 2257 τῇ
570 2180 791 2255 δυνάμει
841 2188 938 2251 τῆς
989 2180 1317 2251 ἐπιστήμης,
1349 2179 1438 2233 καὶ
1485 2183 1563 2249 τῷ
1592 2179 1737 2233 τέλει
1769 2180 1867 2245 τῆς
1899 2177 1983 2232 ἐν·

329 2271 543 2349 εργείας
600 2272 922 2346 τιμιωτέρα.
985 2270 1048 2322 ἸΙ
1111 2268 1204 2341 μὲν
1262 2266 1366 2342 γὰρ
1423 2267 1549 2340 περὶ
1599 2269 1825 2339 σώματα
1871 2269 1984 2339 (52)

326 2366 592 2434 πονεῖται,
625 2361 715 2416 καὶ
764 2361 863 2429 τήν
916 2356 1178 2431 ἐπίκηρον
1232 2356 1369 2426 ὕλην
1424 2355 1513 2410 καὶ
1545 2357 1692 2410 κάτω
1739 2355 1982 2432 ῥέουσαν,

328 2453 545 2512 πάντως
575 2448 953 2521 λυθησομένην
1005 2447 1094 2501 καὶ
1143 2444 1473 2519 πεισομένην
1522 2446 1583 2499 τὸ
1628 2446 1820 2515 ἑαυτῆς
1850 2447 1986 2518 (53),

246 2564 253 2569 ·
330 2540 427 2595 κᾶν
461 2543 554 2593 νῦν
601 2542 670 2612 τῇ
722 2537 1012 2612 συμμαχίᾳ
1052 2542 1153 2606 τῆς
1200 2534 1403 2611 τέχνης
1450 2536 1838 2608 κπτακρατήσῃ
1884 2541 1985 2602 τῆς

331 2628 383 2683 ἐν
419 2626 556 2701 αὐτῇ
588 2628 699 2701 (54)
744 2627 998 2687 στάσεως·
1033 2625 1067 2693 ἢ
1120 2626 1223 2700 γὰρ
1273 2622 1427 2684 νόσος
1473 2624 1507 2692 ἢ
1552 2622 1753 2697 χρόνος
1800 2618 1984 2677 ἔλυσεν

330 2716 540 2788 εἷ’ξασαν
572 2719 641 2791 τῇ
674 2715 850 2793 φύσει,
909 2714 997 2769 καὶ
1054 2714 1182 2775 τοὺς
1242 2710 1414 2775 ἰδίους
1465 2711 1627 2785 ὅρους
1686 2711 1793 2788 οὐχ
1825 2713 1987 2787 ὑπερ-

330 2802 638 2864 ϐαίνουσαν.

410 3074 502 3129 ΙΖ’.
538 3075 617 3144 Τῇ
649 3067 707 3126 δὶ
753 3091 878 3145 περι
908 3072 1093 3145 ψυχὴν
1122 3072 1156 3139 ἡ
1189 3067 1419 3142 σπουδὴ,
1469 3070 1567 3137 τήν
1623 3068 1682 3123 ἐκ
1729 3071 1861 3123 Θεοῦ
1900 3068 1989 3123 καὶ

339 3162 483 3216 θείαν
520 3208 535 3233 ,
591 3160 682 3215 καὶ
737 3165 839 3229 τῆς
898 3158 1099 3223 ἄνωθεν
1160 3158 1426 3235 εὐγενείας
1487 3158 1839 3234 μετέχουσαν,
1897 3157 2056 3263 καῖε

337 3251 473 3325 πρὸς
521 3247 730 3318 ἐκείνην
791 3250 905 3321 (55)
963 3247 1340 3323 ἐπειγομένην,
1397 3247 1441 3303 εί
1499 3246 1588 3301 καὶ
1647 3251 1726 3319 τῷ
1775 3247 1981 3322 χείρονι

334 3336 608 3409 συνεδέθη·
663 3336 807 3412 τάχα
868 3339 960 3409 μὲν
992 3336 1080 3391 καὶ
1141 3334 1210 3391 δι’
1260 3334 1432 3398 ἄλλας
1487 3336 1683 3404 αἰτίας,
1725 3335 1784 3397 ἃς
1821 3335 1985 3409 μόνος

333 3425 474 3483 οἶδεν
526 3428 552 3483 ὁ
601 3424 869 3493 συνδήσας
919 3426 1069 3496 Θεὸς,
1120 3425 1210 3480 καὶ
1261 3424 1315 3481 εἰ(
1353 3446 1437 3487 τις
1486 3424 1544 3480 ἐκ
1584 3429 1718 3480 Θεοῦ
1763 3425 1830 3480 τὰ
1876 3446 1987 3480 τοι-

334 3521 467 3571 αῦτα
526 3514 782 3593 ἐσοφίσθη
843 3516 1134 3590 μυστήρια”
1186 3512 1309 3569 ὅσον
1362 3511 1407 3568 δ’
1440 3513 1529 3568 οὗν
1578 3513 1674 3587 ἐμὲ
1702 3515 1985 3589 γινώσκειν

334 3605 426 3659 καὶ
455 3603 582 3666 τοὺς
640 3607 758 3659 κατ’
814 3602 930 3677 ἐμὲ,
992 3601 1141 3658 δυοῖν
1197 3599 1394 3657 ἕνεκεν·
1452 3603 1568 3664 ἐνὸς
1622 3603 1737 3675 μὶν,
1778 3601 1869 3657 ’ίνα
1917 3601 1988 3657 δι’

336 3694 548 3769 ἀγῶνος
578 3691 665 3747 καὶ
694 3691 901 3763 πάλης,
953 3699 1056 3762 τῆς
1100 3692 1236 3768 πρὸς
1284 3691 1352 3746 τὰ
1396 3692 1564 3760 κάτω,
1596 3698 1699 3760 τῆς
1749 3687 1859 3746 ἅνω
1892 3689 1988 3747 δό-

336 3781 432 3853 ξης
480 3779 945 3857 κληρονομήσειεν
978 3827 991 3850 ,
1043 3778 1224 3855 ὥσπερ
1273 3780 1478 3855 χρυσὸς
1522 3780 1653 3854 πυρὶ
1685 3782 1818 3852 (56),
1867 3785 1989 3842 τοῖς

332 3868 466 3946 τῇδε
500 3872 897 3945 βασανισθεῖσα,
930 3869 1018 3924 καὶ
1070 3869 1264 3944 ἀρετῆς
1316 3870 1502 3941 ἆθλον,
1552 3866 1699 3923 ἀλλὰ
1747 3870 1822 3941 μή
1856 3873 1990 3924 Θεοῦ

336 3956 509 4035 δῶρον
566 3957 728 4031 μόνον
787 3956 888 4033 ἔχῃ
944 3957 1012 4011 τὰ
1068 3954 1427 4029 ἐλπιζόμενα*
1472 3955 1561 4009 καὶ
1606 3959 1766 4009 τοῦτο
1818 3952 1875 4009 δὲ
1922 3958 1988 4025 ἦν

334 4051 447 4123 (57)
496 4046 598 4122 ἄρα
639 4048 738 4116 τῆς
790 4044 957 4122 ἄκρας
1011 4044 1369 4120 ἀγαθότητος,
1419 4051 1645 4115 ποιῆσαι
1696 4045 1760 4101 τὸ
1793 4046 1992 4121 ἀγαθὸν

406 4210 455 4267 ³1
485 4213 644 4266 Petr.
684 4226 738 4279 v,
770 4211 825 4264 2.
858 4209 905 4245 ⁰⁴
935 4208 1148 4282 Ephes.
1181 4225 1258 4279 v1,
1295 4210 1381 4263 12.

1559 4351 1730 4407 lautae
1781 4352 1992 4408 simili-

1586 4425 1678 4479 ide
1724 4430 1873 4482 orat.
1913 4442 1992 4496 v1,

340 4496 415 4551 al.
462 4511 566 4558 x11,
618 4510 782 4548 num.
824 4496 879 4563 8,
922 4500 979 4549 et
1036 4498 1180 4549 orat.
1232 4512 1393 4561 xxm,
1427 4496 1499 4549 al.
1552 4506 1674 4559 χιιι,
1726 4513 1890 4551 num.
1942 4498 1995 4560 1.

339 4567 418 4623 Ut
446 4566 628 4634 enim,
661 4570 935 4639 _orat._xn_.
978 4565 1065 4639 al.
1100 4582 1221 4639 vm,
1254 4582 1416 4639 num.
1450 4568 1504 4631 5,
1534 4564 1910 4639 βουλομένων,
1935 4565 1996 4620 οὐ

337 4633 791 4711 τυραννουμένων
823 4633 932 4689 ἐστὶ
962 4655 1027 4688 τσ
1052 4634 1180 4703 ὸτῆς
1206 4633 1806 4711 νωτηρίας-μυστήρίον,
1842 4661 1869 4689 ‹‹
1898 4633 1998 4695 ’νο-

342 4709 611 4778 lentium,
646 4726 764 4764 non
796 4713 1130 4780 coactorum
1171 4713 1261 4763 est
1300 4709 1510 4763 salutis
1542 4711 1886 4780 mysterium
1922 4728 1934 4777 ;
1971 4733 2000 4761 ››

340 4782 424 4836 ita
455 4785 509 4835 et
538 4797 619 4835 or.
654 4796 806 4845 χχιιι,
841 4779 913 4836 al.
939 4796 1150 4845 xxxvn,
1184 4796 1347 4833 num.
1383 4781 1472 4849 25,
1509 4779 1699 4835 «nihil
1734 4781 1890 4836 enim
1913 4787 2001 4838 est

342 4860 462 4909 tam
495 4851 1102 4923 volun_tariumquam
1142 4851 1426 4923 religion

413 4924 525 4995 (50)
585 4919 1088 4997 Πολυτροπώτατον
1153 4919 1313 4997 ζῶον.
1372 4922 1532 4997 Vera:
1586 4925 1647 4997 et
1699 4922 1875 4997 plana
1920 4922 2001 4978 le-

342 4993 481 5119 ctis),
513 4993 784 5119 gtpamvis
809 4994 1011 5065 altera,
1042 4997 1147 5048 τῶν
1184 4993 1335 5062 ζώων
1369 4995 1427 5049 in
1477 4993 1745 5064 pluribus
1778 4994 2005 5068 legatur

345 5084 412 5119 co
458 5082 526 5119 1c]
578 5083 666 5119 us.

345 5082 666 5122 COﬂlClDUS.

421 5138 729 5208 (51)"Oo'tp.
766 5136 905 5208 Reg.
942 5137 1000 5203 li,
1046 5155 1123 5198 m,
1150 5137 1460 5208 utrobique
1490 5132 1632 5189 ὅσον.
1689 5141 1819 5192 Posl
1861 5136 2005 5193 alte-

354 5204 481 5264 rum
517 5206 660 5279 ὅσον,
684 5204 917 5279 Ἠοςίῑ,
951 5213 1006 5264 et
1037 5208 1199 5263 Golb.
1236 5225 1314 5277 m,
1344 5204 1388 5261 δ’
1412 5210 1645 5263 habent.

426 5281 537 5350 (52)
571 5278 830 5351 Σώματα.
861 5281 1061 5335 Comb.
1094 5280 1159 5331 τὰ
1202 5278 1447 5350 σώματα.
1483 5280 1570 5334 Ita
1601 5279 1743 5351 Reg.
1785 5279 1824 5334 l.

427 5352 537 5423 (53)
586 5349 678 5423 ,Τὸή
729 5349 943 5423 εαυτῆς.
1003 5349 1310 5422 Sapienter
1383 5356 1441 5407 et
1509 5349 1709 5405 caute"
1740 5352 2010 5423 observat

355 5422 531 5489 Elias,
564 5422 783 5477 dictum
817 5422 981 5477 illum
1017 5440 1145 5479 esse
1172 5426 1408 5495 pr0pter
1443 5446 1469 5473 «
1500 5427 1752 5477 veterem
1790 5422 2010 5494 primo-

357 5500 848 5577 runi‘nostroru‘m
910 5500 1220 5577 parentum
1268 5495 1821 5577 transgressionem,
1859 5495 2013 5551 unde

358 5567 527 5622 ﬂuxit
558 5567 655 5620 illa
677 5565 968 5622 sententia
1001 5584 1065 5623 ;‹‹
1098 5575 1252 5622 terra
1280 5584 1364 5628 es.
1399 5565 1542 5621 etin
1576 5570 1788 5620 terram
1822 5583 2011 5622 rever-

359 5640 519 5695 teris.
560 5661 584 5685 ι)
606 5638 747 5691 Nam
776 5638 989 5709 alioqui
1012 5660 1036 5688 «
1064 5638 1743 5693 hausereavitllominem
1765 5638 2014 5693 inexter-

362 5711 704 5767 minahilem
740 5712 887 5781 (δίη).
925 5718 984 5775 Il,
1016 5711 1131 5781 23).
1178 5733 1204 5759 ››

434 5783 547 5859 (54)
576 5784 662 5833 Ἑρ
694 5780 850 5853 αὐτῇ.
892 5782 1028 5854 Reg.
1055 5779 1112 5849 b',
1147 5798 1225 5848 ιιι,
1258 5779 1309 5833 ἐν
1339 5780 1523 5851 ἑαυτῇ.

692 5910 954 5973 Panos
1008 5910 1120 5971 Gn.
1166 5908 1407 5973 XXXV.

568 4351 771 4419 ’Ὠσπερ
827 4348 1010 4426 φυτόν.
1071 4350 1471 4426 Elegansthic

337 4424 502 4493 tudo,
528 4438 645 4493 qua
674 4438 788 4476 non
822 4423 1002 4478 semel
1024 4439 1170 4478 usus
1202 4428 1292 4478 est
1321 4423 1492 4493 Greg.

2093 1912 2358 1967 omnium
2387 1912 2637 1969 maxime
2666 1912 2892 1967 varium
2922 1917 2980 1967 et
2998 1906 3328 1985 multiplex.
3370 1915 3431 1969 Id
3446 1932 3619 1987 porro
3640 1916 3749 1973 hac

2094 2001 2332 2056 demum
2365 2002 2587 2057 ratione
2620 2000 2914 2074 quispiam
2946 2002 3392 2075 perspexerit,si
3414 2005 3747 2062 animarum

2093 2091 2486 2145 curandarum
2512 2090 2794 2145 rationem
2818 2107 2949 2145 cum
2968 2107 3278 2163 corporum
3303 2094 3591 2150 medicina
3612 2111 3749 2151 con-

2094 2178 2311 2245 tulerit,
2348 2178 2817 2251 quantoquehaac
2848 2184 3049 2235 nostra
3080 2179 3423 2237 laboriosior
3452 2184 3751 2255 quamilla

2095 2267 2191 2339 sit,
2224 2268 2586 2339 expenderit,
2620 2285 2706 2336 ac,
2742 2272 2866 2322 tum
2898 2268 3155 2323 materiae
3188 2274 3414 2341 natura,
3443 2274 3569 2326 tum
3604 2273 3749 2330 artis

2095 2356 2391 2425 facultate,
2427 2361 2551 2411 tum
2577 2362 2741 2411 actus
2772 2357 2906 2425 ﬁne,
2958 2359 3347 2429 praestantior.
3392 2359 3561 2415 Illius
3590 2362 3749 2418 enim

2094 2444 2258 2501 labor
2288 2445 2441 2501 circa
2471 2462 2713 2517 corpora
2742 2450 3025 2513 versatur,
3073 2446 3458 2520 fragilemque
3515 2449 3665 2505 hanc
3695 2455 3755 2507 et

2097 2534 2263 2588 humi
2298 2534 2589 2589 labentem
2623 2534 3206 2601 materiam,omnino
3223 2536 3459 2592 tandem
3483 2538 3754 2598 interitu.

2098 2640 2246 2691 ram,
2279 2639 2629 2694 eaque,quae
2648 2623 2757 2677 fert
2788 2622 2975 2694 ipsius
2998 2623 3273 2691 conditio,
3308 2641 3743 2696 perpessuram,

2098 2712 2329 2768 etiamsi
2364 2712 2504 2766 artis
2518 2710 2782 2767 subsidio
2812 2710 3121 2767 dissidium
3142 2711 3308 2783 illud,
3324 2730 3439 2785 quo
3462 2713 3752 2787 laborant,

2100 2817 2258 2855 nunc
2289 2804 2548 2873 superet.
2582 2800 2723 2855 Eam
2746 2800 3372 2872 enim,autmorbivis,
3388 2807 3488 2858 aut
3514 2806 3754 2876 tempus

2100 2890 2435 2963 exstinguet
2466 2893 2689 2945 naturas
2745 2889 2856 2962 legi
2891 2890 3214 2960 cedentem,
3274 2907 3380 2947 nec
3437 2892 3583 2949 fines
3614 2909 3755 2951 suos

2099 2980 2496 3035 excedentem.

2169 3067 2342 3123 XVII.
2381 3069 2453 3122 At
2483 3066 2661 3138 hujus
2694 3065 2957 3121 studium
3005 3070 3179 3138 atque
3236 3083 3413 3139 opera
3468 3067 3528 3122 in
3556 3068 3755 3127 anima

2101 3157 2359 3228 ponitur,
2388 3173 2515 3228 quea
2547 3172 2615 3211 ex
2637 3156 2751 3210 Deo
2784 3160 2894 3223 est,
2926 3159 3097 3226 atque
3117 3155 3333 3224 divina,
3367 3173 3752 3230 supernisque

2096 3246 2420 3302 nobilitatis
2451 3245 2761 3317 particeps,
2780 3245 2847 3299 ad
2873 3261 3121 3317 eamque
3142 3261 3460 3317 properans
3485 3247 3753 3315 ;tametsi

2095 3335 2284 3391 viliori
2308 3335 2544 3390 interim
2586 3351 2652 3389 ac
2684 3333 2953 3389 deteriori
3003 3333 3238 3389 astricta
3295 3334 3390 3389 sit.
3456 3327 3637 3408 Cujus
3669 3336 3753 3393 rei

2098 3425 2296 3481 multae
2328 3441 2561 3497 quoque
2592 3422 2717 3478 aliae
2742 3424 2984 3479 fortasse
3015 3439 3207 3479 causa:
3239 3429 3401 3491 sunt,
3435 3441 3584 3497 quas
3598 3425 3756 3482 solus

2099 3520 2269 3581 Deus,
2304 3514 2403 3585 qui
2429 3514 2546 3567 haec
2578 3511 2865 3579 astrinxit,
2902 3513 3164 3584 cognitas
3201 3516 3257 3568 et
3286 3513 3616 3586 exploratas
3648 3514 3759 3570 ba-

2099 3604 2216 3673 bet,
2242 3607 2342 3658 aut
2374 3602 2422 3658 si
2456 3601 2589 3672 quis
2619 3600 2962 3672 hujusmodi
2996 3602 3416 3673 mysteriorum
3448 3602 3758 3659 scientiam

2099 3691 2380 3747 divinitus
2411 3695 2501 3745 est
2530 3692 2910 3745 consecutus:
2936 3694 3225 3760 quantum
3254 3695 3447 3747 autem
3478 3691 3760 3765 ego,mei-

2101 3796 2213 3852 que
2245 3778 2489 3844 similes,
2524 3776 2853 3849 cognitione
2889 3778 3282 3849 assequimur,
3323 3779 3544 3851 duplici
3584 3796 3763 3836 causa

2100 3869 2159 3924 id
2192 3869 2409 3922 factum
2442 3870 2566 3933 est;
2601 3865 2784 3921 altera
2810 3871 2875 3921 ut
2905 3883 3006 3937 per
3047 3869 3541 3924 concertationem
3574 3877 3630 3925 et
3649 3868 3761 3925 col-

2102 3956 2486 4013 luctationem
2519 3955 2565 3994 ⁴⁴
2593 3971 2727 4009 cum
2760 3956 2934 4010 rebus
2965 3955 3341 4013 inferioribus
3387 3958 3458 4013 ad
3492 3973 3758 4030 superna

2104 4046 2303 4120 gloriae
2332 4044 2727 4102 bzereditatem
2757 4044 3075 4117 perveniat,
3113 4045 3288 4102 rebus
3318 4046 3542 4104 scilicet
3586 4046 3759 4104 ﬂuxis

2174 4353 2287 4425 (55)
2329 4350 2429 4406 Καὶ
2487 4350 2625 4425 πρὸς
2683 4348 2916 4425 ἐκείνην.
3001 4352 3152 4410 Citat
3206 4354 3327 4411 haec
3390 4355 3764 4416 Iustinianus

2106 4423 2409 4552 gzubgustus
2440 4424 2511 4479 ad
2536 4423 2794 4481 Menam.
2831 4423 2990 4481 Cone.
3025 4427 3117 4481 ed.
3154 4427 3286 4484 Lab.
3320 4432 3465 4485 tom.
3496 4428 3591 4500 IV,
3616 4445 3753 4504 pag.

2180 4567 2296 4640 (56)
2350 4563 2506 4640 {lup}.
2565 4566 2896 4640 Delevimus
2950 4570 3030 4637 τῷ

2112 4636 2291 4764 Regg'.
2327 4636 2523 4704 cod‘d.,
2557 4654 2658 4692 sex
2679 4636 2864 4705 Colb.,
2889 4642 2984 4694 Or.
3006 4636 3072 4692 ⁷1.
3524 4636 3544 4643 “
3669 4636 3689 4644 “

2112 4780 2145 4784 Α,
2181 4712 2198 4783 (
2332 4712 2500 4784 Τοῦτο
2533 4704 2589 4761 δὲ
2617 4709 2705 4775 ἧν.
2738 4710 2939 4765 Comb.
2982 4712 3161 4784 AtOB‘EO
3193 4712 3322 4784 ,γὰρ
3379 4712 3468 4780 ἦν,
3512 4712 3607 4769 Sic
3646 4711 3769 4769 Bil-

2111 4780 2227 4836 lius
2258 4781 2414 4836 hunc
2440 4780 2647 4854 locum
2662 4785 2934 4854 verterat,
2966 4780 3507 4854 Gregorii'mentem
3531 4800 3647 4840 non
3672 4800 3768 4840 as-

2111 4858 2396 4928 secutus:
2431 4876 2457 4902 ‹‹
2476 4852 2652 4928 Quod
2687 4853 2858 4907 etiam
2880 4852 3337 4928 ipsumsummae
3361 4872 3428 4911 ac
3449 4854 3769 4928 singularis

2112 4926 2213 4980 Dei
2244 4924 2525 4979 bonitatis
2556 4928 2970 4995 argumentum
3002 4930 3111 4992 est,
3144 4926 3427 4984 nimirum
3462 4924 3672 4995 faccre,
3706 4932 3772 4983 ut

2111 4998 2299 5053 virtus
2331 5001 2531 5051 nostra
2564 4994 2796 5067 quoque
2814 4994 3091 5067 aliquaex
3109 5003 3269 5068 parte
3300 4999 3397 5065 sit,
3434 4994 3770 5065 »εἰαριιωί

2112 5085 2246 5124 vero
2280 5068 2432 5123 Deus
2454 5068 2585 5122 boni
2609 5074 2830 5138 partem
2854 5068 3167 5135 faciat,nos
3186 5071 3431 5126 alteram
3463 5072 3768 5129 faciamus.

2119 5140 2279 5217 ﬂaud
2313 5138 2395 5217 ita
2442 5138 2775 5217 Gregorius.
2819 5140 2929 5194 Sed
2964 5162 2991 5189 «
3026 5142 3543 5217 summagbonitas,
3580 5165 3611 5196 »
3645 5160 3773 5217 quas

2118 5213 2641 5288 Deusesthomnia
2673 5228 2848 5281 opera
2870 5217 3070 5288 nostra
3091 5213 3160 5288 in
3196 5215 3365 5270 nobis
3396 5213 3692 5288 operatur,
3714 5220 3773 5272 et

2118 5282 2389 5359 sllicitat
2420 5282 2639 5359 bonum
2656 5283 3027 5359 suumetiam
3051 5287 3129 5338 sit
3151 5282 3773 5359 nostrum,'preebendo

2120 5355 2271 5409 vires
2303 5351 2485 5408 libero
2516 5354 3391 5427 arbitrio,utbonumOperetur,
3418 5351 3480 5415 et
3506 5368 3773 5416 nostrum

2122 5427 2198 5481 sit
2225 5443 2257 5498 ς,
2282 5448 2308 5475 ‹‹
2345 5442 2581 5480 summa
2602 5426 2859 5480 bonitate
2894 5451 2914 5478 ι
2953 5427 3035 5481 ita
3064 5426 3311 5498 volente,
3372 5426 3488 5486 non
3539 5435 3774 5486 tantum

2123 5519 2152 5548 «
2187 5496 2383 5568 aliqua
2410 5514 2476 5551 ex
2510 5501 2688 5567 parte.
2726 5518 2751 5545 ››
2781 5502 2925 5551 Nam
2959 5504 3023 5551 ut
3079 5496 3325 5556 Cernadi
3372 5502 3563 5558 verbis
3620 5508 3774 5568 utar,

2125 5591 2153 5621 ‹‹
2174 5586 2289 5624 non
2322 5570 2531 5640 partim
2560 5568 2768 5639 gratia,
2803 5568 3014 5638 partim
3038 5569 3287 5628 liberum
3320 5573 3653 5641 arbitrium,
3674 5573 3777 5630 sed

2125 5645 2311 5717 totum
2349 5640 3077 5717 singulaoporeindivid‘uo
3103 5640 3777 5717 peragunt.Totumrqui-

2127 5715 2259 5768 dem
2288 5712 2482 5788 homst
2510 5718 2699 5788 totum
2731 5710 2833 5764 illa
2866 5729 2877 5777 ;
2904 5710 3311 5788 sedant—totum
3334 5718 3395 5772 in
3426 5716 3546 5788 illo,
3574 5710 3780 5775 sio—to-

2128 5790 2256 5841 tum
2287 5800 2355 5840 ex
2385 5783 2505 5840 illa.
2543 5804 2570 5833 ››
2605 5783 2677 5839 De
2702 5790 2855 5855 grat.
2886 5786 2941 5841 et
2968 5785 3045 5843 tib
3074 5788 3216 5860 arb.,
3252 5806 3311 5848 n.
3336 5790 3427 5849 47.

3394 5917 3469 5983 14

3101 4570 3451 4628 auctoritate
3507 4570 3765 4644 quinque
