4110 6414
341 399 459 461 433

1490 396 1784 459 ORATIO
1828 396 1906 458 II.
1940 431 2017 441 -—
2044 395 2589 460 APOLOGETICA

3647 395 3767 459 434

344 543 409 601 θη
438 531 540 604 (1),
570 526 661 584 καὶ
692 522 949 597 συνεδέθη
979 524 1047 581 τὰ
1076 522 1338 581 διεστῶτα
1392 529 1461 600 τῇ
1511 529 1645 602 πρὸς
1694 529 1857 606 ἄμφω
1907 532 1997 583 τοῦ

2121 530 2504 601 ἀίε,Ῑιιῐιοίεθειο
2535 531 2887 587 dissidentes
2902 530 3376 602 perinterpositae
3406 531 3507 588 24
3528 531 3608 587 rei
3630 532 3763 588 cum

346 618 725 694 μεσιτεύοντος
774 615 1092 684 οἰκειότητι·
1126 614 1214 669 καὶ
1270 616 1443 670 πάντα
1474 620 1549 689 (2)
1602 617 1731 691 ὑπὲρ
1782 617 1994 672 πάντων

343 710 512 779 ἦλθεν
547 708 623 768 εἷς
651 706 730 775 ἓν,
748 704 836 760 καὶ
870 705 1001 778 ὑπὲρ
1025 704 1143 767 ἰνὸς
1163 709 1260 758 τοῦ
1283 707 1647 781 προπάτορος·
1668 708 1702 775 ἡ
1736 707 1887 781 ψυχὴ
1914 705 2001 761 διὰ

344 801 447 867 τὴν
499 794 929 871 παρακούσασαν,
981 796 1016 862 ἡ
1070 794 1197 870 σὰρξ
1264 791 1353 849 διὰ
1413 796 1512 863 τὴν
1584 796 1998 871 ὑπουργήσασαν

348 888 442 943 καὶ
494 885 1015 961 συγκατακριθεῖσαν·
1050 885 1084 953 ἡ
1135 883 1229 955 μὲν
1284 885 1491 959 ψυχὴν,
1535 887 1568 953 ἡ
1622 882 1677 939 δὲ
1734 886 1920 961 σάρκα·
1974 886 2001 939 ὁ

350 975 574 1052 Χριστὸς
606 971 694 1028 διὰ
718 973 809 1028 τὸν
842 970 1015 1045 Ἀδὰμ
1049 973 1137 1026 τὸν
1181 973 1469 1047 γενόμενον
1526 972 1629 1027 ὑπὸ
1677 974 1776 1042 τὴν
1832 975 2003 1050 ἀμαρ-

349 1064 485 1134 τίαν,
518 1064 545 1118 ὁ
575 1062 831 1139 κρείττων
866 1065 942 1136 (3)
973 1061 1239 1137 ἁμαρτίας
1270 1061 1360 1116 καὶ
1394 1060 1756 1138 ὑψηλότερος.

2112 624 2361 691 utraque
2391 610 2592 675 earum
2628 621 2973 675 affinitatem
2991 621 3465 691 etcognationem
3483 621 3763 691 copulata:

2111 715 2283 764 sunt:
2320 716 2493 778 atque
2521 710 2721 763 omnia
2768 714 3002 779 propter
3034 709 3251 775 omnia,
3286 714 3345 763 et
3375 725 3477 779 pro
3510 726 3625 763 uno
3668 710 3764 764 illo

2112 798 2342 869 generis
2373 798 2557 853 nostri
2589 798 2851 868 principe
2897 797 2957 851 in
3017 814 3202 852 unum
3236 797 3534 865 coierunt;
3570 798 3769 852 anima

2112 885 2393 941 nimirum
2428 892 2661 957 propter
2676 903 2970 957 earn,quae
2993 890 3278 957 pracepto
3297 885 3491 942 divino
3524 886 3769 941 minime

2113 975 2349 1047 paruit;
2385 991 2539 1043 caro,
2578 970 2814 1047 propter
2847 992 2997 1041 eam,
3032 992 3158 1044 qua:
3209 974 3419 1030 animaa
3460 975 3769 1046 cupiditati

2114 1064 2393 1119 obsecuta
2424 1068 2533 1135 est,
2568 1064 2863 1135 simulque
2921 1065 3333 1131 condemnata,
3378 1064 3480 1118 illa
3530 1070 3771 1136 propter

348 1155 624 1223 animam,
655 1154 771 1209 ista
801 1158 1039 1225 propter
1068 1169 1302 1208 carnem
1336 1170 1349 1220 ;
1383 1152 1647 1209 Christus
1675 1153 1927 1225 denique
1952 1157 2189 1225 propter
2216 1153 2529 1223 Adamum,
2561 1152 2670 1209 hoc
2691 1156 2781 1208 est
2813 1158 3047 1225 propter
3074 1169 3229 1220 eum,
3254 1153 3352 1224 qui
3387 1154 3496 1209 sub
3532 1157 3767 1225 peccato

340 1245 530 1300 tactus
560 1247 669 1313 est,
703 1242 776 1309 is,
811 1243 910 1314 qui
940 1247 1176 1314 peccato
1207 1241 1517 1297 sublimior
1546 1259 1611 1298 ac
1644 1242 2014 1314 praestantior
2042 1247 2186 1299 erat.

412 1333 531 1387 KA'.
568 1331 666 1385 Διά
690 1334 851 1386 τοῦτο
884 1331 1212 1404 ἀντεισήχθη
1247 1333 1324 1401 τῷ
1352 1328 1571 1399 παλαιῷ
1617 1331 1678 1383 τὸ
1736 1330 1877 1384 νὲον·
1908 1330 1998 1385 καὶ

343 1419 435 1477 διὰ
462 1420 665 1482 πάθους
699 1420 726 1474 ὁ
756 1420 941 1483 παθὼν
980 1417 1273 1489 ἀνεκλήθη,
1305 1417 1394 1473 καὶ
1449 1418 1581 1494 ὑπὲρ
1623 1419 1845 1474 ἑκάστου
1892 1424 2001 1475 τῶν

341 1506 627 1586 ἡμετέρων
677 1506 899 1563 ἕκαστον
944 1510 1042 1563 τοῦ
1093 1507 1225 1583 ὑπὲρ
1274 1509 1426 1579 ἡμᾶς
1468 1505 1857 1581 ἀντεδόθη
1908 1507 1998 1562 καὶ

341 1598 530 1676 γὲγονε
556 1596 739 1653 καινὸν
777 1599 1078 1670 μυστήριον
1110 1598 1143 1665 ἡ
1177 1596 1301 1670 περὶ
1345 1596 1435 1650 τὸν
1488 1594 1717 1651 πεσόντα
1749 1594 1816 1651 δι’
1847 1596 1997 1652 ἀπεί-

344 1689 489 1743 θειαν
543 1686 603 1743 ἐκ
649 1686 1058 1764 φιλανθρωπίας
1113 1684 1420 1757 οἰκονομία.
1464 1686 1561 1739 Διά
1606 1689 1767 1739 τοῦτο
1815 1686 2001 1761 γέννη-

344 1798 427 1840 σις
457 1778 534 1850 (5)
564 1776 654 1831 καὶ
688 1776 978 1849 Παρθένος
1014 1772 1102 1830 διὰ
1128 1778 1292 1829 τοῦτο
1324 1775 1494 1850 φάτνη
1528 1774 1615 1829 καὶ
1663 1775 1927 1849 βηθλεέμ·
1960 1777 1995 1845 ἠ

343 1865 596 1941 γέννησις
626 1866 756 1941 ὑπὲρ
787 1871 890 1933 τῆς
920 1863 1188 1926 πλάσεως
1226 1867 1260 1933 ἡ
1296 1862 1564 1939 Ηαρθὲνος
1596 1864 1727 1938 ὑπὲρ
1758 1868 1856 1933 τῆς
1907 1886 1999 1939 γυ-

2179 1331 2366 1387 XXIV.
2428 1333 2511 1386 0b
2560 1332 2713 1386 hanc
2777 1331 2953 1387 etiam
3012 1348 3252 1387 causam
3309 1331 3490 1387 veteri
3547 1349 3764 1388 novum

2109 1421 2498 1477 substitutum
2529 1426 2636 1489 est,
2672 1425 2729 1476 et
2769 1438 2871 1492 per
2902 1421 3255 1491 passionem,
3289 1422 3360 1488 is,
3402 1422 3503 1492 qui
3555 1439 3765 1494 passus

2106 1510 2316 1577 fuerat,
2340 1511 2399 1565 in
2424 1510 2737 1580 pristinum
2781 1514 3002 1565 statum
3032 1515 3356 1581 revocatus,
3394 1526 3460 1565 ac
3492 1528 3595 1582 pro
3627 1530 3770 1568 una-

2109 1616 2343 1671 quaque
2376 1616 2570 1654 rerum
2604 1604 2964 1670 nostrarum,
2990 1615 3344 1671 unaquaque
3367 1615 3459 1654 res
3487 1601 3634 1670 ejus,
3666 1602 3768 1673 qui

2107 1689 2279 1743 nobis
2310 1688 2620 1744 sublimior
2640 1694 2749 1757 est,
2768 1705 3013 1759 repensa
3040 1706 3051 1744 :
3069 1706 3401 1759 novumque
3420 1690 3765 1761 mysterium

2108 1778 2325 1833 factum
2357 1783 2445 1833 est
2475 1778 2597 1843 illa,
2631 1794 2757 1848 quae
2789 1779 2940 1832 circa
2972 1794 3127 1845 eum,
3164 1777 3265 1849 qui
3297 1795 3399 1849 per
3426 1778 3764 1833 inobedien-

2106 1866 2250 1921 tiam
2283 1867 2512 1931 cecidit,
2536 1884 2638 1938 per
2668 1868 3087 1939 benignitatem
3104 1868 3347 1939 contigit
3378 1867 3763 1939 dispensatio.

344 1955 550 2018 ναικός·
613 1957 649 2025 ἠ
700 1953 953 2026 Βηθλεὲμ
1001 1951 1089 2008 διὰ
1136 1954 1235 2022 τήν
1272 1950 1453 2025 Ἐδὲμ⁶
1488 1956 1522 2023 ἡ
1558 1954 1728 2030 φάτνη
1782 1951 1869 2008 διὰ
1908 1955 1997 2008 τὸν

2121 1956 2327 2011 idcirco
2375 1957 2672 2026 generatio
2722 1961 2778 2011 et
2804 1957 2967 2028 virgo
3004 1973 3015 2010 :
3052 1956 3265 2011 idcirco
3326 1957 3677 2028 praesepium
3710 1961 3767 2012 et

344 2041 690 2120 παράδεισονο
723 2043 791 2099 τὰ
823 2044 989 2119 μικρὰ
1018 2042 1106 2097 καὶ
1139 2042 1438 2120 φαινόμενα
1496 2043 1627 2116 ὑπὲρ
1672 2047 1778 2098 τῶν
1830 2043 1995 2119 μεγά-

346 2132 458 2189 λων
510 2131 597 2188 καὶ
650 2134 1038 2208 κρυπτομένων
1070 2134 1163 2203 (ὃ).
1204 2132 1299 2186 Διά
1345 2130 1507 2185 τοῦτο
1558 2131 1781 2207 ἄγγελοι
1843 2129 1997 2202 δοξά-

347 2228 522 2292 ζοντες
552 2222 643 2278 τὸν
689 2220 959 2298 οὐράνιον,
995 2220 1107 2276 εἶτα
1153 2219 1408 2295 ἐπίγειον·
1457 2219 1546 2274 καὶ
1598 2220 1853 2294 ποιμένες
1907 2219 1995 2275 δό-

342 2312 429 2384 ξαν
464 2315 541 2386 (7)
571 2314 805 2388 ὁρῶντες
838 2310 925 2365 ἐπὶ
957 2308 1036 2383 τῷ
1066 2309 1223 2384 ἀμνῷ
1263 2310 1353 2365 καὶ
1401 2311 1645 2382 ποιμένι·
1678 2310 1768 2364 καὶ
1831 2311 1999 2386 ἀστὴρ

343 2403 677 2477 ἡγουμενος,
710 2400 797 2456 καὶ
834 2399 995 2477 μάγοι
1028 2398 1458 2477 προσπίπτοντες
1490 2399 1579 2454 καὶ
1616 2397 1999 2477 δωροφοροῦν-

341 2512 447 2563 τες,
493 2489 566 2545 ¹ίν³
614 2488 1041 2565 εἰδωλολατρεία
1082 2487 1381 2562 καταλυθῇ.
1434 2488 1531 2542 Δια
1584 2492 1744 2542 τοῦτο
1793 2491 2000 2560 Ἰησοῦς

345 2580 765 2657 βαπτιζόμενος,
816 2579 904 2634 καὶ
958 2576 1159 2634 ἄνωθεν
1215 2577 1683 2654 μαρτυρούμενος,
1743 2577 1831 2632 καὶ
1900 2600 1997 2645 νη-

339 2670 564 2744 στεύων,
623 2669 715 2725 καὶ
773 2668 1186 2744 πειραζόμενος,
1233 2666 1321 2723 καὶ
1375 2671 1538 2722 νικῶν
1606 2668 1698 2723 τὸν
1747 2669 1998 2738 νικήσαν-

335 2781 402 2816 τα
566 2760 665 2815 Διὰ
692 2763 853 2815 τοῦτο
884 2756 1137 2833 δαίμονες
1173 2755 1551 2830 ἐλαυνόμενοι,
1582 2758 1671 2811 καὶ
1719 2756 1867 2812 νόσοι
1916 2759 1997 2812 θε-

340 2849 730 2928 ραπευόμεναι,
760 2848 849 2902 καὶ
878 2848 941 2903 τὸ
1005 2847 1139 2923 μέγα
1184 2848 1444 2924 κήρυγμα
1496 2852 1712 2924 μικροῖς
1760 2847 1997 2923 ἐγχειρι-

347 2937 405 3007 ζό
417 2958 576 3010 μενον
613 2936 705 2991 καὶ
736 2937 1165 3011 κατορθούμενον
1178 2980 1188 2991 .

2110 2044 2447 2100 Bethlehem
2485 2063 2495 2100 :
2530 2047 2826 2117 generatio
2858 2051 3093 2117 propter
3122 2047 3473 2101 efﬁctionem
3503 2046 3569 2110 59,
3602 2046 3763 2119 virgo

2110 2140 2346 2206 propter
2376 2134 2703 2200 mulierem,
2740 2134 3075 2190 Bethlehem
3099 2140 3337 2205 propter
3366 2135 3764 2206 Eden,praase-

2110 2224 2275 2295 pium
2307 2228 2543 2294 pr0pter
2562 2224 2922 2295 paradisum,
2974 2241 3066 2279 res
3098 2241 3284 2295 parva:
3334 2229 3391 2279 et
3438 2224 3766 2295 conspicuae

2110 2317 2346 2384 propter
2402 2329 2648 2385 magnas
2687 2319 2745 2368 et
2818 2314 2892 2367 ab
2966 2312 3153 2367 oculis
3212 2318 3487 2369 remotas.
3546 2313 3767 2369 Idcirco

2110 2401 2324 2473 angeli,
2386 2401 2635 2457 caelestis
2695 2402 2974 2473 primum,
3026 2419 3091 2457 ac
3165 2402 3376 2458 deinde
3427 2403 3644 2458 terreni
3700 2402 3765 2470 ⁸³,

2109 2491 2353 2564 gloriam
2390 2490 2853 2562 praedicantes,et
2883 2496 3147 2562 pastores
3169 2492 3241 2546 ob
3259 2491 3395 2563 agni
3426 2495 3483 2547 et
3515 2493 3768 2563 pastoris

2110 2584 2305 2635 ortum
2339 2579 2583 2651 gloriam
2616 2583 2920 2635 cernentes
2950 2581 3012 2647 δι,
3073 2584 3129 2634 et
3177 2579 3345 2635 stella
3386 2580 3650 2650 praaiens,
3711 2584 3769 2636 et

2110 2669 2265 2741 Magi
2296 2685 2423 2725 sese
2445 2673 2901 2740 prosternentes,
2959 2686 3024 2725 ac
3073 2685 3320 2724 munera
3358 2670 3667 2725 offerentes
3698 2670 3762 2739 ⁸³,

2112 2763 2176 2813 ut
2207 2758 2429 2814 scilicet
2460 2757 2748 2814 idolorum
2786 2759 2982 2813 cultus
3013 2762 3381 2814 everteretur.
3417 2758 3638 2813 Idcirco
3667 2759 3764 2814 Je-

2111 2865 2215 2903 sus
2244 2848 2522 2919 baptismi
2554 2866 2707 2919 aqua
2727 2849 2995 2919 tingitur,
3032 2853 3087 2902 et
3118 2865 3371 2918 superno
3424 2847 3763 2904 testimonio

2111 2942 2424 2994 coronatur
2453 2939 2516 3006 δδ,
2551 2942 2607 2993 et
2631 2939 2880 3007 jejunat,
2906 2938 2970 3008 ⁸⁷,
2998 2941 3055 2992 et
3083 2941 3360 3005 tentatur,
3396 2941 3452 2992 et
3480 2954 3637 3003 eum,
3664 2938 3762 3008 qui

343 3029 588 3094 vicerat,
621 3027 875 3082 devincit
894 3028 958 3080 ⁸³.
990 3027 1206 3082 Idcirco
1237 3029 1526 3083 daemones
1556 3028 1875 3100 ejiciuntur
1902 3029 1966 3093 ⁵9,
1986 3031 2043 3082 et
2073 3027 2261 3083 morbi
2295 3026 2804 3098 depelluntur°°,et
2835 3042 3064 3098 magna:
3093 3024 3525 3097 praedicationis
3543 3042 3763 3081 munus

349 3115 549 3189 parvis
581 3114 924 3170 hominibus
957 3114 1363 3187 committitur,
1392 3120 1449 3172 et
1475 3134 1609 3171 cum
1642 3116 1815 3172 laude
1846 3117 2317 3172 administratur.

418 3204 544 3261 KE'.
580 3203 679 3256 Διά
708 3206 869 3257 τοῦτο
914 3199 1037 3270 ἔθνη
1092 3203 1489 3280 φρυασσόμενα,
1516 3205 1605 3258 καὶ
1655 3202 1779 3258 λαοὶ
1834 3204 1991 3276 μελε-

2180 3205 2353 3259 XXV.
2380 3204 2597 3260 Idcirco
2618 3209 2820 3276 gentes
2855 3205 3188 3274 frementes,
3229 3208 3285 3260 et
3334 3203 3533 3275 populi
3565 3203 3767 3260 inania

340 3297 542 3353 τῶντες
598 3289 745 3345 κενάο
799 3288 886 3344 διὰ
930 3295 1090 3346 τοῦτο
1139 3293 1299 3363 ξύλον
1350 3293 1487 3347 κατὰ
1535 3297 1633 3348 τοῦ
1684 3292 1847 3363 ξύλου
1898 3295 1995 3366 (9),

339 3378 428 3434 καὶ
460 3379 599 3433 κατὰ
627 3384 728 3446 τῆς
773 3380 957 3453 χειρὸς
1006 3384 1211 3455 χεῖρες,
1243 3387 1341 3450 τῆς
1391 3381 1636 3456 ἀκρατῶς
1686 3380 1997 3450 inuestem:

340 3470 395 3523 αἱ
444 3466 707 3541 γενναίως
752 3469 1010 3523 ταθεῖσαι·
1065 3475 1166 3538 τῆς
1235 3469 1522 3543 ἀνειμένης
1574 3471 1629 3525 αἱ
1675 3476 1792 3532 τοῖς
1838 3469 1999 3539 ἥλοις

345 3555 597 3613 δεθεῖσαιο
644 3563 748 3627 τῆς
802 3552 1140 3627 ἔκϐαλούσης
1193 3560 1305 3632 (10)
1358 3557 1535 3632 Ἀδὰμ
1582 3561 1637 3613 αἱ
1683 3559 1750 3614 τὰ
1797 3558 2001 3635 πέρατα

346 3644 713 3719 οἷκειούμεναι
744 3648 877 3720 (11)’
914 3647 1010 3700 Διὰ
1058 3649 1219 3699 τοῦτο
1264 3644 1399 3720 ὕψος
1450 3649 1586 3701 κατά
1631 3652 1728 3701 τοῦ
1777 3648 2002 3720 πτώμα-

342 3753 456 3797 τος·
490 3734 578 3789 καὶ
628 3736 771 3810 χελὴ
812 3736 923 3806 (12)
974 3734 1109 3787 κατὰ
1155 3740 1254 3803 τῆς
1313 3733 1568 3809 γεύσεως,
1602 3736 1690 3790 καὶ
1742 3734 1997 3814 στέφανος

345 3826 625 3890 ἀκάνθινος
660 3823 795 3879 κατὰ
824 3826 921 3878 τοῦ
982 3828 1224 3899 πονηροῦ
1272 3823 1503 3894 κράτους
1535 3826 1670 3899 (13),
1704 3824 1791 3879 καὶ
1844 3827 1998 3879 θάνα-

341 3935 435 3978 τος
464 3913 601 3970 κατά
656 3919 754 3970 τοῦ
809 3915 1059 3983 θανάτου,
1093 3913 1181 3968 καὶ
1232 3913 1422 3976 σκότος
1473 3914 1604 3991 ὑπὲρ
1654 3920 1750 3970 τοῦ
1796 3916 1996 3993 φωτὸς,

2110 3296 2461 3351 meditantes
2510 3296 2576 3359 δί,
2613 3294 2832 3350 Idcirco
2892 3293 3119 3367 lignum
3175 3294 3455 3350 adversus
3512 3294 3762 3367 lignum,

2111 3389 2167 3441 et
2264 3402 2475 3440 manus
2561 3384 2838 3439 adversus
2916 3400 3226 3451 manum;
3302 3382 3433 3453 illae,
3504 3385 3764 3454 inquam,

2110 3472 2334 3527 fortiter
2391 3478 2661 3536 extensae,
2722 3472 3002 3526 adversus
3080 3470 3511 3527 incontinenter
3570 3476 3766 3527 exten-

2112 3578 2238 3617 sam
2310 3561 2490 3628 ;illa-':
2569 3560 2747 3615 clavis
2831 3561 3089 3627 conﬁxae,
3166 3564 3339 3631 atque
3414 3560 3762 3628 constrictas,

2112 3651 2393 3705 adversus
2451 3649 2759 3703 remissam
2813 3652 2870 3704 et
2916 3648 3163 3703 solutam
3233 3664 3247 3716 ;
3309 3648 3420 3703 illis
3481 3648 3638 3704 orbis
3699 3650 3763 3703 {i-

2113 3756 2215 3794 nes
2247 3740 2693 3810 conjungentes,
2738 3738 3018 3792 adversus
3047 3754 3197 3806 eam,
3248 3754 3375 3809 quae
3410 3738 3701 3794 Adamum
3734 3755 3763 3792 ο

2115 3828 2387 3899 paradiso
2418 3827 2745 3881 exturbavit
2770 3827 2835 3880 5’.
2862 3826 3083 3880 Idcirco
3114 3825 3451 3882 sublimitas
3482 3828 3763 3883 adversus

2116 3916 2369 3989 lapsum,
2405 3917 2502 3972 25
2538 3920 2594 3971 et
2626 3914 2696 3970 fel
2730 3916 3008 3969 adversus
3040 3920 3300 3985 gustum,
3338 3920 3393 3970 et
3432 3916 3636 3988 spinea
3666 3933 3762 3971 co-

414 4014 460 4050 "
484 4018 627 4071 Gen.
659 4031 720 4069 ιι.
753 4015 808 4068 7.
842 4015 886 4050 ⁸³
917 4015 940 4069 Ι
973 4013 1105 4071 Cor.
1146 4031 1238 4083 xv,
1262 4015 1350 4069 49.
1383 4015 1428 4049 ⁵⁸
1458 4015 1591 4072 Luc.
1632 4034 1692 4081 ιι,
1727 4016 1811 4071 14.
1844 4016 1887 4051 ⁸⁵
1915 4016 1997 4070 Ma

2155 4033 2215 4080 ιι,
2248 4016 2283 4068 9
2311 4019 2367 4068 et
2398 4015 2483 4069 11.
2517 4014 2559 4049 ⁵⁸
2592 4013 2797 4069 Matth.
2833 4013 2915 4081 Ill,
2952 4013 3137 4068 13-17.
3189 4013 3230 4049 ⁸⁷
3257 4012 3461 4070 Matth.
3508 4031 3585 4086 ιν,
3617 4016 3676 4071 2.
3718 4016 3761 4049 ⁵⁸

344 4086 488 4143 ibid.
519 4088 552 4141 3
586 4103 718 4158 sqq.
751 4086 796 4121 ‘9
820 4087 957 4141 Luc.
980 4102 1100 4142 vnn.
1130 4088 1219 4141 30.
1249 4088 1295 4123 ⁸ο
1323 4088 1519 4143 Matth.
1554 4104 1630 4156 Ix,
1665 4089 1753 4143 35.
1786 4089 1829 4123 ⁶¹
1864 4086 1997 4144 Psal

2139 4089 2190 4142 1.
2218 4088 2263 4121 ⁸9
2292 4090 2432 4141 Gen.
2468 4103 2547 4155 111,
2578 4087 2668 4140 2/1.

345 4181 565 4260 Χριστῷ
598 4183 979 4257 ἀρνουμένους.
1005 4183 1134 4240 Haec
1159 4186 1441 4257 adversus
1470 4187 1775 4260 haereticos
1807 4209 1833 4236 ‹‹
1867 4186 1993 4258 gla-

343 4258 477 4314 dius
506 4263 649 4313 sunt
679 4260 922 4327 utraque
948 4262 1111 4327 parte
1141 4262 1348 4313 acutus
1375 4276 1426 4325 ς»
1469 4259 1587 4313 haec
1612 4258 1767 4314 enim
1798 4261 1996 4325 verba,

350 4352 371 4381 ι
407 4345 593 4401 unum
626 4344 694 4383 ex
724 4328 1034 4401 ambobus,
1060 4351 1086 4377 »
1112 4328 1463 4394 Nostoriani,
1499 4330 1599 4401 qui
1631 4347 1813 4385 unum
1838 4330 1999 4384 Chri-

344 4405 506 4458 stum
537 4400 596 4454 in
616 4401 764 4473 duas
778 4399 1120 4471 hypostases
1151 4402 1439 4467 dividunt,
1458 4399 1738 4457 letiferam
1764 4402 1997 4473 plagam

341 4473 641 4545 inﬂigunt.
678 4471 781 4525 Illa
813 4476 1031 4545 autem,
1056 4489 1419 4545 «iper-unum
1453 4474 1648 4540 ambo,
1674 4496 1701 4523 ››
1735 4471 1996 4528 Severia-

341 4562 453 4601 nos
483 4544 722 4599 rursum
754 4544 853 4613 qui
887 4545 1035 4598 duas
1082 4544 1140 4597 in
1186 4544 1414 4598 Christo
1457 4549 1700 4600 naturas
1759 4550 1994 4616 negant,

341 4631 558 4689 easque
589 4616 649 4689 in
672 4631 852 4689 unam
876 4620 1148 4671 naturam
1180 4616 1556 4684 contrahunt,
1590 4617 1850 4686 aliosque
1883 4634 1997 4671 non

342 4686 566 4763 panicoa
588 4686 828 4763 feriunt-

415 4761 499 4832 (I)
554 4757 866 4832 Ἀνεκράθη.
929 4760 1157 4832 Κφᾶσις,
1218 4755 1524 4832 ἀνάκρασις,
1613 4774 1720 4811 vox
1771 4758 2000 4832 _catho-

341 4830 458 4889 lica
477 4830 546 4904 in
562 4830 836 4904 Gregorio
868 4835 955 4885 est
974 4830 1371 4904 AfrequensEa
1386 4835 1581 4904 tamen
1595 4830 1781 4904 abusi
1800 4835 1997 4904 postea

343 4902 623 4961 haeretici.
657 4901 874 4958 Idcirco
905 4902 1117 4972 rejects
1148 4905 1237 4956 est
1263 4903 1321 4957 in
1351 4901 1558 4957 concil.
1581 4901 1993 4957 Chalced.Act.

342 4994 400 5040 v,
432 4976 521 5031 ed.
558 4975 696 5030 Lab.
728 4991 767 5028 1.
800 4973 896 5027 IV.
924 4991 981 5045 p.
1008 4974 1136 5027 565.
1170 4973 1309 5029 Vide
1365 4974 1582 5040 Petav.,
1642 4975 1772 5043 Dog.
1806 4975 1993 5041 theo£.,

340 5052 384 5105 t.
424 5047 515 5114 IV,
548 5047 650 5102 lib.
685 5062 767 5101 III.
801 5063 858 5100 ιι.
881 5046 935 5100 8.

413 5120 493 5188 (2)
512 5116 611 5171 Καὶ
642 5116 838 5185 πάντα,
896 5120 1006 5172 etc.
1040 5116 1135 5171 Sic
1166 5132 1368 5171 omnes
1422 5117 1537 5171 fere
1569 5116 1798 5172 codices
1824 5135 1834 5171 :
1869 5139 1895 5165 ‹‹
1918 5120 1999 5171 at-

344 5207 459 5263 que
493 5190 556 5245 in
589 5206 775 5263 unum
809 5190 1125 5260 omniapro
1152 5189 1430 5243 omnibus
1459 5192 1515 5243 et
1546 5206 1649 5260 pro
1681 5206 1797 5243 uno
1813 5194 2002 5260 proto-

346 5262 587 5336 parente
620 5262 904 5336 coierunt.
933 5282 954 5309 ιι

413 5335 491 5407 (3)
515 5331 800 5407 Κρείττων.
836 5332 1199 5407 lta__codices.
1235 5352 1257 5382 ιι
1310 5329 1533 5386 Fortior
1588 5335 1848 5404 peccato,
1886 5355 1907 5383 1.
1938 5334 2001 5387 ut

342 5404 750 5462 Billi'us'vertit
778 5406 836 5461 in
869 5404 1012 5460 Elia.

414 5479 489 5550 (4)
511 5473 827 5546 Ἀντεδόθη.
861 5500 888 5527 ‹‹
924 5475 1279 5550 Repensum,
1313 5496 1341 5525 υ
1394 5474 1561 5550 quasi
1595 5498 1623 5523 ‹‹
1658 5491 1999 5550 cpmpensa-

340 5547 522 5616 tione,
552 5551 737 5621 pretio
796 5553 853 5605 et
909 5547 1361 5674 permutatione.
1401 5569 1425 5595 ››
1450 5547 1641 5601 Petav.
1677 5548 1750 5601 De
1782 5549 1998 5603 Inrarn.

344 5622 387 5674 Ι.
416 5639 496 5674 1v.
538 5639 662 5674 can.
700 5622 784 5674 15-
818 5639 875 5674 n.
953 5662 963 5673 .

343 5622 387 5678 Ι.
416 5639 496 5677 Iv.
538 5639 662 5690 cap.
700 5622 784 5690 15,
818 5639 875 5676 n.
909 5622 963 5674 2.

416 5640 496 5677 1v.
538 5640 662 5692 cap.
700 5640 784 5690 ιο,
818 5640 875 5676 n.
911 5640 963 5674 ι.

416 5692 797 5767 (5)ίγέννησις.
830 5693 914 5749 Ita
943 5691 1206 5767 quinque
1229 5691 1431 5767 Regg.,
1455 5693 1676 5761 septem
1704 5690 1892 5767 901b,

346 5761 448 5825 0r.
492 5761 548 5839 1,
577 5766 723 5832 Jes.,
756 5768 864 5821 etc.
899 5786 927 5813 ‹‹
960 5761 1172 5821 Γένεσις
1202 5761 1544 5834 quidem,ea
1573 5766 1664 5818 est
1694 5762 1918 5831 ﬁctio,»
1937 5766 2004 5819 ut

2109 4185 2191 4241 ait
2219 4184 2394 4252 Elias,
2434 4203 2455 4231 α
2486 4200 2611 4255 qua:
2643 4200 2711 4238 ex
2757 4183 2901 4258 De0_
2931 4182 3187 4253 primum
3239 4183 3452 4258 ﬂuxit:
3518 4183 3763 4258 γέννησις

2110 4274 2264 4325 vero,
2301 4254 2618 4311 nostra’est
2648 4254 3088 4327 generati0,qua
3118 4270 3221 4326 per
3252 4256 3458 4310 mortis
3490 4254 3763 4313 condem-

2111 4329 2409 4385 nationem
2439 4327 2536 4381 alii
2569 4345 2633 4383 ex
2667 4327 2797 4383 aliis
2828 4328 3171 4398 gignuntur.
3198 4348 3226 4376 »

2182 4400 2259 4471 (6)
2317 4400 2476 4471 ’Υπὲρ
2533 4402 2640 4452 τῶν
2733 4396 2986 4470 μεγάλων
3045 4398 3135 4451 καὶ
3192 4396 3606 4471 κρυπτομένων.
3666 4401 3768 4457 His

2109 4473 2323 4537 verbis,
2358 4472 2403 4527 si
2439 4472 2569 4527 Eliae
2597 4472 2762 4541 ﬁdes,
2797 4488 2966 4526 suam
3007 4472 3076 4525 de
3109 4471 3381 4542 paradiso
3414 4474 3765 4529 sententiam

2110 4543 2423 4599 Gregorius
2456 4543 2691 4597 indicat.

2182 4612 2261 4684 (7)
2290 4612 2471 4683 Δόξαν.
2508 4638 2535 4663 α
2571 4613 2850 4669 Gloriam.
2887 4636 2914 4663 ››
2948 4612 3145 4669 Malim
3168 4630 3299 4670 cum
3323 4618 3585 4683 Erasmo,
3611 4616 3768 4671 «cla-

2107 4686 2362 4741 ritatem.
2400 4708 2428 4734 »

2287 4755 2980 4835 erﬂouvt_u._pupu§0v:ru
3019 4755 3241 4835 habent
3289 4754 3551 4835 quinque
3583 4756 3763 4835 Regg:

2106 4831 2299 4896 codd.,
2332 4828 2508 4885 Coisl.
2548 4830 2595 4897 1,
2633 4826 2791 4883 Pass.
2825 4827 2982 4882 Golb.
3015 4827 3069 4893 8,
3103 4832 3221 4882 tres
3253 4826 3373 4891 alii,
3397 4833 3455 4882 et
3480 4828 3574 4882 Or.
3611 4826 3767 4897 1,*άά

2105 4918 2452 4973 margmem.

2176 4974 2253 5044 (9)
2283 4976 2386 5025 Τοῦ
2418 4969 2625 5044 ξύλου..
2652 4972 2758 5022 Τοῦ
2806 4971 2970 5025 deest
2998 4969 3057 5024 in
3110 4968 3250 5039 Reg.
3311 4984 3364 5038 a,
3400 4970 3497 5025 Or.
3534 4971 3585 5039 1,
3619 4970 3773 5026 sicut

2107 5049 2165 5100 et
2185 5039 2452 5116 ficante‘
2474 5039 2679 5116 χειρός.

2195 5061 2441 5111 tuante
2518 5061 2679 5116 ειρος.

2180 5118 2294 5184 (10)
2325 5061 2701 5181 Έκϐοῗλούσης
2736 5114 2872 5185 Reg.
2900 5117 2943 5177 t,
2985 5103 3387 5178 ἐκϐαλλούσης.

2180 5190 2293 5255 (11)
2330 5188 2539 5261 Πέρατα
2571 5184 2957 5261 οθκειούμεναι,
2994 5208 3020 5261 <_<
3051 5185 3319 5239 Extrema
3349 5200 3594 5261 quaeque
3636 5201 3766 5261 con-

2110 5259 2329 5315 ciliant.
2368 5256 2622 5329 n'Neque
2648 5257 2802 5313 enim
2840 5273 2907 5311 ea
2928 5256 3142 5329 solum,
3168 5277 3207 5329 _«
3254 5272 3379 5329 quas
3422 5256 3477 5309 in
3512 5257 3703 5325 terris,
3744 5279 3769 5305 ν)

2111 5332 2209 5388 sed
2244 5336 2301 5385 et
2333 5351 2360 5383 α
2391 5326 2607 5401 quea—in
2633 5330 2793 5383 ccelis
2817 5326 3315 5401 suntrnruhristus
3344 5328 3401 5382 in
3440 5344 3503 5383 se
3531 5330 3689 5384 velut
3712 5331 3767 5384 in

2110 5402 2295 5470 capite
2320 5399 2601 5458 adunavit
2630 5403 2847 5470 (Ephes.
2884 5416 2922 5464 ι,
2960 5399 3068 5469 10).

2208 5476 2294 5546 12)
2324 5473 2421 5528 Καὶ
2455 5467 2755 5548 xolaerSic
2787 5487 2992 5525 novem
3026 5467 3229 5541 Regg.,
3262 5467 3380 5524 Col.
3413 5476 3554 5538 tres,
3588 5471 3682 5526 Or.
3723 5474 3769 5540 1,,

2112 5548 2270 5602 Pass.

2183 5618 2296 5689 (13)
2330 5620 2435 5669 Τοῦ
2493 5616 2737 5689 πονηροῦ
2793 5612 3043 5689 κράτους.
3079 5635 3108 5663 ‹‹
3167 5612 3381 5668 Contra
3438 5612 3703 5686 maligni,
3743 5634 3771 5662 »

2112 5685 2321 5762 nempe
2357 5711 2385 5740 «
2416 5685 2999 5759 diaboli'imperium.
3036 5706 3065 5735 ››
