4110 6436
277 386 396 450 439

1510 393 1573 453 S.
1623 392 1995 454 GREGORII
2040 392 2462 454 THEOLOGI.

3575 393 3700 454 440

282 538 349 578 ac
379 520 692 594 disciplina
722 525 1024 577 curantur.
1059 521 1095 575 li
1150 538 1319 595 porro
1377 524 1698 579 curationis
1753 527 1934 579 testes

2071 523 2145 577 ιὶν
2194 523 2307 598 ἄγει
2359 522 2548 597 λόγος,
2601 523 2651 576 οἱ
2703 519 2760 577 δι
2803 520 3151 596 ῥυθμίζονται
3184 516 3609 597 παραδείγμασι·
3644 526 3695 581 οἱ

280 616 439 679 sunt,
475 611 575 684 qui
599 611 822 666 morbis
842 610 1183 680 hujusmodi
1215 617 1513 668 vexantur.
1556 613 1713 668 Alios
1742 631 1932 668 sermo

281 700 484 769 ducit;
510 698 610 755 alii
639 700 904 771 exemplo
930 709 1383 771 componuntur.
1446 701 1556 756 Alii
1607 703 1934 759 calcaribus

280 806 431 860 opus
459 788 698 855 habent,
722 786 819 843 alii
847 788 1028 844 freno.
1052 788 1196 844 Nam
1229 791 1328 861 qui
1352 806 1557 862 segnes
1591 795 1729 846 sunt
1762 794 1935 862 atque

282 879 353 933 ad
380 878 601 933 bonum
634 893 782 949 agre
812 877 1215 950 impelluntur,
1250 878 1310 934 hi
1333 880 1644 935 verborum
1677 879 1935 936 stimulis

282 966 571 1024 excitandi
603 970 761 1039 sunt,
797 966 899 1040 qui
928 984 1061 1023 vero
1084 968 1317 1040 spiritu,
1354 986 1529 1040 quam
1562 987 1666 1041 par
1697 970 1792 1036 sit,
1829 970 1931 1024 fer-

278 1056 569 1113 ventiores
598 1058 734 1112 sunt
767 1081 781 1126 ;
813 1060 987 1128 atque
1008 1057 1284 1113 effrenato
1311 1059 1567 1129 quodam
1602 1061 1933 1115 animorum

282 1145 505 1218 impetu
540 1146 830 1215 feruntur,
862 1146 1017 1200 velut
1055 1146 1284 1217 equulei
1346 1148 1613 1221 generosi
1671 1148 1870 1220 procul
1903 1166 1937 1204 a

283 1238 781 1302 metacurrentes,
814 1235 921 1291 hos
980 1236 1178 1307 utique
1228 1237 1509 1293 orationis
1558 1238 1719 1293 freno
1776 1252 1936 1293 coer-

282 1340 411 1381 cere
441 1342 507 1380 ac
537 1324 807 1381 cohibere
837 1325 1189 1398 praestiterit.

354 1412 553 1469 XXXI.
584 1412 1005 1469 Aliislaudatlo
1028 1414 1268 1471 utilitati
1300 1415 1431 1487 fuit,
1465 1414 1597 1471 aliis
1624 1416 1935 1488 reprehen-

284 1503 394 1570 sio,
438 1507 688 1574 utraque
754 1502 1025 1559 videlicet
1079 1505 1421 1576 tempestive
1479 1505 1788 1562 adhibita:
1841 1509 1940 1561 aut

281 1597 484 1649 contra
514 1593 885 1661 detrimento,
920 1610 1035 1647 non
1063 1594 1406 1665 tempestive
1437 1598 1494 1649 et
1550 1611 1684 1649 cum
1717 1594 1940 1650 ratione

283 1681 567 1737 adhibita.
600 1680 760 1737 Alios
789 1682 1112 1738 cohortatio
1144 1684 1212 1738 ad
1259 1682 1516 1738 officium
1542 1684 1763 1756 dirigit,
1795 1683 1941 1740 alios

287 1770 647 1842 objurgatio:
683 1775 858 1841 atque
906 1771 1025 1825 haec
1055 1788 1260 1827 rursus
1292 1772 1459 1842 alios,
1516 1773 1565 1828 si
1625 1772 1817 1844 palam
1849 1790 1940 1827 ar-

288 1864 581 1931 guantur;
614 1857 780 1922 alios,
825 1858 873 1913 si
905 1860 1144 1914 remotis
1201 1860 1439 1915 arbitris
1493 1861 1940 1917 admoneantur.

289 1951 440 2003 Sunt
470 1947 626 2002 enim
659 1947 759 2018 qui
787 1946 1041 2019 privatas
1071 1949 1503 2005 admonitiones
1543 1956 1942 2015 contemnant,

291 2035 525 2109 publica
549 2040 744 2092 autem
778 2035 1229 2109 reprehensione
1258 2039 1331 2093 ad
1362 2039 1621 2094 ofﬁcium
1672 2056 1944 2095 revocen-

285 2129 384 2181 tur
418 2142 431 2183 :
462 2129 601 2180 sunt
630 2142 857 2193 rursus,
879 2125 978 2197 qui
998 2125 1238 2181 liberius
1268 2128 1629 2198 reprehensi,
1660 2129 1943 2200 pudorem

287 2230 522 2271 omnem
557 2215 918 2287 abstergant,
937 2220 1254 2287 contraque
1282 2217 1513 2271 occulta
1542 2217 1948 2290 objurgatione

287 2303 562 2361 meliores
591 2304 934 2372 reddantur,
967 2304 1177 2377 iisque,
1211 2305 1555 2377 quosvicem
1571 2324 1738 2362 suam
1752 2306 1947 2363 dolere

286 2392 862 2465 perspiciuntur,hoc
878 2393 1413 2451 munerisvicissim
1430 2386 1845 2468 rependant,ut
1857 2412 1949 2453 eo-

287 2497 420 2539 rum
452 2482 957 2539 admonitionibus
988 2487 1254 2555 pareant.

355 2571 570 2629 XXXII.
605 2572 854 2637 Quidam
888 2573 1064 2628 etiam
1099 2573 1172 2628 ad
1206 2573 1455 2629 minima
1483 2591 1670 2647 usque
1693 2591 1759 2631 ac
1775 2574 1948 2632 levis-

288 2660 443 2718 sima
460 2662 807 2718 observandi
823 2667 962 2717 sunt
995 2681 1008 2731 ;
1029 2662 1311 2717 nimirum
1327 2662 1427 2735 qui
1449 2680 1514 2719 eo
1541 2666 1695 2735 quod
1712 2670 1951 2736 peccata

289 2766 401 2808 sua
430 2751 684 2807 obscura
717 2756 776 2806 et
804 2752 1104 2823 incognita
1136 2768 1265 2808 esse
1297 2758 1507 2823 putant
1536 2754 1796 2825 (quando
1820 2754 1949 2825 qui-

292 2840 427 2896 dem
458 2841 516 2895 id
572 2840 942 2911 moliuntur),
989 2846 1271 2912 tanquam
1323 2842 1707 2913 sapientiores
1738 2844 1952 2899 animis

292 2929 574 2984 inﬂantur
604 2947 617 2997 ;
651 2931 711 2983 in
744 2930 1096 2999 quibusdam
1119 2948 1352 2985 rursum
1375 2933 1441 2986 ad
1459 2931 1954 2987 nonnullaconni-

292 3034 426 3074 vere
458 3018 648 3073 satius
680 3018 874 3084 fuerit,
898 3018 977 3073 ita
1004 3026 1065 3073 ut
1095 3018 1358 3074 videntes
1397 3036 1511 3075 non
1555 3020 1878 3092 videamus,
1897 3026 1955 3077 et

296 3107 727 3162 audientesnon
762 3107 1096 3177 audiamus,
1118 3109 1616 3179 quemadmodum
1648 3110 1761 3165 dici
1786 3110 1951 3183 solet,

296 3210 368 3252 ne
395 3194 614 3266 alioqui
645 3211 745 3251 eos
778 3195 958 3250 nimis
1008 3197 1228 3251 crebris
1282 3197 1794 3269 objurgationibus
1824 3205 1951 3255 tan-

298 3300 477 3356 quam
512 3283 790 3339 ﬂuctibus
839 3284 1253 3352 obruentes,ad
1314 3286 1780 3358 desperationem
1812 3288 1955 3344 inci-
1990 3272 2032 3338 C

299 3377 518 3440 temus,
555 3389 621 3428 ac
652 3372 946 3428 dissoluto
976 3374 1210 3428 tandem
1235 3375 1476 3445 pudore,
1529 3378 1684 3448 quod
1720 3393 1963 3449 persua~

299 3460 489 3518 sionis
517 3461 906 3533 pharmacum
933 3466 1042 3527 est,
1093 3463 1162 3517 ad
1198 3464 1446 3535 quodvis
1499 3465 1728 3522 facinus
1781 3467 1961 3522 auda-

300 3552 486 3608 ciores
531 3552 868 3608 reddamus.
929 3551 1079 3617 Quin
1121 3553 1296 3608 etiam
1346 3570 1478 3609 cum
1539 3554 1844 3612 nonnullis
1884 3556 1964 3611 ita

301 3641 593 3713 agendum
629 3645 738 3710 est,
789 3645 854 3696 ut
908 3658 1025 3697 non
1084 3642 1404 3699 irascentes
1446 3644 1793 3716 irascamur,
1846 3662 1961 3701 non

301 3735 743 3787 contemnentes
773 3736 1241 3800 contemnamus,
1276 3734 1376 3791 28
1408 3752 1524 3790 non
1584 3736 1963 3808 desperantes

302 3819 720 3892 desperemus:
755 3825 1048 3892 quatenus
1113 3821 1382 3880 videlicet
1427 3840 1629 3881 eorum
1661 3829 1874 3881 natura
1903 3825 1963 3882 id

521 4016 1022 4094 ᾼιεγερτέονηξὶθε.
1052 4019 1092 4090 Ι,
1125 4018 1499 4094 θεραπευτεον.
1532 4021 1734 4078 Comb.
1758 4042 1779 4071 α
1832 4021 1962 4078 Ser-

305 4087 499 4143 monis
517 4087 636 4144 ictu
667 4087 934 4144 curandi.
971 4087 999 4139 ὖ

374 4157 622 4233 (41⁸)-Οὖς
668 4158 914 4233 βελτίους
966 4158 1026 4213 ἂν
1085 4163 1387 4230 ποιήσειεν.
1447 4186 1475 4212 ‹‹
1526 4164 1681 4227 Quos
1749 4181 1962 4231 sermo,

303 4230 472 4354 quagi
504 4230 751 4287 habenis
783 4248 1055 4288 coercens
1085 4250 1151 4288 ac
1183 4235 1814 4306 reprimens,meliores
1833 4230 1965 4294 etle-

304 4317 420 4354 ceri
456 4343 467 4353 .
496 4326 517 4353 ι

304 4317 517 4356 ΟΕΓΙῐ.»

375 4371 489 4455 (42)
520 4370 1141 4457 Διελεγχομένους.βίο
1175 4374 1332 4457 Elias
1396 4376 1855 4457 increpationem
1892 4380 1964 4457 ab

305 4443 1065 4519 objurgationehistinguit
1100 4464 1114 4502 :
1158 4469 1186 4497 «
1221 4443 1624 4519 increpatio,'»
1675 4455 1742 4505 ut
1770 4452 1965 4519 inquit

305 4515 777 4587 Chrysostomus,
841 4518 914 4573 ad
956 4515 1284 4587 peccatoris
1341 4515 1754 4578 correctionem
1796 4515 1960 4578 adhi—

305 4587 478 4665 betur
499 4605 513 4644 :
538 4589 904 4665 exprobratio
929 4594 1133 4665 autem
1167 4592 1399 4663 adejus,
1426 4593 1527 4665 qui
1558 4593 1961 4665 deliquit,con-

310 4660 1129 4734 fusionem’etjgnominiam.
1165 4686 1187 4714 ι

378 4731 491 4804 (43)
550 4728 801 4807 Κρύὸδῆν
894 4732 1372 4807 νουθετουμένους.
1452 4735 1493 4790 Ε
1578 4737 1813 4807 regione
1861 4737 1964 4793 ho-

309 4818 447 4881 rum,
470 4806 803 4881 verborum,
835 4806 1062 4881 codices
1085 4806 1256 4881 Regii
1280 4807 1474 4881 plures
1500 4811 1557 4861 et
1574 4806 1736 4881 Coll).
1765 4810 1967 4881 appin-

310 4880 504 4961 gu‘nt:
548 4880 677 4962 Ρῶς
735 4873 816 4962 δεῖ
871 4875 1122 4960 έπιτιμᾷν
1171 4873 1655 4962 καῖ’διορθοῦσθαι
1702 4873 1965 4962 wife-is-

309 4949 446 5074 5531:.
488 4968 509 4995 α
542 4951 666 5074 Pua
694 4950 917 5006 ratione
948 4951 1237 5021 increpari
1270 4949 1598 5023 corrigique
1632 4953 1967 5009 sacerdotes

350 5035 379 5073 e
426 5033 532 5074 ean
567 5042 640 5074 ,η

350 5024 640 5074 ebeant.»

378 5089 494 5161 (44)
525 5089 891 5163 Συμπαθείας.
932 5116 951 5140 ιι

309 5163 719 5231 rependentes.
756 5184 785 5212 »

387 5229 501 5305 (45)
536 5231 1016 5305 ΛανθάνεινεΜιιΙθ
1040 5234 1098 5289 in
1131 5234 1257 5290 Par.
1294 5229 1563 5288 λανθάνει.

379 5300 666 5389 (’4ϐ)“Τι⁴ἱὲν
705 5300 768 5389 ’δ’
839 5302 1010 5389 ἔστιν...
1059 5307 1151 5362 Sic
1206 5306 1462 5389 melioris
1522 5308 1963 5389 not_ae_codices.

306 5371 580 5450 Alii,_fc_6w
615 5371 673 5429 δέ
701 5374 858 5450 ἔστιν.
892 5400 920 5427 ‹‹
944 5378 1011 5450 Hi
1048 5394 1220 5448 porro
1250 5384 1408 5443 sunt,
1445 5402 1467 5430 ι
1528 5384 1591 5432 ut
1621 5381 1966 5450 interpreta-

309 5453 406 5501 tur
428 5447 604 5509 Elias,
639 5468 667 5495 «
696 5447 796 5517 qui
828 5447 1096 5503 servilem
1131 5450 1444 5521 quemdam
1476 5450 1535 5503 in
1569 5447 1810 5505 modum
1875 5467 1966 5506 ec-

309 5522 504 5571 catum
519 5516 1258 5575 subripiuntmetuuntaue
1272 5520 1550 5575 evulgari.
1579 5468 1966 5575 Dissimulan-

307 5522 504 5593 catum
519 5517 1258 5593 subripiuntmetuuntque
1272 5520 1550 5593 evulgari.
1579 5517 1967 5577 Dissimulan-

311 5587 386 5666 da
417 5604 599 5666 porr_o_
621 5602 749 5666 quae
776 5589 1127 5666 gravissima
1162 5587 1291 5666 non,
1330 5587 1488 5666 sunt,
1524 5610 1595 5649 ne
1625 5595 1969 5665 increpatio-

308 5658 399 5708 nis
440 5658 812 5724 assiduitate,
843 5676 910 5715 ea
931 5660 1295 5717 exstimulari
1316 5658 1609 5721 desinant.
1644 5688 1672 5715 ››

370 5724 484 5795 (47)
532 5721 855 5795 Ἀπόγοιαν,
898 5752 927 5778 ‹‹
986 5733 1425 5793 Contumaciam
1475 5762 1497 5793 ι
1552 5737 1973 5808 interpretatur

1014 5091 1522 5148 Commiserationi
1574 5093 1965 5151 obedientiam

2048 611 2141 683 μὲν
2175 609 2380 665 δέονται
2413 611 2672 685 κέντρων,
2707 611 2758 665 οἱ
2792 607 2848 665 δὲ
2892 608 3147 684 χαλινοῦ.
3183 612 3244 664 Οἱ
3299 611 3392 683 μὶν
3439 613 3542 685 γάρ
3594 612 3695 668 εἰσι

2042 705 2255 770 νωθεῖς,
2286 699 2376 755 καὶ
2407 697 2720 770 δυσκίνητοι
2752 699 2889 774 πρὸς
2928 700 2991 753 τὸ
3020 699 3214 769 καλὸν,
3239 698 3333 761 οὓς
3380 703 3450 774 τῇ
3500 697 3695 778 πληγῇ

2042 794 2139 845 τοῦ
2171 788 2342 864 λόγου
2378 788 2677 864 διεγερτέον
2712 790 2845 862 (40)·
2882 789 2935 843 οἱ
2984 785 3041 843 δὲ
3086 790 3406 865 θερμότεροι
3452 794 3550 844 τοῦ
3602 811 3695 865 με-

2044 878 2195 954 τρίου
2253 880 2331 951 τῷ
2388 878 2681 951 πνεύματι,
2734 877 2825 931 καὶ
2880 875 3235 941 δυσκάθεκτοι
3283 882 3403 941 ταῖς
3474 879 3697 955 ὁρμαῖς,

2044 966 2283 1044 καθάπερ
2334 967 2515 1022 πῶλοι
2564 972 2797 1043 γενναῖοι
2841 965 3032 1043 πόῤῥω
3078 973 3179 1038 τῆς
3223 963 3423 1037 νύσσης
3469 969 3694 1042 θέοντες,

2046 1057 2138 1120 οὓς
2175 1057 2425 1133 βελτίους
2461 1058 2519 1113 ἃν
2547 1059 2824 1127 ποιήσειεν
2857 1058 2969 1131 (41)
2993 1054 3178 1133 ἄγχων
3210 1056 3301 1113 καὶ
3331 1057 3643 1116 ἀνακόπτων
3666 1060 3695 1115 ὁ

2046 1144 2236 1223 λόγος.

2119 1422 2244 1472 AA’.
2276 1415 2417 1476 Τοὺς
2453 1416 2546 1486 μὶν
2579 1414 2794 1478 ἔπαινος
2825 1415 3022 1486 ὤνησε,
3052 1417 3180 1479 τοὺς
3214 1414 3272 1471 δὶς
3297 1415 3491 1491 ψόγος,
3527 1415 3696 1494 ἀμφό-

2047 1524 2173 1580 τερα
2234 1505 2367 1575 μετᾶ
2423 1508 2519 1558 τοῦ
2583 1509 2795 1579 καιροῦ·
2848 1506 2882 1573 ἣ
2926 1504 3237 1559 τούναντίον
3300 1499 3533 1577 ἔϐλαψεν
3600 1504 3701 1577 ἔξω

2046 1596 2143 1647 τοῦ
2210 1597 2400 1666 καιροῦ
2457 1594 2546 1647 καὶ
2600 1598 2697 1647 τοῦ
2764 1593 2957 1668 λόγου.
2999 1592 3134 1655 Τοὺς
3204 1594 3300 1666 μὶν
3350 1592 3701 1669 παράκλησις

2047 1684 2326 1757 κατορθοῖ,
2357 1681 2485 1744 τοὺς
2518 1679 2575 1736 δὲ
2626 1681 2965 1755 ἐπιτίμησις·
2994 1681 3085 1736 καὶ
3131 1682 3289 1752 αὕτη,
3319 1680 3447 1743 τοὺς
3504 1683 3599 1755 μὶν
3649 1681 3702 1738 έν

2049 1775 2126 1842 τῷ
2154 1774 2322 1841 κοινῷ
2353 1768 2810 1846 διελεγχομένους
2842 1773 2977 1844 (42),
3006 1770 3133 1833 τοὺς
3186 1768 3243 1825 δὲ
3289 1766 3531 1846 κρύϐδην
3585 1792 3706 1826 νου-

1974 1900 2022 1965 Β
2053 1859 2409 1941 θετουμένους
2457 1861 2591 1933 (43).
2641 1859 2871 1914 Φιλοῦσι
2940 1859 3044 1934 γὰρ
3097 1861 3149 1914 οἱ
3197 1860 3291 1932 μὲν
3351 1866 3705 1937 καταφρονεῖν

2054 1952 2160 2003 τῶν
2194 1946 2304 2019 ἰδίᾳ
2330 1950 2774 2021 νουθετημάτων,
2808 1947 3055 2019 πλήθους
3103 1950 3437 2024 καταγνώσει
3488 1969 3705 2028 σωφρο-

2053 2037 2351 2110 νιζόμενοι·
2396 2038 2448 2091 οἱ
2507 2034 2565 2093 δὲ
2619 2038 2753 2113 πρὸς
2794 2038 2893 2106 τὴν
2949 2035 3251 2113 ἐλευθερίαν
3299 2041 3406 2092 τῶν
3459 2036 3702 2113 ἐλέγχων

2055 2126 2451 2201 ἀναισχυντεῖν,
2484 2128 2562 2197 τῷ
2602 2130 2702 2195 τῆς
2753 2126 3122 2199 ἐπιτιμήσεως
3176 2126 3459 2201 μυστηρίῳ
3505 2123 3707 2181 παιδα-

2054 2214 2418 2292 γωγούμενοι,
2470 2216 2560 2270 καὶ
2626 2212 2987 2278 ἀντιδιδόντες
3051 2221 3153 2284 τῆς
3216 2214 3548 2289 συμπαθείας
3595 2217 3706 2290 (44)

2056 2307 2155 2375 τήν
2183 2303 2504 2368 εὐπείθειαν.

2132 2574 2252 2629 ΛΒ’.
2284 2576 2399 2626 Τῶν
2456 2573 2550 2645 μὶν
2603 2570 2775 2627 πάντα
2821 2577 3008 2647 τηρεῖν
3077 2571 3358 2647 ἐπιμελῶς
3431 2574 3716 2650 ἀναγκαῖον

2063 2664 2230 2737 μέχρι
2260 2660 2350 2715 καὶ
2388 2666 2494 2715 τῶν
2550 2660 2913 2737 μικροτάτων,
2948 2659 3106 2724 ὅσους
3156 2663 3219 2717 τὸ
3268 2663 3469 2718 οἴεσθαι
3528 2660 3722 2717 λανθά-

2059 2771 2169 2805 νειν
2203 2753 2314 2823 (45)
2358 2747 2568 2823 (ἐπειδή
2621 2754 2783 2805 τοῦτο
2826 2749 3202 2826 τεχνάζουσιν)
3254 2751 3327 2813 ὡς
3374 2753 3720 2830 σοφωτέρους

2060 2840 2311 2919 έφῦσησε·
2362 2844 2470 2894 τῶν
2533 2837 2579 2893 δ’
2636 2838 2776 2894 ἔστιν
2808 2842 2919 2913 (46)
2951 2838 2984 2893 ἃ
3031 2840 3121 2895 καὶ
3175 2845 3417 2918 παρορᾷν
3473 2839 3717 2916 ἄμεινον,

2062 2928 2201 2984 ὥστε
2255 2930 2488 3005 ὁρῶντας
2550 2931 2624 3002 μὴ
2687 2928 2954 3005 ὁρᾷν,καὶ
3003 2928 3293 2991 ἀκούοντας
3355 2932 3430 3003 μὴ
3484 2930 3718 3001 ἀκούειν,

2061 3019 2197 3074 κατὰ
2234 3021 2332 3087 τὴν
2383 3018 2704 3094 παροιμίαν,
2733 3016 2825 3072 ’ίνα
2878 3020 2953 3091 μή
3006 3019 3141 3092 πρὸς
3191 3020 3448 3075 ἀπόνοιαν
3478 3024 3592 3095 (47)
3621 3021 3721 3076 αὐ-

2063 3107 2189 3170 τοὺς
2240 3107 2584 3185 ἐρεθίζωμεν,
2633 3109 2712 3181 τῷ
2762 3105 3049 3184 φιλοπόνῳ
3098 3112 3205 3162 τῶν
3254 3108 3502 3185 ἐλέγχων
3565 3132 3724 3166 κατα·

2067 3193 2416 3266 ϐαπτίζοντες
2451 3199 2584 3271 (48),
2616 3195 2706 3251 καί
2761 3196 2921 3258 τέλος
2978 3197 3113 3269 πρὸς
3172 3196 3346 3252 πάντα
3400 3200 3721 3272 ποιήσωμεν

2067 3286 2413 3363 τολμηροὺς,
2444 3287 2506 3340 τὸ
2536 3294 2635 3356 τῆς
2668 3287 2887 3348 πειθοῦς
2917 3287 3204 3364 φάρμακον
3238 3289 3336 3357 τήν
3364 3286 3500 3342 αἰδῶ
3533 3285 3720 3342 διαλό-

2074 3397 2273 3437 σαντες.
2307 3376 2403 3431 Καὶ
2467 3376 2651 3448 μέντοι
2698 3375 2786 3430 καὶ
2836 3374 3114 3451 ὀργιστέον
3164 3376 3325 3442 τισὶν,
3357 3374 3455 3430 οὐκ
3504 3374 3721 3451 ὀργιζο-

2077 3464 2300 3539 μένους·
2370 3465 2460 3519 καὶ
2544 3464 2913 3541 ὖπεροπτέον,
2980 3464 3087 3540 οὐχ
3155 3465 3566 3541 ὑπερορῶντας·
3635 3462 3726 3519 καὶ

2072 3552 2472 3630 ἀπογνωστέον,
2524 3553 2623 3608 οὐκ
2686 3553 3183 3629 ἀπογινώσκοντας,
3231 3554 3368 3609 ὅσων
3415 3556 3529 3629 (49)
3569 3557 3729 3608 τοῦτο

2072 3646 2107 3713 ἡ
2164 3642 2314 3720 φύσις
2373 3642 2638 3713 ἐπιζητεῖ.
2686 3642 2785 3698 Καὶ
2838 3640 3044 3705 ἄλλους
3101 3642 3360 3714 ἐπιεικείᾳ
3578 3654 3731 3719 θερα-

2071 3733 2293 3787 πευτέον
2352 3731 2442 3786 καὶ
2500 3730 2869 3804 ταπεινότητι,
2930 3731 3019 3786 καὶ
3076 3738 3155 3804 τῷ
3220 3734 3732 3807 συμπροθυμεῖσθαι

2074 3818 2141 3891 δὴ
2174 3821 2298 3896 περὶ
2344 3821 2437 3883 τὰς
2488 3820 2858 3897 χρηστοτέρας
2908 3817 3150 3883 ἐλπίδας.
3185 3822 3284 3877 Καὶ
3330 3820 3460 3885 τοὺς
3491 3822 3610 3896 Δμὶν
3661 3841 3733 3875 νι-

2073 4018 2403 4076 Gabrielius
2427 4020 2596 4091 juxta
2620 4016 2937 4091 Augustini
2974 4022 3032 4073 et
3063 4017 3325 4091 Gregorii
3365 4016 3565 4091 magni
3598 4032 3729 4073 sen-

2072 4092 2335 4162 tentiam,
2376 4088 2443 4145 ac
2480 4088 2783 4162 contendit
2830 4105 3125 4162 nusquam
3180 4088 3336 4162 apud
3366 4088 3730 4161 Theologum

2074 4161 2306 4231 ἀπονοίᾳ
2336 4185 2363 4211 ‹‹
2396 4160 2867 4233 desperationem
2900 4183 2929 4211 ››
2962 4160 3304 4233 signiﬁcari,
3337 4162 3441 4217 sed
3476 4184 3503 4212 ‹‹
3528 4160 3732 4217 contu-

2074 4235 2345 4299 maciam,
2382 4256 2410 4284 »
2430 4241 2531 4304 a_ut
2560 4234 3039 4304 «arrogantiam,
3060 4239 3209 4289 naut
3242 4255 3269 4285 «
3300 4233 3728 4289 dementiam.»

2144 4307 2258 4388 (48)
2292 4298 2817 4388 Ιςαταὸαπτίζονιτεξ.
2851 4298 3115 4388 S‘i‘cediti
3160 4304 3315 4388 libri,
3370 4305 3471 4361 sed
3506 4305 3727 4388 frustra

2074 4374 2376 4451 quaesieris
2412 4378 2469 4451 in
2534 4378 2792 4451 scriptis.
2855 4376 2968 4431 Alii
3025 4376 3241 4451 habent
3299 4374 3731 4451 κατα-πιέζοντες,

2074 4447 2201 4521 quae
2232 4450 2420 4505 verior
2443 4449 2614 4504 lectio
2652 4447 2905 4521 videtur,
2939 4469 2968 4497 α
3029 4448 3446 4520 deprimentes,
3492 4447 3737 4521 concul—

2072 4518 2292 4593 cantes,
2328 4543 2355 4571 »
2390 4522 2480 4575 Sic
2500 4522 2616 4576 duo
2642 4518 2844 4586 Coisl.,
2864 4530 2995 4593 tres
3014 4518 3207 4593 Regii,
3260 4526 3381 4576 tres
3410 4519 3572 4593 golb.
3597 4518 3733 4584 Alii,

2073 4592 2503 4652 καταπιέσαντες.
2525 4596 2607 4648 Ita
2636 4597 2755 4647 tres
2785 4591 2965 4664 Colb.,
3000 4590 3135 4647 01n—
3162 4599 3207 4661 ι,
3262 4598 3370 4647 etc.
3416 4590 3735 4664 Vulgatam

2074 4672 2272 4746 tamen
2304 4664 2609 4746 lectionem
2627 4664 2887 4746 retinere
2917 4662 3105 4719 visum
3141 4669 3250 4746 est,
3282 4664 3436 4736 quod
3493 4662 3608 4746 ipsi
3658 4662 3739 4746 fa-

2073 4743 2169 4793 vet
2201 4737 2310 4793 iste
2332 4735 2819 4809 GregoriiMagni
2854 4734 3018 4809 locus
3053 4751 3065 4789 :
3105 4757 3132 4785 ‹‹
3161 4734 3727 4809 Cum'vero,_iuquit,

2077 4826 2291 4881 pravus
2325 4805 2575 4881 quisque
2602 4805 2974 4879 impudenter
2994 4806 3330 4881 innotescit,
3357 4823 3473 4879 quo
3489 4805 3734 4863 liberius

2076 4878 2248 4937 omne
2281 4878 2506 4935 facinus
2539 4878 2853 4950 perpetrat,
2888 4894 2954 4933 eo
2988 4878 3162 4933 etiam
3194 4878 3421 4935 licitum
3454 4883 3643 4950 putat,
3680 4881 3738 4950 et

2076 4951 2488 5036 quo'd'licitum
2521 4948 2874 5036 suspicatur,
2899 4951 2963 5036 in
2990 4950 3100 5036 hoc
3130 4951 3331 5022 procul
3354 4948 3546 5036 'dubi'o
3579 4948 3736 5036 mul-

2075 5022 2332 5095 tiplicius
2364 5022 2679 5095 mergitur,
2707 5045 2726 5070 ιο
2762 5038 2821 5076 ιιι
2842 5027 3006 5095 parte
3035 5025 3195 5079 Cum
3218 5039 3321 5079 seu
3344 5022 3532 5093 Regni.
3563 5026 3737 5095 past,

2077 5093 2204 5167 cap.
2241 5096 2331 5158 3i,
2364 5094 2713 5167 admunfg32,
2750 5095 2841 5167 ed.
2878 5093 3196 5167 Parri705.

2150 5161 2265 5239 (49)
2305 5167 2503 5239 ’fOewv.
2539 5163 2648 5220 Alii
2678 5166 2912 5239 codices
2939 5165 3179 5239 habent,
3199 5162 3342 5239 ὅσον.
3375 5162 3523 5218 Hinc
3549 5161 3733 5239 Elius:

2081 5260 2108 5291 ‹‹
2140 5231 2650 5310 quoniamautem
2686 5237 3102 5310 in'nonnullis,
3139 5237 3350 5310 inquit,
3383 5231 3736 5310 exemplari-

2077 5306 2211 5382 bus,
2244 5327 2346 5382 per
2376 5327 2403 5361 ο
2435 5309 2556 5382 haec
2583 5326 2692 5382 vox
2721 5306 2861 5361 ὅσων
2896 5309 3115 5382 scripta
3148 5306 3457 5382 reperitur,
3488 5306 3573 5363 sic
3604 5320 3741 5382 sen-

2077 5399 2181 5437 sus
2204 5378 2297 5437 hic
2332 5380 2505 5435 fuerit
2538 5398 2549 5434 :
2579 5381 2651 5435 ob
2699 5378 3033 5435 nonnullos
3070 5378 3303 5436 tantum
3361 5378 3741 5437 irascendum

2076 5471 2143 5509 ac
2175 5454 2607 5523 desperandum
2638 5452 3254 5524 esse,quantumlicet,
3279 5469 3345 5508 ac
3376 5468 3511 5509 vera
3539 5450 3739 5507 reina-

2077 5531 2209 5581 tura
2241 5525 2437 5581 exigit.
2468 5545 2495 5573 ››

2152 5542 2209 5579 ra
2241 5540 2437 5595 emgit.
2468 5545 2495 5573 ››

2152 5598 2259 5665 150)
2289 5592 2599 5663 Ἐπιεικείᾳ.
2635 5616 2663 5643 ‹‹
2703 5594 2810 5667 Jus
2868 5594 3262 5659 infractum,»
3315 5594 3511 5667 inquit
3558 5593 3735 5663 Elias,

2077 5668 2130 5723 id
2157 5672 2264 5740 est,
2290 5668 2444 5740 quod
2478 5668 2549 5722 de
2591 5665 2928 5722 serveritate
2952 5666 3208 5740 _aliquid
3240 5665 3563 5740 remittitur
3602 5682 3618 5736 ;
3668 5668 3737 5723 ut

2079 5739 2235 5796 enim
2269 5737 2521 5810 Tullius,
2551 5760 2580 5791 «
2614 5753 2917 5797 summum
2942 5737 3336 5812 Jus,‘summa
3364 5738 3604 5811 injuria.
3632 5757 3665 5790 υ
