4110 6404
394 403 509 461 ιιι

1525 398 1821 461 ORATIO
1866 396 1945 459 II.
1981 426 2059 442 -—
2085 395 2658 459 APOLOGETICA.

3709 400 3827 460 “2

395 537 508 603 κᾷν,
541 534 651 586 τῶν
716 527 774 585 δὲ
826 531 1087 599 ἡττᾶσθαι
1144 527 1417 592 πολλάκις
1469 527 1926 601 λυσιτελέστερον·
1960 526 2040 582 καῖ

2165 529 2427 600 requirit.
2459 529 2571 584 Alii
2597 547 2803 585 rursus
2836 528 3074 584 lenitate
3121 533 3179 583 et
3204 528 3537 585 humilitate
3575 531 3825 588 curandi

394 628 499 678 τῶν
562 621 655 693 μὶν
709 618 965 693 εὐπορίαν
1014 618 1103 673 καὶ
1156 616 1487 685 δυναστείαν,
1527 623 1631 673 τῶν
1680 615 1737 674 δὲ
1781 618 1965 672 πενίαν

395 709 754 786 δυσπραγίαν,
785 710 819 777 ἢ
848 707 1078 763 ἐπαινεῖν
1170 708 1499 784 ἀπεύχεσθαι
1533 712 1671 781 (51).

2161 622 2320 682 sunt,
2355 622 2532 687 atque
2580 618 2755 673 alacri
2791 619 2986 673 animo
3034 634 3152 671 una
3183 634 3315 671 cum
3365 618 3481 673 illis
3512 618 3813 675 meliorem

2159 723 2325 778 spem
2357 707 2673 763 induendo.
2715 706 2875 763 Alios
2923 707 3174 774 vincere,
3231 708 3302 761 ab
3352 706 3480 762 aliis
3509 706 3661 762 vinci
3695 707 3818 778 ple-

393 817 651 873 rumque
682 798 883 855 utilius
911 798 1117 855 fuerit:
1152 805 1332 871 atque
1361 799 1611 856 aliorum
1642 816 1781 872 opes
1812 803 1870 855 et
1918 796 2258 871 potentiam,
2292 796 2541 852 aliorum
2593 798 2852 869 inepiam
2878 802 2936 852 et
2984 796 3397 864 calamitatem,
3431 796 3517 851 vel
3548 795 3815 867 laudare,

396 891 487 946 vel
518 889 836 962 deprecari.

471 980 589 1034 AI".
622 977 697 1035 Οὐ
740 976 844 1052 γὰρ
891 974 1070 1050 ὥσπερ
1120 976 1209 1032 ἐπὶ
1255 983 1356 1045 τῆς
1402 978 1599 1054 ἀρετῆς
1648 974 1764 1053 ἔχει
1813 976 1904 1032 καὶ
1950 981 2050 1045 τῆς

398 1066 601 1135 κακίας,
634 1068 734 1135 τήν
785 1067 877 1139 μὲν
930 1064 1231 1137 καλλίστην
1290 1068 1423 1121 εἶναι
1472 1066 1559 1122 καὶ
1613 1065 2050 1143 ὠφελιμωτάτην

398 1154 478 1211 ἀεῖ
504 1156 591 1210 καὶ
625 1162 777 1224 πᾶσι,
811 1157 909 1225 τήν
943 1154 1001 1211 δὶ
1041 1155 1324 1231 χειρίστην
1357 1176 1416 1211 τε
1456 1156 1547 1211 καὶ
1600 1150 2046 1231 βλαϐερωτάτην·

395 1244 537 1300 οὕτω
594 1245 684 1299 καὶ
717 1248 831 1319 (52)
880 1247 981 1313 τῆς
1038 1245 1374 1322 φαρμακείας
1424 1253 1524 1315 τῆς
1573 1244 1868 1319 ἡμετέρας,
1893 1242 1949 1300 ἓν
1996 1266 2050 1301 τι

389 1335 480 1389 καὶ
528 1335 590 1389 τὸ
637 1333 769 1389 αὐτὸ
817 1333 1183 1409 ὑγιεινότατον
1212 1337 1346 1407 (53),
1380 1337 1414 1405 ἦ
1466 1332 1922 1411 ἐπισφαλέστατον
1966 1335 2049 1391 ἀεὶ

392 1425 483 1479 καὶ
511 1427 630 1485 τοῖς
679 1423 865 1485 αὐτοῖς
914 1421 1289 1478 ἀποδέδεικται
1323 1426 1341 1497 (
1388 1426 1459 1496 4)·
1495 1426 1609 1478 οἱον
1655 1424 1718 1478 τὸ
1755 1423 2047 1500 αὐστηρὸν,

392 1514 427 1583 ἢ
458 1514 520 1568 τὸ
551 1519 720 1587 πρᾶον
778 1515 911 1585 (55),
944 1514 978 1581 ἢ
1026 1518 1133 1568 τῶν
1194 1510 1380 1568 ἄλλων
1441 1514 1513 1567 ὧν
1569 1513 2047 1587 ἀπηριθμησάμην

391 1600 637 1658 ἕκαστον,
672 1600 845 1658 Ἀλλὰ
873 1607 992 1664 τοῖς
1035 1604 1129 1676 μὶν
1177 1606 1339 1657 τοῦτο
1387 1601 1553 1657 καλὸν
1608 1602 1696 1657 καὶ
1746 1605 2047 1678 χρήσιμον,

387 1697 503 1753 τοῖς
537 1689 595 1747 δὲ
623 1690 932 1746 τούναντίον
1109 1691 1296 1763 πάλιν,
1334 1691 1483 1754 ὅπως
1518 1692 1598 1764 ἂν,
1633 1693 1809 1765 οἴμαι,
1845 1694 2048 1766 συμπί-

387 1802 593 1836 πτωσιν
647 1782 760 1854 (57)
813 1780 865 1834 οἳ
922 1802 980 1835 τε
1030 1781 1211 1857 καιροὶ
1269 1781 1358 1835 καὶ
1418 1781 1484 1835 τὰ
1531 1782 1846 1857 πράγματα,
1895 1781 1985 1836 καὶ
2019 1783 2047 1838 ὁ

390 1876 496 1925 τῶν
574 1868 1018 1943 θεραπευομένων
1094 1867 1418 1945 ἐπιδέχηται
1472 1870 1696 1945 τρόπος.
1755 1871 1823 1927 Ἃ
1876 1870 2050 1926 πάντα

398 1960 494 2034 μὶν
548 1956 815 2014 διελέσθαι
873 1957 1044 2035 λόγῳ,
1078 1961 1167 2014 καὶ
1220 1957 1448 2014 συνιδεῖν
1501 1958 1588 2014 ἐπὶ
1634 1960 1697 2014 τὸ
1728 1954 2046 2035 ἀκριϐέστα-

2231 974 2476 1032 ΧΧΧΙΙΙ.
2509 976 2702 1045 Neque
2734 978 2914 1042 enim,
2964 975 3463 1046 quemadmodum
3514 972 3575 1028 in
3605 972 3822 1031 virtute

2159 1082 2226 1121 ac
2258 1065 2396 1119 vitio
2448 1081 2539 1119 res
2571 1082 2632 1120 se
2682 1066 2875 1131 habet,
2914 1070 2975 1119 ut
3007 1064 3107 1119 illa
3155 1063 3390 1135 quidem
3428 1079 3659 1135 semper
3689 1061 3821 1135 pul-

2160 1154 2451 1209 cherrima
2480 1158 2537 1209 et
2566 1155 2842 1209 omnibus
2866 1153 3182 1209 utilissima
3209 1154 3307 1222 sit,
3336 1152 3446 1208 hoc
3477 1158 3671 1208 autem
3708 1156 3822 1207 tur-

2160 1243 2474 1315 pissimum
2524 1247 2582 1298 et
2632 1242 3201 1315 perniciosissimum
3247 1243 3361 1308 sit;
3412 1241 3615 1299 eodem
3648 1242 3820 1297 modo

2161 1332 2463 1389 medicinae
2513 1348 2751 1404 quoque
2795 1337 3006 1388 nostris
3057 1332 3205 1387 ratio
3254 1348 3321 1386 ea
3374 1337 3483 1403 est,
3536 1335 3603 1387 ut
3632 1347 3819 1386 unum

2157 1421 2430 1493 idemque
2464 1422 2958 1476 medicamentum
3009 1422 3217 1476 iisdem
3269 1437 3501 1493 semper
3536 1419 3625 1476 vel
3656 1419 3819 1476 salu-

2159 1510 2482 1566 berrimum
2514 1511 2612 1577 sit,
2644 1510 2732 1565 vel
2760 1510 3326 1583 periculosissimum
3353 1526 3366 1566 :
3416 1510 3576 1566 verbi
3606 1510 3815 1582 gratia,

2158 1600 2447 1656 acerbitas
2478 1604 2577 1656 aut
2618 1599 2948 1668 clementia,
2982 1604 3083 1655 aut
3130 1616 3309 1654 unum
3367 1600 3641 1671 quodque
3673 1599 3817 1654 alio-

2159 1707 2312 1753 rum,
2346 1706 2473 1761 quae
2506 1690 2679 1744 modo
2729 1708 2763 1744 a
2790 1689 2963 1744 nobis
3012 1693 3357 1743 enumerata
3404 1691 3562 1743 sunt.
3595 1692 3816 1745 Verum

2160 1777 2291 1835 aliis
2321 1779 2430 1835 hoc
2460 1777 2759 1834 medicinae
2790 1795 2976 1851 genus
2997 1777 3217 1833 bonum
3243 1782 3417 1849 atque
3445 1777 3587 1833 utile
3620 1777 3816 1847 fuerit,

2162 1868 2293 1925 aliis
2342 1872 2537 1923 autem
2582 1884 2818 1924 rursum
2870 1868 3227 1923 contrarium
3280 1866 3553 1923 medendi
3591 1882 3816 1939 genus;

2160 1963 2353 2030 prout,
2386 1958 2612 2030 opinor,
2644 1956 2731 2013 vel
2766 1974 2857 2014 res
2889 1956 2977 2013 vel
3008 1957 3235 2013 occasio
3268 1956 3488 2023 tulerit,
3520 1955 3606 2011 vel
3638 1972 3820 2029 aegro-

388 2069 483 2104 τον
515 2051 647 2123 (58),
682 2047 819 2104 ὥστε
866 2049 954 2103 καὶ
1004 2048 1287 2127 κεφαλαίῳ
1326 2052 1439 2123 (59)
1467 2050 1566 2119 τὴν
1619 2049 1902 2124 θεραπείαν
1954 2071 2040 2105 πε-

2165 2048 2416 2103 tantium
2449 2047 2703 2119 denique
2752 2064 2944 2104 mores
2993 2047 3359 2103 admiserint.
3411 2048 3546 2113 Quae
3577 2045 3817 2117 quidem

390 2133 635 2216 ριλαϐεῖν
684 2138 997 2213 ἀμήχανον,
1042 2138 1139 2193 κᾶν
1202 2137 1289 2192 ἐπὶ
1338 2138 1593 2194 πλεῖστον
1661 2136 1900 2211 ἐξίκηται
1962 2159 2047 2201 τις

388 2224 705 2299 ἐπιμελείας
738 2247 796 2281 τε
823 2225 913 2281 καὶ
945 2227 1227 2289 συνέσεωςο
1259 2225 1347 2281 ἐπὶ
1382 2224 1439 2281 δὲ
1484 2229 1582 2296 τῆς
1634 2226 1823 2303 πείρας
1875 2227 2043 2298 αὐτῆς

384 2316 475 2371 καὶ
507 2321 614 2369 τῶν
644 2317 978 2393 πραγμάτων
1009 2317 1087 2388 τῷ
1118 2319 1417 2392 θεραπευτῇ
1451 2314 1607 2392 λόγῳ
1635 2316 1725 2372 καὶ
1756 2313 1909 2393 ἀνδρὶ
1932 2320 2045 2391 (60)

389 2405 793 2484 καταφαίνεται.

454 2680 573 2729 AA’.
609 2672 857 2738 Καθόλου
886 2672 944 2729 δὲ
973 2677 1108 2748 ἡμῖν
1143 2674 1315 2729 έκεῖνο
1345 2675 1643 2749 γνώριμον,
1664 2672 1769 2742 ὅτι,
1800 2671 2040 2747 καθάπερ

379 2767 498 2823 τοῖς
550 2763 637 2817 έπὶ
689 2763 863 2818 κάλου
895 2766 1008 2835 (61)
1044 2765 1317 2839 μετεώρου
1368 2763 1457 2817 καὶ
1519 2762 1736 2837 ὑψηλοῦ
1801 2762 2042 2838 βαίνουσι

378 2848 516 2923 τῇδε
544 2853 578 2918 ἦ
606 2849 738 2924 τῇδε
770 2850 1062 2906 ἀποκλῖναι
1094 2852 1192 2906 οὐκ
1231 2850 1490 2925 ἀσφαλὲς,
1525 2850 1650 2907 οὐδὲ
1708 2852 1784 2915 είς
1848 2855 2038 2929 μικρὸν

385 2938 621 3014 φέρουσα
651 2942 685 3007 ἡ
744 2940 910 3014 ῥοπὴ,
944 2939 1038 2993 κᾶν
1094 2945 1259 3015 μικρὰ
1308 2942 1584 3018 φαίνηται,
1620 2939 1885 3020 ἀσφάλεια
1931 2945 2039 3015 (62)

387 3026 448 3081 δὲ
497 3026 679 3088 αὐτοῖς
712 3030 746 3096 ἡ
783 3027 1071 3103 ίσοῤῥοπία
1117 3029 1449 3093 καθίσταται·
1484 3030 1627 3085 οὕτω
1676 3031 1771 3086 κάν
1823 3031 2040 3094 τούτοις

387 3114 699 3188 ὁποτέρωσε
756 3114 918 3190 νεύσῃ
954 3119 1066 3190 (63)
1095 3139 1199 3188 τις,
1231 3116 1336 3174 εἷ’τε
1395 3118 1485 3175 διὰ
1540 3119 1750 3190 κακίαν,
1812 3118 1918 3175 είίτε
1971 3118 2042 3176 δι’

384 3202 668 3275 ἀμάθειαν,
724 3202 971 3267 κίνδυνος
1024 3206 1129 3283 οὐχ
1177 3209 1204 3264 ὁ
1246 3211 1429 3285 τυχὼν
1496 3209 1641 3282 αὐτῷ
1683 3231 1741 3265 τε
1790 3209 1878 3265 καὶ
1923 3213 2040 3272 τοῖς

380 3293 676 3367 ἀγομένοις
731 3298 828 3348 τοῦ
884 3302 983 3363 τῆς
1041 3297 1308 3373 ἁμαρτίας
1367 3300 1684 3372 πτώματος,
1720 3297 1875 3356 Ἀλλ’
1929 3297 2041 3372 ὁδῷ

381 3379 642 3457 βασιλικῇ
695 3385 981 3459 πορευτέον
1038 3381 1224 3460 ὅντως,
1278 3389 1367 3443 καὶ
1438 3387 1843 3465 περισκεπτέον,
1898 3391 2037 3463 μήτε

379 3440 458 3531 ὲις
524 3440 670 3539 διεϊά
722 3440 861 3543 μῆτι
911 3472 991 3528 oi‘c
1043 3440 2035 3552 ἀρισεέἐρᾶ,”’καὸ’ὼὲ’έιῖ’ὲίάροἷιζὶᾀζ
2066 3440 2110 3509 C

380 3559 556 3635 φασὶν,
591 3556 954 3623 ἐκκλίνοντας.
988 3562 1142 3617 Οὕτω
1197 3564 1291 3635 μὲν
1340 3560 1407 3632 δὴ
1437 3566 1504 3618 τὰ
1535 3567 1644 3638 (64)
1690 3569 1797 3618 τῶν
1850 3567 2033 3620 παθῶν

382 3644 496 3722 ἔχει
545 3652 652 3702 τῶν
692 3650 1001 3722 ἡμετέρων,
1034 3651 1124 3704 καὶ
1170 3655 1426 3705 τοσοῦτον
1487 3652 1713 3715 ἐνταῦθα
1758 3654 1819 3707 τὸ
1876 3649 2034 3728 ἔργον

380 3733 462 3809 τῷ
495 3738 680 3811 ἀγαθῷ
710 3736 955 3809 ποιμένι.
1006 3742 1084 3809 τῷ
1131 3743 1391 3812 γνωστῶς
1568 3743 1899 3815 γνωσομένῳ
1938 3744 2038 3815 ψυ-

379 3825 481 3902 χὰς
510 3827 792 3899 ποιμνίου,
824 3827 913 3881 καὶ
965 3827 1373 3904 ἀφηγησομένῳ
1403 3830 1539 3884 κατὰ
1585 3828 1745 3905 λόγον
1799 3851 2035 3903 ποιμαν-

377 3922 557 3987 τικῆς,
587 3922 689 3985 τῆς
744 3937 805 3992 γε
866 3915 1032 3990 ὀρθῆς
1078 3917 1168 3971 καὶ
1212 3913 1447 3991 δικαίας,
1476 3918 1567 3974 καὶ
1615 3923 1713 3975 τοῦ
1770 3919 2037 3991 ἀληθινοῦ

381 4004 643 4079 ποιμένος
672 4007 831 4078 ἡμῶν
866 4005 1037 4077 ἀξίας.

448 4275 569 4330 AE'.
606 4272 784 4341 Δῦτήν
820 4270 877 4329 δὶ
905 4275 1006 4344 τήν
1032 4280 1136 4331 τοῦ
1177 4276 1345 4354 λόγου
1395 4278 1685 4355 διανομὴν,
1713 4278 1801 4335 ’ίνα
1848 4278 2037 4337 τελευ-

444 4426 489 4461 ⁶⁸
520 4426 683 4483 Prov.
720 4443 797 4494 ιν,
828 4428 919 4483 27.
998 4430 1042 4464 ⁸⁵
1073 4429 1241 4487 Prov.
1272 4450 1455 4506 xxvu,
1486 4435 1579 4489 23.

447 4593 971 4672 (⁸51)Ἀπεύχεσθαι.
1028 4599 1152 4672 Bill.
1214 4600 1274 4655 in
1325 4602 1348 4656 4
1406 4602 1497 4657 ed.
1550 4625 1579 4653 α
1632 4604 1951 4672 Exsecrari,
2006 4626 2035 4656 »

376 4668 550 4745 Gabr._
581 4668 939 4745 «detestari,
971 4671 1175 4745 »_Oliv.
1206 4695 1234 4721 «
1258 4672 1531 4745 (Culpare.
1565 4696 1594 4725 »

415 4739 558 4826 J52)
609 4738 762 4793 Οὕτω
820 4738 930 4795 καί.
992 4742 1135 4799 Tres
1178 4744 1337 4799 Colb.
1375 4738 1578 4805 ὀὕτως
1636 4743 1736 4799 οὐκ
1790 4742 2035 4821 ἔχεικαὶ

375 4830 495 4878 της.

444 4882 555 4964 (5ᾷ)
591 4880 1191 4964 ,Ὑγιεινρτατονκδίο-
1225 4887 1387 4964 Regii
1438 4904 1643 4964 omnes
1701 4892 1758 4947 et
1800 4889 1959 4947 Colb.
1992 4891 2035 4959 i,

372 4953 549 5035 Coifi:
666 4953 846 5035 Θρᾲξ,
879 4956 997 5011 Jes.
1032 4956 1092 5035 In
1125 4953 1639 5035 θᾶηὺγῖαινότατον.

586 5022 1014 5102 ᾉπομδέδεικται,
1034 5029 1192 5102 ~Reg.
1225 5022 1326 5099 hii,
1362 5028 1765 5091 ἀποδείκνυται.

442 5099 554 5169 (55)
586 5097 654 5153 Ἦ
680 5097 748 5175 τὸ
785 5103 978 5175 πρᾶον.
1032 5097 1172 5173 Reg.
1211 5108 1254 5175 t,
1286 5097 1375 5157 καὶ
1423 5103 1507 5174 τό,
1540 5106 1740 5161 Comb.
1779 5126 1807 5156 «
1838 5109 2035 5163 auste-

372 5167 578 5224 ritas»
611 5170 697 5225 vel
733 5193 761 5220 «
790 5167 1022 5226 lenitas.
1059 5195 1086 5222 »

439 5241 551 5307 (56)
581 5239 920 5297 Τοῦναντίον.
948 5243 1059 5299 Alii
1090 5246 1354 5301 nonnulli
1386 5247 1448 5301 τὸ
1482 5247 1742 5303 ἐναντίον.

441 5311 552 5384 (57)
614 5311 1020 5384 Συμπίπτωσιν.
1084 5316 1179 5372 Sic
1241 5335 1445 5377 omnes
1506 5321 1754 5378 codices.
1815 5321 1878 5377 In
1938 5320 2029 5377 ed.

370 5403 431 5436 συ
442 5403 796 5455 μπιπτουσιν.

441 5451 708 5535 (58)__'E11_:‘L
745 5457 807 5511 τὸ
840 5451 1269 5535 νᾶκριᾷέστατον.
1324 5463 1503 5535 Regg.
1553 5465 1672 5518 bm.
1719 5464 1821 5527 hu,
1855 5464 2031 5520 Coisl.

370 5528 427 5593 4,
461 5527 721 5584 melioris
752 5527 941 5588 notam'
976 5529 1053 5591 εἷς
1099 5530 1161 5585 τό
1195 5534 1332 5607 Reg.
1383 5527 1530 5603 t,wet
1576 5536 1751 5591 Coisl.
1794 5536 1849 5603 4,
1878 5537 2033 5609 ἀκρι-

372 5591 646 5651 ὅέστεοον.

438 5618 646 5672 στερον.

444 5669 686 5749 (59⁷)-Κᾳὶ
716 5671 1018 5749 κεφαλαίῳ.
1060 5678 1254 5749 _Regg.
1303 5679 1472 5737 codd.
1530 5678 1571 5746 l,
1602 5696 1656 5747 κ,
1696 5697 1748 5749 z,
1779 5680 1939 5739 Golb.
1972 5680 2029 5745 7,

370 5740 548 5798 Pass.
567 5740 801 5801 habent"
816 5740 868 5798 ἰν
909 5740 1219 5818 κεῴαλαίῷῖ

2157 2137 2356 2193 omnia
2386 2154 2655 2193 sermone
2687 2137 3068 2209 distinguere,
3111 2141 3287 2209 atque
3320 2137 3400 2192 ita
3451 2142 3646 2191 exacte
3678 2152 3816 2207 per-

2155 2227 2400 2298 spicere,
2433 2232 2497 2282 ut
2526 2231 2646 2282 tota
2677 2227 2945 2283 medendi
2974 2227 3122 2282 ratio
3155 2228 3214 2281 in
3244 2242 3540 2283 summam
3572 2224 3813 2297 colliga-

2154 2320 2272 2381 tur,
2306 2315 2670 2386 impossibile
2699 2321 2807 2385 est,
2831 2322 3287 2387 quantacunque
3309 2333 3449 2371 cura
3477 2319 3535 2371 et
3564 2315 3814 2389 diligen-

2152 2406 2235 2459 tia
2258 2404 2590 2477 ingeniique
2612 2406 2932 2477 sagacitate
2954 2405 3246 2478 quispiam
3273 2405 3521 2477 polleat:
3553 2405 3613 2461 in
3637 2407 3814 2462 rebus

2153 2496 2351 2549 tamen
2409 2494 2556 2566 ipsis
2602 2500 2660 2550 et
2706 2495 3121 2566 experimentis
3170 2495 3443 2551 curatrici
3490 2494 3705 2551 rationi
3761 2498 3818 2551 et

2152 2583 2380 2638 medico
2413 2583 2724 2655 perspicua
2754 2584 2923 2638 ﬁunt.

2224 2672 2463 2729 XXXIV.
2499 2678 2563 2727 In
2597 2673 2935 2728 universum
2968 2678 3161 2729 autem
3184 2673 3329 2728 illud
3355 2674 3509 2744 apud
3542 2690 3649 2729 nos
3682 2690 3817 2730 con-

2151 2766 2288 2827 stat,
2323 2763 2476 2833 quod
2502 2762 2999 2834 quemadmodum
3024 2763 3083 2817 in
3112 2762 3348 2818 sublimi
3374 2768 3429 2817 et
3451 2762 3705 2834 pendulo
3728 2764 3815 2819 fu-

2150 2864 2223 2903 ne
2254 2851 2680 2919 gradientibus,
2716 2851 2774 2904 in
2802 2850 2954 2906 hanc
2983 2850 3068 2905 vel
3101 2850 3256 2905 illam
3292 2856 3513 2921 partem
3548 2850 3818 2906 deﬂecte-

2151 2955 2232 3005 re,
2269 2939 2511 2993 minime
2541 2946 2734 2994 tutum
2787 2945 2894 3005 est,
2949 2956 3051 2994 nec
3083 2940 3258 2994 etiam
3304 2958 3481 3011 parva
3509 2940 3811 2997 inclinatio

2151 3044 2398 3098 parvum
2450 3028 2775 3100 periculum
2823 3029 3007 3095 aﬂ‘ert,
3060 3045 3257 3084 verum
3306 3045 3507 3085 eorum
3559 3030 3720 3085 salus
3750 3030 3812 3085 in

2151 3117 2477 3189 aequilibrio
2514 3118 2706 3189 posita
2738 3123 2866 3173 est:
2900 3119 2969 3172 ad
3005 3118 3278 3173 eumdem
3302 3135 3538 3190 quoque
3569 3120 3812 3175 modum

2151 3209 2436 3264 utramvis
2468 3208 2523 3261 in
2562 3213 2785 3280 partem
2820 3208 3134 3280 quispiam,
3182 3208 3299 3264 sive
3331 3210 3401 3265 ob
3434 3210 3561 3263 vitae
3594 3210 3811 3281 impro-

2149 3296 2413 3364 bitatem,
2448 3298 2567 3353 sive
2598 3298 2669 3353 ob
2692 3297 3046 3369 imperitiam
3081 3298 3473 3370 propenderit,
3511 3300 3667 3354 haud
3692 3299 3816 3355 leve

2150 3387 2501 3458 periculum,
2550 3390 2677 3441 tum
2713 3387 2824 3459 ipsi
2855 3393 2981 3443 tum
3014 3388 3085 3442 iis
3108 3388 3321 3460 quibus
3355 3394 3579 3459 praeest,
3614 3389 3811 3445 immi-

2150 3480 2266 3543 net,
2302 3494 2373 3532 ne
2402 3476 2461 3531 in
2494 3480 2797 3547 peccatum
2832 3476 3233 3548 prolabantur.
3260 3477 3537 3540 Quocirca
3567 3478 3658 3533 via
3683 3496 3813 3550 pro-

2146 3566 2239 3621 cul
2271 3566 2448 3622 dubio
2480 3568 2634 3639 regis
2660 3568 2804 3639 ipsis
2826 3568 3215 3624 incedendum
3247 3574 3354 3635 est,
3384 3586 3449 3624 ac
3472 3568 3815 3642 circumspi-

2148 3656 2449 3721 ciendum,
2480 3673 2552 3711 ne
2581 3656 2666 3711 vel
2699 3658 2771 3711 ad
2818 3658 3136 3725 dexteram,
3171 3657 3259 3712 vel
3302 3658 3627 3722 sinistram,
3653 3660 3814 3715 velut

2148 3744 2208 3799 in
2268 3744 2595 3799 Proverbiis
2677 3750 2767 3800 est
2838 3746 3132 3801 declinent
3190 3748 3257 3809 ⁸⁸,
3313 3750 3391 3802 Ac
3461 3747 3597 3803 talis
3657 3764 3815 3803 mor-

2148 3833 2358 3889 borum
2394 3839 2733 3889 nostrorum
2778 3840 2987 3889 natura
3018 3840 3124 3901 est,
3178 3840 3497 3907 tantusque
3527 3838 3679 3892 bono
3713 3854 3815 3909 pa-

2147 3921 2292 3978 stori
2322 3920 2487 3976 labor
2520 3922 2829 3989 incumbit,
2854 3924 2952 3995 qui
2978 3924 3171 3996 gregis
3195 3924 3426 3979 animas
3456 3924 3600 3981 scite
3623 3925 3818 3998 cogni-

2147 4017 2315 4069 turus
2364 4018 2471 4083 est,
2530 4019 2983 4087 perspectasque
3032 4016 3362 4086 habiturus,
3411 4017 3615 4089 eisque
3645 4019 3818 4089 juxta

2149 4103 2464 4176 pastoralis
2496 4104 2638 4160 artis
2668 4105 2825 4178 leges
2876 4106 3206 4179 praeiturus,
3241 4108 3528 4164 duntaxat
3556 4112 3727 4164 rectae
3756 4112 3815 4166 ct

2140 4195 2338 4265 justas,
2366 4211 2432 4249 ac
2462 4212 2594 4249 vero
2629 4200 2862 4266 pastore
2892 4201 3091 4252 nostro
3120 4197 3279 4271 digni
3312 4198 3381 4253 ⁸⁵.

2221 4284 2321 4340 29
2353 4284 2570 4339 XXXV.
2603 4285 2732 4341 Jam
2777 4284 2968 4357 ipsam
3004 4287 3161 4342 verbi
3212 4287 3713 4361 distributionem,
3746 4293 3815 4348 ut

2388 4609 2697 4681 θεραπευτῇ
2761 4606 2909 4681 λόγῳ
2964 4607 3052 4661 καὶ
3107 4604 3276 4678 ἀνδρί.
3340 4611 3545 4667 Billius
3595 4612 3655 4667 in
3685 4613 3815 4671 Elia

2144 4678 2335 4745 vertit,
2373 4700 2429 4756 «_
2459 4695 2488 4733 e
2539 4679 2762 4756 medico
2822 4678 3091 4756 sermone
3151 4688 3208 4736 et
3254 4683 3395 4738 viro.
3458 4706 3485 4733 ››
3535 4683 3672 4739 Viro
3703 4702 3811 4756 pro

2147 4769 2175 4799 «
2208 4749 2482 4836 enitemp‘lo‘
2508 4774 2528 4803 ι
2563 4752 2822 4836 positu'r‘n
2854 4752 3102 4836 videtur:

2217 4821 2329 4892 (61)
2364 4818 2482 4874 "Eni
2510 4818 2724 4894 itoilou,_
2759 4822 2936 4893 Regg.
2990 4823 3159 4879 codd.
3204 4841 3239 4878 u
3291 4823 3523 4894 optimae
3573 4831 3721 4883 notze
3752 4830 3810 4884 et

2144 4907 2200 4958 χ,
2228 4890 2287 4949 et
2313 4890 2488 4949 Gabr.
2523 4890 2609 4947 ἐπὶ
2640 4890 2816 4964 κάλῳ.
2846 4890 2993 4950 item
3025 4894 3198 4949 Coisl.
3234 4896 3282 4948 1.

2226 4967 2343 5042 (62)
2375 4964 2687 5042 Ἀσφάλεια.
2725 4966 2853 5021 Bill.
2888 4966 2945 5020 in
2979 4967 3169 5038 prima
3221 4967 3336 5037 ed.,
3368 4990 3395 5017 ‹‹
3429 4966 3589 5025 salus
3617 4976 3670 5025 et
3719 4987 3809 5027 se-

2145 5057 2214 5095 cu
2224 5037 2386 5093 ritas.
2424 5059 2451 5086 ››

2218 5110 2332 5184 (63)
2365 5106 2557 5184 Nedum.
2609 5108 2903 5184 Ita_Regg.
2960 5110 3100 5184 bm,‘
3135 5111 3173 5173 Ι,
3225 5109 3495 5184 μοοιι).
3547 5111 3599 5179 3,
3645 5128 3726 5184 m,
3755 5116 3814 5184 et

2143 5183 2265 5239 Jes.
2300 5180 2493 5237 Lectio
2584 5180 2831 5248 melior,
2868 5180 3138 5252 quamvis
3198 5182 3402 5238 rarior.
3454 5188 3519 5239 In
3569 5188 3659 5239 ed.
3692 5180 3813 5239 νεύ-

2146 5273 2329 5413 σεξθ4)
2362 5322 2473 5413 sitv
2511 5318 2711 5413 δὶήῗ
2749 5322 2915 5413 (lolii.
2944 5323 2984 5390 i,
3042 5322 3135 5395 μὶν
3166 5319 3281 5381 οὗν.
3331 5329 3470 5398 Reg.
3504 5344 3557 5398 α,
3591 5327 3687 5400 μὲν
3740 5323 3807 5399 δὴ

2142 5394 2231 5457 καὶ
2262 5394 2343 5449 τά.
2384 5394 2725 5466 Empbatica
2756 5395 2946 5466 lectio.

2214 5469 2325 5540 (65)
2359 5465 2712 5540 vaé‘rfoc.__<}_
2752 5471 2874 5521 Non
2914 5465 3115 5522 leviter
3161 5472 3217 5523 et
3265 5469 3678 5538 perfunctorie,
3710 5489 3805 5528 ve-

2143 5536 2273 5595 rum
2308 5536 2511 5595 sedulo
2532 5543 2587 5593 et
2614 5536 2950 5611 diligenter.
2970 5560 2998 5587 ››
3023 5540 3116 5595 Sic
3139 5536 3375 5611 exponit
3400 5542 3551 5597 Elias
3577 5566 3590 5608 ;
3624 5536 3800 5600 Gabr.

2140 5628 2297 5680 vero,
2335 5633 2362 5659 ‹‹
2392 5627 2504 5665 non
2554 5609 2728 5663 modo
2778 5609 3051 5678 exterius,
3094 5609 3294 5666 verum
3348 5614 3522 5667 etiam
3558 5614 3805 5671 interius

2142 5683 2314 5754 plane
2342 5681 2605 5754 cognitas
2647 5697 2783 5737 oves
2811 5681 3048 5754 habere,
3101 5691 3166 5742 ut
3196 5689 3359 5740 vocet
3406 5700 3505 5741 eas
3538 5686 3803 5743 nomina-

2205 5700 2314 5739 ΒΗΘ
2342 5699 2605 5754 οοεηιιιιε
2647 5699 2783 5737 ονθι
2811 5699 3048 5755 nabere,
3101 5699 3166 5742 ut
3196 5699 3359 5740 νοσεῖ.
3406 5700 3505 5741 888
3538 5701 3803 5743 nomina-

2169 5770 2271 5813 ιω.
2311 5777 2332 5805 D
