4110 6430
261 396 376 457 ΗἿ

1506 403 1570 464 S.
1624 400 1999 464 GREGORII
2043 400 2439 464 THEOLOGI

3565 403 3688 466 με

332 528 567 587 XXXIX.
602 529 713 588 Sed
748 533 818 589 ad
849 532 973 590 haec
1020 534 1419 607 intelligenda,
1452 539 1509 590 et
1563 534 1707 590 satis
1751 549 1914 589 com-

2103 538 2221 588 AO'.
2279 532 2434 586 Ταῦτ’
2491 529 2583 585 οὐν
2641 530 2978 608 μακροτέρου
3032 532 3123 604 μὶν
3174 532 3209 601 ἦ
3259 531 3397 587 κατὰ
3426 530 3517 586 τὸν
3550 545 3691 603 παρ’

264 620 437 674 mode
460 637 526 675 ac
558 638 659 692 pro
687 622 969 693 dignitate
998 625 1367 683 declaranda,
1387 624 1631 695 longiori
1657 623 1919 678 oratione

265 722 416 779 opus
446 709 642 779 fuerit,
678 728 852 781 quam
886 729 1135 782 praesens
1173 715 1527 778 institutum,
1563 721 1734 783 atque
1775 712 1917 766 adeo

262 797 385 852 vita
419 799 536 853 haec
568 800 733 855 ferat.
768 801 916 864 Quin
949 802 1017 855 ad
1052 802 1105 856 id
1142 802 1356 873 potius,
1391 806 1446 856 et
1470 818 1641 868 nunc,
1676 805 1734 855 et
1763 816 1915 857 sem-

266 902 393 957 per,
426 905 575 958 opus
607 890 780 944 fuerit
809 890 1045 961 Spiritu,
1083 908 1184 962 per
1230 908 1399 962 quem
1433 891 1622 946 solum
1658 890 1833 959 Deus,
1864 892 1920 943 et

266 974 638 1048 intelligitur,
674 984 729 1033 et
786 980 1113 1050 exponitur,
1147 985 1205 1035 et
1263 982 1518 1035 auditur.
1562 980 1699 1034 Puri
1759 978 1916 1033 enim

270 1063 552 1121 duntaxat
583 1073 691 1137 est,
725 1068 782 1121 id
816 1068 1102 1140 attingere
1133 1071 1287 1139 quod
1321 1086 1533 1141 purum
1566 1073 1674 1133 est,
1709 1068 1921 1139 suique
1950 1108 1979 1141 α

264 1167 499 1224 semper
544 1155 753 1211 simile.
808 1161 937 1212 Haec
986 1163 1180 1212 autem
1235 1159 1451 1214 idcirco
1496 1158 1554 1211 in
1610 1156 1940 1226 praesentia.

259 1243 466 1311 paucis
497 1247 1109 1312 commemoravimus,
1142 1251 1207 1302 ut
1238 1248 1393 1302 istud
1430 1247 1668 1319 planum
1702 1247 1820 1314 fiat,
1844 1246 1918 1313 ei,

254 1330 355 1399 qui
388 1332 456 1386 de
486 1333 667 1388 tantis
699 1335 877 1391 rebus
908 1337 1367 1408 disputationem
1404 1337 1634 1399 habeat,
1676 1350 1919 1406 przeser-

256 1422 359 1477 tim
395 1426 549 1494 apud
585 1426 1045 1494 multitudinem,
1064 1445 1191 1498 quae
1216 1446 1280 1483 ex
1311 1428 1487 1483 variis
1512 1427 1779 1483 aetatibus
1802 1424 1922 1480 ani-

255 1512 454 1584 mique
491 1514 900 1571 affectionibus
935 1518 1185 1571 conﬂata
1220 1522 1326 1587 est,
1361 1534 1425 1572 ae
1458 1516 1669 1571 musici
1719 1517 1917 1585 cujus-

255 1601 391 1656 dam
426 1602 803 1659 instrumenti
838 1605 1042 1660 multis
1074 1606 1288 1661 ﬁdibus
1320 1606 1645 1661 constantis
1690 1606 1747 1657 in
1800 1620 1918 1659 mo-

254 1691 420 1757 dum,
442 1691 619 1747 variis
650 1693 924 1765 pulsibus
956 1711 1104 1765 opus
1135 1696 1331 1761 habet,
1357 1694 1595 1749 difficile
1622 1692 1913 1764 ejusmodi

259 1780 583 1835 orationem
602 1782 883 1847 invenire,
903 1800 1028 1854 qua:
1048 1800 1253 1839 omnes
1276 1784 1625 1839 concinnare
1647 1800 1712 1836 ac
1735 1782 1916 1837 scien-

255 1867 353 1923 tiae
380 1868 603 1924 lumine
624 1869 966 1927 collustrare
986 1872 1203 1943 possit:
1234 1890 1348 1928 non
1382 1872 1554 1928 modo
1586 1872 1912 1943 quod,cum

256 1956 318 2012 in
350 1958 542 2012 tribus
572 1958 664 2013 his
696 1959 867 2015 rebus
902 1961 1227 2032 periculum
1260 1965 1541 2031 versetur,
1570 1961 1682 2015 hoc
1715 1964 1806 2014 est
1853 1960 1911 2013 in

258 2053 470 2112 mente,
506 2050 561 2102 et
594 2064 883 2117 sermone,
909 2055 1084 2120 atque
1116 2050 1411 2117 auditu,si
1447 2067 1557 2104 non
1590 2050 1660 2104 ad
1694 2049 1913 2118 omnia,

260 2136 332 2190 ad
366 2152 550 2191 unum
582 2142 738 2192 certe
782 2138 1017 2210 aliquod
1069 2140 1279 2194 horum
1330 2139 1620 2194 offendere
1681 2154 1918 2193 necesse

259 2229 385 2293 est;
419 2229 520 2280 aut
567 2226 725 2281 enim
774 2244 941 2284 mens
991 2228 1232 2284 minime
1279 2228 1610 2283 illuminata
1655 2230 1764 2297 est,
1816 2230 1918 2283 aut

260 2330 455 2369 sermo
486 2313 768 2386 elanguit,
800 2321 901 2371 aut
930 2316 1180 2389 denique
1212 2318 1372 2373 auris
1404 2317 1562 2373 haud
1597 2316 1740 2372 satis
1781 2334 1918 2388 pur-

256 2406 393 2475 gata
424 2402 664 2459 minime
694 2407 1137 2478 excepit:atque
1166 2424 1233 2463 ex
1261 2406 1473 2463 horum
1505 2424 1619 2461 uno
1651 2421 1919 2477 peraeque

260 2498 439 2564 atque
488 2509 557 2548 ex
604 2494 880 2550 omnibus
929 2496 1141 2551 veritas
1191 2496 1485 2552 claudicet
1533 2511 1771 2551 necesse
1802 2498 1914 2550 est.

2030 619 2154 674 όντα
2211 620 2396 693 καιρὸν
2429 663 2445 691 ,
2501 620 2655 691 οἶμαι
2714 617 2769 674 δὲ
2826 619 2915 672 καὶ
2981 618 3093 693 βίον
3130 666 3144 692 ,
3201 623 3299 674 τοῦ
3376 618 3545 695 λόγου
3598 622 3688 676 καὶ

2027 712 2212 777 νοῆσαι
2264 709 2351 764 καὶ
2405 716 2746 785 παραστῆσαι
2824 710 3019 769 ἱκανῶς
3078 729 3135 763 τε
3191 708 3279 762 καί
3342 708 3466 763 ὅσον
3516 708 3682 782 ἄξιον·
3758 738 3761 739 ν

2032 796 2243 871 μᾶλλον
2279 796 2336 853 δὲ
2382 796 2471 852 καῖ
2518 795 2604 852 νῦν
2656 797 2744 851 καὶ
2793 797 2873 851 ἀεὶ
2921 802 3018 851 τοῦ
3066 796 3400 871 Πνεύματος,
3433 799 3479 870 ᾦ
3534 799 3685 873 μόνῳ

2029 890 2158 949 Θεὸς
2206 888 2292 942 καὶ
2341 892 2542 942 νοεῖται
2593 887 2681 940 καὶ
2728 886 3077 961 ἑρμηνεύεται
3125 886 3214 941 καὶ
3264 886 3537 944 ἀκούεται.
3579 896 3683 944 Κα-

2030 981 2177 1053 θαρῴ
2206 977 2306 1052 γὰρ
2340 975 2652 1053 (96)·ψμόνον
2706 976 2897 1030 ἁπτέον
2947 980 3043 1029 τοῦ
3093 980 3331 1051 καθαροῦ
3375 976 3465 1031 καὶ
3506 976 3682 1031 ὡσαύ-

2026 1046 2414 1140 τῴςίὲχοᾲτδς·
2555 1062 2600 1118 δ’
2650 1062 2821 1119 ε’ίνεκα
2849 1068 2958 1139 (97)
2990 1069 3079 1119 νῦν
3114 1063 3163 1118 ιν
3211 1046 3388 1139 ὀλίγῳ
3421 1062 3681 1136 διεληλύ-

2028 1155 2218 1226 θαμεν,
2243 1151 2315 1207 ’ἶν’
2348 1154 2519 1208 ἐκεῖνο
2568 1151 2933 1227 δηλώσωμεν,
2970 1153 3052 1209 ὅτι
3102 1152 3350 1230 χαλεπὸν
3397 1153 3445 1208 ἐν
3477 1154 3676 1226 πλήθει

2034 1244 2289 1317 μάλιστα,
2341 1242 2463 1317 περί
2514 1242 2855 1312 τηλικούτων
2909 1241 3319 1319 διαλεγόμενον,
3373 1243 3429 1298 ἐκ
3450 1265 3670 1321 κπαντο-

2031 1331 2204 1401 δαπῆς
2256 1334 2590 1409 συγκειμένῳ
2649 1333 2737 1387 καὶ
2785 1332 3007 1403 ἡλικίας
3057 1333 3146 1388 καὶ
3191 1330 3370 1403 ἕξεως,
3424 1320 3533 1387 o‘t‘ov
3582 1333 3673 1409 ὀρ-

2027 1424 2172 1499 γάνῳ
2222 1422 2325 1475 τινὶ
2385 1420 2730 1497 πολυχόρδῳ
2801 1418 3072 1500 διαφόρων
3130 1419 3374 1496 δεομένῳ
3430 1422 3520 1478 καὶ
3574 1426 3679 1477 τῖον

2027 1513 2350 1587 κρουμάτων
2404 1514 2538 1585 (98),
2592 1513 2763 1585 εὑρεῖν
2814 1532 2933 1566 τινα
2978 1514 3070 1567 τὸν
3121 1515 3325 1574 πάντας
3372 1512 3684 1587 καταρτίσαι

2029 1598 2333 1671 δυνάμενον⁹
2376 1598 2566 1673 λόγον,
2615 1600 2704 1654 καί
2756 1599 3071 1677 λαμπρῠναι
3120 1601 3347 1673 (99)τῴ
3396 1601 3535 1679 φωτὶ
3583 1607 3684 1669 τῆς

2026 1690 2315 1764 γνώσεωςοη
2336 1688 2395 1742 οὐ
2449 1689 2611 1761 μόνον
2667 1690 2748 1744 ὅτι
2783 1688 2835 1744 ἐν
2868 1690 3010 1765 τρισὶ
3040 1689 3257 1751 τούτοις
3304 1694 3400 1745 τοῦ
3438 1688 3683 1745 κινδύνου

2027 1768 2370 1848 σαλεύοντος,
2405 1775 2612 1848 διανοίᾳ
2634 1781 2711 1849 (1)
2741 1778 2829 1833 καὶ
2881 1776 3032 1855 λόγῳ
3061 1779 3149 1833 καὶ
3182 1778 3341 1852 ἀκοῇ,
3396 1780 3684 1853 ἀναγκαῖον

2024 1868 2146 1943 περὶ
2178 1864 2232 1922 ἓν
2266 1866 2328 1941 γὲ
2357 1888 2407 1920 τι
2460 1868 2692 1941 τούτων,
2726 1868 2771 1922 εἰ
2802 1868 2892 1922 καὶ
2928 1869 3003 1941 μὴ
3037 1869 3211 1922 πάντα
3242 1870 3341 1941 (2),
3374 1874 3683 1943 προσπταῖ-

2024 1977 2131 2012 σαι·
2167 1958 2201 2026 ἤ
2235 1956 2337 2032 γὰρ
2373 1957 2472 2011 οὐκ
2520 1954 2836 2034 ἐνελάμφθη
2870 1960 2946 2030 (3)
2978 1961 3125 2027 νοῦς,
3158 1957 3193 2025 ἢ
3249 1956 3414 2031 λόγος
3446 1959 3685 2028 ἠσθάνη-

2027 2067 2135 2113 σεν,
2192 2047 2226 2115 ἢ
2282 2045 2381 2100 οὐκ
2439 2045 2721 2121 ἐχώρησεν
2779 2045 2917 2114 ἀκοὴ
2982 2047 3057 2117 μὴ
3117 2045 3491 2120 κεκαθαρμένη
3520 2066 3532 2078 ·
3592 2045 3682 2101 καὶ

2027 2132 2235 2207 ὁμοίιος
2294 2137 2371 2206 (4)
2432 2133 2482 2204 ἐξ
2543 2134 2660 2196 ἰνὸς
2715 2134 2923 2189 τούτων
2982 2134 3071 2189 καὶ
3136 2136 3351 2189 πάντων
3410 2133 3678 2210 χωλεύειν

2027 2222 2230 2299 ἀνάγκη
2261 2224 2360 2291 τὴν
2395 2221 2676 2293 ἀλήθειαν·
2710 2222 2839 2279 ἀλλ’
2886 2222 2968 2277 ὅτι
3009 2223 3099 2278 καὶ
3130 2225 3159 2278 ὃ
3193 2227 3262 2296 (5)
3294 2229 3412 2285 τοῖς
3456 2222 3597 2279 ἄλλο
3626 2246 3678 2280 τι

2028 2310 2296 2367 διδάσκειν
2333 2311 2791 2388 ὑπισχνουμένοις
2842 2313 3032 2388 ῥᾷστον
3085 2318 3234 2368 ποιεῖ
3276 2313 3367 2368 τὸν
3400 2312 3560 2389 λόγον
3589 2314 3679 2368 καὶ

2027 2400 2445 2477 εὐπαράδεκτον,
2477 2404 2511 2471 ἡ
2560 2405 2667 2456 τῶν
2716 2400 3022 2456 ἀκουόντων
3072 2397 3328 2457 εὐλάϐεια
3371 2406 3470 2475 (6),
3518 2406 3680 2458 τοῦτο

2026 2491 2252 2546 ἐνταῦθα
2283 2494 2316 2560 ἡ
2354 2491 2528 2563 ζημία
2551 2490 2862 2546 καθίσταται
2892 2490 2983 2545 καί
3014 2492 3041 2546 ὁ
3072 2490 3319 2553 κίνδυνος

255 2580 477 2636 Verum
509 2582 683 2638 etiam
726 2583 866 2654 quia
913 2583 972 2638 id
1022 2586 1175 2656 quod
1209 2585 1323 2649 his,
1357 2585 1459 2656 qui
1498 2585 1654 2641 aliud
1688 2584 1989 2657 quoddam
2020 2583 2296 2638 doctrina
2341 2600 2527 2655 genus
2560 2583 2927 2654 proﬁtentur,
2960 2583 3189 2639 facilem
3218 2588 3275 2638 et
3306 2582 3681 2654 plausibilem

258 2686 590 2727 sermonem
623 2673 834 2738 reddit,
866 2672 975 2729 hoc
1007 2679 1095 2729 est
1126 2676 1460 2729 auditorum
1496 2674 1718 2747 religio,
1754 2676 1812 2728 in
1843 2672 2264 2729 detrimentum
2296 2676 2353 2726 et
2382 2672 2709 2743 periculum
2742 2672 2836 2727 hic
2865 2672 3043 2729 cedit.

327 2759 435 2815 XL.
468 2759 542 2815 Ut
586 2762 745 2816 enim
795 2763 867 2817 de
919 2764 1051 2829 Deo,
1090 2780 1156 2818 ac
1203 2780 1263 2818 re
1314 2764 1582 2819 omnium
1633 2763 1910 2829 maxima,

2093 2760 2177 2815 Μ’.
2213 2759 2299 2819 Ὠς
2348 2760 2447 2833 γὰρ
2499 2758 2621 2831 περὶ
2674 2763 2807 2813 Θεοῦ
2856 2759 2946 2812 καὶ
2991 2764 3087 2813 τοῦ
3142 2758 3398 2833 μεγίστου
3446 2763 3553 2814 τῶν
3587 2755 3677 2814 ὅν-

258 2851 437 2919 atque
467 2848 595 2919 ipsa
625 2850 832 2915 salute,
858 2855 915 2906 et
942 2851 1131 2922 prima
1162 2852 1437 2908 omnibus
1466 2870 1590 2924 spe,
1615 2857 1910 2907 certamen

2034 2870 2128 2902 των
2185 2846 2405 2923 ἔχοντες
2463 2848 2552 2901 τὸν
2605 2846 2809 2922 ἀγῶνα,
2863 2848 2952 2901 καὶ
3011 2854 3110 2916 τῆς
3164 2848 3436 2924 σωτηρίας
3488 2847 3678 2919 αὐτῆς,

257 2936 567 3003 habentes,
591 2955 706 3009 quo
739 2939 1045 2995 fervidiore
1078 2941 1191 2996 ﬁde
1222 2942 1446 3013 praediti
1477 2946 1717 3007 sunt,eo
1739 2940 1914 2995 etiam

2034 2936 2113 2991 icui
2154 2944 2254 3007 τῆς
2305 2937 2530 3012 πρώτης
2575 2943 2734 2990 πᾶσιν
2787 2933 3010 2997 ἐλπίδος
3045 2938 3139 3009 (8),
3197 2936 3308 3009 ὅσῳ
3354 2938 3452 3006 τὴν
3502 2940 3679 2993 πίστιν

252 3025 456 3097 acrius
486 3025 733 3081 orationi
782 3029 1183 3095 adversantur,
1220 3046 1286 3085 ac
1328 3030 1591 3085 veritatis
1632 3030 1914 3101 proditio-

256 3131 415 3184 nem,
448 3132 565 3171 non
596 3120 791 3171 autem
826 3116 1128 3188 pietatem,
1161 3119 1551 3174 obedientiam
1584 3134 1712 3174 esse
1734 3118 1916 3173 inter-

254 3207 577 3277 pretantes,
597 3205 762 3277 prius
790 3206 990 3262 omnia
1008 3207 1382 3277 projecerint,
1408 3224 1585 3278 quam
1611 3206 1917 3278 opiniones

254 3309 355 3348 eas
387 3309 532 3362 quas
562 3294 736 3348 domo
768 3310 966 3349 secum
999 3295 1270 3365 afferunt,
1306 3301 1362 3350 et
1385 3298 1748 3367 dogmatum,
1784 3295 1927 3367 qui-1

2027 3025 2127 3080 εἶσὶ
2180 3026 2526 3101 Θερμότεροι,
2583 3026 2827 3098 τοσούτῳ
2878 3025 3325 3101 προσαντέστεροι
3374 3032 3453 3099 τῷ
3503 3026 3681 3104 λόγῳ,

2024 3114 2113 3169 καὶ
2146 3112 2443 3190 προδοσίαν
2486 3122 2587 3183 τῆς
2639 3112 2922 3187 ἀληθείας,
2980 3114 3078 3169 οὐκ
3126 3111 3394 3170 εὐσέϐειαν
3442 3118 3544 3186 τὴν
3601 3116 3685 3171 εὐ-

2025 3206 2262 3266 πείθειαν
2340 3199 2839 3276 ὑπολαμϐάνοντες,
2922 3204 3096 3259 πάντα
3172 3204 3414 3280 πρόοιντ’
3470 3208 3546 3279 (9)
3622 3205 3681 3260 ἂν

2026 3292 2290 3363 πρότερον
2339 3294 2373 3361 ἣ
2418 3292 2547 3354 τοὺς
2581 3289 2789 3356 οἴκοθεν
2825 3291 3148 3365 λογισμοὺς,
3178 3295 3314 3367 (10),
3352 3294 3469 3365 μεθ’
3497 3291 3570 3347 ὧν
3598 3291 3682 3368 ἔρ·

259 3384 373 3439 bus
405 3382 677 3437 innutriti
710 3384 1412 3450 sunt,eonsuetudinem:
1448 3388 1621 3456 atque
1650 3384 1745 3439 hic
1776 3385 1911 3439 aﬁ‘e-

2034 3402 2236 3458 χονται,
2274 3379 2363 3436 καί
2413 3386 2520 3436 τῶν
2575 3379 2867 3455 δογμάτων
2919 3383 3001 3444 οἷς
3036 3354 3529 3458 συνανεστράφησαν

263 3475 415 3538 ctus,
448 3471 519 3525 de
550 3486 667 3541 quo
701 3471 894 3527 adhuc
918 3473 1019 3528 32
1050 3472 1277 3544 loquor,
1312 3473 1768 3529 moderatiorum
1816 3473 1917 3528 ho-

267 3560 496 3616 minum
546 3564 655 3628 est,
689 3577 793 3617 nec
838 3578 1079 3633 prorsus
1129 3562 1440 3633 malorum,
1477 3563 1574 3634 qui
1624 3562 1853 3618 etiamsi
1883 3578 1916 3617 a

339 3666 449 3751 (90)
482 3666 716 3751 Καοαρῷ
770 3666 892 3751 γάρ,
946 3673 1053 3724 etc.
1088 3668 1290 3751 Comb.
1343 3668 1425 3724 sic
1456 3670 1639 3751 _vertit
1672 3687 1684 3724 :
1726 3693 1747 3721 α
1784 3670 1916 3751 Puri

262 3741 416 3813 enim
451 3744 541 3793 est
570 3741 857 3813 duntaxat
887 3757 1021 3795 eum
1054 3741 1338 3811 attingere
1369 3742 1471 3813 qui
1505 3759 1689 3813 purus
1720 3750 1828 3812 est,
1863 3749 1919 3799 et

263 3812 466 3867 eodem
503 3827 565 3884 se
594 3812 766 3884 modo
801 3812 995 3881 habet,
1032 3836 1058 3862 ››
1093 3807 1487 3884 nenipeeédq.

358 3883 449 3939 97)
481 3882 557 3937 Οὗ
590 3877 634 3935 δ’
666 3879 861 3938 ε’ίνεκα.
898 3877 1045 3939 Edit.
1092 3884 1151 3937 οὗ
1187 3877 1251 3937 δῖ
1274 3880 1469 3939 ε’ίνεκα.

358 3885 427 3935 97
481 3885 557 3937 Οὗ
590 3885 634 3935 δ’
666 3885 861 3938 ε’ίνεκα.
898 3885 1045 3939 Edit.
1092 3885 1151 3937 οὗ
1187 3885 1243 3937 δὶ
1274 3885 1469 3939 ε’ίνεκα.

334 3885 449 4028 (98)
478 3954 839 4028 Κρουμάτων.
877 3961 958 4009 lta
990 3973 1195 4012 novem
1230 3957 1434 4028 Regg.,
1468 3973 1568 4013 sex
1600 3956 1785 4027 Colb.,
1820 3958 1916 4013 Or.

264 4025 317 4094 1,
344 4025 603 4102 Basset
628 4029 828 4102 Comb.
863 4028 965 4102 Ed.
1003 4028 1242 4102 habent,
1274 4025 1656 4102 κρουσμάτων.

334 4096 825 4221 failing-mam.
863 4099 1001 4171 Reg.
1053 4100 1154 4170 hu,
1193 4096 1335 4166 Jesi,
1387 4096 1548 4156 Cdlb.
1596 4100 1648 4169 3,
1685 4101 1736 4168 1,
1771 4096 1919 4171 λαμ-

263 4186 485 4223 πουναι.

310 4187 687 4316 ρὸνῗζιανοίᾳ.
716 4241 1001 4316 «_Mente,
1039 4262 1067 4316 ξ)
1099 4240 1323 4316 malim,
1370 4265 1399 4293 ‹‹
1447 4242 1856 4316 intelligentia.
1893 4265 1920 4293 ››

448 4311 650 4387 βάντα.
686 4312 842 4387 Golb.
865 4313 930 4387 Ρ,
962 4310 1098 4387 πρὸς
1128 4310 1320 4387 πάντας

362 4323 418 4454 2)
450 4323 650 4365 Πάντα.
686 4323 842 4367 Uolb.
875 4323 930 4379 b,
962 4323 1098 4387 πρὸς
1128 4323 1320 4367 πάντα.

360 4383 394 4437 3
447 4379 1005 4465 ζΕνελάμφθη.-.Ηθε.
1058 4385 1159 4450 hu,
1210 4381 1583 4461 ὲνελλάμφθη.
1637 4386 1730 4443 Sic
1778 4386 1920 4441 scri-

264 4454 466 4527 pserat
497 4454 707 4527 Biliius'
733 4456 792 4510 in
827 4454 993 4511 Herv.

336 4526 415 4597 (4)
445 4523 701 4598 Ὁμοίως.
737 4528 933 4582 Monet
959 4528 1286 4584 Gabrielius
1330 4528 1438 4583 hac
1483 4546 1636 4599 voce,
1667 4550 1688 4580 ι
1724 4546 1920 4601 requa-

265 4598 489 4673 ljtatem
525 4615 948 4673 usquequaque
994 4618 1108 4655 non
1149 4601 1505 4673 signiﬁcari;
1540 4598 1921 4673 quemadmo-

269 4670 412 4726 dum
444 4688 551 4745 nec
573 4670 812 4745 irrorat.
835 4673 904 4727 de
935 4690 1133 4745 amore
1164 4670 1302 4745 erga
1332 4670 1620 4745 pauperes
1650 4689 1706 4727 »ε
1728 4672 1927 4733 Πάντες

264 4742 484 4818 πτωχοὶ
519 4742 727 4818 ὁμοίως
762 4740 1133 4818 ἐλεεινοί.ᾼὶἱὶ
1166 4732 1479 4818 θΠιίΠῚιᾶίίίὲ
1513 4748 1653 4818 sunt
1684 4732 1925 4818 misera?
1957 4732 2002 4796 D

265 4815 537 4889 biliores,
559 4816 659 4873 sed
691 4833 893 4872 eorum
926 4816 1125 4872 nullus
1156 4822 1262 4887 est,
1298 4816 1399 4889 qui
1428 4835 1541 4873 non
1583 4816 1780 4887 aliqua
1813 4817 1918 4871 mi-

266 4888 584 4961 sericordia
615 4889 831 4961 dignus
862 4889 959 4943 sit.
998 4890 1156 4945 Licet
1185 4888 1333 4961 ergo
1350 4889 1483 4961 plus
1513 4889 1799 4943 claudicet
1830 4905 1918 4944 vs-

267 4959 433 5025 ritas,
466 4960 515 5015 si
547 4960 604 5014 in
638 4959 868 5016 duobus
900 4966 1003 5015 aut
1030 4961 1206 5015 etiam
1239 4962 1288 5016 si
1322 4959 1379 5014 in
1412 4960 1603 5015 tribus
1636 4961 1917 5029 oﬁ‘endas,

310 5045 447 5102 uam
470 5030 593 5086 siin
626 5048 742 5087 uno
760 5050 773 5087 :
793 5048 955 5102 aeque
976 5036 1171 5087 tamen
1197 5033 1267 5087 ad
1292 5032 1662 5087 efﬁciendum
1690 5037 1754 5087 ut
1770 5033 1923 5087 clau-

306 5099 441 5185 icet,
477 5103 738 5175 satisque
767 5099 876 5171 est,
910 5103 959 5158 si
990 5102 1077 5159 vel
1120 5104 1221 5159 uni
1268 5108 1499 5160 tantum
1531 5121 1561 5159 e
1591 5105 1780 5161 tribus
1810 5104 1919 5160 im-

310 5188 501 5244 ingas,

268 5189 501 5246 pingas.

337 5244 417 5302 (5)
447 5241 573 5296 ’Ότι
602 5243 691 5298 καὶ
724 5242 772 5299 ὅ.
811 5246 978 5301 Deest
1005 5242 1033 5299 ὅ
1066 5246 1124 5302 in
1157 5247 1334 5302 duob.
1367 5245 1525 5301 Colb.

360 5268 395 5299 ἱ)
474 5268 573 5296 un
602 5268 691 5298 και
724 5268 772 5299 ο.
812 5268 978 5301 ucest
1005 5268 1031 5299 ο
1067 5268 1124 5302 1n
1157 5268 1334 5302 uuou.
1367 5268 1525 5301 bUlD.

360 5268 507 5389 6)‘[I
547 5317 653 5389 τῶν
718 5313 1023 5369 ἀκουόντων
1077 5312 1350 5371 εὐλάϐεια.
1402 5318 1589 5373 Pietas
1648 5317 1923 5389 religiosa

265 5383 1077 5464 demissos,obseque_ntes,et
1092 5392 1238 5464 citra
1268 5389 1665 5464 curiositatem
1686 5383 1924 5464 audien-

264 5454 674 5532 teshomines
699 5454 907 5532 reddit,
935 5454 1070 5516 cum
1121 5463 1190 5517 de
1241 5462 1525 5528 moribus,
1560 5463 1630 5517 de
1675 5462 1919 5532 judicio,

268 5528 615 5601 cgeterisque
662 5528 999 5601 biujusmodi
1056 5549 1247 5588 sermo
1290 5539 1417 5601 est;
1454 5528 1921 5589 verum'eadem

310 5597 460 5675 ietas
485 5611 590 5675 ¹(ηε
624 5598 799 5675 efﬁcit
848 5604 1227 5675 suspiciosos,
1261 5597 1544 5675 curiusos,
1579 5610 1800 5675 cautos,
1834 5622 1919 5659 rc-

291 5666 649 5759 ugtag‘tif.‘si
687 5666 1127 5759 quistde‘rebuls
1147 5666 1291 5759 ‘ﬁ‘dei
1326 5666 1798 5759 disputet.«_Hoc'
1822 5694 1921 5732 au-

264 5740 493 5820 τθτὲεὲ
521 5738 740 5820 tam“
759 5738 855 5820 ,εἰει
876 5763 894 5788 υ
924 5744 1118 5818 inquit
1147 5743 1321 5820 Eliaa.
1346 5738 1445 5820 qui
1478 5748 1599 5804 haec
1630 5750 1920 5817 observat.

268 5823 299 5855 .
332 5801 496 5873 quod
526 5802 646 5860 illic
674 5801 906 5879 quidem
935 5801 1246 5873 ex‘morali
1274 5801 1591 5893 disciplina
1606 5801 1921 5879 utilitatem

2022 3473 2121 3541 τὴν
2155 3472 2455 3541 συνήθειαν⁶
2489 3469 2581 3525 καὶ
2610 3474 2771 3525 τοῦτο
2805 3467 2882 3525 ἔτι
2917 3469 3064 3545 λέγω
3096 3474 3209 3545 (12)
3239 3475 3343 3525 τῶν
3391 3470 3683 3545 μετριωτὲ-

2027 3582 2132 3638 ρων
2167 3560 2255 3615 καὶ
2288 3560 2348 3614 οὐ
2379 3559 2553 3631 πάντη
2586 3564 2762 3614 κακῶν
2794 3561 2857 3615 τὸ
2887 3562 3074 3631 πάθος,
3111 3559 3163 3614 οἳ
3185 3560 3281 3616 κᾶν
3304 3566 3404 3630 τῆς
3425 3558 3687 3631 ἀληθείας

2026 3669 2183 3725 omni
2214 3668 2469 3741 periculo
2499 3686 2742 3724 vacuam
2776 3669 2846 3724 ad
2880 3686 2941 3725 se
2986 3686 3223 3725 manare
3269 3669 3686 3741 conspiciunt;

2026 3742 2159 3797 istic
2191 3740 2343 3812 vero,
2376 3742 2445 3795 de
2487 3759 2589 3812 spe
2639 3740 2885 3813 ipsaque
2933 3742 3121 3797 salute
3169 3740 3481 3812 certantes,
3513 3759 3685 3798 suam

2026 3815 2291 3885 ipsorum
2318 3813 2876 3879 obedientiam,ﬁdei
2898 3814 3284 3884 proditionem
3309 3814 3685 3882 existimant;

2028 3888 2184 3940 unde
2216 3886 2281 3938 ﬁt
2313 3891 2376 3939 ut
2404 3885 2578 3939 citius
2627 3885 2859 3955 quidvis
2911 3885 3283 3957 prodiderint
3315 3890 3689 3957 contempse-

2028 3958 2284 4027 rintque,
2317 3971 2491 4025 quam
2541 3972 2639 4011 eas
2687 3956 3033 4021 sententias,
3062 3973 3207 4027 quas
3257 3956 3430 4012 domo
3482 3956 3686 4013 secum

2030 4028 2304 4095 alterunt,
2338 4044 2404 4081 ac
2437 4029 2780 4099 dogmatum
2823 4043 3046 4093 eorum,
3083 4033 3137 4083 in
3187 4028 3402 4099 quibus
3450 4029 3686 4085 educati

2030 4104 2192 4166 sunt,
2244 4098 2753 4154 consuetudinem.
2790 4121 2816 4147 ››
2860 4101 2921 4154 In
2968 4099 3062 4155 his
3098 4098 3250 4167 suae,
3284 4113 3458 4171 atque
3505 4102 3685 4156 etiam

2032 4171 2291 4243 Gregorii
2316 4172 2530 4243 verbis,
2545 4172 2771 4226 traditae
2786 4171 2973 4243 semel
2992 4172 3212 4226 sanctis
3235 4172 3368 4227 ﬁdei
3388 4173 3688 4228 mutandas

2029 4242 2501 4315 impossibilitas,
2536 4248 2600 4297 ut
2628 4244 2709 4298 ita
2737 4242 2953 4310 dicam,
2976 4243 3324 4299 mirabiliter
3354 4242 3572 4315 elucet;
3598 4247 3682 4298 at-

2032 4313 2144 4386 que
2174 4316 2349 4370 etiam
2385 4315 2457 4369 ab
2487 4315 3034 4385 erroribus,quibus
3056 4332 3224 4371 mens
3248 4314 3424 4372 semel
3452 4313 3679 4369 imbuta

2032 4392 2140 4455 est,
2174 4387 2508 4457 emergendi
2541 4391 2759 4457 quanta
2788 4386 2865 4441 sit
2894 4386 3234 4443 difﬁcultas.

2105 4453 2181 4529 (7)
2211 4458 2266 4511 Ὀ
2298 4453 2575 4518 κίνδυνοςί
2598 4462 2766 4529 Deest
2794 4458 3002 4529 inJJes.

2103 4525 2444 4603 (8)}199311’”
2503 4533 2661 4603 πᾶσιν
2727 4525 2987 4603 ἐλπίδοςχ
3027 4528 3479 4603 Οοὶεὶζλπρώτης
3545 4526 3684 4582 πάν-

2031 4598 2138 4655 των
2168 4598 2417 4663 ἐλπίδος⁸
2461 4623 2485 4653 α
2516 4602 2711 4657 Prima
2744 4618 2947 4673 spes,»
2974 4601 3167 4673 inquit
3196 4598 3417 4668 Elias,«
3433 4606 3523 4657 est
3551 4618 3684 4673 spes

2035 4675 2094 4729 in
2128 4674 2346 4742 Deum;
2380 4674 2658 4741 secunda,
2708 4672 2798 4729 est
2846 4672 3074 4729 salutis
3100 4675 3539 4744 exspectatio.:«
3573 4672 3685 4729 Sed

2034 4747 2251 4802 rectius
2281 4746 2454 4801 Gabr.
2490 4746 2590 4816 qui
2624 4746 2696 4802 ad
2726 4746 2846 4801 haec
2895 4747 3098 4801 eadem
3147 4746 3324 4800 verba
3381 4745 3466 4799 ait
3542 4768 3570 4795 «
3603 4746 3687 4800 Ita

2030 4819 2325 4889 appellare
2354 4818 2656 4873 consuevit
2687 4817 3017 4889 Theologus
3049 4816 3336 4873 excelsam
3367 4816 3531 4871 illam
3555 4817 3683 4872 Tri-

2030 4892 2296 4958 nitatem,
2341 4892 2590 4962 Patrem,
2626 4889 2833 4962 Filium
2885 4894 2943 4945 et
2990 4889 3272 4962 Spiritum
3324 4893 3623 4962 sanctum.
3655 4910 3684 4939 υ

2029 4962 2100 5016 Et
2129 4966 2217 5017 est
2242 4980 2372 5018 vere
2402 4962 2496 5016 hic
2528 4960 2787 5033 Gregorii
2820 4960 3051 5030 sensus,
3084 4966 3149 5015 ut
3178 4961 3305 5033 ipse
3333 4961 3571 5033 eXponit
3592 4977 3683 5033 or.

2028 5050 2203 5099 xxxu,
2240 5034 2313 5089 al.
2348 5039 2495 5105 xxvi,
2529 5031 3031 5105 Demoderatione
3076 5032 3347 5105 servanda
3381 5031 3498 5087 {T6
3541 5031 3688 5105 μέγι-

2031 5124 2175 5175 στον,
2208 5107 2241 5173 ἡ
2276 5100 2638 5178 Πα-τρὸς,“καὶ.
2689 5104 2836 5174 Υἱοῢ,
2870 5102 2958 5178 καὶ
3006 5102 3159 5178 ἁγίου
3204 5100 3685 5178 Πνε-ύματοςύτξίτ

2029 5172 2246 5251 γνῶσις,
2280 5175 2371 5251 καί
2393 5172 2673 5247 ’ὁμολογία
2701 5181 2801 5251 τ-ἧς
2826 5172 3244 5251 Ἲπρώτηέῇᾲμῶν
3279 5172 3525 5251 ἐλπίδος.
3566 5197 3587 5225 ι
3625 5175 3684 5229 Id

2032 5246 2187 5321 quod
2222 5246 2543 5304 maximum
2570 5246 2693 5321 est,
2718 5246 2929 5314 Patris,
2944 5252 2999 5321 et
3031 5248 3178 5318 Filii,
3196 5251 3252 5303 et
3279 5246 3531 5321 Spiritus
3557 5263 3687 5303 san-

2031 5318 2107 5375 eti
2140 5322 2413 5393 cognitio,
2447 5319 2852 5393 confessioque
2883 5320 3084 5392 prima;
3118 5318 3333 5377 nostris
3358 5318 3513 5375 ﬁdei.
3547 5340 3576 5369 »

2104 5390 2459 5465 (9)Πρόοιντ’
2493 5392 2630 5463 Reg.
2666 5410 2715 5458 z,
2747 5390 3021 5465 πρόοιντο.

2247 5460 2737 5537 νερχονταιξΒθξζ.
2775 5460 2825 5532 1,
2859 5460 3150 5537 ἔρχωνται.

2249 5482 2563 5587 νἰὲρχονται.
2593 5482 2737 5553 βεδε.
2775 5482 2825 5532 1,
2859 5482 3150 5590 ερίχωνται.

2143 5605 2152 5611 _
2320 5553 2808 5611 υνανεστραφησαν.
2854 5609 2858 5611 ἓ
2940 5551 3028 5607 eg.
3100 5534 3143 5602 l,
3208 5536 3417 5611 _Comb.
3504 5552 3689 5589 συναν-

2032 5605 2357 5702 ετρξὶῗηῇαν,
2389 5624 2515 5692 quae
2545 5605 2867 5702 'qursai‘i'est
2897 5605 3179 5702 germana
3208 5607 3400 5702 le‘ctijo.

2102 5672 2535 5749 (1‘2)K1irbﬁro
2586 5672 2663 5733 ἲτι
2715 5672 3129 5755 λέγωξίαοηώ.
3170 5699 3192 5729 ι
3245 5680 3405 5736 Addo
3454 5681 3689 5754 prater-

2030 5763 2118 5805 ea.
2151 5770 2180 5800 υ
