4110 6410
356 430 474 491 449

1499 426 1792 487 ORATIO
1837 422 1915 486 ll.
1950 456 2023 468 —-
2068 426 2641 486 APOLOGETICA.

3661 441 3783 501 450

359 558 823 638 διαμαρτάνωσιν,
857 556 1002 614 ἀλλά
1048 560 1127 629 τῷ
1171 579 1231 635 γε
1263 560 1372 631 (13)
1406 555 1475 612 δι’
1526 551 1808 613 εὐλάϐειαν
1853 560 2015 613 τοῦτο

2157 559 2368 615 'eritate
2387 559 2888 626 aberrent,tamen
2915 560 3053 631 quia
3074 561 3147 617 ob
3170 562 3466 633 religionis
3488 569 3779 641 studium,

358 652 613 726 πάσχειν,
645 649 738 704 καὶ
774 646 940 718 ζῆλον
979 648 1072 720 μὲν
1109 645 1276 723 ἔχειν,
1312 645 1438 701 ἀλλ’
1470 646 1531 702 οὗ
1562 647 1676 701 κατ’
1709 645 2020 722 ἐπίγνωσιν,

356 740 528 815 τυχὸν
583 736 792 793 ἔσονται
839 742 947 793 τῶν
1000 736 1062 791 ού
1108 733 1316 814 σφόδρα
1363 738 1476 809 (14)
1522 734 2020 811 κατακρινομένων,

364 827 493 885 οὐδὲ
524 827 736 891 πολλάς
768 825 1076 903 δερομένων
1106 828 1243 900 (15),
1267 826 1341 888 ὡς
1375 826 1425 879 οἱ
1459 824 1548 879 διά
1578 826 1763 880 κακίαν
1788 824 1875 879 καὶ
1909 827 2022 899 (16)

365 918 635 994 πονηρίαν
702 915 797 971 τοῦ
863 913 1188 971 δεσποτικοῦ
1237 913 1547 989 θελήματος
1601 915 2018 976 ἀποπίπτοντες.

371 1008 470 1065 Καὶ
498 1009 609 1082 (17)
638 1006 781 1082 τάχα
814 1006 872 1061 ἃν
907 1007 1059 1061 οὗτοι
1097 1006 1496 1079 μεταπεισθεῖέν
1544 1024 1695 1077 ποτε,
1727 1003 1816 1058 καὶ
1870 1023 2027 1077 μετα-

371 1092 621 1168 ϐληθεῖεν
657 1096 759 1150 ὑπὸ
786 1102 884 1165 τῆς
915 1095 1079 1164 αὐτῆς
1108 1088 1412 1163 εὐλαϐείας,
1448 1094 1533 1170 ὑφ’
1562 1096 1628 1163 ἧς
1658 1094 1747 1148 καὶ
1780 1087 2026 1148 ἀντέϐαι-

368 1206 475 1259 νον,
494 1182 549 1240 εἷ’
568 1206 651 1246 τις
678 1183 851 1239 αὐτῶν
885 1185 1081 1259 ἅψαιτο
1114 1185 1227 1258 (18)
1258 1180 1496 1257 λόγος,ἢ
1531 1178 1739 1247 οἷίκοθεν
1770 1181 1804 1251 ἢ
1839 1178 2028 1252 ἔξωθεν

367 1274 599 1351 κρούσας
675 1275 902 1350 καιρίως
965 1275 1101 1348 (19),
1152 1271 1331 1349 ὥσπερ
1383 1269 1604 1346 σίδηρος
1650 1276 1865 1348 πυρῖτιν

366 1364 545 1433 λίθον,
575 1365 675 1433 τὴν
726 1362 1002 1438 ἐγκύμονα
1048 1362 1135 1417 καὶ
1188 1362 1335 1433 ἀξίαν
1370 1364 1491 1436 (21)
1541 1362 1720 1437 φωτὸς
1772 1358 2024 1415 διάνοιαν·

368 1454 421 1510 ἰν
519 1453 609 1509 καὶ
638 1452 872 1529 τάχιστα
904 1452 961 1507 ἂν
993 1451 1052 1507 ἐκ
1104 1455 1302 1528 μικροῦ
1356 1452 1653 1527 σπινθῆρος
1686 1450 1714 1505 ὁ
1742 1456 1841 1520 τῆς
1888 1448 2029 1518 ἀλη-

371 1543 515 1605 θείας
548 1543 749 1620 πυρσὸς
780 1540 1083 1616 ὲκλάμψειε
1113 1542 1251 1615 (22).

2131 654 2188 705 et
2218 650 2369 720 quod
2402 649 2589 705 zelum
2615 650 2851 721 quidem
2884 650 3158 717 habeant,
3185 652 3285 707 sed
3309 670 3424 708 non
3456 661 3780 715 secundum

2133 739 2441 793 scientiam
2472 739 2536 806 ‘7,
2572 739 2680 793 hoc
2714 740 3034 810 patiuntur,
3069 757 3137 795 ex
3167 758 3369 796 eorum
3401 743 3649 801 fortasse
3680 767 3784 804 nu-

2134 844 2293 882 mero
2315 833 2509 897 erunt,
2526 830 2625 899 qui
2654 846 2768 883 non
2795 834 2914 883 tam
2938 830 3191 899 graviter
3211 831 3784 908 condemnabuntur,

2135 932 2241 971 nec
2274 916 2475 971 multis
2516 917 2880 988 vapulabunt
2909 918 2973 987 ⁸⁸,
3009 920 3510 990 quemadmodum
3565 925 3664 995 qui
3713 928 3786 981 ob

2136 1005 2570 1076 improbitatem
2601 1010 2657 1060 et
2710 1007 3074 1078 pravitatem,
3108 1024 3141 1063 a
3204 1009 3429 1065 Domini
3488 1012 3791 1070 voluntate

2137 1095 2495 1149 exciderunt.
2527 1096 2715 1165 Atque
2747 1094 2804 1149 hi
2839 1112 3073 1167 quoque
3108 1097 3353 1154 fortasse
3384 1100 3456 1155 de
3501 1104 3794 1159 sententia

2139 1183 2490 1254 quandoque
2522 1183 2752 1253 deduci,
2787 1189 2845 1240 et
2876 1186 2948 1239 ab
2988 1186 3189 1240 eadem
3241 1186 3342 1242 illa
3389 1189 3687 1263 religione,
3722 1193 3796 1249 ob

2140 1289 2317 1344 quam
2352 1273 2515 1343 prius
2546 1272 2975 1344 repugnabant,
3002 1274 3301 1330 immutari
3333 1283 3570 1348 queant,
3591 1282 3641 1335 si
3665 1281 3800 1352 quis

2140 1377 2332 1416 sermo
2364 1377 2462 1417 eos
2495 1360 2763 1431 attingat,
2797 1362 2919 1433 qui,
2953 1368 3055 1419 aut
3102 1362 3349 1437 interne,
3383 1371 3483 1423 aut
3538 1375 3796 1442 externa,

2143 1455 2206 1505 ut
2237 1450 2456 1505 ferrum
2491 1450 2736 1518 silicem,
2772 1451 2855 1505 sic
2893 1452 3192 1523 gravidam
3246 1462 3500 1511 mentem
3549 1475 3616 1513 ac
3664 1459 3795 1516 luce

2141 1540 2380 1611 dignam
2412 1545 2738 1612 opportune
2772 1540 2939 1595 feriat
2972 1557 2985 1596 :
3020 1541 3079 1595 in
3112 1558 3228 1613 qua
3257 1542 3432 1599 etiam
3491 1545 3794 1605 celerrime

370 1637 618 1690 fortasse
648 1651 717 1689 ex
748 1650 926 1705 parva
954 1632 1213 1689 scintilla
1243 1631 1503 1687 veritatis
1536 1630 1773 1686 ﬂamma
1803 1630 2233 1701 explendescat.

442 1726 573 1779 MA’.
605 1720 666 1775 Τί
721 1719 767 1779 δ’
799 1720 857 1777 ἂν
910 1718 1050 1777 εἷ’ποι
1100 1742 1182 1775 τις
1217 1721 1335 1793 (23)
1366 1718 1489 1794 περὶ
1546 1722 1653 1773 τῶν
1690 1716 1779 1772 διά
1808 1715 2025 1773 κενοδο-

2206 1718 2338 1773 XLI.
2376 1718 2521 1782 Quid
2558 1724 2752 1775 autem
2786 1721 2856 1775 de
2895 1719 3010 1774 illis
3059 1720 3293 1792 dixeris,
3324 1723 3424 1794 qui
3478 1726 3549 1781 ob
3596 1726 3791 1784 inanis

371 1811 483 1886 ξίαν
526 1812 561 1881 ἢ
611 1810 934 1890 φιλαρχίαν,
984 1807 1194 1865 ἀδικίαν
1249 1808 1328 1870 εἷς
1377 1808 1439 1864 τὸ
1489 1808 1623 1881 ὕψος
1656 1809 1768 1880 (24)
1802 1805 2033 1862 λαλούν-

372 1922 504 1972 των,
537 1902 742 1958 Ἰαννοῦ
934 1920 1081 1963 τινος
1121 1900 1155 1969 ἣ
1204 1892 1463 1972 Ἰαμϐροῦ
1508 1896 1935 1973 μεγαληγορίας,
1969 1895 2030 1952 οὐ

374 1990 513 2045 κατά
561 1990 835 2051 Μωυσέως
879 1992 1011 2062 (26),
1062 1996 1163 2059 τῆς
1216 1985 1261 2043 δ’
1312 1984 1569 2058 ἀληθείας
1630 1984 2031 2059 ὁπλιζομένων,

377 2077 468 2134 καὶ
524 2085 624 2148 τῆς
675 2078 1017 2155 ὑγιαινούσης
1066 2077 1592 2150 κατεξανισταμένων
1640 2072 2031 2144 διδασκαλίας;

377 2168 411 2238 ἢ
456 2174 557 2237 τῆς
613 2167 803 2243 τρίτης
857 2168 1051 2242 μοίρας
1113 2172 1219 2222 τῶν
1282 2164 1351 2222 δι’
1402 2163 1749 2221 ἀπαιδευσίαν
1797 2165 1887 2219 καὶ
1933 2165 2031 2233 τὴν

376 2255 650 2330 ἑπομένην
716 2256 885 2331 ταύτῃ
951 2255 1260 2330 θρασύτητα
1307 2258 1421 2329 (27)
1490 2253 1819 2327 ὁμόσε
1877 2252 2035 2307 παντὶ

375 2344 536 2421 λόγῳ
585 2345 916 2422 χωρούντων
975 2340 1169 2399 συώδει
1217 2344 1399 2411 πάθει,
1442 2343 1531 2397 καὶ
1578 2342 2034 2397 καταπατούντων

376 2434 500 2499 τοὺς
532 2432 739 2497 καλοὺς
776 2433 1110 2509 μαργαρίτας
1138 2434 1236 2501 τῆς
1268 2429 1563 2501 ἀληθείαςς

446 2617 576 2673 MB'.
612 2616 674 2672 Ἢ
710 2611 827 2669 ὅσοι
864 2609 1138 2687 μηδεμίαν
1203 2610 1297 2684 μὲν
1349 2607 1556 2674 οἷ’κοθεν
1609 2606 1885 2683 ὑπόληψιν
1943 2606 2035 2687 φέ-

379 2725 587 2780 ροντες,
642 2700 785 2777 μηδέ
826 2686 945 2757 τινα
993 2699 1165 2755 τύπον
1216 2702 1324 2755 τῶν
1380 2697 1505 2774 περὶ
1571 2701 1705 2753 Θεοῦ
1777 2686 1965 2774 λόγων
2005 2698 2040 2765 ἣ

379 2794 606 2871 χείρονα
631 2794 667 2862 ἣ
705 2792 977 2867 βεΛτίονα,
1012 2795 1142 2845 πᾶσι
1179 2786 1236 2843 δὲ
1286 2787 1626 2849 ὑποτιθέντες
1677 2785 1899 2849 ἓαυτοὺς
1940 2783 2037 2841 λό-

377 2904 497 2959 γοις
528 2881 621 2936 καὶ
654 2878 1024 2947 διδασκάλοις,
1053 2879 1127 2941 ὡς
1180 2876 1231 2948 ἐξ
1283 2877 1533 2931 ἀπάντων
1584 2873 1929 2949 έκλεξόμενοι
1976 2875 2040 2931 τὸ

382 2976 630 3043 κρεῖττον
683 2973 772 3022 καὶ
830 2965 1249 3044 ἀσφαλέστερον,
1295 2964 1385 3020 καὶ
1447 2970 1655 3041 κριταῖς
1726 2963 1788 3018 ού
1845 2963 2041 3026 καλοῖς

382 3064 486 3126 τῆς
546 3055 807 3125 ἀληθείας
858 3055 1033 3132 σφίσιν
1092 3054 1274 3118 αὐτοῖς
1322 3057 1437 3126 (29)
1482 3052 1861 3115 πιστεύσαντες
1902 3053 2035 3128 (3Ο)⁸

389 3142 574 3201 ἔπειτα
618 3143 721 3199 ὑπὸ
771 3150 873 3212 τῆς
924 3142 1281 3214 πιθανότητος
1311 3146 1425 3219 (31)
1470 3140 1674 3199 ἄλλοτε
1720 3142 1899 3213 eam;
1928 3144 2041 3216 (32)

386 3232 807 3311 περιφερόμενοι
856 3232 945 3289 καὶ
996 3232 1370 3311 στρεφόμενοι,
1410 3232 1499 3289 καὶ
1540 3234 1699 3288 παντὶ
1752 3231 1901 3310 λόγῳ
1950 3253 2042 3288 κα-

382 3320 774 3385 ταπλυνθέντες
824 3321 913 3376 καὶ
962 3323 1286 3392 πατηθέντας
1319 3325 1453 3397 (33),
1494 3320 1740 3385 πολλοὺς
1782 3321 2043 3395 ἀμείψαν-

382 3433 468 3475 τες
517 3408 876 3473 διδασκάλους
924 3411 1013 3466 καὶ
1076 3409 1262 3467 πολλὰ
1310 3413 1626 3487 γράμματα,
1675 3410 1856 3487 ὥσπερ
1904 3415 2041 3488 χοῦν

387 3501 606 3574 ἀνέμοις
686 3497 889 3576 ῥᾳδίως
953 3496 1349 3569 ἀποϐαλόντες,
1420 3499 1581 3557 τέλος
1666 3500 2042 3573 ἀποκαμόντες

387 3590 476 3646 καὶ
525 3590 693 3659 ἀκοὴν
744 3588 832 3644 καὶ
884 3586 1149 3658 διάνοιαν,
1200 3591 1315 3662 (34)
1367 3586 1538 3659 ὣτῆς
1587 3589 1814 3665 ἀλογίας
1838 3591 1876 3659 l)
1906 3589 2041 3663 πρὸς

390 3680 561 3733 πάντα
587 3676 755 3754 λόγον
790 3678 997 3750 ὁμοίως
1030 3676 1466 3752 δυσχεραίνουσι,
1494 3678 1583 3733 καὶ
1618 3678 1902 3753 μοχθηρὸν
1951 3677 2045 3735 τύ-

391 3790 491 3824 πον
559 3769 769 3831 έαυτοῖς
842 3766 1222 3843 ἐγγράφουσιν,
1288 3765 1453 3835 αὐτῆς
1510 3764 1814 3842 καταγελᾷν
1882 3769 2042 3841 ἡμῶν

389 3858 479 3913 καὶ
508 3863 862 3935 καταφρονεῖν
897 3856 972 3918 ὡς
1002 3855 1235 3911 ἀστάτου
1284 3855 1373 3909 καὶ
1416 3853 1569 3910 οὐδὲν
1619 3856 1761 3932 ὑγιὲς
1809 3856 2046 3933 ἐχούσης

386 3953 489 4017 τῆς
564 3946 817 4015 πίστεως,
874 3939 1284 4019 μεταϐαίνοντες
1362 3942 1701 4007 ἀπαιδεύτως
1774 3944 1882 4001 ἀπὸ
1940 3948 2047 4001 τῶν

388 4035 661 4113 λεγόντων
701 4034 788 4089 ἐπὶ
818 4035 908 4090 τὸν
938 4034 1124 4111 λόγον·
1160 4034 1339 4110 ὥσπερ
1374 4034 1433 4089 ἃν
1467 4031 1623 4097 εἷ’τις
1671 4033 1800 4097 τοὺς
1846 4033 2047 4113 ὀφθαλ-

2141 1808 2337 1880 gloriae
2370 1809 2747 1879 cupiditatem
2778 1813 2877 1863 aut
2908 1810 3249 1865 dominandi
3282 1813 3544 1869 studium
3578 1816 3796 1889 iniqui-

2142 1902 2321 1953 tatem
2354 1898 2410 1952 in
2435 1898 2743 1953 Excelsum
2775 1897 3175 1969 loquuntur",
3194 1901 3264 1956 de
3284 1902 3797 1977 Jannis,inquam,

2145 1991 2201 2042 et
2229 1986 2487 2042 Jambris
2519 1988 2853 2060 arrogantia
2882 1990 2945 2057 ⁷ο,
2972 2006 3085 2044 non
3119 1990 3398 2047 adversus
3430 1994 3670 2061 Mosem,
3696 1998 3799 2053 sed

2145 2077 2425 2131 adversus
2456 2077 2755 2133 veritatem
2789 2094 2953 2132 arma
2982 2077 3379 2147 induentium,
3397 2088 3571 2154 atque
3600 2086 3800 2141 adver-

2146 2183 2247 2220 sus
2280 2182 2485 2220 sanam
2540 2167 2865 2221 doctrinam
2914 2168 3347 2241 insurgentium
3372 2176 3393 2227 P
3423 2172 3570 2237 Quid
3621 2176 3799 2232 etiam

2145 2255 2215 2309 de
2246 2256 2418 2309 tertia
2459 2254 2788 2321 classe,hoo
2819 2261 2927 2323 est,
2952 2274 3153 2313 eorum
3184 2260 3283 2331 qui
3316 2261 3388 2316 ob
3421 2262 3797 2333 imperitiam,

2146 2344 2391 2415 ejusque
2446 2345 2719 2400 comitem
2773 2347 3183 2419 temeritatem,
3228 2350 3508 2408 adversus
3565 2370 3803 2410 omnem

2146 2448 2498 2502 sermonem,
2517 2450 2826 2504 porcorum
2852 2435 2908 2489 in
2942 2437 3205 2502 modum,
3222 2448 3421 2509 ruunt,
3437 2457 3502 2497 ac
3522 2442 3803 2513 pulchras

2146 2520 2407 2577 veritatis
2442 2522 2788 2593 margaritas
2820 2522 3169 2579 conculcant
3198 2526 3283 2579 71?

2219 2609 2384 2665 XLII.
2421 2610 2567 2674 Quid
2598 2615 2894 2682 postremo
2926 2613 2995 2667 de
3034 2613 3109 2667 iis
3143 2615 3238 2683 qui
3272 2616 3496 2673 nullam
3553 2620 3795 2690 quidem

2148 2698 2506 2770 opinionem,
2542 2716 2643 2753 nec
2694 2698 2873 2754 ullam
2916 2700 2987 2755 de
3036 2701 3248 2757 divinis
3306 2706 3679 2765 sermonibus
3710 2707 3799 2765 vel

2148 2789 2493 2843 deteriorem
2525 2789 2610 2843 vel
2643 2789 2943 2844 meliorem
2976 2791 3225 2847 formam
3247 2810 3445 2850 secum
3468 2796 3800 2867 afferentes,

2148 2895 2349 2933 verum
2400 2878 2761 2948 quibuslibet
2809 2881 3181 2937 sermonibus
3230 2887 3286 2938 et
3326 2885 3627 2957 magistris
3674 2906 3804 2946 sese

2152 2968 2553 3038 subjicientes,
2587 2972 2872 3039 tanquam
2905 2986 2973 3023 ex
3003 2969 3278 3027 omnibus
3311 2972 3366 3027 id
3402 2976 3558 3046 quod
3591 2978 3802 3035 melius

2152 3056 2481 3127 certiusque
2514 3057 2609 3127 sit,
2646 3056 2903 3127 electuri,
2937 3075 3003 3113 ac
3035 3059 3144 3113 sibi
3178 3060 3345 3132 ipsis,
3370 3063 3479 3118 hoc
3506 3068 3805 3133 est,malis

2150 3146 2411 3203 veritatis
2436 3146 2760 3216 judicibus,
2795 3148 3150 3205 confidentes
3177 3166 3190 3218 ;
3221 3150 3429 3207 deinde
3476 3152 3590 3209 alia
3634 3162 3807 3226 atque

2153 3236 2267 3292 alia
2295 3235 2586 3291 sermonis
2620 3236 3025 3306 probabilitate
3058 3238 3420 3312 circumacti,
3454 3247 3511 3297 et
3549 3246 3808 3316 undique

2151 3322 2384 3393 versati,
2418 3326 2591 3393 atque
2640 3322 2799 3377 omni
2853 3340 3193 3382 sermonum
3241 3343 3452 3399 genere
3510 3330 3704 3388 obruti
3750 3338 3808 3389 et

2154 3412 2384 3485 protriti
2415 3412 2481 3483 τ’,
2512 3416 2824 3483 postquam
2856 3414 3074 3470 multos
3116 3417 3429 3488 magistros
3478 3428 3804 3478 commuta-

2153 3508 2312 3571 runt,
2345 3518 2411 3556 ac
2436 3501 2651 3556 multas
2682 3502 2927 3569 litteras,
2962 3504 3216 3574 pulveris
3262 3506 3468 3575 instar,
3504 3510 3560 3563 in
3606 3518 3811 3570 ventos

2156 3592 2323 3646 facile
2354 3591 2715 3661 abjecerunt,
2741 3593 2985 3647 auribus
3017 3594 3254 3648 tandem
3288 3600 3345 3651 et
3374 3597 3569 3652 animo
3604 3600 3810 3656 defati-

2154 3680 2395 3751 gati,(o
2446 3681 2743 3749 ingentem
2805 3680 3047 3735 rationis
3103 3683 3467 3756 penuriam!)
3525 3687 3625 3742 33
3687 3706 3809 3745 ser-

2156 3783 2361 3822 mones
2392 3783 2593 3821 omnes
2625 3784 2693 3821 ex
2719 3784 2883 3837 aequo
2914 3770 3242 3835 fastidiunt,
3276 3788 3342 3827 ac
3391 3790 3631 3844 pravam
3691 3779 3806 3835 for—

2156 3872 2314 3911 mam
2347 3854 2459 3909 sibi
2492 3854 2636 3925 ipsis
2680 3854 3041 3927 insculpunt,
3073 3856 3263 3929 ipsam
3310 3860 3577 3919 videlicet
3626 3865 3802 3923 ﬁdem

2156 3949 2444 4008 nostram,
2478 3947 2542 3998 ut
2597 3943 2900 4011 incertam,
2963 3945 3226 4019 nihilque
3280 3949 3408 4006 sani
3466 3951 3800 4027 habentem,

2157 4034 2463 4089 irridentes
2492 4036 2548 4087 et
2577 4038 2979 4106 aspernantes,
3013 4035 3307 4108 stulteque
3334 4039 3406 4094 ab
3439 4040 3527 4096 his
3560 4042 3661 4114 qui
3688 4062 3811 4100 ser-

459 4155 501 4191 "
536 4153 703 4209 Rom.
737 4170 793 4223 x,
824 4154 878 4206 2.
938 4153 982 4187 ⁸³
1017 4153 1149 4208 Luc.
1183 4170 1283 4219 xu,
1318 4154 1406 4209 47.
1460 4153 1504 4189 ⁶⁹
1534 4152 1688 4209 Psal.
1724 4172 1897 4221 Lxxu,
1928 4156 1983 4210 8.

2157 4150 2349 4207 [Tim.
2386 4151 2557 4217 111,8.
2627 4150 2669 4184 ⁷³
2706 4149 2909 4204 Matth.
2961 4168 3059 4220 vn,
3109 4153 3164 4207 6.
3240 4154 3285 4189 ⁷³
3334 4156 3547 4228 Ephes.
3598 4175 3675 4228 Iv,
3725 4161 3815 4219 14.

720 4270 1056 4358 γεηβθεςλιι.
1088 4270 1233 4358 Jes.,
1265 4270 1446 4358 qusl,
1473 4272 1522 4342 1,
1554 4270 1616 4324 τό
1647 4292 1727 4347 γε.

488 4342 575 4414 14)
605 4337 682 4396 Ού
713 4337 947 4414 σφόδρα.⁷
975 4342 1113 4411 Reg.
1149 4342 1250 4409 hu,
1287 4341 1347 4395 ού
1379 4337 1518 4414 πάν-υ
1546 4363 1621 4399 τι.

491 4411 575 4484 15)
610 4410 942 4487 Δερομένων.
978 4410 1155 4487 Regg.
1192 4432 1243 4477 a,
1278 4419 1335 4487 et
1380 4414 1421 4484 Ι,
1472 4410 1829 4487 δαιρομένων.
1883 4416 2045 4480 Quod

393 4484 465 4540 ad
494 4484 870 4556 evangelista;
900 4484 1141 4556 verbum
1174 4486 1365 4555 magis
1398 4484 1634 4556 accedit.

460 4554 571 4623 (16)
602 4553 800 4627 Κακίαν
830 4554 937 4611 καί.
974 4556 1094 4627 Reg
1150 4574 1188 4626 Ι,
1220 4553 1407 4609 xor—7.1M

391 4627 578 4755 ora?)
612 4624 730 4682 Καί.
749 4624 1101 4683 Addidimus
1121 4624 1187 4683 ex
1210 4632 1337 4682 octo
1368 4633 1570 4700 Regg.,
1592 4628 1833 4683 totidem
1859 4629 2045 4700 Colb.,

446 4716 491 4753 Γ.
528 4716 579 4751 1.

469 4770 579 4840 (l8)
613 4771 869 4840 ”Δψαιτο.
904 4770 1043 4839 Reg.
1079 4786 1127 4824 z.
1160 4768 1317 4825 Colb.
1353 4771 1405 4833 3,
1445 4770 1498 4835 4,
1540 4787 1621 4837 m,
1672 4770 1792 4826 Jes.
1844 4770 2053 4827 Billius

398 4842 469 4896 ad
503 4858 662 4896 oram
698 4841 888 4913 Herm,
922 4841 1145 4913 ἅψηται.

471 4913 580 4985 (19)
615 4909 1041 4986 ΚαιρίωςζΡιεε.
1148 4909 1380 4985 καιρίαν.

472 4983 583 5055 (20)
617 4983 860 5057 nuptm.
910 4983 1020 5040 Sex
1070 4983 1251 5057 Regg.
1302 4983 1473 5040 Coisl.
1527 4983 1579 5054 1,
1625 4984 1721 5039 Or.
1775 4984 1827 5052 1,
1862 4984 2055 5056 prima

403 5055 887 5131 ωεηυκῖτιξρὲτην-

469 5126 578 5198 (21)
611 5124 907 5196 Καῖἀξίαν.
944 5128 1072 5183 llaac
1103 5127 1319 5181 desunt
1349 5124 1408 5179 in
1440 5142 1538 5181 sex
1572 5126 1772 5199 Regg.,
1793 5126 2054 5199 quinque

402 5200 586 5265 Colb.,
622 5200 719 5271 0r.
752 5204 802 5271 1,
834 5202 951 5255 Jes.

612 5265 963 5343 Ἑκλάμψειε.
996 5268 1155 5324 Colb.
1189 5269 1242 5335 6,
1276 5265 1516 5343 avdite-is.

614 5336 905 5404 Εἷ¹ποι’τὶς.
932 5342 1110 5413 Regg.
1146 5357 1199 5407 a,
1233 5344 1291 5394 et
1322 5340 1365 5405 Ι,
1394 5336 1596 5413 εἴποις,

494 5414 587 5482 24)
616 5413 711 5487 Εἷς
742 5414 805 5468 τὸ
836 5413 988 5487 ὕψος.
1011 5410 1211 5487 :Gabr.
1248 5432 1299 5487 Διι
1340 5410 1419 5487 (ad
1468 5410 1752 5469 excelsam
1798 5413 2051 5470 Trinita-

402 5485 542 5540 tem.
578 5510 599 5538 ι
638 5486 811 5556 Elias,
844 5484 977 5542 «ad
1010 5484 1540 5556 Deimajestatem.
1568 5504 1596 5533 »

472 5558 582 5627 (25)
616 5553 837 5629 Ἰαννοῦ,
881 5563 991 5614 etc.
1041 5555 1225 5627 Orig.,
1254 5555 1353 5629 _in_
1388 5553 1600 5629 Matth.,
1628 5624 1641 5629 _
1665 5557 1845 5629 tract.
1881 5574 2050 5626 xxxv,

401 5643 458 5683 n.
488 5624 607 5694 117,
634 5630 717 5685 sic
748 5624 1077 5699 loquiturzs
1111 5624 1273 5694 Quod
1304 5624 1741 5699 aitflpostolus,
1763 5650 1789 5678 ››
1829 5628 1874 5683 ΙΙ
1896 5624 2049 5684 Tim.

401 5715 529 5772 cap.
559 5707 644 5767 IiI,
675 5704 730 5770 8,
764 5726 790 5753 ‹‹
824 5696 991 5758 Sicut
1018 5700 1238 5757 Jannes
1268 5696 1667 5772 et__Mambres
1714 5699 2056 5756 restiterunt

403 5768 605 5849 Moysi,
640 5768 757 5836 non
786 5773 1081 5851 invenitur
1109 5772 1169 5832 in
1199 5768 1453 5848 publicis
1483 5770 1823 5847 Scripturis,
1857 5773 1959 5831 sed
1988 5772 2052 5832 in

2080 4671 2126 4734 D

2156 4270 2306 4324 libro
2338 4266 2687 4338 apocrypho,
2719 4267 2818 4337 qui
2871 4268 3254 4327 inscribitur:
3295 4273 3495 4329 Jannes
3537 4280 3588 4331 et
3640 4282 3817 4333 Mam-

2159 4343 2275 4417 gres
2306 4339 2444 4394 liber
2468 4340 2671 4417 ;_‘unde
2719 4339 2846 4417 ausi
2888 4346 3035 4417 sunt
3083 4344 3325 4417 quidam
3377 4346 3686 4417 epistolam
3736 4352 3810 4407 ad

2158 4413 2310 4468 Tim.
2345 4409 2699 4481 repellere,»
2742 4415 2850 4466 etc.
2884 4413 3009 4467 Non
3060 4409 3448 4473 omittendum
3497 4420 3703 4476 Jannis
3753 4426 3812 4479 et

2157 4483 2434 4561 Membris
2467 4485 2762 4561 portenta,
2787 4484 2857 4561 ab
2890 4484 3007 4538 Elia
3038 4502 3139 4556 pro
3174 4489 3486 4561 praestigiis
3515 4490 3737 4548 haberi.

2229 4554 2344 4625 (‘26)
2378 4550 2670 4625 Μωυσέως.
2707 4553 2972 4625 Plerique
3006 4550 3191 4625 H-egg:
3215 4550 3473 4619 Μωσέως.

2232 4622 2344 4703 (27)
2375 4622 2711 4703 Θρασύτητα.
2758 4622 3001 4703 Yidjtur
3059 4622 3316 4703 alludere
3383 4632 3698 4703 Gregorius
3742 4636 3817 4691 ad

2165 4697 2306 4790 illqd
2336 4697 2489 4790 qugd
2518 4698 2795 4790 estuap‘ud
3141 4697 3581 4790 adesia‘epaieoc,
3612 4704 3639 4757 ὁ
3670 4702 3819 4790 λογι-

2164 4768 2308 4847 σμὸς
2352 4762 2569 4847 "(imm
2610 4762 2779 4841 φέρει.
2816 4790 2842 4847 ‹ξ
2877 4770 3110 4824 lnscitia
3141 4762 3589 4847 impudentiam
3641 4762 3811 4847 parit.

2164 4842 2477 4913 prudentia
2520 4848 2741 4894 metum
2795 4844 2852 4894 et
2903 4843 3358 4899 cunctationem.
3414 4868 3441 4893 ››
3492 4842 3729 4903 ΒίΙΙ.’ἱη
3782 4850 3807 4905 1

2164 4914 2255 4968 ed.

2234 4983 2346 5063 (28)
2373 4978 2588 5063 Ὀμόσε.
2653 5002 2689 5063 (ί
2729 4982 3025 5063 Accipitur
3078 4987 3228 5056 apud
3278 4992 3520 5063 veteres,
3562 5011 3591 5063 Ρ
3624 4990 3815 5063 inquit

2164 5052 2383 5133 Elias,<f
2419 5070 2529 5133 pro
2555 5052 3007 5133 6p06,simul,_et
3038 5052 3272 5111 rursum
3300 5076 3399 5129 pro
3432 5052 3683 5133 ἀναιδῶς,
3705 5052 3812 5119 ἰω-

2163 5127 2451 5198 pudenter
2482 5130 2655 5198 atque
2686 5131 2886 5198 aperta
2913 5128 3119 5183 fronte.
3155 5151 3182 5177 ››

2232 5198 2349 5338 (29)
2380 5194 2591 5255 Αὐτοῖς.
2629 5194 2812 5267 Pass,
2846 5197 3003 5253 Colb.
3038 5216 3121 5262 III,
3165 5202 3330 5255 Herv.
3364 5200 3597 5263 ἑαυτοῖς.

2235 5270 2327 5337 (30
2380 5266 2785 5329 11ιστεύσαντες.
2822 5270 2963 5338 Reg.
2998 5271 3039 5336 Ι,
3073 5271 3274 5327 Gomb.
3308 5272 3591 5327 πιστεύοντ

2235 5266 2349 5338 (30)
2380 5266 2963 5341 11ιστεύσαντεςζΡιεε.
2998 5271 3039 5336 Ι,
3073 5271 3274 5327 Gomb.
3308 5272 3668 5336 πιστεύοντες.

2235 5341 2347 5411 (31)
2380 5337 2766 5409 [1.θανότητος.
2827 5337 2990 5413 Reg,
3042 5344 3163 5411 bm,
3208 5350 3265 5399 et
3307 5345 3463 5411 Bill.,
3490 5346 3816 5419 πειθανότη-

2161 5431 2275 5472 τος.

2236 5483 2349 5561 (3?)
2386 5478 2625 5561 "Amm.
2662 5482 2875 5561 Pteglt,
2907 5489 2963 5561 et
3012 5484 3055 5553 Ι,
3110 5481 3319 5557 ἄλλως,
3364 5488 3564 5561 sicque
3613 5507 3813 5548 emeu-

2163 5555 2424 5609 dandum
2456 5555 2754 5609 contendit
2782 5555 2985 5611 Comb.

2233 5627 2346 5697 (33)
2404 5625 2737 5692 Πατηθέντες
2775 5668 2787 5681 .
2878 5630 2998 5683 Duo
3108 5630 3323 5702 Colb.,

2161 5717 2267 5758 τες.

2234 5767 2347 5847 (34)
2376 5767 2441 5824 Ὢ
2465 5772 2563 5842 τῆς
2593 5763 2843 5850 ἀλογίαςί
2878 5793 2907 5827 ‹‹
2941 5772 3093 5834 Proh
3122 5771 3536 5855 stoliditatem!
3565 5795 3597 5849 »_

3409 5651 3686 5703 καταπατη
3696 5634 3778 5688 θέν
3787 5663 3813 5681 -
