4110 6400
389 356 511 419 457

1543 350 1838 415 ORATIO
1880 346 1957 411 II.
1990 379 2070 396 —
2098 348 2671 413 APOLOGETICA.‘

3696 346 3819 415 458

390 490 423 557 ἣ
485 490 601 549 τοῖς
662 485 792 560 ὑπὲρ
855 485 1093 542 εἰκοστὸν
1152 483 1241 539 καὶ
1294 484 1541 557 πέμπτον
1598 481 1875 559 γεγονόσιν
1924 478 2036 543 ἔτος

2159 500 2289 538 rum
2326 499 2396 538 ne
2425 482 2482 537 id
2515 482 2774 554 quidem,
2808 484 2964 554 quod
2993 499 3335 555 corporeum
3368 488 3475 549 est,
3509 485 3682 541 laude
3714 503 3822 543 ca-

386 575 784 649 πιστεύεσθαι,
843 574 961 629 ὅσαι
1024 571 1093 629 δι’
1152 571 1403 633 εὐτελοῦς
1456 569 1552 627 τοῦ
1624 570 1921 644 ἐνδύματος
1982 570 2044 624 τὸ

391 666 649 739 μυστικὸν
686 663 892 725 κάλλος
939 661 1457 740 περικαλύπτουσιν,
1510 661 1670 717 ἆθλον
1723 658 2047 738 φιλοπονίας

386 754 476 809 καὶ
528 753 789 829 λαμπροῦ
843 753 984 827 βίου,
1034 751 1221 824 μόνοις
1279 756 1396 812 τοῖς
1455 751 1879 821 κεκαθαρμένοις
1932 748 2044 818 (73)

386 845 481 899 τὸν
538 847 661 898 νοῦν
724 843 1101 918 ὑπαστράπτον
1166 839 1255 895 καὶ
1318 839 1719 917 φανταζόμενον
1757 882 1771 908 ,
1814 838 1887 898 ὡς
1952 836 2047 907 μό-

393 954 493 1004 νης
551 935 660 1005 (74)
721 929 1023 1004 δυναμένης
1078 938 1178 999 τῆς
1255 928 1477 999 ἡλικίας
1529 928 1729 995 ταύτης
1799 926 1929 998 ὑπὲρ
1986 925 2047 978 τὸ

396 1026 552 1095 σῶμα
595 1020 860 1097 γενέσθαι,
910 1022 1000 1075 καὶ
1044 1014 1304 1088 ἀναϐῆναι
1352 1016 1535 1078 καλῶς
1591 1016 1679 1071 ἐπὶ
1727 1015 1789 1070 τὸ
1834 1018 2050 1086 πνεῦμα

397 1111 499 1166 ἀπὸ
526 1108 622 1166 τοῦ
654 1108 1009 1186 γράμματος.

463 1290 591 1347 ΜΘ’.
630 1293 792 1361 Ἡμῖν
844 1285 901 1343 δὶ
947 1290 1061 1361 (75)
1110 1283 1288 1348 οὐδεὶς
1331 1284 1456 1360 ὅρος
1504 1288 1601 1339 τοῦ
1648 1280 1923 1338 παιδεύειν
1956 1281 2046 1336 καὶ

388 1384 487 1435 τοῦ
542 1375 910 1450 παιδεύεσθαι,
971 1376 1151 1452 ὥσπερ
1213 1377 1263 1430 οἱ
1322 1373 1465 1430 λίθοι
1526 1375 1642 1447 (76)
1701 1371 1869 1427 πάλαι
1927 1375 2045 1432 ταῖς

393 1469 527 1543 ὐπὶρ
555 1469 646 1522 τὸν
679 1464 956 1543 Ἰορδάνην
1008 1466 1097 1520 καὶ
1146 1470 1265 1526 ταῖς
1316 1463 1463 1525 ἐντὸς
1512 1459 1791 1537 Ἰορδάνου
1824 1458 2042 1538 φυλαῖς·

396 1555 520 1612 οὐδὲ
574 1557 680 1611 τισὶ
744 1559 837 1629 μὲν
898 1555 1093 1623 ἐκεῖνο,
1153 1554 1262 1608 τισὶ
1322 1550 1378 1607 δὲ
1432 1556 1593 1606 τοῦτο
1653 1548 2043 1625 ἐπιτρεπτέον·

392 1644 516 1700 οὐδὶ
566 1666 650 1707 τις
721 1646 892 1700 κανὼν
968 1646 1082 1716 (77)
1153 1646 1262 1695 τῶν
1334 1636 1493 1709 ἕξεων
1532 1658 1545 1672 ’
1608 1636 1733 1692 ἀλλ’
1791 1637 1934 1691 οὕτῶ
1984 1637 2047 1691 τὸ

390 1742 621 1811 πρᾶγμα
677 1731 926 1810 ἔρριπται
974 1732 1063 1786 καὶ
1122 1729 1474 1805 συγκέχυται,
1534 1728 1623 1782 καὶ
1674 1727 1817 1781 οὕτω
1865 1730 2047 1788 κακῶς

394 1822 733 1896 διακείμεθα,
794 1821 930 1875 ὥστε
979 1821 1032 1874 οἱ
1087 1818 1310 1880 πλείους
1362 1820 1556 1890 ἡμῶν,
1611 1814 1701 1870 ἵνα
1764 1817 1837 1888 μὴ
1902 1812 2046 1890 λέγω
2080 1848 2125 1910 Β

390 1911 585 1973 πάντες
622 1956 636 1981 ,
695 1910 820 1983 πρὶν
881 1908 1172 1970 ἀποθεσθαι
1226 1910 1338 1978 (78)
1397 1903 1592 1981 σχεδὸν
1667 1906 1764 1974 τὴν
1821 1905 2045 1980 πρώτην

390 2000 559 2075 τρίχα
612 1998 702 2053 καὶ
760 1999 821 2052 τὸ
866 1999 933 2052 τὰ
980 1995 1201 2051 παιδικὰ
1252 1994 1621 2069 ψελλίζεσΟαι,
1672 1996 1798 2070 πρὶν
1840 1992 2044 2069 παρελ-

395 2094 502 2153 θεῖν
556 2088 631 2150 sic
676 2089 772 2148 τὰς
824 2086 969 2147 Θείας
1020 2085 1231 2156 αὐλὰς,
1280 2085 1407 2160 πρὶν
1460 2088 1566 2138 τῶν
1620 2084 1780 2155 ἱερῶν
1838 2079 2044 2158 βίϐλων

390 2182 590 2255 γνῶναι
640 2176 736 2231 κᾶν
791 2177 905 2249 (79)
951 2176 1017 2228 τὰ
1066 2174 1324 2246 ὀνόματα,
1376 2174 1501 2248 πρὶν
1558 2176 1754 2241 Καινῆς
1804 2172 1893 2227 καὶ
1933 2178 2046 2228 Πα-

390 2266 547 2327 λαιᾶς
602 2267 926 2341 χαρακτῆρα
985 2266 1099 2337 (80)
1154 2262 1417 2338 γνωρίσαι
1476 2264 1565 2317 καὶ
1628 2261 1753 2322 τοὺς
1810 2260 2045 2336 προστα-

383 2376 478 2418 τας
503 2358 640 2427 (81)·
675 2350 828 2408 οὔπω
873 2354 976 2427 γὰρ
1029 2352 1176 2426 λέγω
1217 2352 1342 2426 πρὶν
1376 2353 1410 2420 ἢ
1443 2352 1532 2405 τὸν
1590 2345 1856 2426 βόρϐορον
1909 2351 2042 2404 ἀπο-

386 2443 727 2513 πλύνασθαι,
780 2442 867 2497 καὶ
919 2441 985 2496 τὰ
1030 2448 1129 2509 τῆς
1181 2444 1368 2514 ψυχῆς
1417 2436 1584 2513 αἶ’σχη
1646 2438 1743 2492 ὅσα
1792 2440 1827 2507 ἡ
1884 2438 2044 2493 κακίά

384 2537 518 2606 ἡμῖν
548 2533 947 2609 προσεμάξατο,
984 2531 1042 2584 ἂν
1088 2527 1183 2583 δύο
1218 2531 1251 2597 ἢ
1300 2528 1424 2603 τρία
1474 2528 1693 2603 ῥήματα
1737 2532 1842 2580 τῶν
1895 2526 2040 2581 εὐσε-

385 2618 491 2675 ϐῶν
544 2621 967 2692 ἐξασκήσωμεν,
1019 2618 1107 2672 καὶ
1157 2622 1324 2671 ταῦτα
1375 2616 1426 2686 ἐξ
1477 2618 1667 2686 ἀκοῆς,
1719 2616 1817 2669 οὐκ
1863 2615 2040 2671 ἐντεύ-

384 2712 533 2783 ξεως,
625 2714 703 2781 τῷ
753 2704 918 2763 Δαϐὶδ
975 2705 1183 2782 βραχέα
1231 2704 1722 2777 καθομιλήσωμεν,
1754 2706 1787 2773 ἦ
1816 2706 1876 2759 τὸ
1915 2725 2038 2780 τρι-

384 2794 577 2853 ϐώνιον
628 2799 684 2853 εὖ
733 2797 1206 2871 περιστειλώμεθα
1255 2797 1393 2867 (82),
1443 2795 1476 2861 ἢ
1510 2800 1675 2868 μεχρι
1719 2800 1818 2862 τῆς
1865 2796 2037 2863 ζώνης

385 2886 872 2963 φιλοσοφήσωμεν,
924 2878 1192 2945 εὐσεϐείας
1240 2904 1293 2936 τι
1341 2881 1568 2955 πλάσμα
1610 2882 1698 2935 καὶ
1752 2878 1873 2954 ὄψιν
1903 2885 2038 2954 ἡμῖν

387 2974 569 3035 αὐτοῖς
628 2974 1072 3049 περιχρώσαντες
1115 2976 1269 3044 (83).
1336 2967 1497 3046 βαϐαὶ
1571 2974 1683 3045 (84)
1738 2978 1837 3041 τῆς
1898 2993 2035 3047 προ-

390 3060 568 3138 εδρίας
618 3062 711 3116 καὶ
754 3066 851 3115 τοῦ
916 3062 1299 3137 φρονήματοςί
1333 3060 1495 3135 Ἱερὸς
1544 3064 1632 3113 καὶ
1682 3058 1740 3113 ἐκ
1788 3062 2031 3135 σπαργά-

387 3172 492 3205 νων
543 3151 570 3204 6
622 3149 891 3221 Σαμουήλ
945 3152 1093 3221 (85)·
1146 3148 1295 3210 εὐθύς
1336 3149 1492 3222 ἐσμεν
1540 3149 1698 3227 σοφοὶ
1765 3150 1853 3203 καὶ
1888 3147 2031 3204 διδά-

2158 578 2279 627 ret:
2316 572 2414 627 alii
2446 579 2642 627 autem
2676 571 2768 627 his
2803 572 3087 627 duntaxat
3130 572 3231 642 qui
3272 573 3613 629 vicesimum
3647 576 3826 647 quin-

2159 666 2284 715 tum
2315 662 2502 715 atatis
2547 677 2769 715 annum
2820 660 3231 724 excessissent,
3281 661 3824 735 committebantur,

2158 750 2267 803 hoc
2292 754 2381 805 est
2409 750 2510 821 qui
2541 751 2652 805 sub
2675 749 2772 804 vili
2794 749 3141 804 indumento
3166 748 3472 819 mysticam
3496 750 3821 820 pulchritu-

2159 838 2354 893 dinem
2387 839 2688 909 obtegunt,
2722 837 2939 893 laboris
2968 842 3024 892 et
3055 837 3381 904 industriae,
3416 854 3481 893 ac
3511 838 3821 893 luculentis

2158 926 2285 981 vitae
2305 927 2633 997 praemium,
2654 927 2798 982 solis
2819 927 2913 997 iis,
2933 926 3034 997 qui
3054 933 3248 982 mente
3271 927 3536 998 puargati
3562 928 3699 996 sint,
3718 926 3833 982 ful-

2159 1020 2413 1088 gentem,
2449 1020 2505 1071 et
2528 1016 2929 1088 conspicuam,
2956 1016 3111 1087 quod
3146 1014 3369 1071 scilicet
3390 1015 3513 1071 sola
3542 1016 3663 1070 haec
3688 1021 3826 1072 aetas

2159 1122 2339 1176 supra
2370 1121 2585 1176 corpus
2608 1122 2935 1178 assurgere,
2961 1112 3136 1177 atque
3166 1123 3199 1161 a
3220 1105 3412 1161 littera
3442 1106 3512 1160 ad
3544 1106 3824 1177 spiritum

2159 1199 2313 1249 recte
2344 1195 2659 1250 ascendere
2697 1199 2893 1266 queat.

2226 1281 2409 1337 XLIX.
2443 1284 2511 1338 At
2544 1284 2713 1338 nobis
2744 1282 2942 1338 nullus
2973 1284 3215 1338 docendi
3239 1300 3305 1338 ac
3324 1283 3590 1339 discendi
3621 1281 3828 1339 termi-

2160 1388 2270 1427 nus
2293 1377 2382 1426 est
2401 1374 2775 1441 constitutus,
2798 1374 2954 1427 velut
2975 1372 3114 1426 olim
3139 1370 3362 1442 lapides
3384 1373 3677 1444 tribubus,
3695 1388 3827 1443 quae

2162 1460 2315 1516 ultra
2340 1461 2656 1515 Jordanem
2692 1466 2749 1516 et
2779 1462 2933 1515 intra
2964 1462 3276 1516 Jordanem
3308 1466 3512 1527 erant;
3548 1478 3651 1517 nec
3691 1461 3821 1532 qui-

2160 1550 2411 1605 busnam
2431 1548 2598 1616 illud,
2615 1550 2972 1620 quibusnam
2993 1567 3197 1605 rursus
3211 1550 3319 1604 hoc
3334 1550 3826 1605 committendum

2159 1638 2273 1705 sit;
2308 1655 2412 1693 nec
2444 1640 2651 1693 nerma
2684 1638 2823 1705 ulla,
2865 1641 2935 1693 ad
2988 1655 3163 1710 quem
3193 1638 3427 1694 habitus
3476 1639 3822 1710 exigamus:

2157 1745 2358 1783 verum
2392 1728 2473 1783 ita
2508 1730 2764 1800 projects
2795 1734 2852 1784 et
2881 1728 3126 1784 confusa
3154 1728 3275 1783 haec
3324 1746 3414 1784 res
3446 1733 3552 1795 est,
3580 1734 3820 1800 tamque

2158 1816 2309 1871 male
2342 1816 2652 1882 aflicimur,
2678 1821 2741 1870 ut
2770 1831 2947 1887 quam
2980 1815 3221 1886 plurimi
3268 1832 3337 1870 ex
3368 1816 3557 1883 nobis,
3591 1832 3664 1871 ne
3692 1833 3816 1871 om-

2161 1922 2264 1960 nes
2294 1905 2507 1970 dicam,
2533 1904 2697 1977 prius
2718 1906 2836 1959 fere
2860 1921 3038 1975 quam
3058 1905 3311 1976 primam
3338 1921 3568 1960 comam
3586 1905 3821 1977 abjece-

2160 1994 2367 2064 rimus,
2394 1992 2721 2065 puerilique
2744 2009 2903 2049 more
2930 1992 3220 2048 balbutire
3240 1992 3611 2063 desierimus,
3635 1993 3826 2065 prius-

2159 2099 2337 2154 quam
2366 2082 2424 2136 in
2459 2082 2656 2137 divina
2686 2082 2835 2138 atria
2878 2082 3299 2148 introierimus,
3347 2082 3695 2154 priusquam
3727 2099 3820 2139 sa-

2156 2187 2389 2227 crorum
2412 2171 2695 2225 librorum
2725 2170 2813 2226 vel
2837 2170 3077 2225 nomina
3096 2170 3225 2241 ipsa
3246 2171 3603 2240 noverimus,
3628 2171 3821 2243 prius-

2157 2276 2335 2329 quam
2394 2260 2525 2314 novi
2585 2258 2913 2330 veterisque
2982 2259 3344 2314 Testamenti
3420 2260 3819 2316 characterem

2156 2353 2211 2403 et
2250 2352 2515 2403 auctores
2561 2348 2827 2419 cognitos
2878 2348 3301 2417 habuerimus;
3352 2350 3617 2404 nondum
3657 2349 3817 2406 enim

2155 2436 2283 2491 dico
2334 2437 2683 2508 priusquam
2742 2453 2993 2508 ccenum,
3055 2442 3112 2493 et
3155 2437 3365 2493 animae
3434 2438 3617 2509 labes,
3668 2456 3817 2509 quas

2155 2531 2459 2596 peccatum
2518 2526 2684 2580 nobis
2760 2525 3080 2597 impressit,
3153 2524 3511 2592 eluerimus;
3590 2527 3638 2580 si
3698 2528 3815 2581 duo

2153 2622 2253 2670 aut
2299 2614 2413 2669 tria
2466 2615 2562 2685 pia
2618 2615 2791 2669 verba
2843 2614 3279 2684 edidicerimus,
3330 2630 3513 2685 eaque
3573 2632 3685 2670 non
3744 2629 3815 2670 ex

2150 2705 2417 2771 lectione,
2450 2704 2549 2759 sed
2585 2704 2883 2758 auditione
2904 2703 3029 2758 sola
3060 2704 3293 2769 hausta,
3316 2708 3417 2758 aut
3441 2704 3639 2759 Davidi
3676 2721 3817 2775 pau-

2150 2793 2269 2848 lum
2305 2809 2490 2863 operae
2514 2792 2872 2860 dederimus,
2896 2798 2997 2846 aut
3027 2791 3271 2863 pallium
3297 2793 3440 2846 scite
3461 2793 3817 2848 contraxeri-

2150 2899 2304 2949 mus,
2336 2886 2437 2936 aut
2455 2898 2600 2937 zona
2622 2887 2793 2941 tenus
2817 2881 3208 2953 philosophati
3234 2882 3542 2949 fuerimus,
3576 2881 3814 2953 pietatis

2146 2970 2401 3041 speciem
2446 2971 2766 3041 quamdam
2818 2977 2873 3025 et
2922 2970 3142 3025 larvam
3192 2971 3362 3025 nobis
3410 2970 3743 3026 illinentes:
3778 2987 3813 3028 ο

2147 3059 2590 3131 praefecturam!
2626 3076 2658 3113 ο
2692 3058 2909 3113 clatum
2958 3060 3258 3114 animum!
3316 3060 3490 3115 Sacer
3529 3061 3705 3115 etiam
3738 3060 3809 3115 ab

2143 3148 2519 3204 incunabulis
2532 3148 2766 3203 Samuel
2778 3149 2899 3189 ⁸⁴-⁹²
2916 3165 2928 3202 :
2946 3149 3143 3203 statim
3164 3148 3458 3221 sapientes
3474 3154 3530 3204 et
3544 3134 3814 3221 magistri

384 3239 597 3307 σκαλοι,
658 3215 747 3293 καὶ
807 3215 1132 3311 ὑψηλοὶ.τᾶ
1191 3243 1336 3309 θεῖα,
1396 3215 1485 3293 καὶ
1544 3215 1908 3314 γραμματέων
1966 3240 2034 3294 τὰ

2155 3254 2376 3308 sumus,
2411 3242 2467 3292 et
2500 3238 2557 3291 in
2590 3237 2802 3293 divinis
2837 3238 3010 3292 rebus
3056 3236 3363 3307 sublimes,
3396 3242 3453 3293 et
3485 3239 3808 3295 scribarum

380 3333 571 3404 πρῶτα
618 3328 708 3381 καὶ
756 3331 1019 3401 νομικῶν,
1065 3327 1153 3381 καὶ
1204 3332 1621 3402 χειροτονοῦμεν
1657 3330 1804 3400 ἡμᾶς
1835 3327 2030 3390 αὐτοὺς

378 3416 695 3493 οὐρανίους,
744 3416 833 3470 καί
876 3413 1156 3487 καλεῖσθαι
1211 3416 1313 3470 ὑπὸ
1364 3420 1470 3471 τῶν
1521 3417 1813 3490 ανθρώπων
1867 3411 2029 3492 ῥαϐϐὶ

380 3510 670 3579 ζητοῦμεν,
730 3504 820 3559 καὶ
880 3502 1122 3577 οὐδαμοῦ
1179 3505 1241 3558 τὸ
1286 3504 1536 3580 γράμμα,
1596 3506 1685 3559 καὶ
1733 3508 1905 3559 πάντα
1950 3502 2032 3559 δεῖ

376 3596 635 3665 νοηθῆναι
692 3598 1075 3667 πνευματικῶς
1105 3636 1119 3663 ,
1169 3593 1259 3646 καὶ
1309 3591 1480 3666 λῆρος
1528 3597 1647 3664 (86)
1701 3594 1907 3657 πλατὺς
1964 3593 2032 3650 τὰ

446 3712 574 3753 “-99
605 3712 626 3765 Ι
658 3711 798 3783 Reg.
832 3726 895 3781 ιι,
927 3710 1016 3781 ll,
1094 3708 1138 3743 9°
1167 3708 1368 3764 Matth.
1398 3725 1559 3779 mn,
1592 3710 1646 3765 7.

468 3826 560 3897 73)
589 3830 713 3897 Τοῖς
745 3820 1188 3896 κεκαθαρμένοις.
1221 3821 1521 3897 Omissum
1552 3824 1609 3880 in
1644 3826 1782 3897 Reg.
1817 3830 1857 3881 ι.

468 3827 538 3881 73
589 3830 713 3886 Τοῖς
745 3827 1188 3896 κεκαθαρμένοις.
1221 3827 1521 3879 Omissum
1552 3827 1609 3880 in
1644 3827 1782 3897 Reg.
1817 3830 1857 3881 ι.

442 3827 560 3971 (74)
586 3895 789 3971 Μάνης.
825 3898 988 3971 Regii
1034 3896 1585 3971 quatuor,totidem
1634 3896 1815 3971 Colb.,
1848 3897 1943 3952 Or.
1979 3899 2029 3970 1,

442 3913 556 3971 (14)
587 3913 789 3967 Μονης.
826 3913 988 3970 uegit
1034 3913 1308 4021 quatuor,
1340 3913 1585 3951 tenuem
1634 3913 1815 3961 uein.,
1848 3913 1943 3952 ur.
1979 3913 2029 3970 ι,

369 3970 513 4027 Jes..
548 3970 710 4026 Pass.
745 3970 961 4025 habent
996 3989 1035 4039 μ
1072 3966 1177 4037 λις,
1213 3991 1241 4018 ‹‹
1269 3968 1399 4035 vix;
1431 3990 1460 4019 ››
1495 3970 1806 4041 etquidem
1839 3986 1907 4025 ea
1927 3986 2034 4025 vox

374 4042 667 4112 Optimum
696 4041 929 4112 exhibet
959 4057 1223 4096 sensum.

587 4112 748 4184 Ἡμῖν
783 4109 859 4167 δέ.
896 4113 1057 4168 Pass.
1090 4113 1275 4183 ἡμῶν.
1322 4113 1452 4168 Mox
1483 4106 1607 4164 οὐδὲ
1656 4112 1754 4182 εἷς,
1786 4112 1903 4169 Jes,
1939 4114 2032 4168 di-

371 4200 565 4239 νιειιη.

440 4255 555 4327 (76)
586 4251 762 4327 Λίθοι.
798 4278 824 4303 ‹‹
864 4254 1171 4309 Limitanei
1200 4254 1443 4325 lapides.
1476 4276 1502 4306 η
1550 4254 1721 4309 Nulla
1751 4254 1847 4310 hic
1878 4256 2031 4311 difﬁ-

371 4328 581 4399 cultas.
606 4326 927 4399 Gregorius
953 4327 1043 4381 his
1076 4327 1267 4399 verbis
1290 4328 1607 4399 signiﬁcat,
1641 4327 1909 4399 singulas
1930 4329 2031 4385 tri-

370 4397 482 4453 bus
515 4398 723 4452 deﬁxis
766 4398 825 4451 in
858 4404 1071 4453 terram
1123 4398 1417 4468 lapidibus
1466 4397 1773 4453 distinctas
1828 4400 2031 4467 fuisse,

371 4470 527 4550 quod
565 4469 714 4523 Elias
749 4474 805 4524 et
836 4469 1086 4524 Basilius
1111 4469 1225 4541 ipsi
1247 4470 1421 4524 etiam
1446 4475 1755 4525 testantur.
1786 4470 1949 4526 Certe
1971 4472 2029 4526 in

369 4540 471 4596 lib.
506 4541 627 4595 Jos.
662 4557 827 4597 cano.
862 4558 954 4597 xv.
996 4558 1111 4597 xw.
1154 4558 1291 4597 xvn.
1344 4542 1808 4597 uniuscuiusque
1841 4544 2029 4597 tribus

396 4557 471 4596 ID.
506 4557 627 4595 JOS.
662 4557 827 4611 capp.
862 4558 954 4606 XV,
996 4558 1111 4602 XVI,
1154 4558 1291 4606 XVII,
1344 4558 1808 4611 υιιιυεοιῃυειμιθ
1841 4557 2031 4598 ιιηῡυε

370 4612 589 4667 limites
620 4618 888 4667 accurate
921 4612 1353 4666 describuntur.

441 4684 553 4752 (77)
586 4680 723 4738 Οὐδὲ
750 4703 834 4743 τις
864 4683 1063 4737 κανών.
1100 4684 1161 4738 In
1197 4683 1385 4752 prima
1410 4683 1502 4737 ed.
1557 4682 1784 4749 Billius,
1818 4684 2031 4742 melius

372 4770 551 4824 quam
575 4756 848 4810 secundis
870 4756 1049 4819 curis,
1074 4777 1101 4804 «
1130 4771 1233 4809 nec
1256 4756 1323 4809 ad
1354 4754 1531 4809 ullam
1557 4771 1821 4809 normam
1848 4757 2031 4812 homi-

373 4842 517 4899 num
538 4828 720 4899 pretia
749 4826 1177 4899 qualitatesque
1203 4826 1637 4897 perpendimus.
1666 4848 1692 4874 ››
1721 4828 1781 4880 In
1808 4827 2030 4899 (Grego-

372 4898 764 5024 rioHagbtilius
797 4899 935 4970 quid
972 4899 1128 4953 latet.
1155 4898 1388 4969 Spectat
1413 4915 1665 4969 namque
1699 4899 1727 4967 ᾖ
1762 4898 1866 4953 υιι.
1900 4898 2027 4972 cap.

372 4986 407 5023 v
491 4987 519 5023 e
566 4986 610 5022 r.

370 4986 407 5023 V
441 4986 610 5023 1180?.

439 5040 551 5112 (78)
584 5039 714 5113 Πρὶν
761 5037 1072 5113 ἀποθέσθαι,
1122 5046 1229 5096 etc.
1286 5040 1476 5098 Elias:
1512 5064 1537 5089 ‹‹
1588 5045 1907 5113 antequam
1942 5041 2028 5095 in-

370 5111 610 5166 fantiam
635 5111 703 5183 et
738 5112 1018 5183 puerilem
1054 5118 1282 5167 {etatem
1313 5111 1759 5167 excesserimus.
1797 5136 1823 5162 υ

437 5182 548 5305 (79)
582 5182 709 5237 Κᾶν.
741 5184 833 5238 Sic
882 5184 1148 5255 plerique
1179 5186 1385 5255 scripti
1434 5191 1490 5239 et
1520 5184 1659 5239 editi
1710 5184 1862 5239 libri.
1898 5186 2028 5240 Par.

369 5272 477 5308 και.

437 5324 926 5411 (89)Xapax1ﬁpa,
982 5331 1118 5399 Reg.
1172 5326 1215 5393 l,
1267 5331 1386 5382 tres
1416 5325 1574 5382 Colb.
1626 5325 1799 5382 Coisl.
1844 5329 1894 5395 1,
1928 5345 2029 5401 χα-

368 5415 661 5471 ρακτηρας.

439 5467 917 5542 (81)Ilpoa11'1ac.
952 5470 1093 5525 Gab.
1151 5492 1179 5519 ‹‹
1230 5472 1695 5542 propugnatores
1747 5473 1806 5542 et
1863 5470 2031 5542 quasi

368 5544 647 5610 patronos
681 5564 708 5589 ››
740 5541 943 5596 Comb.
992 5564 1019 5592 ‹‹
1071 5541 1337 5597 duceset
1384 5548 1672 5596 auctores.
1725 5562 1751 5589 ››
1782 5541 2033 5597 Basilius

367 5612 586 5682 Optime
615 5617 717 5680 τῆς
767 5610 1005 5672 παλαιᾶς
1070 5617 1106 5665 Γ
1146 5615 1286 5690 αφῆς
1330 5611 1456 5674 τοὺς
1508 5632 1569 5665 συ
1644 5616 1827 5687 σαφεῖς
1858 5610 2027 5687 λέγει,

368 5701 397 5733 ‹‹
430 5682 809 5758 instrumenti
842 5685 1054 5740 veteris
1097 5632 1455 5758 (utriusque,
1490 5707 1519 5735 κ
1570 5631 1750 5758 aias)
1787 5685 2027 5758 ccripto-

368 5701 397 5733 ‹‹
430 5682 809 5814 ὶιιὲίτιιιιξιιοοίὶ
842 5685 1054 5740 veteris
1097 5682 1455 5759 (utriusque,
1490 5707 1519 5735 κ
1570 5682 1750 5758 Elius)
1787 5682 2031 5759 «eripio-3

368 5769 462 5814 res
538 5772 613 5814 lci
647 5798 660 5814 .
696 5778 726 5807 »

368 5769 462 5814 ι’θδ
494 5769 660 5814 αιοιι.
696 5778 726 5807 >)

689 5882 950 5967 Panos.
1001 5882 1111 5947 Gn.
1160 5880 1405 5952 XXXV.

2062 4590 2109 4656 D

2142 3344 2207 3383 ac
2240 3326 2712 3398 legisperitorum
2737 3326 2933 3398 primi,
2958 3344 3024 3382 ac
3045 3325 3311 3382 ccelestes
3340 3344 3446 3382 nos
3468 3328 3627 3399 ipsos
3648 3328 3811 3384 desi-

2141 3433 2413 3488 gnamus,
2434 3422 2491 3471 et
2511 3417 2700 3471 vocari
2725 3417 2795 3470 ab
2818 3416 3158 3470 hominibus
3184 3416 3365 3470 Rabbi
3386 3417 3712 3487 expetimus
3735 3418 3805 3487 °’,

2142 3522 2246 3560 nec
2278 3521 2528 3576 usquam
2560 3504 2771 3575 littera,
2821 3504 2922 3559 sed
2954 3504 3151 3558 omnia
3185 3503 3478 3574 spirituali
3509 3506 3682 3559 modo
3708 3506 3804 3560 in-

2141 3594 2480 3667 telligantur
2507 3598 2753 3665 oportet,
2788 3610 2851 3648 ac
2883 3609 3054 3649 meras
3075 3609 3242 3665 nugw
3265 3593 3494 3648 somnia
3523 3599 3682 3661 sunt,
3716 3599 3801 3649 at-

2387 3822 2885 3901 Περιστειλώμεθα.
2944 3846 2992 3901 Δ‹‹
3072 3826 3181 3880 Est
3236 3840 3367 3880 vere
3442 3826 3807 3901 contrahere.

2143 3895 2415 3969 Studiose
2452 3895 2832 3969 venusteque
2907 3897 3388 3969 circumponere:
3470 3919 3499 3947 »
3558 3896 3629 3969 ,τὸ
3686 3895 3811 3952 ἐπι-

2147 3968 2330 4043 μελῶς
2379 3967 2466 4021 καὶ
2498 3962 2755 4040 κοσμίως.
2788 3962 3238 4043 περιοεϐλῆσθαι.
3296 3969 3386 4025 Sic
3417 3968 3594 4025 Basil.
3629 3969 3810 4026 inter-

2185 4048 2428 4097 retatur.

2144 4060 2428 4114 pretatur.

2215 4113 2328 4185 (83)
2377 4112 2846 4188 Περιχρώσαντες.
2898 4111 3039 4183 Reg.
3091 4129 3151 4184 u,
3203 4116 3262 4167 et
3310 4110 3426 4169 C01.
3479 4111 3519 4183 1,
3563 4110 3807 4187 ἐπιχρώ-

2143 4204 2349 4245 σαντες.

2215 4257 2327 4328 (84)
2378 4248 2719 4328 Ba6al,etc.
2772 4277 2801 4305 ‹‹
2855 4254 3055 4328 Papini
3111 4270 3288 4327 quam
3343 4254 3560 4328 egregii
3605 4255 3805 4328 praesi-

2144 4329 2246 4383 des
2271 4330 2283 4383 ι
2313 4327 2343 4379 ιι
2381 4327 2837 4399 Ambitiosorum
2860 4327 3108 4399 objectio
3136 4332 3225 4399 est
3245 4344 3377 4382 cum
3404 4327 3807 4399 indignatione

2143 4400 2347 4470 relata,
2407 4404 2486 4470 et,
2519 4398 2737 4470 ironice
2789 4398 3061 4470 refutata.
3124 4396 3254 4470 Εἶτα
3301 4396 3702 4470 θαυμαστικῶς,
3758 4396 3805 4451 εί

2146 4466 2356 4546 βούλει,
2386 4468 2495 4546 ,κριὶ
2552 4466 2982 4546 σχετλιιασλτικῷς
3030 4466 3417 4546 ἀνεφώνησεν(
3447 4474 3532 4531 Ὡς
3582 4471 3801 4546 ’Θαυμα-

2146 4488 2356 4544 μουΛει,
2406 4489 2495 4522 και
2552 4488 2982 4592 σχετλιαστικως
3030 4488 3394 4546 ανεφωνησεν·
3451 4488 3532 4531 ἐις
3595 4488 3692 4523 υαυ
3743 4488 3801 4522 α-

2144 4541 2257 4617 στοὶ
2290 4534 2547 4617 πρᾴεδροι
2573 4560 2599 4593 0
2630 4538 3025 4617 ncépeﬁselvai
3051 4540 3138 4617 mi
3161 4538 3547 4617 τήνφρόνῃσιν
3576 4490 3802 4617 ὑψῃλιοί.

2148 4635 2169 4663 ι
2205 4612 2424 4670 Deinde
2456 4612 2589 4668 Cum
2613 4613 3020 4681 admiratione,
3053 4612 3581 4684 velindignatione,
3612 4612 3660 4667 si
3686 4629 3807 4668 ma-

2141 4686 2249 4756 vis,
2283 4684 2661 4740 exclamavit:
2697 4685 2881 4747 Quam
2913 4684 3245 4756 admirandi
3295 4684 3593 4756 praesides,
3626 4700 3803 4756 quam

2144 4755 2435 4829 sapientia
2464 4755 2748 4811 sublimes
2778 4772 2905 4829 esse
2936 4755 3365 4829 videbimur_l_»
3390 4756 3569 4819 Quem
3603 4755 3804 4829 verbo-

2143 4826 2275 4884 rum
2308 4845 2548 4884 sensum
2585 4844 2697 4881 non
2731 4827 2876 4897 satis
2909 4827 3098 4882 reddit
3129 4826 3281 4881 Billii
3308 4826 3731 4897 interpretatio.

2211 4902 2323 4971 (85)
2358 4896 2644 4970 Σαμουηλ.
2675 4896 2967 4971 Tillem.«
3020 4898 3195 4964 Quasi
3229 4896 3803 4971 Samueles_quidam

2142 4969 2409 5028 essemus
2441 4970 2717 5026 universi.
2751 4992 2779 5020 ››
2812 4969 3039 5037 Billius,
3076 4971 3265 5041 prima
3292 4969 3431 5024 edit.
3470 4993 3495 5019 ‹‹
3532 4969 3803 5026 Protinus

2142 5042 2542 5099 Samuelcm...
2578 5044 2633 5095 in
2669 5058 2765 5096 ore
2798 5042 3103 5097 habemus.
3142 5065 3168 5091 ››

2213 5116 2322 5185 (86)
2372 5111 2711 5187 Mil-590;,
2764 5124 2868 5167 etc.
2916 5114 3039 5187 Alii,
3085 5112 3625 5187 arbitranturhzec
3672 5128 3803 5168 esse

2142 5183 2449 5242 hominum
2475 5183 2706 5240 illorum
2729 5187 2921 5249 verba,
2946 5185 3160 5256 quibus
3187 5188 3414 5255 objecta
3434 5183 3546 5240 sibi
3567 5185 3803 5256 Samue-

2142 5260 2215 5314 lis
2245 5257 2603 5312 charismata
2625 5256 2917 5326 rejiciant.
2948 5254 3081 5326 Alii,
3106 5262 3168 5311 ut
3190 5254 3365 5324 Elias,
3390 5273 3457 5312 ea
3487 5261 3552 5311 ut
3584 5254 3799 5327 Grego-

2142 5331 2212 5384 rii
2244 5331 2417 5384 verba
2439 5328 2734 5398 judicium
2768 5345 2940 5401 suum
2978 5328 3402 5401 interponentis
3433 5333 3799 5401 agnoscunt:

2143 5424 2169 5452 «
2205 5402 2313 5456 Sed
2348 5416 2534 5470 nugas
2556 5405 2612 5455 et
2641 5398 2869 5454 somnia
2889 5398 3218 5470 crepamus.
3255 5423 3283 5450 »
3313 5398 3521 5455 Noster
3550 5400 3803 5454 Louvar-

2143 5475 2255 5529 dus
2286 5472 2370 5528 sic
2401 5472 2513 5527 sibi
2544 5471 2772 5526 videtur
2799 5471 3031 5542 assequi
3060 5490 3071 5527 :
3122 5494 3149 5522 ‹‹
3182 5472 3249 5526 Ει
3278 5488 3402 5542 qua:
3434 5473 3803 5528 somniamus

2142 5562 2285 5600 verte
2344 5560 2513 5615 nugas
2570 5547 2754 5615 sunt,_
2792 5558 3037 5615 quisque
3084 5543 3479 5614 divendimus,
3530 5542 3801 5615 somnia;

2142 5632 2277 5673 cum
2307 5615 2419 5689 ipsi
2436 5613 2666 5685 tamen,
2700 5613 2814 5670 nisi
2852 5614 3129 5671 laudibus
3172 5613 3504 5685 efferamur,
3537 5614 3806 5687 indigne:

2144 5706 2297 5746 mur.
2330 5707 2357 5741 Ι

3402 5885 3482 5972 ιι
