  <div class='ocr_page' id='page_1' title='image "/cluster/home/n/w/nwhite01/storage/ocr_20150623/35:no.1/coo.31924054869320/235.png"; bbox 0 0 4110 6438; ppageno 0'>
   <div class='ocr_carea' id='block_1_1' title="bbox 334 390 455 448">
    <p class='ocr_par' dir='ltr' id='par_1_1' title="bbox 334 390 455 448">
     <span class='ocr_line' id='line_1_1' title="bbox 334 390 455 448; baseline 0.008 -2"><span class='ocrx_word' id='word_1_1' title='bbox 334 390 455 448; x_wconf 71' lang='grc'>459</span> 
     </span>
    </p>
   </div>
   <div class='ocr_carea' id='block_1_2' title="bbox 1579 384 2509 449">
    <p class='ocr_par' dir='ltr' id='par_1_2' title="bbox 1579 384 2509 449">
     <span class='ocr_line' id='line_1_2' title="bbox 1579 384 2509 449; baseline -0.001 -1"><span class='ocrx_word' id='word_1_2' title='bbox 1579 387 1643 448; x_wconf 86' lang='lat' dir='ltr'>S.</span> <span class='ocrx_word' id='word_1_3' title='bbox 1694 387 2069 448; x_wconf 78' lang='lat' dir='ltr'>GREGOHII</span> <span class='ocrx_word' id='word_1_4' title='bbox 2115 384 2509 449; x_wconf 83' lang='lat' dir='ltr'>THEOLOGI</span> 
     </span>
    </p>
   </div>
   <div class='ocr_carea' id='block_1_3' title="bbox 3641 374 3764 445">
    <p class='ocr_par' dir='ltr' id='par_1_3' title="bbox 3641 374 3764 445">
     <span class='ocr_line' id='line_1_3' title="bbox 3641 374 3764 445; baseline 0.024 -3"><span class='ocrx_word' id='word_1_5' title='bbox 3641 374 3764 445; x_wconf 71' lang='grc'>460</span> 
     </span>
    </p>
   </div>
   <div class='ocr_carea' id='block_1_4' title="bbox 339 508 1999 598">
    <p class='ocr_par' dir='ltr' id='par_1_4' title="bbox 339 521 1991 594">
     <span class='ocr_line' id='line_1_4' title="bbox 339 521 1991 594; baseline -0.001 -17"><span class='ocrx_word' id='word_1_6' title='bbox 339 539 473 594; x_wconf 88' lang='lat' dir='ltr'>que,</span> <span class='ocrx_word' id='word_1_7' title='bbox 507 521 620 576; x_wconf 91' lang='lat' dir='ltr'>nisi</span> <span class='ocrx_word' id='word_1_8' title='bbox 656 521 885 593; x_wconf 82' lang='lat' dir='ltr'>magnis</span> <span class='ocrx_word' id='word_1_9' title='bbox 926 521 1202 578; x_wconf 81' lang='lat' dir='ltr'>laudibus</span> <span class='ocrx_word' id='word_1_10' title='bbox 1249 522 1561 577; x_wconf 78' lang='lat' dir='ltr'>eii‘eramur</span> <span class='ocrx_word' id='word_1_11' title='bbox 1589 524 1684 577; x_wconf 77' lang='lat'><strong>37</strong></span> <span class='ocrx_word' id='word_1_12' title='bbox 1724 522 1991 593; x_wconf 88' lang='lat' dir='ltr'>indigna-</span> 
     </span>
    </p>
   </div>
   <div class='ocr_carea' id='block_1_5' title="bbox 2116 508 3767 598">
    <p class='ocr_par' dir='ltr' id='par_1_5' title="bbox 2116 508 3767 598">
     <span class='ocr_line' id='line_1_5' title="bbox 2116 508 3767 598; baseline -0.004 -23"><span class='ocrx_word' id='word_1_13' title='bbox 2116 519 2374 598; x_wconf 73' lang='grc' dir='ltr'>ὀνείρατα·</span> <span class='ocrx_word' id='word_1_14' title='bbox 2424 521 2513 576; x_wconf 87' lang='lat' dir='ltr'>xui</span> <span class='ocrx_word' id='word_1_15' title='bbox 2563 516 2989 595; x_wconf 81' lang='grc' dir='ltr'>ἀγανακτοίημεν</span> <span class='ocrx_word' id='word_1_16' title='bbox 3042 510 3126 585; x_wconf 67' lang='grc' dir='ltr'>ἂν,</span> <span class='ocrx_word' id='word_1_17' title='bbox 3155 508 3200 570; x_wconf 73' lang='grc' dir='ltr'>εἷ</span> <span class='ocrx_word' id='word_1_18' title='bbox 3236 516 3311 588; x_wconf 80' lang='grc' dir='ltr'>μὴ</span> <span class='ocrx_word' id='word_1_19' title='bbox 3365 513 3574 591; x_wconf 83' lang='grc' dir='ltr'>σφόδρα</span> <span class='ocrx_word' id='word_1_20' title='bbox 3614 514 3767 571; x_wconf 78' lang='grc' dir='ltr'>ἐπαι-</span> 
     </span>
    </p>
   </div>
   <div class='ocr_carea' id='block_1_6' title="bbox 337 610 2000 683">
    <p class='ocr_par' dir='ltr' id='par_1_6' title="bbox 337 610 2000 683">
     <span class='ocr_line' id='line_1_6' title="bbox 337 610 2000 683; baseline -0.001 -17"><span class='ocrx_word' id='word_1_21' title='bbox 337 612 494 666; x_wconf 82' lang='lat' dir='ltr'>tione</span> <span class='ocrx_word' id='word_1_22' title='bbox 526 610 841 666; x_wconf 81' lang='lat' dir='ltr'>afﬁcimur.</span> <span class='ocrx_word' id='word_1_23' title='bbox 890 612 1079 681; x_wconf 85' lang='lat' dir='ltr'>Atqu-.:</span> <span class='ocrx_word' id='word_1_24' title='bbox 1129 610 1269 677; x_wconf 84' lang='lat' dir='ltr'>haec,</span> <span class='ocrx_word' id='word_1_25' title='bbox 1303 611 1405 682; x_wconf 90' lang='lat' dir='ltr'>qui</span> <span class='ocrx_word' id='word_1_26' title='bbox 1449 611 1817 683; x_wconf 75' lang='lat' dir='ltr'>benigniores</span> <span class='ocrx_word' id='word_1_27' title='bbox 1848 612 2000 666; x_wconf 87' lang='lat' dir='ltr'>inter</span> 
     </span>
    </p>
   </div>
   <div class='ocr_carea' id='block_1_7' title="bbox 339 697 1999 771">
    <p class='ocr_par' dir='ltr' id='par_1_7' title="bbox 339 697 1999 771">
     <span class='ocr_line' id='line_1_7' title="bbox 339 697 1999 771; baseline 0 -17"><span class='ocrx_word' id='word_1_28' title='bbox 339 715 447 754; x_wconf 90' lang='lat' dir='ltr'>nos</span> <span class='ocrx_word' id='word_1_29' title='bbox 476 703 534 753; x_wconf 88' lang='lat' dir='ltr'>et</span> <span class='ocrx_word' id='word_1_30' title='bbox 577 697 963 770; x_wconf 83' lang='lat' dir='ltr'>simpliciores</span> <span class='ocrx_word' id='word_1_31' title='bbox 1012 699 1346 770; x_wconf 76' lang='lat' dir='ltr'>suntzquid</span> <span class='ocrx_word' id='word_1_32' title='bbox 1372 716 1540 770; x_wconf 88' lang='lat' dir='ltr'>porro</span> <span class='ocrx_word' id='word_1_33' title='bbox 1590 700 1627 753; x_wconf 88' lang='lat' dir='ltr'>ii</span> <span class='ocrx_word' id='word_1_34' title='bbox 1679 701 1779 771; x_wconf 90' lang='lat' dir='ltr'>qui</span> <span class='ocrx_word' id='word_1_35' title='bbox 1811 699 1999 771; x_wconf 86' lang='lat' dir='ltr'>magis</span> 
     </span>
    </p>
   </div>
   <div class='ocr_carea' id='block_1_8' title="bbox 340 786 2000 859">
    <p class='ocr_par' dir='ltr' id='par_1_8' title="bbox 340 786 2000 859">
     <span class='ocr_line' id='line_1_8' title="bbox 340 786 2000 859; baseline 0 -17"><span class='ocrx_word' id='word_1_36' title='bbox 340 786 676 859; x_wconf 81' lang='lat' dir='ltr'>spirituales</span> <span class='ocrx_word' id='word_1_37' title='bbox 708 791 868 853; x_wconf 89' lang='lat' dir='ltr'>sunt,</span> <span class='ocrx_word' id='word_1_38' title='bbox 914 804 980 843; x_wconf 87' lang='lat' dir='ltr'>ac</span> <span class='ocrx_word' id='word_1_39' title='bbox 1011 788 1411 859; x_wconf 89' lang='lat' dir='ltr'>generosiores</span> <span class='ocrx_word' id='word_1_40' title='bbox 1433 789 1459 843; x_wconf 79' lang='lat' dir='ltr'>‘I</span> <span class='ocrx_word' id='word_1_41' title='bbox 1497 789 1749 844; x_wconf 87' lang='lat' dir='ltr'>Multum</span> <span class='ocrx_word' id='word_1_42' title='bbox 1789 806 1916 856; x_wconf 91' lang='lat' dir='ltr'>nos,</span> <span class='ocrx_word' id='word_1_43' title='bbox 1950 788 2000 845; x_wconf 92' lang='lat' dir='ltr'>si</span> 
     </span>
    </p>
   </div>
   <div class='ocr_carea' id='block_1_9' title="bbox 341 875 2000 948">
    <p class='ocr_par' dir='ltr' id='par_1_9' title="bbox 341 875 2000 948">
     <span class='ocr_line' id='line_1_9' title="bbox 341 875 2000 948; baseline 0 -17"><span class='ocrx_word' id='word_1_44' title='bbox 341 876 424 931; x_wconf 86' lang='lat' dir='ltr'>ita</span> <span class='ocrx_word' id='word_1_45' title='bbox 453 875 644 931; x_wconf 90' lang='lat' dir='ltr'>visum</span> <span class='ocrx_word' id='word_1_46' title='bbox 676 877 868 945; x_wconf 84' lang='lat' dir='ltr'>luerit,</span> <span class='ocrx_word' id='word_1_47' title='bbox 900 878 1359 933; x_wconf 88' lang='lat' dir='ltr'>eondemnantes</span> <span class='ocrx_word' id='word_1_48' title='bbox 1389 883 1445 932; x_wconf 92' lang='lat' dir='ltr'>et</span> <span class='ocrx_word' id='word_1_49' title='bbox 1472 884 1765 948; x_wconf 81' lang='lat' dir='ltr'>vexantes,</span> <span class='ocrx_word' id='word_1_50' title='bbox 1799 895 1864 933; x_wconf 89' lang='lat' dir='ltr'>ac</span> <span class='ocrx_word' id='word_1_51' title='bbox 1888 877 2000 932; x_wconf 89' lang='lat' dir='ltr'>mi-</span> 
     </span>
    </p>
   </div>
   <div class='ocr_carea' id='block_1_10' title="bbox 343 964 2002 1038">
    <p class='ocr_par' dir='ltr' id='par_1_10' title="bbox 343 964 2002 1038">
     <span class='ocr_line' id='line_1_10' title="bbox 343 964 2002 1038; baseline 0 -17"><span class='ocrx_word' id='word_1_52' title='bbox 343 964 491 1021; x_wconf 86' lang='lat' dir='ltr'>seris</span> <span class='ocrx_word' id='word_1_53' title='bbox 524 965 715 1021; x_wconf 89' lang='lat' dir='ltr'>modis</span> <span class='ocrx_word' id='word_1_54' title='bbox 762 965 1144 1038; x_wconf 79' lang='lat' dir='ltr'>exagitantes,</span> <span class='ocrx_word' id='word_1_55' title='bbox 1193 983 1297 1021; x_wconf 92' lang='lat' dir='ltr'>nec</span> <span class='ocrx_word' id='word_1_56' title='bbox 1337 965 1462 1021; x_wconf 91' lang='lat' dir='ltr'>loco</span> <span class='ocrx_word' id='word_1_57' title='bbox 1496 966 1611 1021; x_wconf 88' lang='lat' dir='ltr'>ullo</span> <span class='ocrx_word' id='word_1_58' title='bbox 1658 984 1724 1021; x_wconf 87' lang='lat' dir='ltr'>ac</span> <span class='ocrx_word' id='word_1_59' title='bbox 1757 982 2002 1021; x_wconf 89' lang='lat' dir='ltr'>numero</span> 
     </span>
    </p>
   </div>
   <div class='ocr_carea' id='block_1_11' title="bbox 342 1054 2005 1127">
    <p class='ocr_par' dir='ltr' id='par_1_11' title="bbox 342 1054 2005 1127">
     <span class='ocr_line' id='line_1_11' title="bbox 342 1054 2005 1127; baseline 0.001 -17"><span class='ocrx_word' id='word_1_60' title='bbox 342 1060 646 1127; x_wconf 87' lang='lat' dir='ltr'>ponentes,</span> <span class='ocrx_word' id='word_1_61' title='bbox 704 1055 1052 1120; x_wconf 87' lang='lat' dir='ltr'>abscedunt,</span> <span class='ocrx_word' id='word_1_62' title='bbox 1102 1055 1467 1110; x_wconf 81' lang='lat' dir='ltr'>societatem&#39;</span> <span class='ocrx_word' id='word_1_63' title='bbox 1500 1061 1782 1126; x_wconf 89' lang='lat' dir='ltr'>nostram,</span> <span class='ocrx_word' id='word_1_64' title='bbox 1845 1054 2005 1111; x_wconf 85' lang='lat' dir='ltr'>velut</span> 
     </span>
    </p>
   </div>
   <div class='ocr_carea' id='block_1_12' title="bbox 341 1142 1537 1215">
    <p class='ocr_par' dir='ltr' id='par_1_12' title="bbox 341 1142 1537 1215">
     <span class='ocr_line' id='line_1_12' title="bbox 341 1142 1537 1215; baseline 0.001 -17"><span class='ocrx_word' id='word_1_65' title='bbox 341 1143 500 1199; x_wconf 82' lang='lat' dir='ltr'>haud</span> <span class='ocrx_word' id='word_1_66' title='bbox 532 1143 763 1215; x_wconf 89' lang='lat' dir='ltr'>piorum</span> <span class='ocrx_word' id='word_1_67' title='bbox 794 1142 1104 1198; x_wconf 86' lang='lat' dir='ltr'>hominum</span> <span class='ocrx_word' id='word_1_68' title='bbox 1135 1150 1537 1215; x_wconf 78' lang='lat' dir='ltr'>aspernantes.</span> 
     </span>
    </p>
   </div>
   <div class='ocr_carea' id='block_1_13' title="bbox 414 1231 2003 1303">
    <p class='ocr_par' dir='ltr' id='par_1_13' title="bbox 414 1231 2003 1303">
     <span class='ocr_line' id='line_1_13' title="bbox 414 1231 2003 1303; baseline 0.001 -15"><span class='ocrx_word' id='word_1_69' title='bbox 414 1233 477 1288; x_wconf 94' lang='lat' dir='ltr'>L.</span> <span class='ocrx_word' id='word_1_70' title='bbox 509 1232 672 1296; x_wconf 86' lang='lat' dir='ltr'>Quod</span> <span class='ocrx_word' id='word_1_71' title='bbox 723 1231 773 1288; x_wconf 88' lang='lat' dir='ltr'>si</span> <span class='ocrx_word' id='word_1_72' title='bbox 822 1232 1077 1303; x_wconf 89' lang='lat' dir='ltr'>cuipiam</span> <span class='ocrx_word' id='word_1_73' title='bbox 1127 1249 1331 1288; x_wconf 89' lang='lat' dir='ltr'>eorum</span> <span class='ocrx_word' id='word_1_74' title='bbox 1381 1233 1648 1289; x_wconf 86' lang='lat' dir='ltr'>dicamus</span> <span class='ocrx_word' id='word_1_75' title='bbox 1693 1233 1903 1290; x_wconf 84' lang='lat' dir='ltr'>leniter</span> <span class='ocrx_word' id='word_1_76' title='bbox 1931 1234 2003 1289; x_wconf 88' lang='lat' dir='ltr'>ad</span> 
     </span>
    </p>
   </div>
   <div class='ocr_carea' id='block_1_14' title="bbox 337 1320 2005 1393">
    <p class='ocr_par' dir='ltr' id='par_1_14' title="bbox 337 1320 2005 1393">
     <span class='ocr_line' id='line_1_14' title="bbox 337 1320 2005 1393; baseline 0 -16"><span class='ocrx_word' id='word_1_77' title='bbox 337 1320 497 1377; x_wconf 90' lang='lat' dir='ltr'>hunc</span> <span class='ocrx_word' id='word_1_78' title='bbox 530 1323 795 1389; x_wconf 91' lang='lat' dir='ltr'>modum,</span> <span class='ocrx_word' id='word_1_79' title='bbox 822 1340 888 1377; x_wconf 91' lang='lat' dir='ltr'>ac</span> <span class='ocrx_word' id='word_1_80' title='bbox 910 1323 1275 1390; x_wconf 87' lang='lat' dir='ltr'>disserendo,</span> <span class='ocrx_word' id='word_1_81' title='bbox 1301 1340 1435 1377; x_wconf 89' lang='lat' dir='ltr'>eum</span> <span class='ocrx_word' id='word_1_82' title='bbox 1460 1323 1840 1393; x_wconf 87' lang='lat' dir='ltr'>provehentes</span> <span class='ocrx_word' id='word_1_83' title='bbox 1866 1341 1877 1378; x_wconf 93' lang='lat'>:</span> <span class='ocrx_word' id='word_1_84' title='bbox 1905 1323 2005 1378; x_wconf 86' lang='lat' dir='ltr'>Dic</span> 
     </span>
    </p>
   </div>
   <div class='ocr_carea' id='block_1_15' title="bbox 338 1409 2005 1482">
    <p class='ocr_par' dir='ltr' id='par_1_15' title="bbox 338 1409 2005 1482">
     <span class='ocr_line' id='line_1_15' title="bbox 338 1409 2005 1482; baseline 0.001 -18"><span class='ocrx_word' id='word_1_85' title='bbox 338 1409 506 1477; x_wconf 91' lang='lat' dir='ltr'>mihi,</span> <span class='ocrx_word' id='word_1_86' title='bbox 536 1410 624 1465; x_wconf 90' lang='lat' dir='ltr'>vir</span> <span class='ocrx_word' id='word_1_87' title='bbox 655 1410 1021 1477; x_wconf 78' lang='lat' dir='ltr'>admiranda,</span> <span class='ocrx_word' id='word_1_88' title='bbox 1058 1428 1301 1466; x_wconf 86' lang='lat' dir='ltr'>vocasne</span> <span class='ocrx_word' id='word_1_89' title='bbox 1331 1411 1549 1482; x_wconf 87' lang='lat' dir='ltr'>aliquid</span> <span class='ocrx_word' id='word_1_90' title='bbox 1584 1411 1816 1480; x_wconf 83' lang='lat' dir='ltr'>saltare,</span> <span class='ocrx_word' id='word_1_91' title='bbox 1851 1418 1905 1466; x_wconf 89' lang='lat' dir='ltr'>et</span> <span class='ocrx_word' id='word_1_92' title='bbox 1934 1412 2005 1466; x_wconf 89' lang='lat' dir='ltr'>ti-</span> 
     </span>
    </p>
   </div>
   <div class='ocr_carea' id='block_1_16' title="bbox 337 1499 2005 1571">
    <p class='ocr_par' dir='ltr' id='par_1_16' title="bbox 337 1499 2005 1571">
     <span class='ocr_line' id='line_1_16' title="bbox 337 1499 2005 1571; baseline 0.001 -17"><span class='ocrx_word' id='word_1_93' title='bbox 337 1500 432 1555; x_wconf 86' lang='lat' dir='ltr'>bia</span> <span class='ocrx_word' id='word_1_94' title='bbox 461 1500 719 1555; x_wconf 85' lang='lat' dir='ltr'>canere?</span> <span class='ocrx_word' id='word_1_95' title='bbox 766 1499 1015 1555; x_wconf 80' lang='lat' dir='ltr'>Maxime</span> <span class='ocrx_word' id='word_1_96' title='bbox 1067 1517 1226 1564; x_wconf 90' lang='lat' dir='ltr'>vero,</span> <span class='ocrx_word' id='word_1_97' title='bbox 1277 1500 1521 1571; x_wconf 81' lang='lat' dir='ltr'>inquiet.</span> <span class='ocrx_word' id='word_1_98' title='bbox 1575 1500 1719 1563; x_wconf 76' lang='lat' dir='ltr'>Quid</span> <span class='ocrx_word' id='word_1_99' title='bbox 1773 1501 2005 1571; x_wconf 88' lang='lat' dir='ltr'>sapien-</span> 
     </span>
    </p>
   </div>
   <div class='ocr_carea' id='block_1_17' title="bbox 337 1588 2005 1659">
    <p class='ocr_par' dir='ltr' id='par_1_17' title="bbox 337 1588 2005 1659">
     <span class='ocr_line' id='line_1_17' title="bbox 337 1588 2005 1659; baseline 0.001 -16"><span class='ocrx_word' id='word_1_100' title='bbox 337 1588 505 1655; x_wconf 87' lang='lat' dir='ltr'>tiam,</span> <span class='ocrx_word' id='word_1_101' title='bbox 536 1594 594 1643; x_wconf 89' lang='lat' dir='ltr'>et</span> <span class='ocrx_word' id='word_1_102' title='bbox 614 1588 939 1659; x_wconf 80' lang='lat' dir='ltr'>sapientem</span> <span class='ocrx_word' id='word_1_103' title='bbox 962 1605 1110 1653; x_wconf 84' lang='lat' dir='ltr'>esse,</span> <span class='ocrx_word' id='word_1_104' title='bbox 1138 1590 1293 1659; x_wconf 93' lang='lat' dir='ltr'>quod</span> <span class='ocrx_word' id='word_1_105' title='bbox 1318 1607 1424 1644; x_wconf 91' lang='lat' dir='ltr'>nos</span> <span class='ocrx_word' id='word_1_106' title='bbox 1446 1590 1775 1644; x_wconf 88' lang='lat' dir='ltr'>divinarum</span> <span class='ocrx_word' id='word_1_107' title='bbox 1796 1590 2005 1645; x_wconf 86' lang='lat' dir='ltr'>huma-</span> 
     </span>
    </p>
   </div>
   <div class='ocr_carea' id='block_1_18' title="bbox 343 1675 2007 1749">
    <p class='ocr_par' dir='ltr' id='par_1_18' title="bbox 343 1675 2007 1749">
     <span class='ocr_line' id='line_1_18' title="bbox 343 1675 2007 1749; baseline 0.001 -18"><span class='ocrx_word' id='word_1_108' title='bbox 343 1692 671 1746; x_wconf 88' lang='lat' dir='ltr'>narumque</span> <span class='ocrx_word' id='word_1_109' title='bbox 702 1693 898 1731; x_wconf 87' lang='lat' dir='ltr'>rerum</span> <span class='ocrx_word' id='word_1_110' title='bbox 942 1675 1243 1732; x_wconf 83' lang='lat' dir='ltr'>scientiam</span> <span class='ocrx_word' id='word_1_111' title='bbox 1290 1677 1605 1732; x_wconf 77' lang='lat' dir='ltr'>deﬁnimus</span> <span class='ocrx_word' id='word_1_112' title='bbox 1626 1680 1653 1732; x_wconf 85' lang='lat'><strong>?</strong></span> <span class='ocrx_word' id='word_1_113' title='bbox 1682 1678 1744 1733; x_wconf 93' lang='lat' dir='ltr'>Id</span> <span class='ocrx_word' id='word_1_114' title='bbox 1777 1695 2007 1749; x_wconf 86' lang='lat' dir='ltr'>quoque</span> 
     </span>
    </p>
   </div>
   <div class='ocr_carea' id='block_1_19' title="bbox 345 1766 2007 1838">
    <p class='ocr_par' dir='ltr' id='par_1_19' title="bbox 345 1766 2007 1838">
     <span class='ocr_line' id='line_1_19' title="bbox 345 1766 2007 1838; baseline 0.002 -20"><span class='ocrx_word' id='word_1_115' title='bbox 345 1766 643 1819; x_wconf 87' lang='lat' dir='ltr'>concedet.</span> <span class='ocrx_word' id='word_1_116' title='bbox 678 1769 797 1836; x_wconf 86' lang='lat' dir='ltr'>Age</span> <span class='ocrx_word' id='word_1_117' title='bbox 842 1782 972 1818; x_wconf 85' lang='lat' dir='ltr'>vero</span> <span class='ocrx_word' id='word_1_118' title='bbox 1022 1782 1302 1820; x_wconf 87' lang='lat' dir='ltr'>censesne</span> <span class='ocrx_word' id='word_1_119' title='bbox 1351 1772 1506 1821; x_wconf 80' lang='lat' dir='ltr'>artes</span> <span class='ocrx_word' id='word_1_120' title='bbox 1556 1766 1686 1821; x_wconf 87' lang='lat' dir='ltr'>illas</span> <span class='ocrx_word' id='word_1_121' title='bbox 1721 1767 2007 1838; x_wconf 80' lang='lat' dir='ltr'>sapientia</span> 
     </span>
    </p>
   </div>
   <div class='ocr_carea' id='block_1_20' title="bbox 2107 602 3767 683">
    <p class='ocr_par' dir='ltr' id='par_1_20' title="bbox 2107 602 3767 683">
     <span class='ocr_line' id='line_1_20' title="bbox 2107 602 3767 683; baseline -0.004 -19"><span class='ocrx_word' id='word_1_122' title='bbox 2107 610 2352 683; x_wconf 88' lang='grc' dir='ltr'>νοίμεθα.</span> <span class='ocrx_word' id='word_1_123' title='bbox 2402 613 2574 665; x_wconf 78' lang='grc' dir='ltr'>Τοῦτο</span> <span class='ocrx_word' id='word_1_124' title='bbox 2619 612 2780 681; x_wconf 85' lang='grc' dir='ltr'>ἡμῶν</span> <span class='ocrx_word' id='word_1_125' title='bbox 2830 606 2881 661; x_wconf 76' lang='grc' dir='ltr'>οἳ</span> <span class='ocrx_word' id='word_1_126' title='bbox 2930 606 3287 681; x_wconf 84' lang='grc' dir='ltr'>χρηστότεροι</span> <span class='ocrx_word' id='word_1_127' title='bbox 3332 603 3422 659; x_wconf 86' lang='lat' dir='ltr'>xui</span> <span class='ocrx_word' id='word_1_128' title='bbox 3470 602 3767 659; x_wconf 76' lang='grc' dir='ltr'>ἁπλούστα-</span> 
     </span>
    </p>
   </div>
   <div class='ocr_carea' id='block_1_21' title="bbox 2110 692 3762 774">
    <p class='ocr_par' dir='ltr' id='par_1_21' title="bbox 2110 692 3762 774">
     <span class='ocr_line' id='line_1_21' title="bbox 2110 692 3762 774; baseline -0.005 -20"><span class='ocrx_word' id='word_1_129' title='bbox 2110 720 2216 774; x_wconf 89' lang='grc' dir='ltr'>ροι·</span> <span class='ocrx_word' id='word_1_130' title='bbox 2248 700 2299 754; x_wconf 88' lang='grc' dir='ltr'>τί</span> <span class='ocrx_word' id='word_1_131' title='bbox 2348 696 2405 754; x_wconf 73' lang='grc' dir='ltr'>δὶ</span> <span class='ocrx_word' id='word_1_132' title='bbox 2459 700 2511 753; x_wconf 75' lang='grc' dir='ltr'>οἱ</span> <span class='ocrx_word' id='word_1_133' title='bbox 2561 696 2920 769; x_wconf 85' lang='grc' dir='ltr'>πνευματικοὶ</span> <span class='ocrx_word' id='word_1_134' title='bbox 2966 698 3079 769; x_wconf 84' lang='grc'>(87)</span> <span class='ocrx_word' id='word_1_135' title='bbox 3126 692 3491 767; x_wconf 76' lang='grc' dir='ltr'>μᾶλλον</span> <span class='ocrx_word' id='word_1_136' title='bbox 3531 695 3621 749; x_wconf 87' lang='lat' dir='ltr'>xui</span> <span class='ocrx_word' id='word_1_137' title='bbox 3652 714 3762 769; x_wconf 89' lang='grc' dir='ltr'>γεν-</span> 
     </span>
    </p>
   </div>
   <div class='ocr_carea' id='block_1_22' title="bbox 2108 780 3767 864">
    <p class='ocr_par' dir='ltr' id='par_1_22' title="bbox 2108 780 3767 864">
     <span class='ocr_line' id='line_1_22' title="bbox 2108 780 3767 864; baseline -0.003 -22"><span class='ocrx_word' id='word_1_138' title='bbox 2108 788 2376 864; x_wconf 84' lang='grc' dir='ltr'>ναιότεροι</span> <span class='ocrx_word' id='word_1_139' title='bbox 2436 808 2449 858; x_wconf 87' lang='lat'><strong>;</strong></span> <span class='ocrx_word' id='word_1_140' title='bbox 2512 786 2704 843; x_wconf 81' lang='grc' dir='ltr'>Πολλὰ</span> <span class='ocrx_word' id='word_1_141' title='bbox 2758 784 3167 861; x_wconf 84' lang='grc' dir='ltr'>κατακρίναντες</span> <span class='ocrx_word' id='word_1_142' title='bbox 3225 786 3376 856; x_wconf 77' lang='grc' dir='ltr'>ἡμᾶς</span> <span class='ocrx_word' id='word_1_143' title='bbox 3412 826 3426 853; x_wconf 91' lang='grc'>,</span> <span class='ocrx_word' id='word_1_144' title='bbox 3489 784 3547 839; x_wconf 72' lang='grc' dir='ltr'>ἂν</span> <span class='ocrx_word' id='word_1_145' title='bbox 3626 780 3767 838; x_wconf 72' lang='grc' dir='ltr'>οὕτω</span> 
     </span>
    </p>
   </div>
   <div class='ocr_carea' id='block_1_23' title="bbox 2112 870 3766 953">
    <p class='ocr_par' dir='ltr' id='par_1_23' title="bbox 2112 870 3766 953">
     <span class='ocr_line' id='line_1_23' title="bbox 2112 870 3766 953; baseline -0.004 -21"><span class='ocrx_word' id='word_1_146' title='bbox 2112 874 2257 952; x_wconf 78' lang='grc' dir='ltr'>δόξῃ,</span> <span class='ocrx_word' id='word_1_147' title='bbox 2299 877 2387 931; x_wconf 85' lang='grc' dir='ltr'>καὶ</span> <span class='ocrx_word' id='word_1_148' title='bbox 2444 876 2837 953; x_wconf 82' lang='grc' dir='ltr'>βασανίςαντες,</span> <span class='ocrx_word' id='word_1_149' title='bbox 2886 876 2975 929; x_wconf 80' lang='grc' dir='ltr'>καὶ</span> <span class='ocrx_word' id='word_1_150' title='bbox 3025 871 3269 945; x_wconf 78' lang='grc' dir='ltr'>οὐδαμοῦ</span> <span class='ocrx_word' id='word_1_151' title='bbox 3318 872 3536 945; x_wconf 73' lang='grc' dir='ltr'>θέντες,</span> <span class='ocrx_word' id='word_1_152' title='bbox 3586 870 3766 941; x_wconf 78' lang='grc' dir='ltr'>ἀπῆλ-</span> 
     </span>
    </p>
   </div>
   <div class='ocr_carea' id='block_1_24' title="bbox 2111 957 3767 1038">
    <p class='ocr_par' dir='ltr' id='par_1_24' title="bbox 2111 957 3767 1038">
     <span class='ocr_line' id='line_1_24' title="bbox 2111 957 3767 1038; baseline -0.003 -17"><span class='ocrx_word' id='word_1_153' title='bbox 2111 969 2248 1038; x_wconf 82' lang='grc' dir='ltr'>θον,</span> <span class='ocrx_word' id='word_1_154' title='bbox 2305 968 2393 1022; x_wconf 80' lang='grc' dir='ltr'>καὶ</span> <span class='ocrx_word' id='word_1_155' title='bbox 2450 968 2548 1035; x_wconf 78' lang='grc' dir='ltr'>τήν</span> <span class='ocrx_word' id='word_1_156' title='bbox 2610 964 2894 1021; x_wconf 77' lang='grc' dir='ltr'>κοινωνίαν</span> <span class='ocrx_word' id='word_1_157' title='bbox 2949 964 3024 1026; x_wconf 84' lang='grc' dir='ltr'>ὡς</span> <span class='ocrx_word' id='word_1_158' title='bbox 3085 963 3185 1017; x_wconf 77' lang='grc' dir='ltr'>οὐκ</span> <span class='ocrx_word' id='word_1_159' title='bbox 3250 957 3484 1018; x_wconf 79' lang='grc' dir='ltr'>εὐσεϐῶν</span> <span class='ocrx_word' id='word_1_160' title='bbox 3546 960 3767 1016; x_wconf 78' lang='grc' dir='ltr'>διαπτύ-</span> 
     </span>
    </p>
   </div>
   <div class='ocr_carea' id='block_1_25' title="bbox 2114 1077 2316 1118">
    <p class='ocr_par' dir='ltr' id='par_1_25' title="bbox 2114 1077 2316 1118">
     <span class='ocr_line' id='line_1_25' title="bbox 2114 1077 2316 1118; baseline 0.015 -7"><span class='ocrx_word' id='word_1_161' title='bbox 2114 1077 2316 1118; x_wconf 80' lang='grc' dir='ltr'>σαντες.</span> 
     </span>
    </p>
   </div>
   <div class='ocr_carea' id='block_1_26' title="bbox 2184 1139 3766 1217">
    <p class='ocr_par' dir='ltr' id='par_1_26' title="bbox 2184 1139 3766 1217">
     <span class='ocr_line' id='line_1_26' title="bbox 2184 1139 3766 1217; baseline -0.004 -16"><span class='ocrx_word' id='word_1_162' title='bbox 2184 1149 2261 1203; x_wconf 84' lang='grc' dir='ltr'>Ν’.</span> <span class='ocrx_word' id='word_1_163' title='bbox 2296 1150 2394 1201; x_wconf 78' lang='grc' dir='ltr'>’Ἂν</span> <span class='ocrx_word' id='word_1_164' title='bbox 2425 1142 2482 1200; x_wconf 81' lang='grc' dir='ltr'><strong>δέ</strong></span> <span class='ocrx_word' id='word_1_165' title='bbox 2530 1165 2631 1199; x_wconf 88' lang='grc' dir='ltr'>τινι</span> <span class='ocrx_word' id='word_1_166' title='bbox 2684 1143 2861 1199; x_wconf 84' lang='grc' dir='ltr'>αὐτῶν</span> <span class='ocrx_word' id='word_1_167' title='bbox 2911 1139 3158 1217; x_wconf 70' lang='grc' dir='ltr'>λέγωμεν</span> <span class='ocrx_word' id='word_1_168' title='bbox 3211 1140 3409 1196; x_wconf 81' lang='grc' dir='ltr'>οὑτωσὶ</span> <span class='ocrx_word' id='word_1_169' title='bbox 3457 1142 3643 1217; x_wconf 80' lang='grc' dir='ltr'>πράως</span> <span class='ocrx_word' id='word_1_170' title='bbox 3676 1142 3766 1195; x_wconf 90' lang='lat' dir='ltr'>xui</span> 
     </span>
    </p>
   </div>
   <div class='ocr_carea' id='block_1_27' title="bbox 2115 1228 3763 1310">
    <p class='ocr_par' dir='ltr' id='par_1_27' title="bbox 2115 1228 3763 1310">
     <span class='ocr_line' id='line_1_27' title="bbox 2115 1228 3763 1310; baseline -0.004 -20"><span class='ocrx_word' id='word_1_171' title='bbox 2115 1235 2351 1310; x_wconf 82' lang='grc' dir='ltr'>λογικῶς</span> <span class='ocrx_word' id='word_1_172' title='bbox 2394 1228 2820 1308; x_wconf 67' lang='grc' dir='ltr'>προϐιὲάζοντες</span> <span class='ocrx_word' id='word_1_173' title='bbox 2868 1234 3001 1305; x_wconf 62' lang='grc' dir='ltr'>(ΒΛ)-</span> <span class='ocrx_word' id='word_1_174' title='bbox 3056 1230 3188 1285; x_wconf 80' lang='grc' dir='ltr'>Εἷ¹πέ</span> <span class='ocrx_word' id='word_1_175' title='bbox 3240 1250 3351 1303; x_wconf 87' lang='grc' dir='ltr'>μοι,</span> <span class='ocrx_word' id='word_1_176' title='bbox 3385 1231 3429 1284; x_wconf 83' lang='grc' dir='ltr'>ὦ</span> <span class='ocrx_word' id='word_1_177' title='bbox 3478 1228 3763 1302; x_wconf 78' lang='grc' dir='ltr'>θαυμάσιε,</span> 
     </span>
    </p>
   </div>
   <div class='ocr_carea' id='block_1_28' title="bbox 2113 1317 3766 1397">
    <p class='ocr_par' dir='ltr' id='par_1_28' title="bbox 2113 1317 3766 1397">
     <span class='ocr_line' id='line_1_28' title="bbox 2113 1317 3766 1397; baseline -0.005 -18"><span class='ocrx_word' id='word_1_178' title='bbox 2113 1323 2300 1386; x_wconf 81' lang='grc' dir='ltr'>καλεῖς</span> <span class='ocrx_word' id='word_1_179' title='bbox 2354 1346 2404 1377; x_wconf 92' lang='grc' dir='ltr'>τι</span> <span class='ocrx_word' id='word_1_180' title='bbox 2455 1324 2515 1377; x_wconf 86' lang='grc' dir='ltr'>τὸ</span> <span class='ocrx_word' id='word_1_181' title='bbox 2560 1323 2867 1397; x_wconf 83' lang='grc' dir='ltr'>ὀρχεῖσθαι,</span> <span class='ocrx_word' id='word_1_182' title='bbox 2916 1320 2978 1375; x_wconf 89' lang='grc' dir='ltr'>τό</span> <span class='ocrx_word' id='word_1_183' title='bbox 3025 1340 3083 1375; x_wconf 86' lang='grc' dir='ltr'>τε</span> <span class='ocrx_word' id='word_1_184' title='bbox 3124 1318 3308 1375; x_wconf 78' lang='grc' dir='ltr'>αὐλεῖν</span> <span class='ocrx_word' id='word_1_185' title='bbox 3345 1339 3357 1388; x_wconf 87' lang='grc'><strong>;</strong></span> <span class='ocrx_word' id='word_1_186' title='bbox 3393 1320 3535 1374; x_wconf 76' lang='grc' dir='ltr'>Πάνυ</span> <span class='ocrx_word' id='word_1_187' title='bbox 3584 1339 3647 1392; x_wconf 83' lang='grc' dir='ltr'>γε</span> <span class='ocrx_word' id='word_1_188' title='bbox 3695 1317 3766 1372; x_wconf 81' lang='grc' dir='ltr'>εἷ’-</span> 
     </span>
    </p>
   </div>
   <div class='ocr_carea' id='block_1_29' title="bbox 2114 1405 3764 1488">
    <p class='ocr_par' dir='ltr' id='par_1_29' title="bbox 2114 1405 3764 1488">
     <span class='ocr_line' id='line_1_29' title="bbox 2114 1405 3764 1488; baseline -0.006 -19"><span class='ocrx_word' id='word_1_189' title='bbox 2114 1435 2265 1469; x_wconf 87' lang='grc' dir='ltr'>ποιεν</span> <span class='ocrx_word' id='word_1_190' title='bbox 2327 1413 2409 1469; x_wconf 79' lang='grc' dir='ltr'>ἄν.</span> <span class='ocrx_word' id='word_1_191' title='bbox 2469 1413 2529 1466; x_wconf 90' lang='grc' dir='ltr'>Τί</span> <span class='ocrx_word' id='word_1_192' title='bbox 2588 1409 2673 1466; x_wconf 84' lang='grc' dir='ltr'>δαὶ</span> <span class='ocrx_word' id='word_1_193' title='bbox 2899 1410 3089 1488; x_wconf 80' lang='grc' dir='ltr'>σοφίαν</span> <span class='ocrx_word' id='word_1_194' title='bbox 3148 1430 3206 1463; x_wconf 88' lang='grc' dir='ltr'>τε</span> <span class='ocrx_word' id='word_1_195' title='bbox 3256 1408 3347 1463; x_wconf 87' lang='lat' dir='ltr'>xui</span> <span class='ocrx_word' id='word_1_196' title='bbox 3389 1408 3550 1485; x_wconf 74' lang='grc' dir='ltr'>σοφὸν</span> <span class='ocrx_word' id='word_1_197' title='bbox 3612 1405 3764 1477; x_wconf 74' lang='grc' dir='ltr'>εἶναι,</span> 
     </span>
    </p>
   </div>
   <div class='ocr_carea' id='block_1_30' title="bbox 2113 1496 3774 1574">
    <p class='ocr_par' dir='ltr' id='par_1_30' title="bbox 2113 1496 3774 1574">
     <span class='ocr_line' id='line_1_30' title="bbox 2113 1496 3774 1574; baseline -0.004 -18"><span class='ocrx_word' id='word_1_198' title='bbox 2113 1504 2260 1556; x_wconf 78' lang='lat'><strong>1066&#39;</strong></span> <span class='ocrx_word' id='word_1_199' title='bbox 2293 1503 2321 1556; x_wconf 82' lang='grc' dir='ltr'>’ὀ</span> <span class='ocrx_word' id='word_1_200' title='bbox 2374 1499 2440 1569; x_wconf 77' lang='grc' dir='ltr'>δὴ</span> <span class='ocrx_word' id='word_1_201' title='bbox 2492 1501 2648 1563; x_wconf 80' lang='grc' dir='ltr'>θείων</span> <span class='ocrx_word' id='word_1_202' title='bbox 2699 1521 2757 1554; x_wconf 87' lang='grc' dir='ltr'>τε</span> <span class='ocrx_word' id='word_1_203' title='bbox 2806 1499 2897 1554; x_wconf 83' lang='grc' dir='ltr'>καὶ</span> <span class='ocrx_word' id='word_1_204' title='bbox 2948 1497 3296 1574; x_wconf 78' lang='grc' dir='ltr'>ἀνθρωπίνων</span> <span class='ocrx_word' id='word_1_205' title='bbox 3345 1496 3652 1569; x_wconf 78' lang='grc' dir='ltr'>ἐπιστήμην</span> <span class='ocrx_word' id='word_1_206' title='bbox 3695 1516 3774 1549; x_wconf 91' lang='grc' dir='ltr'>τι-</span> 
     </span>
    </p>
   </div>
   <div class='ocr_carea' id='block_1_31' title="bbox 2117 1583 3770 1663">
    <p class='ocr_par' dir='ltr' id='par_1_31' title="bbox 2117 1583 3770 1663">
     <span class='ocr_line' id='line_1_31' title="bbox 2117 1583 3770 1663; baseline -0.005 -17"><span class='ocrx_word' id='word_1_207' title='bbox 2117 1593 2317 1663; x_wconf 72' lang='grc' dir='ltr'>θέμεθα</span> <span class='ocrx_word' id='word_1_208' title='bbox 2363 1610 2376 1659; x_wconf 90' lang='grc'><strong>;</strong></span> <span class='ocrx_word' id='word_1_209' title='bbox 2428 1590 2526 1644; x_wconf 81' lang='grc' dir='ltr'>Καὶ</span> <span class='ocrx_word' id='word_1_210' title='bbox 2578 1594 2739 1644; x_wconf 75' lang='grc' dir='ltr'>τοῦτο</span> <span class='ocrx_word' id='word_1_211' title='bbox 2800 1586 3057 1645; x_wconf 81' lang='grc' dir='ltr'>δώσουσι.</span> <span class='ocrx_word' id='word_1_212' title='bbox 3120 1587 3356 1663; x_wconf 86' lang='grc' dir='ltr'>Πότερον</span> <span class='ocrx_word' id='word_1_213' title='bbox 3416 1583 3473 1640; x_wconf 73' lang='grc' dir='ltr'>δὲ</span> <span class='ocrx_word' id='word_1_214' title='bbox 3530 1590 3770 1661; x_wconf 81' lang='grc' dir='ltr'>κρεῖττον</span> 
     </span>
    </p>
   </div>
   <div class='ocr_carea' id='block_1_32' title="bbox 2118 1673 3771 1753">
    <p class='ocr_par' dir='ltr' id='par_1_32' title="bbox 2118 1673 3771 1753">
     <span class='ocr_line' id='line_1_32' title="bbox 2118 1673 3771 1753; baseline -0.004 -21"><span class='ocrx_word' id='word_1_215' title='bbox 2118 1682 2251 1733; x_wconf 81' lang='grc' dir='ltr'>εἶναι</span> <span class='ocrx_word' id='word_1_216' title='bbox 2302 1679 2391 1732; x_wconf 80' lang='grc' dir='ltr'>καὶ</span> <span class='ocrx_word' id='word_1_217' title='bbox 2442 1677 2817 1753; x_wconf 77' lang='grc' dir='ltr'>ὑψηλότερον,</span> <span class='ocrx_word' id='word_1_218' title='bbox 2864 1680 3033 1730; x_wconf 76' lang='grc' dir='ltr'>ταῦτα</span> <span class='ocrx_word' id='word_1_219' title='bbox 3081 1674 3292 1752; x_wconf 77' lang='grc' dir='ltr'>σοφίας,</span> <span class='ocrx_word' id='word_1_220' title='bbox 3337 1675 3370 1742; x_wconf 75' lang='grc' dir='ltr'>ἦ</span> <span class='ocrx_word' id='word_1_221' title='bbox 3419 1673 3625 1728; x_wconf 77' lang='grc' dir='ltr'>τούτων</span> <span class='ocrx_word' id='word_1_222' title='bbox 3671 1693 3771 1745; x_wconf 85' lang='grc' dir='ltr'>μα-</span> 
     </span>
    </p>
   </div>
   <div class='ocr_carea' id='block_1_33' title="bbox 2115 1761 3769 1842">
    <p class='ocr_par' dir='ltr' id='par_1_33' title="bbox 2115 1761 3769 1842">
     <span class='ocr_line' id='line_1_33' title="bbox 2115 1761 3769 1842; baseline -0.002 -21"><span class='ocrx_word' id='word_1_223' title='bbox 2115 1772 2230 1841; x_wconf 83' lang='grc' dir='ltr'>κρῴ</span> <span class='ocrx_word' id='word_1_224' title='bbox 2276 1769 2375 1835; x_wconf 73' lang='grc' dir='ltr'>τὴν</span> <span class='ocrx_word' id='word_1_225' title='bbox 2428 1765 2615 1842; x_wconf 76' lang='grc' dir='ltr'>σοφίαν</span> <span class='ocrx_word' id='word_1_226' title='bbox 2649 1783 2663 1833; x_wconf 86' lang='grc'><strong>;</strong></span> <span class='ocrx_word' id='word_1_227' title='bbox 2698 1765 2794 1819; x_wconf 83' lang='grc' dir='ltr'>Καὶ</span> <span class='ocrx_word' id='word_1_228' title='bbox 2846 1765 3060 1819; x_wconf 78' lang='grc' dir='ltr'>πάντων</span> <span class='ocrx_word' id='word_1_229' title='bbox 3114 1762 3170 1818; x_wconf 74' lang='grc' dir='ltr'>εὖ</span> <span class='ocrx_word' id='word_1_230' title='bbox 3222 1761 3325 1818; x_wconf 80' lang='grc' dir='ltr'>οἶδ’</span> <span class='ocrx_word' id='word_1_231' title='bbox 3374 1762 3455 1817; x_wconf 79' lang='grc' dir='ltr'>ὅτι</span> <span class='ocrx_word' id='word_1_232' title='bbox 3506 1764 3621 1833; x_wconf 87' lang='grc'>(91)</span> <span class='ocrx_word' id='word_1_233' title='bbox 3666 1763 3769 1839; x_wconf 76' lang='grc' dir='ltr'>φή-</span> 
     </span>
    </p>
   </div>
   <div class='ocr_carea' id='block_1_34' title="bbox 346 1852 1999 1947">
    <p class='ocr_par' dir='ltr' id='par_1_34' title="bbox 346 1852 1999 1931">
     <span class='ocr_line' id='line_1_34' title="bbox 346 1852 1999 1931; baseline 0.001 -23"><span class='ocrx_word' id='word_1_234' title='bbox 346 1852 618 1909; x_wconf 88' lang='lat' dir='ltr'>meliores</span> <span class='ocrx_word' id='word_1_235' title='bbox 648 1859 704 1908; x_wconf 88' lang='lat' dir='ltr'>et</span> <span class='ocrx_word' id='word_1_236' title='bbox 735 1852 1109 1931; x_wconf 89' lang='lat' dir='ltr'>sublimiores</span> <span class='ocrx_word' id='word_1_237' title='bbox 1139 1872 1287 1919; x_wconf 82' lang='lat' dir='ltr'>esse,</span> <span class='ocrx_word' id='word_1_238' title='bbox 1321 1874 1393 1910; x_wconf 89' lang='lat' dir='ltr'>an</span> <span class='ocrx_word' id='word_1_239' title='bbox 1439 1856 1587 1910; x_wconf 90' lang='lat' dir='ltr'>hanc</span> <span class='ocrx_word' id='word_1_240' title='bbox 1620 1858 1810 1927; x_wconf 87' lang='lat' dir='ltr'>potius</span> <span class='ocrx_word' id='word_1_241' title='bbox 1840 1856 1999 1911; x_wconf 83' lang='lat' dir='ltr'>illis‘l</span> 
     </span>
    </p>
   </div>
   <div class='ocr_carea' id='block_1_35' title="bbox 2116 1852 3772 1947">
    <p class='ocr_par' dir='ltr' id='par_1_35' title="bbox 2117 1852 3772 1930">
     <span class='ocr_line' id='line_1_35' title="bbox 2117 1852 3772 1930; baseline -0.002 -20"><span class='ocrx_word' id='word_1_242' title='bbox 2117 1875 2286 1911; x_wconf 89' lang='grc' dir='ltr'>σουσι·</span> <span class='ocrx_word' id='word_1_243' title='bbox 2347 1856 2435 1910; x_wconf 87' lang='lat' dir='ltr'>xui</span> <span class='ocrx_word' id='word_1_244' title='bbox 2499 1855 2662 1930; x_wconf 79' lang='grc' dir='ltr'>μέχρι</span> <span class='ocrx_word' id='word_1_245' title='bbox 2731 1854 2939 1909; x_wconf 74' lang='grc' dir='ltr'>τούτων</span> <span class='ocrx_word' id='word_1_246' title='bbox 3006 1853 3136 1908; x_wconf 77' lang='grc' dir='ltr'>εἰσὶν</span> <span class='ocrx_word' id='word_1_247' title='bbox 3202 1852 3545 1927; x_wconf 85' lang='grc' dir='ltr'>εὐγνώμονες</span> <span class='ocrx_word' id='word_1_248' title='bbox 3582 1896 3593 1908; x_wconf 96' lang='grc'>.</span> <span class='ocrx_word' id='word_1_249' title='bbox 3650 1852 3772 1925; x_wconf 67' lang='grc' dir='ltr'>Ἆρ’</span> 
     </span>
    </p>
   </div>
   <div class='ocr_carea' id='block_1_36' title="bbox 346 1928 2007 2014">
    <p class='ocr_par' dir='ltr' id='par_1_36' title="bbox 346 1928 2007 2014">
     <span class='ocr_line' id='line_1_36' title="bbox 346 1928 2007 2014; baseline 0.002 -18"><span class='ocrx_word' id='word_1_250' title='bbox 346 1942 488 1996; x_wconf 88' lang='lat' dir='ltr'>Mihi</span> <span class='ocrx_word' id='word_1_251' title='bbox 518 1942 751 2012; x_wconf 87' lang='lat' dir='ltr'>quidem</span> <span class='ocrx_word' id='word_1_252' title='bbox 786 1961 900 1996; x_wconf 84' lang='lat' dir='ltr'>nun</span> <span class='ocrx_word' id='word_1_253' title='bbox 932 1928 1025 1997; x_wconf 86' lang='lat' dir='ltr'>est</span> <span class='ocrx_word' id='word_1_254' title='bbox 1052 1942 1321 2011; x_wconf 89' lang='lat' dir='ltr'>dubium,</span> <span class='ocrx_word' id='word_1_255' title='bbox 1358 1944 1499 2014; x_wconf 88' lang='lat' dir='ltr'>quin</span> <span class='ocrx_word' id='word_1_256' title='bbox 1550 1944 1699 1999; x_wconf 85' lang='lat' dir='ltr'>hanc</span> <span class='ocrx_word' id='word_1_257' title='bbox 1732 1948 2007 2001; x_wconf 89' lang='lat' dir='ltr'>omnibus</span> 
     </span>
    </p>
   </div>
   <div class='ocr_carea' id='block_1_37' title="bbox 346 2030 2006 2106">
    <p class='ocr_par' dir='ltr' id='par_1_37' title="bbox 346 2030 2006 2106">
     <span class='ocr_line' id='line_1_37' title="bbox 346 2030 2006 2106; baseline 0.002 -20"><span class='ocrx_word' id='word_1_258' title='bbox 346 2031 521 2086; x_wconf 88' lang='lat' dir='ltr'>etiam</span> <span class='ocrx_word' id='word_1_259' title='bbox 547 2030 1011 2103; x_wconf 71' lang='lat' dir='ltr'>prmetantiorcm</span> <span class='ocrx_word' id='word_1_260' title='bbox 1045 2050 1175 2087; x_wconf 73' lang='lat' dir='ltr'>esse</span> <span class='ocrx_word' id='word_1_261' title='bbox 1198 2033 1409 2087; x_wconf 85' lang='lat' dir='ltr'>dicturi</span> <span class='ocrx_word' id='word_1_262' title='bbox 1434 2032 1570 2101; x_wconf 90' lang='lat' dir='ltr'>sint,</span> <span class='ocrx_word' id='word_1_263' title='bbox 1605 2040 1780 2106; x_wconf 85' lang='lat' dir='ltr'>atque</span> <span class='ocrx_word' id='word_1_264' title='bbox 1811 2035 2006 2091; x_wconf 90' lang='lat' dir='ltr'>hacte-</span> 
     </span>
    </p>
   </div>
   <div class='ocr_carea' id='block_1_38' title="bbox 343 2121 2008 2195">
    <p class='ocr_par' dir='ltr' id='par_1_38' title="bbox 343 2121 2008 2195">
     <span class='ocr_line' id='line_1_38' title="bbox 343 2121 2008 2195; baseline 0.002 -20"><span class='ocrx_word' id='word_1_265' title='bbox 343 2138 455 2175; x_wconf 86' lang='lat' dir='ltr'>nus</span> <span class='ocrx_word' id='word_1_266' title='bbox 487 2122 636 2193; x_wconf 77' lang='lat' dir='ltr'>aequi</span> <span class='ocrx_word' id='word_1_267' title='bbox 668 2129 723 2175; x_wconf 89' lang='lat' dir='ltr'>et</span> <span class='ocrx_word' id='word_1_268' title='bbox 753 2121 985 2175; x_wconf 81' lang='lat' dir='ltr'>candidi</span> <span class='ocrx_word' id='word_1_269' title='bbox 1008 2121 1239 2191; x_wconf 80' lang='lat' dir='ltr'>judices</span> <span class='ocrx_word' id='word_1_270' title='bbox 1268 2121 1406 2176; x_wconf 91' lang='lat' dir='ltr'>sint.</span> <span class='ocrx_word' id='word_1_271' title='bbox 1433 2124 1633 2177; x_wconf 83' lang='lat' dir='ltr'>Utrum</span> <span class='ocrx_word' id='word_1_272' title='bbox 1667 2126 1863 2195; x_wconf 77' lang='lat' dir='ltr'>igitur,</span> <span class='ocrx_word' id='word_1_273' title='bbox 1890 2124 2008 2179; x_wconf 89' lang='lat' dir='ltr'>sal-</span> 
     </span>
    </p>
   </div>
   <div class='ocr_carea' id='block_1_39' title="bbox 343 2209 2007 2283">
    <p class='ocr_par' dir='ltr' id='par_1_39' title="bbox 343 2209 2007 2283">
     <span class='ocr_line' id='line_1_39' title="bbox 343 2209 2007 2283; baseline 0.002 -19"><span class='ocrx_word' id='word_1_274' title='bbox 343 2209 580 2264; x_wconf 88' lang='lat' dir='ltr'>tationis</span> <span class='ocrx_word' id='word_1_275' title='bbox 612 2209 849 2280; x_wconf 86' lang='lat' dir='ltr'>quidem</span> <span class='ocrx_word' id='word_1_276' title='bbox 882 2216 938 2263; x_wconf 89' lang='lat' dir='ltr'>et</span> <span class='ocrx_word' id='word_1_277' title='bbox 970 2216 1176 2264; x_wconf 87' lang='lat' dir='ltr'>cantus</span> <span class='ocrx_word' id='word_1_278' title='bbox 1224 2210 1504 2265; x_wconf 86' lang='lat' dir='ltr'>tibiarum</span> <span class='ocrx_word' id='word_1_279' title='bbox 1556 2212 1822 2267; x_wconf 85' lang='lat' dir='ltr'>doctrina</span> <span class='ocrx_word' id='word_1_280' title='bbox 1854 2230 2007 2283; x_wconf 84' lang='lat' dir='ltr'>quee-</span> 
     </span>
    </p>
   </div>
   <div class='ocr_carea' id='block_1_40' title="bbox 343 2297 2009 2369">
    <p class='ocr_par' dir='ltr' id='par_1_40' title="bbox 343 2297 2009 2369">
     <span class='ocr_line' id='line_1_40' title="bbox 343 2297 2009 2369; baseline 0.003 -17"><span class='ocrx_word' id='word_1_281' title='bbox 343 2298 478 2353; x_wconf 86' lang='lat' dir='ltr'>dam</span> <span class='ocrx_word' id='word_1_282' title='bbox 511 2302 567 2353; x_wconf 85' lang='lat' dir='ltr'>et</span> <span class='ocrx_word' id='word_1_283' title='bbox 597 2297 908 2369; x_wconf 88' lang='lat' dir='ltr'>disciplina</span> <span class='ocrx_word' id='word_1_284' title='bbox 949 2302 1054 2365; x_wconf 77' lang='lat' dir='ltr'>est,</span> <span class='ocrx_word' id='word_1_285' title='bbox 1108 2299 1180 2353; x_wconf 90' lang='lat' dir='ltr'>ad</span> <span class='ocrx_word' id='word_1_286' title='bbox 1213 2298 1410 2369; x_wconf 86' lang='lat' dir='ltr'>idque,</span> <span class='ocrx_word' id='word_1_287' title='bbox 1462 2302 1519 2354; x_wconf 89' lang='lat' dir='ltr'>et</span> <span class='ocrx_word' id='word_1_288' title='bbox 1550 2300 1828 2356; x_wconf 88' lang='lat' dir='ltr'>diuturno</span> <span class='ocrx_word' id='word_1_289' title='bbox 1860 2307 2009 2357; x_wconf 88' lang='lat' dir='ltr'>tem-</span> 
     </span>
    </p>
   </div>
   <div class='ocr_carea' id='block_1_41' title="bbox 343 2386 2008 2461">
    <p class='ocr_par' dir='ltr' id='par_1_41' title="bbox 343 2386 2008 2461">
     <span class='ocr_line' id='line_1_41' title="bbox 343 2386 2008 2461; baseline 0.001 -19"><span class='ocrx_word' id='word_1_290' title='bbox 343 2403 503 2460; x_wconf 87' lang='lat' dir='ltr'>pore,</span> <span class='ocrx_word' id='word_1_291' title='bbox 534 2392 592 2441; x_wconf 88' lang='lat' dir='ltr'>et</span> <span class='ocrx_word' id='word_1_292' title='bbox 622 2386 897 2458; x_wconf 90' lang='lat' dir='ltr'>plurimis</span> <span class='ocrx_word' id='word_1_293' title='bbox 930 2387 1232 2441; x_wconf 87' lang='lat' dir='ltr'>laboribus</span> <span class='ocrx_word' id='word_1_294' title='bbox 1264 2404 1329 2441; x_wconf 92' lang='lat' dir='ltr'>ac</span> <span class='ocrx_word' id='word_1_295' title='bbox 1376 2388 1691 2444; x_wconf 88' lang='lat' dir='ltr'>sudoribus</span> <span class='ocrx_word' id='word_1_296' title='bbox 1723 2407 1869 2461; x_wconf 90' lang='lat' dir='ltr'>opus</span> <span class='ocrx_word' id='word_1_297' title='bbox 1900 2395 2008 2459; x_wconf 91' lang='lat' dir='ltr'>est,</span> 
     </span>
    </p>
   </div>
   <div class='ocr_carea' id='block_1_42' title="bbox 344 2476 2009 2550">
    <p class='ocr_par' dir='ltr' id='par_1_42' title="bbox 344 2476 2009 2550">
     <span class='ocr_line' id='line_1_42' title="bbox 344 2476 2009 2550; baseline 0.002 -19"><span class='ocrx_word' id='word_1_298' title='bbox 344 2481 518 2547; x_wconf 86' lang='lat' dir='ltr'>atque</span> <span class='ocrx_word' id='word_1_299' title='bbox 540 2476 833 2531; x_wconf 88' lang='lat' dir='ltr'>interdum</span> <span class='ocrx_word' id='word_1_300' title='bbox 853 2476 1028 2530; x_wconf 85' lang='lat' dir='ltr'>etiam</span> <span class='ocrx_word' id='word_1_301' title='bbox 1057 2477 1385 2531; x_wconf 86' lang='lat' dir='ltr'>mercedem</span> <span class='ocrx_word' id='word_1_302' title='bbox 1413 2477 1739 2548; x_wconf 83' lang='lat' dir='ltr'>persolvere</span> <span class='ocrx_word' id='word_1_303' title='bbox 1764 2484 2009 2550; x_wconf 80' lang='lat' dir='ltr'>oportet,</span> 
     </span>
    </p>
   </div>
   <div class='ocr_carea' id='block_1_43' title="bbox 343 2564 2014 2639">
    <p class='ocr_par' dir='ltr' id='par_1_43' title="bbox 343 2564 2014 2639">
     <span class='ocr_line' id='line_1_43' title="bbox 343 2564 2014 2639; baseline 0.001 -18"><span class='ocrx_word' id='word_1_304' title='bbox 343 2570 399 2621; x_wconf 88' lang='lat' dir='ltr'>et</span> <span class='ocrx_word' id='word_1_305' title='bbox 432 2566 807 2636; x_wconf 85' lang='lat' dir='ltr'>perductores</span> <span class='ocrx_word' id='word_1_306' title='bbox 838 2564 1137 2631; x_wconf 86' lang='lat' dir='ltr'>adhibere,</span> <span class='ocrx_word' id='word_1_307' title='bbox 1172 2564 1493 2638; x_wconf 82' lang='lat' dir='ltr'>longasque</span> <span class='ocrx_word' id='word_1_308' title='bbox 1524 2568 2014 2639; x_wconf 82' lang='lat' dir='ltr'>perigrinationes</span> 
     </span>
    </p>
   </div>
   <div class='ocr_carea' id='block_1_44' title="bbox 345 2656 2013 2728">
    <p class='ocr_par' dir='ltr' id='par_1_44' title="bbox 345 2656 2013 2728">
     <span class='ocr_line' id='line_1_44' title="bbox 345 2656 2013 2728; baseline 0.001 -17"><span class='ocrx_word' id='word_1_309' title='bbox 345 2656 663 2726; x_wconf 87' lang='lat' dir='ltr'>suscipere,</span> <span class='ocrx_word' id='word_1_310' title='bbox 698 2661 1023 2725; x_wconf 68' lang='lat' dir='ltr'>caeteraque</span> <span class='ocrx_word' id='word_1_311' title='bbox 1055 2656 1254 2710; x_wconf 89' lang='lat' dir='ltr'>omnia</span> <span class='ocrx_word' id='word_1_312' title='bbox 1298 2659 1485 2710; x_wconf 76' lang='lat' dir='ltr'>facere</span> <span class='ocrx_word' id='word_1_313' title='bbox 1516 2663 1572 2710; x_wconf 90' lang='lat' dir='ltr'>et</span> <span class='ocrx_word' id='word_1_314' title='bbox 1621 2658 1761 2728; x_wconf 87' lang='lat' dir='ltr'>pati,</span> <span class='ocrx_word' id='word_1_315' title='bbox 1796 2658 2013 2728; x_wconf 88' lang='lat' dir='ltr'>quibus</span> 
     </span>
    </p>
   </div>
   <div class='ocr_carea' id='block_1_45' title="bbox 347 2743 2012 2818">
    <p class='ocr_par' dir='ltr' id='par_1_45' title="bbox 347 2743 2012 2818">
     <span class='ocr_line' id='line_1_45' title="bbox 347 2743 2012 2818; baseline 0.001 -18"><span class='ocrx_word' id='word_1_316' title='bbox 347 2744 492 2800; x_wconf 74' lang='lat' dir='ltr'>artis</span> <span class='ocrx_word' id='word_1_317' title='bbox 525 2743 734 2815; x_wconf 89' lang='lat' dir='ltr'>peritia</span> <span class='ocrx_word' id='word_1_318' title='bbox 780 2749 1194 2815; x_wconf 86' lang='lat' dir='ltr'>comparatur:</span> <span class='ocrx_word' id='word_1_319' title='bbox 1230 2745 1577 2815; x_wconf 84' lang='lat' dir='ltr'>sapientiam</span> <span class='ocrx_word' id='word_1_320' title='bbox 1634 2753 1849 2815; x_wconf 89' lang='lat' dir='ltr'>autem,</span> <span class='ocrx_word' id='word_1_321' title='bbox 1885 2764 2012 2818; x_wconf 72' lang='lat' dir='ltr'>quae</span> 
     </span>
    </p>
   </div>
   <div class='ocr_carea' id='block_1_46' title="bbox 348 2833 2011 2904">
    <p class='ocr_par' dir='ltr' id='par_1_46' title="bbox 348 2833 2011 2904">
     <span class='ocr_line' id='line_1_46' title="bbox 348 2833 2011 2904; baseline 0.002 -17"><span class='ocrx_word' id='word_1_322' title='bbox 348 2833 625 2887; x_wconf 89' lang='lat' dir='ltr'>omnibus</span> <span class='ocrx_word' id='word_1_323' title='bbox 641 2838 941 2903; x_wconf 55' lang='lat' dir='ltr'>praestmc</span> <span class='ocrx_word' id='word_1_324' title='bbox 966 2834 1118 2887; x_wconf 88' lang='lat' dir='ltr'>bona</span> <span class='ocrx_word' id='word_1_325' title='bbox 1148 2834 1345 2887; x_wconf 88' lang='lat' dir='ltr'>omnia</span> <span class='ocrx_word' id='word_1_326' title='bbox 1367 2834 1670 2904; x_wconf 84' lang='lat' dir='ltr'>complexu</span> <span class='ocrx_word' id='word_1_327' title='bbox 1696 2852 1802 2890; x_wconf 92' lang='lat' dir='ltr'>suo</span> <span class='ocrx_word' id='word_1_328' title='bbox 1836 2840 2011 2904; x_wconf 89' lang='lat' dir='ltr'>tenet,</span> 
     </span>
    </p>
   </div>
   <div class='ocr_carea' id='block_1_47' title="bbox 351 2920 2016 2993">
    <p class='ocr_par' dir='ltr' id='par_1_47' title="bbox 351 2920 2016 2993">
     <span class='ocr_line' id='line_1_47' title="bbox 351 2920 2016 2993; baseline 0.002 -18"><span class='ocrx_word' id='word_1_329' title='bbox 351 2922 494 2975; x_wconf 88' lang='lat' dir='ltr'>adeo</span> <span class='ocrx_word' id='word_1_330' title='bbox 520 2925 582 2975; x_wconf 91' lang='lat' dir='ltr'>ut</span> <span class='ocrx_word' id='word_1_331' title='bbox 602 2920 726 2993; x_wconf 88' lang='lat' dir='ltr'>ipse</span> <span class='ocrx_word' id='word_1_332' title='bbox 747 2938 980 2992; x_wconf 86' lang='lat' dir='ltr'>quoque</span> <span class='ocrx_word' id='word_1_333' title='bbox 1007 2923 1175 2987; x_wconf 83' lang='lat' dir='ltr'>Deus,</span> <span class='ocrx_word' id='word_1_334' title='bbox 1206 2921 1477 2992; x_wconf 83' lang='lat' dir='ltr'>quamvis</span> <span class='ocrx_word' id='word_1_335' title='bbox 1500 2925 1808 2993; x_wconf 89' lang='lat' dir='ltr'>permultis</span> <span class='ocrx_word' id='word_1_336' title='bbox 1834 2925 2016 2980; x_wconf 67' lang='lat' dir='ltr'>nomi&#39;</span> 
     </span>
    </p>
   </div>
   <div class='ocr_carea' id='block_1_48' title="bbox 354 3008 2011 3084">
    <p class='ocr_par' dir='ltr' id='par_1_48' title="bbox 354 3008 2011 3084">
     <span class='ocr_line' id='line_1_48' title="bbox 354 3008 2011 3084; baseline 0.002 -20"><span class='ocrx_word' id='word_1_337' title='bbox 354 3008 529 3064; x_wconf 90' lang='lat' dir='ltr'>nibus</span> <span class='ocrx_word' id='word_1_338' title='bbox 562 3016 818 3075; x_wconf 85' lang='lat' dir='ltr'>vocetur,</span> <span class='ocrx_word' id='word_1_339' title='bbox 855 3009 958 3063; x_wconf 86' lang='lat' dir='ltr'>hoc</span> <span class='ocrx_word' id='word_1_340' title='bbox 990 3014 1184 3064; x_wconf 88' lang='lat' dir='ltr'>tamen</span> <span class='ocrx_word' id='word_1_341' title='bbox 1220 3011 1454 3065; x_wconf 82' lang='lat' dir='ltr'>nomine</span> <span class='ocrx_word' id='word_1_342' title='bbox 1478 3011 1802 3081; x_wconf 85' lang='lat' dir='ltr'>impensius</span> <span class='ocrx_word' id='word_1_343' title='bbox 1835 3032 2011 3084; x_wconf 85' lang='lat' dir='ltr'>quam</span> 
     </span>
    </p>
   </div>
   <div class='ocr_carea' id='block_1_49' title="bbox 358 3096 2011 3173">
    <p class='ocr_par' dir='ltr' id='par_1_49' title="bbox 358 3096 2011 3173">
     <span class='ocr_line' id='line_1_49' title="bbox 358 3096 2011 3173; baseline 0.003 -21"><span class='ocrx_word' id='word_1_344' title='bbox 358 3096 494 3152; x_wconf 91' lang='lat' dir='ltr'>ullis</span> <span class='ocrx_word' id='word_1_345' title='bbox 525 3097 656 3153; x_wconf 89' lang='lat' dir='ltr'>aliis</span> <span class='ocrx_word' id='word_1_346' title='bbox 685 3096 1023 3168; x_wconf 86' lang='lat' dir='ltr'>delectetur,</span> <span class='ocrx_word' id='word_1_347' title='bbox 1059 3115 1179 3152; x_wconf 84' lang='lat' dir='ltr'>rem</span> <span class='ocrx_word' id='word_1_348' title='bbox 1208 3116 1390 3169; x_wconf 57' lang='lat' dir='ltr'>usque</span> <span class='ocrx_word' id='word_1_349' title='bbox 1419 3101 1562 3153; x_wconf 89' lang='lat' dir='ltr'>adeo</span> <span class='ocrx_word' id='word_1_350' title='bbox 1586 3100 1766 3155; x_wconf 89' lang='lat' dir='ltr'>levem</span> <span class='ocrx_word' id='word_1_351' title='bbox 1800 3107 1856 3156; x_wconf 90' lang='lat' dir='ltr'>et</span> <span class='ocrx_word' id='word_1_352' title='bbox 1880 3120 2011 3173; x_wconf 89' lang='lat' dir='ltr'>pro-</span> 
     </span>
    </p>
   </div>
   <div class='ocr_carea' id='block_1_50' title="bbox 351 3185 2009 3262">
    <p class='ocr_par' dir='ltr' id='par_1_50' title="bbox 351 3185 2009 3262">
     <span class='ocr_line' id='line_1_50' title="bbox 351 3185 2009 3262; baseline 0.003 -21"><span class='ocrx_word' id='word_1_353' title='bbox 351 3186 553 3241; x_wconf 87' lang='lat' dir='ltr'>tritam</span> <span class='ocrx_word' id='word_1_354' title='bbox 578 3203 705 3241; x_wconf 89' lang='lat' dir='ltr'>esse</span> <span class='ocrx_word' id='word_1_355' title='bbox 735 3185 1221 3255; x_wconf 82' lang='lat' dir='ltr'>existimabimus,</span> <span class='ocrx_word' id='word_1_356' title='bbox 1259 3195 1319 3241; x_wconf 88' lang='lat' dir='ltr'>ut</span> <span class='ocrx_word' id='word_1_357' title='bbox 1349 3188 1420 3241; x_wconf 88' lang='lat' dir='ltr'>ad</span> <span class='ocrx_word' id='word_1_358' title='bbox 1457 3189 1582 3254; x_wconf 88' lang='lat' dir='ltr'>hoc,</span> <span class='ocrx_word' id='word_1_359' title='bbox 1622 3195 1684 3243; x_wconf 90' lang='lat' dir='ltr'>ut</span> <span class='ocrx_word' id='word_1_360' title='bbox 1715 3191 2009 3262; x_wconf 88' lang='lat' dir='ltr'>quispiam</span> 
     </span>
    </p>
   </div>
   <div class='ocr_carea' id='block_1_51' title="bbox 2118 1938 3775 2020">
    <p class='ocr_par' dir='ltr' id='par_1_51' title="bbox 2118 1938 3775 2020">
     <span class='ocr_line' id='line_1_51' title="bbox 2118 1938 3775 2020; baseline -0.004 -19"><span class='ocrx_word' id='word_1_361' title='bbox 2118 1947 2209 2001; x_wconf 81' lang='grc' dir='ltr'>οὗν</span> <span class='ocrx_word' id='word_1_362' title='bbox 2243 1945 2527 2020; x_wconf 71' lang='grc' dir='ltr'>ὀρχήσεως</span> <span class='ocrx_word' id='word_1_363' title='bbox 2572 1945 2667 2016; x_wconf 78' lang='grc' dir='ltr'>μὶν</span> <span class='ocrx_word' id='word_1_364' title='bbox 2710 1944 2799 1998; x_wconf 82' lang='grc' dir='ltr'>καὶ</span> <span class='ocrx_word' id='word_1_365' title='bbox 2850 1941 3135 2013; x_wconf 78' lang='grc' dir='ltr'>αὐλήσεώς</span> <span class='ocrx_word' id='word_1_366' title='bbox 3166 1945 3279 2015; x_wconf 84' lang='grc'>(92)</span> <span class='ocrx_word' id='word_1_367' title='bbox 3312 1941 3421 1996; x_wconf 81' lang='grc' dir='ltr'>ἐστι</span> <span class='ocrx_word' id='word_1_368' title='bbox 3455 1938 3775 1995; x_wconf 82' lang='grc' dir='ltr'>διδασκαλία</span> 
     </span>
    </p>
   </div>
   <div class='ocr_carea' id='block_1_52' title="bbox 2116 2027 3772 2108">
    <p class='ocr_par' dir='ltr' id='par_1_52' title="bbox 2116 2027 3772 2108">
     <span class='ocr_line' id='line_1_52' title="bbox 2116 2027 3772 2108; baseline -0.003 -20"><span class='ocrx_word' id='word_1_369' title='bbox 2116 2037 2206 2088; x_wconf 87' lang='lat' dir='ltr'>xui</span> <span class='ocrx_word' id='word_1_370' title='bbox 2242 2036 2495 2107; x_wconf 75' lang='grc' dir='ltr'>μάθησις,</span> <span class='ocrx_word' id='word_1_371' title='bbox 2546 2034 2635 2087; x_wconf 83' lang='lat' dir='ltr'>xui</span> <span class='ocrx_word' id='word_1_372' title='bbox 2687 2032 2891 2107; x_wconf 76' lang='grc' dir='ltr'>χρόνου</span> <span class='ocrx_word' id='word_1_373' title='bbox 2936 2032 3074 2108; x_wconf 82' lang='grc' dir='ltr'>πρὸς</span> <span class='ocrx_word' id='word_1_374' title='bbox 3122 2036 3281 2085; x_wconf 77' lang='grc' dir='ltr'>τοῦτο</span> <span class='ocrx_word' id='word_1_375' title='bbox 3333 2028 3435 2101; x_wconf 82' lang='grc' dir='ltr'>δεῖ,</span> <span class='ocrx_word' id='word_1_376' title='bbox 3485 2030 3575 2084; x_wconf 86' lang='grc' dir='ltr'>καὶ</span> <span class='ocrx_word' id='word_1_377' title='bbox 3607 2027 3772 2106; x_wconf 72' lang='grc' dir='ltr'>ἱδρώ-</span> 
     </span>
    </p>
   </div>
   <div class='ocr_carea' id='block_1_53' title="bbox 2118 2114 3772 2195">
    <p class='ocr_par' dir='ltr' id='par_1_53' title="bbox 2118 2114 3772 2195">
     <span class='ocr_line' id='line_1_53' title="bbox 2118 2114 3772 2195; baseline -0.002 -20"><span class='ocrx_word' id='word_1_378' title='bbox 2118 2143 2224 2175; x_wconf 87' lang='grc' dir='ltr'>των</span> <span class='ocrx_word' id='word_1_379' title='bbox 2260 2125 2470 2195; x_wconf 78' lang='grc' dir='ltr'>συχνῶν</span> <span class='ocrx_word' id='word_1_380' title='bbox 2504 2120 2593 2173; x_wconf 83' lang='grc' dir='ltr'>καὶ</span> <span class='ocrx_word' id='word_1_381' title='bbox 2626 2120 2830 2188; x_wconf 82' lang='grc' dir='ltr'>πόνων,</span> <span class='ocrx_word' id='word_1_382' title='bbox 2863 2118 2951 2173; x_wconf 82' lang='grc' dir='ltr'>καὶ</span> <span class='ocrx_word' id='word_1_383' title='bbox 3008 2117 3235 2191; x_wconf 76' lang='grc' dir='ltr'>μισθοὺς</span> <span class='ocrx_word' id='word_1_384' title='bbox 3284 2114 3612 2173; x_wconf 75' lang='grc' dir='ltr'>καταϐαλεῖν</span> <span class='ocrx_word' id='word_1_385' title='bbox 3660 2121 3772 2190; x_wconf 78' lang='grc'>(93)</span> 
     </span>
    </p>
   </div>
   <div class='ocr_carea' id='block_1_54' title="bbox 2121 2205 3779 2284">
    <p class='ocr_par' dir='ltr' id='par_1_54' title="bbox 2121 2205 3779 2284">
     <span class='ocr_line' id='line_1_54' title="bbox 2121 2205 3779 2284; baseline -0.002 -20"><span class='ocrx_word' id='word_1_386' title='bbox 2121 2209 2261 2265; x_wconf 77' lang='grc' dir='ltr'>ἔστιν</span> <span class='ocrx_word' id='word_1_387' title='bbox 2291 2212 2400 2279; x_wconf 79' lang='grc' dir='ltr'>ὅτε,</span> <span class='ocrx_word' id='word_1_388' title='bbox 2449 2210 2539 2263; x_wconf 86' lang='lat' dir='ltr'>xui</span> <span class='ocrx_word' id='word_1_389' title='bbox 2589 2214 2963 2284; x_wconf 83' lang='grc' dir='ltr'>προσαγωγῶν</span> <span class='ocrx_word' id='word_1_390' title='bbox 3016 2211 3125 2281; x_wconf 78' lang='grc'>(94)</span> <span class='ocrx_word' id='word_1_391' title='bbox 3176 2205 3460 2277; x_wconf 79' lang='grc' dir='ltr'>δεηθῆναι,</span> <span class='ocrx_word' id='word_1_392' title='bbox 3510 2206 3601 2262; x_wconf 85' lang='grc' dir='ltr'>καὶ</span> <span class='ocrx_word' id='word_1_393' title='bbox 3652 2207 3779 2262; x_wconf 82' lang='grc' dir='ltr'>ἀπο-</span> 
     </span>
    </p>
   </div>
   <div class='ocr_carea' id='block_1_55' title="bbox 2122 2296 3776 2373">
    <p class='ocr_par' dir='ltr' id='par_1_55' title="bbox 2122 2296 3776 2373">
     <span class='ocr_line' id='line_1_55' title="bbox 2122 2296 3776 2373; baseline -0.008 -20"><span class='ocrx_word' id='word_1_394' title='bbox 2122 2298 2367 2372; x_wconf 79' lang='grc' dir='ltr'>δημῆσαι</span> <span class='ocrx_word' id='word_1_395' title='bbox 2414 2297 2740 2373; x_wconf 83' lang='grc' dir='ltr'>μακρότερα,</span> <span class='ocrx_word' id='word_1_396' title='bbox 2792 2297 2881 2352; x_wconf 87' lang='lat' dir='ltr'>xui</span> <span class='ocrx_word' id='word_1_397' title='bbox 2937 2296 3117 2352; x_wconf 78' lang='grc' dir='ltr'>τᾶλλα</span> <span class='ocrx_word' id='word_1_398' title='bbox 3322 2298 3388 2350; x_wconf 74' lang='grc' dir='ltr'>τὰ</span> <span class='ocrx_word' id='word_1_399' title='bbox 3424 2298 3517 2370; x_wconf 76' lang='grc' dir='ltr'>μὲν</span> <span class='ocrx_word' id='word_1_400' title='bbox 3551 2304 3776 2366; x_wconf 75' lang='grc' dir='ltr'>ποιῆσαι</span> 
     </span>
    </p>
   </div>
   <div class='ocr_carea' id='block_1_56' title="bbox 2121 2383 3773 2461">
    <p class='ocr_par' dir='ltr' id='par_1_56' title="bbox 2121 2383 3773 2461">
     <span class='ocr_line' id='line_1_56' title="bbox 2121 2383 3773 2461; baseline -0.001 -19"><span class='ocrx_word' id='word_1_401' title='bbox 2121 2388 2312 2460; x_wconf 87' lang='grc' dir='ltr'>πάντα,</span> <span class='ocrx_word' id='word_1_402' title='bbox 2360 2388 2428 2442; x_wconf 75' lang='grc' dir='ltr'>τὰ</span> <span class='ocrx_word' id='word_1_403' title='bbox 2476 2384 2533 2441; x_wconf 76' lang='grc' dir='ltr'>δὲ</span> <span class='ocrx_word' id='word_1_404' title='bbox 2586 2392 2798 2455; x_wconf 83' lang='grc' dir='ltr'>παθεῖν,</span> <span class='ocrx_word' id='word_1_405' title='bbox 2849 2389 2931 2448; x_wconf 85' lang='grc' dir='ltr'>οἷς</span> <span class='ocrx_word' id='word_1_406' title='bbox 2984 2385 3240 2460; x_wconf 83' lang='grc' dir='ltr'>ἐμπειρία</span> <span class='ocrx_word' id='word_1_407' title='bbox 3284 2383 3625 2461; x_wconf 70' lang='grc' dir='ltr'>συλλέγεταν</span> <span class='ocrx_word' id='word_1_408' title='bbox 3676 2387 3773 2455; x_wconf 76' lang='grc' dir='ltr'>τὴν</span> 
     </span>
    </p>
   </div>
   <div class='ocr_carea' id='block_1_57' title="bbox 2124 2473 3779 2554">
    <p class='ocr_par' dir='ltr' id='par_1_57' title="bbox 2124 2473 3779 2554">
     <span class='ocr_line' id='line_1_57' title="bbox 2124 2473 3779 2554; baseline -0.002 -22"><span class='ocrx_word' id='word_1_409' title='bbox 2124 2476 2180 2532; x_wconf 70' lang='grc' dir='ltr'>δὲ</span> <span class='ocrx_word' id='word_1_410' title='bbox 2238 2478 2452 2554; x_wconf 73' lang='grc' dir='ltr'>σοφίαν,</span> <span class='ocrx_word' id='word_1_411' title='bbox 2510 2478 2543 2545; x_wconf 80' lang='grc' dir='ltr'>ἢ</span> <span class='ocrx_word' id='word_1_412' title='bbox 2602 2482 2757 2530; x_wconf 81' lang='grc' dir='ltr'>πᾶσιν</span> <span class='ocrx_word' id='word_1_413' title='bbox 2814 2475 3089 2529; x_wconf 82' lang='grc' dir='ltr'>ἐπιστατεῖ</span> <span class='ocrx_word' id='word_1_414' title='bbox 3351 2474 3441 2529; x_wconf 84' lang='grc' dir='ltr'>καὶ</span> <span class='ocrx_word' id='word_1_415' title='bbox 3498 2477 3672 2530; x_wconf 79' lang='grc' dir='ltr'>πάντα</span> <span class='ocrx_word' id='word_1_416' title='bbox 3728 2473 3779 2528; x_wconf 80' lang='grc' dir='ltr'>ἐν</span> 
     </span>
    </p>
   </div>
   <div class='ocr_carea' id='block_1_58' title="bbox 2123 2560 3775 2640">
    <p class='ocr_par' dir='ltr' id='par_1_58' title="bbox 2123 2560 3775 2640">
     <span class='ocr_line' id='line_1_58' title="bbox 2123 2560 3775 2640; baseline -0.002 -18"><span class='ocrx_word' id='word_1_417' title='bbox 2123 2568 2285 2640; x_wconf 72' lang='grc' dir='ltr'>ἑαυτῇ</span> <span class='ocrx_word' id='word_1_418' title='bbox 2341 2567 2408 2620; x_wconf 73' lang='grc' dir='ltr'>τὰ</span> <span class='ocrx_word' id='word_1_419' title='bbox 2464 2564 2607 2619; x_wconf 79' lang='grc' dir='ltr'>καλὰ</span> <span class='ocrx_word' id='word_1_420' title='bbox 2659 2560 3010 2619; x_wconf 75' lang='grc' dir='ltr'>συλλαϐοῦσα</span> <span class='ocrx_word' id='word_1_421' title='bbox 3065 2566 3181 2637; x_wconf 84' lang='grc'>(97)</span> <span class='ocrx_word' id='word_1_422' title='bbox 3240 2562 3377 2639; x_wconf 81' lang='grc' dir='ltr'>ἔχει,</span> <span class='ocrx_word' id='word_1_423' title='bbox 3431 2562 3507 2625; x_wconf 82' lang='grc' dir='ltr'>ὠς</span> <span class='ocrx_word' id='word_1_424' title='bbox 3556 2562 3645 2617; x_wconf 88' lang='lat' dir='ltr'>xui</span> <span class='ocrx_word' id='word_1_425' title='bbox 3684 2560 3775 2618; x_wconf 80' lang='grc' dir='ltr'>τὸν</span> 
     </span>
    </p>
   </div>
   <div class='ocr_carea' id='block_1_59' title="bbox 2124 2650 3776 2729">
    <p class='ocr_par' dir='ltr' id='par_1_59' title="bbox 2124 2650 3776 2729">
     <span class='ocr_line' id='line_1_59' title="bbox 2124 2650 3776 2729; baseline -0.002 -19"><span class='ocrx_word' id='word_1_426' title='bbox 2124 2656 2250 2711; x_wconf 87' lang='grc' dir='ltr'>Θεὸν</span> <span class='ocrx_word' id='word_1_427' title='bbox 2284 2654 2440 2709; x_wconf 70' lang='grc' dir='ltr'>αὐτὸν</span> <span class='ocrx_word' id='word_1_428' title='bbox 2473 2658 2633 2708; x_wconf 79' lang='grc' dir='ltr'>τοῦτο</span> <span class='ocrx_word' id='word_1_429' title='bbox 2669 2651 2882 2725; x_wconf 80' lang='grc' dir='ltr'>μᾶλλον</span> <span class='ocrx_word' id='word_1_430' title='bbox 2916 2655 2949 2721; x_wconf 79' lang='grc' dir='ltr'>ἢ</span> <span class='ocrx_word' id='word_1_431' title='bbox 2978 2675 3027 2707; x_wconf 86' lang='grc' dir='ltr'>τι</span> <span class='ocrx_word' id='word_1_432' title='bbox 3060 2650 3201 2706; x_wconf 79' lang='grc' dir='ltr'>ἄλλο</span> <span class='ocrx_word' id='word_1_433' title='bbox 3231 2652 3442 2729; x_wconf 80' lang='grc' dir='ltr'>χαίρειν</span> <span class='ocrx_word' id='word_1_434' title='bbox 3489 2652 3776 2725; x_wconf 77' lang='grc' dir='ltr'>ἀκούοντα,</span> 
     </span>
    </p>
   </div>
   <div class='ocr_carea' id='block_1_60' title="bbox 2126 2741 3773 2817">
    <p class='ocr_par' dir='ltr' id='par_1_60' title="bbox 2126 2741 3773 2817">
     <span class='ocr_line' id='line_1_60' title="bbox 2126 2741 3773 2817; baseline -0.001 -18"><span class='ocrx_word' id='word_1_435' title='bbox 2126 2742 2313 2813; x_wconf 75' lang='grc' dir='ltr'>ἰπειδὴ</span> <span class='ocrx_word' id='word_1_436' title='bbox 2364 2742 2609 2798; x_wconf 78' lang='grc' dir='ltr'>καλεῖται</span> <span class='ocrx_word' id='word_1_437' title='bbox 2658 2741 2896 2805; x_wconf 82' lang='grc' dir='ltr'>πολλοῖς</span> <span class='ocrx_word' id='word_1_438' title='bbox 2947 2742 3227 2815; x_wconf 80' lang='grc' dir='ltr'>ὀνόμασιν,</span> <span class='ocrx_word' id='word_1_439' title='bbox 3277 2742 3420 2796; x_wconf 76' lang='grc' dir='ltr'>οὕτω</span> <span class='ocrx_word' id='word_1_440' title='bbox 3468 2742 3667 2817; x_wconf 73' lang='grc' dir='ltr'>κοῦφόν</span> <span class='ocrx_word' id='word_1_441' title='bbox 3721 2763 3773 2797; x_wconf 87' lang='grc' dir='ltr'>τι</span> 
     </span>
    </p>
   </div>
   <div class='ocr_carea' id='block_1_61' title="bbox 2123 2829 3772 2907">
    <p class='ocr_par' dir='ltr' id='par_1_61' title="bbox 2123 2829 3772 2907">
     <span class='ocr_line' id='line_1_61' title="bbox 2123 2829 3772 2907; baseline -0.002 -19"><span class='ocrx_word' id='word_1_442' title='bbox 2123 2834 2211 2890; x_wconf 85' lang='lat' dir='ltr'>xui</span> <span class='ocrx_word' id='word_1_443' title='bbox 2262 2833 2643 2904; x_wconf 80' lang='grc' dir='ltr'>πεπατημὲνον</span> <span class='ocrx_word' id='word_1_444' title='bbox 2694 2838 2924 2907; x_wconf 84' lang='grc' dir='ltr'>πρᾶγμα</span> <span class='ocrx_word' id='word_1_445' title='bbox 2984 2829 3385 2905; x_wconf 77' lang='grc' dir='ltr'>ὁποληψόμεθα</span> <span class='ocrx_word' id='word_1_446' title='bbox 3418 2875 3432 2900; x_wconf 93' lang='grc'>,</span> <span class='ocrx_word' id='word_1_447' title='bbox 3492 2830 3630 2884; x_wconf 82' lang='grc' dir='ltr'>ὥστε</span> <span class='ocrx_word' id='word_1_448' title='bbox 3684 2832 3772 2885; x_wconf 83' lang='grc' dir='ltr'>θε-</span> 
     </span>
    </p>
   </div>
   <div class='ocr_carea' id='block_1_62' title="bbox 2126 2916 3777 2997">
    <p class='ocr_par' dir='ltr' id='par_1_62' title="bbox 2126 2916 3777 2997">
     <span class='ocr_line' id='line_1_62' title="bbox 2126 2916 3777 2997; baseline -0.002 -20"><span class='ocrx_word' id='word_1_449' title='bbox 2126 2922 2288 2992; x_wconf 84' lang='grc' dir='ltr'>λῆσαι</span> <span class='ocrx_word' id='word_1_450' title='bbox 2323 2921 2430 2977; x_wconf 83' lang='grc' dir='ltr'>δεῖν</span> <span class='ocrx_word' id='word_1_451' title='bbox 2464 2924 2579 2994; x_wconf 77' lang='grc'>(98)</span> <span class='ocrx_word' id='word_1_452' title='bbox 2614 2920 2777 2993; x_wconf 80' lang='grc' dir='ltr'>μόνον</span> <span class='ocrx_word' id='word_1_453' title='bbox 2831 2919 2919 2973; x_wconf 80' lang='grc' dir='ltr'>καὶ</span> <span class='ocrx_word' id='word_1_454' title='bbox 2970 2921 3103 2974; x_wconf 81' lang='grc' dir='ltr'>εἷναι</span> <span class='ocrx_word' id='word_1_455' title='bbox 3146 2919 3314 2997; x_wconf 79' lang='grc' dir='ltr'>σοφόν</span> <span class='ocrx_word' id='word_1_456' title='bbox 3352 2947 3365 2989; x_wconf 84' lang='grc'>;</span> <span class='ocrx_word' id='word_1_457' title='bbox 3403 2916 3628 2988; x_wconf 80' lang='grc' dir='ltr'>Πολλῆς</span> 
     </span>
    </p>
   </div>
   <div class='ocr_carea' id='block_1_63' title="bbox 2122 3007 3773 3084">
    <p class='ocr_par' dir='ltr' id='par_1_63' title="bbox 2122 3007 3773 3084">
     <span class='ocr_line' id='line_1_63' title="bbox 2122 3007 3773 3084; baseline -0.003 -17"><span class='ocrx_word' id='word_1_458' title='bbox 2122 3018 2282 3067; x_wconf 77' lang='grc' dir='ltr'>τοῦτο</span> <span class='ocrx_word' id='word_1_459' title='bbox 2332 3019 2431 3079; x_wconf 78' lang='grc' dir='ltr'>τῆς</span> <span class='ocrx_word' id='word_1_460' title='bbox 2470 3010 2748 3082; x_wconf 77' lang='grc' dir='ltr'>ἀμαθείας.</span> <span class='ocrx_word' id='word_1_461' title='bbox 2784 3016 2878 3063; x_wconf 79' lang='lat' dir='ltr'>&quot;Av</span> <span class='ocrx_word' id='word_1_462' title='bbox 2929 3014 3096 3063; x_wconf 74' lang='grc' dir='ltr'>ταῦτα</span> <span class='ocrx_word' id='word_1_463' title='bbox 3146 3008 3395 3084; x_wconf 70' lang='grc' dir='ltr'>λέγωμεν</span> <span class='ocrx_word' id='word_1_464' title='bbox 3447 3008 3653 3079; x_wconf 80' lang='grc' dir='ltr'>αὐτοῖς,</span> <span class='ocrx_word' id='word_1_465' title='bbox 3685 3007 3773 3063; x_wconf 80' lang='grc' dir='ltr'>καὶ</span> 
     </span>
    </p>
   </div>
   <div class='ocr_carea' id='block_1_64' title="bbox 2124 3096 3777 3175">
    <p class='ocr_par' dir='ltr' id='par_1_64' title="bbox 2124 3096 3777 3175">
     <span class='ocr_line' id='line_1_64' title="bbox 2124 3096 3777 3175; baseline -0.004 -17"><span class='ocrx_word' id='word_1_466' title='bbox 2124 3104 2259 3157; x_wconf 75' lang='grc' dir='ltr'>κατὰ</span> <span class='ocrx_word' id='word_1_467' title='bbox 2312 3100 2503 3175; x_wconf 82' lang='grc' dir='ltr'>μικρὸν</span> <span class='ocrx_word' id='word_1_468' title='bbox 2550 3100 2649 3167; x_wconf 74' lang='grc' dir='ltr'>τὴν</span> <span class='ocrx_word' id='word_1_469' title='bbox 2698 3097 2911 3167; x_wconf 78' lang='grc' dir='ltr'>πλάνην</span> <span class='ocrx_word' id='word_1_470' title='bbox 2962 3098 3410 3173; x_wconf 80' lang='grc' dir='ltr'>ἀνακαθαίρωμεν</span> <span class='ocrx_word' id='word_1_471' title='bbox 3463 3100 3563 3170; x_wconf 75' lang='grc'>(4),</span> <span class='ocrx_word' id='word_1_472' title='bbox 3610 3096 3646 3167; x_wconf 72' lang='grc' dir='ltr'>ἤ</span> <span class='ocrx_word' id='word_1_473' title='bbox 3695 3117 3777 3159; x_wconf 88' lang='grc' dir='ltr'>τις</span> 
     </span>
    </p>
   </div>
   <div class='ocr_carea' id='block_1_65' title="bbox 2123 3187 3772 3263">
    <p class='ocr_par' dir='ltr' id='par_1_65' title="bbox 2123 3187 3772 3263">
     <span class='ocr_line' id='line_1_65' title="bbox 2123 3187 3772 3263; baseline -0.001 -19"><span class='ocrx_word' id='word_1_474' title='bbox 2123 3190 2296 3253; x_wconf 80' lang='grc' dir='ltr'>ἀλλος</span> <span class='ocrx_word' id='word_1_475' title='bbox 2360 3196 2464 3244; x_wconf 88' lang='grc' dir='ltr'>τῶν</span> <span class='ocrx_word' id='word_1_476' title='bbox 2523 3187 2927 3263; x_wconf 79' lang='grc' dir='ltr'>εὐμαθεστέρων</span> <span class='ocrx_word' id='word_1_477' title='bbox 2986 3188 3074 3242; x_wconf 81' lang='grc' dir='ltr'>καὶ</span> <span class='ocrx_word' id='word_1_478' title='bbox 3132 3189 3506 3259; x_wconf 67' lang='grc' dir='ltr'>συνετωτέρων</span> <span class='ocrx_word' id='word_1_479' title='bbox 3544 3231 3558 3255; x_wconf 92' lang='grc'>,</span> <span class='ocrx_word' id='word_1_480' title='bbox 3612 3192 3772 3242; x_wconf 78' lang='grc' dir='ltr'>τοῦτο</span> 
     </span>
    </p>
   </div>
   <div class='ocr_carea' id='block_1_66' title="bbox 351 3250 1999 3351">
    <p class='ocr_par' dir='ltr' id='par_1_66' title="bbox 351 3250 1999 3351">
     <span class='ocr_line' id='line_1_66' title="bbox 351 3250 1999 3351; baseline 0.002 -20"><span class='ocrx_word' id='word_1_481' title='bbox 351 3276 588 3346; x_wconf 87' lang='lat' dir='ltr'>sapiens</span> <span class='ocrx_word' id='word_1_482' title='bbox 620 3276 716 3343; x_wconf 88' lang='lat' dir='ltr'>sit,</span> <span class='ocrx_word' id='word_1_483' title='bbox 752 3274 1018 3330; x_wconf 87' lang='lat' dir='ltr'>voluntas</span> <span class='ocrx_word' id='word_1_484' title='bbox 1048 3275 1172 3330; x_wconf 88' lang='lat' dir='ltr'>sola</span> <span class='ocrx_word' id='word_1_485' title='bbox 1208 3250 1587 3347; x_wconf 52' lang='lat' dir='ltr'>requiratur?</span> <span class='ocrx_word' id='word_1_486' title='bbox 1618 3250 1999 3351; x_wconf 42' lang='lat' dir='ltr'>Magnze‘pro-</span> 
     </span>
    </p>
   </div>
   <div class='ocr_carea' id='block_1_67' title="bbox 2116 3250 3773 3351">
    <p class='ocr_par' dir='ltr' id='par_1_67' title="bbox 2122 3275 3773 3351">
     <span class='ocr_line' id='line_1_67' title="bbox 2122 3275 3773 3351; baseline -0.002 -16"><span class='ocrx_word' id='word_1_487' title='bbox 2122 3281 2294 3335; x_wconf 74' lang='grc' dir='ltr'>ἐκεῖνο</span> <span class='ocrx_word' id='word_1_488' title='bbox 2351 3280 2486 3334; x_wconf 84' lang='grc' dir='ltr'>κατὰ</span> <span class='ocrx_word' id='word_1_489' title='bbox 2540 3282 2749 3351; x_wconf 88' lang='grc' dir='ltr'>πετρῶν</span> <span class='ocrx_word' id='word_1_490' title='bbox 2811 3276 3081 3348; x_wconf 86' lang='grc' dir='ltr'>σπείρειν,</span> <span class='ocrx_word' id='word_1_491' title='bbox 3133 3277 3221 3331; x_wconf 88' lang='lat' dir='ltr'>xui</span> <span class='ocrx_word' id='word_1_492' title='bbox 3276 3275 3462 3331; x_wconf 86' lang='grc' dir='ltr'>λαλεῖν</span> <span class='ocrx_word' id='word_1_493' title='bbox 3525 3277 3602 3339; x_wconf 82' lang='grc' dir='ltr'>εἷς</span> <span class='ocrx_word' id='word_1_494' title='bbox 3661 3278 3773 3331; x_wconf 79' lang='grc' dir='ltr'>ὦτα</span> 
     </span>
    </p>
   </div>
   <div class='ocr_carea' id='block_1_68' title="bbox 348 3363 2004 3439">
    <p class='ocr_par' dir='ltr' id='par_1_68' title="bbox 348 3363 2004 3439">
     <span class='ocr_line' id='line_1_68' title="bbox 348 3363 2004 3439; baseline 0.004 -21"><span class='ocrx_word' id='word_1_495' title='bbox 348 3363 498 3419; x_wconf 80' lang='lat' dir='ltr'>fecto</span> <span class='ocrx_word' id='word_1_496' title='bbox 532 3364 790 3420; x_wconf 69' lang='lat' dir='ltr'>stultitiae</span> <span class='ocrx_word' id='word_1_497' title='bbox 824 3365 930 3419; x_wconf 87' lang='lat' dir='ltr'>hoc</span> <span class='ocrx_word' id='word_1_498' title='bbox 979 3364 1171 3419; x_wconf 76' lang='lat' dir='ltr'>fuerit.</span> <span class='ocrx_word' id='word_1_499' title='bbox 1223 3366 1281 3419; x_wconf 82' lang='lat' dir='ltr'>Si</span> <span class='ocrx_word' id='word_1_500' title='bbox 1310 3366 1432 3420; x_wconf 64' lang='lat' dir='ltr'>haec</span> <span class='ocrx_word' id='word_1_501' title='bbox 1470 3367 1542 3422; x_wconf 90' lang='lat' dir='ltr'>ad</span> <span class='ocrx_word' id='word_1_502' title='bbox 1575 3384 1672 3422; x_wconf 87' lang='lat' dir='ltr'>eos</span> <span class='ocrx_word' id='word_1_503' title='bbox 1718 3369 2004 3439; x_wconf 85' lang='lat' dir='ltr'>dicamus,</span> 
     </span>
    </p>
   </div>
   <div class='ocr_carea' id='block_1_69' title="bbox 345 3452 2004 3530">
    <p class='ocr_par' dir='ltr' id='par_1_69' title="bbox 345 3452 2004 3530">
     <span class='ocr_line' id='line_1_69' title="bbox 345 3452 2004 3530; baseline 0.003 -21"><span class='ocrx_word' id='word_1_504' title='bbox 345 3470 720 3525; x_wconf 89' lang='lat' dir='ltr'>erroremque</span> <span class='ocrx_word' id='word_1_505' title='bbox 750 3452 1033 3526; x_wconf 84' lang='lat' dir='ltr'>paulatim</span> <span class='ocrx_word' id='word_1_506' title='bbox 1078 3471 1486 3527; x_wconf 84' lang='lat' dir='ltr'>repurgemus,</span> <span class='ocrx_word' id='word_1_507' title='bbox 1519 3462 1622 3512; x_wconf 88' lang='lat' dir='ltr'>aut</span> <span class='ocrx_word' id='word_1_508' title='bbox 1651 3456 1805 3512; x_wconf 87' lang='lat' dir='ltr'>alius</span> <span class='ocrx_word' id='word_1_509' title='bbox 1838 3459 2004 3530; x_wconf 90' lang='lat' dir='ltr'>quis-</span> 
     </span>
    </p>
   </div>
   <div class='ocr_carea' id='block_1_70' title="bbox 340 3542 2002 3615">
    <p class='ocr_par' dir='ltr' id='par_1_70' title="bbox 340 3542 2002 3615">
     <span class='ocr_line' id='line_1_70' title="bbox 340 3542 2002 3615; baseline 0.005 -20"><span class='ocrx_word' id='word_1_510' title='bbox 340 3542 496 3613; x_wconf 86' lang='lat' dir='ltr'>piam</span> <span class='ocrx_word' id='word_1_511' title='bbox 517 3543 841 3599; x_wconf 89' lang='lat' dir='ltr'>doctiorum</span> <span class='ocrx_word' id='word_1_512' title='bbox 861 3548 919 3598; x_wconf 92' lang='lat' dir='ltr'>et</span> <span class='ocrx_word' id='word_1_513' title='bbox 937 3543 1401 3615; x_wconf 84' lang='lat' dir='ltr'>prudentiorum,</span> <span class='ocrx_word' id='word_1_514' title='bbox 1423 3544 1531 3600; x_wconf 93' lang='lat' dir='ltr'>hoc</span> <span class='ocrx_word' id='word_1_515' title='bbox 1552 3546 1831 3601; x_wconf 87' lang='lat' dir='ltr'>nimirum</span> <span class='ocrx_word' id='word_1_516' title='bbox 1857 3547 2002 3603; x_wconf 84' lang='lat' dir='ltr'>illud</span> 
     </span>
    </p>
   </div>
   <div class='ocr_carea' id='block_1_71' title="bbox 339 3632 2000 3705">
    <p class='ocr_par' dir='ltr' id='par_1_71' title="bbox 339 3632 2000 3705">
     <span class='ocr_line' id='line_1_71' title="bbox 339 3632 2000 3705; baseline 0.004 -19"><span class='ocrx_word' id='word_1_517' title='bbox 339 3632 516 3687; x_wconf 81' lang='lat' dir='ltr'>fuerit</span> <span class='ocrx_word' id='word_1_518' title='bbox 546 3650 726 3704; x_wconf 87' lang='lat' dir='ltr'>supra</span> <span class='ocrx_word' id='word_1_519' title='bbox 756 3636 951 3703; x_wconf 85' lang='lat' dir='ltr'>petras</span> <span class='ocrx_word' id='word_1_520' title='bbox 1001 3634 1293 3689; x_wconf 88' lang='lat' dir='ltr'>seminare</span> <span class='ocrx_word' id='word_1_521' title='bbox 1320 3635 1384 3701; x_wconf 64' lang='grc' dir='ltr'>α,</span> <span class='ocrx_word' id='word_1_522' title='bbox 1418 3642 1590 3705; x_wconf 86' lang='lat' dir='ltr'>atque</span> <span class='ocrx_word' id='word_1_523' title='bbox 1610 3635 1667 3689; x_wconf 91' lang='lat' dir='ltr'>in</span> <span class='ocrx_word' id='word_1_524' title='bbox 1691 3654 1863 3692; x_wconf 90' lang='lat' dir='ltr'>aures</span> <span class='ocrx_word' id='word_1_525' title='bbox 1886 3654 2000 3692; x_wconf 92' lang='lat' dir='ltr'>non</span> 
     </span>
    </p>
   </div>
   <div class='ocr_carea' id='block_1_72' title="bbox 338 3721 2002 3798">
    <p class='ocr_par' dir='ltr' id='par_1_72' title="bbox 338 3721 2002 3798">
     <span class='ocr_line' id='line_1_72' title="bbox 338 3721 2002 3798; baseline 0.004 -23"><span class='ocrx_word' id='word_1_526' title='bbox 338 3721 701 3776; x_wconf 89' lang='lat' dir='ltr'>audientium</span> <span class='ocrx_word' id='word_1_527' title='bbox 728 3721 887 3792; x_wconf 88' lang='lat' dir='ltr'>loqui</span> <span class='ocrx_word' id='word_1_528' title='bbox 911 3722 973 3778; x_wconf 71' lang='grc' dir='ltr'>οδ.</span> <span class='ocrx_word' id='word_1_529' title='bbox 997 3722 1083 3777; x_wconf 86' lang='lat' dir='ltr'>Ita</span> <span class='ocrx_word' id='word_1_530' title='bbox 1112 3740 1184 3778; x_wconf 89' lang='lat' dir='ltr'>ne</span> <span class='ocrx_word' id='word_1_531' title='bbox 1204 3722 1488 3778; x_wconf 88' lang='lat' dir='ltr'>hactenus</span> <span class='ocrx_word' id='word_1_532' title='bbox 1508 3725 1747 3795; x_wconf 89' lang='lat' dir='ltr'>quidem</span> <span class='ocrx_word' id='word_1_533' title='bbox 1774 3727 2002 3798; x_wconf 88' lang='lat' dir='ltr'>sapien-</span> 
     </span>
    </p>
   </div>
   <div class='ocr_carea' id='block_1_73' title="bbox 336 3813 1999 3888">
    <p class='ocr_par' dir='ltr' id='par_1_73' title="bbox 336 3813 1999 3888">
     <span class='ocr_line' id='line_1_73' title="bbox 336 3813 1999 3888; baseline 0.004 -20"><span class='ocrx_word' id='word_1_534' title='bbox 336 3816 424 3868; x_wconf 87' lang='lat' dir='ltr'>tes</span> <span class='ocrx_word' id='word_1_535' title='bbox 457 3818 615 3881; x_wconf 88' lang='lat' dir='ltr'>sunt,</span> <span class='ocrx_word' id='word_1_536' title='bbox 650 3820 715 3869; x_wconf 90' lang='lat' dir='ltr'>ut</span> <span class='ocrx_word' id='word_1_537' title='bbox 744 3813 1039 3870; x_wconf 86' lang='lat' dir='ltr'>inscitiam</span> <span class='ocrx_word' id='word_1_538' title='bbox 1071 3832 1240 3871; x_wconf 90' lang='lat' dir='ltr'>suam</span> <span class='ocrx_word' id='word_1_539' title='bbox 1285 3818 1578 3888; x_wconf 91' lang='lat' dir='ltr'>cognitam</span> <span class='ocrx_word' id='word_1_540' title='bbox 1616 3817 1887 3873; x_wconf 89' lang='lat' dir='ltr'>habeant.</span> <span class='ocrx_word' id='word_1_541' title='bbox 1920 3820 1999 3875; x_wconf 85' lang='lat' dir='ltr'>Ac</span> 
     </span>
    </p>
   </div>
   <div class='ocr_carea' id='block_1_74' title="bbox 339 3901 1999 3964">
    <p class='ocr_par' dir='ltr' id='par_1_74' title="bbox 339 3901 1999 3964">
     <span class='ocr_line' id='line_1_74' title="bbox 339 3901 1999 3964; baseline 0.005 -9"><span class='ocrx_word' id='word_1_542' title='bbox 339 3901 484 3956; x_wconf 90' lang='lat' dir='ltr'>mihi</span> <span class='ocrx_word' id='word_1_543' title='bbox 516 3903 894 3958; x_wconf 88' lang='lat' dir='ltr'>commodum</span> <span class='ocrx_word' id='word_1_544' title='bbox 926 3919 1054 3959; x_wconf 88' lang='lat' dir='ltr'>esse</span> <span class='ocrx_word' id='word_1_545' title='bbox 1103 3904 1333 3960; x_wconf 88' lang='lat' dir='ltr'>videtur</span> <span class='ocrx_word' id='word_1_546' title='bbox 1378 3906 1522 3961; x_wconf 91' lang='lat' dir='ltr'>illud</span> <span class='ocrx_word' id='word_1_547' title='bbox 1566 3906 1897 3963; x_wconf 87' lang='lat' dir='ltr'>Salomonis</span> <span class='ocrx_word' id='word_1_548' title='bbox 1927 3909 1999 3964; x_wconf 89' lang='lat' dir='ltr'>de</span> 
     </span>
    </p>
   </div>
   <div class='ocr_carea' id='block_1_75' title="bbox 336 3988 1994 4067">
    <p class='ocr_par' dir='ltr' id='par_1_75' title="bbox 336 3988 1994 4067">
     <span class='ocr_line' id='line_1_75' title="bbox 336 3988 1994 4067; baseline 0.005 -22"><span class='ocrx_word' id='word_1_549' title='bbox 336 3988 483 4062; x_wconf 87' lang='lat' dir='ltr'>ipsis</span> <span class='ocrx_word' id='word_1_550' title='bbox 515 3992 613 4046; x_wconf 78' lang='lat'><strong>38</strong></span> <span class='ocrx_word' id='word_1_551' title='bbox 649 4009 968 4064; x_wconf 89' lang='lat' dir='ltr'>usurpare:</span> <span class='ocrx_word' id='word_1_552' title='bbox 1017 3994 1108 4047; x_wconf 82' lang='lat' dir='ltr'>Est</span> <span class='ocrx_word' id='word_1_553' title='bbox 1152 3994 1365 4048; x_wconf 79' lang='lat' dir='ltr'>malum</span> <span class='ocrx_word' id='word_1_554' title='bbox 1393 3997 1537 4065; x_wconf 83' lang='lat' dir='ltr'>quod</span> <span class='ocrx_word' id='word_1_555' title='bbox 1581 3996 1696 4050; x_wconf 78' lang='lat' dir='ltr'>vidi</span> <span class='ocrx_word' id='word_1_556' title='bbox 1727 3998 1824 4052; x_wconf 85' lang='lat' dir='ltr'>sub</span> <span class='ocrx_word' id='word_1_557' title='bbox 1864 3999 1994 4067; x_wconf 78' lang='lat' dir='ltr'>sole,</span> 
     </span>
    </p>
   </div>
   <div class='ocr_carea' id='block_1_76' title="bbox 334 4080 1995 4157">
    <p class='ocr_par' dir='ltr' id='par_1_76' title="bbox 334 4080 1995 4157">
     <span class='ocr_line' id='line_1_76' title="bbox 334 4080 1995 4157; baseline 0.004 -22"><span class='ocrx_word' id='word_1_558' title='bbox 334 4081 517 4135; x_wconf 82' lang='lat' dir='ltr'>virum</span> <span class='ocrx_word' id='word_1_559' title='bbox 548 4082 644 4151; x_wconf 79' lang='lat' dir='ltr'>qui</span> <span class='ocrx_word' id='word_1_560' title='bbox 672 4080 781 4136; x_wconf 77' lang='lat' dir='ltr'>sibi</span> <span class='ocrx_word' id='word_1_561' title='bbox 808 4082 1033 4149; x_wconf 82' lang='lat' dir='ltr'>sapiens</span> <span class='ocrx_word' id='word_1_562' title='bbox 1061 4097 1173 4135; x_wconf 76' lang='lat' dir='ltr'>esse</span> <span class='ocrx_word' id='word_1_563' title='bbox 1202 4084 1482 4137; x_wconf 69' lang='lat' dir='ltr'>videtur“</span> <span class='ocrx_word' id='word_1_564' title='bbox 1507 4100 1519 4138; x_wconf 74' lang='grc' dir='ltr'>ε</span> <span class='ocrx_word' id='word_1_565' title='bbox 1553 4088 1612 4138; x_wconf 91' lang='lat' dir='ltr'>et</span> <span class='ocrx_word' id='word_1_566' title='bbox 1641 4086 1792 4154; x_wconf 91' lang='lat' dir='ltr'>quod</span> <span class='ocrx_word' id='word_1_567' title='bbox 1827 4087 1995 4157; x_wconf 85' lang='lat' dir='ltr'>pejus</span> 
     </span>
    </p>
   </div>
   <div class='ocr_carea' id='block_1_77' title="bbox 2120 3363 3765 3444">
    <p class='ocr_par' dir='ltr' id='par_1_77' title="bbox 2120 3363 3765 3444">
     <span class='ocr_line' id='line_1_77' title="bbox 2120 3363 3765 3444; baseline -0.003 -20"><span class='ocrx_word' id='word_1_568' title='bbox 2120 3371 2195 3442; x_wconf 80' lang='grc' dir='ltr'>μὴ</span> <span class='ocrx_word' id='word_1_569' title='bbox 2243 3369 2569 3426; x_wconf 80' lang='grc' dir='ltr'>ἀκουόντων.</span> <span class='ocrx_word' id='word_1_570' title='bbox 2621 3366 2804 3428; x_wconf 75' lang='grc' dir='ltr'>Οὕτως</span> <span class='ocrx_word' id='word_1_571' title='bbox 2855 3363 2968 3421; x_wconf 76' lang='grc' dir='ltr'>οὐδ’</span> <span class='ocrx_word' id='word_1_572' title='bbox 3026 3365 3156 3420; x_wconf 76' lang='grc' dir='ltr'>αὐτὸ</span> <span class='ocrx_word' id='word_1_573' title='bbox 3213 3365 3374 3420; x_wconf 79' lang='grc' dir='ltr'>τοῦτό</span> <span class='ocrx_word' id='word_1_574' title='bbox 3435 3364 3535 3420; x_wconf 87' lang='grc' dir='ltr'>είσι</span> <span class='ocrx_word' id='word_1_575' title='bbox 3589 3366 3765 3444; x_wconf 68' lang='grc' dir='ltr'>σοφοὶ,</span> 
     </span>
    </p>
   </div>
   <div class='ocr_carea' id='block_1_78' title="bbox 2111 3452 3768 3532">
    <p class='ocr_par' dir='ltr' id='par_1_78' title="bbox 2111 3452 3768 3532">
     <span class='ocr_line' id='line_1_78' title="bbox 2111 3452 3768 3532; baseline -0.003 -18"><span class='ocrx_word' id='word_1_576' title='bbox 2111 3462 2211 3529; x_wconf 71' lang='grc' dir='ltr'>τὴν</span> <span class='ocrx_word' id='word_1_577' title='bbox 2268 3458 2468 3514; x_wconf 77' lang='grc' dir='ltr'>ἑαυτῶν</span> <span class='ocrx_word' id='word_1_578' title='bbox 2527 3457 2811 3532; x_wconf 81' lang='grc' dir='ltr'>γινώσκειν</span> <span class='ocrx_word' id='word_1_579' title='bbox 2874 3452 3242 3511; x_wconf 84' lang='grc' dir='ltr'>ἀπαιδευσίαν.</span> <span class='ocrx_word' id='word_1_580' title='bbox 3305 3454 3402 3508; x_wconf 81' lang='grc' dir='ltr'>Καὶ</span> <span class='ocrx_word' id='word_1_581' title='bbox 3462 3476 3558 3527; x_wconf 88' lang='grc' dir='ltr'>μοι</span> <span class='ocrx_word' id='word_1_582' title='bbox 3621 3453 3768 3510; x_wconf 80' lang='grc' dir='ltr'>δοκεῖ</span> 
     </span>
    </p>
   </div>
   <div class='ocr_carea' id='block_1_79' title="bbox 2112 3542 3765 3624">
    <p class='ocr_par' dir='ltr' id='par_1_79' title="bbox 2112 3542 3765 3624">
     <span class='ocr_line' id='line_1_79' title="bbox 2112 3542 3765 3624; baseline -0.003 -20"><span class='ocrx_word' id='word_1_583' title='bbox 2112 3548 2297 3612; x_wconf 81' lang='grc' dir='ltr'>καλῶς</span> <span class='ocrx_word' id='word_1_584' title='bbox 2358 3544 2501 3624; x_wconf 69' lang='grc' dir='ltr'>ἔχειν</span> <span class='ocrx_word' id='word_1_585' title='bbox 2557 3548 2617 3601; x_wconf 79' lang='grc' dir='ltr'>τὸ</span> <span class='ocrx_word' id='word_1_586' title='bbox 2688 3549 2786 3600; x_wconf 79' lang='grc' dir='ltr'>τοῦ</span> <span class='ocrx_word' id='word_1_587' title='bbox 2837 3544 3203 3617; x_wconf 85' lang='grc' dir='ltr'>Σολομῶντος</span> <span class='ocrx_word' id='word_1_588' title='bbox 3276 3544 3399 3617; x_wconf 87' lang='grc' dir='ltr'>περὶ</span> <span class='ocrx_word' id='word_1_589' title='bbox 3458 3542 3629 3598; x_wconf 84' lang='grc' dir='ltr'>αὐτῶν</span> <span class='ocrx_word' id='word_1_590' title='bbox 3690 3544 3765 3599; x_wconf 83' lang='grc' dir='ltr'>εί-</span> 
     </span>
    </p>
   </div>
   <div class='ocr_carea' id='block_1_80' title="bbox 2110 3630 3762 3711">
    <p class='ocr_par' dir='ltr' id='par_1_80' title="bbox 2110 3630 3762 3711">
     <span class='ocr_line' id='line_1_80' title="bbox 2110 3630 3762 3711; baseline -0.004 -18"><span class='ocrx_word' id='word_1_591' title='bbox 2110 3644 2227 3693; x_wconf 89' lang='grc' dir='ltr'>πεῐν</span> <span class='ocrx_word' id='word_1_592' title='bbox 2284 3642 2380 3711; x_wconf 77' lang='grc'>(2)·</span> <span class='ocrx_word' id='word_1_593' title='bbox 2442 3639 2591 3690; x_wconf 76' lang='grc' dir='ltr'>’Ἐστι</span> <span class='ocrx_word' id='word_1_594' title='bbox 2649 3634 2903 3707; x_wconf 80' lang='grc' dir='ltr'>πονηρία,</span> <span class='ocrx_word' id='word_1_595' title='bbox 2961 3635 3025 3703; x_wconf 85' lang='grc' dir='ltr'>ἣν</span> <span class='ocrx_word' id='word_1_596' title='bbox 3078 3630 3217 3688; x_wconf 74' lang='grc' dir='ltr'>εἶδον</span> <span class='ocrx_word' id='word_1_597' title='bbox 3276 3633 3379 3687; x_wconf 83' lang='grc' dir='ltr'>ὑπὸ</span> <span class='ocrx_word' id='word_1_598' title='bbox 3430 3633 3521 3687; x_wconf 88' lang='grc' dir='ltr'>τὸν</span> <span class='ocrx_word' id='word_1_599' title='bbox 3580 3632 3762 3702; x_wconf 80' lang='grc' dir='ltr'>ἥλιον,</span> 
     </span>
    </p>
   </div>
   <div class='ocr_carea' id='block_1_81' title="bbox 2111 3722 3762 3803">
    <p class='ocr_par' dir='ltr' id='par_1_81' title="bbox 2111 3722 3762 3803">
     <span class='ocr_line' id='line_1_81' title="bbox 2111 3722 3762 3803; baseline -0.003 -21"><span class='ocrx_word' id='word_1_600' title='bbox 2111 3726 2279 3803; x_wconf 76' lang='grc' dir='ltr'>ἄνδρα</span> <span class='ocrx_word' id='word_1_601' title='bbox 2348 3724 2573 3796; x_wconf 79' lang='grc' dir='ltr'>δόξαντα</span> <span class='ocrx_word' id='word_1_602' title='bbox 2632 3726 2757 3799; x_wconf 85' lang='grc' dir='ltr'>παρ’</span> <span class='ocrx_word' id='word_1_603' title='bbox 2842 3722 3015 3794; x_wconf 75' lang='grc' dir='ltr'>ἐαυτῷ</span> <span class='ocrx_word' id='word_1_604' title='bbox 3094 3724 3257 3799; x_wconf 71' lang='grc' dir='ltr'>σοφὸν</span> <span class='ocrx_word' id='word_1_605' title='bbox 3325 3722 3456 3777; x_wconf 85' lang='grc' dir='ltr'>εἶναι</span> <span class='ocrx_word' id='word_1_606' title='bbox 3494 3742 3508 3755; x_wconf 77' lang='grc'><strong>⁸</strong></span> <span class='ocrx_word' id='word_1_607' title='bbox 3568 3723 3657 3778; x_wconf 84' lang='grc' dir='ltr'>καὶ</span> <span class='ocrx_word' id='word_1_608' title='bbox 3733 3722 3762 3777; x_wconf 76' lang='grc' dir='ltr'>ὅ</span> 
     </span>
    </p>
   </div>
   <div class='ocr_carea' id='block_1_82' title="bbox 2106 3808 3761 3889">
    <p class='ocr_par' dir='ltr' id='par_1_82' title="bbox 2106 3808 3761 3889">
     <span class='ocr_line' id='line_1_82' title="bbox 2106 3808 3761 3889; baseline -0.004 -17"><span class='ocrx_word' id='word_1_609' title='bbox 2106 3817 2303 3872; x_wconf 79' lang='grc' dir='ltr'>τούτου</span> <span class='ocrx_word' id='word_1_610' title='bbox 2374 3815 2740 3889; x_wconf 87' lang='grc' dir='ltr'>πονηρότερον</span> <span class='ocrx_word' id='word_1_611' title='bbox 2778 3858 2792 3882; x_wconf 83' lang='grc'>,</span> <span class='ocrx_word' id='word_1_612' title='bbox 2850 3809 3121 3867; x_wconf 80' lang='grc' dir='ltr'>παιδεύειν</span> <span class='ocrx_word' id='word_1_613' title='bbox 3192 3808 3397 3872; x_wconf 78' lang='grc' dir='ltr'>ἄλλους</span> <span class='ocrx_word' id='word_1_614' title='bbox 3474 3832 3761 3865; x_wconf 81' lang='grc' dir='ltr'>πεπιστευ-</span> 
     </span>
    </p>
   </div>
   <div class='ocr_carea' id='block_1_83' title="bbox 2111 3898 3758 3979">
    <p class='ocr_par' dir='ltr' id='par_1_83' title="bbox 2111 3898 3758 3979">
     <span class='ocr_line' id='line_1_83' title="bbox 2111 3898 3758 3979; baseline -0.004 -18"><span class='ocrx_word' id='word_1_615' title='bbox 2111 3906 2270 3979; x_wconf 71' lang='grc' dir='ltr'>μένον</span> <span class='ocrx_word' id='word_1_616' title='bbox 2324 3907 2414 3961; x_wconf 86' lang='grc' dir='ltr'>τὸν</span> <span class='ocrx_word' id='word_1_617' title='bbox 2498 3901 2638 3979; x_wconf 76' lang='grc' dir='ltr'>μηδὲ</span> <span class='ocrx_word' id='word_1_618' title='bbox 2706 3905 2802 3971; x_wconf 78' lang='grc' dir='ltr'>τῆς</span> <span class='ocrx_word' id='word_1_619' title='bbox 2860 3901 3063 3964; x_wconf 73' lang='grc' dir='ltr'>οἰκείας</span> <span class='ocrx_word' id='word_1_620' title='bbox 3117 3900 3377 3975; x_wconf 83' lang='grc' dir='ltr'>ἀμαθείας</span> <span class='ocrx_word' id='word_1_621' title='bbox 3440 3898 3758 3956; x_wconf 76' lang='grc' dir='ltr'>ἐπαισθανό-</span> 
     </span>
    </p>
   </div>
   <div class='ocr_carea' id='block_1_84' title="bbox 2111 4016 2293 4069">
    <p class='ocr_par' dir='ltr' id='par_1_84' title="bbox 2111 4016 2293 4069">
     <span class='ocr_line' id='line_1_84' title="bbox 2111 4016 2293 4069; baseline 0.016 -19"><span class='ocrx_word' id='word_1_622' title='bbox 2111 4016 2269 4069; x_wconf 87' lang='grc' dir='ltr'>μενον</span> <span class='ocrx_word' id='word_1_623' title='bbox 2280 4039 2293 4053; x_wconf 92' lang='grc'>.</span> 
     </span>
    </p>
   </div>
   <div class='ocr_carea' id='block_1_85' title="bbox 336 4169 2693 4247">
    <p class='ocr_par' dir='ltr' id='par_1_85' title="bbox 336 4169 2693 4247">
     <span class='ocr_line' id='line_1_85' title="bbox 336 4169 2693 4247; baseline 0.003 -24"><span class='ocrx_word' id='word_1_624' title='bbox 336 4172 445 4238; x_wconf 89' lang='lat' dir='ltr'>est,</span> <span class='ocrx_word' id='word_1_625' title='bbox 479 4169 624 4224; x_wconf 91' lang='lat' dir='ltr'>alios</span> <span class='ocrx_word' id='word_1_626' title='bbox 654 4170 1006 4225; x_wconf 81' lang='lat' dir='ltr'>erudiendos</span> <span class='ocrx_word' id='word_1_627' title='bbox 1037 4170 1315 4241; x_wconf 83' lang='lat' dir='ltr'>suscepit,</span> <span class='ocrx_word' id='word_1_628' title='bbox 1349 4172 1444 4242; x_wconf 81' lang='lat' dir='ltr'>qui</span> <span class='ocrx_word' id='word_1_629' title='bbox 1480 4189 1549 4226; x_wconf 92' lang='lat' dir='ltr'>ne</span> <span class='ocrx_word' id='word_1_630' title='bbox 1580 4174 1877 4230; x_wconf 90' lang='lat' dir='ltr'>inscitiam</span> <span class='ocrx_word' id='word_1_631' title='bbox 1912 4174 2149 4247; x_wconf 87' lang='lat' dir='ltr'>quidem</span> <span class='ocrx_word' id='word_1_632' title='bbox 2186 4193 2354 4232; x_wconf 88' lang='lat' dir='ltr'>suam</span> <span class='ocrx_word' id='word_1_633' title='bbox 2390 4173 2693 4247; x_wconf 87' lang='lat' dir='ltr'>persentit.</span> 
     </span>
    </p>
   </div>
   <div class='ocr_carea' id='block_1_86' title="bbox 400 4293 2508 4371">
    <p class='ocr_par' dir='ltr' id='par_1_86' title="bbox 400 4293 2508 4371">
     <span class='ocr_line' id='line_1_86' title="bbox 400 4293 2508 4371; baseline 0.002 -21"><span class='ocrx_word' id='word_1_634' title='bbox 400 4295 444 4329; x_wconf 71' lang='lat'>9‘</span> <span class='ocrx_word' id='word_1_635' title='bbox 475 4294 614 4350; x_wconf 89' lang='lat' dir='ltr'>Luc.</span> <span class='ocrx_word' id='word_1_636' title='bbox 647 4310 767 4365; x_wconf 87' lang='lat' dir='ltr'>vm,</span> <span class='ocrx_word' id='word_1_637' title='bbox 797 4295 854 4349; x_wconf 85' lang='lat'><strong>6.</strong></span> <span class='ocrx_word' id='word_1_638' title='bbox 931 4295 976 4331; x_wconf 70' lang='lat'>9&#39;</span> <span class='ocrx_word' id='word_1_639' title='bbox 1006 4293 1177 4350; x_wconf 87' lang='lat' dir='ltr'>Eccli.</span> <span class='ocrx_word' id='word_1_640' title='bbox 1211 4311 1339 4367; x_wconf 87' lang='lat' dir='ltr'>xxv,</span> <span class='ocrx_word' id='word_1_641' title='bbox 1373 4297 1459 4352; x_wconf 85' lang='lat'>12.</span> <span class='ocrx_word' id='word_1_642' title='bbox 1536 4298 1582 4333; x_wconf 81' lang='grc'>⁹⁶</span> <span class='ocrx_word' id='word_1_643' title='bbox 1611 4297 1796 4353; x_wconf 88' lang='lat' dir='ltr'>Eccle.</span> <span class='ocrx_word' id='word_1_644' title='bbox 1829 4316 1885 4369; x_wconf 81' lang='lat' dir='ltr'>x,</span> <span class='ocrx_word' id='word_1_645' title='bbox 1921 4301 1994 4370; x_wconf 87' lang='lat'><strong>5;</strong></span> <span class='ocrx_word' id='word_1_646' title='bbox 2028 4305 2195 4358; x_wconf 91' lang='lat' dir='ltr'>Prov.</span> <span class='ocrx_word' id='word_1_647' title='bbox 2232 4318 2383 4371; x_wconf 78' lang='lat' dir='ltr'>xxvx,</span> <span class='ocrx_word' id='word_1_648' title='bbox 2421 4301 2508 4355; x_wconf 85' lang='lat'>12.</span> 
     </span>
    </p>
   </div>
   <div class='ocr_carea' id='block_1_87' title="bbox 398 4436 1999 4518">
    <p class='ocr_par' dir='ltr' id='par_1_87' title="bbox 398 4436 1980 4518">
     <span class='ocr_line' id='line_1_87' title="bbox 398 4436 1980 4518; baseline 0.004 -26"><span class='ocrx_word' id='word_1_649' title='bbox 398 4438 512 4509; x_wconf 83' lang='grc'>(87)</span> <span class='ocrx_word' id='word_1_650' title='bbox 568 4436 1074 4518; x_wconf 43' lang='grc' dir='ltr'>Πνευαατικοίηζη</span> <span class='ocrx_word' id='word_1_651' title='bbox 1130 4440 1393 4518; x_wconf 65' lang='lat' dir='ltr'>margine</span> <span class='ocrx_word' id='word_1_652' title='bbox 1452 4439 1610 4498; x_wconf 88' lang='lat' dir='ltr'>Colb.</span> <span class='ocrx_word' id='word_1_653' title='bbox 1671 4442 1789 4504; x_wconf 82' lang='grc' dir='ltr'>καθ’</span> <span class='ocrx_word' id='word_1_654' title='bbox 1849 4441 1980 4497; x_wconf 81' lang='grc' dir='ltr'>ὁπό-</span> 
     </span>
    </p>
   </div>
   <div class='ocr_carea' id='block_1_88' title="bbox 2116 4436 3750 4518">
    <p class='ocr_par' dir='ltr' id='par_1_88' title="bbox 2116 4441 3750 4518">
     <span class='ocr_line' id='line_1_88' title="bbox 2116 4441 3750 4518; baseline -0.002 -17"><span class='ocrx_word' id='word_1_655' title='bbox 2116 4444 2510 4502; x_wconf 71' lang='grc' dir='ltr'>ιοιιοὶ1ἱδιίοῐ-θε.</span> <span class='ocrx_word' id='word_1_656' title='bbox 2549 4466 2576 4496; x_wconf 85' lang='grc'>››</span> <span class='ocrx_word' id='word_1_657' title='bbox 2607 4442 2737 4501; x_wconf 90' lang='lat' dir='ltr'>Bill.</span> <span class='ocrx_word' id='word_1_658' title='bbox 2770 4442 2962 4518; x_wconf 88' lang='lat' dir='ltr'>prima</span> <span class='ocrx_word' id='word_1_659' title='bbox 3005 4444 3278 4511; x_wconf 88' lang='lat' dir='ltr'>editione,</span> <span class='ocrx_word' id='word_1_660' title='bbox 3312 4464 3340 4493; x_wconf 83' lang='lat'><strong>«</strong></span> <span class='ocrx_word' id='word_1_661' title='bbox 3373 4441 3750 4498; x_wconf 84' lang='lat' dir='ltr'>commenda-</span> 
     </span>
    </p>
   </div>
   <div class='ocr_carea' id='block_1_89' title="bbox 324 4510 1444 4584">
    <p class='ocr_par' dir='ltr' id='par_1_89' title="bbox 324 4510 1444 4584">
     <span class='ocr_line' id='line_1_89' title="bbox 324 4510 1444 4584; baseline 0.001 -22"><span class='ocrx_word' id='word_1_662' title='bbox 324 4528 519 4584; x_wconf 82' lang='grc' dir='ltr'>κρισιν.</span> <span class='ocrx_word' id='word_1_663' title='bbox 554 4531 582 4560; x_wconf 89' lang='grc'>‹‹</span> <span class='ocrx_word' id='word_1_664' title='bbox 617 4527 718 4584; x_wconf 77' lang='lat' dir='ltr'>per</span> <span class='ocrx_word' id='word_1_665' title='bbox 747 4510 1111 4584; x_wconf 25' lang='lat' dir='ltr'>hypocrisim,</span> <span class='ocrx_word' id='word_1_666' title='bbox 1136 4528 1200 4568; x_wconf 88' lang='lat' dir='ltr'>ac</span> <span class='ocrx_word' id='word_1_667' title='bbox 1237 4510 1385 4568; x_wconf 78' lang='lat' dir='ltr'>ﬁcte.</span> <span class='ocrx_word' id='word_1_668' title='bbox 1418 4535 1444 4565; x_wconf 85' lang='grc'><strong>››</strong></span> 
     </span>
    </p>
   </div>
   <div class='ocr_carea' id='block_1_90' title="bbox 394 4579 1981 4660">
    <p class='ocr_par' dir='ltr' id='par_1_90' title="bbox 394 4579 1981 4660">
     <span class='ocr_line' id='line_1_90' title="bbox 394 4579 1981 4660; baseline 0.004 -24"><span class='ocrx_word' id='word_1_669' title='bbox 394 4579 1045 4660; x_wconf 38' lang='grc' dir='ltr'>(88)--Μᾶλ-λονζῡθθει</span> <span class='ocrx_word' id='word_1_670' title='bbox 1097 4583 1433 4660; x_wconf 81' lang='lat' dir='ltr'>in_septem</span> <span class='ocrx_word' id='word_1_671' title='bbox 1495 4584 1674 4659; x_wconf 83' lang='lat' dir='ltr'>Regg.</span> <span class='ocrx_word' id='word_1_672' title='bbox 1732 4586 1981 4660; x_wconf 87' lang='lat' dir='ltr'>aliisque</span> 
     </span>
    </p>
   </div>
   <div class='ocr_carea' id='block_1_91' title="bbox 321 4654 1980 4781">
    <p class='ocr_par' dir='ltr' id='par_1_91' title="bbox 321 4654 1980 4781">
     <span class='ocr_line' id='line_1_91' title="bbox 321 4654 1980 4781; baseline 0.003 -70"><span class='ocrx_word' id='word_1_673' title='bbox 321 4654 643 4781; x_wconf 52' lang='lat' dir='ltr'>no§_null)lis.</span> <span class='ocrx_word' id='word_1_674' title='bbox 678 4655 913 4729; x_wconf 87' lang='lat' dir='ltr'>Legitur</span> <span class='ocrx_word' id='word_1_675' title='bbox 944 4661 1138 4713; x_wconf 89' lang='lat' dir='ltr'>tamen</span> <span class='ocrx_word' id='word_1_676' title='bbox 1169 4655 1229 4712; x_wconf 91' lang='lat' dir='ltr'>in</span> <span class='ocrx_word' id='word_1_677' title='bbox 1260 4654 1531 4729; x_wconf 84' lang='lat' dir='ltr'>pluribus</span> <span class='ocrx_word' id='word_1_678' title='bbox 1568 4654 1799 4731; x_wconf 69' lang='lat' dir='ltr'>optimas</span> <span class='ocrx_word' id='word_1_679' title='bbox 1830 4654 1980 4716; x_wconf 74' lang='lat' dir='ltr'>notae</span> 
     </span>
     <span class='ocr_line' id='line_1_92' title="bbox 322 4743 645 4781; baseline 0 0"><span class='ocrx_word' id='word_1_680' title='bbox 322 4744 387 4781; x_wconf 89' lang='lat' dir='ltr'>co</span> <span class='ocrx_word' id='word_1_681' title='bbox 439 4744 507 4781; x_wconf 84' lang='lat' dir='ltr'>lCl</span> <span class='ocrx_word' id='word_1_682' title='bbox 557 4743 645 4781; x_wconf 87' lang='lat' dir='ltr'>us.</span> 
     </span>
    </p>
   </div>
   <div class='ocr_carea' id='block_1_92' title="bbox 322 4743 645 4783">
    <p class='ocr_par' dir='ltr' id='par_1_92' title="bbox 322 4743 645 4783">
     <span class='ocr_line' id='line_1_93' title="bbox 322 4743 645 4783; baseline 0 -2"><span class='ocrx_word' id='word_1_683' title='bbox 322 4743 425 4782; x_wconf 81' lang='lat' dir='ltr'>COG</span> <span class='ocrx_word' id='word_1_684' title='bbox 439 4743 645 4783; x_wconf 79' lang='lat' dir='ltr'>lClDL&#39;lS.</span> 
     </span>
    </p>
   </div>
   <div class='ocr_carea' id='block_1_93' title="bbox 389 4791 1977 4874">
    <p class='ocr_par' dir='ltr' id='par_1_93' title="bbox 389 4791 1977 4874">
     <span class='ocr_line' id='line_1_94' title="bbox 389 4791 1977 4874; baseline 0.003 -22"><span class='ocrx_word' id='word_1_685' title='bbox 389 4800 503 4871; x_wconf 87' lang='lat'>(89)</span> <span class='ocrx_word' id='word_1_686' title='bbox 537 4791 985 4874; x_wconf 63' lang='lat' dir='ltr'>H905:5u_{0v1£c_.</span> <span class='ocrx_word' id='word_1_687' title='bbox 1037 4798 1131 4854; x_wconf 82' lang='lat' dir='ltr'>Sic</span> <span class='ocrx_word' id='word_1_688' title='bbox 1184 4799 1391 4874; x_wconf 26' lang='lat' dir='ltr'>Regg.‘</span> <span class='ocrx_word' id='word_1_689' title='bbox 1420 4799 1547 4874; x_wconf 75' lang='lat' dir='ltr'>b,_l,</span> <span class='ocrx_word' id='word_1_690' title='bbox 1593 4816 1671 4870; x_wconf 79' lang='grc' dir='ltr'>ω,</span> <span class='ocrx_word' id='word_1_691' title='bbox 1698 4801 1861 4874; x_wconf 71' lang='lat' dir='ltr'>Colb.</span> <span class='ocrx_word' id='word_1_692' title='bbox 1896 4818 1977 4871; x_wconf 90' lang='lat' dir='ltr'>m,</span> 
     </span>
    </p>
   </div>
   <div class='ocr_carea' id='block_1_94' title="bbox 319 4870 1982 4943">
    <p class='ocr_par' dir='ltr' id='par_1_94' title="bbox 319 4870 1982 4943">
     <span class='ocr_line' id='line_1_95' title="bbox 319 4870 1982 4943; baseline 0.002 -18"><span class='ocrx_word' id='word_1_693' title='bbox 319 4875 453 4935; x_wconf 89' lang='lat' dir='ltr'>ete.,</span> <span class='ocrx_word' id='word_1_694' title='bbox 479 4870 650 4940; x_wconf 82' lang='lat' dir='ltr'>eu‘jus</span> <span class='ocrx_word' id='word_1_695' title='bbox 671 4871 828 4925; x_wconf 89' lang='lat' dir='ltr'>vocis</span> <span class='ocrx_word' id='word_1_696' title='bbox 848 4870 1078 4943; x_wconf 67' lang='lat' dir='ltr'>visheec</span> <span class='ocrx_word' id='word_1_697' title='bbox 1101 4875 1207 4937; x_wconf 90' lang='lat' dir='ltr'>est,</span> <span class='ocrx_word' id='word_1_698' title='bbox 1236 4870 1752 4943; x_wconf 10' lang='lat' dir='ltr'>«i&#39;rationieinando</span> <span class='ocrx_word' id='word_1_699' title='bbox 1776 4870 1982 4943; x_wconf 86' lang='lat' dir='ltr'>grada-</span> 
     </span>
    </p>
   </div>
   <div class='ocr_carea' id='block_1_95' title="bbox 318 4942 1976 5014">
    <p class='ocr_par' dir='ltr' id='par_1_95' title="bbox 318 4942 1976 5014">
     <span class='ocr_line' id='line_1_96' title="bbox 318 4942 1976 5014; baseline 0.004 -21"><span class='ocrx_word' id='word_1_700' title='bbox 318 4943 424 5014; x_wconf 72' lang='lat' dir='ltr'>tim</span> <span class='ocrx_word' id='word_1_701' title='bbox 458 4950 749 5014; x_wconf 86' lang='lat' dir='ltr'>urgentes.</span> <span class='ocrx_word' id='word_1_702' title='bbox 778 4965 808 5014; x_wconf 55' lang='grc' dir='ltr'>ρ</span> <span class='ocrx_word' id='word_1_703' title='bbox 843 4942 953 4995; x_wconf 92' lang='lat' dir='ltr'>Alii</span> <span class='ocrx_word' id='word_1_704' title='bbox 999 4942 1226 4997; x_wconf 88' lang='lat' dir='ltr'>codices</span> <span class='ocrx_word' id='word_1_705' title='bbox 1260 4942 1477 4997; x_wconf 87' lang='lat' dir='ltr'>habent</span> <span class='ocrx_word' id='word_1_706' title='bbox 1526 4944 1976 5014; x_wconf 82' lang='grc' dir='ltr'>συμοιοάζοντες.</span> 
     </span>
    </p>
   </div>
   <div class='ocr_carea' id='block_1_96' title="bbox 319 5005 1111 5085">
    <p class='ocr_par' dir='ltr' id='par_1_96' title="bbox 319 5005 1111 5085">
     <span class='ocr_line' id='line_1_97' title="bbox 319 5005 1111 5085; baseline 0.003 -20"><span class='ocrx_word' id='word_1_707' title='bbox 319 5011 435 5085; x_wconf 39' lang='lat' dir='ltr'>Ed:</span> <span class='ocrx_word' id='word_1_708' title='bbox 458 5005 586 5085; x_wconf 51' lang='lat' dir='ltr'>Bas.</span> <span class='ocrx_word' id='word_1_709' title='bbox 620 5005 1111 5085; x_wconf 65' lang='grc' dir='ltr'>προσβιοαζοντες.</span> 
     </span>
    </p>
   </div>
   <div class='ocr_carea' id='block_1_97' title="bbox 354 5081 1973 5206">
    <p class='ocr_par' dir='ltr' id='par_1_97' title="bbox 354 5081 1973 5206">
     <span class='ocr_line' id='line_1_98' title="bbox 354 5081 1973 5206; baseline 0.005 -70"><span class='ocrx_word' id='word_1_710' title='bbox 354 5081 581 5206; x_wconf 52' lang='grc' dir='ltr'>ί(ἑδξηϊί</span> <span class='ocrx_word' id='word_1_711' title='bbox 622 5081 727 5139; x_wconf 78' lang='grc' dir='ltr'>δαί,</span> <span class='ocrx_word' id='word_1_712' title='bbox 765 5083 1027 5157; x_wconf 87' lang='lat' dir='ltr'>Plerique</span> <span class='ocrx_word' id='word_1_713' title='bbox 1075 5092 1252 5157; x_wconf 73' lang='lat' dir='ltr'>Hegg.</span> <span class='ocrx_word' id='word_1_714' title='bbox 1304 5084 1421 5139; x_wconf 85' lang='lat' dir='ltr'>Jes.</span> <span class='ocrx_word' id='word_1_715' title='bbox 1472 5090 1529 5140; x_wconf 89' lang='lat' dir='ltr'>et</span> <span class='ocrx_word' id='word_1_716' title='bbox 1580 5085 1776 5158; x_wconf 89' lang='lat' dir='ltr'>plures</span> <span class='ocrx_word' id='word_1_717' title='bbox 1815 5088 1973 5144; x_wconf 91' lang='lat' dir='ltr'>Colb.</span> 
     </span>
    </p>
   </div>
   <div class='ocr_carea' id='block_1_98' title="bbox 315 5170 1975 5351">
    <p class='ocr_par' dir='ltr' id='par_1_98' title="bbox 315 5170 1975 5351">
     <span class='ocr_line' id='line_1_99' title="bbox 315 5170 1975 5349; baseline 0.006 -72"><span class='ocrx_word' id='word_1_718' title='bbox 315 5170 499 5349; x_wconf 50' lang='lat'>“(9.1)</span> <span class='ocrx_word' id='word_1_719' title='bbox 536 5221 609 5278; x_wconf 74' lang='grc' dir='ltr'>Εὖ</span> <span class='ocrx_word' id='word_1_720' title='bbox 660 5221 781 5278; x_wconf 72' lang='grc' dir='ltr'>οἷδ’.</span> <span class='ocrx_word' id='word_1_721' title='bbox 835 5222 908 5279; x_wconf 77' lang='grc' dir='ltr'>Εὖ</span> <span class='ocrx_word' id='word_1_722' title='bbox 957 5228 1120 5283; x_wconf 87' lang='lat' dir='ltr'>deest</span> <span class='ocrx_word' id='word_1_723' title='bbox 1152 5228 1208 5281; x_wconf 89' lang='lat' dir='ltr'>in</span> <span class='ocrx_word' id='word_1_724' title='bbox 1259 5232 1513 5298; x_wconf 87' lang='lat' dir='ltr'>quatuor</span> <span class='ocrx_word' id='word_1_725' title='bbox 1558 5229 1719 5300; x_wconf 80' lang='lat' dir='ltr'>Reg.,</span> <span class='ocrx_word' id='word_1_726' title='bbox 1751 5237 1975 5302; x_wconf 88' lang='lat' dir='ltr'>septem</span> 
     </span>
     <span class='ocr_line' id='line_1_100' title="bbox 315 5296 774 5351; baseline 0.002 -3"><span class='ocrx_word' id='word_1_727' title='bbox 315 5297 388 5350; x_wconf 87' lang='lat' dir='ltr'>Co</span> <span class='ocrx_word' id='word_1_728' title='bbox 417 5296 471 5351; x_wconf 92' lang='lat' dir='ltr'>b.</span> <span class='ocrx_word' id='word_1_729' title='bbox 506 5303 564 5351; x_wconf 88' lang='lat' dir='ltr'>et</span> <span class='ocrx_word' id='word_1_730' title='bbox 593 5296 687 5351; x_wconf 92' lang='lat' dir='ltr'>Or.</span> <span class='ocrx_word' id='word_1_731' title='bbox 724 5298 774 5351; x_wconf 89' lang='lat'>1.</span> 
     </span>
    </p>
   </div>
   <div class='ocr_carea' id='block_1_99' title="bbox 314 5298 1971 5494">
    <p class='ocr_par' dir='ltr' id='par_1_99' title="bbox 314 5298 1971 5494">
     <span class='ocr_line' id='line_1_101' title="bbox 315 5298 1833 5352; baseline 0.006 -5"><span class='ocrx_word' id='word_1_732' title='bbox 315 5298 471 5351; x_wconf 88' lang='lat' dir='ltr'>Colb.</span> <span class='ocrx_word' id='word_1_733' title='bbox 506 5303 564 5351; x_wconf 88' lang='lat' dir='ltr'>et</span> <span class='ocrx_word' id='word_1_734' title='bbox 593 5298 687 5352; x_wconf 93' lang='lat' dir='ltr'>0r.</span> <span class='ocrx_word' id='word_1_735' title='bbox 724 5298 774 5351; x_wconf 89' lang='lat'>1.</span> <span class='ocrx_word' id='word_1_736' title='bbox 1642 5298 1670 5300; x_wconf 55' lang='grc'>”</span> <span class='ocrx_word' id='word_1_737' title='bbox 1816 5298 1833 5302; x_wconf 71' lang='grc'><em>”</em></span> 
     </span>
     <span class='ocr_line' id='line_1_102' title="bbox 314 5365 1971 5494; baseline 0.005 -74"><span class='ocrx_word' id='word_1_738' title='bbox 314 5367 498 5494; x_wconf 52' lang='lat'>“(393)</span> <span class='ocrx_word' id='word_1_739' title='bbox 527 5365 970 5494; x_wconf 34' lang='lat' dir='ltr'>Sauariam.</span> <span class='ocrx_word' id='word_1_740' title='bbox 1021 5373 1130 5426; x_wconf 87' lang='lat' dir='ltr'>etc.</span> <span class='ocrx_word' id='word_1_741' title='bbox 1182 5370 1276 5426; x_wconf 88' lang='lat' dir='ltr'>Sic</span> <span class='ocrx_word' id='word_1_742' title='bbox 1326 5370 1519 5426; x_wconf 87' lang='lat' dir='ltr'>Horat.</span> <span class='ocrx_word' id='word_1_743' title='bbox 1572 5372 1699 5427; x_wconf 82' lang='lat' dir='ltr'>Arte</span> <span class='ocrx_word' id='word_1_744' title='bbox 1733 5378 1881 5445; x_wconf 77' lang='lat' dir='ltr'>poet.</span> <span class='ocrx_word' id='word_1_745' title='bbox 1916 5390 1971 5429; x_wconf 92' lang='lat' dir='ltr'>v.</span> 
     </span>
    </p>
   </div>
   <div class='ocr_carea' id='block_1_100' title="bbox 433 5444 1625 5599">
    <p class='ocr_par' dir='ltr' id='par_1_100' title="bbox 433 5444 1625 5599">
     <span class='ocr_line' id='line_1_103' title="bbox 433 5444 1625 5599; baseline 0.002 -32"><span class='ocrx_word' id='word_1_746' title='bbox 433 5444 843 5599; x_wconf 31' lang='lat' dir='ltr'>icimur”</span> <span class='ocrx_word' id='word_1_747' title='bbox 881 5598 888 5599; x_wconf 14' lang='lat'><em>7</em></span> <span class='ocrx_word' id='word_1_748' title='bbox 955 5513 1097 5593; x_wconf 31' lang='grc' dir='ltr'>,ραι</span> <span class='ocrx_word' id='word_1_749' title='bbox 1125 5514 1339 5599; x_wconf 53' lang='lat' dir='ltr'>Egi/tiu</span> <span class='ocrx_word' id='word_1_750' title='bbox 1359 5519 1566 5569; x_wconf 81' lang='lat' dir='ltr'>cantat.</span> <span class='ocrx_word' id='word_1_751' title='bbox 1616 5587 1625 5597; x_wconf 77' lang='lat'><em>_</em></span> 
     </span>
    </p>
   </div>
   <div class='ocr_carea' id='block_1_101' title="bbox 383 5578 1823 5667">
    <p class='ocr_par' dir='ltr' id='par_1_101' title="bbox 383 5578 1823 5667">
     <span class='ocr_line' id='line_1_104' title="bbox 383 5578 1823 5667; baseline 0.004 -33"><span class='ocrx_word' id='word_1_752' title='bbox 383 5581 624 5667; x_wconf 52' lang='lat' dir='ltr'>Tibicen,</span> <span class='ocrx_word' id='word_1_753' title='bbox 654 5578 846 5667; x_wconf 56' lang='lat' dir='ltr'>didicit</span> <span class='ocrx_word' id='word_1_754' title='bbox 874 5578 1046 5662; x_wconf 64' lang='lat' dir='ltr'>prius,</span> <span class='ocrx_word' id='word_1_755' title='bbox 1078 5578 1444 5667; x_wconf 59' lang='lat' dir='ltr'>extimuitque</span> <span class='ocrx_word' id='word_1_756' title='bbox 1472 5587 1823 5653; x_wconf 78' lang='lat' dir='ltr'>magistrum.</span> 
     </span>
    </p>
   </div>
   <div class='ocr_carea' id='block_1_102' title="bbox 378 5652 1830 5789">
    <p class='ocr_par' dir='ltr' id='par_1_102' title="bbox 378 5652 1830 5789">
     <span class='ocr_line' id='line_1_105' title="bbox 378 5652 1830 5730; baseline 0.007 -27"><span class='ocrx_word' id='word_1_757' title='bbox 378 5653 488 5707; x_wconf 74' lang='lat' dir='ltr'>Nec</span> <span class='ocrx_word' id='word_1_758' title='bbox 513 5652 647 5727; x_wconf 62' lang='lat' dir='ltr'>satis</span> <span class='ocrx_word' id='word_1_759' title='bbox 678 5659 757 5703; x_wconf 63' lang='lat' dir='ltr'>est</span> <span class='ocrx_word' id='word_1_760' title='bbox 785 5652 1010 5723; x_wconf 68' lang='lat' dir='ltr'>dixisse,</span> <span class='ocrx_word' id='word_1_761' title='bbox 1042 5671 1140 5724; x_wconf 81' lang='lat' dir='ltr'>ego</span> <span class='ocrx_word' id='word_1_762' title='bbox 1167 5659 1315 5711; x_wconf 81' lang='lat' dir='ltr'>mira</span> <span class='ocrx_word' id='word_1_763' title='bbox 1347 5652 1601 5726; x_wconf 58' lang='lat' dir='ltr'>poemata</span> <span class='ocrx_word' id='word_1_764' title='bbox 1628 5674 1830 5730; x_wconf 80' lang='lat' dir='ltr'>pango.</span> 
     </span>
     <span class='ocr_line' id='line_1_106' title="bbox 378 5713 1535 5789; baseline 0.007 -12"><span class='ocrx_word' id='word_1_765' title='bbox 378 5723 489 5789; x_wconf 85' lang='lat'>(93)</span> <span class='ocrx_word' id='word_1_766' title='bbox 523 5713 879 5779; x_wconf 63' lang='grc' dir='ltr'>Ἀαταδαλεῐν.</span> <span class='ocrx_word' id='word_1_767' title='bbox 916 5725 1119 5781; x_wconf 83' lang='lat' dir='ltr'>Comb.</span> <span class='ocrx_word' id='word_1_768' title='bbox 1151 5723 1535 5785; x_wconf 71' lang='grc' dir='ltr'>καταϐάλλειν.</span> 
     </span>
    </p>
   </div>
   <div class='ocr_carea' id='block_1_103' title="bbox 396 5790 1963 5884">
    <p class='ocr_par' dir='ltr' id='par_1_103' title="bbox 396 5790 1963 5884">
     <span class='ocr_line' id='line_1_107' title="bbox 396 5790 1963 5884; baseline 0.005 -33"><span class='ocrx_word' id='word_1_769' title='bbox 396 5790 495 5873; x_wconf 71' lang='grc'>94)</span> <span class='ocrx_word' id='word_1_770' title='bbox 530 5791 924 5869; x_wconf 80' lang='grc' dir='ltr'>Προσαγωγῶν.</span> <span class='ocrx_word' id='word_1_771' title='bbox 957 5796 1159 5856; x_wconf 84' lang='lat' dir='ltr'>Camb.</span> <span class='ocrx_word' id='word_1_772' title='bbox 1203 5800 1360 5875; x_wconf 85' lang='lat' dir='ltr'>«qui</span> <span class='ocrx_word' id='word_1_773' title='bbox 1398 5801 1626 5860; x_wconf 81' lang='lat' dir='ltr'>aditum</span> <span class='ocrx_word' id='word_1_774' title='bbox 1656 5803 1963 5884; x_wconf 69' lang='lat' dir='ltr'>praestent,</span> 
     </span>
    </p>
   </div>
   <div class='ocr_carea' id='block_1_104' title="bbox 2254 4540 2331 4571">
    <p class='ocr_par' dir='ltr' id='par_1_104' title="bbox 2254 4540 2331 4571">
     <span class='ocr_line' id='line_1_108' title="bbox 2254 4540 2331 4571; baseline -0.052 0"><span class='ocrx_word' id='word_1_775' title='bbox 2254 4540 2331 4571; x_wconf 82' lang='grc'>.))</span> 
     </span>
    </p>
   </div>
   <div class='ocr_carea' id='block_1_105' title="bbox 2090 4524 3753 4735">
    <p class='ocr_par' dir='ltr' id='par_1_105' title="bbox 2090 4524 3753 4735">
     <span class='ocr_line' id='line_1_109' title="bbox 2092 4524 3753 4715; baseline 0 -72"><span class='ocrx_word' id='word_1_776' title='bbox 2092 4524 2274 4715; x_wconf 50' lang='grc' dir='ltr'>ιοξὲἒ)</span> <span class='ocrx_word' id='word_1_777' title='bbox 2303 4540 2509 4642; x_wconf 62' lang='grc' dir='ltr'>ΞίἚὶλλοι·</span> <span class='ocrx_word' id='word_1_778' title='bbox 2545 4592 2605 4643; x_wconf 84' lang='lat' dir='ltr'>In</span> <span class='ocrx_word' id='word_1_779' title='bbox 2639 4588 2780 4661; x_wconf 83' lang='lat' dir='ltr'>Reg.</span> <span class='ocrx_word' id='word_1_780' title='bbox 2815 4592 2858 4658; x_wconf 86' lang='lat' dir='ltr'>t,</span> <span class='ocrx_word' id='word_1_781' title='bbox 2898 4588 3301 4644; x_wconf 85' lang='lat' dir='ltr'>desideratur:</span> <span class='ocrx_word' id='word_1_782' title='bbox 3352 4585 3413 4642; x_wconf 90' lang='lat' dir='ltr'>in</span> <span class='ocrx_word' id='word_1_783' title='bbox 3446 4585 3587 4657; x_wconf 79' lang='lat' dir='ltr'>Reg.</span> <span class='ocrx_word' id='word_1_784' title='bbox 3622 4585 3660 4654; x_wconf 89' lang='grc'>1,</span> <span class='ocrx_word' id='word_1_785' title='bbox 3695 4589 3753 4643; x_wconf 86' lang='lat' dir='ltr'>et</span> 
     </span>
     <span class='ocr_line' id='line_1_110' title="bbox 2090 4653 3752 4735; baseline -0.003 -20"><span class='ocrx_word' id='word_1_786' title='bbox 2090 4661 2164 4715; x_wconf 85' lang='lat' dir='ltr'><strong>C0</strong></span> <span class='ocrx_word' id='word_1_787' title='bbox 2196 4663 2248 4716; x_wconf 91' lang='lat' dir='ltr'>b.</span> <span class='ocrx_word' id='word_1_788' title='bbox 2286 4678 2365 4728; x_wconf 90' lang='lat' dir='ltr'>m,</span> <span class='ocrx_word' id='word_1_789' title='bbox 2415 4660 2663 4735; x_wconf 79' lang='lat' dir='ltr'>legitur:</span> <span class='ocrx_word' id='word_1_790' title='bbox 2729 4658 2824 4713; x_wconf 82' lang='grc' dir='ltr'>Καὶ</span> <span class='ocrx_word' id='word_1_791' title='bbox 2872 4660 2937 4713; x_wconf 72' lang='grc' dir='ltr'>τὰ</span> <span class='ocrx_word' id='word_1_792' title='bbox 2991 4658 3084 4731; x_wconf 72' lang='grc' dir='ltr'>μὲν</span> <span class='ocrx_word' id='word_1_793' title='bbox 3130 4664 3379 4726; x_wconf 80' lang='grc' dir='ltr'>ποιῆσαι,</span> <span class='ocrx_word' id='word_1_794' title='bbox 3428 4657 3496 4711; x_wconf 71' lang='grc' dir='ltr'>τὰ</span> <span class='ocrx_word' id='word_1_795' title='bbox 3544 4653 3601 4711; x_wconf 72' lang='grc' dir='ltr'>δὲ</span> <span class='ocrx_word' id='word_1_796' title='bbox 3644 4676 3752 4711; x_wconf 87' lang='grc' dir='ltr'>πα-</span> 
     </span>
    </p>
   </div>
   <div class='ocr_carea' id='block_1_106' title="bbox 2237 4688 3752 4728">
    <p class='ocr_par' dir='ltr' id='par_1_106' title="bbox 2237 4688 3752 4728">
     <span class='ocr_line' id='line_1_111' title="bbox 2237 4688 3752 4728; baseline -0.004 -12"><span class='ocrx_word' id='word_1_797' title='bbox 2237 4704 2248 4716; x_wconf 72' lang='grc'>.</span> <span class='ocrx_word' id='word_1_798' title='bbox 2287 4688 2365 4728; x_wconf 76' lang='grc' dir='ltr'>ιιι,</span> <span class='ocrx_word' id='word_1_799' title='bbox 2415 4688 2663 4728; x_wconf 58' lang='grc' dir='ltr'>ιηδιιυιῖς</span> <span class='ocrx_word' id='word_1_800' title='bbox 2729 4688 2824 4713; x_wconf 69' lang='lat' dir='ltr'>nuc</span> <span class='ocrx_word' id='word_1_801' title='bbox 2872 4688 2937 4713; x_wconf 66' lang='grc' dir='ltr'>τα</span> <span class='ocrx_word' id='word_1_802' title='bbox 2991 4688 3084 4728; x_wconf 72' lang='grc' dir='ltr'>μιν</span> <span class='ocrx_word' id='word_1_803' title='bbox 3130 4688 3379 4726; x_wconf 68' lang='grc' dir='ltr'>ἠυ-ιηυαι,</span> <span class='ocrx_word' id='word_1_804' title='bbox 3428 4688 3496 4711; x_wconf 56' lang='lat' dir='ltr'>&quot;Vl.</span> <span class='ocrx_word' id='word_1_805' title='bbox 3544 4688 3601 4711; x_wconf 67' lang='grc' dir='ltr'>υδ</span> <span class='ocrx_word' id='word_1_806' title='bbox 3644 4688 3752 4711; x_wconf 65' lang='grc' dir='ltr'>Ἱιιι-</span> 
     </span>
    </p>
   </div>
   <div class='ocr_carea' id='block_1_107' title="bbox 2092 4741 3751 4877">
    <p class='ocr_par' dir='ltr' id='par_1_107' title="bbox 2092 4741 3751 4877">
     <span class='ocr_line' id='line_1_112' title="bbox 2092 4741 3751 4877; baseline -0.001 -19"><span class='ocrx_word' id='word_1_807' title='bbox 2092 4741 2272 4877; x_wconf 43' lang='lat' dir='ltr'>es(9&#39;6)</span> <span class='ocrx_word' id='word_1_808' title='bbox 2306 4804 2628 4858; x_wconf 81' lang='grc' dir='ltr'>Ἐπιστατεῖ.</span> <span class='ocrx_word' id='word_1_809' title='bbox 2662 4826 2689 4877; x_wconf 65' lang='grc' dir='ltr'>ς(</span> <span class='ocrx_word' id='word_1_810' title='bbox 2726 4803 2863 4867; x_wconf 64' lang='lat' dir='ltr'>Quae</span> <span class='ocrx_word' id='word_1_811' title='bbox 2892 4804 2950 4858; x_wconf 90' lang='lat' dir='ltr'>in</span> <span class='ocrx_word' id='word_1_812' title='bbox 2983 4802 3260 4859; x_wconf 89' lang='lat' dir='ltr'>omnibus</span> <span class='ocrx_word' id='word_1_813' title='bbox 3309 4801 3630 4874; x_wconf 88' lang='lat' dir='ltr'>primatum</span> <span class='ocrx_word' id='word_1_814' title='bbox 3661 4803 3751 4857; x_wconf 85' lang='lat' dir='ltr'>te-</span> 
     </span>
    </p>
   </div>
   <div class='ocr_carea' id='block_1_108' title="bbox 2092 4876 2791 4945">
    <p class='ocr_par' dir='ltr' id='par_1_108' title="bbox 2092 4876 2791 4945">
     <span class='ocr_line' id='line_1_113' title="bbox 2092 4876 2791 4945; baseline -0.006 -16"><span class='ocrx_word' id='word_1_815' title='bbox 2092 4876 2190 4931; x_wconf 87' lang='lat' dir='ltr'>net</span> <span class='ocrx_word' id='word_1_816' title='bbox 2222 4876 2407 4945; x_wconf 73' lang='lat' dir='ltr'>(Eccli,</span> <span class='ocrx_word' id='word_1_817' title='bbox 2436 4892 2587 4945; x_wconf 69' lang='lat' dir='ltr'>xxxv,</span> <span class='ocrx_word' id='word_1_818' title='bbox 2618 4876 2727 4944; x_wconf 85' lang='lat'>10).</span> <span class='ocrx_word' id='word_1_819' title='bbox 2764 4898 2791 4924; x_wconf 83' lang='lat'><strong>»</strong></span> 
     </span>
    </p>
   </div>
   <div class='ocr_carea' id='block_1_109' title="bbox 2160 4940 3751 5019">
    <p class='ocr_par' dir='ltr' id='par_1_109' title="bbox 2160 4940 3751 5019">
     <span class='ocr_line' id='line_1_114' title="bbox 2160 4940 3751 5019; baseline -0.001 -18"><span class='ocrx_word' id='word_1_820' title='bbox 2160 4940 2272 5019; x_wconf 79' lang='lat'>(97)</span> <span class='ocrx_word' id='word_1_821' title='bbox 2334 4940 2713 5001; x_wconf 63' lang='grc' dir='ltr'>Σύλλαϐοὖσα.</span> <span class='ocrx_word' id='word_1_822' title='bbox 2794 4947 2879 5003; x_wconf 88' lang='lat' dir='ltr'>Ita</span> <span class='ocrx_word' id='word_1_823' title='bbox 2950 4946 3125 5018; x_wconf 84' lang='lat' dir='ltr'>Regg.</span> <span class='ocrx_word' id='word_1_824' title='bbox 3204 4943 3308 5012; x_wconf 93' lang='lat' dir='ltr'>hu,</span> <span class='ocrx_word' id='word_1_825' title='bbox 3383 4942 3422 5009; x_wconf 94' lang='lat' dir='ltr'>l,</span> <span class='ocrx_word' id='word_1_826' title='bbox 3501 4947 3559 4999; x_wconf 90' lang='lat' dir='ltr'>et</span> <span class='ocrx_word' id='word_1_827' title='bbox 3614 4944 3751 4999; x_wconf 89' lang='lat' dir='ltr'>Cob.</span> 
     </span>
    </p>
   </div>
   <div class='ocr_carea' id='block_1_110' title="bbox 2089 5019 3164 5162">
    <p class='ocr_par' dir='ltr' id='par_1_110' title="bbox 2089 5019 3164 5162">
     <span class='ocr_line' id='line_1_115' title="bbox 2089 5019 3164 5162; baseline -0.006 -16"><span class='ocrx_word' id='word_1_828' title='bbox 2089 5019 2270 5162; x_wconf 36' lang='lat' dir='ltr'>adii)</span> <span class='ocrx_word' id='word_1_829' title='bbox 2303 5093 2442 5162; x_wconf 49' lang='grc' dir='ltr'>Δεῖν,</span> <span class='ocrx_word' id='word_1_830' title='bbox 2476 5089 2571 5145; x_wconf 88' lang='lat' dir='ltr'>Sic</span> <span class='ocrx_word' id='word_1_831' title='bbox 2600 5092 2745 5162; x_wconf 77' lang='lat' dir='ltr'>Reg.</span> <span class='ocrx_word' id='word_1_832' title='bbox 2771 5088 2907 5162; x_wconf 52' lang='lat' dir='ltr'>1.1a</span> <span class='ocrx_word' id='word_1_833' title='bbox 2939 5088 3028 5142; x_wconf 87' lang='lat' dir='ltr'>ed.</span> <span class='ocrx_word' id='word_1_834' title='bbox 3064 5082 3164 5162; x_wconf 60' lang='grc' dir='ltr'>ξεῖ.</span> 
     </span>
    </p>
   </div>
   <div class='ocr_carea' id='block_1_111' title="bbox 2161 5153 3747 5237">
    <p class='ocr_par' dir='ltr' id='par_1_111' title="bbox 2161 5153 3747 5237">
     <span class='ocr_line' id='line_1_116' title="bbox 2161 5153 3747 5237; baseline -0.002 -22"><span class='ocrx_word' id='word_1_835' title='bbox 2161 5153 2275 5234; x_wconf 85' lang='lat'>(99&#39;)</span> <span class='ocrx_word' id='word_1_836' title='bbox 2310 5157 2572 5237; x_wconf 37' lang='lat' dir='ltr'>noxiae</span> <span class='ocrx_word' id='word_1_837' title='bbox 2603 5153 2780 5216; x_wconf 72' lang='lat' dir='ltr'>Ad‘ait</span> <span class='ocrx_word' id='word_1_838' title='bbox 2828 5161 3010 5215; x_wconf 87' lang='lat' dir='ltr'>Mont.</span> <span class='ocrx_word' id='word_1_839' title='bbox 3063 5153 3252 5218; x_wconf 76' lang='grc' dir='ltr'>ὅντως.</span> <span class='ocrx_word' id='word_1_840' title='bbox 3305 5154 3747 5237; x_wconf 64' lang='grc' dir='ltr'>νεςίίίβὶίιίιιε,</span> 
     </span>
    </p>
   </div>
   <div class='ocr_carea' id='block_1_112' title="bbox 2094 5231 3750 5316">
    <p class='ocr_par' dir='ltr' id='par_1_112' title="bbox 2094 5231 3750 5316">
     <span class='ocr_line' id='line_1_117' title="bbox 2094 5231 3750 5316; baseline -0.003 -28"><span class='ocrx_word' id='word_1_841' title='bbox 2094 5255 2121 5287; x_wconf 71' lang='grc' dir='ltr'>α</span> <span class='ocrx_word' id='word_1_842' title='bbox 2150 5231 2377 5315; x_wconf 63' lang='lat' dir='ltr'>magna:</span> <span class='ocrx_word' id='word_1_843' title='bbox 2409 5231 2632 5316; x_wconf 68' lang='lat' dir='ltr'>Hercle,</span> <span class='ocrx_word' id='word_1_844' title='bbox 2668 5254 2695 5283; x_wconf 84' lang='lat'>»</span> <span class='ocrx_word' id='word_1_845' title='bbox 2717 5249 2899 5316; x_wconf 62' lang='lat' dir='ltr'>quam</span> <span class='ocrx_word' id='word_1_846' title='bbox 2925 5247 3122 5313; x_wconf 75' lang='lat' dir='ltr'>vocem</span> <span class='ocrx_word' id='word_1_847' title='bbox 3148 5246 3260 5285; x_wconf 88' lang='lat' dir='ltr'>non</span> <span class='ocrx_word' id='word_1_848' title='bbox 3299 5231 3443 5310; x_wconf 64' lang='lat' dir='ltr'>satis</span> <span class='ocrx_word' id='word_1_849' title='bbox 3465 5231 3750 5316; x_wconf 60' lang='lat' dir='ltr'>piamnox-</span> 
     </span>
    </p>
   </div>
   <div class='ocr_carea' id='block_1_113' title="bbox 2086 5297 3747 5433">
    <p class='ocr_par' dir='ltr' id='par_1_113' title="bbox 2086 5297 3747 5433">
     <span class='ocr_line' id='line_1_118' title="bbox 2086 5297 3747 5433; baseline -0.003 -72"><span class='ocrx_word' id='word_1_850' title='bbox 2086 5297 2426 5433; x_wconf 41' lang='lat' dir='ltr'>pulmrlilmus.</span> <span class='ocrx_word' id='word_1_851' title='bbox 2459 5297 2797 5371; x_wconf 44' lang='lat' dir='ltr'>Quid&#39;eniin</span> <span class='ocrx_word' id='word_1_852' title='bbox 2828 5303 3160 5359; x_wconf 87' lang='lat' dir='ltr'>Christiano</span> <span class='ocrx_word' id='word_1_853' title='bbox 3201 5316 3333 5357; x_wconf 90' lang='lat' dir='ltr'>cum</span> <span class='ocrx_word' id='word_1_854' title='bbox 3371 5297 3571 5370; x_wconf 84' lang='lat' dir='ltr'>jurato</span> <span class='ocrx_word' id='word_1_855' title='bbox 3603 5297 3747 5356; x_wconf 88' lang='lat' dir='ltr'>Her-</span> 
     </span>
     <span class='ocr_line' id='line_1_119' title="bbox 2086 5394 2212 5433; baseline 0 -1"><span class='ocrx_word' id='word_1_856' title='bbox 2086 5395 2152 5433; x_wconf 92' lang='lat' dir='ltr'>eu</span> <span class='ocrx_word' id='word_1_857' title='bbox 2182 5394 2212 5433; x_wconf 87' lang='lat' dir='ltr'>e</span> 
     </span>
    </p>
   </div>
   <div class='ocr_carea' id='block_1_114' title="bbox 2084 5395 2229 5521">
    <p class='ocr_par' dir='ltr' id='par_1_114' title="bbox 2084 5395 2229 5521">
     <span class='ocr_line' id='line_1_120' title="bbox 2084 5395 2212 5433; baseline 0 -1"><span class='ocrx_word' id='word_1_858' title='bbox 2084 5395 2212 5433; x_wconf 84' lang='lat' dir='ltr'>cute</span> 
     </span>
     <span class='ocr_line' id='line_1_121' title="bbox 2153 5450 2229 5521; baseline 0.013 -1"><span class='ocrx_word' id='word_1_859' title='bbox 2153 5450 2229 5521; x_wconf 86' lang='grc'>(1)</span> 
     </span>
    </p>
   </div>
   <div class='ocr_carea' id='block_1_115' title="bbox 2083 5536 3748 5665">
    <p class='ocr_par' dir='ltr' id='par_1_115' title="bbox 2083 5536 3748 5665">
     <span class='ocr_line' id='line_1_122' title="bbox 2083 5536 2299 5575; baseline 0 0"><span class='ocrx_word' id='word_1_860' title='bbox 2083 5536 2237 5575; x_wconf 88' lang='lat' dir='ltr'>mus.</span> <span class='ocrx_word' id='word_1_861' title='bbox 2272 5541 2299 5568; x_wconf 83' lang='lat'><strong>»</strong></span> 
     </span>
     <span class='ocr_line' id='line_1_123' title="bbox 2083 5586 3748 5665; baseline -0.002 -20"><span class='ocrx_word' id='word_1_862' title='bbox 2083 5661 2092 5665; x_wconf 96' lang='lat'><em>_</em></span> <span class='ocrx_word' id='word_1_863' title='bbox 2150 5592 2226 5664; x_wconf 82' lang='lat'>(2)</span> <span class='ocrx_word' id='word_1_864' title='bbox 2267 5589 2414 5665; x_wconf 41' lang='grc' dir='ltr'>-Περὶ</span> <span class='ocrx_word' id='word_1_865' title='bbox 2463 5589 2637 5645; x_wconf 81' lang='grc' dir='ltr'>αὐτῶν</span> <span class='ocrx_word' id='word_1_866' title='bbox 2703 5589 2894 5665; x_wconf 70' lang='grc' dir='ltr'>εἰπεῖν.</span> <span class='ocrx_word' id='word_1_867' title='bbox 2967 5590 3052 5665; x_wconf 84' lang='lat' dir='ltr'>Is_</span> <span class='ocrx_word' id='word_1_868' title='bbox 3087 5589 3225 5665; x_wconf 82' lang='lat' dir='ltr'>ordo</span> <span class='ocrx_word' id='word_1_869' title='bbox 3275 5587 3613 5665; x_wconf 30' lang='lat' dir='ltr'>vherborum_</span> <span class='ocrx_word' id='word_1_870' title='bbox 3657 5586 3748 5665; x_wconf 68' lang='lat' dir='ltr'>est</span> 
     </span>
    </p>
   </div>
   <div class='ocr_carea' id='block_1_116' title="bbox 2315 5441 3750 5522">
    <p class='ocr_par' dir='ltr' id='par_1_116' title="bbox 2315 5441 3750 5522">
     <span class='ocr_line' id='line_1_124' title="bbox 2315 5441 3750 5522; baseline -0.002 -20"><span class='ocrx_word' id='word_1_871' title='bbox 2315 5445 2812 5522; x_wconf 83' lang='grc' dir='ltr'>’Δνακαθαίρωμεν.</span> <span class='ocrx_word' id='word_1_872' title='bbox 2895 5470 2922 5497; x_wconf 85' lang='grc'>‹‹</span> <span class='ocrx_word' id='word_1_873' title='bbox 3005 5447 3355 5519; x_wconf 83' lang='lat' dir='ltr'>Expugnare</span> <span class='ocrx_word' id='word_1_874' title='bbox 3432 5441 3750 5499; x_wconf 87' lang='lat' dir='ltr'>tentaveri-</span> 
     </span>
    </p>
   </div>
   <div class='ocr_carea' id='block_1_117' title="bbox 2078 5652 3745 5745">
    <p class='ocr_par' dir='ltr' id='par_1_117' title="bbox 2078 5652 3745 5745">
     <span class='ocr_line' id='line_1_125' title="bbox 2078 5652 3745 5745; baseline -0.004 -25"><span class='ocrx_word' id='word_1_875' title='bbox 2078 5652 2428 5745; x_wconf 52' lang='lat' dir='ltr'>iq‘nielioris</span> <span class='ocrx_word' id='word_1_876' title='bbox 2460 5667 2608 5720; x_wconf 68' lang='lat' dir='ltr'>nota:</span> <span class='ocrx_word' id='word_1_877' title='bbox 2659 5661 2981 5719; x_wconf 89' lang='lat' dir='ltr'>codicibus.</span> <span class='ocrx_word' id='word_1_878' title='bbox 3032 5662 3097 5718; x_wconf 91' lang='lat' dir='ltr'>In</span> <span class='ocrx_word' id='word_1_879' title='bbox 3127 5660 3218 5717; x_wconf 91' lang='lat' dir='ltr'>ed.</span> <span class='ocrx_word' id='word_1_880' title='bbox 3274 5656 3443 5715; x_wconf 81' lang='grc' dir='ltr'>εἰπεῖν</span> <span class='ocrx_word' id='word_1_881' title='bbox 3493 5653 3618 5737; x_wconf 80' lang='grc' dir='ltr'>περῖ</span> <span class='ocrx_word' id='word_1_882' title='bbox 3648 5652 3745 5713; x_wconf 76' lang='grc' dir='ltr'>αὖ·</span> 
     </span>
    </p>
   </div>
   <div class='ocr_carea' id='block_1_118' title="bbox 2074 5751 2205 5796">
    <p class='ocr_par' dir='ltr' id='par_1_118' title="bbox 2074 5751 2205 5796">
     <span class='ocr_line' id='line_1_126' title="bbox 2074 5751 2205 5796; baseline 0.008 -8"><span class='ocrx_word' id='word_1_883' title='bbox 2074 5751 2182 5790; x_wconf 82' lang='grc' dir='ltr'>των</span> <span class='ocrx_word' id='word_1_884' title='bbox 2192 5776 2205 5796; x_wconf 74' lang='grc' dir='ltr'><strong><em>ο</em></strong></span> 
     </span>
    </p>
   </div>
  </div>
