4110 6414
371 377 484 442 461

446 507 570 563 ΝΔ’.
622 507 794 560 Τοῦτο
852 499 1098 580 δακρύων
1158 501 1252 578 μὶν
1306 501 1396 560 καὶ
1451 510 1765 582 στεναγμῶν

371 620 420 654 τι
479 595 642 670 ἄλλο,
694 596 756 650 τὸ
802 595 973 657 πάθος
1022 592 1186 666 ἄξιον·
1239 594 1268 649 ’ὀ
1297 594 1386 649 καὶ
1434 593 1704 656 πολλάκις
1753 593 1862 670 ἐγὼ
1899 616 2027 650 κατ-

371 687 611 760 ηλέησα,
660 683 716 741 εὖ
765 683 943 754 εἰδὼς,
995 683 1078 740 ὅτι
1126 685 1189 739 τὸ
1222 681 1423 739 οἷέσθαι
1468 689 1564 740 τοῦ
1613 685 1744 740 εἶναι
1776 686 1838 740 τὸ
1869 682 2026 740 πλεῖ-

376 799 499 834 στον
547 778 874 856 ἀφαιρεῖται,
924 774 1013 829 καὶ
1067 773 1201 850 μέγα
1247 779 1364 837 τοῖς
1426 775 1732 852 ἀνθρώποις
1780 777 1815 844 ἡ
1871 795 2028 829 κενο-

377 865 532 940 δοξία
581 869 656 941 (3)
714 866 850 942 πρὸς
905 863 1102 941 ἀρετὴν
1164 862 1461 938 ἐμπόδιον·
1523 862 1767 929 ἲάσασθαι
1827 861 1884 919 δὲ
1940 863 2029 919 καὶ

379 964 572 1028 στῆσαι
612 957 712 1024 τήν
761 949 915 1011 νόσον
966 955 1172 1030 Πέτρου
1206 952 1262 1008 ἂν
1292 955 1368 1028 (4)
1402 951 1484 1025 εἷή
1534 952 1680 1016 τινός
1710 955 1743 1022 ἢ
1785 952 2024 1024 Παύλου,

379 1051 488 1102 τῶν
551 1045 801 1122 μεγάλων
860 1045 1096 1118 Χριστοῦ
1159 1043 1431 1116 μαθητῶν,
1490 1040 1580 1097 καί
1642 1043 1775 1115 μετὰ
1821 1047 1920 1112 τῆς
1977 1040 2028 1096 ἐν

382 1136 536 1213 λόγῳ
589 1156 678 1190 και
748 1131 890 1211 ἔργῳ
961 1127 1338 1209 κυϐερνήσεως
1411 1131 1719 1208 εἰληφότων
1793 1131 1856 1186 τὸ
1931 1130 2032 1207 χά-

380 1246 547 1304 ρισμα
603 1225 681 1298 (5)
719 1269 734 1294 ,
785 1224 876 1278 καὶ
933 1228 1063 1278 πᾶσι
1139 1222 1313 1277 πάντα
1370 1222 1698 1297 γινομένων,
1755 1220 1847 1276 *ίνα
1901 1221 2030 1284 τοὺς

377 1312 580 1379 πάντας
631 1316 710 1389 (θ)
751 1309 1112 1390 κερδήσωσινο
1163 1313 1300 1386 ἡμῖν
1348 1309 1404 1367 δὲ
1449 1317 1565 1374 τοῖς
1623 1309 1820 1374 ἄλλοις
1872 1309 2027 1388 μέγα,

377 1405 472 1462 κᾶν
520 1405 566 1459 εί
615 1402 800 1464 καλῶς
848 1395 1242 1477 κυϐερνοίμεθα
1289 1402 1378 1456 καὶ
1435 1400 1694 1476 ἀγοίμεθα
1741 1402 1875 1476 πρὸς
1921 1405 2028 1456 τῶν

381 1493 706 1570 ἐπανορθοῦν
781 1492 849 1547 τά
914 1494 1137 1547 τοιαῦτα
1210 1489 1298 1545 καὶ
1373 1488 1658 1545 διευθύνειν
1724 1495 2030 1565 ξπεπιστευ-

387 1584 580 1658 μένων.

450 1762 576 1820 ΝΒ’.
610 1757 764 1818 Ἀλλ’
821 1754 1006 1828 ἐπειδή
1067 1779 1129 1833 γε
1185 1757 1408 1812 Παύλου
1457 1756 1544 1812 καὶ
1591 1761 1697 1813 τῶν
1747 1758 1864 1813 κατ’
1895 1756 2034 1813 ἐκεῖ·

1532 373 1827 438 ΟἨΑΤΙΟ
1870 375 1949 436 II.
1984 405 2063 420 —
2089 373 2659 438 APOLOGETICA.

3686 381 3808 446 463

1809 554 1824 577 ,
1879 504 2027 580 εἴπερ
2060 511 2114 577 Α
2219 508 2308 564 LI.
2340 509 2458 566 Hoc
2489 508 2713 566 malum
2744 509 3019 585 lacrymis
3069 511 3307 585 quidem
3356 517 3414 570 et
3445 513 3723 583 luctibus,
3755 515 3807 573 si

2140 599 2291 670 quod
2317 598 2494 669 aliud,
2529 600 2775 672 dignum
2809 606 2934 670 est;
2970 603 3119 673 quod
3148 602 3322 658 etiam
3353 603 3480 674 ipsa
3512 621 3666 677 saepe
3702 604 3808 660 mi-

2139 691 2366 743 seratus
2411 706 2565 757 sum,
2621 707 2736 746 non
2785 689 3066 762 ignorans
3105 691 3436 763 opinionem
3479 692 3804 764 plurimum

2139 777 2209 832 de
2232 793 2293 832 re
2311 777 2438 849 ipsa
2459 779 2706 847 auferre,
2727 778 3040 851 inanisque
3054 779 3250 852 gloriae
3264 781 3528 836 studium
3553 780 3806 836 homini-

2139 867 2250 922 bus
2283 883 2495 939 magno
2520 868 2589 922 ad
2614 869 2885 924 virtutem
2909 869 3328 940 impedimento
3355 887 3502 926 esse.
3531 870 3800 926 Morbum

2141 959 2334 1011 autem
2377 973 2584 1012 sanare
2631 974 2698 1013 ac
2747 958 3082 1029 reprimere,
3137 958 3288 1014 Petri
3337 960 3670 1028 cujusdam,
3699 965 3804 1015 aut

2141 1044 2304 1100 Pauli
2339 1046 2528 1113 fuerit,
2581 1063 2950 1119 magnorum,
3002 1047 3264 1120 inquam,
3296 1048 3534 1104 illorum
3583 1049 3806 1106 Christi

2140 1135 2586 1207 discipulorum,
2621 1136 2721 1209 qui
2762 1154 2879 1192 una
2907 1154 3040 1192 cum
3091 1139 3534 1210 gubernatione,
3585 1143 3707 1195 tam
3739 1140 3800 1194 in

2141 1241 2410 1282 sermone
2440 1243 2617 1298 quam
2640 1226 2697 1281 in
2721 1243 2914 1299 opere,
2937 1227 3188 1300 gratiam
3211 1232 3580 1301 acceperunt,
3610 1229 3801 1286 omni-

2140 1314 2368 1388 busque
2400 1316 2598 1371 omnia
2627 1315 2759 1370 facti
2792 1320 2951 1386 sunt,
2986 1320 3050 1371 ut
3079 1333 3282 1373 omnes
3313 1317 3801 1375 lucrifacereut".

2140 1404 2320 1461 Nobis
2351 1409 2546 1461 autem
2579 1404 2710 1460 aliis
2734 1421 3013 1478 magnum
3037 1410 3212 1478 atque
3236 1406 3496 1479 amplum
3531 1409 3726 1472 fuerit,
3749 1408 3801 1464 si

2141 1495 2216 1552 ab
2247 1493 2338 1562 iis,
2373 1493 2589 1565 quibus
2621 1493 3122 1548 emendandarum
3150 1497 3205 1548 et
3227 1493 3668 1566 dirigendarum
3694 1493 3805 1551 hu-

2135 1584 2400 1656 jusmodi
2434 1597 2627 1638 rerum
2661 1599 2801 1638 cura
2831 1583 3149 1639 commissa
3188 1586 3297 1650 est,
3331 1588 3484 1639 recte
3513 1584 3803 1656 guberne-

2146 1691 2279 1730 mur
2307 1678 2482 1746 atque
2512 1673 2818 1728 ducamur.

2215 1764 2331 1820 LII.
2366 1769 2448 1819 Ac
2470 1762 2747 1835 quoniam
2766 1761 2955 1830 Pauli,
2978 1762 3225 1834 ejusque
3245 1760 3532 1818 similium
3555 1762 3804 1818 mentio-

377 1872 469 1907 vov
531 1849 878 1924 ἐμνήσθημεν
915 1893 929 1919 ,
989 1847 1247 1922 ἀφέντες,
1307 1847 1352 1902 εί
1417 1844 1600 1917 δοκεῖ,
1643 1847 1769 1910 τοὺς
1828 1846 2034 1910 ἄλλους

392 1942 417 1955 ..
705 1937 731 1955 ,ι
989 1937 1002 1955 ι
1213 1937 1239 1955 Α
1314 1936 1325 1955 1
1479 1934 1504 1955 ν
1824 1936 1835 1955 1
2005 1934 2031 1955 ,ι

2155 1871 2279 1910 nem
2311 1854 2580 1920 fecimus,
2613 1851 2850 1919 relictis,
2888 1851 2934 1906 si
2968 1851 3049 1907 ita
3077 1852 3324 1918 videtur,
3350 1851 3624 1908 omnibus
3647 1851 3800 1919 aliis,

383 1942 641 2009 ἅπαντας,
702 1937 817 1995 ὅσοι
875 1937 1012 1992 κατὰ
1068 1936 1413 2009 νομοθεσίαν,
1565 1936 1936 2016 προφητείαν,
1995 1934 2031 2006 ἤ

383 2028 730 2106 στρατηγίαν,
789 2025 825 2097 ἤ
879 2049 999 2082 τινα
1049 2026 1304 2098 τοιαύτην
1368 2025 1544 2097 ἄλλην
1588 2027 1903 2102 οἰκονομίαν
1936 2031 2032 2082 τοῦ

382 2119 522 2176 λαοῦ
573 2113 1016 2194 προεϐλήθησαν,
1064 2117 1176 2172 οἷον
1237 2117 1328 2171 τὸν
1387 2123 1612 2187 Μωσῆν,
1671 2118 1762 2172 τὸν
1819 2117 2029 2193 Ἀαρὼν

379 2209 603 2282 ἐκεῖνον,
636 2208 728 2264 τὸν
763 2209 998 2278 Ἰησοῦν,
1029 2206 1119 2262 τὸν
1153 2203 1365 2275 Ἠλίαν,
1397 2205 1486 2261 τὸν
1535 2206 1867 2279 Ἐλισσαῖον,
1907 2207 2034 2269 τοὺς

377 2301 586 2376 κριτάς,
644 2300 736 2355 τὸν
798 2295 1031 2368 Ἰησοῦν,
1088 2296 1179 2350 τὸν
1239 2290 1425 2368 Δαϐὶδ,
1483 2299 1590 2350 τῶν
1620 2301 1915 2374 προφητῶν
1970 2296 2032 2351 τὸ

380 2389 611 2461 πλῆθος,
642 2389 732 2443 τὸν
763 2385 1037 2458 Ἰωάννην,
1069 2386 1196 2448 τοὺς
1241 2383 1448 2440 δώδεκα
1502 2386 1745 2459 μαθητὰς
1790 2385 1918 2450 τοὺς
1950 2385 2032 2442 ἐπ’

382 2477 605 2539 ἐκείνοις
655 2475 873 2553 ὕστερον
923 2479 1016 2548 (7),
1081 2475 1132 2530 οἳ
1188 2473 1423 2538 πολλοῖς
1483 2473 1671 2552 ἱδρῶσι
1721 2475 1808 2531 καὶ
1841 2475 2031 2540 πόνοις

383 2565 666 2638 διεξῆλθον
697 2568 796 2636 τήν
847 2566 1168 2639 προστασίαν
1212 2566 1348 2620 κατᾶ
1395 2566 1521 2627 τοὺς
1552 2566 1752 2620 ἑαυτῶν
1795 2565 2030 2642 χρόνους

379 2655 621 2713 ’ἔκαστοι-
670 2655 892 2718 τούτοος
945 2650 1270 2732 ὑπερϐάντες
1330 2655 1588 2726 ἅπαντας,
1641 2654 1855 2710 Παῦλον
1903 2677 2032 2732 προ-

382 2746 708 2820 στησώμεθα
741 2745 904 2819 μόνον
932 2749 1028 2800 τοῦ
1079 2740 1249 2820 λόγου
1280 2744 1564 2819 συνίστορα
1597 2747 1694 2818 (8),
1727 2744 1820 2800 κᾶν
1851 2745 2031 2819 τούτῳ

381 2837 770 2913 θεωρήσωμεν,
800 2833 927 2890 ὅσον
975 2833 1083 2889 ἐστὶ
1133 2834 1222 2889 καὶ
1255 2838 1446 2910 ψυχῶν
1589 2833 1897 2908 ἐπιμέλεια,
1940 2835 2030 2891 καὶ

386 2927 431 2982 εἷ
485 2927 743 3003 βραχείας
799 2931 900 2994 τῆς
950 2924 1341 3000 πραγματείας,
1403 2925 1436 2993 ἣ
1498 2931 1692 3000 μικρᾶς
1748 2932 1849 2994 τῆς
1907 2946 2032 2979 συν-

386 3019 568 3078 έσεως.
600 3016 688 3078 Ὠς
721 3013 778 3070 ἂν
811 3012 868 3069 δὲ
901 3013 1066 3090 ῥᾷστα
1095 3019 1255 3069 τοῦτο
1285 3014 1434 3090 γνοίη
1449 3036 1542 3087 μεν
1573 3015 1663 3069 καὶ
1695 3013 2031 3089 κατίδοιμεν,

384 3107 437 3162 τί
475 3105 685 3166 Παῦλος
713 3104 874 3166 αὐτὸς
905 3102 1028 3180 περί
1059 3103 1278 3158 Παύλου
1312 3103 1464 3181 φησὶ,
1510 3103 1850 3177 ἀκούσωμεν.

457 3203 575 3253 NI".
633 3199 734 3251 Ἐῶ
794 3193 967 3270 λέγειν
1027 3195 1140 3267 (10)
1197 3192 1328 3256 τοὺς
1402 3193 1602 3257 πόνους
1640 3239 1653 3262 ,
1712 3196 1807 3258 τὰς
1865 3194 2032 3272 ἀγρυ-

2143 1944 2242 2017 qui
2273 1944 2345 2000 ob
2377 1942 2536 2016 leges
2568 1941 2856 2009 ferendas,
2890 1939 2976 1996 vel
3009 1942 3081 1996 ob
3113 1940 3431 2012 prophetiae
3458 1956 3692 2006 munus,
3713 1939 3802 1997 vel

2142 2034 2215 2092 ob
2249 2033 2330 2090 rei
2364 2031 2639 2088 militaris
2667 2030 3004 2102 imperium,
3037 2029 3124 2086 vel
3161 2031 3234 2086 ob
3274 2029 3452 2087 aliam
3485 2031 3802 2102 quamdam

2143 2122 2432 2196 ejusmodi
2468 2118 3063 2185 administrationem,
3106 2118 3305 2191 populi
3355 2119 3647 2175 antistites
3680 2119 3801 2175 fue-

2143 2216 2298 2280 runt,
2319 2209 2478 2267 velut
2493 2210 2705 2278 Moses,
2725 2211 2936 2279 Aaron,
2954 2209 3155 2275 Josue,
3175 2207 3350 2277 Elias,
3372 2207 3632 2274 Elisasus,
3647 2207 3806 2263 Judi-

2142 2323 2260 2374 ces,
2277 2300 2535 2372 Samuel,
2555 2301 2753 2368 David,
2769 2300 3186 2373 prophetarum
3200 2299 3531 2366 multitudo,
3547 2299 3805 2355 Joannes

2141 2393 2447 2450 duodecim
2481 2390 2724 2463 apostoli
2757 2405 3079 2461 eorumque
3123 2388 3363 2461 posteri,
3397 2389 3498 2461 qui
3529 2405 3645 2444 non
3679 2387 3806 2445 sine

2143 2481 2344 2539 multis
2375 2480 2676 2536 laboribus
2729 2482 2786 2534 et
2834 2479 3152 2534 sudoribus
3197 2478 3552 2549 przefecturae
3585 2493 3804 2534 munus

2141 2572 2266 2629 suis
2322 2571 2569 2642 quisque
2616 2567 2980 2640 temporibus
3024 2567 3332 2623 obierunt:
3385 2566 3478 2622 his
3534 2565 3802 2640 inquam,

2141 2661 2417 2717 omnibus
2447 2656 2878 2730 praetermissis,
2904 2655 3146 2712 Paulum
3173 2672 3354 2711 unum
3379 2655 3668 2711 sermonis
3700 2672 3803 2712 no-

2141 2751 2249 2807 stri
2281 2747 2582 2806 conscium
2630 2747 3018 2819 proferamus,
3052 2749 3226 2816 atque
3267 2744 3324 2799 in
3358 2760 3444 2812 eo,
3498 2749 3718 2817 quanta
3748 2747 3807 2800 et

2141 2840 2334 2914 qualis
2365 2855 2457 2894 res
2489 2838 2565 2893 sit
2596 2836 2926 2892 animarum
2961 2851 3120 2903 cura,
3148 2838 3204 2890 et
3235 2852 3307 2890 an
3345 2851 3551 2906 parum
3590 2832 3805 2904 negotii

2143 2945 2462 3004 parumque
2513 2925 2759 2982 solertia:
2809 2925 3086 2997 requirat,
3139 2923 3597 2980 consideremus.
3641 2923 3807 2986 Quod

2142 3037 2256 3092 quo
2282 3017 2510 3073 facilius
2531 3014 2780 3087 intelligi
2805 3013 3176 3086 perspicique
3197 3013 3402 3086 possit,
3423 3013 3562 3084 quid
3588 3011 3808 3068 Paulus

2141 3110 2268 3182 ipse
2297 3109 2368 3163 de
2399 3105 2578 3162 Paulo
2610 3105 2784 3171 dicat,
2819 3103 3152 3160 audiamus.

2217 3197 2356 3254 LIII.
2392 3196 2551 3251 Mitto
2601 3193 2846 3260 labores,
2879 3192 3127 3265 vigilias,
3173 3192 3436 3262 timores,
3478 3191 3809 3248 vexationes

381 3286 562 3357 πνίας,
593 3284 720 3347 τοὺς
773 3264 998 3362 φόϐους,
1037 3264 1138 3344 ’τάξ
1188 3281 1238 3338 ἐν
1273 3281 1426 3357 λιμῷ
1472 3284 1560 3338 καὶ
1609 3281 1751 3358 δίψει
1789 3264 2028 3340 κακόπα-

2155 3306 2201 3344 .n
2233 3289 2386 3342 fame
2417 3290 2472 3340 et
2521 3283 2637 3352 siti,
2692 3283 2905 3355 frigore
2947 3264 3009 3337 et
3055 3283 3320 3338 nuditate
3341 3283 3406 3352 9⁸,
3440 3299 3538 3338 eos
3589 3283 3689 3354 qui
3720 3279 3810 3338 vel

382 3376 550 3450 θείας,
580 3375 677 3438 τὰς
709 3373 758 3429 ἐν
792 3372 956 3448 ψύχει
989 3372 1076 3426 καὶ
1110 3373 1222 3445 (11)
1250 3371 1301 3427 ἐν
1334 3373 1659 3448 γυμνότητι,
1692 3374 1816 3436 τοὺς
1840 3372 2029 3445 ἔξωθεν

384 3462 864 3530 ὶπιῦουλεόοντας,
918 3460 1046 3523 τοὺς
1105 3459 1314 3516 ἔνδοθεν
1368 3463 1842 3538 ἀντιπράττοντας.
1903 3466 2031 3542 ’Διρ-

390 3554 511 3626 ίημι
567 3554 693 3614 τοὺς
749 3550 1048 3628 διωγμοὺς,
1104 3551 1172 3606 τὰ
1220 3548 1488 3622 συνέδρια,
1543 3552 1610 3606 τά
1659 3550 2030 3629 δεσμωτήρια,

386 3644 453 3699 τὰ
510 3639 700 3714 δεσμὰ,
759 3639 889 3702 τοὺς
945 3639 1324 3715 κατηγόρους,
1384 3643 1451 3694 τὰ
1508 3637 1850 3717 δικαστήρια,
1908 3641 2034 3705 τοὺς

386 3733 503 3787 καθ’
533 3729 741 3806 ἡμέραν
775 3729 864 3783 καὶ
915 3727 1054 3804 ὥραν
1107 3730 1387 3801 θανάτους,
1419 3731 1518 3798 τὴν
1561 3732 1855 3806 σαργάνην,
1905 3731 2033 3794 τοὺς

387 3820 712 3894 λιθασμοὺς,
773 3818 898 3880 τοὺς
958 3813 1290 3894 ῥαῦδισμοὺς
1325 3865 1338 3890 ,
1395 3819 1495 3887 τήν
1556 3817 1806 3892 περίοδον
1839 3866 1852 3890 ,
1908 3823 2034 3884 τοὺς

386 3912 520 3966 κατὰ
573 3913 674 3987 γῆν
729 3905 1032 3972 κινδυνους,
1089 3906 1215 3969 τοὺς
1272 3909 1408 3962 κατὰ
1455 3905 1746 3980 θάλασσαν,
1793 3911 1884 3964 τὸν
1940 3911 2034 3986 βυ-

387 4001 499 4070 θὸν,
535 3999 602 4054 τὰ
643 3997 887 4073 ναυάγια,
944 3992 1224 4057 κινδύνους
1275 4000 1562 4069 ποταμῶν,
1613 3994 1894 4060 κινδύνους
1945 3996 2037 4073 λῃ-

390 4093 566 4161 στῶν,
617 4085 897 4148 κινδύνους
951 4084 1010 4139 ἐκ
1061 4084 1269 4159 γένους,
1320 4083 1595 4148 κινδύνους
1647 4085 1698 4141 ἐν
1745 4084 2038 4161 ψευδαδέλ-

388 4199 532 4257 φοις,
583 4178 674 4232 τὸν
706 4176 764 4231 ἐκ
809 4179 1012 4250 χειρῶν
1054 4174 1194 4250 βίον,
1243 4175 1306 4228 τὸ
1355 4172 1624 4230 ἀδάπανον
1678 4176 2037 4252 Εὐαγγέλιον,

386 4269 460 4332 ὡς
503 4269 617 4343 (42)
676 4265 895 4340 θέατρον
956 4265 1024 4333 ἦν
1077 4263 1166 4318 καὶ
1227 4263 1478 4340 ἀγγέλοις
1535 4265 1625 4320 καὶ
1679 4265 1987 4341 ἀνθρώποις
2021 4312 2034 4339 ,

388 4361 550 4432 μέσος
617 4360 750 4412 Θεοῦ
802 4355 892 4409 καὶ
962 4353 1257 4430 ἀνθρώπων
1327 4354 1614 4428 ἱστάμενος
1658 4377 1670 4389 ·
1733 4355 1863 4431 ὑπὲρ
1945 4357 2040 4430 μὲν

383 4454 491 4504 τῶν
520 4449 632 4521 (13)
665 4441 1088 4520 ἀγωνιζόμενος,
1146 4447 1224 4514 τῷ
1280 4439 1338 4497 δὲ
1367 4444 1651 4520 προσάγων
1686 4445 1774 4499 καὶ
1823 4445 2037 4500 οἷ’κειῶν

2143 3381 2376 3433 externe
2396 3373 2850 3438 insidiabantur,
2875 3371 2962 3427 vel
2987 3371 3213 3427 interne
3237 3371 3620 3427 obsistebant.
3645 3369 3810 3427 Mitto

2143 3465 2599 3539 persecutiones,
2634 3459 2903 3528 concilia,
2952 3476 3237 3527 carceres,
3277 3459 3534 3526 vincula,
3565 3475 3810 3515 accusa-

2141 3561 2319 3621 tores,
2351 3549 2692 3618 tribunalia,
2721 3553 2938 3604 mortes
2967 3547 3027 3604 in
3060 3548 3184 3604 dies
3210 3552 3384 3619 atque
3415 3547 3808 3603 horasincur-

2145 3647 2369 3710 santes,
2399 3644 2682 3714 sportam,
2715 3637 3123 3709 lapidationes,
3155 3636 3453 3708 virgarum
3488 3636 3665 3704 ictus,
3693 3635 3806 3692 cir-

2143 3733 2388 3800 cuitum,
2423 3727 2682 3802 pericula
2709 3727 2767 3782 in
2804 3731 2977 3796 terra,
3001 3724 3261 3798 pericula
3280 3725 3338 3780 in
3368 3725 3535 3794 mari,
3564 3725 3805 3797 profun-

2145 3825 2308 3889 dum,
2343 3817 2668 3890 naufragia,
2703 3815 2962 3888 pericula
2981 3815 3316 3882 ﬂuminum,
3342 3814 3599 3886 pericula
3630 3813 3806 3870 latro-

2146 3929 2310 3976 num,
2341 3905 2601 3982 pericula
2626 3923 2694 3961 ex
2736 3921 2967 3977 genere,
3022 3902 3285 3976 pericula
3314 3904 3374 3959 in
3419 3903 3582 3961 falsis
3613 3904 3812 3961 fratri-

2144 4002 2274 4069 bus,
2298 4000 2516 4054 vietum
2541 4010 2828 4051 manuum
2846 3993 3048 4049 labore
3071 3993 3408 4065 quaesitum,
3430 3993 3812 4066 Evangelium

2147 4093 2418 4162 sumptus
2431 4087 2530 4142 39
2555 4101 2761 4159 expers
2776 4085 2820 4119 ’9
2839 4102 2852 4152 ;
2874 4082 3374 4156 quemadmodum
3398 4083 3572 4138 etiam
3593 4087 3820 4157 specta-

2147 4179 2346 4236 culum
2377 4182 2531 4234 esset
2559 4181 2616 4232 et
2643 4173 2868 4248 angelis
2887 4181 2944 4228 et
2967 4172 3309 4229 hominibus
3333 4177 3374 4242 ί,
3409 4175 3642 4230 medius
3660 4174 3824 4236 inter

2148 4269 2420 4325 homines
2443 4283 2510 4322 ao
2544 4268 2722 4321 Deum
2753 4262 3108 4320 constitutus
3134 4281 3148 4331 ;
3171 4263 3412 4334 proillis
3430 4262 3697 4320 videlicet
3727 4263 3822 4319 di-

2149 4359 2397 4422 micans,
2423 4355 2558 4411 huic
2582 4358 2776 4410 autem
2802 4352 3164 4425 peculiarem
3189 4352 3475 4424 populum
3499 4353 3822 4410 concilians

2154 4453 2212 4505 et
2269 4447 2638 4518 adjungens:
2691 4447 2899 4516 preater
2948 4441 3087 4509 haec,
3137 4457 3263 4512 quea
3297 4441 3660 4500 extrinsecus
3709 4442 3825 4516 ipsi

458 4555 500 4590 9"
531 4555 548 4607 Ι
580 4552 710 4606 Cor.
741 4567 818 4621 ιχ,
847 4551 937 4605 22.
1015 4550 1057 4585 ⁹⁸
1092 4550 1140 4606 ΙΙ
1172 4549 1302 4606 Cor.
1334 4567 1415 4619 xx,
1438 4553 1531 4604 27.
1609 4553 1654 4587 ⁰⁹
1684 4553 1828 4608 ibid.
1859 4553 2037 4608 23-26

2155 4561 2201 4622 ις
2237 4555 2257 4608 Ι
2289 4557 2418 4609 Cor.
2452 4553 2474 4606 Ι
2505 4551 2634 4606 Cor.
2671 4566 2747 4615 ιν,
2783 4549 2890 4616 12;
2923 4565 3002 4616 Ix,
3036 4547 3127 4604 48.
3204 4548 3226 4602 Ι
3257 4548 3387 4604 Cor.
3421 4565 3502 4617 ιν,
3530 4550 3586 4605 9.

463 4671 544 4742 (3)
576 4662 886 4742 Κενοδοξία.
919 4666 1079 4742 golb.
1114 4683 1192 4721 In.
1226 4668 1354 4742 xsvj,
1390 4662 1538 4737 δόξα.

466 4737 544 4814 (4)
577 4739 781 4815 Πέτρου
804 4737 885 4794 ἄν.
921 4739 1015 4794 Sic
1045 4755 1250 4794 novem
1302 4739 1504 4812 Regg.,
1539 4742 1666 4795 octo
1715 4739 1898 4811 Colb.,
1931 4741 2052 4798 Jes.

395 4816 491 4872 Or.
526 4817 578 4872 1.
613 4813 773 4868 Pass.
808 4812 982 4867 Deest
1009 4809 1068 4864 ἄν
1103 4812 1162 4865 in
1195 4811 1287 4866 ed.

479 4857 491 4869 .
526 4827 578 4869 1.
613 4827 773 4868 1³888.
808 4827 982 4867 υοθειι
1009 4829 1068 4864 αν
1103 4828 1162 4865 1n
1195 4827 1287 4866 θα.

447 4833 491 4870 r.
526 4829 578 4881 1,
613 4829 773 4868 Pass.
808 4829 982 4867 ueeSt
1009 4829 1068 4864 αν
1103 4829 1162 4865 1n
1195 4829 1287 4866 ea.

468 4887 546 4958 (5)
608 4880 1060 4967 Εἷληφότωνωτὸ
1131 4882 1399 4967 χάρισμα.
1461 4881 1557 4967 ‘De
1630 4881 1814 4967 gratia
1869 4900 2056 4965 ,σω-ο,-

395 4953 624 5086 ἷὶοόίιω
654 4953 890 5030 exponit
939 4953 1393 5011 EliasJTillem.
1445 4955 1516 5009 de
1559 4955 1748 5025 gratia
1802 4955 2056 5011 miracu-

421 5046 609 5086 orum.

421 5046 609 5087 orum.

467 5103 542 5173 (6)
576 5097 814 5173 Πάντας,
856 5099 932 5173 _I_n
951 5096 1156 5173 prima
1205 5099 1291 5173 ad
1336 5098 1462 5154 Cor.
1500 5114 1575 5162 IX,
1627 5098 1658 5164 i‘
1714 5098 1806 5166 25,
1848 5097 2063 5168 legitur

395 5167 624 5232 πάντως.
659 5171 823 5235 Quod
856 5167 1108 5235 Vulgata
1134 5169 1324 5224 reddit
1356 5195 1381 5218 ιι
1414 5184 1638 5225 omnes.
1673 5190 1700 5220 ››

465 5248 541 5318 (7)
571 5243 709 5318 Τοὺς
769 5241 852 5295 ἐπ’
885 5239 1110 5301 ἐκείνοις
1170 5239 1411 5312 ὕστερον.
1457 5263 1484 5291 α
1544 5239 1663 5296 H08
1710 5239 1812 5310 qui
1862 5243 2064 5312 postea

397 5316 701 5374 subsecuti
735 5318 893 5370 sunt.
933 5336 954 5363 ι

471 5389 546 5460 (8)
579 5384 899 5460 Συνίστορα,
933 5384 1194 5460 Dees_t_in
1233 5382 1512 5460 melioris.
1543 5382 2063 5460 no_taa_codicibus;

399 5453 716 5530 in'septem
748 5453 956 5530 Regg.,
985 5455 1232 5530 totidem
1255 5455 1417 5511 Colb.
1437 5499 1449 5523 ,
1476 5453 1572 5508 Or.
1601 5454 1655 5530 ί,
1683 5454 1893 5530 Jes._et
1913 5458 2066 5530 certe

400 5531 532 5588 sine
558 5523 1198 5602 dispendiovsententiaa
1231 5531 1430 5602 posset
1467 5523 1752 5602 exsulare.
1787 5524 2068 5581 Nonnulli

400 5608 598 5659 tamen
625 5599 895 5657 retinent.
920 5599 1121 5657 Comb.
1146 5600 1338 5666 vertit,
1359 5621 1386 5651 «
1410 5601 1618 5653 testem
1643 5601 1701 5652 et
1715 5602 2067 5654 assertorem

405 5673 820 5751 preﬁeiemue-
853 5692 879 5751 ιι

474 5747 556 5827 (9)
588 5747 748 5800 Ὅσον
783 5741 893 5800 ἐστὶ
922 5740 1013 5796 καὶ
1056 5741 1275 5820 ψυχῶν.
1309 5740 1404 5798 Sic
1452 5741 1677 5815 septem
1725 5738 1932 5820 Regg.,
1964 5743 2072 5800 tot-

2083 4674 2130 4738 D
2162 4671 2317 4726 idem
2349 4667 2658 4738 Colb._Jes.
2691 4681 2826 4738 vero
2859 4661 2982 4718 ὅσον
3011 4660 3215 4738 τίεᾉΟΓ.
3246 4661 3558 4738 1,,ὅσονίτι.

2236 4742 2351 4814 (10)
2381 4741 2487 4814 Έῶ
2518 4735 2882 4814 λεγεινηῐὶοε.
2915 4734 3160 4814 θηοολι).
3409 4737 3534 4814 γάρἒ

2235 4805 2349 4885 (14)
2404 4810 2506 4870 Τὰς
2675 4805 2862 4885 ψύχεῇ
2898 4805 3008 4885 καί.
3071 4805 3656 4885 Permulti_codices,
3706 4805 3828 4885 ele-

2166 4876 2343 4956 ganti,
2386 4876 2732 4956 repetitione
2755 4876 2905 4941 ἶΤὰς
2966 4876 3016 4932 ἐν
3072 4876 3277 4954 ψύχει,
3333 4877 3430 4941 τὰς
3487 4878 3538 4934 ἐν
3593 4877 3769 4955 γυμνό
3801 4910 3826 4923 -

2166 4975 2314 5012 τητι.

2199 4978 2314 5025 ητι.

2241 5026 2353 5097 (12)
2385 5026 2673 5097 paneg.
2703 5027 2744 5091 t,
2778 5019 2854 5084 ὅς.

2269 5094 2356 5169 13)
2415 5096 2570 5169 Ὑπὲρ
2617 5094 2718 5168 μὲν
2776 5099 2907 5158 τῶν,
2959 5101 3065 5152 etc.
3127 5094 3510 5151 Combelisius
3563 5111 3632 5152 ex
3688 5094 3830 5220 Reg.

2269 5172 2381 5220 die.
2416 5168 2794 5220 singulariter
2847 5167 3022 5220 legit:
3075 5165 3230 5220 Ὑπὲρ
3285 5165 3380 5220 μὲν
3432 5169 3526 5220 τοῦ
3565 5165 3774 5220 ἀγωνιζ
3811 5195 3830 5205 -

2173 5165 2381 5227 Medis.
2416 5165 2794 5241 singulariter
2834 5167 3022 5241 legit:
3075 5165 3230 5239 Ὑπὲρ
3272 5165 3380 5241 Δμὲν
3432 5169 3526 5220 τοῦ
3565 5165 3835 5241 ἀγωνιζό-

2178 5261 2376 5315 μενος,,
2409 5235 2545 5315 τοὺς
2571 5236 2627 5293 δέ
2674 5235 2988 5315 προσάγῶν,
3038 5242 3096 5295 et
3143 5235 3350 5315 vertit:
3386 5261 3413 5289 ‹‹
3463 5235 3703 5315 Proui'llo
3735 5238 3835 5296 d6-

2175 5308 2566 5394 eerlansnb‘os
2599 5308 3093 5394 vero,Apo'pulum‘
3121 5308 3476 5394 peculiarem
3509 5312 3838 5394 adiungens

2177 5404 2243 5442 ac
2291 5384 2632 5441 concilians.
2684 5407 2713 5433 »
2765 5380 2899 5449 Quae
2957 5380 3194 5449 quidem
3245 5380 3415 5438 lectio
3465 5380 3671 5439 melior
3698 5380 3838 5439 "est.

2177 5458 2340 5538 gerte
2375 5457 2517 5538 RAeg.
2550 5455 2794 5538 I.ﬁbab.et
2820 5449 2946 5538 τοῦς
3070 5455 3155 5508 An
3183 5469 3316 5509 vero
3344 5455 3500 5538 idem
3531 5455 3628 5538 sit,
3648 5468 3842 5536 .quem

2178 5524 2566 5586 Combeﬁsius
2595 5526 2842 5599 Regium
2862 5525 3202 5599 Mediczeum
3227 5524 3502 5598 appellat,
3526 5524 3696 5582 nobis
3723 5541 3843 5599 non

2179 5601 2384 5674 liquet.
2422 5622 2448 5651 ιι
2473 5596 2934 5674 Omnes'tamen,
2967 5619 2996 5648 »
3033 5596 3225 5668 inquit
3248 5596 3448 5655 noster
3477 5597 3843 5674 Louvardul,

2183 5697 2211 5726 ιι
2240 5667 2457 5731 vidisse
2478 5687 2796 5747 possumus
2827 5667 3140 5728 afﬁrmare.
3177 5691 3206 5722 υ
