4110 6404
310 450 428 514 468

1470 438 1761 500 ORATIO
1807 438 1881 498 ll.
1915 471 1993 482 —-
2027 437 2591 504 APOLOGETICA.

3631 449 3751 508 466

312 587 423 652 est,
458 577 689 652 quarit,
726 575 828 633 sed
876 573 1032 646 quod
1082 571 1360 639 filiorum,
1393 587 1540 642 quos
1571 569 1632 626 in
1665 569 1892 627 Christo
1923 587 2028 642 per
2058 570 2436 644 Evangelium
2486 573 2689 646 genuit
2723 576 2784 630 ‘5.
2818 575 2921 632 Hic
2976 575 3131 633 enim
3182 577 3506 650 spiritualis
3555 581 3750 641 omnis

314 669 552 744 imperii
586 667 722 723 finis
753 669 860 735 est,
897 664 1136 734 ubique,
1171 661 1396 734 privata
1427 660 1674 715 utilitate
1707 659 1989 731 neglecta,
2025 661 2352 717 commodis
2382 662 2629 719 aliorum
2664 666 2986 722 consulere.

391 759 516 814 NE'.
552 758 920 831 Ἐγκαυχᾶται
949 755 1068 811 ταῖς
1101 748 1395 812 ἀσθενείαις
1447 747 1534 801 καὶ
1561 753 1678 808 ταῖς
1710 751 1822 820 ('25)
1854 747 1972 802 Θλί-

2162 749 2270 805 LV.
2306 752 2366 806 In
2417 753 2861 810 infirmitatibus
2891 761 2950 812 et
2979 756 3394 814 afﬂictionibus
3439 757 3744 831 gloriatur.

321 853 495 925 ψεσιν·
531 847 606 908 ὡς
641 843 796 916 ἄλλῳ
825 843 940 912 (26)
984 840 1092 894 τινὶ
1136 838 1346 910 κόσμῳ,
1393 841 1460 909 τῇ
1512 839 1689 907 Ἰησοῦ
1721 838 1975 910 νεκρώσει

323 933 818 1014 ὲγκαλλωπίζεται·
868 928 1080 1004 ὑψηλός
1132 927 1241 982 ἐστι
1292 928 1360 981 τὰ
1406 927 1670 1002 σαρκικὰ,
1725 927 1814 980 καὶ
1861 932 1978 988 τοῖς

321 1029 707 1099 πνευματικοῖς
765 1018 1063 1097 ἀγάλλεται
1100 1041 1112 1052 ο
1166 1016 1264 1071 οὐκ
1321 1014 1546 1086 ἷδιώτης
1604 1017 1700 1084 τήν
1759 1021 1976 1090 γνῶσιν,

321 1117 411 1174 καὶ
475 1115 694 1192 βλέπειν
757 1109 888 1190 φησὶ
948 1109 1017 1163 δι’
1076 1107 1341 1182 ἐσόπτρου
1399 1105 1486 1160 καὶ
1544 1105 1594 1159 ἐν
1655 1105 1927 1181 αἰνίγματι
1966 1150 1978 1162 .

320 1205 520 1282 Θαῤῥεῖ
563 1207 642 1274 τῷ
692 1199 961 1273 πνεύματι
993 1200 1128 1270 (27),
1179 1207 1269 1250 και
1323 1197 1608 1264 ὑποπιαζει
1642 1198 1753 1268 ('28)
1780 1195 1842 1249 τὸ
1875 1199 1980 1249 om-

321 1318 397 1370 μα
426 1295 700 1369 καθαιρῶν
753 1292 865 1364 (29)
915 1289 991 1349 ὡς
1038 1285 1358 1341 ἀντίπαλον·
1411 1284 1464 1340 τί
1515 1282 1780 1339 διδάσκων
1830 1287 1977 1359 ἡμᾶς

319 1386 370 1441 ἐν
405 1383 651 1456 τούτοις,
701 1379 793 1434 καὶ
846 1377 898 1433 τί
948 1374 1216 1431 παιδεύων
1254 1395 1267 1445 ;
1305 1377 1380 1447 μὴ
1414 1381 1629 1452 φρονεῖν
1663 1381 1778 1436 τοῖς
1809 1374 1976 1444 κάτω,

325 1475 403 1548 μὴ
456 1475 773 1551 φυσιοῦσθαι
823 1471 892 1541 τῇ
941 1467 1156 1543 γνώσει,
1213 1466 1287 1538 μὴ
1331 1466 1430 1534 τὴν
1476 1465 1645 1540 σάρκα
1686 1464 1975 1540 ἐπεγείρειν

319 1569 401 1635 τῷ
447 1560 736 1634 πνεύματι.
793 1555 1011 1612 Πάντων
1059 1556 1400 1630 ὑπερμαχεῖ,
1461 1556 1674 1608 πάντων
1738 1553 1931 1630 ὑπερεύ
1961 1588 1980 1598 -

319 1673 500 1730 χεται,
564 1649 734 1720 ζηλοῖ
777 1649 1003 1715 πάντας,
1064 1643 1351 1698 ἀνάπτεται
1404 1644 1536 1718 ὑπὲρ
1582 1644 1820 1716 πάντων,
1869 1647 1976 1699 τῶν

319 1742 424 1812 ἔξω
455 1739 651 1814 νόμου,
699 1742 808 1792 τῶν
864 1735 964 1790 ὑπὸ
1007 1733 1197 1807 νόμον·
1251 1733 1420 1809 κῆρυξ
1469 1733 1652 1802 ἐθνῶν,
1703 1730 1976 1787 Ἰουδαίων

316 1828 652 1907 προστάτης.
708 1823 1016 1897 Ἐτόλμησέ
1061 1845 1112 1877 τι
1161 1821 1251 1876 καὶ
1286 1827 1470 1895 μεῖζον
1516 1821 1646 1897 ὑπὲρ
1676 1826 1784 1876 τῶν
1819 1821 1978 1878 ἀδελ-

320 1925 435 1998 φῶν
499 1917 664 1972 αὐτοῦ
719 1919 826 1970 τῶν
887 1915 1023 1968 κατὰ
1081 1912 1270 1987 σάρκα,
1323 1909 1414 1965 ’ίνα
1470 1914 1741 1984 τολμήσω
1790 1933 1839 1966 τι
1889 1913 1977 1966 καὶ

317 2008 484 2070 αὐτὸς
535 2006 677 2061 οὕτω
726 2003 926 2079 λέγων·
979 2003 1400 2076 ἀντεῖσαχθῆναι
1433 2003 1546 2075 (30)
1593 2000 1818 2063 τούτους
1865 2001 1980 2055 ἑαυ-

2089 839 2152 894 In
2206 841 2651 899 mortificatione
2697 845 2858 912 Jesu,
2893 851 3174 918 tanquam
3227 847 3285 902 in
3336 847 3448 903 alio
3489 849 3746 919 quodam

2091 937 2433 987 ornamento
2474 934 2583 988 sibi
2627 933 2834 1005 placet.
2871 937 2931 991 In
2967 937 3302 994 carnalibus
3333 937 3606 994 sublimis
3637 943 3744 1007 est,

2092 1025 2148 1074 et
2181 1020 2251 1075 ob
2285 1022 2612 1093 spiritualia
2643 1026 2916 1082 exsultat.
2947 1028 3264 1099 Imperitus
3297 1045 3408 1084 non
3445 1032 3533 1084 est
3562 1029 3749 1084 scien-

2089 1110 2208 1164 tia:
2244 1116 2298 1166 et
2332 1115 2527 1168 tamen
2561 1130 2621 1170 se
2655 1131 2757 1185 per
2788 1117 3089 1187 speculum
3124 1118 3409 1173 duntaxat
3438 1117 3581 1174 etin
3616 1120 3748 1174 aani-

2089 1204 2281 1271 gmate
2304 1199 2499 1256 videre
2527 1201 2624 1256 ait.
2652 1201 2895 1274 Spiritui
2916 1203 3156 1258 confidit
3181 1220 3192 1257 :
3219 1209 3274 1259 et
3306 1210 3500 1260 tamen
3534 1221 3748 1277 corpus

2089 1288 2355 1360 castigat,
2383 1295 2667 1362 tanquam
2721 1292 3120 1348 adversarium
3169 1293 3429 1364 ejiciens.
3463 1293 3609 1359 Quid
3644 1312 3744 1350 au-

2090 1380 2208 1433 tem
2243 1378 2300 1433 in
2333 1378 2426 1434 his
2449 1380 2623 1435 rebus
2650 1398 2754 1436 nos
2789 1383 2954 1437 docet
2979 1387 3152 1454 atque
3172 1383 3484 1439 admonet?
3515 1401 3746 1456 nempe,

2093 1483 2162 1522 ne
2192 1468 2264 1523 ob
2295 1472 2528 1523 terrena
2554 1469 2885 1537 efferamur,
2911 1488 2982 1526 ne
3013 1471 3084 1526 ob
3112 1471 3417 1527 scientiam
3450 1473 3504 1526 in
3518 1473 3747 1539 flemur,

2089 1573 2159 1611 ne
2193 1573 2427 1612 carnem
2479 1559 2758 1615 adversus
2791 1560 3062 1631 spiritum
3111 1561 3448 1617 excitemus.
3484 1561 3590 1618 Pro
3622 1579 3748 1617 om-

2090 1646 2266 1702 nibus
2295 1646 2554 1714 dimicat,
2582 1666 2684 1720 pro
2733 1649 3010 1705 omnibus
3058 1653 3344 1722 precatur,
3376 1649 3497 1706 zelo
3541 1667 3748 1708 omnes

2089 1736 2486 1808 prosequitur,
2515 1755 2618 1810 pro
2651 1739 2923 1794 omnibus
2957 1738 3380 1808 inﬂammatur,
3407 1744 3526 1795 tam
3561 1757 3592 1794 a
3623 1739 3748 1812 lege

2089 1825 2320 1894 alienis,
2354 1843 2528 1898 quam
2581 1827 2691 1899 legi
2725 1829 3025 1899 subjectis,
3059 1829 3321 1901 gentium
3353 1828 3747 1898 concionator,

2089 1915 2426 1971 Judznorum
2485 1917 2950 1988 patronus.Quin
2984 1918 3160 1972 etiam
3215 1919 3407 1989 majus
3459 1917 3678 1990 aliquid
3707 1919 3748 1955 ιτ

2093 2023 2192 2076 prc
2228 2006 2354 2060 suis
2392 2008 2718 2062 secundum
2769 2025 3004 2063 carnem
3031 2009 3069 2042 ιδ
3103 2008 3380 2064 fratribus
3411 2026 3592 2064 ausus
3639 2013 3748 2081 est,

313 2103 415 2154 τοῦ
446 2099 662 2172 Χριστῷ
692 2091 780 2148 διὰ
808 2094 904 2161 τήν
954 2091 1163 2167 ἀγάπην
1215 2089 1452 2165 εὔχεται.
1485 2093 1551 2144 ’Ὡ
1597 2098 1696 2160 τῆς
1743 2089 1972 2166 μεγαλο-

385 2187 394 2197 ,
519 2188 617 2197 η...
653 2187 663 2197 .
706 2181 730 2197 ,ι
838 2189 865 2197 -
1017 2185 1042 2196 ..
1212 2179 1224 2197 Ι
1452 2181 1498 2197 ..ι
1669 2182 1680 2197 .
1714 2187 1761 2197 ..
1864 2185 1884 2195 -

2096 2100 2155 2149 ut
2188 2095 2312 2166 ipse
2345 2113 2576 2167 quoque
2607 2096 2827 2169 aliquid
2861 2099 3105 2153 audeam
3140 2098 3246 2153 hoc
3293 2098 3514 2163 dicens,
3547 2113 3645 2152 eos
3677 2098 3749 2152 ad

311 2187 460 2249 νοίας
511 2187 663 2260 (31)!
700 2181 744 2237 ὣ
800 2189 900 2252 τῆς
951 2185 1044 2236 τοῦ
1103 2179 1405 2254 πνεύματος
1451 2181 1680 2249 ζέσεωςί
1714 2185 1971 2252 Μιμεῖται

307 2275 564 2351 Χριστὸν,
599 2274 689 2328 τὸν
720 2270 1013 2348 γενόμενον
1068 2270 1200 2345 ὑπὲρ
1250 2270 1410 2341 ἡμῶν
1463 2270 1720 2344 κατάραν,
1752 2270 1840 2322 τὸν
1879 2270 1972 2330 τὰς

311 2363 586 2425 ἀσθενείας
637 2365 796 2435 ἡμῶν
853 2354 1193 2415 ἀναλαῦόντα
1222 2361 1355 2432 (32),
1386 2358 1474 2412 καὶ
1525 2359 1617 2420 τὰς
1649 2357 1839 2420 νόσους
1876 2359 1969 2433 βα-

316 2454 599 2508 στάσανταο
660 2450 720 2522 ἢ,
777 2449 838 2504 τό
900 2470 963 2523 γε
1023 2448 1386 2523 μετριώτερον
1446 2447 1634 2515 εἰπεῖν,
1692 2449 1878 2502 παθεῖν
1921 2469 1972 2501 τι

316 2543 454 2618 ὑπερ
513 2539 712 2608 αὐτῶν,
770 2537 859 2593 καὶ
901 2539 972 2600 ὡς
1029 2533 1248 2607 ἀσεϐὴς,
1311 2534 1549 2612 δέχεται,
1604 2541 1821 2612 πρῶτος
1865 2535 1971 2590 ἀπὸ

318 2634 579 2708 Χριστοῦ,
617 2628 778 2704 μόνον
809 2628 853 2683 εἰ
886 2628 1030 2682 οὗτοι
1065 2629 1343 2696 σώζοιντο.

390 2900 499 2968 Νξ.
532 2896 631 2952 Καὶ
679 2895 732 2951 τί
763 2894 911 2972 λέγω
959 2897 1072 2949 καθ’
1115 2891 1339 2949 ἕκαστον
1375 2915 1388 2964 ;
1421 2898 1522 2964 ζῶν
1571 2897 1669 2971 γὰρ
1705 2893 1812 2971 οὐχ
1856 2896 1970 2949 ἑαυ-

313 2993 417 3060 τῶ,
451 2991 668 3065 Χριστῷ
700 2983 757 3042 δὲ
784 2986 874 3040 καὶ
919 2989 998 3057 τῷ
1046 2984 1381 3058 κηρύγματι,
1414 2985 1502 3038 καὶ
1554 2985 1759 3058 κόσμον
1799 2984 1971 3057 ἑαυτῷ

317 3078 636 3154 σταυρώσας
670 3119 683 3146 ,
742 3074 830 3129 καὶ
887 3072 1216 3146 σταυριυθεὶς
1275 3076 1388 3145 (33)
1462 3073 1654 3147 κόσμῳ
1711 3075 1798 3128 καὶ
1855 3081 1972 3136 τοῖς

313 3165 642 3244 ὁρωμένοις,
696 3165 868 3220 πάντα
913 3166 1129 3239 ἡγεῖται
1182 3165 1348 3238 μικρά
1391 3162 1480 3218 καὶ
1531 3171 1630 3234 τῆς
1683 3163 1970 3238 ἐπιθυμίας

313 3255 600 3314 ἐλάττονα·
643 3254 738 3309 κᾶν
770 3254 874 3308 ἀπὸ
905 3251 1268 3326 Ἰερουσαλὴμ
1315 3255 1403 3307 καὶ
1452 3253 1641 3326 κύκλῳ
1677 3255 1840 3330 μέχρι
1874 3259 1970 3309 τοῦ

309 3344 629 3421 Ἰλλυρικοῦ
659 3343 934 3419 πληρώση
965 3343 1027 3396 τὸ
1074 3339 1424 3418 Εὐαγγὲλιον,
1469 3342 1564 3397 κᾶν
1609 3343 1693 3397 ἐπὶ
1725 3345 1815 3397 τὸν
1859 3343 1972 3419 τρί-

310 3457 405 3490 τον
462 3434 688 3510 ούρανὸν
740 3431 914 3510 φθάσῃ
962 3428 1029 3486 δι’
1076 3431 1328 3506 ἁρπαγῆς
1387 3435 1519 3505 (34),
1570 3431 1664 3487 κᾶν
1713 3438 1812 3488 τοῦ
1860 3437 1969 3507 (35)

2087 2184 2383 2239 Christum
2444 2185 2567 2240 loco
2627 2204 2732 2241 suo
2792 2186 3103 2255 introduci,
3141 2203 3243 2258 pro
3303 2205 3410 2242 sua
3465 2187 3748 2242 oharitate

2084 2278 2264 2344 optat.
2296 2274 2337 2329 Ο
2373 2275 2668 2346 ingentem
2704 2274 2885 2330 animi
2915 2275 3344 2346 praestantiam!
3380 2294 3411 2330 ο
3445 2276 3744 2347 ingentem

2085 2363 2332 2434 spiritus
2366 2364 2672 2418 fervorem!
2713 2364 3035 2431 Christum,
3066 2367 3163 2436 qui
3201 2369 3400 2420 nostra
3423 2383 3599 2422 causa
3631 2382 3748 2422 ma-

2085 2452 2364 2508 ledictum
2399 2453 2588 2507 factus
2619 2458 2707 2508 est
2731 2456 2791 2524 ‘9,
2818 2454 2916 2525 qui
2951 2454 3319 2510 inﬁrmitates
3353 2460 3581 2510 nostras
3614 2472 3744 2511 sus-

2085 2542 2258 2612 cepit,
2292 2547 2348 2597 et
2379 2542 2615 2597 morbos
2648 2543 2898 2614 portavit
2924 2544 2988 2611 2ο,
3023 2543 3319 2609 imitatur;
3365 2548 3487 2612 aut,
3521 2550 3584 2599 ut
3614 2561 3742 2599 mo-

2083 2631 2344 2686 deratius
2404 2632 2618 2697 dicam,
2676 2635 2902 2703 primus
2961 2637 3093 2703 post
3148 2632 3478 2703 Christum,
3539 2648 3740 2688 eorum

2084 2737 2282 2789 causa,
2318 2719 2492 2777 etiam
2527 2726 2810 2793 tanquam
2842 2721 3080 2793 impius,
3116 2722 3337 2793 aliquid
3371 2722 3592 2794 perpeti
3625 2740 3741 2778 non

2084 2816 2336 2878 recusat,
2370 2811 2542 2866 modo
2577 2810 2686 2882 ipsi
2721 2810 2974 2867 salutem
3007 2819 3464 2883 consequantur.

2157 2899 2290 2954 LVI.
2329 2899 2474 2965 Quid
2510 2900 2745 2971 singula
2776 2904 3207 2955 commemoro?
3249 2900 3374 2971 ipse
3406 2901 3584 2968 enim,
3626 2918 3741 2955 non

2083 2988 2218 3059 sibi,
2244 2989 2342 3043 sed
2379 2988 2607 3044 Christo
2640 2995 2692 3043 et
2725 2989 3121 3060 praedicationi
3156 2991 3374 3057 vivens,
3403 2991 3740 3046 mumdum-

2083 3095 2196 3149 que
2227 3078 2340 3132 sibi
2372 3078 2480 3149 ipsi
2532 3078 2900 3150 crucifigens,
2935 3095 3000 3133 ac
3041 3079 3262 3133 mundo
3285 3079 3354 3145 εί,
3377 3083 3436 3134 et
3465 3079 3640 3134 rebus
3673 3078 3746 3136 iis

2082 3183 2210 3238 qua:
2245 3167 2301 3220 in
2337 3171 2636 3238 aspectum
2686 3168 2924 3235 cadunt,
2960 3167 3294 3237 crucifixus,
3326 3185 3500 3239 parva
3549 3167 3747 3224 omnia

2082 3261 2139 3313 et
2183 3256 2503 3324 cupiditate
2558 3273 2662 3311 sua
2713 3256 2986 3311 inferiora
3035 3257 3330 3312 existimat
3350 3259 3394 3291 ²²
3428 3274 3440 3311 :
3477 3257 3745 3329 quamvis

2083 3349 2177 3402 41
2217 3346 2390 3400 etiam
2425 3345 2495 3400 ab
2529 3345 2914 3417 Hierusalem,
2949 3350 3003 3400 et
3052 3363 3152 3418 per
3203 3346 3534 3416 circuitum,
3561 3363 3746 3418 usque

2083 3439 2148 3491 ad
2197 3435 2518 3509 Illyricum,
2557 3434 2930 3506 Evangelium
2990 3435 3336 3506 impleverit,
3369 3436 3641 3508 quamvis
3672 3437 3743 3490 ad

313 3521 651 3599 παραδείσου
733 3523 952 3598 γένηται
1031 3522 1222 3590 θεατὴς
1284 3565 1298 3592 ,
1356 3520 1448 3575 κᾶν
1527 3527 1634 3575 τῶν
1718 3521 1968 3598 ἀρῥητων

2096 3508 2320 3580 tertium
2356 3523 2566 3578 coelum
2614 3541 2714 3596 per
2759 3531 2990 3594 raptum
3027 3524 3352 3596 pervenerit
3376 3527 3440 3595 ",
3473 3524 3744 3596 quamvis

315 3616 458 3687 ἡμῖν
494 3614 605 3685 (36)
660 3611 918 3688 ῥημάτων
967 3610 1260 3687 ἀκροατής.
1312 3615 1485 3665 Ταῦτα
1533 3610 1770 3684 Παῦλος,
1801 3612 1890 3666 καὶ
1928 3613 1972 3666 εἰ

315 3723 406 3765 τις
439 3701 557 3756 κατ’
606 3700 807 3755 ἐκεῖνον
855 3700 933 3772 τῷ
976 3699 1259 3773 πνεύματι.
1311 3701 1500 3773 Ἡμεῖς
1548 3697 1606 3755 δὲ
1655 3698 1970 3774 δεδοίκαμεν

393 3821 438 3858 ιθ
471 3821 490 3875 1
523 3823 648 3875 Cor.
704 3833 780 3884 ιν,
834 3818 918 3872 15.
999 3820 1040 3855 ιτ
1073 3818 1280 3873 IlCor.
1339 3835 1416 3881 x1,
1473 3820 1561 3873 21.

315 3894 362 3928 ²²
396 3891 649 3964 Philipp.
685 3907 771 3961 In,
804 3891 857 3945 8.
938 3890 983 3923 ²³
1014 3890 1180 3945 Rom.
1215 3907 1308 3952 xv.
1344 3891 1428 3947 19.

389 4017 499 4087 (25)
533 4013 629 4087 Καὶ
651 4018 775 4087 ,ταῖς
812 4014 984 4069 Deest
1011 4012 1101 4068 καί
1131 4014 1189 4070 in
1223 4032 1428 4087 novem
1466 4016 1667 4087 Regg.,
1701 4021 1810 4070 etc.

389 4018 480 4086 (25
533 4017 629 4068 Καὶ
658 4018 775 4074 ταῖς
812 4017 984 4069 Deest
1011 4017 1101 4068 καί
1131 4017 1189 4070 in
1223 4032 1428 4071 novem
1466 4017 1667 4087 Regg.,
1701 4021 1810 4070 etc.

387 4017 502 4160 (26)
529 4086 615 4146 Ὡς
647 4083 826 4160 ἄλλῳξ
867 4087 1039 4141 Gabr.
1090 4087 1251 4160 legit,
1312 4086 1388 4148 ὡς
1445 4085 1618 4158 καλῷ,
1672 4095 1727 4143 et
1779 4088 1972 4156 vertit,

314 4185 340 4210 ‹‹
367 4157 653 4231 tanquam
669 4157 920 4231 pulchro
951 4157 1207 4231 quodam
1231 4157 1596 4214 ornamento.
1620 4184 1642 4208 (ο
1674 4160 1767 4215 Sic
1799 4160 1974 4216 etiam

311 4229 548 4288 videtur
567 4229 781 4302 legisse
799 4230 970 4284 Ruf.«
986 4229 1144 4302 velut
1161 4232 1413 4301 pretioso
1436 4232 1686 4302 quodam
1712 4233 1967 4286 monili.»

385 4305 501 4374 (27)
533 4301 855 4378 Θαῤῥεῖῄτῷ
900 4300 1188 4378 πνεύματι.
1238 4300 1504 4378 (Ἰοῐηῢίιτ
1545 4305 1672 4356 fidit
1721 4303 1972 4375 spiritui,

314 4373 560 4432 securus
591 4373 801 4445 spiritu
833 4380 942 4443 est,
971 4395 998 4422 »
1029 4374 1085 4428 id
1119 4378 1226 4440 est,
1252 4397 1278 4422 ‹‹
1316 4377 1527 4430 mentis
1561 4373 1813 4430 sensuf»

391 4443 642 4571 (282‘K1l
669 4444 977 4511 ὑποπιάζει.
997 4445 1091 4500 Sic
1117 4446 1256 4516 Reg.
1286 4463 1336 4511 a,
1364 4464 1412 4512 r,
1435 4447 1557 4510 bm,
1583 4453 1623 4512 t,
1650 4452 1766 4501 tres
1790 4448 1972 4516 Colb.,

391 4534 427 4570 ξ.
530 4516 639 4571 egii
695 4521 893 4571 tamen
941 4517 1040 4571 hu.
1085 4535 1143 4571 n.
1178 4535 1236 4571 u.
1271 4517 1366 4571 Or.
1419 4520 1470 4571 1.
1522 4518 1751 4571 Optimae
1802 4523 1971 4571 notae-

318 4523 427 4590 etc.
480 4516 639 4590 Regii
695 4521 893 4590 tamen
941 4517 1040 4580 hu,
1085 4535 1236 4590 n,ru,
1271 4517 1366 4573 Or.
1419 4520 1470 4585 1,
1511 4518 1751 4590 (optimas
1797 4523 1972 4590 (notae,

321 4585 646 4661 ρπωπιάζὶι.
678 4585 789 4661 Alii
841 4588 954 4642 duo
1002 4585 1186 4661 Regii,
1220 4591 1449 4660 duoque
1498 4585 1682 4656 Colb.,
1713 4589 1882 4644 Coisl.
1922 4585 1970 4657 1,

318 4658 560 4724 habent,
595 4655 898 4724 ὁποπιέζει.

393 4732 506 4803 (29)
538 4732 853 4803 Καθαιρῶν.
874 4729 1076 4785 Billius
1107 4730 1320 4803 melius
1353 4731 1560 4803 primis
1592 4731 1749 4786 curis
1779 4733 1970 4799 vertit,

318 4823 346 4851 «
381 4801 548 4874 velut,
565 4801 961 4857 adversarium
994 4802 1280 4874 profligat.
1310 4827 1331 4855 ι

394 4875 508 4945 (30)
540 4872 1010 4946 Ἀντεισαχθῆναιξ
1044 4872 1289 4946 Rutinus
1321 4875 1414 4929 hic
1446 4873 1614 4946 plura
1641 4876 1710 4930 de
1742 4892 1846 4929 suo
1878 4877 1974 4930 ad-

321 4942 502 5018 ditu}
542 4946 732 5018 Audet
781 4942 1000 5018 aliquid
1060 4944 1213 5000 ultra
1262 4942 1459 5018 quam'
1495 4947 1584 5002 fas
1632 4953 1788 5002 est...
1822 4951 1973 5001 ultra

321 5015 665 5072 mandatum
696 5016 795 5088 Dei
821 5015 1052 5083 nititur;
1083 5034 1218 5071 nam
1255 5015 1548 5088 proximos
1572 5036 1711 5074 suos
1743 5035 1856 5073 non
1893 5020 1970 5073 si-

320 5091 420 5161 cut
443 5105 526 5153 se,
558 5090 658 5161 sed
687 5087 822 5159 plus
852 5104 1031 5159 quam
1064 5106 1126 5144 se
1156 5089 1366 5160 diligit.
1403 5089 1684 5161 Denique,
1710 5108 1770 5145 se
1793 5092 1967 5145 etiam

319 5159 562 5228 abjecto,
595 5159 729 5215 illos
760 5176 864 5231 pro
905 5177 966 5216 se
1010 5159 1300 5216 introduci
1341 5168 1469 5218 orat
1498 5159 1582 5216 ad
1602 5159 1969 5218 Christum...

319 5235 374 5284 et
417 5231 579 5303 eligit
617 5237 780 5287 extra
820 5231 1090 5305 pietatem
1144 5233 1276 5305 fieri
1320 5250 1424 5304 pro
1472 5236 1702 5305 pietate.
1737 5257 1764 5282 »
1797 5235 1968 5288 Gabr.

320 5308 605 5373 «_0ptat...
639 5318 818 5373 suum
852 5303 910 5358 in
943 5303 1134 5358 locum
1165 5303 1439 5359 suffectos
1475 5303 1704 5360 Christo
1735 5305 1972 5360 exhibe-

321 5371 651 5448 ri_:_’»_7Nibil
703 5372 860 5430 aliud
913 5375 1004 5430 his
1051 5375 1242 5430 verbis
1293 5377 1588 5448 significat
1637 5377 1970 5448 Gregorius,

321 5443 430 5518 nisi
467 5445 706 5518 Paulum
741 5453 976 5518 optasse
1007 5463 1109 5518 pro
1131 5443 1660 5512 Christo'interfici,
1684 5443 1782 5502 vel
1803 5443 1972 5503 de.on

317 5515 456 5579 veri,
491 5520 554 5570 ut
598 5515 833 5572 Judzeos
865 5515 1231 5574 lucri—faceret
1261 5525 1318 5573 et
1349 5520 1418 5574 ad
1451 5519 1744 5574 Christum
1792 5521 1970 5574 intro-

319 5585 576 5642 duceret.
606 5589 998 5662 Anathemaga
1027 5590 1257 5662 Christo
1279 5607 1428 5656 esse,
1454 5591 1508 5643 id
1544 5596 1651 5652 est,
1677 5609 1779 5662 pro
1811 5592 1974 5646 Chri-

319 5664 438 5742 sto;
465 5675 578 5742 quo
602 5660 1132 5742 sensuparticulaf
1158 5665 1229 5716 ab
1251 5684 1278 5714 ι
1303 5680 1335 5716 a
1355 5665 1627 5717 Cicerone
1645 5660 1774 5742 ipso
1798 5666 1978 5742 sumi-

316 5731 444 5807 tur;
470 5753 498 5781 ‹‹
527 5731 601 5807 ab
631 5748 728 5788 reo
761 5731 1024 5807 dicere,»
1055 5733 1259 5807 idest,
1286 5758 1313 5782 ‹‹
1354 5751 1454 5805 pro
1488 5749 1604 5798 reo,
1642 5731 1697 5788 in
1733 5736 1813 5807 rei
1843 5752 1974 5807 gra-

315 5799 460 5858 tiam
513 5802 726 5861 dicere.
756 5827 778 5857 ι
829 5803 1026 5862 Potuit
1073 5799 1254 5862 etiam
1299 5799 1501 5877 optare
1548 5799 1884 5878 Apostolus,
1915 5807 1974 5863 in

1642 3820 1683 3854 ¹⁸
1713 3819 1876 3874 Rom.
1910 3837 1986 3883 1x,
2018 3821 2071 3876 3.

1509 3890 1554 3924 ²⁴
1585 3891 1632 3946 ΙΙ
1663 3891 1790 3948 Cor.
1825 3909 1924 3960 χιι,
1955 3893 2045 3946 23.

2086 3614 2341 3687 paradisi
2382 3619 2676 3685 spectator
2707 3613 2898 3682 fuerit,
2924 3614 3191 3685 quamvis
3224 3630 3568 3669 arcanorum
3615 3630 3742 3668 ver-

2086 3705 2294 3758 borum
2327 3703 2562 3758 auditor
2584 3703 2648 3756 93.
2676 3703 2800 3756 llaec
2824 3702 3060 3770 Paulus,
3081 3709 3138 3757 et
3159 3703 3204 3758 si
3232 3703 3364 3774 quis
3387 3704 3590 3758 eodem
3623 3702 3738 3774 spi-

2153 3821 2196 3854 ¹⁹
2227 3819 2352 3875 Gal.
2387 3837 2470 3889 ιιι,
2523 3820 2610 3874 13.
2691 3821 2736 3854 ²⁰
2764 3825 2878 3877 Isa.
2940 3837 3057 3890 Lm,
3119 3822 3170 3874 4.
3249 3819 3451 3874 2‘Gual.
3511 3837 3586 3888 v1,
3646 3823 3716 3878 M

2085 4015 2339 4071 Ecclesia
2370 4015 2586 4069 Christi
2621 4017 3167 4087 contemptissimus
3196 4016 3418 4078 haberi,
3443 4019 3612 4073 modo
3641 4020 3743 4072 Ju-

2087 4089 2241 4161 dzros
2261 4090 2332 4161 ad
2353 4088 2851 4161 veramjustitiam
2874 4089 3230 4161 perduceret.
3248 4089 3575 4157 Demum,si
3599 4091 3738 4161 quid

2087 4158 2453 4234 difficultatis
2481 4158 2572 4212 hic
2593 4163 2777 4234 esset,
2813 4159 3001 4234 verbis
3032 4179 3172 4234 qua:
3222 4166 3552 4234 sequuntur
3578 4158 3739 4234 peni-

2086 4236 2181 4286 tus
2225 4231 2451 4284 tollitur
2486 4248 2497 4284 :
2528 4252 2555 4303 ι(
2591 4230 2855 4303 imitatur
2907 4230 3201 4287 Christum
3255 4230 3355 4303 qui
3416 4230 3602 4288 factus
3652 4240 3740 4290 est

2085 4320 2190 4376 pro
2222 4305 2392 4376 nobis
2414 4302 2820 4376 maledictum.
2849 4325 2874 4350 ι)
2908 4304 3140 4376 Optavit
3171 4302 3387 4360 Paulus
3419 4321 3522 4376 pro
3554 4307 3738 4360 fratri-

2085 4375 2376 4448 bussuis,
2409 4374 2461 4426 id
2498 4380 2735 4448 esse,_et
2787 4377 2926 4446 pati,
2955 4374 3108 4447 quod
3144 4377 3253 4431 fuit
3302 4383 3359 4431 et
3410 4374 3620 4448 passus
3651 4383 3739 4432 est

2084 4445 2352 4500 Christus
2387 4462 2488 4516 pro
2539 4445 2725 4502 nobis.
2751 4445 2997 4516 Optavit.
3032 4449 3270 4504 Frustra
3301 4448 3359 4503 in
3400 4445 3614 4504 erroris
3643 4450 3735 4503 sui

2084 4517 2471 4590 patrocinium
2496 4517 2638 4590 haec
2667 4519 2922 4590 Gregorii
2952 4520 3127 4575 verba
3174 4520 3404 4574 trahere
3449 4525 3738 4575 conantur

2083 4588 2216 4643 hovi
2265 4588 2675 4662 Hesychiastte,
2711 4588 2874 4662 quos
2906 4593 3134 4662 egregie
3164 4591 3376 4646 refellit
3406 4590 3734 4646 illustrissi-

2084 4661 2720 4734 musietndoctissimus
2763 4660 3080 4734 Meldensis
3125 4663 3434 4734 episcopus
3477 4663 3532 4716 in
3587 4663 3734 4718 libro

2084 4734 2180 4804 qui
2215 4732 2431 4787 Gallice
2478 4737 2569 4804 est:
2596 4732 2917 4802 inscriptus
2950 4750 2962 4786 :
2993 4756 3018 4782 ‹‹
3045 4735 3238 4788 hivers
3269 4732 3444 4788 éc‘rits
3491 4751 3564 4787 ou
3613 4736 3734 4788 mé-

2084 4802 2298 4860 moires
2345 4821 2447 4857 sur
2478 4803 2529 4857 le
2558 4802 2722 4868 livre,
2756 4806 2850 4875 qui
2901 4822 2932 4858 a
2981 4822 3129 4872 pour
3171 4806 3306 4860 titre
3339 4822 3351 4859 :
3388 4805 3734 4875 Explication

2005 4905 2051 4968 Β
2081 4877 2472 4968 ἀεξήιγκαςςίιηθξ
2503 4875 2602 4968 (ἰεδῖ
2621 4878 2840 4968 Sair'r'ts.L
2856 4899 2882 4925 ››
2916 4881 3026 4968 etc.

2178 4947 2267 5021 31)
2300 4942 2689 5021 Μεγαλονοίας.
2729 4947 2951 5003 Habent
2981 4947 3172 5017 pauci,
3197 4943 3642 5021 μεγαλοψυχίας.

2177 5012 2266 5088 32)
2300 5012 2663 5090 ἶΑνρλαϐόντα
2697 5021 2867 5090 Regg.
2895 5012 3119 5090 novem,
3153 5012 3351 5090 plures
3382 5012 3562 5087 Colb',
3589 5019 3734 5090 Jes.,

2083 5084 2175 5145 0r.
2217 5084 2264 5152 1
2304 5084 2557 5143 λαϐόντα.

2153 5162 2265 5232 (33)
2316 5161 2676 5236 Σταυρωθείς.
2737 5163 2871 5236 Reg.
2928 5162 2968 5228 Ι,
3024 5161 3181 5218 Colb.
3237 5179 3316 5228 m,
3370 5160 3594 5231 Comb.,
3645 5182 3734 5216 συ-

2083 5231 2430 5304 σταυρωθείς·
2464 5231 2494 5281 '«
2531 5251 2643 5289 una
2669 5231 3046 5289 crucifixus.»

2301 5305 2375 5356 Δι’
2411 5305 2684 5393 ἁρπαγης,
2714 5305 2878 5393 Colb'L
2912 5307 2966 5371 5,
3000 5323 3116 5361 uno
3157 5306 3349 5375 verbo,
3399 5300 3735 5378 διαρπαγείς,

2085 5381 2141 5432 et
2171 5376 2230 5429 in
2264 5376 2527 5449 margine
2565 5376 2630 5430 ’δι’
2662 5376 2934 5449 ἁρπαγῆς.

2156 5449 2268 5516 (35)
2297 5444 2554 5504 ΚΞΝτού.
2591 5444 2774 5503 Habet
2823 5444 2960 5519 Reg.
2997 5447 3100 5514 hu,
3132 5444 3242 5511 καί,
3278 5451 3335 5501 et
3383 5446 3554 5516 paulo
3608 5451 3741 5519 post

2084 5518 2266 5606 idem:
2319 5520 2495 5592 Regg.
2549 5540 2599 5587 a,
2653 5526 2696 5586 t,
2746 5539 2800 5585 Χ,
2848 5518 3004 5574 con).
3055 5522 3106 5590 1,
3137 5521 3192 5589 7,
3235 5537 3312 5572 m.
3349 5520 3441 5574 Or.
3479 5521 3529 5589 1,
3563 5518 3738 5575 Gabr.

2083 5610 2171 5642 και
2203 5610 2308 5642 των
2323 5633 2332 5643 .

2158 5664 2266 5730 (36)
2302 5660 2580 5734 Ἀῤῥητων
2643 5663 2801 5731 ἡμῖν.
2856 5663 3033 5734 Hegg.
3085 5680 3118 5716 a
3171 5667 3229 5716 el.
3265 5679 3334 5734 _u,
3384 5659 3736 5734 ἀπορρήτων,

2087 5756 2113 5784 «
2145 5731 2491 5790 arcanorum
2528 5736 2856 5802 verborum,
2892 5731 3018 5805 qua:
3052 5733 3220 5790 nobis
3265 5732 3423 5804 loqui
3457 5731 3571 5787 non
3606 5731 3739 5785 licet

2087 5805 2155 5876 (II
2185 5805 2306 5861 Cor.
2338 5823 2441 5877 ιιι,
2474 5808 2547 5876 4).
2571 5827 2600 5856 ››
