4110 6426
420 423 542 492 169

1551 425 1846 490 ORATIO
1891 425 1970 489 II.
2005 457 2083 472 —
2109 426 2679 490 APOLOGETIGA.

3725 439 3849 500 470

418 559 586 622 ἄλσος
630 553 843 635 δρυμοῦ
877 554 1316 634 λογισθήσεσθαιο
1351 561 1559 631 θρηνῶν
1608 579 1666 612 τε
1712 559 1808 628 τὴν
1841 558 2067 632 ἐρημίαν

2191 561 2401 617 domus
2430 560 2488 616 in
2522 577 2732 618 nemus
2762 561 2918 618 silvae
2971 569 3272 636 reputatur
3315 567 3379 622 ³⁸.
3431 567 3617 624 Simul
3665 572 3842 630 etiam

413 653 525 705 τῶν
553 644 966 724 κατορθούντων
994 647 1128 721 (52),
1177 646 1253 709 ὡς
1307 645 1468 720 μόλις
1517 669 1621 701 που
1651 645 1904 721 καλάμην
1941 649 2075 704 ὑπο·-

417 738 696 796 λείπεσθαι
727 738 764 806 ἢ
807 734 1138 814 έπιιρυλλίδα
1183 738 1318 810 (53)·
1353 736 1517 792 ὁπότε
1561 737 1651 791 καὶ
1698 738 1789 791 τὸν
1841 739 2077 814 ἄρχοντα

416 827 610 896 αἴτεῖν,
645 826 733 882 καὶ
763 826 854 881 τὸν
886 825 1080 899 κριτὴν
1132 822 1328 901 λόγους
1375 825 1512 900 πρὸς
1542 825 1706 902 χάριν
1740 823 1953 894 λαλεῖν,
1984 826 2073 880 καὶ

420 915 618 992 σχεδὸν
650 916 714 972 τὰ
743 915 877 970 αὐτά
922 918 1002 986 τῷ
1055 913 1277 991 μεγάλῳ
1328 910 1493 969 Δαϐὶδ
1525 914 1918 991 φθεγγόμενοςο
1955 921 2073 969 Σῶ-

421 1006 512 1061 σόν
552 1027 638 1079 με,
669 1004 854 1081 Κύριε,
890 1002 1131 1079 λέγοντι,
1181 1002 1264 1058 ὅτι
1315 1002 1632 1060 ἐκλέλοιπεν
1682 1003 1849 1066 ὅσιοςο
1905 1003 1954 1074 ἐξ
2005 1005 2070 1058 οὗ

417 1096 604 1150 καὶτὰ
634 1094 807 1171 ἀγαθὰ
848 1091 1147 1166 ἐπιλείψειν
1198 1091 1414 1162 αὐτοὺς,
1466 1094 1539 1155 ὡς
1587 1096 1702 1167 (54)
1753 1094 1855 1149 ὑπὸ
1906 1094 2068 1163 σητὸς

417 1185 800 1257 δαπανώμενα.

483 1363 602 1418 ΝΘ’.
636 1359 800 1429 Ἰωήλ
859 1357 917 1415 δὲ
964 1363 1100 1433 ἡμῖν
1147 1359 1238 1415 καὶ
1288 1366 1481 1436 θρῆνον
1529 1363 1642 1434 (55)
1674 1358 2062 1433 διακελεύεται,

407 1452 499 1508 καὶ
570 1451 859 1507 κόπτεσθαι
944 1449 1199 1526 βούλεται
1271 1448 1398 1512 τοὺς
1480 1449 1932 1526 λειτουργοῦντας
1987 1455 2064 1522 τῷ

406 1539 796 1615 θυσιαστηρίῳ,
831 1537 1000 1611 λιμοῦ
1031 1537 1334 1607 πιέζοντος·
1386 1542 1644 1592 τοσοῦτον
1697 1539 1890 1614 ἀπέχει
1932 1560 2058 1615 τρυ-

412 1635 512 1708 φᾷν
547 1629 850 1703 ἐπιτρέπειν
902 1626 952 1683 έν
987 1633 1102 1690 τοῖς
1150 1632 1258 1682 τῶν
1309 1624 1494 1682 ἄλλων
1545 1634 1756 1691 κακοῖς·
1807 1629 2060 1705 καὶπρὸς

407 1723 486 1789 τῷ
519 1717 753 1794 ἁγιάζειν
784 1719 897 1790 (56)
943 1716 1215 1788 νηστείαν,
1267 1715 1356 1771 καὶ
1408 1716 1696 1792 κηρύσσειν
1755 1717 2059 1794 θεραπείαν,

410 1813 722 1884 συναγαγεῖν
783 1801 1204 1882 πρεσϐυτέρους,
1262 1808 1470 1878 νήπια,
1531 1806 1751 1876 ἡλικίας
1804 1806 2060 1872 ἐλεεινᾶς,

410 1894 486 1953 ἔτι
517 1897 608 1952 καὶ
639 1895 834 1958 αὐτοὺς
881 1897 943 1951 τὸ
991 1896 1132 1971 ἱερὸν
1185 1891 1591 1958 καταλαϐόντας
1641 1895 1692 1950 ἐν
1745 1893 1931 1968 σποδῷ
1968 1896 2056 1950 καὶ

414 1985 632 2047 σάκκοις
680 1988 814 2060 (57),
863 1985 952 2040 καὶ
1001 1982 1121 2040 λίαν
1174 1989 1439 2046 ταπεινῶς
1486 1986 1622 2040 κατά
1660 1992 1767 2061 γῆς
1799 1984 2060 2062 ἐρῥιμμέ-

413 2096 558 2144 νους,
611 2072 750 2130 διότι
799 2073 1271 2150 τεταλαιπωρήκει
1318 2072 1477 2129 πεδία
1533 2079 1598 2149 τῇ
1659 2074 1915 2150 ἀκαρπίᾳ,
1973 2077 2063 2130 καὶ

411 2165 606 2241 ἐξῆρτο
630 2164 681 2235 ἐξ
730 2163 882 2219 οἴειου
938 2163 1134 2240 Κυρίου
1183 2161 1389 2233 σπονδή
1439 2164 1528 2219 καὶ
1583 2165 1755 2236 θυσία,
1787 2161 1966 2219 ἕλκειν
1993 2168 2062 2239 τῇ

407 2255 732 2310 ταπεινώσει
759 2255 852 2310 τὸν
885 2251 1056 2310 ἔλεον.

482 2433 565 2489 Ξ’.
595 2431 656 2486 Τί
684 2430 771 2485 δαὶ
804 2431 832 2485 ὁ
881 2426 1211 2504 ’Δμϐακούμ
1259 2432 1372 2504 (58)
1409 2458 1422 2496 ;
1453 2431 1621 2493 Οὗτος
1676 2433 1769 2505 μὲν
1816 2432 1904 2486 καὶ
1938 2434 2064 2507 θερ-

420 2519 664 2596 μοτέρων
698 2520 922 2574 ἅπτεται
951 2518 1156 2595 λόγων,
1191 2521 1279 2575 καὶ
1330 2522 1467 2597 πρὸς
1502 2520 1660 2575 αὐτὸν
1704 2518 2066 2577 ἀποδυσπετεῖ

411 2610 504 2664 τὸν
535 2610 687 2676 Θεὸν,
719 2609 809 2663 καὶ
843 2611 956 2664 οἷον
1005 2604 1247 2682 καταϐοᾷ
1291 2615 1388 2665 τοῦ
1437 2615 1684 2686 χρηστοῦ
1727 2613 1839 2684 (59)
1871 2609 2062 2666 δεσπό-

409 2721 510 2755 του
543 2696 631 2754 διὰ
660 2700 759 2768 τὴν
808 2703 916 2753 τῶν
963 2703 1160 2774 κριτῶν
1211 2697 1442 2754 ἀδικίαν·
1475 2701 1621 2759 "Em;
1671 2700 1837 2770 τίνος,
1879 2701 2061 2776 Κύριε,

407 2788 789 2864 κεκράξομαι,
848 2785 1045 2863 λέγων,
1106 2787 1195 2843 καὶ
1255 2787 1316 2842 οὗ
1378 2789 1454 2861 μή
1516 2787 1845 2852 εἷ’σακούσεις
1902 2792 2061 2863 (60);

414 2879 692 2954 βοήσομαι
768 2878 907 2955 πρὸς
967 2877 1023 2932 σὲ
1093 2875 1450 2950 ἀδικούμενος
1486 2923 1498 2945 ,
1555 2878 1644 2933 καὶ
1705 2879 1766 2932 οὐ
1823 2880 2061 2948 σώσεις;

407 2972 524 3024 Ἵνα
583 2967 636 3023 τί
699 2989 790 3040 μοι
870 2964 1072 3037 ἔδειξας
1146 2966 1351 3029 κόπους
1419 2968 1506 3021 καὶ
1564 2967 1785 3034 πόνους,
1845 2963 2062 3023 ἐπιϐλέ-

407 3078 526 3112 πειν
606 3055 695 3112 ἐπὶ
774 3059 887 3130 (61)
959 3055 1336 3129 ταλαιπωρίαν
1408 3058 1497 3112 καὶ
1575 3052 1818 3112 ἀσέϐειαν
1873 3076 1885 3127 ;
1949 3057 2064 3128 Ἐξ-

2190 664 2391 705 eorum
2419 650 2518 723 qui
2553 651 2744 708 officio
2776 656 2932 708 recte
2977 654 3321 726 funguntur,
3355 657 3705 728 paucitatem
3740 662 3838 716 de-

2187 738 2446 810 plorans,
2471 757 2596 812 quae
2629 746 2793 797 tanta
2825 743 2902 797 sit
2924 748 2988 797 ut
3015 743 3105 798 vix
3140 744 3354 801 alicubi
3385 747 3600 818 stipula
3632 754 3730 804 aut
3748 767 3838 807 ra-

2187 829 2454 884 cemulus
2511 833 2767 902 supersit
2821 849 2833 887 :
2891 833 3106 905 quippe
3165 851 3295 889 cum
3353 835 3623 909 princeps
3664 839 3834 896 etiam

2186 917 2440 989 postulet
2489 924 2545 974 et
2592 921 2768 990 iudex
2817 922 2886 976 ad
2935 922 3182 992 gratiam
3231 922 3506 996 loquatur
3551 927 3613 993 ‘0,
3665 931 3841 999 atque

2182 1006 2392 1062 iisdem
2450 1011 2872 1080 propemodum
2923 1011 3117 1066 verbis
3182 1028 3316 1067 cum
3363 1029 3576 1085 magno
3627 1015 3842 1072 Davide

2183 1101 2404 1153 utens:
2458 1097 2686 1153 Salvum
2739 1115 2825 1154 me
2872 1101 2984 1170 fac,
3035 1101 3284 1167 Domine,
3332 1105 3592 1173 quoniam
3643 1105 3844 1176 defecit

2178 1194 2395 1242 sanctus
2425 1186 2506 1256 δίς
2562 1187 2816 1260 hincque
2863 1189 2982 1244 fore
3031 1190 3411 1259 denuntians,
3459 1196 3524 1248 ut
3557 1193 3709 1251 bona
3738 1211 3839 1251 eos

2177 1274 2471 1340 deserant,
2504 1279 2782 1346 tanquam
2816 1293 2847 1330 ιι
2879 1277 3037 1332 tinea
3068 1284 3438 1351 consumpta.

2251 1365 2386 1420 LIX.
2421 1363 2543 1420 Joel
2575 1382 2746 1436 porro
2777 1363 3000 1420 luctum
3035 1366 3210 1421 etiam
3237 1368 3405 1424 nobis
3426 1368 3838 1443 indicit,atque

2176 1451 2376 1508 altaris
2409 1453 3039 1525 ministros,premente
3061 1454 3310 1521 fame,in
3346 1457 3581 1528 planctu
3615 1460 3835 1515 versari

2169 1543 2336 1612 jubet
2360 1544 2406 1576 ‘9
2434 1561 2446 1609 ;
2477 1545 2710 1598 tantum
2737 1544 2902 1598 abest
2941 1547 3006 1597 ut
3033 1544 3090 1598 in
3125 1545 3372 1600 aliorum
3397 1547 3835 1604 calamitatibus

2174 1648 2275 1688 eos
2319 1631 2546 1686 deliciis
2585 1631 2890 1704 indulgere
2930 1634 3268 1704 permittat;
3304 1651 3369 1689 ac
3418 1640 3627 1706 praeter
3657 1654 3830 1708 quam

2175 1721 2328 1792 quod
2355 1720 2652 1790 jejunium
2703 1720 3054 1791 sanctiﬁcat,
3105 1726 3161 1776 et
3212 1724 3572 1780 curationem
3625 1725 3833 1796 praedi-

2174 1814 2264 1865 cat
2286 1811 2349 1878 ‘3,
2372 1826 2436 1864 ac
2459 1809 2717 1865 seniores
2740 1816 2795 1864 et
2820 1811 3113 1881 parvulos,
3143 1812 3535 1879 miserandas,
3563 1815 3829 1886 inquam,

2173 1903 2370 1954 aetates
2404 1903 2738 1971 congregat,
2772 1898 3018 1970 insuper
3045 1900 3202 1971 ipsos
3235 1917 3466 1972 quoque
3499 1905 3831 1961 sacerdotes

2176 1987 2461 2054 hortatur,
2497 1992 2562 2042 ut
2602 1987 2883 2059 templum
2935 1988 3207 2061 ingressi,
3246 1993 3421 2059 atque
3459 1989 3519 2046 in
3551 1992 3744 2048 cinere
3775 1998 3832 2050 et

2176 2076 2383 2138 saccis,
2417 2092 2483 2130 ac
2513 2093 2796 2148 perquam
2847 2076 3100 2132 demisse
3131 2081 3188 2132 et
3231 2078 3455 2150 abjecte
3503 2079 3560 2134 in
3608 2084 3825 2137 terram

2175 2164 2518 2238 prostrati“
2559 2165 2835 2236 quoniam
2870 2167 2992 2236 agri
3016 2165 3325 2220 sterilitate
3354 2167 3554 2222 afﬂicti
3589 2169 3825 2242 fuerint,

2175 2271 2241 2310 ac
2272 2254 2572 2310 sublatum
2620 2255 2690 2308 de
2739 2255 2913 2309 domo
2962 2255 3191 2308 Domini
3235 2255 3486 2311 libamen
3520 2261 3577 2313 et
3606 2259 3828 2314 sacriﬁ-

2174 2343 2352 2408 cium,
2386 2343 2720 2398 humilitate
2753 2342 3212 2398 misericordiam
3246 2345 3566 2400 attrahant.

2248 2433 2358 2488 LX.
2394 2433 2543 2499 Quid
2595 2436 2790 2488 autem
2834 2432 3285 2488 HabacucPHic
3335 2434 3573 2505 quidem
3625 2435 3832 2492 acriori

2175 2521 2348 2577 etiam
2383 2521 2646 2577 oratione
2670 2521 2875 2590 utitur,
2901 2526 3074 2592 atque
3107 2523 3386 2578 adversus
3417 2523 3601 2579 Deum
3635 2525 3832 2597 ipsum

2178 2612 2599 2678 stomachetur,
2617 2627 2680 2664 ac
2704 2609 3024 2682 benignum
3055 2609 3368 2666 Dominum
3406 2615 3639 2683 propter
3666 2613 3832 2669 Judi-

2177 2718 2308 2756 cum
2340 2699 2710 2772 iniquitatem
2745 2698 2902 2753 velut
2951 2698 3308 2755 clamoribus
3355 2699 3711 2774 insequitur,
3742 2703 3830 2758 di-

2177 2809 2314 2848 cens
2348 2807 2360 2844 :
2399 2792 2697 2862 Usquequo,
2730 2790 2973 2858 Domine,
3005 2789 3277 2857 clamabo,
3311 2793 3363 2844 et
3391 2807 3501 2846 non
3530 2793 3836 2848 exaudit-5?

2174 2880 2527 2950 vociferabor
2557 2881 2833 2950 injuriam
2861 2879 3101 2949 patiens,
3126 2885 3176 2933 et
3204 2896 3318 2934 non
3339 2881 3582 2936 salvebis
3601 2885 3626 2935 .9
3656 2883 3835 2951 Quare

2173 2972 2473 3026 ostendisti
2499 2969 2638 3023 mihi
2672 2969 2880 3022 labores
2906 2971 2954 3022 et
2985 2972 3309 3023 aerumnas?
3360 2969 3540 3024 videre
3568 2972 3831 3041 afﬂictio-

2172 3077 2300 3115 nem
2355 3061 2404 3112 et
2452 3059 2789 3129 impietatem
2813 3056 2841 3110 ?
2892 3057 2951 3111 In
3000 3062 3286 3128 conspectu
3335 3073 3451 3113 meo
3497 3060 3704 3128 factum
3755 3067 3836 3115 est

409 3146 648 3208 εναντίας
732 3167 836 3219 μου
913 3146 1107 3222 γέγονε
1177 3149 1288 3219 (62)
1344 3145 1524 3222 κρίσις
1559 3189 1573 3212 ,
1626 3146 1714 3201 καὶ
1787 3148 1815 3200 ὁ
1873 3149 2064 3222 κριτὴς

2190 3149 2462 3212 ’udioium,
2495 3155 2548 3200 et
2557 3146 2733 3218 judex
2763 3147 2923 3216 capit.
2976 3148 3206 3216 Propter
3251 3145 3354 3200 hoc
3399 3145 3715 3217 dissipatas:
3757 3155 3838 3204 est

409 3231 726 3316 λαμϐάνει..
779 3234 878 3290 Διὰ
932 3239 1092 3290 τοῦτο
1152 3232 1517 3290 διεσκέδασται
1579 3235 1791 3310 νόμος,
1850 3237 1940 3291 καὶ
2000 3236 2060 3291 ού

2177 3239 2283 3308 lere,
2333 3241 2386 3293 et
2432 3254 2544 3290 non
2595 3237 2842 3306 pervenit
2892 3251 3063 3306 usque
3107 3235 3176 3289 ad
3225 3235 3389 3304 ﬁnem
3427 3236 3710 3308 judicium
3764 3237 3830 3292 ⁸⁸.

408 3299 713 3400 διεξάγεται
768 3324 844 3387 εἷς
902 3323 1062 3386 τέλος
1116 3323 1290 3399 κρίμα
1324 3370 1335 3381 .
1395 3325 1525 3380 Εἶτα
1580 3326 1614 3394 ἡ
1647 3299 1913 3396 ’ἀπειλὴ
1971 3325 2060 3381 καὶ

2190 3327 2396 3383 Deinde
2444 3324 2856 3389 comminatio;
2906 3339 2970 3377 ac
3021 3324 3318 3395 deinceps,
3372 3325 3551 3380 Videte
3595 3333 3836 3381 contem-

405 3415 472 3470 τὸ.
516 3415 603 3470 ἐπί
661 3413 899 3476 τούτοις
952 3411 1151 3483 Ἴδετε,
1213 3415 1266 3468 οἱ
1322 3414 1748 3492 καταφρονηταὶ,
1807 3415 1896 3470 καὶ
1947 3415 2063 3470 ἐπι-

413 3501 691 3576 ϐλέψατε,
747 3501 838 3559 καὶ
897 3503 1203 3574 θαυμάσατε
1255 3503 1526 3576 θαυμάσια
1583 3505 1718 3577 (63),
1778 3503 1866 3558 καὶ
1925 3504 2064 3582 ἀφαε-

411 3591 650 3665 νίσθητε,
711 3590 848 3646 διότι
907 3591 1060 3668 ἔργον
1121 3591 1231 3666 ἐγὼ
1293 3591 1640 3667 ἐργάζομαι.
1699 3593 1798 3647 Καὶ
1853 3593 1906 3647 τί
1953 3595 2062 3668 χρὴ

411 3681 582 3737 πάντα
640 3680 909 3759 ἐπιφέρειν
967 3682 1031 3735 τὰ
1103 3687 1203 3750 τῆς
1271 3680 1503 3750 ἀπειλῆς
1564 3699 1577 3750 ;
1643 3679 1818 3737 Ἀλλὰ
1873 3681 2064 3757 μικρὸν

408 3770 712 3848 ἔμπροσθεν
772 3772 904 3843 (64)·
964 3775 1122 3824 τοῦτο
1184 3767 1283 3846 γάρ
1339 3792 1433 3843 μοι
1467 3769 1618 3825 δοκεῖ
1679 3769 1894 3846 βέλτιον
1932 3771 2064 3826 εἶναι

406 3863 718 3938 προσθεῖναι
779 3861 889 3935 (65)
931 3865 1047 3922 τοῖς
1099 3859 1436 3936 εἰρημένοις·
1497 3859 1745 3922 πολλοὺς
1804 3860 2066 3915 ἀνακαλε-

409 3950 642 4023 σάμενος
699 3949 790 4006 καὶ
852 3947 1341 4022 ἀποκλαυσάμενος
1391 3953 1497 4004 τῶν
1576 3949 1698 4023 περὶ
1756 3971 1809 4005 τι
1867 3948 2065 4005 ἀδίκων

409 4038 498 4094 καὶ
549 4043 833 4110 πονηρῶν,
889 4036 1049 4100 τέλος
1099 4037 1448 4110 ἀνακαλεῖται
1501 4040 1612 4112 (66)
1658 4039 1748 4093 καὶ
1796 4038 1921 4102 τοὺς
1967 4048 2066 4110 τῆς

416 4126 726 4205 μοχθηρίας
756 4126 1034 4203 ἡγεμόνας
1063 4125 1153 4181 καὶ
1203 4123 1585 4201 διδασκάλους,
1629 4128 1938 4205 ἀνατροπὴν
1976 4131 2071 4202 μὶν

2174 3421 2379 3489 ptores,
2411 3423 2461 3471 et
2490 3415 2760 3484 respicite,
2794 3413 3166 3466 admiramini
3203 3413 3512 3478 mirabilia,
3547 3421 3598 3468 et
3626 3413 3836 3486 disper-

2175 3506 2396 3569 dimini,
2421 3505 2549 3576 quia
2581 3518 2711 3573 Opus
2740 3517 2832 3572 ego
2855 3517 3050 3572 operor
3071 3502 3134 3554 ³⁸.
3153 3501 3262 3556 Sed
3298 3501 3440 3571 quid
3471 3505 3650 3558 totam
3677 3503 3834 3558 illam

2177 3592 2693 3652 comminationem
2749 3590 3106 3661 subjungere
3159 3605 3389 3644 necesse
3427 3589 3566 3643 eet?
3620 3591 3834 3646 Verum

2177 3682 2352 3756 paulo
2385 3680 2671 3747 ulterius;
2706 3679 2815 3732 hoc
2846 3678 3001 3733 enim
3044 3677 3188 3732 mihi
3220 3679 3409 3733 satius
3449 3694 3578 3733 esse
3607 3679 3838 3736 videtur

2177 3773 2244 3828 ad
2272 3789 2337 3826 ea
2360 3788 2484 3842 quae
2511 3769 2665 3822 dicta
2683 3770 2823 3821 sunt
2844 3768 3202 3839 adjungere:
3234 3782 3364 3819 cum
3393 3765 3608 3822 multos
3629 3783 3833 3823 eorum

2177 3861 2275 3933 qui
2309 3860 2369 3914 in
2402 3875 2462 3913 re
2486 3859 2586 3913 43
2607 3857 2804 3928 aliqua
2835 3855 3084 3927 improbi
3119 3860 3176 3909 et
3208 3855 3394 3927 iniqui
3428 3860 3614 3924 erant,
3643 3857 3838 3928 appel-

2177 3952 2359 4007 lasset
2407 3963 2473 4002 ac
2523 3946 2872 4012 deﬂevisset,
2907 3945 2975 4000 ad
3029 3948 3354 3999 extremum
3401 3944 3559 4016 ipsos
3607 3961 3836 4017 quoque

2176 4037 2576 4111 improbitatis
2608 4037 2784 4090 duces
2833 4037 2888 4089 et
2935 4032 3245 4106 magistros
3290 4032 3563 4106 appellat,
3597 4034 3835 4090 subver-

2180 4131 2404 4188 sionem
2440 4125 2679 4198 quidem
2709 4123 3008 4178 turbidam
3042 4139 3108 4178 ac
3149 4121 3364 4177 mentis
3406 4121 3748 4178 ebrietatem
3779 4126 3838 4178 et

478 4245 525 4281 ⁸ο
549 4243 734 4320 Mich._
757 4244 948 4320 m,_l{)_
977 4258 1138 4320 seqq.
1184 4244 1252 4320 f0
1281 4243 1452 4298 Mich.
1489 4261 1585 4313 v11,
1619 4246 1671 4300 3.
1750 4246 1793 4280 “
1829 4246 1983 4302 Psal.
2015 4266 2067 4320 x,

2237 4245 2282 4280 ‘3
2315 4241 2438 4299 Joel
2482 4259 2521 4312 1,
2557 4240 2643 4295 13.
2722 4239 2767 4272 ‘3
2797 4237 2942 4292 ibid.
2979 4239 3062 4292 14.
3141 4238 3186 4270 “
3214 4237 3323 4292 Isa.
3359 4253 3511 4292 Lvm.
3551 4238 3587 4293 5
3661 4237 3704 4272 ⁸⁵
3735 4237 3838 4293 Ha-

408 4317 534 4374 bac.
570 4334 610 4387 1,
641 4317 763 4371 2-4.
838 4316 882 4351 ἰθ
913 4314 1054 4370 ibid.
1088 4315 1142 4383 5,
1175 4315 1228 4370 6.

483 4435 597 4506 (52)
634 4430 1075 4506 Κατορθούντων.
1116 4454 1144 4506 ιι
1173 4431 1280 4497 Qui
1312 4433 1628 4506 corrigunt,
1665 4457 1686 4484 »

410 4498 955 4587 Nobil'ius.“Nempe
986 4527 1013 4554 «
1047 4504 1148 4575 qui
1180 4498 1598 4587 cor‘rigan‘tfse,
1628 4527 1649 4552 υ

1735 4439 1800 4489 ut
1829 4436 1888 4490 in
1923 4436 2067 4491 LXX

413 4507 700 4562 Nobilius.
735 4507 955 4576 Nempe
986 4527 1013 4554 «
1047 4507 1148 4575 qui
1180 4507 1475 4577 corrigant
1509 4522 1590 4570 se,
1628 4527 1649 4552 ι
1704 4507 1789 4561 vel
1823 4530 1849 4557 ‹‹
1883 4508 2064 4563 vitam

413 4593 607 4650 suam.
644 4597 665 4625 ι
700 4575 828 4630 Non
857 4575 1011 4630 enim
1047 4575 1417 4650 prophetaet
1446 4575 1774 4650 theologus,
1816 4580 1887 4633 de
1918 4596 2063 4650 prae-

412 4648 834 4720 latistantum,
869 4646 1118 4720 quorum
1159 4652 1248 4703 est
1294 4646 1440 4703 alios
1472 4646 1800 4720 corrigere;
1853 4646 1952 4705 sed
2003 4652 2073 4705 de
2105 4652 2151 4716 Ι)

416 4718 693 4792 omnibus
725 4719 963 4792 omnino
993 4719 1335 4792 loquuntur.

489 4792 598 4862 (53)
612 4785 1021 4867 -ᾙπιφυλλίδα,
1052 4785 1164 4867 _ita
1186 4791 1510 4867 ﬁcrjpturm
1539 4794 1754 4858 textus,
1788 4797 1845 4847 et
1872 4809 2077 4848 omnes

420 4858 568 4919 mss.
586 4858 591 4860 ’
611 4858 851 4918 Male'in
885 4863 1015 4917 Par.
1049 4858 1374 4916 ἐκωυλλίδὰ.

491 4933 604 5004 (54)
633 4933 721 4994 Ὦς
754 4955 782 4985 ‹‹
816 4934 1156 5006 Tanquam,
1182 4935 1373 5006 quasi.
1412 4955 1438 4982 η
1471 4932 1619 4988 Bibl.
1657 4933 2019 5006 «_nimirum.
2051 4957 2076 4981 ››

457 5005 608 5091 ,(⁵5)
660 5010 892 5079 Θρῆνον.
954 5004 1073 5061 Duo
1134 5004 1312 5079 Regg.
1374 5009 1612 5079 θρηνεῖν.
1673 5004 1875 5061 Comb.
1946 5005 2080 5078 θρη-

418 5098 549 5133 νων.

655 5147 753 5222 Καὶ
796 5145 938 5222 πρρς
984 5147 1359 5222 τῷλὰγιάζειν.
1414 5149 1555 5204 Tres
1603 5147 1784 5222 Regii,
1833 5153 2083 5222 quatuor

417 5217 603 5294 Colb.,
637 5221 755 5294 duo
787 5217 964 5294 Geisl.
999 5217 1262 5294 πρὸςτό.
1316 5222 1384 5276 At
1432 5237 1534 5291 pro
1590 5217 1866 5292 ἁγιάζεινξ
1903 5219 2082 5273 iidem

421 5293 596 5366 Regg.
636 5291 878 5366 habent,
912 5287 1085 5366 éijeu},

492 5361 605 5432 (5‘7)
639 5361 1103 5432 2&ngmmCoisl.
1139 5363 1190 5417 1:
1223 5363 1428 5432 adtingi.

640 5427 988 5506 ’Δμϐακούμ.
1028 5439 1164 5506 Reg.
1198 5435 1237 5500 Ι,
1281 5427 1619 5503 Ἀϐϐακούμ.

497 5503 609 5578 (59)
641 5503 1040 5577 Χρηστοῢζὸἱο
1069 5503 1268 5561 decem
1295 5506 1499 5576 Regg.,
1526 5509 1744 5573 septem
1778 5503 2085 5567 Colb.,duo

441 5576 617 5633 Geisl.
653 5576 729 5650 ln_
749 5579 1044 5650 Par._vero
1073 5579 1326 5650 Χριστοῦ.

501 5650 616 5719 (60)
671 5647 1043 5719 Εἷσακούσεις.
1122 5643 1384 5714 Quatuor
1462 5645 1681 5719 Regii_,_
1731 5649 1879 5719 tres_
1926 5643 2084 5719 Colb.

2247 4434 2360 4504 (61)
2391 4428 2532 4504 Ἐπί.
2569 4428 2906 4504 Βνεεροεὶιὶο
2937 4427 3058 4504 haec
3093 4427 3274 4504 deest
3321 4427 3380 4481 in
3428 4427 3618 4483 tribus
3673 4427 3841 4498 R032,

2177 4498 2536 4576 sept.'Col_b.,
2571 4500 2744 4576 Cojsl.
2781 4500 2920 4576 i,_et
2949 4498 3044 4576 0r.

2249 4566 2362 4646 (62)
2397 4574 2608 4646 Γέγονε.
2645 4566 2979 4646 UnusReg.
3013 4566 3247 4646 ἐγένετο.

2255 4637 2370 4718 (63)
2426 4637 2522 4697 Καί
2569 4637 3215 4718 θαυμάσατε-θαυμάσια.
3269 4640 3362 4718 Sic
3424 4639 3583 4718 I_.XX,
3635 4641 3840 4718 decem

2184 4710 2388 4790 Re‘ggi,
2421 4733 2521 4770 sex
2551 4710 2732 4790 Colb'v
2766 4711 2936 4767 Coisl.
2973 4714 3024 4790 1,
3059 4717 3117 4764 et
3147 4716 3308 4765 Pass.
3334 4711 3397 4764 In
3428 4715 3559 4765 Par.
3582 4727 3717 4764 vero
3747 4710 3839 4766 ed.

2188 4777 2516 4860 θαῖᾄασατε,
2539 4784 2639 4860 καὶ
2672 4777 2818 4860 ἴδετε.
2843 4777 3134 4860 θαυμάσια.

2261 4849 2374 4931 (64)
2434 4849 2609 4931 Ἀλλᾷ
2670 4853 2859 4928 μικρὸν
2924 4849 3248 4931 ἔμπροσθεν.
3303 4872 3331 4900 (ε
3400 4849 3612 4931 Verum
3666 4849 3842 4931 paulo

2191 4920 2438 4986 ulterius
2466 4950 2479 4984 :
2518 4950 2545 4978 n
2577 4929 2630 4982 id
2663 4920 2778 4992 est,
2806 4920 3050 4996 «paulo
3067 4927 3234 4993 post;
3289 4943 3316 4970 »
3365 4924 3424 4974 et
3454 4920 3550 4975 hic
3596 4920 3844 4996 est_vere

2193 5020 2402 5059 sensus
2434 5002 2612 5070 hujus
2645 4999 2818 5064 vocis,
2843 4992 3146 5070 ἔμπροσθεν
3181 4999 3245 5047 ut
3277 4997 3432 5070 patet
3462 5009 3547 5070 ex:
3562 4992 3845 5070 orationis

2193 5075 2363 5130 serie.
2398 5063 2738 5147 Quaienim
2789 5063 3056 5147 adiungit
3085 5083 3152 5121 ex
3196 5063 3478 5147 propheta
3508 5063 3844 5147 Gregorius,

2191 5164 2310 5202 non
2344 5145 2699 5216 praecedunt,
2724 5142 2823 5196 sed
2851 5141 3305 5216 subsequuntur
3318 5151 3387 5216 ea
3407 5150 3536 5204 quae
3556 5141 3722 5216 prius
3745 5151 3849 5206 po-

2193 5205 2412 5282 suerat,
2431 5231 2563 5269 cum
2597 5205 3069 5268 desumanturei
3095 5226 3146 5262 c.
3172 5223 3234 5260 ιι.
3260 5207 3474 5282 Hahae.
3498 5205 3690 5276 priora
3713 5205 3847 5282 uero

2192 5290 2254 5345 in
2287 5304 2334 5342 ο.
2370 5277 2410 5353 1,
2446 5283 3080 5356 reperianturyEodem
3112 5295 3299 5356 sensu
3347 5277 3456 5356 hac
3497 5293 3633 5356 goce
3663 5277 3850 5356 utitur

2194 5347 2407 5431 Apost;
2433 5347 2680 5426 Philipp.
2714 5355 2927 5431 iII,_14.
2956 5352 3084 5407 Non
3112 5351 3258 5431 bene
3287 5348 3471 5431 igitur
3502 5347 3724 5431 lliilius,
3749 5347 3851 5418 qui

2193 5421 2389 5495 vertit,
2425 5450 2452 5479 ‹‹
2485 5421 2698 5482 Verum
2732 5425 2889 5480 enim
2921 5440 3057 5495 vero
3088 5421 3391 5495 aliquanto
3425 5423 3636 5495 anta_._»

2265 5489 2387 5572 (65)
2433 5499 2772 5574 Προσθεῖναι.
2843 5495 2933 5550 Sic
2992 5494 3189 5566 plures
3245 5492 3420 5562 Regg.
3484 5489 3616 5555 Alii,
3680 5507 3850 5560 προσ-

2196 5574 2374 5627 θῆναι.

2407 5635 2803 5716 Ἀνακαλεῖται.
2837 5637 3036 5716 Qomb.
3071 5657 3100 5685 ‹‹
3131 5631 3434 5700 inclamat,
3467 5629 3722 5701 quadam
3747 5645 3848 5684 vo-

426 5707 526 5776 Jes
558 5707 778 5778 habent
823 5707 1162 5784 αισακοὶισηῗ
1178 5719 1292 5776 Alii
1348 5734 1492 5790 pene
1542 5707 1786 5774 totidem
1838 5713 2067 5771 εἷσακού·

2198 5707 2284 5772 cis
2314 5707 2686 5772 contentione
2714 5707 2990 5781 appellat.
3025 5727 3054 5756 »ι

433 5810 551 5867 me.
