4110 6412
300 458 414 516 4⁸11

1555 454 1619 513 S.
1670 450 2043 513 GREGOHII
2087 450 2482 511 THEOLOGI

3609 452 3730 510 4Ἷῖ

304 601 560 644 errorem
590 586 797 641 vitium
845 602 1109 641 vocans:
1152 585 1246 640 his
1296 588 1489 639 autem
1544 582 1838 656 proximos
1888 581 1951 637 ab

2076 576 2299 655 θολερὰν
2326 580 2425 646 τήν
2458 598 2646 634 κακιαν
2701 576 3000 633 ἀποκαλῶν
3056 576 3145 633 καὶ
3175 582 3273 634 τοῦ
3302 581 3399 634 νοῦ
3448 577 3617 652 μέθην
3650 580 3741 636 καὶ

306 675 456 749 ipsis
477 675 665 749 potari
690 676 911 742 dicens,
937 681 1004 729 ut
1024 675 1339 745 respiciant
1369 675 1439 727 ad
1462 673 1733 728 tenebras
1755 671 1963 725 animm

308 763 597 836 ipsorum,
622 769 681 819 et
700 764 1010 835 speluncas
1032 768 1372 831 serpentum
1406 778 1471 816 ac
1504 760 1967 827 bestiarum,boc

312 856 422 921 est,
453 852 855 923 improbarum
892 852 1310 922 cogitationum
1344 849 1661 905 domicilia.
1697 853 1881 919 Atque
1908 849 1965 901 bi

313 941 551 1014 quidem
582 941 729 996 tales
762 944 920 1007 sunt,
955 945 1172 996 etcum
1206 939 1421 994 talibus
1453 937 1737 993 doctrinis
1766 938 1835 992 ad
1861 952 1966 991 nos

314 1045 648 1086 sermonem
688 1029 926 1084 habent.

384 1208 495 1263 LXI
526 1205 872 1263 Malacbiam
899 1208 1093 1261 autem
1115 1221 1373 1277 quonam
1397 1206 1570 1259 modo
1589 1204 1833 1276 dignum
1850 1202 1970 1257 fue-

308 1297 385 1352 rit
428 1296 744 1368 praeterire,
797 1311 953 1349 nunc
998 1295 1240 1365 quidem
1298 1299 1355 1349 et
1396 1294 1651 1365 graviter
1677 1298 1734 1348 et
1765 1292 1971 1347 acerbe

306 1385 640 1442 sacerdotes
693 1388 1069 1439 accusantem
1103 1400 1169 1437 ac
1201 1383 1431 1455 probris
1464 1383 1877 1445 incessentem,
1907 1385 1973 1437 ut

305 1473 536 1530 Domini
570 1489 787 1528 nomen
841 1472 1257 1543 descipientes,
1294 1471 1631 1543 quibusque
1663 1470 1721 1523 in
1770 1470 1967 1535 rebus,

306 1564 747 1635 adjungentem,
771 1562 828 1616 in
863 1578 928 1615 eo
961 1577 1193 1632 nempe,
1226 1562 1380 1630 quod
1416 1558 1667 1630 pollutos
1691 1574 1871 1629 panes
1898 1557 1969 1611 ad

307 1652 493 1707 altare
523 1652 791 1716 afferant,
825 1651 988 1705 cibos
1016 1666 1133 1704 non
1166 1648 1484 1718 primitias,
1518 1652 1574 1701 et
1605 1664 1731 1717 quae
1768 1662 1837 1699 ne
1864 1646 1969 1698 du-

313 1756 449 1795 cum
481 1740 717 1810 quidem
751 1738 853 1793 ulli
887 1738 1186 1804 offerrent,
1209 1738 1386 1803 aut,si
1419 1738 1710 1801 offerrent,
1728 1734 1972 1789 infamia

317 1828 693 1883 afﬁcerentur
737 1828 803 1891 Π,
843 1842 911 1881 ea
941 1830 1136 1881 tamen
1172 1826 1341 1880 factis
1372 1825 1521 1879 votis
1555 1824 1822 1879 omnium
1850 1822 1971 1892 regi

307 1917 578 1986 oti‘erant,
604 1916 714 1970 hoc
745 1921 854 1984 est,
891 1916 1187 1979 clauda,et
1210 1931 1382 1985 aegra,
1417 1918 1473 1968 et
1501 1918 1971 1993 corrupta,pror-.

307 2022 531 2078 susque
564 2007 807 2077 profana
865 2010 921 2060 et
951 2004 1313 2075 despuenda.
1349 2006 1514 2057 Nunc
1562 2008 1755 2057 autem
1788 2001 1969 2055 divinl

308 2111 441 2150 cum
476 2094 686 2149 Levitis
737 2095 889 2164 pacti
924 2110 1025 2148 eos
1076 2095 1527 2148 submouentem
1576 2097 1725 2159 (erat
1770 2095 1965 2145 autem

302 2184 449 2239 illud
481 2183 611 2239 vitm
643 2193 699 2237 et
728 2183 934 2254 pacis),
959 2199 1024 2235 ac
1055 2181 1266 2236 timore
1295 2182 1503 2236 timere
1536 2180 1874 2243 Dominum,
1908 2183 1966 2233 et

301 2290 335 2328 a
367 2271 513 2328 facie
549 2272 806 2327 nominis
840 2271 969 2340 eius
1000 2287 1208 2342 pavere
1233 2272 1275 2305 ‘8
1306 2272 1418 2327 Lex
1449 2272 1720 2336 veritatis,
1754 2267 1961 2339 inquit,

296 2368 416 2417 erat
445 2363 506 2415 in
532 2376 624 2415 ore
652 2359 791 2429 ejus,
825 2369 877 2414 et
906 2361 1175 2431 iniquitas
1194 2375 1306 2414 non
1336 2362 1417 2414 est
1449 2360 1674 2413 inventa
1706 2360 1765 2411 in
1798 2358 1959 2411 labiis

295 2451 434 2522 ejus.
469 2452 530 2505 In
576 2464 705 2520 pace
754 2458 965 2503 rectum
1007 2451 1114 2503 iter
1142 2458 1331 2503 tenens
1363 2448 1671 2502 ambulavit
1719 2462 1955 2511 mecum,

296 2547 350 2597 et
374 2540 575 2595 multos
601 2539 865 2594 convertit
910 2540 985 2592 ab
1034 2540 1354 2609 iniquitate,
1389 2539 1655 2608 quoniam
1683 2535 1835 2591 labia
1863 2552 1952 2591 sa-

296 2628 532 2684 cerdotis
560 2626 858 2681 custodient
887 2628 1200 2693 scientiam,
1231 2635 1282 2681 et
1327 2625 1506 2693 legem
1557 2627 1837 2695 requirent
1886 2640 1955 2678 ea:

296 2734 389 2773 ore
416 2717 535 2787 ejus
563 2717 625 2769 ‘9.
660 2716 853 2771 Causa
894 2720 1091 2770 autem
1144 2731 1320 2786 quam
1372 2714 1650 2785 praeclara
1692 2713 1868 2767 simul
1900 2718 1957 2768 et

297 2805 670 2861 formidanda
695 2803 708 2857 l
741 2807 873 2876 quia
899 2804 1137 2873 Angelus
1158 2806 1377 2859 Domini
1399 2804 1788 2871 omnipotentis
1809 2803 1953 2856 est".

297 2898 483 2964 Atque
515 2893 958 2949 maledictiones
991 2893 1231 2965 quidem
1264 2909 1366 2947 eas
1396 2908 1522 2962 quae
1556 2891 1832 2962 deinceps
1863 2907 1953 2946 se«

295 2986 585 3055 quuntur,
616 2981 834 3036 vitandi
869 2981 1007 3036 mali
1036 2981 1253 3037 ominis
1285 2997 1485 3047 causa,
1517 2985 1790 3050 praetereo
1816 2997 1827 3034 :
1862 2996 1956 3034 ve-

292 3071 529 3127 ritatem
556 3074 754 3125 autem
790 3069 1160 3140 pertimesco.
1194 3069 1357 3133 Quod
1400 3085 1535 3123 vero
1565 3070 1725 3123 dictu
1758 3069 1956 3123 mode-

295 3159 489 3215 ratius
522 3156 700 3213 simul
733 3162 791 3211 et
819 3157 1023 3212 utilius
1047 3162 1154 3225 est,
1176 3163 1259 3213 An
1290 3158 1526 3227 dignum
1551 3161 1651 3223 est,
1682 3157 1956 3226 inquit,ut

295 3248 600 3319 respiciam
620 3247 771 3301 ultra
792 3245 861 3300 ad
891 3246 1232 3315 sacriﬁcium
1254 3250 1510 3309 vestrum,
1532 3252 1627 3299 aut
1657 3247 1956 3315 suscipiam

2074 667 2287 738 πλάνην
2310 668 2760 738 (67)·ποτίζεσθαι
2786 665 2842 721 δὲ
2867 667 3037 742 λέγων
3066 670 3181 741 (68)
3202 667 3421 731 τούτοις
3451 670 3539 723 ὑπ’
3562 668 3735 725 αὐτῶν

2075 756 2202 818 τοὺς
2235 756 2495 825 πλησίον,
2528 755 2677 818 ὅπως
2710 752 3078 811 ἐπιϐλέπωσιν
3109 756 3197 811 ἐπὶ
3222 758 3286 812 τὸ
3320 757 3513 820 σκότος
3558 759 3733 814 αὐτῶν

2074 852 2173 914 τῆς
2206 849 2408 921 ψυχῆς,
2439 846 2528 900 καὶ
2554 846 2619 900 τὰ
2652 844 2897 915 σπήλαια
2946 846 3185 919 ἑρπετῶν
3237 845 3326 900 καὶ
3359 846 3566 921 θηρίων
3601 850 3736 921 (69),

2079 933 2363 1009 λογισμῶν
2394 940 2650 1007 πονηρῶν
2684 934 2999 1008 οἶκητήρια.
3036 935 3196 988 Οὗτοι
3236 936 3328 1007 μὲν
3364 932 3431 1004 δὴ
3471 942 3733 1004 τοιοῦτοι,

2077 1024 2165 1079 καὶ
2205 1024 2338 1096 μετά
2365 1023 2628 1078 τοιούτων
2679 1026 2816 1096 ἡμῖν
2868 1022 3255 1099 διαλεγόμενοι
3285 1028 3390 1078 τῶν
3434 1024 3734 1099 παιδευμά-

2077 1131 2185 1165 των
2219 1114 2349 1183 (70).

2149 1203 2281 1256 ΞΑ’.
2317 1201 2606 1277 Μαλαχίαν
2632 1199 2688 1257 δὶ
2709 1206 2828 1263 πῶς
2851 1200 3099 1275 παριδεῖν
3124 1203 3268 1273 ἄξιον
3300 1222 3312 1271 ;
3346 1207 3431 1257 νῦν
3468 1206 3558 1276 μὲν
3583 1203 3738 1279 ἐγκα-

2082 1288 2279 1345 λοῦντα
2327 1295 2539 1366 πικρῶς
2588 1297 2709 1352 τοῖς
2757 1292 2980 1366 ἱερεῦσι,
3031 1292 3120 1345 καὶ
3174 1289 3507 1360 ὀνειδίζοντα
3553 1293 3626 1354 ὡς
3670 1295 3734 1347 τὸ

2080 1372 2255 1451 ὄνομα
2333 1380 2536 1453 Κυρίου
2613 1379 2932 1456 φαυλίζουσι
2986 1399 2999 1411 ·
3079 1382 3167 1435 καὶ
3242 1382 3597 1455 προστιθέντα
3681 1380 3731 1436 ὲν

2080 1468 2214 1522 τίσιν
2247 1471 2382 1540 (71),
2437 1468 2487 1522 ἐν
2543 1473 2622 1540 τῷ
2679 1472 2971 1543 προσάγειν
3034 1471 3170 1545 πρὸς
3229 1470 3292 1523 τὸ
3353 1472 3735 1543 θυσιαστήριον

2080 1554 2274 1630 ἄρτους
2341 1555 2799 1630 ἠλισγημένους,
2866 1558 3132 1632 βρώματα
3208 1556 3307 1611 οὐκ
3362 1558 3736 1633 ἀπάργματα,

2077 1645 2167 1699 καὶ
2200 1644 2234 1698 ἃ
2266 1642 2394 1717 μηδ’
2444 1644 2502 1699 ἂν
2548 1650 2656 1699 τῶν
2706 1646 3029 1718 ἡγουμένων
3080 1645 3187 1699 τινὶ
3231 1646 3667 1721 προσενέγκοιεν,
3698 1648 3734 1716 ἢ

2080 1735 2420 1806 ἀτιμασθεῖεν
2472 1733 2528 1788 ἃν
2575 1734 3049 1809 προσενεγκόντες,
3095 1739 3262 1789 ταῦτα
3302 1738 3628 1814 προσφέρειν
3660 1741 3738 1809 τῷ

2085 1820 2301 1897 βασιλεῖ
2354 1827 2462 1876 τῶν
2521 1822 2665 1877 ὅλων
2726 1822 2896 1898 εὐχὴν
2958 1823 3318 1895 εὐξαμένους,
3376 1823 3588 1899 χωλὰ,
3648 1825 3737 1879 καὶ

2083 1911 2356 1988 ἅρῥωστα,
2409 1912 2499 1966 καὶ
2558 1909 2945 1987 ὃιεσθαρμένα,
3007 1912 3096 1966 καὶ
3159 1909 3371 1987 βέϐηλα
3428 1912 3739 1983 παντελῶς,

2081 2000 2171 2054 καὶ
2226 2000 2558 2054 ἀπὸπτυστα·
2613 2005 2703 2053 νῦν
2756 1998 2814 2055 δὲ
2843 2008 2942 2069 τῆς
2987 2002 3099 2073 (72)
3149 2002 3287 2076 πρὸς
3333 2000 3459 2063 τοὺς
3510 2001 3737 2065 Λευίτας

2075 2094 2173 2143 τοῦ
2231 2094 2363 2144 Θεοῦ
2423 2086 2692 2159 διαθήκης
2753 2090 3262 2162 ὑπομιμνήσκοντα,
3319 2093 3375 2162 (ἡ
3429 2088 3487 2145 δὲ
3528 2092 3596 2161 ἦν
3637 2099 3739 2161 τῆς

2079 2183 2226 2247 ζωῆς
2274 2180 2362 2233 καὶ
2414 2186 2515 2247 τῆς
2549 2178 2818 2253 εἰρήνης),
2848 2179 2936 2233 καὶ
2987 2175 3143 2257 φόϐῳ
3192 2174 3479 2256 φοϐεῖσθαι
3510 2181 3601 2235 τὸν
3636 2181 3739 2236 Κύ-

2075 2287 2212 2342 ριον,
2246 2268 2336 2321 καὶ
2392 2269 2497 2321 ἀπὸ
2544 2268 2843 2342 προσώπου
2874 2273 2970 2321 τοῦ
3004 2267 3273 2339 ὀνόματος
3316 2267 3479 2323 αὐτοῦ
3512 2268 3735 2325 στέλλε-

2074 2359 2193 2411 σθαι
2244 2359 2374 2428 (73).
2436 2356 2618 2428 Νόμος
2658 2358 2793 2429 (74),
2852 2357 3036 2433 φησὶν,
3100 2360 3167 2425 ἦν
3230 2356 3491 2426 ἀληθείας
3550 2358 3601 2411 έν
3657 2364 3735 2431 τῷ

2071 2446 2297 2517 στόματι
2359 2444 2573 2515 αὐτοῦ,
2632 2451 2720 2500 καί
2796 2443 2979 2500 ἀδικία
3057 2445 3170 2520 οὐχ
3247 2446 3439 2521 εὑρέθη
3501 2446 3552 2501 ἐν
3619 2455 3734 2511 τοῖς

2070 2534 2312 2609 χείλεσιν
2373 2535 2539 2588 αὐτοῦ
2574 2577 2586 2591 .
2644 2535 2728 2588 Ἐν
2807 2534 2997 2609 εἰρήνη
3072 2534 3408 2598 κατευθύνων
3466 2535 3728 2612 ἐπορεύθη

2074 2624 2188 2695 μετ’
2244 2623 2379 2694 ἐμοῦ
2413 2667 2427 2693 ,
2488 2624 2577 2676 καὶ
2626 2620 2901 2684 ’πολλοὺς
2971 2622 3294 2699 ἐπέστρεψεν
3356 2625 3406 2696 ἐξ
3466 2623 3676 2687 ἀδικίας
3712 2671 3727 2697 ,

2069 2711 2151 2766 ὅτι
2222 2711 2387 2787 χείλη
2452 2711 2637 2786 ἱερέως
2699 2712 2989 2785 φυλάξεται
3045 2718 3243 2787 γνῶσιν
3304 2716 3437 2785 (75),
3491 2714 3578 2768 καὶ
3636 2714 3723 2769 νό-

2072 2822 2170 2874 μον
2257 2800 2647 2870 ἐκζητήσουσιν
2736 2801 2796 2854 ἐκ
2875 2802 3146 2873 στόματος
3237 2802 3447 2859 αὐτοῦ.
3525 2803 3621 2856 Καὶ
3686 2805 3722 2872 ἡ

2066 2889 2211 2943 αἰτία
2268 2890 2344 2950 ὡς
2399 2889 2558 2961 τιμία
2612 2910 2671 2943 τε
2724 2890 2836 2961 ἅμα
2883 2891 2972 2944 καὶ
3014 2885 3221 2968 φοϐερά
3257 2892 3268 2947 !
3305 2889 3441 2945 διότι
3496 2891 3721 2967 ἄγγελος

2067 2978 2269 3055 Κυρίιου
2366 2977 2804 3053 παντοκράτορός
2893 2977 3001 3033 ἐστι
3066 3021 3079 3035 .
3170 2979 3268 3033 Καὶ
3358 2978 3620 3055 παραιτοῦ

3170 2979 3268 3033 Καὶ
3358 2979 3730 3056 παραιτοῦμαι

2074 3068 2168 3139 μὲν
2225 3071 2331 3121 τῶν
2395 3067 2481 3121 ἐπὶ
2537 3066 2754 3129 τούτοις
2815 3069 2958 3141 ἀρῶν
2986 3069 3048 3122 τὸ
3090 3066 3417 3145 βλάσφημον
3451 3072 3585 3143 (76)*
3635 3091 3732 3148 φο-

2069 3151 2272 3229 ϐοῦμαι
2335 3153 2391 3209 δὲ
2448 3158 2562 3229 (77)
2617 3158 2715 3224 τήν
2780 3156 3053 3227 ἀλήθειαν·
3119 3156 3247 3212 ἀλλ’
3305 3158 3333 3211 ὃ
3397 3159 3614 3231 μέτριόν
3674 3181 3735 3215 τε

2067 3246 2179 3317 ἅμα
2210 3247 2323 3318 (78)
2356 3244 2524 3299 εἰπεῖν
2573 3244 2663 3299 καὶ
2712 3245 2986 3321 συμφέρον
3015 3265 3026 3277 ·
3082 3247 3145 3300 Εἰ
3201 3244 3277 3301 ἔτι
3330 3244 3500 3317 ἄξιον,
3544 3250 3729 3325 φησὶν,

293 3335 716 3409 acceptabilede
761 3334 1021 3389 manibus
1072 3334 1384 3389 vestris“?
1424 3339 1697 3402 tanquam
1729 3334 1951 3389 scilicet

2076 3330 2358 3407 ἐπιϐλέψαι
2420 3332 2493 3395 εἰς
2553 3332 2737 3388 θυσίαν
2798 3335 2950 3406 ὑμῶν
3013 3336 3147 3408 (79),
3210 3335 3245 3403 ἢ
3299 3330 3487 3391 λαϐεῖν
3540 3334 3726 3393 δεκτὸν

294 3424 552 3480 maxime
600 3423 999 3488 stomachans,
1036 3439 1101 3477 ac
1158 3423 1510 3477 sacriﬁcium
1564 3424 1827 3494 ipsorum
1879 3425 1951 3479 ob

294 3512 561 3586 ipsorum
587 3512 1023 3584 improbitatem
1057 3512 1394 3583 repudians.

365 3691 526 3747 LXII.
580 3691 727 3746 Nam
776 3690 1065 3746 Zachariae
1115 3689 1355 3760 quidem
1407 3690 1639 3760 quoties
1686 3695 1789 3746 44
1829 3708 1949 3747 me-

291 3778 458 3845 mini,
494 3780 676 3835 facem
706 3778 1105 3849 perhorresco,
1160 3784 1333 3849 atque
1374 3777 1511 3833 item
1560 3795 1628 3834 ea
1667 3796 1793 3849 quae
1825 3780 1951 3852 ipse

287 3869 567 3923 adversus
597 3868 929 3923 sacerdotes
958 3870 1357 3933 contestatur;
1411 3871 1587 3937 atque
1618 3884 1686 3923 ea
1715 3868 1946 3939 quidem

283 3973 410 4028 quis
431 3957 503 4011 de
530 3956 751 4028 insigni
781 3956 883 4010 illo
912 3959 1299 4027 Jesu,magno
1319 3957 1641 4023 sacerdote,
1677 3959 1947 4013 subindi-

2065 3422 2124 3478 ἐκ
2150 3428 2257 3477 τῶν
2287 3427 2491 3498 χειρῶν
2524 3423 2675 3494 ὑμῶν
2710 3440 2724 3491 ;
2779 3422 2867 3483 ὡς’
2913 3421 2970 3477 ἂν
3041 3421 3278 3496 μάλιστα
3335 3422 3726 3501 δνσχεραίνων,

2061 3511 2151 3567 καὶ
2182 3512 2282 3580 τὴν
2315 3510 2625 3586 ἱερουργίαν
2671 3509 2846 3565 αὐτῶν
2900 3508 2991 3566 διὰ
3038 3514 3138 3581 τήν
3180 3512 3370 3567 κακίαν
3399 3514 3725 3589 ἀποπεμπό-

2065 3621 2247 3673 μενος.

2131 3691 2257 3747 ΞΒ’.
2292 3688 2564 3764 Ζαχαρίου
2617 3690 2711 3762 μέν
2753 3690 2855 3764 γὰρ
2910 3689 2989 3745 ὅτ’
3032 3690 3088 3745 ἂν
3148 3693 3393 3763 μνησθῶ,
3426 3694 3634 3769 φρίσσω
3663 3696 3725 3750 τὸ

2062 3776 2347 3852 δρέπανον,
2401 3779 2612 3850 ὁμοίως
2665 3778 2755 3833 καὶ
2815 3780 2847 3832 ἃ
2894 3780 3032 3835 κατά
3079 3785 3183 3835 τῶν
3233 3782 3419 3854 ἱερέων
3455 3784 3721 3858 μαρτύρε-

2058 3889 2143 3922 ται
2172 3869 2331 3923 οῦτος
2376 3871 2507 3941 (80)⁸
2543 3867 2576 3921 ἆ
2631 3868 2724 3941 μὲν
2776 3869 2901 3943 περὶ
2952 3871 3131 3939 Ἰησοῦ
3178 3875 3275 3925 τοῦ
3322 3871 3481 3945 πάνυ,
3533 3873 3719 3949 ἱερέως

2055 3961 2155 4012 τοῦ
2187 3956 2454 4032 μεγάλου,
2488 3954 2831 4032 παραδηλοῖ,
2858 3958 2915 4012 ὃν
2969 3956 3260 4034 περιδύσας
3308 3963 3424 4034 (81)
3452 3965 3530 4032 τῷ
3571 3961 3721 4038 λόγῳ

279 4049 410 4111 eat;
441 4060 615 4116 quem
663 4060 798 4100 cum
850 4049 1116 4100 setmone
1168 4059 1277 4098 suo
1327 4044 1565 4099 sordida
1602 4051 1660 4099 et
1706 4046 1950 4117 indigna

2076 4047 2156 4113 τήν
2207 4046 2447 4121 ῥυπαρὰν
2501 4045 2699 4115 ἐσθῆτα
2742 4045 2832 4101 καὶ
2888 4048 3123 4120 ἀναξίαν,
3175 4050 3273 4117 τὴν
3322 4050 3597 4125 ἱερατικὴν
3632 4052 3719 4107 καὶ

278 4138 441 4191 veste
471 4133 751 4198 exuisset,
783 4132 1155 4204 splendidam
1188 4139 1245 4186 et
1286 4132 1711 4189 sacerdotalem
1746 4141 1948 4205 postea

278 4222 403 4295 ipsi
437 4220 687 4293 imponit
721 4224 813 4280 :et
843 4237 973 4292 qua
1002 4222 1180 4276 etiam
1221 4220 1494 4291 angelum
1524 4223 1595 4276 ad
1626 4222 1829 4277 Jesum
1861 4224 1945 4279 di-

2060 4133 2315 4209 λαμπρὰν
2348 4134 2702 4210 περιτίθησιν·
2740 4134 2837 4189 ὅσα
2878 4158 2937 4191 τε
2985 4139 3013 4191 ὁ
3064 4134 3296 4213 ἄγγελος
3344 4139 3489 4210 αὐτῷ
3539 4140 3714 4214 λέγων

2057 4225 2194 4299 πρὸς
2248 4222 2341 4277 τὸν
2393 4225 2602 4293 Ἰησοῦν
2653 4224 2743 4278 καὶ
2796 4224 3146 4295 ἐπισκήπτων
3204 4226 3497 4295 πεποίηται
3555 4230 3667 4299 (82)

345 4379 890 4447 "Malacb.1,6-8.
967 4380 1290 4437 “Malach.
1334 4382 1481 4453 11,5.
1560 4382 1606 4416 ω
1637 4380 1962 4456 ibid.6,7.
2003 4385 2049 4422 ιο
2075 4384 2216 4441 ibid.
2248 4385 2305 4455 7,
2380 4385 2423 4422 ιι
2457 4385 2599 4441 ibid.
2636 4386 2721 4441 13.

347 4557 457 4633 (o7)
507 4557 686 4633 Μέθην
733 4557 824 4633 καὶ
876 4555 1299 4633 πλάνηνκῆθε.
1368 4578 1427 4628 u,
1486 4563 1722 4633 optimae
1769 4572 1937 4631 notae,

276 4624 493 4712 πλάνην
545 4624 654 4685 καῖ
689 4629 885 4703 μέθην.
921 4624 1091 4689 Forte
1120 4624 1338 4689 Habito.
1387 4624 1448 4690 ii.
1484 4634 1508 4689 1

271 4706 540 4759 mutatis.

361 4774 452 4847 68)
482 4772 690 4847 Λέγων.
730 4775 897 4847 Deest
930 4773 987 4827 in
1020 4774 1318 4845 plerisque
1349 4776 1673 4831 codicibus.

273 4914 285 4928 ο
341 4843 458 4928 (69)
489 4843 725 4928 Θηρίων.
762 4843 1137 4928 Lilaeresuhm‘
1187 4843 1481 4928 auctores,
1535 4869 1563 4897 »
1617 4865 1731 4903 non
1789 4849 1941 4906 male

269 4915 736 4988 interpretantur
760 4915 921 4988 ,Elias
952 4923 1009 4971 et
1040 4917 1392 4973 Gabrielius.

338 4982 453 5127 (70)
489 4982 903 5057 Παιδευμάτων.
944 4989 1026 5041 ita
1058 4989 1220 5045 Colb.
1250 4990 1304 5055 3,
1338 4993 1394 5043 et
1424 4988 1596 5046 Cois].
1629 4989 1682 5043 3.

361 5058 454 5125 71)
489 5056 573 5111 Ἐν
600 5058 763 5112 τίσιν.
823 5059 887 5115 In
941 5060 1082 5127 Reg.
1142 5061 1181 5126 l,
1238 5066 1295 5115 et
1325 5060 1486 5116 Colb.
1540 5077 1621 5123 m,
1654 5062 1682 5114 d

358 5058 454 5138 Ii)
489 5056 573 5138 ’ξεν
600 5058 763 5138 τίσιν.
823 5059 887 5115 In
941 5060 1082 5138 Reg.
1108 5061 1181 5138 .l,
1208 5066 1295 5138 _et
1325 5060 1486 5138 Colb_.
1540 5077 1621 5123 m,
1654 5062 1837 5117 deest.
1873 5061 1933 5117 In

267 5127 649 5202 quibusdam,
673 5127 1088 5202 interrogative
1107 5130 1341 5202 legitur,
1369 5138 1432 5187 ut
1462 5133 1521 5188 in
1552 5147 1717 5202 sacro
1748 5137 1929 5191 textu.

334 5200 473 5277 (72)Δ
508 5196 641 5277 Νῦν
675 5196 732 5253 δὲ
776 5196 927 5277 τῆςξ
960 5207 1091 5277 νειο.
1165 5196 1336 5277 Ἠθε.’
1392 5221 1444 5271 a,
1496 5205 1609 5277 ⁸νῦν
1670 5199 1727 5256 δὲ
1792 5205 1929 5277 πρὸς

331 5220 450 5283 (ιι)
508 5220 613 5285 ινυν
675 5220 732 5253 οε
780 5220 905 5268 της,
984 5220 1091 5258 etc.
1173 5220 1313 5329 heﬁ.
1392 5221 1444 5271 8.,
1523 5222 1609 5255 νυν
1670 5220 1727 5256 σε
1792 5224 1927 5277 προς

259 5274 680 5391 Ξοὲιῑτέέευιτας
730 5276 830 5338 τῆς
890 5275 987 5325 τοῦ
1046 5277 1201 5329 Θεοῦ.
1311 5290 1400 5344 eg.
1460 5273 1626 5341 alter,
1688 5280 1787 5343 τῆς
1830 5280 1927 5331 τοῦ

354 5358 521 5395 ιστου.

316 5358 834 5488 gemmam:
874 5437 901 5463 ‹‹
930 5416 1284 5488 gontrahere
1315 5433 1399 5481 se,
1447 5440 1477 5488 nr
1508 5433 1621 5488 pra:
1653 5417 1882 5488 timore.

330 5426 448 5551 (ιό)
478 5426 833 5467 ΣτεΛΛεσυαι.
874 5437 901 5463 ‹‹
930 5426 1284 5471 contrahere
1315 5433 1399 5481 se,
1447 5440 1467 5467 ι
1508 5433 1621 5488 prae
1653 5426 1882 5474 timore.

256 5478 754 5616 θείῗςᾷἧνίῗῐόμος...
809 5484 873 5550 ἦν
923 5483 1205 5553 ἀληθείας.
1260 5488 1322 5541 In
1370 5487 1514 5542 LXX
1562 5486 1731 5557 νόμος
1782 5487 1919 5559 ἀλη-

380 5570 403 5610 ς
435 5570 523 5610 ην.

258 5621 457 5759 χρςῗ)
512 5620 736 5675 Γνῶσιν.
796 5623 921 5681 Duo
974 5626 1154 5700 Regg.
1215 5632 1273 5683 et
1329 5629 1501 5687 Coisl.
1565 5630 1615 5697 1,
1675 5629 1913 5703 habent,

327 5758 442 5827 (76)
473 5751 832 5833 Βλάσφημον.
867 5788 895 5816 ‹‹
930 5767 1094 5831 Quod
1126 5774 1323 5836 posset
1365 5772 1656 5829 offendere
1686 5790 1699 5839 ;
1753 5775 1910 5844 quod

2047 4924 2207 5048 εοίῖἓ

2060 4566 2276 4639 durum
2308 4565 2883 4639 et‘contumeliosum
2912 4572 3068 4623 esset
3096 4570 3392 4639 praetereo.
3427 4589 3455 4618 ››

1556 4677 1571 4703 ,
1617 4636 1719 4691 sed
1751 4629 1943 4692 verbis

2131 4636 2244 4707 (77)
2279 4629 2568 4707 Φοϐοῦμαι
2604 4634 2681 4693 δέ.
2717 4639 2802 4695 lta
2834 4638 3009 4712 Regg.
3046 4629 3273 4705 omnes,
3312 4640 3492 4709 Pass.,
3524 4640 3644 4696 Jes.
3665 4644 3721 4697 et

2076 4707 2152 4762 )r.
2197 4711 2246 4762 1.
2282 4708 2455 4762 Deest
2479 4706 2536 4762 δέ
2568 4709 2626 4762 in
2658 4710 2749 4762 ed.

2110 4706 2152 4762 r.
2197 4711 2246 4763 1.
2282 4708 2455 4764 Deest
2476 4706 2536 4763 δέ
2568 4709 2626 4764 in
2658 4710 2749 4765 ed.

2128 4779 2241 4850 (78)
2272 4779 2501 4854 Μετριύν
2557 4800 2616 4835 τε
2671 4781 2802 4853 ἅμα.
2858 4784 2944 4836 lta
2992 4782 3171 4854 Regg,
3229 4781 3451 4851 decem,
3503 4782 3717 4855 aliique

2052 4848 2270 4920 plures.

2143 4922 2234 4998 79)
2288 4920 2478 4975 Θυσίαν
2541 4920 2693 4998 ὐμῶν
2750 4923 2918 4998 Deest
2990 4922 3141 4996 ὑμῶν
3188 4924 3247 4978 in
3305 4928 3435 4980 octo
3496 4925 3712 4998 Regiis,

2245 4999 2517 5064 quatuor,
2552 4998 2607 5048 et
2635 4993 2729 5048 Or.
2766 4996 2814 5049 1.

2118 5064 2231 5134 (80)
2263 5063 2454 5124 Οὗτος.
2504 5066 2567 5119 In
2614 5064 2913 5136 plerisque
2958 5067 3259 5123 codicibus
3307 5083 3508 5123 vocem
3560 5067 3713 5124 hanc

2044 5136 2333 5212 antecedit
2366 5137 2555 5207 major
2602 5136 2944 5212 distinctio;
2981 5140 3039 5212 in
3072 5138 3523 5212 aliis_seq_ui_tur,
3556 5141 3712 5212 quod

2042 5207 2413 5265 commodius
2445 5214 2559 5265 est.
2628 5208 2855 5265 Clarius
2903 5210 2963 5264 in
3016 5211 3155 5283 Reg.
3208 5210 3246 5278 l,
3294 5207 3457 5271 αῖότὸς
3500 5207 3709 5285 μαρτύ-

2038 5294 2208 5348 ρεται.

2107 5350 2220 5424 (81)
2253 5345 2702 5424 ὋνπεριδύσοιςῙ
2732 5373 2756 5400 α
2784 5353 2962 5416 Quem
2999 5369 3134 5407 cum
3166 5352 3447 5419 exuisset,
3484 5374 3512 5403 ››
3543 5368 3711 5409 nem-

2033 5435 2103 5489 pe
2150 5422 2555 5495 jubendotut
2588 5422 2947 5495 auferretur,
2983 5425 3482 5495 quemadmodum
3532 5425 3710 5482 habet

2031 5507 2195 5580 sacer
2220 5498 2418 5584 teli,th
2472 5493 2644 5579 Zaqh.
2699 5510 2781 5584 II},
2807 5493 3212 5584 Ρ5,18’Ᾱφέλ.ετε
3268 5495 3334 5584 τὰ
3381 5496 3577 5584 ἱμάτια
3633 5497 3704 5551 τὰ

2063 5566 2241 5635 υπαρὰ
2292 5566 2382 5616 ἀπ’
2431 5566 2614 5618 αὐτοῦ.
2657 5585 2682 5614 α
2718 5566 2949 5635 Auferte
2990 5566 3339 5635 Vestimenta
3371 5566 3630 5626 sardida.
3668 5591 3697 5620 υ

2071 5631 2360 5708 ademest
2388 5636 2475 5691 vis
2507 5637 2665 5692 vocis
2705 5631 2969 5708 περιδύω,
3015 5655 3081 5695 ac
3137 5634 3333 5708 έκδύω,
3388 5641 3476 5695 uti
3517 5642 3694 5699 etiam

2023 5702 2318 5778 περιαιρέω
2351 5708 2575 5778 aufero,
2609 5702 2872 5763 detraho.
2908 5708 3039 5765 Bill.
3076 5734 3103 5762 ι(
3137 5702 3453 5767 induisset.
3484 5732 3516 5762 2:

2096 5777 2219 5849 (82)
2241 5777 2561 5849 Πεποίηται.
2596 5779 2737 5851 Reg.
2770 5778 2810 5837 Ι.
2842 5784 2900 5839 et
2929 5781 3132 5841 Gomb.
3166 5783 3456 5853 πεποίηκε.
