4110 6428
294 427 413 489 4⁸15

1538 428 1602 490 S.
1654 426 2028 489 GREGORII
2072 427 2470 493 THEOLOGI

3599 433 3723 498 476

295 562 353 615 et
383 559 754 631 interpretem
785 558 811 614 ?
851 560 1153 623 Quomodo
1199 578 1326 631 quae
1377 562 1716 634 pastoribus
1746 560 1946 632 praeei-

2068 559 2195 634 ρίων
2230 560 2320 614 καὶ
2351 560 2631 635 θεαμάτων
2663 564 2774 635 (97)
2810 580 2823 631 ;
2857 565 2981 625 Πῶς
3008 562 3101 635 μὶν
3130 561 3162 617 ἃ
3191 568 3307 626 τοῖς
3342 568 3571 628 σκοποῖς
3602 542 3718 638 (98)

296 650 405 721 pit,
439 648 547 705 hoc
570 654 660 705 est
683 666 752 704 ne
779 649 985 705 vitium
1004 650 1383 721 gladiumque
1408 651 1515 723 ipsi
1540 650 1951 722 supervenien-

294 743 415 795 tem
449 737 681 794 silentio
731 738 1150 794 dissimulent?
1181 740 1341 804 Quod
1394 741 1674 796 nimirum
1710 740 1817 795 hoc
1850 756 1954 795 nec

296 827 465 900 ipsis,
502 844 605 882 nec
638 827 710 883 iis
740 831 837 899 qu;
870 836 1125 899 μυρίαλ,
1158 829 1583 897 utilefuturum
1607 829 1719 896 sit;
1754 833 1953 884 contra

292 924 505 981 autem,
542 919 853 989 praevidere
886 934 950 972 ac
983 920 1393 989 prwnuntiare,
1431 919 1696 990 utrisque
1735 917 1950 973 utilita-

294 1010 407 1062 tem
444 1006 760 1062 allaturum
783 1008 859 1062 sit
891 1006 934 1041 ⁸⁸
965 1024 977 1074 ;
1003 1007 1051 1062 si
1076 1007 1161 1063 illi
1184 1008 1420 1080 quidem
1448 1009 1720 1072 dixerint,
1756 1007 1813 1062 hi
1849 1025 1950 1063 au-

292 1099 410 1151 tem
443 1094 771 1152 audierint:
806 1095 897 1151 sin
950 1097 1171 1166 minus,
1205 1103 1262 1153 at
1300 1096 1371 1153 iis
1402 1103 1556 1155 certe
1588 1096 1687 1170 qui
1722 1097 1948 1152 denun-

290 1185 512 1242 tiarinl.

368 1274 523 1331 LXV.
559 1277 680 1342 Quo
704 1275 840 1332 item
867 1278 1039 1333 modo
1073 1276 1254 1333 alium
1284 1295 1416 1334 eum
1442 1276 1947 1349 impetum,[quem

289 1364 349 1420 in
382 1370 646 1437 pastores
677 1367 832 1434 facit,
869 1385 1025 1423 nunc
1071 1368 1130 1423 in
1163 1368 1253 1424 his
1303 1368 1515 1435 verbis,
1557 1369 1639 1423 Vae
1669 1383 1836 1437 super
1865 1380 1950 1423 va?

289 1456 417 1519 erit,
449 1460 501 1509 et
528 1457 761 1511 nuntius
788 1474 953 1527 super
1008 1459 1289 1527 nuntium,
1340 1460 1392 1511 et
1448 1459 1586 1512 visio
1614 1473 1648 1511 α
1688 1456 1949 1527 prapheta

286 1546 624 1615 requiritur,
656 1550 708 1601 et
738 1547 826 1601 lea:
860 1564 890 1602 a
922 1547 1201 1604 sacerdote
1240 1548 1465 1619 peribit,
1515 1548 1566 1601 et
1593 1546 1884 1601 consilium
1912 1561 1947 1598 a

281 1633 592 1689 senioribus
622 1635 705 1695 5°;
738 1651 893 1689 nunc
917 1653 1152 1691 rursum
1185 1637 1243 1691 in
1268 1636 1381 1705 bis,
1406 1638 1515 1691 Fili
1570 1636 1829 1705 hominis,
1860 1634 1948 1690 dic

283 1722 414 1793 ipsi,
448 1724 488 1777 T
484 1740 518 1777 ιι
549 1739 603 1779 es
626 1728 779 1779 terra
806 1741 913 1779 non
940 1725 1241 1797 compluta,
1266 1742 1367 1783 nec
1396 1727 1589 1795 pluvia
1610 1728 1756 1781 venit
1781 1742 1947 1795 super

284 1814 338 1867 te
368 1813 426 1866 in
457 1812 547 1867 die
576 1814 680 1870 irae
705 1832 723 1868 :
752 1816 910 1885 cujus
935 1818 1194 1886 prae/ecti
1224 1818 1283 1870 in
1306 1816 1483 1872 medio
1512 1818 1626 1879 eius
1660 1813 1808 1869 velut
1841 1815 1943 1870 leo-

282 1917 381 1957 nes
412 1904 710 1973 rugientes,
753 1905 1029 1974 rapientes
1079 1906 1329 1976 rapinas,
1379 1905 1697 1960 devoranles
1726 1906 1945 1959 animus

284 1990 619 2062 inpotentia
649 1994 713 2048 5°.
765 1993 832 2048 Et
878 1993 1176 2049 nonnullis
1225 1994 1581 2064 interjectis:
1632 1994 1942 2049 Sacerdotes

290 2081 409 2152 ejus
437 2083 874 2137 condemnabam
896 2083 1065 2154 legem
1087 2100 1287 2153 meam,
1311 2093 1361 2138 et
1391 2082 1712 2154 polluebant
1739 2083 1943 2138 Sancta

287 2186 457 2225 mea:
491 2173 635 2226 inter
659 2175 899 2243 profana
945 2178 996 2228 et
1045 2182 1252 2241 sancta,
1299 2173 1509 2244 inquit,
1560 2172 1711 2228 nihil
1745 2173 1941 2228 discri-

286 2261 457 2315 minis
509 2264 844 2331 statuebant,
896 2262 987 2317 sed
1033 2266 1222 2319 omnia
1271 2281 1439 2317 unum
1488 2266 1565 2319 eis
1613 2271 1793 2329 erant,
1825 2266 1877 2317 et
1905 2280 1942 2317 a

282 2347 538 2404 Sabbutis
585 2353 723 2405 meis
772 2352 953 2406 oculos
1001 2368 1125 2407 suos
1173 2352 1506 2423 aperiebant,
1557 2357 1613 2408 et
1660 2354 1717 2405 in
1766 2351 1941 2408 medio

282 2453 475 2494 eorum
521 2441 922 2512 coinquinabar
961 2442 1027 2495 θί.
1077 2442 1697 2513 Consumpturumque
1747 2459 1828 2511 se,
1884 2446 1942 2496 et

286 2527 633 2599 parientem,
668 2535 724 2585 et
755 2547 849 2585 eos
886 2531 981 2601 qui
1014 2548 1145 2585 eum
1181 2530 1416 2597 liniunt,
1452 2532 1710 2586 minatur
1732 2531 1797 2598 θ’,
1831 2530 1941 2586 hoc

286 2621 394 2684 est,
429 2634 527 2673 eos
560 2618 659 2689 qui
692 2626 952 2691 peccant,
986 2626 1043 2674 et
1065 2638 1162 2674 eos
1195 2620 1293 2691 qui
1335 2619 1700 2691 peccantium
1731 2620 1942 2676 delicta

288 2706 605 2778 obtegunt:
640 2712 793 2778 quod
819 2707 1106 2763 malorum
1131 2710 1462 2782 principum
1493 2715 1547 2764 et
1570 2711 1939 2766 sacerdotum

287 2800 396 2862 est,
422 2814 487 2851 ac
518 2797 755 2852 demum
797 2798 1030 2853 Israelis
1061 2799 1117 2852 in
1168 2804 1569 2855 transversum
1619 2800 1938 2873 agentium,

287 2885 614 2940 secundum
648 2888 821 2941 corda
864 2904 989 2955 sua,
1043 2888 1372 2944 abalienata
1417 2889 1475 2944 in
1521 2889 1942 2961 cupiditatibus

289 2988 434 3031 8018.

367 3246 553 3302 LXVI.
590 3246 757 3302 Mitto
787 3263 911 3317 quae
942 3248 1012 3304 de
1042 3248 1114 3305 iis
1158 3249 1414 3317 disserit,
1448 3249 1546 3320 qui
1590 3248 1815 3320 seipsos
1844 3265 1945 3320 pa-

2065 644 2452 720 διακελεῦεται,
2516 651 2591 723 μὴ
2651 656 2993 723 κατασιωπᾷν
3070 653 3169 720 τήν
3229 653 3443 726 κακίαν,
3503 656 3591 710 καὶ
3648 657 3715 727 τὴ

2064 737 2585 815 ἐπερχομένην
2638 740 2805 814 ταύτῃ
2865 740 3187 819 paupertini;
3248 743 3323 805 ὡς
3385 739 3507 799 οὔτε
3538 745 3716 816 αὐτοῖ,

2060 833 2221 883 τοῦτο
2270 826 2591 885 λυσιτελοῦν
2629 876 2641 900 ,
2701 827 2823 884 οὔτε
2877 836 2994 891 τοῖς
3054 830 3442 904 ἁμαρτάνουσι·
3503 839 3599 888 τοῦ
3660 832 3717 890 δὲ

2061 915 2375 992 προῖὃὲσθαι
2422 920 2512 974 καὶ
2560 922 2896 995 προκηρῦξαι
2953 922 3027 993 (1)
3086 919 3429 996 ἀμφοτέρους
3490 923 3714 994 ὀνήσον-

2058 1028 2174 1079 τος,
2210 1007 2254 1061 εἷ
2287 1008 2337 1061 οἱ
2391 1009 2485 1081 μὲν
2536 1006 2759 1079 εἷ’ποιεν,
2810 1010 2860 1063 ο¹ι
2910 1006 2968 1064 δὲ
2998 1009 3305 1082 ἀκούσαιεν,
3340 1012 3376 1082 ἣ
3411 1012 3623 1076 πάντως
3657 1035 3718 1091 γε

2057 1096 2183 1158 τοὺς
2215 1096 2577 1170 μηνύσαντας.

2129 1276 2255 1331 ΞΕ’.
2308 1280 2433 1338 Πῶς
2479 1272 2537 1329 δὲ
2583 1276 2681 1344 την
2733 1272 2911 1347 ἄλλην
2948 1274 3320 1351 καταδρομὴν,
3373 1280 3434 1347 ἢν
3478 1284 3710 1335 ποιεῖται

2055 1366 2191 1420 κατᾶ
2245 1369 2351 1419 τῶν
2411 1364 2836 1439 ποιμαινόντων,
2894 1370 2986 1420 νῦν
3048 1366 3142 1439 μὶν
3204 1366 3254 1421 ἐν
3320 1366 3536 1431 τούτοις
3591 1373 3709 1431 τοῖς

2058 1453 2333 1531 ῥήμασιν·
2391 1452 2520 1508 Οὒαὶ
2576 1453 2663 1509 ἐπὶ
2737 1455 2856 1509 οὐαὶ
2916 1452 3061 1510 ἔσται
3096 1503 3110 1528 ,
3169 1456 3259 1511 καὶ
3337 1454 3565 1533 ἀγγελία
3622 1456 3712 1512 ἐπὶ

2057 1542 2338 1618 ἀγγελίαν,
2398 1542 2485 1597 καί
2544 1543 2970 1615 ἐκζητηθήσεται
3032 1544 3217 1621 ὅρασις
3276 1545 3335 1600 ἐκ
3400 1548 3709 1624 προφήτου,

2052 1632 2143 1688 καὶ
2190 1632 2359 1705 νόμος
2437 1632 2719 1689 ἀπολεῖται
2797 1632 2847 1704 ἐξ
2925 1635 3113 1710 ἱερέως
3148 1681 3162 1707 ,
3246 1635 3335 1689 καὶ
3416 1634 3589 1710 βουλὴ
3652 1635 3712 1691 ἐκ

2052 1718 2453 1798 πρεσϐυτέρων·
2502 1727 2591 1776 νῦν
2650 1720 2707 1778 δὲ
2755 1722 2804 1777 ἐν
2857 1723 3081 1786 ἐκείνοις
3129 1723 3315 1779 πάλιν·
3367 1724 3458 1779 Υἱὲ
3500 1724 3709 1800 ἀνθρώ-

2051 1834 2179 1881 που,
2241 1814 2389 1866 εἴπον
2452 1811 2587 1886 αὐτῇ
2622 1832 2633 1843 ·
2700 1813 2775 1866 Σὺ
2848 1812 2897 1868 εἶ
2948 1820 3017 1888 γῆ
3079 1813 3141 1868 οὐ
3203 1816 3282 1888 (2)
3344 1815 3653 1889 βρεχομένη
3693 1858 3706 1885 ,

2053 1899 2177 1956 οὐδὲ
2236 1902 2383 1963 ὑετὸς
2443 1901 2653 1976 ἐγένετο
2714 1901 2801 1957 ἐπὶ
2856 1902 2911 1957 σὲ
2972 1902 3022 1957 ἐν
3074 1904 3257 1980 ἡμέρᾳ
3303 1903 3487 1979 ὀργῆς·
3537 1903 3605 1973 ἧς
3657 1905 3712 1959 οἱ

2054 1990 2429 2069 ἀφηγούμενοι
2491 1991 2541 2046 ἐν
2604 1991 2751 2065 μέσῳ
2807 1991 2997 2064 αὐτῆς,
3057 1992 3130 2053 ὡς
3190 1991 3402 2054 λέοντες
3467 1990 3714 2067 ὠρυόμε-

2051 2104 2133 2136 νοι
2171 2124 2184 2150 ,
2243 2080 2573 2156 ἁρπάζοντες
2654 2081 3001 2157 ἁρπάγματα,
3080 2081 3262 2157 ψυχᾶς
3341 2082 3713 2145 κατεσθίοντες

2051 2170 2102 2225 ἐν
2166 2167 2459 2242 δυναστείᾳ·
2522 2171 2611 2225 καὶ
2675 2172 2788 2244 μετ’
2847 2169 3026 2247 ὀλίγα·
3089 2171 3151 2225 Οἱ
3209 2171 3375 2246 ἱερεῖς
3437 2169 3603 2241 αὐτῆς
3635 2173 3712 2245 (3)

2051 2261 2278 2329 ἠθέτουν
2340 2258 2508 2333 νόμον
2570 2280 2716 2332 μου,
2772 2260 2863 2314 καὶ
2922 2254 3221 2329 ἐϐεϐήλουν
3270 2259 3338 2313 τὰ
3392 2258 3516 2335 ἅγιά
3582 2280 3705 2331 μου·

2055 2345 2315 2427 βεϐήλοις
2392 2370 2450 2404 τε
2505 2349 2594 2404 καὶ
2670 2349 2891 2425 ἀγίοις,
2954 2349 3161 2427 φησὶν,
3225 2348 3287 2403 οὗ
3345 2346 3706 2417 διέστελλον,

2050 2436 2195 2494 ἀλλά
2240 2440 2414 2493 πάντα
2470 2439 2536 2507 ἦν
2590 2437 2773 2500 αὐτοῖς
2828 2436 2909 2506 ἓν,
2967 2438 3055 2493 καὶ
3116 2438 3221 2493 ἀπὸ
3277 2442 3384 2493 τῶν
3418 2432 3699 2495 σαϐϐάτων

2056 2548 2158 2600 μου
2230 2526 2643 2600 παρεκάλυπτον
2715 2526 2840 2589 τοὺς
2923 2526 3240 2605 ὀφθαλμοὺς
3321 2527 3493 2583 αὐτῶν
3530 2573 3543 2598 ,
3611 2526 3701 2583 καὶ

2051 2612 2436 2691 ὲϐεϐηλούμην
2513 2617 2565 2671 ἰν
2630 2616 2776 2691 μέσῳ
2846 2616 3021 2672 αὐτῶν
3058 2636 3071 2649 ·
3132 2616 3402 2672 συντελεῖν
3478 2638 3536 2672 τε
3607 2619 3697 2671 τὸν

2048 2712 2264 2782 τοῖχον,
2322 2706 2411 2761 καὶ
2468 2706 2595 2769 τοὺς
2656 2704 2974 2783 ἀλείφοντας
3033 2706 3192 2762 αὐτὸν
3236 2705 3497 2762 ἀπειλῶν·
3544 2705 3607 2761 ro‘
3641 2703 3698 2760 δέ

2052 2794 2184 2864 ἐστι,
2235 2794 2363 2857 τοὺς
2416 2792 2824 2871 ἁμαρτάνοντας
2868 2797 2945 2868 (4)
3002 2794 3250 2857 καὶτοὺς
3298 2791 3695 2868 συγκαλύπτον-

2052 2902 2166 2947 τας’
2229 2882 2361 2959 ὅπερ
2410 2884 2542 2939 εἶναι
2605 2888 2784 2938 κακῶν
2848 2883 3126 2959 ἀρχόντων
3186 2884 3275 2938 καὶ
3331 2882 3558 2959 ἱερέων,
3613 2881 3704 2941 καὶ

2052 2973 2468 3049 πλαγιαζόντων
2520 2975 2596 3047 (5)
2651 2974 2741 3029 τὸν
2789 2973 2935 3028 οἷκον
3002 2972 3099 3028 τοῦ
3150 2971 3369 3049 Ἰσραὴλ
3423 2973 3559 3027 κατᾶ
3611 2972 3710 3033 τὰς

2053 3061 2278 3140 καρδίας
2329 3063 2506 3119 αὐτῶν
2556 3063 2650 3126 τὰς
2703 3061 3236 3138 ἀπηλλοτριωμένας
3286 3061 3336 3117 ἐν
3367 3066 3484 3124 τοῖς
3532 3058 3712 3125 ἐπιθυ-

2063 3155 2138 3228 μή
2151 3175 2309 3227 μασιν
2345 3156 2421 3227 (6)
2454 3151 2650 3209 αὐτῶν.

2126 3246 2241 3312 Ξζ’.
2303 3244 2402 3298 Καὶ
2461 3247 2654 3297 σιωπῶ
2711 3241 2887 3318 λέγειν
2935 3240 3033 3297 ὅσα
3081 3240 3344 3315 περὶτῶν
3402 3238 3710 3317 βοσκόντων

296 3339 489 3403 scunt,
524 3340 581 3391 et
610 3336 698 3392 lac
730 3338 1065 3409 comedunt,
1098 3343 1154 3394 et
1184 3338 1336 3394 lanis
1372 3343 1672 3410 teguntur,
1709 3342 1765 3393 et
1793 3338 1946 3409 quod

2068 3332 2285 3396 ἑαυτοὺς
2345 3330 2675 3407 διαλέγεται,
2732 3333 2793 3387 τὸ
2847 3329 2990 3409 γάλα
3045 3330 3451 3402 κατεσθιόντων,
3508 3330 3597 3385 καὶ
3647 3331 3714 3384 τὰ

295 3438 563 3479 crassum
598 3430 705 3494 est,
732 3425 1030 3498 jugulant,
1055 3444 1289 3499 gregem
1318 3434 1512 3482 autem
1538 3444 1653 3483 non
1674 3431 1949 3500 pascunt,

294 3511 406 3567 hoc
457 3515 611 3585 quod
666 3514 965 3570 inﬁrmum
1014 3522 1121 3583 est,
1173 3516 1575 3583 corroborant,
1629 3534 1753 3583 nec,
1796 3518 1952 3589 quod

295 3603 680 3671 confractum,
734 3604 998 3677 alligant,
1052 3623 1157 3661 nec
1207 3607 1360 3678 quod
1406 3611 1580 3674 errat,
1644 3608 1952 3673 reducunt,

293 3706 417 3757 nec,
453 3693 607 3763 quod
642 3693 826 3763 periit,
864 3696 1191 3765 requirunt,
1228 3712 1351 3764 nec,
1391 3696 1545 3766 quod
1575 3696 1810 3751 ﬁrmum
1841 3700 1953 3763 est,

295 3789 642 3837 conservant
671 3784 733 3853 ⁸³,
760 3784 859 3839 sed
884 3783 1080 3839 labore
1103 3786 1444 3854 conﬁciunt,
1475 3801 1539 3839 ae
1569 3786 1639 3839 de
1663 3786 1958 3841 industria

295 3878 542 3927 enecant
568 3889 580 3926 :
616 3872 720 3943 sic,
756 3879 820 3927 ut
842 3890 976 3929 oves
997 3874 1069 3928 ob
1094 3880 1395 3945 pastorum
1422 3876 1523 3929 46
1545 3874 1825 3946 inopiam,
1856 3892 1959 3947 per

297 3977 533 4016 omnem
553 3978 826 4035 campum
852 3968 908 4018 et
920 3968 1174 4018 montem
1196 3964 1477 4036 disperses
1493 3966 1630 4034 sint,
1648 3968 1819 4035 atque
1838 3982 1959 4021 om-

296 4049 474 4105 nibus
505 4052 711 4106 avibus
741 4057 798 4107 et
818 4052 1032 4113 bestiis
1059 4054 1260 4124 praeda
1288 4054 1523 4124 fuerint,
1550 4054 1704 4126 quod
1730 4071 1843 4109 non
1861 4070 1959 4109 es-

297 4145 405 4210 set,
426 4140 525 4210 qui
550 4140 869 4211 requireret
892 4158 957 4195 ac
980 4142 1078 4197 red
1090 4145 1284 4197 ueeret
1304 4143 1370 4196 ⁸⁸.
1398 4142 1546 4206 Quid
1566 4147 1767 4214 postea
1785 4144 1813 4197 ‘?
1836 4143 1958 4199 Vivo

296 4246 417 4299 ego,
447 4229 587 4283 dicit
638 4230 924 4297 Dominus,
952 4248 1057 4302 pro
1103 4246 1164 4286 eo
1204 4232 1345 4302 quod
1394 4231 1511 4289 haec
1540 4234 1619 4287 ita
1647 4249 1703 4289 se
1734 4234 1959 4298 habent,

293 4322 460 4387 atque
488 4334 608 4373 oves
638 4335 769 4374 mea
819 4321 880 4373 in
924 4321 1177 4390 praedam
1225 4326 1473 4392 [uc-runt,
1525 4337 1640 4376 ecce
1680 4339 1773 4392 ego
1798 4338 1962 4393 super

292 4410 557 4483 pastores,
590 4420 645 4463 et
675 4410 958 4480 requiram
981 4426 1101 4466 oves
1130 4426 1277 4465 meas
1306 4412 1369 4465 de
1398 4411 1654 4466 manibus
1681 4428 1869 4467 eorum
1894 4412 1958 4483 ⁸⁵,

298 4503 476 4569 atque
505 4515 603 4554 eas
634 4497 872 4570 quidem
911 4498 1181 4572 colligam
1230 4499 1497 4573 mihique
1544 4518 1801 4557 asseram
1830 4519 1842 4571 ;
1876 4500 1962 4556 illi

374 4724 418 4759 ⁸⁸
453 4725 653 4782 Ezeeh.
689 4741 886 4796 xxxm,
943 4726 1062 4781 2-6.
1140 4726 1185 4760 ⁸ο
1242 4726 1446 4781 Ezech.
1478 4742 1579 4797 vn,
1633 4728 1722 4782 26.
1800 4727 1845 4761 ⁶⁰
1892 4728 1946 4781 E:

2068 4745 2099 4781 I.
2159 4740 2299 4796 χχιι,
2339 4725 2430 4780 24.
2488 4724 2577 4779 25.
2654 4724 2697 4759 ⁶¹
2748 4722 2894 4778 ibid.
2946 4722 3037 4777 26.

303 4797 350 4832 ⁸³
379 4798 581 4853 Ezecb.
613 4814 803 4866 xxxw,
834 4798 956 4852 2-4.
1033 4799 1079 4833 σδ
1100 4798 1244 4853 ibid.
1279 4800 1332 4853 8.
1410 4798 1454 4833 ⁸⁸
1484 4798 1625 4854 ibid.
1662 4800 1750 4863 10,
1785 4800 1870 4853 11.

2059 3419 2179 3500 ἔρια
2236 3417 2744 3497 περιϐαλλομένων,
2803 3422 2888 3477 καὶ
2939 3422 3000 3476 τὸ
3050 3420 3200 3497 παχὺ
3255 3419 3566 3498 σφαζόντων
3614 3421 3711 3492 (7),

2063 3512 2209 3569 ἀλλὰ
2261 3514 2335 3587 μή
2395 3514 2798 3586 ποιμαινόντων
2848 3510 2916 3566 τὰ
2970 3506 3254 3586 πρόϐατα,
3300 3511 3364 3565 τὸ
3411 3508 3713 3581 ἠσθενηκὸς

2066 3602 2165 3658 οὐκ
2209 3602 2591 3678 ἐνισχυόντων,
2637 3602 2726 3657 καὶ
2772 3602 2834 3657 τὸ
2888 3600 3339 3676 συντετριμμένον
3392 3598 3453 3655 οὐ
3492 3595 3713 3654 καταδε-

2066 3692 2373 3765 σμούντων,
2407 3692 2495 3747 καὶ
2529 3694 2588 3746 τὸ
2622 3691 2980 3764 πλανώμενον
3016 3690 3115 3745 οὐκ
3146 3689 3597 3768 ἐπιστρεφόντων,
3630 3687 3719 3743 καὶ

2062 3784 2126 3838 τὸ
2170 3782 2490 3850 ἀπολωλὸς,
2542 3781 2640 3836 οὐκ
2684 3782 3079 3850 ἑκζητούντων,
3130 3778 3219 3835 καὶ
3266 3780 3330 3834 τὸ
3386 3779 3606 3855 ἴσχυρὸν
3658 3777 3720 3832 οὗ

2067 3870 2451 3950 φυλαττόντων
2484 3916 2498 3942 ,
2577 3869 2723 3926 ἀλλὰ
2786 3869 2981 3944 μόχθῳ
3047 3868 3572 3945 κατεργαζομένων,
3631 3865 3721 3920 καὶ

2066 3961 2201 4017 κατὰ
2235 3956 2476 4029 σπουδὴν
2535 3957 2913 4015 ἀπολλύντων·
2974 3957 3048 4020 ὡς
3104 3954 3421 4033 διεσπάρθαι
3475 3956 3540 4011 τὰ
3589 3953 3717 4031 πρό-

2068 4045 2204 4105 ϐατα
2252 4048 2386 4103 κατά
2433 4050 2634 4111 παντὸς
2694 4045 2881 4103 πεδίου
2935 4048 3023 4103 καὶ
3075 4041 3257 4121 ὅρους,
3316 4047 3464 4121 παρά
3517 4044 3579 4100 τό
3639 4044 3716 4117 μὴ

2069 4142 2205 4195 εἶναι
2259 4140 2545 4212 ποιμένας,
2602 4138 2692 4193 καὶ
2746 4138 2990 4213 γενέσθαι
3048 4131 3385 4211 κατάϐρωμα
3433 4142 3563 4191 πᾶσι
3622 4155 3714 4187 πε-

2067 4235 2267 4291 τεινοῖς
2313 4228 2402 4283 καὶ
2451 4227 2663 4303 θηρίοις
2716 4230 2813 4301 (8),
2866 4226 2965 4281 οὐκ
3017 4220 3167 4288 ὄντος
3216 4230 3311 4280 τοῦ
3361 4223 3716 4293 ἐκζητοῢντος

2069 4320 2159 4374 καὶ
2193 4305 2631 4395 ἐπιστρέφοντος.
2680 4315 2813 4371 Εἶτα
2861 4314 2913 4370 τί
2947 4334 2960 4385 ;
2994 4319 3076 4369 Ζῶ
3129 4313 3257 4391 ἐγὼ,
3310 4312 3442 4390 φησί
3490 4312 3587 4385 (9),
3622 4306 3706 4363 λέ-

2069 4429 2149 4485 γει
2210 4407 2425 4480 Κύριος,
2488 4405 2601 4461 ἀντὶ
2658 4410 2754 4461 τοῦ
2810 4402 2978 4461 ταῦτα
3030 4403 3199 4466 οὕτως
3255 4397 3423 4478 ἔχειν,
3479 4398 3568 4454 καὶ
3624 4419 3715 4475 γε-

2070 4499 2248 4553 νέσθαι
2302 4499 2369 4551 τὰ
2426 4491 2671 4571 πρόϐατά
2730 4516 2833 4569 μου
2904 4495 2980 4557 εἴς
3040 4493 3323 4571 προνομὴν
3362 4538 3375 4565 ,
3434 4488 3553 4546 ἴδοὺ
3611 4488 3718 4565 ἐγὼ

3113 4722 3160 4757 ⁸³
3218 4720 3421 4776 Ezech.
3482 4736 3611 4789 xm,
3642 4718 3726 4773 15.

517 5004 831 5076 Θεαμάτων.
876 5024 898 5053 α
948 5006 1279 5087 Visionum,
1317 5029 1344 5055 »
1395 5005 1770 5087 malinikpro
1801 5020 1960 5061 more
1991 5008 2039 5073 D
2068 5007 2197 5087 «By:

300 5075 638 5143 Scriptura},
675 5093 851 5146 quam
884 5100 911 5126 «
946 5077 1440 5148 spectaculorum,
1477 5100 1503 5126 υ
1537 5084 1602 5132 ut
1624 5075 1849 5132 Billius.

377 5147 489 5217 (98)
521 5152 625 5201 Μὶν
673 5148 850 5212 ἃτοῖς
904 5147 1149 5221 σκοποῖς.
1200 5151 1283 5204 Ad
1333 5166 1494 5221 oram
1544 5150 1681 5221 Reg.
1727 5167 1783 5215 u,
1819 5148 1961 5204 scri-

346 5223 472 5296 tum
501 5236 513 5275 :
548 5221 804 5296 Ἐνταῦθα
851 5218 978 5282 τοὺς
1028 5220 1307 5296 ἀρχιερεῖς
1359 5220 1551 5296 λέγειτλ
1578 5218 1720 5289 1610,
1748 5222 1960 5296 inquit,

352 5291 502 5367 omb.
544 5294 1023 5367 _«_S_peculatores,
1060 5291 1361 5367 qua'voce
1409 5291 1554 5348 nihil
1588 5292 1961 5348 communitis

303 5362 365 5416 in
399 5362 709 5419 Ezechiele.
755 5388 782 5413 υ

296 5435 490 5557 ruga?)
548 5433 982 5511 Ἐπερχτιμένην.
1028 5437 1206 5509 Regg.
1267 5436 1284 5490 l
1343 5440 1470 5501 ett,
1532 5432 1839 5509 ἐρχομένην
1873 5432 1961 5487 ἐπὶ

372 5526 849 5659 ῒῧ⁴’ρροκῃρῦίαι.
900 5578 1022 5633 Duo
1077 5584 1354 5659 Rt'gg.__et
1402 5578 1879 5659 Comb.mad.du'nt

340 5645 453 5739 ~l?;)
483 5645 560 5739 Γῇ
597 5645 688 5703 οὗ(
736 5645 947 5704 Οῐϊιηρδ
981 5667 1125 5722 pone
1162 5645 1402 5706 codices
1451 5655 1508 5705 et
1558 5648 1689 5703 LXV
1721 5648 1957 5718 habent,

296 5722 693 5863 γηᾶὶῖδτῆςι
746 5789 812 5840 In
870 5787 1007 5865 Reg.
1058 5808 1116 5863 Υ,
1177 5793 1248 5849 ad
1297 5808 1460 5851 oram
1516 5788 1813 5865 scribitur,
1863 5787 1958 5844 ab-

2165 5077 2219 5147 4)
2263 5070 2396 5147 Τοὺς
2446 5073 2873 5147 ἁμαρτάνοντας.
2934 5073 3030 5128 Sic
3075 5089 3218 5129 mss.
3272 5087 3495 5127 omnes.
3556 5071 3729 5129 Deest

2069 5146 2196 5208 τούς
2227 5149 2285 5202 in
2318 5146 2501 5202 Paris.
2534 5146 2673 5201 edit.

2165 5220 2220 5288 5)
2245 5214 2700 5291 illldYLaCéVth.
2738 5238 2766 5269 «
2803 5216 2866 5291 In
2899 5215 3205 5291 obliquum
3238 5214 3569 5291 ﬂe_etunt._»

2164 5285 2220 5361 6)
2244 5285 2712 5361 Ἐπιθυμήμασιν.
2739 5289 3013 5360 Vulgata,
3037 5285 3073 5337 ὶι
3098 5286 3159 5361 in
3191 5285 3668 5357 cogitationibus.
3701 5307 3728 5333 »ι

2143 5355 2219 5433 (7)
2254 5355 2599 5433 Σφαζόντων.
2628 5362 2827 5417 Comb.
2853 5355 3324 5433 κατασφαζόντων.

2143 5378 2219 5433 (ι)
2254 5378 2599 5436 λιφαςοντων.
2628 5378 2827 5417 uomo.
2856 5378 3324 5483 κατασῳαςοντων.

2143 5435 2219 5505 (8)
2263 5438 2395 5485 Πᾶσι
2456 5437 2720 5493 πετεινοῖς
2779 5430 2868 5483 καὶ
2926 5432 3029 5503 θηρ
3060 5450 3161 5490 οις.
3221 5429 3413 5505 verba:
3468 5432 3608 5483 sunt
3662 5446 3731 5483 ex

2072 5499 2157 5560 Is:
2179 5499 2336 5572 XVIII,
2367 5507 2421 5569 6,
2455 5511 2557 5559 aut
2584 5505 2703 5560 Jer.
2743 5519 2930 5569 xxxxv,
2963 5499 3056 5569 20,
3101 5505 3205 5557 aut
3256 5499 3459 5556 Ezech.
3493 5516 3728 5568 xxxvm,

2068 5578 2100 5630 4
2132 5582 2187 5631 et
2217 5594 2408 5645 χχχιχ,
2442 5578 2527 5631 17.
2552 5578 2676 5631 Duo
2709 5576 2889 5647 Regg,
2914 5582 3045 5645 post
3066 5576 3353 5639 πετεινοῖς,
3389 5572 3615 5628 addunt
3633 5574 3730 5626 τοῦ

2069 5667 2320 5722 ουρανου.

2142 5717 2217 5793 (9)
2249 5717 2415 5789 Φησί.
2449 5719 2621 5776 Deest
2648 5717 2710 5774 in
2741 5717 2971 5773 duobus
3008 5718 3187 5789 Regg.
