4110 6436
453 483 573 542 477

1598 477 1894 540 ORATIO
1937 477 2015 537 Il.
2046 509 2125 520 —-
2154 471 2726 536 APOLOGETICA.

3754 465 3876 526 4⁸78

455 612 542 669 ἐπὶ
590 612 717 675 τοὺς
775 608 1058 682 ποιμένας,
1115 609 1204 665 καὶ
1253 610 1536 681 ἐκζητήσω
1588 609 1655 665 τὰ
1708 604 1956 684 πρόϐατά
2003 628 2107 682 μου

2230 612 2443 674 autem,
2477 605 2598 661 haec
2629 606 2686 661 et
2715 602 2816 659 illa
2847 602 3162 676 patientur,
3198 618 3320 673 quas
3375 600 3642 657 videlicet
3685 598 3871 655 malos

455 700 516 758 ὲκ
569 707 678 756 τῶν
757 704 958 776 χειρῶν
1016 699 1214 772 αὐτῶν,
1274 700 1362 754 καὶ
1428 701 1495 754 τὰ
1575 700 1669 772 μὲν
1742 697 1947 769 συνάξω
2013 696 2102 752 καὶ

454 792 888 866 περιποιήσομαι
936 791 1068 862 (1Ο)’
1121 789 1172 842 οἱ
1221 786 1279 843 δὲ
1325 787 1392 844 τὰ
1435 789 1523 844 καὶ
1589 790 1655 843 τὰ
1723 789 2020 858 πείσονται,
2071 785 2105 840 ’ὰ

453 879 584 942 τοὺς
615 879 811 940 κακοὺς
839 879 1104 952 τοιμένας
1140 877 1302 939 εἰκός.

527 971 648 1026 ΞΖ’.
682 968 840 1024 Ἀλλ’
875 966 967 1022 ’ἶνα
1018 969 1118 1041 μὴ,
1149 968 1214 1022 τὰ
1257 969 1471 1022 πάντων
1517 967 1606 1024 καὶ
1657 966 1859 1029 πάντας
1911 968 2103 1043 ἀπαρι-

457 1058 766 1132 θμούμενος
793 1057 920 1119 τοὺς
948 1059 1252 1136 προφήτας,
1275 1057 1476 1133 μακρὸν
1495 1057 1763 1112 ἀποτείνω
1782 1056 1948 1132 λόγον
1970 1059 2103 1130 (11),

453 1149 567 1211 ἑνὸς
600 1147 948 1221 ἐπιμνησθεὶς
983 1146 1060 1203 ἔτι
1089 1153 1186 1202 τοῦ
1225 1147 1332 1222 πρὸ
1377 1154 1477 1217 τῆς
1531 1145 1784 1209 πλάσεως
1830 1145 2105 1221 ἐγνωσμέ-

447 1259 568 1306 νου,
599 1238 688 1293 καὶ
723 1237 782 1292 έκ
825 1239 1037 1314 μήτρας
1081 1235 1420 1312 ἡγιασμένου
1453 1236 1734 1314 (Ἱερεμίας
1781 1237 1846 1306 ἦν
1903 1235 2106 1308 οὗτος),

447 1327 576 1389 τοὺς
623 1325 854 1389 λοιποὺς
906 1322 1310 1403 ὑπερϐήσομαι.
1367 1333 1526 1397 Ζητεῖ
1588 1327 1682 1400 μὲν
1750 1324 1906 1388 οὗτος
1973 1327 2104 1398 ὑπὲρ

450 1415 696 1495 κεφαλῆς
747 1413 913 1492 ὕδωρ,
943 1415 1032 1470 καὶ
1079 1420 1195 1478 τοῖς
1246 1414 1554 1494 ὀφθαλμοῖς
1601 1417 1788 1492 πηγὴν
1836 1413 2107 1491 δακρύων,

458 1527 541 1560 ινα
571 1503 780 1579 κλαύσῃ
823 1505 956 1577 πρὸς
1009 1503 1156 1576 ἀξίαν
1201 1504 1293 1560 τὸν
1341 1505 1583 1582 Ἱσραήλ’
1621 1503 1868 1581 ὀδύρεται
1912 1503 1969 1560 δὲ
2000 1504 2109 1581 οὐχ

452 1593 616 1663 ἧττον
648 1592 735 1646 καὶ
765 1595 871 1646 τῶν
905 1593 1263 1668 προεστώτων
1289 1593 1389 1662 τήν
1426 1592 1758 1668 μοχθηρίαν.

523 1681 660 1740 ΞΙΓ.
702 1679 860 1756 Λέγει
895 1682 989 1755 μὶν
1024 1679 1168 1754 αύτῷ
1201 1679 1626 1760 διελεγχόμενος
1656 1684 1769 1756 (12)
1799 1683 1936 1757 πρὸς
1978 1683 2105 1746 τοὺς

450 1769 616 1846 ἱερεῖς
665 1771 693 1826 ὁ
739 1769 888 1833 Θεός·
946 1772 1015 1828 Οἱ
1063 1772 1225 1846 ἱεραῖς
1275 1770 1374 1827 ούκ
1439 1771 1614 1838 εἶπαν,
1665 1776 1771 1826 ποῦ
1839 1772 1948 1828 ἐστι
1999 1771 2106 1831 Κύ-

451 1879 608 1937 ριος;
668 1861 758 1914 καὶ
809 1859 862 1914 οἱ
913 1860 1271 1936 ἀντεχόμενοι
1318 1859 1415 1916 τοῦ
1461 1860 1634 1934 νόμου
1685 1883 1791 1935 μου
1840 1861 1939 1916 ούκ
1986 1861 2110 1932 ἡπί-

452 1948 783 2021 σταντόσμε,
816 1947 907 2004 καῖ
966 1951 1019 2003 οἳ
1077 1952 1334 2023 ποιμένες
1367 1952 1400 2020 ἠ
1452 1947 1641 2006 σέϐουν
1703 1951 1779 2013 εἶς
1837 1951 1954 2024 ἐμέ.
2006 1953 2108 2006 Λέ-
2140 1993 2188 2059 Β

481 2058 506 2059 η
599 2034 646 2059 βλ
759 2037 770 2056 θ
823 2037 843 2059 λ
1017 2039 1052 2059 ’Ἰ
1130 2058 1134 2059 ,
1207 2046 1244 2059 ri
1360 2041 1368 2059 Ι
1549 2042 1562 2059 ν
1757 2040 1768 2059 Ι
2091 2041 2106 2059 ι

450 2058 535 2113 γει
596 2034 655 2094 δὲ
715 2037 877 2100 αύτός
953 2039 1155 2118 πάλινξ
1205 2041 1464 2112 [Ιοιμένες
1536 2040 1960 2118 ήφρονεύσαντο,
2018 2041 2106 2096 καὶ

455 2127 547 2183 τὸν
610 2127 803 2204 Κύριον
855 2127 958 2183 οὐκ
1007 2127 1326 2200 ἐξεζήτησαν
1361 2133 1494 2203 (13),
1527 2117 1614 2184 καὶ
1664 2127 1753 2185 διὰ
1798 2136 1963 2185 τοῦτο
2013 2130 2110 2186 οὐκ

456 2213 645 2287 ἐνόησε
676 2218 789 2289 (14)
823 2223 966 2270 πᾶσα
1016 2219 1050 2286 ἡ
1102 2219 1270 2291 νομὴ,
1302 2218 1390 2272 καὶ
1441 2214 1943 2295 διεσκορπίσθησαν.
1976 2226 2106 2274 Ποι-

459 2304 614 2379 μένες
671 2327 748 2375 τε,
807 2304 960 2384 φησὶ,
1021 2305 1224 2362 πολλοὶ
1287 2307 1588 2386 διέφθειραν
1648 2308 1740 2363 τὸν
1809 2308 2110 2382 ἀμπελῶνί

461 2414 586 2467 μου·
645 2393 914 2466 ἐμόλυναν
974 2397 1072 2464 την
1136 2394 1328 2472 μερίδα
1391 2419 1495 2470 μου
1552 2399 1649 2467 τήν
1711 2396 1870 2453 οὖσαν
1921 2398 2106 2454 ἐπιθυ-

462 2484 666 2555 μητήν,
699 2480 942 2539 δεδόσθαι
1003 2485 1078 2547 εἱς
1137 2487 1236 2554 τὴν
1298 2485 1503 2562 ἔρημον
1537 2489 1648 2561 (15)
1699 2482 1918 2544 αϐατον.
1978 2488 2110 2546 Εἶτα

456 2571 593 2646 πρὸς
650 2571 846 2634 αὐτοὺς
893 2576 1002 2646 (16)
1055 2573 1218 2630 πάλιν
1267 2575 1598 2631 ἀποτείνεται
1650 2575 1776 2640 τοὺς
1824 2581 2104 2650 ποιμένας’

455 2663 540 2729 Ὦ,
593 2661 644 2714 οἱ
695 2661 950 2734 ποιμένες
1015 2663 1067 2718 οἱ
1135 2663 1474 2727 ἀπολλύντες
1550 2666 1640 2720 καὶ
1699 2664 2110 2742 διασκορπίζον-

451 2771 538 2811 τες
597 2750 664 2804 τὰ
722 2746 968 2826 πρόϐατα
1023 2759 1122 2822 τῆς
1201 2762 1377 2828 νομῆς
1438 2773 1562 2828 μου·
1623 2752 1712 2810 διὰ
1765 2754 1925 2810 τοῦτο
1981 2754 2110 2811 τάδε

452 2838 599 2915 λέγει
689 2840 883 2916 Κύριος
969 2840 1055 2896 ἐπὶ
1134 2842 1262 2905 τοὺς
1348 2845 1741 2917 ποιμαίνοντας
1815 2846 1906 2900 τὸν
1979 2844 2111 2901 λαόν

458 2948 582 3000 μου’
645 2931 829 3002 Ὑμεῖς
900 2927 1306 3007 διεσκορπίσατε
1379 2934 1444 2988 τὰ
1518 2931 1764 3010 πρόϐατά
1833 2956 1962 3008 μου,
2018 2936 2107 2992 καὶ

455 3017 712 3091 ὲξεώσατε
787 3018 939 3089 αὐτὰ,
1000 3025 1089 3076 καί
1169 3021 1266 3077 οὐκ
1339 3022 1701 3098 ἐπεσκέψασθε
1773 3024 1924 3080 αὐτοὶ·
1991 3023 2108 3081 ἰδοὺ

456 3105 566 3182 ἐγὼ
624 3105 819 3163 ἐκδικῶ
879 3107 959 3187 ἐφ’
1019 3110 1180 3184 ὑμᾶς,
1234 3113 1371 3167 κατὰ
1424 3111 1492 3167 τὰ
1547 3115 1764 3190 πονηρὰ
1822 3112 2105 3185 ἐπιτηδεύ-

457 3217 599 3270 ματα
658 3197 832 3272 ὑμῶν.
889 3196 1210 3270 Ἀλαλάζειν
1268 3222 1328 3256 τε
1389 3200 1645 3278 βούλεται
1712 3203 1839 3267 τοὺς
1906 3204 2110 3278 ποιμέ-

450 3305 544 3347 νας
574 3287 709 3359 (17),
754 3287 842 3341 xui
890 3287 1179 3343 κόπτεσθαι
1223 3289 1349 3353 τοὺς
1398 3291 1587 3368 κριοὺς
1636 3297 1744 3348 τῶν
1795 3288 2109 3370 προϐάτων,

453 3371 592 3430 διότι
628 3374 1027 3453 ἐπληρώθησαν
1058 3378 1111 3432 αἱ
1141 3380 1344 3456 ἡμέραι
1377 3379 1551 3436 αὐτῶν
1585 3382 1661 3444 εἷς
1693 3385 1926 3462 σφαγήν.

520 3467 646 3522 ΞΘ’.
675 3465 779 3523 Καὶ
811 3465 862 3520 τί
897 3489 987 3540 μοι
1018 3468 1084 3522 τὰ
1113 3467 1320 3525 παλαια
1350 3473 1461 3544 (18)
1495 3469 1668 3548 λέγειν
1695 3491 1708 3542 ;
1741 3472 1830 3534 Τίς
1864 3471 1941 3544 δὶ,
1980 3477 2098 3536 τοῖς

452 3553 676 3609 Παύλου
706 3555 889 3610 κανόσι
922 3556 1011 3611 καὶ
1044 3556 1192 3632 ὅροις
1226 3559 1409 3615 ἑαυτὸν
1444 3561 1826 3636 παρεκτείνων,
1859 3562 1952 3625 οὒς
1983 3563 2106 3640 περὶ

455 3641 762 3698 έπισκόπων
808 3645 898 3699 καὶ
959 3641 1336 3724 πρεσϐυτέρων
1393 3647 1564 3721 ἔταξε,
1620 3650 1922 3727 νηφαλίους
1969 3654 2105 3725 (19),

453 3732 738 3808 σώφρονας
773 3733 925 3804 εἶναι,
963 3736 1037 3806 μή
1083 3737 1398 3812 παροίνους,
1437 3740 1512 3812 μὴ
1562 3737 1834 3810 πλήκτας,
1868 3739 2106 3796 διδακτι-

447 3822 604 3890 κοὺς,
637 3821 920 3893 ἀλήπτους
956 3823 1007 3878 ἐν
1034 3831 1162 3879 πᾶσι
1196 3827 1284 3880 καὶ
1325 3829 1628 3906 ἀνεπάφους
1682 3832 1792 3903 (20)
1840 3837 1956 3892 τοῖς
2006 3853 2105 3885 πο-

449 3917 665 3986 νηροῖς,
697 3911 760 3966 ού
817 3911 962 3968 πολὺ
1008 3915 1070 3970 τὸ
1121 3913 1404 3994 διαφεῦγον
1453 3918 1671 3994 εὑρήσει
1709 3921 1808 3988 τήν
1850 3925 1958 3975 τῶν
2007 3941 2106 3975 κα-

448 4000 620 4056 νόνων
673 4000 974 4072 εὐθύτητα,
1019 4003 1078 4058 Τί
1128 4001 1214 4060 δαὶ
1262 4009 1374 4080 (21)
1425 4005 1459 4060 ἃ
1499 4012 1616 4069 τοῖς
1673 4010 1940 4080 μαθηταῖς
1996 4014 2107 4079 Ἰη-

452 4093 578 4176 σοῦς
607 4089 693 4145 ἐπὶ
724 4090 787 4146 τὸ
815 4092 1080 4168 κήρυγμα
1109 4093 1342 4167 πέμπων
1369 4097 1694 4170 νομοθετεῖ;
1728 4099 1802 4151 ὦν
1845 4099 1908 4154 τὸ
1936 4099 2104 4176 κεφά-

451 4175 747 4248 λαιον,⁹ίνα
784 4181 861 4254 μή
909 4181 978 4235 τὰ
1017 4183 1133 4236 καθ’
1161 4179 1385 4239 ἕκαστον
1433 4183 1604 4260 λέγω,
1634 4185 1919 4248 τοιούτους
1972 4175 2104 4242 εἶναι

446 4269 545 4338 τὴν
597 4268 813 4341 ἀρετὴν,
846 4269 936 4324 καὶ
981 4268 1152 4334 οὕτως
1202 4271 1480 4336 εὐσταλεῖς
1529 4276 1641 4348 (22)
1689 4274 1776 4330 καὶ
1828 4275 2102 4350 μετρίους,

445 4357 536 4412 καὶ
583 4356 660 4413 ἔτι
710 4360 824 4432 (23)
873 4358 1154 4433 συντόμως
1208 4361 1402 4435 εἰπεῖν,
1454 4363 1760 4439 οὐρανίους,
1813 4365 1951 4420 ὥστε
2000 4367 2108 4443 οὐχ

447 4447 612 4516 ἦττον
649 4445 737 4500 διὰ
767 4449 856 4502 τὸν
887 4447 1088 4522 τρόπον
1123 4449 1320 4522 αὐτῶν,
1417 4450 1506 4508 διὰ
1533 4455 1623 4509 τὸν
1668 4454 1834 4530 Λόγον
1889 4455 2104 4532 τρέχειν

447 4536 512 4591 τὸ
543 4536 796 4611 Εὖαγγέλ
807 4558 882 4592 ιον
895 4582 906 4595 .

2215 700 2479 771 pastores
2510 695 2628 769 pati
2661 699 3125 751 consentaneum
3149 695 3258 748 est.

2291 965 2504 1022 LXVII.
2538 965 2647 1021 Sed
2680 981 2751 1020 ne
2782 963 3046 1020 omnium
3077 978 3265 1030 voces,
3293 963 3466 1031 atque
3499 974 3702 1015 omnes
3729 973 3868 1029 pro-

2219 1055 2427 1128 phetas
2447 1068 3159 1112 enumerans.sermonem
3185 1050 3240 1104 in
3270 1049 3509 1122 longum
3531 1048 3868 1120 protraham

2219 1149 2530 1218 postquam
2553 1142 2724 1198 unius
2748 1142 2939 1197 adhuc
2955 1141 3565 1210 Jeremiae,antequam
3590 1138 3872 1194 formare-

2220 1240 2335 1302 tur,
2368 1233 2606 1307 cogniti,
2633 1237 2682 1288 et
2713 1233 2785 1288 ab
2810 1233 2936 1305 ipsa
2955 1231 3125 1286 vulva
3154 1229 3503 1287 sanctificati
3534 1228 3597 1296 ⁸⁸,
3624 1227 3872 1284 mentio-

2219 1342 2351 1381 nem
2387 1325 2592 1391 fecero,
2625 1321 2880 1394 reliquos
2912 1336 3116 1376 omnes
3149 1319 3473 1392 praeteribo.
3499 1317 3710 1385 Quaerit
3743 1316 3871 1390 qui-

2218 1415 2350 1472 dem
2381 1414 2477 1470 hic
2510 1412 2684 1485 capiti
2716 1427 2954 1483 aquam,
2986 1415 3043 1466 et
3091 1408 3274 1464 oculis
3316 1409 3537 1464 fontem
3584 1407 3870 1480 lacryma-

2217 1521 2372 1572 rum,
2397 1507 2461 1558 ut
2479 1501 2750 1558 Israelem
2777 1517 2879 1573 pro
2903 1499 3188 1573 dignitate
3208 1498 3403 1568 lugeat
3421 1497 3464 1533 5"
3491 1514 3502 1551 :
3530 1513 3641 1551 non
3673 1496 3870 1554 minus

2219 1598 2415 1650 autem
2449 1591 2777 1647 antistitum
2809 1589 2984 1645 etiam
3016 1586 3450 1660 improbitatem
3483 1585 3765 1657 deplorat.

2293 1680 2531 1737 LXVIII.
2566 1685 2646 1735 Ac
2699 1679 2845 1734 Deus
2881 1677 3116 1750 quidem
3159 1676 3489 1731 sacerdotes
3522 1690 3866 1747 coarguens,

2219 1771 2312 1827 his
2343 1769 2415 1825 ad
2447 1785 2581 1824 eum
2613 1768 2807 1824 verbis
2841 1768 3063 1822 utitur:
3099 1765 3550 1821 Saeerdotes'non
3588 1763 3870 1831 dixerunt,

2223 1862 2322 1919 Ubi
2340 1864 2418 1916 est
2449 1857 2756 1916 Dominus?
2788 1861 2838 1913 et
2869 1857 2966 1929 qui
2997 1856 3168 1926 legem
3209 1872 3384 1910 meam
3433 1852 3870 1924 eompleeleban-

2219 1959 2328 2019 tur,
2364 1948 2679 2006 nesciebant
2709 1963 2830 2004 me:
2859 1951 2909 2002 et
2939 1948 3181 2018 pastores
3212 1946 3380 2017 impie
3413 1944 3644 2013 agebant
3674 1943 3870 1998 adver-

2215 2058 2340 2096 sum
2370 2057 2455 2096 me
2483 2039 2546 2092 ⁸⁸.
2581 2038 2710 2110 Ipse
2743 2043 2938 2092 autem
2983 2052 3217 2092 rursum
3251 2035 3367 2090 ait:
3417 2039 3671 2090 Pastores
3709 2034 3875 2088 stulte

2217 2138 2468 2200 egerunt,
2498 2136 2548 2184 et
2577 2129 2869 2184 Dominum
2919 2143 3032 2181 non
3089 2125 3462 2197 quaesierunt:
3497 2141 3561 2179 ac
3583 2127 3870 2197 prapterea

2217 2236 2354 2290 grex
2383 2221 2668 2274 universus
2698 2233 2802 2272 non
2850 2215 3145 2281 intellexit,
3169 2222 3222 2270 et
3247 2213 3486 2285 dispersi
3512 2221 3638 2268 sunt
3667 2213 3732 2268 5°.
3768 2217 3865 2269 At-

2219 2325 2332 2382 que
2363 2307 2474 2364 alio
2505 2307 2666 2362 loco:
2699 2306 2856 2361 Multi
2905 2310 3159 2377 pastores
3206 2303 3452 2360 demoliti
3491 2307 3622 2358 sunt
3654 2304 3867 2358 vineam

2216 2415 2438 2466 meam;
2493 2397 3013 2453 contaminaverunt
3038 2402 3250 2465 partem
3296 2410 3477 2448 meum
3523 2392 3868 2450 desiderabi-

2219 2489 2364 2551 lem;
2395 2486 2525 2542 adeo
2553 2489 2613 2541 ut
2672 2487 2730 2541 in
2776 2487 2992 2542 inviam
3041 2483 3393 2540 solitudinem
3450 2483 3673 2539 redacta
3704 2484 3773 2538 sit
3802 2483 3865 2537 7°.

2218 2578 2348 2635 Mox
2381 2577 2438 2632 in
2471 2575 2652 2632 mulos
2685 2579 2948 2648 pastores
2982 2591 3220 2629 rursum
3258 2573 3593 2628 invehitur:
3633 2575 3722 2630 Vw
3767 2590 3866 2645 pa-

2217 2667 2472 2734 storibus,
2509 2668 2604 2738 qui
2632 2666 2959 2736 dispertiunt
2992 2672 3041 2718 et
3064 2664 3388 2735 dispergunt
3409 2679 3626 2734 gregem
3656 2679 3870 2734 pascuae

2215 2772 2367 2814 metr.
2403 2757 2524 2812 Ideo
2571 2757 2689 2812 hac
2741 2754 2873 2810 dicit
2927 2755 3184 2810 Dominus
3231 2753 3307 2809 ad
3353 2769 3443 2808 eos
3495 2755 3590 2825 qui
3636 2760 3868 2824 pascunt

2213 2847 2478 2919 papulum
2525 2862 2709 2900 meum
2731 2863 2748 2898 :
2814 2845 2908 2900 Vos
2945 2845 3281 2914 dispersistis
3336 2859 3550 2914 gregem
3579 2859 3781 2912 meum,
3817 2849 3895 2898 et‘

2216 2938 2448 3009 ejecistis
2480 2953 2586 3004 eos,
2621 2937 2670 2991 et
2700 2953 2810 2992 non
2841 2935 3119 2990 Lisitastis.
3154 2937 3287 2989 Ecce
3313 2950 3406 3004 ego
3436 2935 3680 2990 ulciscar
3702 2950 3866 3004 super

2218 3043 2329 3098 vos,
2381 3025 2681 3082 secundum
2746 3025 3022 3080 malitiam
3081 3023 3388 3080 studiorum
3467 3027 3771 3080 vestrorum
3798 3023 3865 3078 τί.

2218 3117 2369 3182 Quin
2401 3116 2577 3173 etiam
2609 3119 2873 3188 pastores
2905 3113 3154 3183 ululare,
3196 3116 3372 3186 atque
3429 3112 3640 3169 arietes
3671 3112 3867 3170 ovium

2220 3204 2696 3279 plangereiubct,
2731 3205 3008 3277 quoniam
3048 3203 3272 3277 impleti
3303 3207 3442 3261 sunt
3490 3202 3616 3260 dies
3645 3219 3869 3274 eorum,

2222 3300 2284 3352 ut
2315 3295 2744 3352 interficiuntur
2765 3293 2832 3349 79.

2285 3475 2468 3532 LXIX.
2500 3475 2715 3530 Verum
2750 3473 2891 3546 quid
2922 3472 3163 3544 antiqua
3193 3471 3446 3545 colligo?
3477 3472 3866 3546 Quotusquis-

2219 3583 2333 3638 que
2359 3572 2469 3636 est,
2503 3564 2602 3637 qui
2632 3565 2682 3620 si
2717 3566 2785 3620 ad
2821 3581 3072 3619 canones
3103 3581 3200 3619 eos
3233 3567 3290 3618 et
3319 3563 3551 3634 regulas
3601 3564 3864 3635 seipsum

2218 3655 2430 3727 exigat,
2459 3671 2607 3726 quas
2628 3652 2845 3709 Paulus
2868 3653 2938 3709 de
2963 3653 3253 3724 episcopis
3276 3657 3332 3708 et
3355 3652 3710 3724 presbyteris
3737 3669 3870 3708 con-

2219 3744 2434 3810 stituit,
2469 3760 2678 3814 nempe
2708 3744 2802 3798 47
2842 3749 2906 3797 ut
2936 3741 3116 3798 sobrii
3146 3747 3202 3796 et
3233 3741 3432 3813 pudici
3464 3741 3604 3809 sint,
3638 3758 3752 3796 non
3785 3741 3868 3797 vi-

2220 3832 2466 3901 nolenti,
2493 3849 2608 3887 non
2634 3849 3026 3904 percussores,
3049 3831 3118 3885 ad
3145 3831 3474 3886 docendum
3505 3831 3869 3898 idonei,irre-

2218 3921 2644 3996 prchensibiles
2669 3921 2723 3976 in
2749 3921 3024 3976 omnibus
3049 3920 3223 3976 rebus
3239 3921 3487 3992 “ﬁatque
3508 3919 3871 3993 hujusmodi,

2219 4017 2282 4070 ut
2312 4012 2383 4068 ab
2414 4011 2701 4085 improbis
2734 4010 2942 4082 attingi
2976 4014 3292 4082 nequeant,
3327 4028 3442 4066 non
3474 4027 3601 4066 sese
3631 4030 3665 4067 a
3695 4027 3872 4067 cano-

2217 4121 2361 4159 num
2381 4101 2723 4156 ractitudine
2745 4099 3106 4172 permultum
3123 4102 3328 4157 abesse
3346 4100 3702 4172 comperiet?
3722 4100 3870 4168 Quid

2216 4209 2284 4248 ea
2306 4192 2708 4262 referam,quae
2729 4192 2900 4246 Jesus
2922 4190 3226 4262 discipulis
3250 4191 3394 4256 suis,
3412 4190 3867 4259 adpmdicatio-

2215 4299 2349 4338 nem
2375 4297 2473 4337 eos
2498 4281 2759 4346 mittens,
2787 4279 3110 4352 prmscribit
3135 4281 3182 4314 τι
3203 4281 3230 4335 ?
3251 4297 3508 4351 quorum
3536 4295 3605 4334 ne
3638 4279 3873 4352 singula

2215 4368 2526 4444 explicem,
2550 4369 2670 4425 haec
2701 4363 2938 4426 summa
2966 4375 3073 4437 est,
3099 4374 3164 4425 ut
3194 4370 3408 4425 virtute
3437 4369 3584 4426 tales
3616 4369 3754 4436 sint,
3781 4373 3872 4424 at-

2216 4478 2331 4532 que
2352 4461 2434 4516 ita
2455 4460 2708 4532 expediti
2741 4477 2806 4515 ac
2839 4459 3112 4534 modesti,
3140 4464 3217 4527 et,
3243 4465 3308 4515 ut
3336 4477 3450 4515 uno
3473 4460 3649 4515 verbo
3682 4460 3874 4514 dicam

2218 4549 2503 4627 c‘mlestes,
2537 4554 2602 4604 ut
2633 4566 2747 4604 non
2781 4546 2978 4604 minus
3010 4550 3082 4604 ob
3114 4566 3316 4605 eorum
3347 4549 3526 4604 vitam
3559 4554 3617 4606 et
3656 4565 3872 4620 mores,

449 4642 630 4698 quam
663 4626 736 4682 ob
785 4644 1111 4687 sermonem
1144 4635 1321 4706 atque
1349 4634 1676 4691 doctrinam
1713 4637 2093 4711 Evangelium
2133 4626 2374 4696 currat?
2425 4628 2428 4631 ’

521 4724 567 4805 ‘f
593 4724 808 4805 J_e_rem.
842 4727 890 4794 Ι,
933 4728 989 4784 5.
1028 4731 1072 4765 ⁸⁷
1100 4734 1316 4805 Jerem.
1377 4749 1454 4798 ιχ,
1517 4734 1568 4788 1.
1628 4734 1671 4770 ⁸⁸
1701 4735 1917 4791 Jerem.
1951 4754 2014 4801 ιι.
2045 4741 2099 4794 8.

2246 4737 2465 4792 Jerem.
2510 4753 2565 4804 χ,
2611 4736 2701 4791 21.
2751 4737 2796 4770 ⁷ο
2825 4737 3037 4791 Jerem.
3087 4754 3186 4805 xu,
3243 4738 3328 4792 10.
3375 4737 3418 4772 τί
3459 4735 3672 4792 Jerem.
3707 4753 3869 4805 χχιιι,

453 4797 503 4867 1,
532 4797 587 4852 2.
620 4797 667 4832 ⁷³
696 4798 905 4854 Jerem.
939 4817 1070 4868 xxv,
1127 4803 1218 4858 34.
1266 4804 1310 4839 ⁷³
1339 4805 1362 4860 Ῑ
1393 4797 1551 4862 Tim.
1592 4821 1678 4877 ιιι,
1707 4809 1765 4874 2,
1791 4807 1862 4875 3;
1899 4797 2010 4864 Tit.
2056 4825 2096 4878 ι,

2230 4809 2277 4865 9.
2311 4809 2356 4843 7‘
2386 4797 2596 4864 Matth.
2630 4825 2684 4877 χ,
2716 4809 2788 4876 9;
2823 4808 2961 4864 Luc.
2995 4825 3073 4877 ιχ,
3105 4810 3159 4864 3.

521 4902 642 4996 ἐμὲ)
667 4904 1180 4996 ,Ηεείίῗῗιῖἷῗομαικ
1220 4910 1615 4996 Nequam»
1659 4933 1688 4960 η
1744 4913 1900 4996 επιξνά
1959 4913 2111 4996 ερνί·
2142 4917 2190 4983 D

449 4978 633 5055 ptum
663 4979 753 5030 est
782 4977 1023 5055 verbum
1050 4977 1070 5055 ;_
1095 4978 1184 5036 vel
1217 4981 1363 5038 forte
1377 4977 1452 5038 ex
1478 4977 1651 5051 Isaia,
1677 5005 1702 5034 «
1729 4977 2018 5040 redimam
2044 5003 2057 5055 ;
2081 5008 2109 5036 »

446 5045 531 5102 vel
564 5069 593 5096 «
628 5047 894 5113 servabo,
927 5051 1180 5107 tutabor.
1217 5073 1246 5101 ››

668 5115 863 5198 ᾼόγον.
891 5120 1031 5198 Heg.
1069 5139 1114 5189 ι’,
1146 5123 1237 5198 τρν
1271 5119 1459 5198 λόγον.

514 5138 631 5187 (ιι)
668 5138 863 5243 λιογον.
896 5138 1031 5192 neg.
1069 5139 1114 5189 r,
1146 5138 1237 5176 τον
1273 5138 1459 5198 Αογον.

513 5191 759 5272 (12)..Διε.
791 5189 1117 5265 εγχόμενος.
1164 5195 1459 5252 Budaeus:
1522 5220 1549 5248 «
1587 5197 1921 5270 disceptans
1969 5216 2104 5254 cum

443 5262 896 5317 sacerdotibus]
914 5283 940 5312 η

664 5331 1050 5424 ’Ξξεζήτησαω
1327 5339 1804 5424 «‘exg-uisi‘eru‘nt'.
1843 5365 1862 5392 ι

515 5371 629 5404 ὶιυ]
683 5371 835 5424 laxos!
869 5371 1050 5403 κιδνῖινο
1086 5371 1286 5392 υυιυυι
1327 5371 1345 5384 ¹
1382 5371 1804 5422 ῦΛξίυΙῠΙσῑυΙΙι.
1843 5371 1862 5392 1

488 5405 635 5489 ~(ili)
685 5408 795 5490 Ουκ
833 5371 1502 5490 ένόησε;.(]οιῐι1›.ε.1εξειῐ
1559 5409 1658 5463 οὐκ
1709 5411 1957 5490 ἐνόησαν,
2014 5413 2104 5467 καὶ

445 5478 592 5557 πᾷσα
618 5478 789 5557 νομή,
824 5483 933 5557 etc.
967 5479 1168 5557 «lion,
1189 5478 1710 5557 intellex'eruntLet
1739 5478 2106 5557 omnis'grex

449 5545 770 5624 dissipatus
800 5554 961 5624 σοι.)
998 5552 1092 5606 Sic
1123 5552 1372 5624 Vulgata
1395 5560 1451 5608 et
1483 5545 1671 5608 Nobil.

517 5616 880 5744 τήν
915 5617 1145 5696 ἔρημον.
1199 5616 1372 5679 Ποσει
1419 5627 1519 5694 τήν
1559 5626 1616 5681 in
1650 5628 1928 5684 omnibus
1959 5645 2106 5700 pene

446 5703 764 5746 0001010118.

521 5761 634 5840 (16)
665 5761 810 5840 ῌρος
841 5763 1069 5840 διακούς.
1119 5786 1139 5814 ο
1177 5765 1239 5840 In
1270 5765 1432 5839 ipsos
1457 5770 1743 5840 pastores.
1779 5790 1807 5819 »
1840 5769 2105 5829 Gracum

453 5847 570 5890 non
603 5832 782 5893 habet
808 5832 1029 5905 αὐτούς,
1057 5858 1088 5888 κ
1122 5832 1333 5907 malos,
1366 5859 1395 5889 »
1428 5832 1493 5895 u't
1520 5839 1712 5897 reddit
1740 5840 1871 5897 Bill.

2292 4915 2405 4987 (17)
2462 4911 2598 4975 Τοὺς
2652 4913 2937 4987 ποιμένας.
3017 4915 3157 4986 Reg.
3215 4919 3258 4983 t,
3341 4910 3429 4966 καὶ
3486 4910 3612 4973 τοὺς
3671 4911 3872 4986 ποιμέσ-

2219 5005 2328 5047 νας.

2289 5058 2406 5128 (18)
2438 5057 2514 5109 Τὰ
2542 5053 2769 5112 παλαιά.
2829 5079 2858 5108 ‹‹
2890 5057 3036 5128 Quia
3093 5058 3337 5128 antiqua
3368 5059 3808 5114 commemoro?
3844 5081 3870 5109 ι)

2219 5127 2496 5186 Nonnulli
2533 5130 2787 5184 habent:
2818 5129 2876 5182 Τί
2908 5127 3130 5196 nexu;
3170 5153 3190 5178 α
3225 5127 3371 5193 Quid
3403 5131 3632 5185 multa?
3664 5152 3692 5180 »

2433 5199 2768 5277 Νηφαλίους.
2795 5203 2932 5277 Reg.
2969 5201 3008 5267 l,
3041 5199 3368 5277 νηφαλέους.

2288 5275 2399 5350 (20)
2433 5273 2790 5350 ’Avérricpouc.
2856 5275 2977 5350 Non
3039 5273 3190 5350 male
3245 5274 3447 5330 Comb.
3505 5297 3533 5323 ‹‹
3566 5279 3727 5329 extra
3756 5292 3875 5331 om-

2217 5360 2349 5399 nem
2383 5345 2785 5414 improbo'rum
2819 5346 3198 5414 calumniam.
3231 5367 3260 5396 »

2306 5417 2397 5486 21)
2425 5412 2485 5471 Τί
2517 5413 2625 5470 δαί.
2662 5418 2792 5480 Alii,
2824 5414 2877 5468 τί
2904 5412 2980 5470 δέ.

2306 5489 2398 5559 22)
2430 5488 2747 5560 Edmund;
2805 5488 3006 5543 Comb.
3070 5509 3099 5539 ‹‹
3133 5489 3284 5560 frugi
3343 5489 3614 5546 homines
3646 5505 3711 5544 ac
3744 5508 3867 5547 mo-

2215 5559 2386 5633 desti.
2421 5562 2536 5617 Nec
2569 5560 2713 5615 bene
2736 5559 2961 5627 Billius,
2993 5581 3020 5608 υ
3045 5559 3257 5632 inquit,
3281 5562 3535 5633 expediti
3559 5580 3572 5631 ;
3599 5582 3630 5612 «
3656 5563 3870 5618 melius

2214 5629 2486 5695 Budaeus.
2523 5647 2698 5702 quem
2731 5647 2965 5702 sequor.
3003 5654 3031 5681 »

2286 5702 2403 5774 (23)
2438 5697 2669 5776 Καῖἕτι.
2703 5707 2785 5757 lta
2815 5697 3226 5776 dece_m_R_egg.
3265 5720 3364 5760 sex
3393 5703 3574 5770 Colb.,
3601 5704 3747 5772 Jes.,
3771 5707 3850 5758 Or

2219 5775 2270 5840 1,
2297 5773 2361 5830 et
2391 5779 2554 5832 Pass.
2590 5775 2717 5832 Par.
2750 5777 2841 5833 ed.
2876 5773 2966 5827 καὶ
2999 5773 3044 5828 εἰ
3077 5773 3177 5830 δεῖ.
