4110 6422
225 401 344 462 479

1468 407 1535 468 8.
1583 405 1955 470 GREGORII
2005 408 2402 472 THEOLOGI

3527 402 3652 465 480

305 532 466 590 LXX.
501 533 642 589 Mihi
675 551 807 590 vero
838 535 1109 594 timorem
1143 539 1438 596 incutiunt
1466 540 1640 596 etiam
1673 540 1880 596 Phari-

2067 545 2137 594 O'.
2173 541 2305 613 Ἐμὲ
2354 537 2411 596 δὲ
2463 535 2691 616 φοϐοῢσι
2757 540 2846 594 καὶ
2910 535 3302 610 ὀνειδιζόμενοι
3358 541 3651 612 Φαρισαῖοι

236 622 332 679 sai
360 623 588 694 probris
612 625 921 695 onerati,et
941 627 1144 683 scribta
1169 630 1484 701 redarguti:
1512 631 1727 702 quibus
1752 647 1885 685 cum

233 730 340 768 nos
372 713 586 768 virtute
617 713 786 787 longe
808 716 1138 786 superiores
1164 735 1292 774 esse
1315 720 1653 788 debeamus,
1681 736 1885 792 quem-

240 803 559 858 admodum
595 803 750 858 nobi:
1029 824 1148 862 .um
1181 812 1289 874 est,
1323 811 1373 864 si
1404 809 1576 865 modo
1608 810 1884 865 caelorum

239 909 485 965 regnum
519 894 798 966 consequi
829 895 1117 966 cupimus,
1150 901 1319 969 turpe
1352 900 1604 971 profecto
1639 898 1886 965 fuerit,si

240 981 388 1054 ipsis
421 981 593 1038 etiam
630 984 854 1055 pejores
887 983 1292 1055 inveniamur;
1325 989 1468 1045 adeo
1502 993 1565 1043 ut
1598 989 1707 1060 ipsi
1742 1005 1886 1059 qu0~

239 1087 377 1143 que,
417 1078 714 1143 serpentes
745 1073 1128 1145 appellemur,
1151 1078 1525 1148 etgenimina
1555 1078 1886 1149 viperarum

239 1165 297 1217 et
326 1161 504 1217 duces
534 1162 685 1228 caeci,
719 1163 964 1219 culicem
988 1164 1268 1235 celantes,
1293 1173 1350 1222 et
1371 1167 1662 1223 camelum
1693 1166 1885 1239 deglu-

238 1249 470 1316 tientes,
503 1255 559 1304 et
588 1251 859 1323 sepulcra
913 1259 1146 1312 exterae
1204 1257 1443 1328 quidem
1504 1257 1768 1330 pulchra,
1806 1258 1886 1312 in-

237 1341 402 1394 terna
431 1344 624 1395 autem
649 1342 902 1413 sordida,
927 1350 984 1400 et
1006 1346 1344 1418 paropsides
1365 1346 1422 1404 in
1444 1349 1698 1419 speciem
1724 1365 1887 1403 mun-

241 1431 327 1485 dae
358 1428 421 1497 ⁷⁵,
456 1428 687 1502 aliaque
719 1433 936 1504 omnia,
963 1450 1089 1506 quae
1113 1435 1196 1490 illi
1231 1440 1287 1492 et
1328 1442 1468 1492 sunt
1499 1442 1555 1493 et
1585 1438 1887 1493 nominan-

239 1520 356 1573 tur.

315 1607 500 1662 LXXI.
535 1612 598 1664 In
633 1609 724 1665 his
759 1627 864 1683 ego
895 1613 1351 1684 cogitationibus
1401 1617 1527 1671 dies
1574 1621 1892 1688 noctesque

239 1713 442 1752 versor
468 1713 480 1750 :
515 1698 642 1753 Haec
675 1700 963 1756 medullas
996 1703 1172 1758 etiam
1199 1721 1358 1760 meas
1384 1705 1667 1776 aliquant,
1697 1710 1749 1762 et
1773 1723 1893 1761 car-

241 1802 347 1840 nes
369 1787 818 1858 conﬁciunt,nec
843 1807 934 1846 me
957 1792 1236 1848 audacem
1261 1810 1390 1850 esse
1420 1795 1644 1860 sinunt,
1671 1812 1737 1850 ac
1759 1797 1893 1851 sub-

1995 628 2084 684 καὶ
2131 627 2476 706 γραμματεῖς
2543 627 2920 707 ἐλεγχόμενον
2969 630 3042 682 ὧν
3091 627 3340 702 αἰσχρὸν,
3397 625 3442 680 εἰ
3503 623 3652 679 πολὺ

1996 725 2262 793 περιεῖναι
2308 717 2423 774 δέ.ον
2475 721 2572 789 τήν
2641 719 2862 792 ἀρετὴν,
2903 717 2976 779 ὡς
3045 715 3454 792 διατετάγμεθα,
3507 711 3562 770 εἷ’
3597 735 3650 769 τι

1998 805 2249 881 δεοίμεθα
2303 816 2402 878 τῆς
2448 814 2551 864 τῶν
2609 807 2850 884 ούρανῶν
2920 803 3221 883 βασιλείας,
3271 803 3360 859 καὶ
3417 805 3517 873 τήν
3559 826 3653 858 κα-

1995 896 2113 951 κίαν
2167 897 2487 975 φαινοίμεθα
2529 900 2640 971 (24)
2687 897 2930 972 χείρους’
2967 896 3104 951 ὥστε
3152 896 3242 950 καὶ
3301 888 3450 970 ὄφεις
3513 892 3652 948 εἷκό-

1996 1008 2102 1048 τως
2155 986 2213 1041 ἂν
2269 989 2382 1060 (25)
2441 988 2686 1057 ἀκοῦσαι,
2745 988 2832 1040 καὶ
2890 987 3202 1062 γεννήματα
3253 981 3508 1058 ἐχιδνῶν,
3561 983 3650 1037 καὶ

1997 1073 2190 1152 ὁδηγοὶ
2265 1075 2486 1153 τυφλοὶ,
2529 1077 2620 1131 τὸν
2697 1076 2934 1130 κώνωπα
2993 1072 3353 1145 διυλίζοντες,
3413 1072 3500 1127 καὶ
3546 1073 3646 1142 τὴν

1995 1164 2242 1239 κάμῃλον
2292 1166 2696 1233 καταπίνοντες,
2741 1164 2830 1219 καὶ
2871 1163 3030 1242 τάφοι
3084 1163 3315 1240 ῥυπαροὶ
3357 1163 3424 1217 τὰ
3473 1158 3646 1232 ἔνδον,

2001 1257 2117 1328 μετ’
2146 1255 2464 1332 εὐπρεπείας
2522 1263 2619 1325 τῆς
2673 1253 2860 1328 ἔξωθεν
2922 1253 3010 1310 καὶ
3068 1251 3366 1329 παροψίδες
3421 1251 3647 1328 καθαραὶ

1995 1345 2058 1400 τὸ
2117 1345 2462 1420 φαινόμενον,
2494 1345 2584 1400 καὶ
2639 1343 2818 1401 τᾶλλα
2875 1342 2973 1399 ὅσα
3028 1343 3222 1398 ἐκεῖνοι
3265 1342 3353 1397 καὶ
3412 1339 3513 1398 εἶσὶ
3560 1339 3650 1396 καὶ

1997 1434 2274 1493 ἀκούουσι.

2072 1620 2193 1670 ΟΑ’.
2244 1613 2468 1676 Τούτοις
2542 1613 2652 1688 ἐγὼ
2710 1613 2923 1685 σύνειμι
2979 1611 3068 1667 καὶ
3125 1609 3338 1686 νύκτωρ
3398 1611 3510 1683 (26)
3567 1610 3658 1664 καὶ

2005 1705 2119 1776 μεθ’
2170 1703 2378 1776 ἡμέραν
2453 1708 2570 1765 τοῖς
2640 1700 2957 1777 λογισμοῖς’
3017 1699 3183 1755 ταῦτα
3243 1721 3338 1773 μοι
3394 1701 3506 1772 (27)
3563 1699 3654 1753 τὸν

2005 1793 2203 1867 μυελὸν
2265 1792 2502 1863 ἐκτήκει,
2556 1791 2646 1846 καὶ
2705 1789 2915 1860 δαπανᾷ
2967 1792 3059 1852 τὰς
3137 1791 3355 1866 σάρκας,
3411 1788 3501 1842 καὶ
3560 1787 3660 1843 ούκ

240 1873 360 1930 lata
391 1876 535 1930 facie
566 1875 851 1934 incedere.
886 1879 1015 1936 Haec
1045 1883 1310 1938 animum
1346 1902 1541 1940 meum
1583 1885 1888 1954 dejiciunt,

2017 1886 2062 1954 ἰᾷ
2116 1883 2309 1958 θρασὺν
2369 1882 2500 1936 εἶναι
2559 1887 2648 1937 καί
2707 1880 2818 1936 ἄνω
2880 1878 3320 1954 βλέποντα
3353 1875 3522 1932 ταῦτά
3565 1898 3657 1949 μοι

2229 1977 2250 1983 _
2342 1972 2354 1983 .
2455 1975 2464 1983 .
2572 1972 2584 1983 ι
2754 1969 2766 1983 .
2857 1971 2868 1983 .
3021 1973 3046 1982 ..
3269 1965 3347 1983 .t‘
3540 1965 3552 1982 ς
3627 1969 3655 1980 .-

241 1968 298 2020 et
321 1970 576 2020 mentem
596 1969 968 2038 contrahunt,
989 1975 1046 2026 et
1067 1971 1280 2043 linguas
1302 1972 1599 2030 vinculum
1623 1974 1896 2045 injiciunt

241 2053 602 2126 faciuntque,
635 2063 699 2112 ut
732 2075 844 2112 non
879 2059 948 2114 de
981 2061 1341 2131 praefectura,
1363 2080 1466 2119 nec
1497 2065 1567 2118 de
1607 2064 1896 2136 corrigen-

243 2145 334 2200 dis
366 2152 424 2199 et
467 2146 866 2218 gubernandis
920 2148 1050 2206 aliis
1106 2151 1376 2224 cogitem,
1411 2153 1466 2208 id
1500 2154 1653 2224 quod
1687 2154 1895 2209 exube-

244 2231 432 2288 rantis
460 2235 768 2304 cujusdam
804 2236 1100 2294 facultatis
1131 2245 1256 2308 est;
1297 2243 1398 2297 sed
1449 2243 1741 2312 quomodo
1776 2243 1897 2313 ipse
1939 2247 1946 2254 '

246 2323 575 2378 venientem
608 2324 755 2380 iram
818 2327 1090 2399 ell'ugere,
1125 2334 1299 2401 atque
1355 2348 1388 2386 a
1446 2331 1570 2386 vitii
1629 2332 1898 2403 rubigine

249 2411 518 2467 nonnihil
553 2413 844 2485 meipsum
876 2417 1157 2474 abradere
1189 2436 1424 2490 queam.
1457 2420 1701 2492 Purgari
1733 2421 1898 2493 prius

253 2506 502 2573 oportet,
537 2501 742 2558 deinde
781 2522 1063 2576 ergare:
1116 2508 1406 2580 sapientia
1456 2509 1690 2581 instrui,
1723 2515 1899 2582 atque

249 2591 331 2645 ita
361 2591 599 2646 domum
631 2591 777 2648 alios
810 2595 1096 2665 sapientia
1145 2596 1472 2666 instruere;
1524 2599 1625 2654 lux
1663 2599 1812 2666 ﬁeri,
1845 2603 1901 2654 et

247 2678 392 2735 alios
423 2679 794 2743 illuminare;
851 2685 919 2738 ad
973 2684 1155 2740 Deum
1209 2688 1699 2761 appropinquare,
1733 2694 1790 2744 et
1820 2689 1901 2745 ita

248 2768 393 2826 alios
423 2769 710 2826 adducere
736 2797 750 2839 ;
782 2773 1159 2843 sanetiﬁcari,
1188 2779 1244 2832 et
1263 2782 1465 2849 postea
1495 2779 1896 2847 sanctiﬁcare;

249 2873 379 2912 cum
416 2860 689 2915 manibus
750 2861 986 2930 ducere,
1042 2881 1177 2919 cum
1216 2867 1532 2937 prudentia
1587 2868 1900 2925 consilium

248 2946 407 3002 dare.

321 3035 532 3092 LXXII.
563 3037 806 3102 Quando
836 3039 1016 3112 igitur
1045 3042 1168 3100 haec
1187 3049 1380 3112 erunt,
1412 3044 1680 3118 inquient
1709 3045 1899 3102 homi-

248 3140 353 3179 nes
385 3125 455 3179 ad
487 3127 686 3182 omnia
716 3127 954 3196 celeres,
989 3148 1093 3186 nec
1121 3134 1266 3188 satis
1297 3135 1478 3204 cauti,
1512 3135 1680 3190 facile
1719 3137 1900 3190 aedili-

251 3219 470 3285 cantes,
497 3221 554 3270 et
575 3215 878 3274 diruentes
900 3219 926 3273 ?
952 3219 1194 3283 Quando
1217 3223 1457 3279 lucerna
1487 3243 1667 3296 supra
1689 3227 1898 3281 cande-

249 3301 485 3359 labrum
520 3305 563 3340 ⁷⁸
586 3305 614 3360 ?
639 3305 745 3361 Ubi
781 3307 1069 3364 talentum
1101 3312 1143 3344 ⁷⁷
1169 3315 1189 3366 P
1221 3312 1305 3368 sic
1334 3313 1491 3368 enim
1523 3314 1772 3386 gratiam
1803 3333 1898 3371 vo-

253 3400 406 3448 cant.
433 3393 562 3449 Haec
585 3394 754 3466 ii,qui
779 3397 1036 3454 amicitia
1057 3416 1235 3471 quam
1260 3401 1540 3476 religione
1560 3405 1902 3461 fervidiores

252 3488 411 3538 sunt.
445 3483 686 3547 Quando
743 3485 864 3541 haec
921 3495 1114 3556 erunt,
1175 3497 1232 3546 et
1290 3509 1416 3563 quaa
1451 3510 1582 3549 mea
1611 3499 1701 3550 est
1732 3495 1900 3567 ratio,

253 3571 537 3644 quaeritis,
565 3573 672 3628 viri
706 3576 1056 3632 fortissimi?
1079 3579 1157 3634 Ne
1183 3585 1445 3638 extrema
1467 3583 1704 3653 quidem
1737 3601 1902 3640 sene-

252 3666 381 3717 ctus
409 3661 543 3716 huic
576 3663 656 3718 rei
715 3666 1063 3735 przestituta,
1107 3668 1349 3741 longum
1399 3677 1632 3744 tempus
1681 3674 1904 3728 censeri

255 3751 442 3806 debet.
470 3752 752 3808 Senectus
787 3754 943 3810 enim
962 3773 1096 3812 cum
1121 3760 1431 3829 prudentia
1465 3764 1779 3834 conjuncta
1800 3763 1903 3818 im-

253 3839 450 3911 peritae
474 3841 1061 3915 juventutipraastat,
1119 3853 1176 3902 et
1232 3849 1600 3907 considerata
1659 3852 1905 3908 tarditas

251 3928 600 3986 inconsultae
631 3933 965 4002 temeritati,
997 3940 1054 3992 et
1102 3936 1271 3993 breve
1311 3946 1579 4012 regnum,
1613 3939 1904 3996 diuturna

253 4019 550 4090 tyrannidi
573 4037 585 4087 ;
612 4023 1110 4090 quemadmodum
1133 4033 1190 4082 et
1211 4027 1418 4100 exigua
1446 4030 1634 4100 portio
1666 4030 1903 4086 maximi

256 4108 450 4180 pretii,
477 4109 678 4165 multis
701 4110 914 4168 vilibus
932 4118 989 4168 et
1008 4116 1349 4186 periculosis
1367 4119 1598 4189 opibus,
1620 4124 1676 4174 et
1697 4137 1906 4191 parum

256 4197 383 4251 auri
417 4197 621 4254 multis
652 4199 880 4270 plumbi
911 4201 1097 4271 libris,
1121 4209 1178 4260 et
1202 4223 1379 4278 parva
1402 4207 1502 4262 lux
1531 4208 1906 4264 densissimis

255 4285 540 4343 tenebris.

329 4374 582 4431 LXXIII.
623 4376 852 4450 Alioqui
884 4383 1200 4439 verendum
1262 4391 1369 4454 est,
1405 4403 1476 4442 ne
1531 4385 1755 4444 lubrica
1787 4389 1906 4444 haec

256 4462 542 4535 celeritas,
575 4482 948 4540 praecepsque
977 4472 1266 4546 studium,
1299 4475 1624 4532 seminibus
1651 4476 1767 4533 illis
1790 4494 1905 4534 non

2001 1977 2250 2028 ταπεινοῖ
2297 1972 2396 2041 τήν
2442 1972 2650 2048 ψυχὴν,
2680 1969 2768 2025 καὶ
2818 1971 2909 2025 τὸν
2957 1973 3078 2023 νοῦν
3130 1965 3436 2035 συστέλλει,
3466 1965 3557 2020 καὶ
3590 1969 3659 2038 τῇ

2003 2059 2224 2137 γλώσσῃ
2274 2058 2467 2133 δεσμὸν
2512 2059 2782 2128 ἐπιτίθησι
2814 2061 2948 2132 (29),
3005 2057 3094 2112 καὶ
3145 2057 3206 2112 οὐ
3255 2056 3380 2133 περὶ
3429 2075 3664 2130 προστα-

2005 2151 2122 2212 σίας
2172 2150 2303 2205 εἶναι
2355 2155 2502 2204 ποιεῖ
2549 2151 2637 2204 τὸν
2693 2148 2884 2224 λόγον,
2917 2145 3042 2202 οὐδὲ
3094 2151 3192 2202 τού
3231 2147 3526 2222 κατορθοῦν
3551 2147 3665 2219 (30)

2007 2239 2212 2301 ἄλλους
2259 2241 2348 2294 καὶ
2399 2237 2712 2309 διευθύνειν,
2767 2239 2796 2293 ὃ
2843 2237 3064 2306 πολὶῆς
3114 2236 3222 2291 ἐστι
3297 2243 3398 2304 τῆς
3449 2255 3664 2310 περιου-

2009 2329 2141 2391 σίας·
2178 2328 2304 2384 amr
2331 2328 2481 2392 ὅπως
2528 2329 2586 2383 ἂν
2638 2329 2798 2390 αὐτὸς
2843 2329 2942 2396 τήν
2994 2325 3300 2404 ἐρχομένην
3353 2326 3518 2400 ὀργὴν
3553 2326 3666 2397 (31)

2010 2417 2356 2498 διαφύγοιμι,
2387 2419 2477 2473 καὶ
2527 2417 2718 2492 μικρόν
2765 2438 2815 2472 τι
2864 2420 2964 2470 τοῦ
3011 2416 3098 2470 to?)
3124 2421 3223 2484 τῆς
3274 2412 3462 2475 κακίας
3495 2412 3667 2486 ἐμαυ--

2007 2509 2098 2564 τὸν
2161 2506 2505 2582 ἀποξέσαιμι.
2577 2509 2918 2582 Καθαρθῆναι
2965 2506 3078 2578 (32)
3129 2503 3210 2560 δεῖ
3269 2508 3510 2581 πρῶτον,
3555 2502 3666 2556 εἶτα

2009 2604 2256 2674 καθᾶραι*
2328 2599 2670 2675 σοφισθῆναι,
2745 2596 2833 2651 καὶ
2911 2593 3055 2649 οὕτω
3129 2592 3366 2668 σοφίσαι·
3419 2592 3663 2668 γενέσθαι

2011 2693 2146 2766 φῶς,
2206 2686 2293 2741 καὶ
2354 2688 2604 2764 φωτίσαιο
2667 2684 2874 2762 ἐγγίσαι
2946 2687 3084 2756 Θεῷ,
3140 2683 3229 2737 καὶ
3304 2683 3658 2757 προσαγαγεῖν

2012 2776 2234 2838 ἄλλους’
2284 2776 2617 2852 ἀγιασθῆναι,
2663 2774 2752 2830 καὶ
2797 2774 3032 2850 ἀγιάσαι·
3087 2772 3492 2848 χειραγωγῆσαι
3539 2767 3652 2839 (33)

2013 2867 2147 2940 μετὰ
2175 2870 2398 2942 χειρῶν,
2432 2859 2835 2938 συμϐουλεῦσαι
2870 2863 3004 2937 μετά
3034 2860 3312 2923 συνέσεως.

2082 3051 2184 3101 OB.
2240 3043 2379 3100 Πότε
2439 3065 2529 3099 ουν
2590 3064 2734 3098 εσται
2789 3045 2982 3114 ταῦτα,
3039 3039 3196 3119 φασὶν
3259 3040 3312 3094 οἳ
3370 3041 3559 3114 ταχεῖς
3609 3034 3674 3090 τὰ

2010 3136 2203 3202 πάντα,
2253 3135 2340 3189 καὶ
2397 3133 2496 3188 οὐκ
2544 3131 2827 3210 ἀσφαλεῖς,
2875 3131 2927 3186 οἱ
2979 3128 3179 3207 ῥᾳδίως
3229 3125 3673 3200 οἰκοδομοῦντες,

2011 3224 2101 3280 καὶ
2147 3221 2675 3292 καταλύοντες;Καὶ
2719 3220 2921 3292 πηνίκα
2971 3222 2999 3276 ὁ
3049 3218 3254 3296 λύχνος
3307 3217 3394 3274 ἐπὶ
3446 3217 3544 3285 τὴν
3577 3213 3672 3270 λυ-

2011 3313 2205 3392 χνίαν;
2267 3313 2365 3368 Καὶ
2443 3316 2547 3367 ποῦ
2602 3311 2666 3366 τὸ
2739 3309 3051 3379 τάλαντον;
3106 3308 3249 3363 οὕτω
3301 3307 3364 3362 τὸ
3418 3307 3671 3382 χάρισμα

2013 3402 2286 3478 λέγοντες.
2319 3405 2495 3456 Ταῦτα
2543 3401 2593 3456 οἱ
2643 3399 2963 3475 θερμότεροι
3004 3400 3102 3468 τήν
3150 3394 3332 3476 φιλίαν
3366 3396 3400 3466 ἢ
3429 3396 3530 3463 τήν
3581 3392 3666 3448 εύ-

2015 3491 2261 3549 λάϐειαν.
2295 3490 2433 3546 Πότε
2480 3495 2666 3562 ταῦτα,
2699 3488 2787 3545 καὶ
2837 3488 2917 3551 τίς
2969 3488 2996 3542 ὁ
3046 3487 3176 3560 ἐμὸς
3225 3483 3419 3561 λόγος,
3461 3481 3505 3538 ὦ
3553 3503 3669 3560 γεν-

2013 3581 2325 3649 ναιότατοις
2385 3579 2457 3634 Οὐ
2537 3579 2718 3654 μακρὰ
2789 3575 3114 3654 προθεσμία,
3182 3572 3309 3630 οὐδὲ
3383 3576 3556 3650 γῆρας
3604 3571 3667 3626 τὸ

2015 3669 2268 3747 ἔσχατον.
2331 3669 2606 3745 Κρείσσων
2693 3669 2796 3742 γὰρ
2883 3663 3054 3720 πολιὰ
3141 3663 3276 3738 μετὰ
3350 3664 3665 3742 φρονήσεως

2014 3758 2340 3816 ἀπαιδεύτου
2417 3759 2691 3829 νεότητος,
2770 3756 2859 3811 καὶ
2935 3754 3299 3832 λελογισμένη
3391 3750 3667 3828 βραδύτης

2013 3847 2218 3927 τάχους
2304 3848 2718 3924 ἀπερισκέπτου·
2774 3847 2865 3902 καὶ
2947 3843 3334 3924 ὀλι·,οχρόνιος
3415 3838 3667 3918 βασιλεία

2019 3946 2226 4016 μακρᾶς
2254 3935 2588 4014 τυραννίδος·
2624 3937 2696 3998 ὡς
2725 3935 2816 3990 καὶ
2851 3934 3011 4010 ὀλίγη
3049 3935 3201 4008 μερὶς
3241 3930 3400 4005 τιμία
3446 3927 3666 3998 πολλῆς

2014 4031 2258 4099 κτήσεως
2309 4030 2422 4101 (34)
2468 4025 2664 4099 ἀτίμου
2712 4025 2801 4079 καὶ
2851 4028 3123 4100 σφαλερᾰς
3323 4019 3412 4075 καὶ
3461 4017 3665 4095 χρυσὸς

2015 4116 2204 4194 ὀλίγος
2248 4111 2528 4190 μολύϐδου
2578 4112 3014 4185 πολυταλάντου,
3045 4112 3136 4166 καὶ
3177 4107 3394 4166 πολλοῦ
3444 4102 3668 4166 σκότους

2016 4206 2206 4282 ὀλίγον
2241 4209 2376 4284 φῶς.

2087 4390 2201 4440 Ol".
2233 4384 2303 4437 Τὸ
2335 4379 2391 4436 δὲ
2419 4382 2560 4458 ταχὺ
2589 4385 2749 4436 τοῦτο
2787 4378 2875 4434 καὶ
2920 4377 3212 4458 σφαλερὸν,
3243 4375 3331 4431 καὶ
3378 4371 3499 4428 λίαν
3545 4391 3668 4425 κατ-

2017 4470 2448 4546 εσπουδασμένον
2482 4474 2617 4543 (36),
2655 4471 2730 4545 μὴ
2788 4473 2897 4525 τῶν
2938 4469 3262 4546 σπερμάτων
3305 4463 3527 4526 ἐκείνοις
3559 4461 3675 4536 (37)

327 4609 372 4644 ⁷⁵
401 4610 604 4666 Matth.
638 4629 799 4678 xxm,
849 4615 1042 4670 23-25.
1093 4618 1138 4652 ⁷⁸
1169 4617 1376 4675 Matth.
1411 4638 1465 4689 ν,
1488 4622 1582 4677 15.
1621 4622 1664 4656 ⁷⁷
1697 4620 1900 4677 Matth.

2018 4638 2073 4692 ν,
2107 4619 2196 4675 45.

351 4764 442 4844 24)
500 4762 858 4844 fbawotpeean
919 4767 1008 4844 Sic
1071 4768 1231 4841 Regii
1299 4771 1600 4844 undecim,
1661 4773 1988 4844 quatuorD

328 4763 442 4887 (24)
500 4763 858 4834 Φαινοίμεθα.

255 4838 329 4889 Co
363 4837 440 4902 b.,
498 4837 612 4891 Jes.
672 4837 767 4892 Or.
831 4839 882 4908 1,

262 4915 418 4977 μεθα.

499 4975 740 5040 Εἰκότως
801 4977 882 5034 ἄν.
943 4983 1026 5036 Ita
1083 4983 1222 5055 Reg.
1284 4989 1340 5040 et
1395 4985 1554 5041 Colb.
1617 4987 1679 5041 In
1721 4986 1810 5042 ed.
1846 4984 1904 5039 ἂν

258 5044 504 5106 εἰκότως.

328 5121 441 5200 (2Q)
475 5117 576 5200 Καί
602 5117 832 5200 νύκτωρ.
857 5123 952 5200 _Ita
983 5132 1110 5181 octo
1143 5128 1318 5200 Regg.
1353 5145 1453 5184 sex
1501 5127 1686 5196 Colb.,
1722 5129 1818 5186 Or.
1853 5132 1909 5200 1,

257 5194 368 5245 etc.
403 5189 575 5245 Deest
602 5189 692 5243 καί
717 5189 792 5248 ἰιί
807 5194 898 5250 ad.

474 5261 653 5338 Ταῦτά
686 5265 968 5338 μοιηᾼΙίἱ,
1006 5287 1130 5338 μου.

331 5329 444 5404 (28)
477 5329 626 5422 Εἶναι
657 5329 746 5422 καὶ
773 5329 1271 5422 Πᾶνωῠ’β’λέ¹ποντια.
1300 5343 1419 5422 _Sic
1450 5341 1664 5422 legitur
1692 5343 1909 5422 irinocto

257 5407 423 5482 Reg,
448 5407 672 5482 septem
694 5405 878 5476 I‘olb.,
911 5405 1050 5476 Jes.,
1076 5413 1172 5468 Or.
1205 5416 1394 5482 I,etc.,
1421 5405 1795 5479 omisso,o'38‘e
1813 5434 1911 5467 πο-

261 5474 526 5560 ρεύεσβαιᾼ.
562 5473 790 5531 Habeit
847 5473 1047 5539 tamen
1098 5473 1306 5557 Hegdl,
1338 5473 1393 5551 ιζ
1414 5491 1470 5540 et
1499 5473 1660 5542 Colb.
1695 5504 1776 5554 m,
1820 5485 1908 5538 καὶ

259 5554 582 5618 πορεύεσθαι
616 5565 748 5618 ανω.

343 5614 426 5669 ’29
480 5614 802 5683 Ἐπιτίθησι.
838 5619 956 5690 Reg
1010 5642 1062 5695 γ,
1097 5625 1355 5695 ἐντίθησι.

333 5616 456 5757 (30),
477 5687 803 5757 Κατορθοῦν.
831 5694 1028 5749 Comb.
1063 5719 1090 5745 «
1123 5699 1198 5752 ad
1244 5701 1355 5756 virt

355 5687 803 5774 ξρλξςατορθοῦν.
831 5687 1090 5749 eamut}.
1123 5699 1198 5752 ad
1244 5687 1518 5756 virtutem
1564 5714 1912 5774 componere

263 5762 321 5813 et
349 5757 684 5828 dirigere.»

943 4843 1107 4895 Pass.
1166 4847 1222 4896 et
1295 4842 1498 4898 Comb.
1560 4841 1908 4920 Edfcpawd-

2112 4770 2203 4850 ~31)
2236 4766 2717 4850 19377533084:
2751 4763 3047 4850 ῥομφαίαις
3165 4830 3176 4850 ,
3313 4833 3380 4850 .,.

2112 4785 2204 4909 ξιξ
2236 4785 3058 4919 ἐξιίῖιᾩξῆἇζιῗβζίέξξίξφέᾆῗίὶ
3113 4830 3240 4919 γέρλ
3298 4829 3671 4919 mss.,..-

2017 4902 2293 4984 cessaris,
2328 4902 2540 4983 si'post
2568 4902 2900 4992 καθαρθῆναι
2947 4902 3259 4980 16888⁷8ὲῖ,
3310 4919 3444 4960 cum
3477 4902 3667 4971 Billio,

2018 4985 2170 5041 Par..
2195 4985 2338 5040 Gab.
2372 4989 2430 5038 et
2461 4999 2599 5038 mss.
2655 4983 2845 5041 Remis
2902 4981 3023 5041 bm.
3066 4979 3104 5041 Ι,
3136 4983 3180 5041 ι,
3212 4995 3267 5041 x,
3300 4975 3459 5032 Colb.
3488 4975 3545 5041 7,
3588 4991 3664 5030 ιη.

2018 4997 2170 5055 Palu,
2195 4997 2338 5040 Uab.
2372 4997 2430 5038 et
2461 4999 2599 5038 mss.
2655 4997 2845 5054 negns
2902 4997 3023 5048 Dm,
3066 4997 3104 5048 ι,
3136 4997 3180 5045 ι,
3212 4997 3267 5047 x,
3300 4997 3459 5032 uom.
3501 4997 3545 5057 ς,
3588 4997 3664 5030 In.

2017 5055 2288 5127 Alioquin
2318 5053 2520 5127 _hiulca
2552 5055 2696 5127 foret
2726 5053 2929 5108 oratio.
2958 5051 3067 5127 _Sin
3100 5054 3296 5127 autem
3337 5047 3550 5119 legeris
3581 5064 3674 5099 κα-

2019 5120 2278 5204 θαρθῆναι
2308 5122 2534 5204 _‘o‘é_cu_m
2571 5126 2695 5204 Ba_s.
2751 5140 2921 5192 mss.,
2955 5125 3183 5204 Regna,
3219 5120 3322 5185 hu,
3355 5136 3415 5188 n,
3449 5136 3496 5190 r,
3529 5135 3589 5188 u,
3618 5135 3674 5187 z,

2017 5197 2191 5276 Co'l_b_.
2213 5199 2348 5276 3,__-’l,
2380 5197 2439 5262 h,
2472 5197 2512 5266 i,
2545 5204 2601 5276 et
2634 5198 2816 5276 Pass?
2841 5197 3144 5276 constabit
3173 5208 3407 5276 sensus:

2089 5271 2199 5341 (33)
2256 5262 2693 5344 Χειραγώγῇσαι.
2753 5268 2894 5324 Gab.
2966 5287 2987 5316 ι
3031 5265 3307 5323 manibus
3364 5262 3673 5328 deducere,

2019 5342 2343 5414 prudentia,
2359 5342 2700 5414 Consulare.
2716 5362 2743 5387 »

2091 5414 2205 5485 (34)
2239 5413 2511 5485 Κτήσεως.
2545 5418 2608 5466 In
2638 5408 3006 5485 edLmicewm
3042 5423 3234 5481 prave.

2239 5481 2544 5560 Σφαλερᾶς.
2581 5507 2614 5560 εί
2643 5481 3051 5560 Fallacibus.)

2097 5553 2206 5628 (36)
2296 5553 2854 5625 ’Κατεσπουδασμένον
2867 5596 2878 5607 ,
2984 5553 3188 5608 Comb.

2025 5649 2203 5774 νο(37)
2344 5701 2446 5774 τῷν
2473 5696 2796 5774 σπερμάτων
2819 5693 3072 5774 ἐκείνοις,
3095 5695 3430 5774 Sic_no_vem
3459 5691 3669 5774 R‘eggz,

2023 5761 2124 5829 sei
2161 5761 2347 5842 Colb.,
2371 5770 2467 5829 Or.
2511 5761 2586 5840 1,’
2611 5761 2731 5825 Jss.
2780 5771 2837 5823 et
2880 5767 3013 5825 Pas.
3049 5769 3113 5825 In
3143 5767 3238 5825 ed.
3280 5764 3410 5822 Par.
3447 5761 3526 5838 μὴ
3554 5761 3675 5818 τοῖς

2310 5551 2854 5625 Κατεσπουδασμένον
2867 5596 2878 5607 ,
2984 5553 3188 5608 Comb.
3284 5565 3686 5616 κατεσπευσμε-
