4110 6420
360 389 473 456 481

1507 383 1800 446 ORATIO
1842 379 1923 445 ΙΙ.
1954 415 2033 428 -
2074 375 2645 444 APOLOGETICA.

3666 385 3789 450 482

362 523 538 585 ἐοικὸς
587 521 648 596 ᾖ,
699 520 733 573 ἃ
778 518 914 574 κατά
961 521 1068 573 τῶν
1119 519 1330 595 πετρῶν
1378 516 1631 589 πεσόντα,
1679 516 1766 572 καὶ
1833 513 1920 570 διὰ
1966 513 2028 568 τὸ

2159 514 2412 571 ιθεὶτηὶιο
2435 515 2665 587 sit,qua3
2689 515 2745 568 in
2773 518 2965 587 petras
2990 514 3322 573 ceciderunt
3348 536 3360 587 ;
3387 521 3442 574 et
3464 520 3603 591 quia
3620 524 3787 577 terra:

366 615 442 689 μὴ
506 611 655 687 ἔχειν
717 609 882 684 βάθος
942 615 1072 682 γῆς,
1123 608 1278 669 εὐθὺς
1326 606 1689 681 ἀνακύψαντα,
1742 603 1866 659 οὐδὲ
1920 605 2020 672 τὴν

361 704 589 777 πρώτην
649 697 848 774 ἤνεγκε
903 700 1000 752 τοῦ
1054 695 1221 766 ἡλίου
1278 695 1608 773 θερμότηταο
1669 697 1704 764 ἢ
1762 699 1840 766 τῷ
1890 694 2027 748 κατὰ

363 799 464 862 τῆς
525 788 756 864 ψάμμου
814 785 1017 850 τεθέντι
1097 783 1363 858 θεμελίῳ,
1420 782 1560 858 μηδὲ
1622 783 1806 859 ὀλίγον
1878 782 2024 836 ἀντι-

370 880 558 958 σχόντι
617 879 752 952 πρὸς
808 877 907 944 τὴν
974 876 1185 952 βροχῆν
1247 875 1336 929 καὶ
1397 875 1463 928 τὰ
1536 873 1836 946 πνεύματα.
1896 869 2026 925 Οὐαί

375 991 486 1042 σοι,
545 967 746 1039 πόλις,
807 969 872 1035 ἧς
954 967 982 1020 6
1059 962 1311 1040 βασιλεύς
1385 985 1480 1018 σου
1551 961 1817 1038 νεώτερός
1894 961 2025 1033 ἐστι,

371 1059 503 1139 φησί
561 1056 832 1130 Σολομῶν
891 1055 1027 1126 (38)’
1088 1053 1201 1121 καὶ,
1259 1053 1347 1122 Μὴ
1409 1050 1518 1117 ί¹σθι
1588 1051 1761 1128 ταχὺς
1829 1049 1879 1105 ἐν
1931 1047 2030 1104 λό-

371 1169 519 1224 γοις,
597 1151 696 1201 τοῦ
769 1143 934 1200 αὐτοῦ
1013 1141 1380 1217 Σολομῶντος
1456 1143 1640 1221 φωνὴ,
1699 1141 1924 1218 πρᾶγμά
1975 1160 2028 1194 τι

371 1238 596 1294 ἔλαττον
645 1235 784 1308 (39),
838 1231 1120 1308 λέγοντος,
1173 1233 1236 1286 τὸ
1288 1233 1411 1308 περὶ
1469 1231 1635 1307 λόγον
1699 1230 1872 1306 τάχος
1930 1235 2031 1299 τῆς

368 1327 493 1404 περὶ
525 1325 716 1402 πρᾶξιν
749 1321 1108 1398 θερμότητος.
1138 1321 1240 1378 Καὶ
1270 1320 1351 1383 τίς
1382 1320 1493 1376 ἐστι
1534 1321 1680 1397 παρὰ
1723 1324 1890 1374 ταῦτα
1919 1320 2033 1393 (40)

372 1420 400 1473 6
457 1417 520 1470 τὸ
579 1417 749 1488 τάχος
807 1412 1050 1467 ἀπαιτῶν
1107 1411 1214 1486 πρὸ
1262 1417 1364 1473 τῖς
1422 1409 1717 1487 ἀσφαλείας
1783 1408 1872 1463 καὶ
1935 1412 2032 1462 τοῦ

376 1502 802 1580 συμωέροντος;
858 1500 946 1562 Τίς
1009 1501 1037 1554 6
1090 1499 1370 1567 πλάττων,
1429 1497 1668 1573 καθάπερ
1726 1497 2034 1572 αὐθήμερον

374 1593 501 1656 τοὺς
552 1590 841 1662 πηλίνους,
903 1589 995 1644 τὸν
1052 1595 1152 1658 τῆς
1213 1587 1477 1658 ἀληθείας
1551 1588 1883 1664 προστάτην,
1941 1585 2034 1640 τὸν

382 1685 516 1755 μετὰ
575 1678 828 1756 ἀγγέλων
890 1677 1245 1750 στησόμενον,
1306 1677 1395 1732 καὶ
1478 1676 1609 1750 μετὰ
1679 1673 2032 1752 ἀρχαγγὲλων

378 1770 692 1845 δοξάσοντα,
743 1769 833 1824 καὶ
890 1767 979 1822 ἐπὶ
1037 1767 1099 1822 τὸ
1155 1768 1264 1822 ἄνω
1340 1768 1724 1839 θυσιαστήριον
1799 1764 2035 1838 ἀναπέμ-

2137 604 2506 659 altitudinem
2533 621 2646 659 non
2669 604 3190 672 habebant,statim
3215 612 3509 674 exorta,ne
3530 611 3790 683 primum

2137 693 2372 766 quidem
2407 692 2548 750 solis
2580 693 2831 749 calorem
2869 696 3016 750 ferre
3049 698 3423 768 potuerunt"
3447 715 3460 754 :
3485 703 3583 754 aut
3613 700 3790 756 etiam

2136 783 2518 839 fundamento
2551 784 2606 838 in
2641 801 2816 839 arena
2838 784 3022 856 jacto,
3055 787 3204 857 quod
3243 786 3454 858 pluviae
3487 805 3552 843 ac
3600 789 3790 844 ventis

2139 890 2208 928 ne
2242 873 2537 928 tantillum
2573 873 2809 946 quidem
2845 873 3058 929 restitit
3077 875 3139 931 7”.
3181 877 3288 944 Vae,
3322 877 3423 932 tibi
3457 879 3678 946 civitas,
3709 877 3792 932 ait

2136 962 2431 1032 Salomon,
2461 965 2616 1034 cujus
2664 980 2770 1018 rex
2791 965 2988 1036 junior
3015 969 3095 1020 est
3121 966 3205 1021 ⁸ος
3243 967 3538 1039 idemque,
3594 968 3668 1022 Ne
3714 969 3790 1022 sis

2141 1053 2282 1107 celer
2308 1054 2366 1107 in
2399 1053 2574 1108 verbis
2595 1054 2636 1088 εί
2665 1072 2677 1108 ;
2713 1052 2998 1110 minorem
3033 1054 3255 1110 scilicet
3302 1073 3426 1112 rem
3467 1075 3597 1113 esse
3627 1072 3791 1113 asse-

2140 1157 2275 1197 rens
2332 1141 2684 1197 celeritatem
2747 1142 2805 1197 in
2853 1144 3066 1210 verbis,
3129 1161 3307 1216 quam
3366 1146 3682 1202 ferventem
3731 1146 3794 1204 in

2141 1231 2366 1286 actione
2399 1231 2848 1288 festinationem.
2882 1234 2952 1288 Et
2978 1233 3110 1306 quis
3169 1239 3276 1302 est,
3312 1235 3409 1307 qui
3442 1241 3644 1292 contra
3673 1236 3797 1293 hac

2142 1319 2341 1376 omnia
2371 1319 2723 1376 celeritatem
2758 1321 2951 1394 potius
2985 1339 3158 1394 quam
3194 1325 3570 1381 securitatem
3602 1329 3658 1381 et
3689 1327 3802 1382 uti-

2142 1409 2370 1464 litatem
2403 1411 2724 1481 exposcat?
2753 1411 2891 1474 Quis
2923 1419 3010 1466 est
3041 1412 3138 1483 qui
3166 1413 3426 1469 veritatis
3458 1431 3792 1488 prepugna-

2145 1501 2354 1565 torem,
2389 1499 2564 1553 unius
2597 1498 2838 1556 dieculae
2870 1501 3079 1572 spatio,
3114 1502 3270 1557 velut
3300 1519 3329 1557 e
3361 1503 3483 1559 luto
3533 1509 3793 1562 statuam

2147 1587 2350 1659 ﬁngit:
2387 1586 2572 1654 illum,
2602 1589 2868 1660 inquam,
2893 1590 2987 1660 qui
3023 1607 3154 1645 cum
3185 1591 3406 1662 angelis
3435 1593 3631 1665 stabit,
3657 1610 3793 1650 cum

2147 1677 2514 1749 archangelis
2545 1678 2914 1749 gloriﬁcabit,
2948 1681 3018 1734 ad
3051 1697 3372 1751 supernum
3406 1681 3589 1738 altare
3619 1683 3796 1739 sacri-

2148 1767 2280 1821 ﬁcia
2309 1767 2689 1834 transmittat,
2714 1785 2847 1823 cum
2880 1768 3111 1824 Christo
3145 1771 3466 1827 sacerdotio
3499 1772 3798 1846 fungetur,

377 1866 545 1936 ψοντα
601 1861 697 1922 τὰς
757 1857 962 1929 Θυσίας,
1021 1857 1110 1912 καὶ
1177 1859 1394 1933 Χριστῷ
1452 1855 1852 1932 συνιερεύσοντα
1900 1856 2034 1929 (41),

2159 1856 2496 1928 figmentum
2511 1856 2836 1912 instaurabi
2849 1857 2906 1921 t,i
2921 1859 3208 1930 maginem
3225 1859 3804 1934 exhibebit,superno

379 1951 469 2005 τὸν
547 1947 927 2005 ἆναπλάσοντα
995 1948 1056 2002 τὸ
1139 1945 1387 2020 πλάσμα,
1461 1945 1551 2000 val
1626 1946 2038 2020 παραστήσοντα

379 2040 478 2108 τὴν
510 2039 712 2110 εἰκόνα,
743 2038 833 2092 καὶ
861 2037 942 2108 τῷ
987 2037 1098 2091 ἅνω
1143 2035 1340 2108 κόσμῳ
1389 2031 1453 2105 δη
1467 2035 1870 2111 μιουργήσοντα
1901 2033 2035 2108 (42),

381 2129 469 2183 καὶ
520 2129 582 2184 τὸ
637 2133 819 2202 μεῖζον
871 2125 1064 2194 εἰπεῖν,
1124 2127 1252 2181 Θεὸν
1305 2123 1586 2198 ἐσόμενον,
1635 2123 1724 2178 καὶ
1779 2124 2034 2193 θεοποιή-

379 2239 542 2273 σοντα
569 2237 582 2288 ;

448 2309 564 2364 ΟΔ’.
597 2303 737 2364 Οἶδα
780 2303 927 2368 τίνος
973 2303 1132 2379 ἐσμὲν
1183 2303 1518 2380 λειτουργοὶ,
1551 2301 1642 2357 καὶ
1689 2305 1796 2356 ποῦ
1853 2301 2037 2374 κείμε-

379 2418 486 2467 νοι,
518 2396 610 2452 καὶ
643 2399 750 2450 ποῖ’)
780 2395 1110 2469 πέμποντεςο
1153 2391 1276 2449 οἴδα
1321 2396 1418 2448 τοῦ
1467 2395 1601 2448 Θεοῦ
1647 2392 1709 2446 τὸ
1758 2390 1914 2465 ὕψος,
1948 2388 2037 2445 καὶ

383 2487 481 2555 τὴν
532 2484 873 2560 ἀνθρωπίνην
927 2483 1212 2551 ἀσθένειαν,
1263 2482 1351 2538 καὶ
1401 2483 1501 2551 τήν
1554 2478 1778 2555 δύναμιν
1851 2479 2034 2536 πάλιν·

387 2573 628 2649 Οὐρανὸς
689 2573 924 2648 ὑψηλὸς,
953 2577 1026 2651 γῆ
1078 2571 1135 2629 δὲ
1183 2574 1390 2649 βαθεῖα.
1426 2571 1523 2626 Καὶ
1570 2570 1653 2634 τίς
1711 2565 2037 2642 ἀναϐήσεται

390 2667 494 2718 τῶν
546 2662 889 2739 ἐρῥιμμένων
954 2662 1024 2738 τῇ
1067 2661 1335 2738 ἁμαρτίας
1387 2660 1486 2724 Τίς
1535 2659 1912 2737 περικείμενος
1962 2657 2037 2714 ἔτι

389 2753 480 2808 τὸν
528 2752 675 2808 κάτω
724 2753 882 2831 ζόφον
929 2753 1019 2807 καὶ
1067 2755 1164 2822 τῆς
1219 2752 1412 2826 σαρκὸς
1458 2752 1556 2820 τὴν
1601 2749 1891 2826 παχύτητα
1922 2747 2040 2823 ὅλῳ

382 2844 471 2898 vol.“
525 2846 777 2918 καθαρῶς
836 2842 1152 2899 ἐποπτεύσει
1219 2846 1340 2896 νοῦν
1405 2841 1558 2908 ὅλον,
1613 2840 1701 2894 καὶ
1755 2842 2039 2916 μιγήσεται

392 2938 509 2995 τοῖς
551 2933 744 2988 ἑστῶσι
796 2931 884 2987 καὶ
931 2930 1183 3009 ἀοράτοις
1214 2931 1264 2985 ἐν
1304 2937 1419 2993 τοῖς
1472 2931 1720 2992 ἀστάτοις
1760 2929 1848 2984 καὶ
1899 2931 2039 3005 ὁρω-

393 3022 616 3094 μὲνοις;
651 3020 826 3084 Μόλις
857 3021 960 3097 γὰρ
995 3022 1054 3076 ἄν
1094 3043 1178 3083 τις
1210 3020 1432 3075 ἐνταῦθα
1479 3023 1586 3073 τῶν
1633 3016 1840 3095 σφόδρα
1888 3040 2042 3074 κεκα-

389 3111 670 3186 θαρμὲνων
715 3111 805 3165 καὶ
854 3107 1086 3165 εἷ’δωλον
1134 3111 1247 3183 (43)
1291 3114 1387 3164 τοῦ
1454 3107 1626 3163 καλοῦ
1695 3110 2040 3184 θεωρήσειεν,

386 3199 568 3277 ὥσπερ
626 3201 677 3254 οἱ
723 3201 814 3255 τὸν
857 3198 1018 3270 ἥλιον
1048 3198 1099 3253 ὲν
1129 3203 1247 3261 τοῖς
1279 3196 1453 3255 ὕδασι.
1480 3197 1572 3260 Τίς
1606 3199 1633 3253 6
1669 3201 1938 3272 μετρήσας
1970 3202 2037 3272 τῇ

2149 1945 2369 2000 mundo
2400 1945 2667 2017 Opificem
2702 1950 2852 2018 aget,
2881 1951 2958 2011 et,
2986 1952 3067 2016 ut,
3093 1949 3246 2018 quod
3275 1951 3468 2022 majus
3491 1950 3804 2020 est,dicam

2148 2035 2293 2090 deus
2324 2033 2453 2103 erit,
2487 2033 2753 2106 aliosque
2784 2035 2922 2091 deos
2955 2037 3218 2092 efﬁciet?

2221 2302 2458 2358 LXXIV.
2491 2303 2846 2374 Scio,'cujus
2879 2303 3132 2361 ministri
3157 2323 3389 2373 sumus,
3412 2312 3468 2362 et
3488 2309 3800 2380 ubijacen-

2149 2394 2257 2459 tes,
2278 2397 2334 2448 et
2357 2409 2471 2465 quo
2497 2393 2814 2449 mittentes.
2839 2394 2987 2466 Scio,
3012 2413 3138 2467 quae
3162 2395 3258 2451 Dei
3289 2397 3645 2467 sublimitas,
3672 2417 3800 2471 quis

2149 2481 2410 2537 humana
2441 2481 2781 2551 infirmitas,
2806 2500 2872 2539 ac
2905 2501 3139 2540 rursum
3176 2487 3435 2557 potentia
3467 2488 3560 2542 sit.
3598 2488 3805 2544 Caelum

2149 2570 2448 2640 excelsum,
2476 2577 2623 2627 terra
2645 2582 2823 2628 autem
2840 2573 3118 2645 profunda
3135 2575 3200 2628 ⁸2.
3226 2575 3289 2630 Et
3307 2576 3575 2647 quisnam
3600 2595 3804 2635 eorum

2151 2661 2444 2732 ascendet,
2465 2661 2564 2733 qui
2591 2669 2826 2734 peccato
2848 2665 3122 2734 prostrati
3148 2666 3328 2720 sunt?
3350 2666 3490 2730 Quis
3510 2666 3802 2726 infernam

2152 2751 2462 2824 caliginem
2489 2755 2544 2807 et
2570 2753 2762 2807 carnis
2799 2752 3120 2808 crassitiem
3178 2754 3368 2811 adhuc
3417 2773 3645 2828 gerens,
3677 2762 3802 2815 tota

2153 2846 2345 2897 mente
2375 2845 2558 2897 totam
2589 2841 2750 2897 illam
2785 2846 3039 2897 mentem
3073 2861 3216 2915 pure
3256 2846 3561 2916 spectabit,
3596 2849 3799 2903 rebus-

2153 2949 2263 3003 que
2296 2931 2609 2986 stabilibus
2631 2935 2687 2987 et
2709 2932 2779 2986 ab
2798 2929 3100 2987 oculorum
3124 2941 3360 3005 aspectu
3387 2936 3627 2991 remotis
3650 2936 3802 2992 inter

2150 3020 2456 3077 instabiles
2477 3020 2778 3093 oculisque
2803 3022 3097 3092 subjectae
3121 3022 3503 3079 miscebitur?
3526 3026 3621 3080 Vix
3643 3026 3800 3083 enim

2153 3112 2465 3183 quisquam
2501 3110 2595 3167 hic
2643 3128 2842 3166 eorum
2878 3111 2978 3182 qui
3021 3113 3302 3184 majorem
3337 3114 3392 3168 in
3427 3116 3666 3171 modum
3701 3119 3802 3173 49

2154 3201 2382 3273 purgati
2409 3205 2567 3272 sunt,
2583 3199 2756 3255 etiam
2781 3201 2975 3272 ipsum
2995 3203 3210 3256 summi
3234 3201 3389 3256 illius
3410 3204 3544 3258 honi
3569 3204 3808 3261 simula-

381 3290 530 3367 χειρὶ
578 3291 641 3345 τὸ
689 3288 860 3366 ὕδωρ,
891 3290 980 3344 καὶ
1025 3287 1115 3343 τόν
1168 3288 1391 3366 οὐρανὸν
1443 3292 1711 3361 σπιθαμῇ,
1745 3287 1833 3342 καὶ
1868 3295 2035 3342 πᾶσαν

2159 3307 2317 3345 crum
2351 3307 2582 3346 cernere
2614 3294 2803 3361 queat,
2841 3307 2956 3345 non
2987 3306 3158 3346 secus
3198 3295 3373 3363 atque
3405 3294 3442 3348 ii
3477 3295 3576 3364 qui
3623 3294 3804 3353 solem

376 3380 475 3449 τὴν
537 3385 643 3454 γῆν
694 3375 889 3454 δρακί;
924 3377 1021 3440 Τίς
1071 3376 1264 3448 ἔστησε
1299 3379 1366 3433 τὰ
1397 3372 1498 3453 ὄρη
1534 3379 1775 3450 σταθμῷ,
1809 3377 1896 3432 καὶ
1945 3379 2041 3440 τὰς

383 3467 548 3530 νάκας
586 3473 766 3543 ζυγῷ;
803 3467 892 3529 Τίς
940 3467 1110 3529 τόπος
1153 3469 1253 3535 τῆς
1300 3465 1686 3528 καταπαύσεως
1739 3465 1922 3538 αὐτοῦ,
1954 3467 2043 3522 καὶ

391 3557 495 3611 τίνι
525 3561 632 3612 τῶν
661 3558 872 3612 πάντων
906 3557 1345 3631 ὁμοιωθήσεται;

469 3825 585 3880 ΟΕ’.
648 3822 738 3886 Τίς
786 3823 814 3878 ὁ
870 3825 1102 3896 ποιήσας
1159 3825 1227 3879 τὰ
1280 3824 1454 3879 πάντα
1505 3822 1556 3879 ἒν
1617 3821 1794 3899 λόγῳ,
1836 3824 1924 3879 καὶ
1976 3825 2045 3902 τῇ

401 3914 562 3992 σοφίᾳ
617 3912 1010 3976 κατασκευάσας
1067 3910 1372 3990 ἄνθρωπον,
1433 3912 1518 3967 καὶ
1581 3911 1656 3975 εἷς
1718 3912 1774 3968 ἓν
1828 3913 2044 3992 ἀγαγὼν

396 4005 462 4058 τὰ
519 4000 797 4075 διεστῶτα,
849 4003 937 4057 καὶ
994 4004 1146 4076 μίξας
1196 4003 1288 4058 τὸν
1339 4007 1474 4078 χοῦν
1521 4007 1599 4074 τῷ
1636 4001 1923 4077 πνεύματι,
1957 4007 2045 4061 καὶ

398 4092 600 4154 συνθεὶς
657 4097 792 4162 ζῶον
856 4092 1049 4169 ὁρατὸν
1112 4089 1200 4146 καί
1272 4091 1523 4166 ἀόρατον,
1566 4093 1896 4170 πρόσκαιρον
1956 4099 2045 4151 καί

393 4180 677 4255 ἀθάνατον,
730 4181 965 4257 ἐπίγειον
1041 4181 1129 4236 καὶ
1202 4180 1474 4256 οὐράνιον,
1535 4182 1838 4256 ἁπτόμενον
1911 4192 2046 4240 Θεοῦ

389 4271 479 4325 καὶ
531 4271 592 4326 οὐ
641 4268 1157 4347 περιδρασσὸμενον,
1198 4270 1409 4347 ἑγγίζον
1457 4271 1547 4326 καὶ
1597 4272 2044 4347 μακρυνόμενον;

389 4361 552 4433 Εἴποι,
612 4363 1036 4438 σοφισθήσομαι,
1089 4360 1250 4437 φησὶν
1319 4361 1346 4414 6
1412 4358 1706 4432 Σολομῶν,
1751 4362 1840 4416 καὶ
1911 4364 2044 4434 αὐτὴ

394 4448 706 4525 ἐμακρῦνθη
763 4449 854 4504 ἀπ’
916 4448 1051 4522 ἐμοῦ
1113 4449 1316 4524 μακρὸν
1389 4448 1519 4522 ὑπὲρ
1571 4448 1599 4502 ὃ
1650 4449 1741 4520 ἦν,
1787 4452 1887 4520 τὴν
1958 4473 2048 4507 σο-

399 4535 520 4614 φίαν
596 4536 772 4610 λέγων
821 4541 953 4613 (41).
1008 4537 1106 4593 Καὶ
1170 4535 1340 4597 ὅντως
1387 4537 1415 4591 6
1464 4538 1774 4614 προστιθεὶς
1847 4545 2046 4615 γνῶσιν

2155 3379 2212 3434 in
2247 3378 2415 3450 aquis
2447 3379 2771 3434 intuentur.
2799 3379 2932 3447 Quis
2962 3396 3180 3436 mensus
3208 3391 3285 3437 est
3314 3399 3520 3455 aquam
3551 3392 3807 3457 manu,et

2153 3470 2349 3524 caelum
2383 3469 2588 3540 palmo,
2631 3478 2682 3524 et
2727 3470 3043 3525 universam
3089 3480 3296 3526 terram
3340 3473 3555 3545 pugillo
3583 3475 3612 3530 7
3669 3476 3804 3544 Quis

2153 3561 2345 3615 statuit
2406 3563 2611 3613 montes
2654 3559 2712 3613 in
2757 3561 3016 3631 pondere,
3068 3569 3119 3616 et
3155 3563 3326 3618 silvas
3373 3565 3432 3618 in
3478 3570 3679 3622 statera
3711 3568 3800 3625 33?

2155 3649 2296 3718 Quis
2327 3648 2472 3702 locus
2502 3648 2762 3718 requietis
2792 3651 2913 3718 eius
2943 3649 3008 3715 3‘,
3042 3653 3091 3704 et
3132 3653 3228 3706 cui
3255 3667 3327 3707 ex
3354 3655 3605 3710 omnibus
3635 3657 3798 3715 rebus

2155 3737 2565 3792 assimilabitur
2578 3736 2622 3770 ⁸⁵
2640 3739 2666 3789 .’

2231 3825 2436 3881 LXXV.
2469 3825 2612 3890 Quis
2641 3829 2732 3881 est
2763 3825 2861 3897 qui
2888 3826 3086 3882 omnia
3117 3828 3174 3882 in
3227 3830 3401 3886 verbo
3434 3833 3622 3890 effecit
3651 3837 3715 3905 ⁸⁸,
3750 3841 3808 3894 et

2159 3915 2446 3988 sapientia
2469 3915 2764 3970 hominem
2792 3915 3074 3986 condidit,
3101 3935 3164 3972 ac
3192 3936 3284 3975 res
3311 3919 3462 3977 inter
3483 3940 3545 3979 se
3568 3924 3808 3984 dissitas

2157 4004 2470 4078 copulavit,
2503 4008 2833 4074 terramque
2886 4005 3120 4077 spiritui
3180 4009 3438 4082 miscuit,
3473 4013 3809 4086 animalque

2154 4094 2382 4150 visibile
2404 4097 2462 4149 et
2482 4093 2773 4150 invisibile
2794 4096 3144 4167 composuit,
3166 4099 3453 4156 caducum
3476 4108 3534 4157 et
3563 4104 3805 4160 immor-

2155 4185 2290 4253 tale,
2323 4187 2596 4239 terrestre
2617 4187 2673 4239 et
2703 4184 2951 4250 caeleste,
2986 4185 3169 4241 Deum
3192 4188 3485 4262 attingens
3519 4209 3622 4249 nec
3654 4211 3811 4250 com-

2157 4274 2547 4346 prehenderis,
2583 4275 3062 4344 appropinquans
3119 4281 3176 4331 et
3232 4279 3431 4348 procul
3489 4283 3810 4340 recedens?

2160 4365 2337 4418 Dixi:
2370 4363 2600 4432 Sapiens
2623 4364 2856 4432 afﬁcior,
2893 4363 2972 4416 ait
3005 4364 3279 4420 Salomon
3308 4385 3320 4423 :
3374 4372 3430 4422 at
3481 4373 3598 4442 ipsa
3638 4373 3817 4428 multo

2159 4467 2325 4521 quam
2373 4455 2499 4504 ante
2547 4451 2762 4522 longius
2794 4467 2827 4505 (ι
2869 4467 2954 4506 me
3004 4456 3223 4509 recessit
3243 4456 3306 4527 ⁸⁷,
3341 4474 3552 4530 nempe
3582 4462 3816 4534 sapien-

2161 4544 2304 4596 tiam
2332 4542 2549 4597 dicens.
2585 4549 2666 4596 Ac
2699 4559 2839 4597 sane
2871 4543 2966 4612 qui
3003 4544 3155 4599 addit
3186 4548 3493 4619 scientiam,
3525 4552 3690 4607 addit
3719 4552 3819 4608 do-

398 4625 750 4700 προστίθησιν
797 4625 1044 4700 ἄλγημα·
1099 4627 1160 4681 οὐ
1217 4625 1429 4700 μᾶλλον
1505 4625 1887 4701 εὐφραίνοντος
1955 4633 2040 4684 τοῐ

2163 4631 2333 4685 iorem
2353 4629 2418 4682 ⁸⁸.
2440 4630 2663 4700 Quippe
2685 4646 2816 4684 cum
2841 4649 2953 4685 non
2977 4632 3107 4700 plus
3131 4633 3342 4690 laetitia:
3361 4639 3566 4693 afferat
3589 4641 3640 4694 id
3663 4643 3819 4712 quod

471 4743 514 4777 ⁷⁸
537 4743 976 4813 Matth.xui,5;
1024 4746 1308 4815 Luc.vm,
1334 4745 1388 4799 6.
1431 4745 1474 4779 7°
1498 4744 1739 4810 Luc.v1,
1768 4746 1868 4815 48;
1914 4747 2116 4804 Matth.
2159 4764 2259 4814 vn,
2319 4747 2402 4801 ‘26.
2469 4745 2513 4780 ⁸ο
2597 4745 2778 4801 Eccle.

2868 4765 2923 4815 x,
2997 4749 3082 4803 16.
3169 4751 3212 4786 ⁸³
3298 4753 3458 4808 Prov.
3521 4773 3676 4824 xxnx,
3724 4757 3817 4813 20.

474 4836 641 4910 Erov.
673 4851 801 4910 xxv,
821 4835 922 4910 Δ31.
972 4836 1017 4870 ⁸³
1073 4836 1189 4893 Isa.
1230 4853 1320 4905 XL,
1366 4835 1453 4890 12.
1510 4833 1555 4867 δ”
1614 4833 1725 4888 Ιεειι
1772 4852 1917 4903 LXVI,
1954 4839 2003 4894 1ο

2159 4841 2267 4892 lsa.
2300 4853 2389 4905 XL,
2427 4835 2512 4900 18,
2543 4836 2633 4887 25.
2667 4836 2710 4869 εδ
2762 4835 2915 4892 Psal.
2961 4854 3138 4909 χχχιι,
3189 4840 3242 4895 6.
3299 4843 3341 4875 ⁸⁷
3375 4841 3557 4898 Eccle.
3591 4861 3689 4910 vn,
3726 4846 3818 4902 24.

401 4904 444 4938 ⁸⁸
480 4903 657 4959 Eccle.
694 4923 733 4974 ι,
782 4906 866 4960 18.

401 5017 722 5094 σπᾷρμασιν.
759 5021 1044 5077 Caeterum
1076 5023 1188 5078 istc
1235 5021 1494 5094 Gregorii
1546 5020 1732 5091 locus,
1768 5020 1866 5092 qui
1897 5021 2052 5094 diffi-

400 5091 616 5164 cultate
647 5109 760 5146 non
795 5100 971 5160 caret,
1015 5094 1098 5149 sic
1157 5095 1321 5149 reddi
1356 5091 1604 5164 'potest:
1642 5114 1667 5141 ‹‹
1703 5091 1904 5148 verum
1939 5093 2055 5148 haec

401 5163 666 5219 celeritas
697 5182 906 5235 parum
949 5167 1119 5220 etiam
1154 5171 1306 5235 tuta,
1340 5163 1428 5235 ac,
1457 5164 1784 5235 periculum
1828 5170 1935 5234 est,
1983 5181 2056 5220 ne

401 5235 552 5306 quod
587 5236 650 5289 ﬁt
679 5234 963 5306 praecipiti
997 5238 1215 5306 studio,
1260 5235 1346 5291 vel
1396 5234 1473 5290 iis
1497 5235 1734 5290 illorum
1763 5237 2056 5292 seminum

399 5305 594 5377 simile
624 5305 719 5374 sit,
754 5330 782 5357 »ι
817 5305 928 5363 etc.
969 5309 1167 5365 Posset
1195 5310 1372 5366 etiam
1431 5307 1586 5377 quis,
1615 5307 1706 5359 καὶ
1755 5326 2056 5361 κατεσπου-

401 5372 826 5453 δασμένονςεὶῢ
881 5379 1291 5453 interpretari:
1355 5372 1548 5434 «licet
1605 5378 1861 5436 maxime
1916 5397 2059 5436 cura

403 5449 768 5504 adhibeatur.
803 5472 832 5502 »

403 5590 444 5646 Ο
474 5520 588 5645 (I18)
622 5518 910 5648 ἓολο1μῶν.
945 5524 1118 5580 Deest
1149 5526 1206 5580 in
1272 5522 1532 5595 quinque
1593 5521 1800 5594 Regg.,
1833 5528 2057 5596 septem

449 5607 482 5644 ο
557 5634 590 5648 ..
677 5610 721 5646 r.
795 5637 805 5646 .

449 5607 590 5657 om,
626 5607 721 5646 ur.
755 5607 805 5648 1.

475 5663 588 5732 (39)
613 5661 896 5735 Ἔλαττον.
933 5689 962 5717 ‹‹
999 5667 1193 5722 Minus
1246 5664 1483 5735 aliquid.
1523 5685 1550 5712 »
1601 5662 1700 5720 His
1737 5666 1931 5722 verbis
1981 5666 2057 5723 si-

401 5735 644 5812 gniﬁcat
662 5734 1000 5814 Gregorius,
1024 5737 1319 5796 celeritate
1335 5734 1639 5812 loquendi,
1660 5737 1858 5796 minus
1881 5753 2060 5816 quam

2170 5022 2400 5095 agendi,
2439 5021 2687 5095 peccari.

2238 5097 2351 5170 (40)
2387 5092 2537 5167 [ιαρά
2566 5096 2751 5170 tacita.
2787 5093 2936 5170 Gab.
2967 5095 3120 5170 «ωε
3152 5098 3450 5170 neglectis.
3486 5124 3512 5152 n

2238 5163 2349 5237 (41)
2410 5163 2848 5248 Συνιερεύσοντα.
2908 5167 3172 5239 Quinque
3228 5163 3432 5245 Regg.,
3467 5178 3524 5229 et
3561 5174 3732 5232 Coisl.
3770 5177 3821 5248 1,

2168 5235 2256 5289 συν
2269 5235 2658 5310 ιερανεῦσοντα.

2413 5309 2925 5393 Δημιουργήσονιςοξἶ
2993 5330 3021 5360 ‹‹
3076 5311 3183 5377 Qui
3251 5317 3538 5387 superiori
3597 5320 3822 5375 mundo

2168 5397 2404 5453 operam
2438 5398 2614 5453 suam
2635 5381 2952 5453 praestabit.
2985 5404 3004 5428 ι

2239 5455 2362 5530 (43)_
2382 5452 2484 5507 Καὶ
2516 5449 2804 5530 fibulae,
2843 5453 2954 5530 _S_ie
2989 5457 3381 5530 octo_Regg.,
3441 5460 3602 5517 Colb.
3646 5462 3822 5530 quin-

2168 5523 2476 5650 q,%e,xJes.,
2504 5528 2597 5580 Or.
2633 5525 2682 5589 1,
2708 5548 2734 5574 ‹‹
2764 5523 2860 5581 Vel
2884 5526 3079 5597 ipsum
3105 5523 3513 5589 simulacrum.
3545 5556 3570 5583 »
3598 5523 3695 5589 Ed.
3723 5531 3819 5587 κᾶν

2170 5616 2212 5650 ε.
2254 5617 2298 5649 ω
2343 5616 2419 5650 ον.

2170 5616 2193 5650 ε
2208 5616 2419 5650 .οωΑον.

2168 5669 2353 5798 Βῄ-ξίι)
2408 5667 2514 5736 Τὴν
2566 5664 2754 5745 σοφίαν
2793 5664 2985 5744 λέγων.
3026 5669 3157 5728 Haec
3211 5674 3413 5733 omisit
3460 5677 3522 5732 in
3556 5674 3826 5738 versione

2212 5758 2226 5796 1
2278 5756 2396 5798 1118.

2212 5756 2396 5799 unus.
