4110 6406
343 366 460 436 488

1491 363 1785 429 ORATIO
1828 363 1905 428 II.
1940 399 2017 410 -—
2044 356 2590 429 APOLOGETICA

3648 369 3775 435 486

339 506 509 576 ἡμᾶς,
561 498 807 573 δέξασθαι
865 499 1058 574 ψυχῶν
1110 497 1408 571 ἡγεμονίαν
1482 497 1570 552 καὶ
1648 496 1996 574 προστασίαν,

2135 515 2295 572 {nam
2328 503 2392 554 ut
2422 500 2534 570 ipsi
2568 502 2843 572 prmstare
2875 497 3192 572 possimus,
3225 501 3506 559 nimirum
3539 506 3768 562 anima-

339 591 429 648 καὶ
465 591 637 666 μήπω
673 585 815 663 μηδὲ
845 585 1222 660 ποιμαίνεσθαι
1269 587 1455 649 καλῶς
1509 586 1774 660 μαθόντας
1829 590 1998 660 ἡμᾶς,

349 677 493 756 μηδὲ
548 675 912 754 καθαρθέντας
968 676 1067 745 τὴν
1132 676 1316 752 ψυχὴν
1391 674 1514 731 ὅσον
1592 674 1756 747 ἄξιον,
1819 672 2004 731 ἔπειτα

346 770 588 842 ποίμνης
637 766 942 822 ἐπιστατεῖν
989 770 1363 834 πιστευθῆναι·
1410 765 1498 820 καὶ
1548 769 1714 821 ταῦτα
1765 765 1816 820 έν
1876 787 2002 821 κατ-

353 864 466 936 ροῖς
495 855 788 926 τοιούτοις,
823 854 873 909 έν
909 855 992 916 οῖς
1043 855 1322 929 ἀγαπητὸν
1376 855 1585 928 ὁρῶντα
1627 854 1757 917 τοὺς
1803 852 2007 916 ἄλλους

352 946 465 1003 ἄνω
511 945 599 1002 καὶ
647 947 794 1000 κάτω
844 944 1242 1019 στρεφομένους
1284 945 1395 1017 (58)
1425 965 1482 998 τε
1533 945 1623 998 καὶ
1668 941 2005 1017 ταρασσομέ-

353 1059 502 1104 νους,
536 1035 774 1113 φυγόντα
821 1035 967 1111 φυγῇ
1019 1031 1077 1086 ἐκ
1123 1036 1219 1087 τοῦ
1273 1033 1438 1106 μέσου
1470 1035 1604 1108 (59),
1648 1034 1750 1088 ὑπὸ
1797 1031 2006 1104 σκέπην

355 1127 798 1202 ἀναχωρήσαντα,
853 1120 1036 1186 λαθεῖν
1082 1125 1196 1195 (60)
1249 1127 1347 1177 τοῦ
1399 1127 1644 1197 πονηροῦ
1693 1124 1792 1192 τὴν
1842 1121 2010 1193 ζάλην

349 1215 439 1272 καὶ
485 1217 586 1284 τὴν
632 1212 1015 1286 σκοτόμςιιιναν⁹
1066 1211 1229 1282 ἡνίκα
1275 1211 1511 1286 πολεμεῖ
1571 1213 1664 1286 μὲν
1731 1211 2008 1283 ἀλληλοις

345 1305 415 1361 τὰ
460 1303 627 1379 μέλη,
662 1300 872 1380 οἷίχεται
905 1299 962 1357 δὲ
1009 1305 1106 1371 τῆς
1138 1301 1376 1377 ἀγάπης,
1401 1302 1447 1357 εἰ
1496 1302 1586 1357 καί
1615 1323 1668 1358 τι
1712 1306 1778 1372 ἦν
1824 1301 2011 1376 λείψα-

349 1415 463 1467 νον,
497 1389 672 1467 ὄνομα
723 1390 779 1448 δὲ
824 1390 976 1446 κενὸν
1029 1387 1215 1453 ἄλλως
1246 1391 1273 1444 ὁ
1325 1391 1514 1468 ἷερεὺς,
1549 1391 1873 1469 ἐκχυθείσης
1929 1389 2011 1446 ἐπ’

357 1481 630 1559 ἄρχοντας
665 1478 1085 1553 έξουδενώσεως,
1119 1478 1298 1552 ὥσπερ
1332 1477 1562 1556 εἷ’ρηται.

432 1751 554 1808 ΟΘ’.
596 1750 693 1804 Καὶ
749 1747 855 1804 εἷ’θε
908 1747 1058 1803 κενόν
1114 1749 1246 1822 (61)·
1307 1746 1420 1801 νυνὶ
1478 1744 1535 1801 δὲ
1588 1746 1843 1818 τρέποιτο
1898 1750 2012 1822 (62)

2111 605 2242 643 rum
2272 589 2588 660 imperium
2624 607 2687 643 ac
2719 589 3127 661 praefecturam
3182 593 3463 665 accipere,
3514 611 3768 668 cumque

2114 695 2183 732 ne
2216 683 2367 734 recte
2399 679 2630 749 quidem
2667 678 2825 751 pasci
2859 679 3050 734 adhuc
3101 681 3379 752 sciamus,
3414 700 3518 739 nec
3548 684 3766 755 animo,

2115 771 2401 839 quantum
2433 784 2537 840 par
2566 771 2672 836 est,
2707 769 2940 841 purgati
2973 768 3352 843 simus,gregi
3385 771 3767 845 gubernando

2117 857 2359 930 praeﬁci:
2397 857 2574 929 idque
2623 857 2964 928 hujusmodi
3015 859 3401 933 temporibus,
3444 861 3502 917 in
3553 861 3774 934 quibus

2119 945 2392 1017 praeclare
2423 961 2557 1001 cum
2591 962 2656 1001 eo
2689 946 3010 1020 agitur,qui
3042 949 3187 1005 alios
3210 968 3448 1006 sursum
3473 951 3776 1008 deorsum-

2122 1051 2232 1106 que
2256 1034 2464 1104 jactari
2491 1051 2556 1091 ac
2592 1035 2919 1106 perturbari
2955 1038 3344 1110 conspiciens,
3378 1041 3562 1096 effuso
3596 1057 3772 1096 cursu

2120 1124 2189 1180 de
2219 1124 2409 1179 medio
2442 1123 2645 1196 fugiat,
2681 1141 2746 1179 ac
2778 1126 2888 1181 sub
2921 1124 3115 1183 locum
3149 1129 3406 1200 aliquem
3445 1147 3476 1185 ει
3509 1129 3769 1202 periculo

2118 1216 2311 1268 tutum
2347 1213 2644 1284 secedens,
2669 1213 2830 1285 pravi
2860 1213 3018 1271 illius
3051 1220 3459 1289 tempestatem
3491 1223 3548 1274 et
3579 1218 3778 1292 caligi-

2121 1318 2254 1359 nem
2285 1301 2440 1357 vitet.
2481 1307 2618 1372 Hoc,
2655 1303 2921 1375 inquam,
2951 1309 3231 1377 tempore,
3257 1324 3370 1378 quo
3396 1309 3660 1364 membra
3690 1309 3776 1364 in-

2120 1395 2208 1446 ter
2239 1407 2298 1446 se
2328 1395 2612 1464 pugnant,
2638 1396 2695 1447 et
2716 1393 2763 1447 si
2787 1393 2925 1464 quid
2955 1394 3256 1451 cbnritatis
3276 1402 3598 1468 supererat,
3633 1397 3770 1453 abs-

2122 1479 2294 1548 cedit,
2331 1484 2504 1551 atque
2535 1481 2705 1536 inane
2729 1481 2856 1552 jam
2891 1499 3101 1539 nomen
3136 1489 3225 1540 est
3261 1487 3556 1554 sacerdos,
3588 1487 3775 1545 effusa

2122 1567 2406 1637 videlicet,
2440 1572 2506 1623 ut
2534 1569 2844 1640 Scriptura:
2874 1571 3064 1628 verbis
3097 1573 3321 1643 utar,in
3353 1575 3514 1646 ipsos
3547 1591 3781 1649 quoque

2123 1657 2416 1728 principes
2451 1658 2883 1730 contemptione
2906 1661 2968 1712 9°.

2196 1746 2431 1802 LXXIX.
2478 1749 2666 1818 Atque
2726 1748 2950 1804 utinam
2998 1749 3170 1805 inane
3223 1759 3416 1821 esset;
3450 1769 3605 1808 nunc
3646 1770 3780 1810 vero

362 1841 436 1904 εἷς
494 1839 733 1916 κεφαλὰς
791 1839 958 1893 ἀθέων
1016 1839 1051 1908 ἡ
1117 1835 1456 1915 βλασφημία.
1517 1834 1701 1899 Φόϐος
1758 1835 1815 1891 δὲ
1874 1836 2010 1900 ἅπας

2135 1841 2382 1890 vertatur
2408 1835 2466 1890 in
2500 1835 2818 1906 impiorum
2851 1838 3041 1908 capita
3074 1838 3458 1910 blasphemia.
3490 1845 3773 1899 Caeterum

363 1930 645 2006 ἐξώρισται
726 1932 833 1983 τῶν
917 1929 1126 2002 ψυχῶν·
1187 1926 1529 1996 ἀντεισῆκται
1609 1924 1666 1981 δὲ
1740 1923 2006 1981 ἀναίδειαο

361 2024 458 2075 τοῦ
521 2017 862 2094 βουλομένου
893 2019 1007 2088 (63)
1041 2013 1097 2070 δὲ
1150 2018 1185 2085 ἡ
1238 2020 1455 2092 γνῶσις,
1487 2013 1576 2070 καί
1633 2016 1700 2069 τὰ
1748 2015 1886 2091 βάθη
1918 2020 2016 2070 τοῖ’)

366 2108 707 2182 Πνεύματος⁶
747 2105 939 2166 πάντες
997 2102 1054 2161 δέ
1113 2104 1269 2178 έσμεν
1330 2107 1440 2179 (64)
1501 2099 1737 2166 εὐσεϐεῖς
1794 2104 1843 2174 ἐξ
1902 2106 2014 2168 ἑνὸς

363 2198 533 2272 μόνου
610 2200 709 2252 τοῦ
779 2195 1200 2269 καταγινώσκειν
1287 2192 1473 2249 ἄλλων
1548 2196 1661 2266 (65)
1748 2189 2014 2250 ἀσέϐειαν.

358 2287 628 2365 Χρώμεθα
669 2284 728 2340 δὲ
777 2282 1052 2346 δικασταῖς
1101 2289 1219 2345 τοῖς
1267 2283 1444 2345 ἀθέοις
1495 2285 1628 2359 (66),
1661 2282 1749 2338 καὶ
1793 2281 2017 2359 ῥιπτοῦ-

365 2397 462 2451 μεν
519 2375 588 2431 τὰ
642 2375 767 2451 ἅγια
812 2378 928 2436 τοῖς
976 2373 1120 2442 κυσὶ,
1171 2371 1260 2428 καὶ
1307 2370 1587 2448 βάλλομεν
1630 2371 1755 2434 τοὺς
1814 2393 2020 2450 μαργα-

367 2463 519 2540 ρίτας
581 2461 884 2540 ἔμπροσθεν
939 2468 1046 2518 τῶν
1105 2461 1332 2540 χοίρων,
1371 2456 1631 2538 βεϐήλοις
1688 2463 1875 2525 ἀκοαῖς
1928 2461 2018 2518 καὶ

366 2555 572 2628 ψυχαῖς
625 2552 693 2607 τὰ
750 2554 866 2607 θεῖα
923 2551 1362 2626 δημοσιεύοντεςο
1395 2552 1485 2606 καὶ
1539 2552 1634 2614 τὰς
1664 2557 1771 2607 τῶν
1802 2551 2016 2629 ἐχθρῶν

369 2641 536 2717 εὐχᾶς
597 2640 875 2716 ἐπιμελῶς
934 2639 1316 2718 έκπληροῦμεν
1366 2641 1417 2696 οἱ
1467 2638 1718 2710 δείλαιοι,
1751 2641 1840 2697 καὶ
1890 2663 2022 2716 πορ-

364 2731 606 2794 νεύοντες
659 2730 712 2788 έν
762 2737 878 2794 τοῖς
930 2728 1353 2804 ἐπιτηδεύμασιν
1403 2733 1564 2804 ἡμῶν
1615 2731 1715 2787 οὐκ
1761 2731 2020 2808 αἰσχυνό-

371 2823 523 2894 μεθα.
559 2815 851 2878 Μωαϐῖται
911 2818 969 2876 δὲ
1025 2821 1115 2875 καὶ
1174 2822 1526 2894 Ἀμμανῖται,
1588 2822 1666 2884 οἷς
1728 2819 1842 2876 οὐδ’
1899 2821 2019 2893 ἐξῆν

369 2910 616 2988 παριέναι
691 2911 805 2984 (67)
879 2910 956 2972 εἰς
1033 2907 1356 2980 Ἐκκλησίαν
1435 2909 1634 2985 Κυρίου
1693 2913 1827 2984 (68),
1903 2915 2020 2973 τοῖς

370 3000 692 3076 ἁγιωτάτοις
738 3002 897 3072 ἡμῶν
949 2995 1354 3073 ἐμϐατεύουσιν.
1391 3000 1706 3073 Ἢνοίξαμεν
1758 2998 1815 3055 δὲ
1864 3007 2020 3056 πᾶσιν

369 3092 431 3144 ού
484 3089 658 3152 πύλας
710 3086 1078 3161 δικαιοσύνης,
1111 3086 1258 3143 ἀλλὰ
1307 3088 1471 3164 θύρας
1518 3087 1803 3166 λοιδορίας
1832 3112 1889 3145 τε
1933 3091 2022 3145 καὶ

363 3186 466 3249 τῆς
517 3181 634 3233 κατ’
683 3176 949 3249 ἀλλήλων
1013 3176 1370 3254 θρασύτητος’
1431 3178 1518 3233 καὶ
1589 3179 1744 3242 οὗτος
1808 3176 2024 3255 ἄριστος

2126 1933 2320 1981 metus
2346 1923 2538 1980 omnis
2559 1924 2857 1980 exanimis
2877 1927 3086 1996 pulsus
3115 1928 3285 1994 est,in
3309 1929 3556 2001 ejusque
3578 1929 3772 1988 locum

2126 2015 2445 2086 subrogata
2470 2014 2874 2086 impudentia:
2911 2020 3116 2089 estque
3147 2017 3412 2088 cujusvis
3446 2019 3778 2088 seientia,et

2128 2104 2419 2176 profunda
2451 2103 2703 2176 Spiritus
2734 2105 2814 2159 9":
2849 2109 3023 2177 atque
3054 2122 3259 2162 omnes
3291 2123 3357 2161 ex
3408 2107 3515 2163 hoc
3548 2125 3664 2164 uno
3698 2108 3780 2180 pii

2127 2210 2363 2259 sumus,
2386 2192 2541 2263 quod
2568 2192 2713 2248 alios
2738 2193 3059 2249 imnietatis
3083 2196 3455 2252 damnamus.
3476 2197 3786 2255 Judicibus

2128 2298 2297 2354 porro
2330 2281 2402 2336 iis
2423 2280 2646 2336 utimur
2666 2281 2730 2349 9°,
2755 2282 2853 2354 qui
2885 2287 2992 2338 Deo
3015 2283 3230 2340 bellum
3253 2285 3608 2357 indixerunt,
3623 2286 3783 2342 cani-

2127 2371 2356 2442 busque
2380 2374 2581 2425 sancta
2603 2371 3151 2446 projicimus,atque
3174 2375 3242 2429 ad
3271 2392 3578 2447 porcorum
3606 2377 3784 2449 pedes

2130 2460 2481 2533 margaritas
2514 2460 2804 2516 mittimus
2837 2462 2898 2532 9°,
2927 2463 3186 2533 profanis
3218 2465 3465 2521 auribus
3488 2470 3544 2521 et
3564 2467 3782 2523 animis

2128 2549 2386 2605 divinam
2418 2549 2743 2604 doctrinam
2769 2549 3108 2622 evulgantes
3135 2570 3146 2607 :
3173 2557 3344 2624 atque
3367 2554 3627 2609 hostium
3649 2560 3782 2611 vota

2131 2639 2330 2696 miseri
2363 2637 2568 2695 sedulo
2599 2639 2923 2711 explemus,
2957 2646 3015 2696 et
3044 2641 3101 2696 in
3136 2643 3651 2699 adinventionibus
3684 2661 3785 2702 no-

2131 2729 2270 2786 stris
2287 2729 2409 2784 sine
2428 2727 2546 2783 ullo
2565 2727 2784 2799 pudore
2805 2729 2899 2785 51
2929 2730 3289 2786 fornicamur
3314 2732 3627 2787 ‘.M0abitaa
3651 2749 3783 2790 vero

2130 2823 2186 2875 et
2217 2816 2586 2885 Ammonitaa,
2621 2817 2839 2888 quibus
2859 2835 2929 2874 ne
2958 2820 3180 2875 Domini
3206 2821 3442 2892 quidem
3462 2821 3782 2878 Ecclesiam

2131 2907 2356 2980 ingredi
2390 2907 2599 2963 licebat
2620 2907 2661 2978 2,
2697 2907 2754 2961 in
2788 2925 2856 2963 ea
2912 2925 3035 2980 quse
3078 2911 3233 2981 apud
3269 2929 3373 2966 nos
3408 2910 3785 2967 sanctissima

2133 3001 2290 3065 sunt,
2314 2997 2669 3068 irrumpunt.
2690 2998 2768 3052 Ac
2792 3014 2898 3053 nos
2921 2998 3218 3069 omnibus,
3250 3016 3363 3055 non
3387 3000 3632 3071 jnstitiaa
3657 3017 3784 3073 por-

2133 3090 2223 3142 tas
2241 3087 2281 3152 3,
2306 3086 2405 3141 sed
2441 3084 2883 3150 maledicentia,
2908 3091 3242 3160 mutuasque
3273 3089 3330 3143 in
3366 3107 3470 3145 nos
3501 3089 3662 3162 ipsos
3684 3107 3784 3147 au-

2133 3176 2308 3231 dacia:
2332 3175 2548 3246 januas
2579 3174 2937 3245 aperuimus.
2977 3181 3161 3249 Atque
3193 3178 3288 3233 hic
3315 3179 3466 3249 apud
3497 3196 3603 3235 nos
3629 3181 3786 3252 opti-

362 3270 522 3341 ἡμῖν,
576 3268 683 3344 ούχ
739 3268 798 3330 ’ὀς
860 3266 918 3322 ἂν
972 3269 1077 3341 (69)
1142 3264 1281 3341 μηδὲ
1341 3267 1493 3343 ῥῆμα
1563 3267 1796 3344 πρόηται
1847 3254 2015 3344 γάργὸν

2136 3282 2264 3321 unus
2297 3264 2562 3334 habetur,
2601 3281 2712 3318 non
2749 3264 2871 3336 qui,
2907 3265 3001 3320 Dci
3038 3273 3195 3322 metu
3229 3269 3526 3340 praeditus,
3561 3285 3633 3325 ne
3662 3286 3787 3325 ver-

362 3353 518 3435 φόϐῳ
565 3361 720 3428 Θεοῦ,
773 3354 899 3412 ἀλλ’
945 3357 1000 3418 ὃς
1055 3356 1114 3410 ἂν
1167 3356 1311 3432 τύχῃ
1358 3355 1590 3412 πλεῖστα
1639 3357 1730 3412 τὸν
1782 3357 2020 3429 πλησίον

364 3447 532 3501 εἰπὼν
609 3451 810 3518 κακῶς,
862 3446 896 3514 ἢ
975 3443 1297 3523 διαρῥγςδην,
1346 3447 1381 3516 ἢ
1439 3445 1490 3500 έν
1569 3446 1871 3522 αἰνίγμασι·
1931 3449 2020 3502 καὶ

369 3535 474 3590 ὑπὸ
529 3536 629 3604 τὴν
678 3533 927 3610 γλῶσσαν
975 3534 1140 3590 αὐτοῦ
1190 3535 1430 3613 στρέφων
1473 3534 1640 3591 κόπον
1692 3537 1780 3592 καὶ
1830 3537 2018 3610 πόνον,

369 3623 406 3693 ἢ
442 3623 521 3678 ἱὸν
556 3621 818 3692 ἀσπίδων,
853 3624 1019 3678 εἰπεῖν
1054 3624 1404 3701 οἰκειότερον.

447 3717 832 3789 Π¹.Τηροῦμεν
884 3712 940 3768 δὲ
988 3715 1081 3776 τὰς
1131 3713 1396 3785 ἀλλήλων
1448 3714 1735 3788 ἁμαρτίας,
1783 3715 1889 3794 οὐχ
1931 3713 2023 3770 ’ίνα

375 3803 760 3874 θρηνήσωμεν,
795 3800 920 3856 ἀλλ’
942 3800 1034 3858 ’ίνα
1079 3801 1452 3876 ὄνειδίσωμεψ
1486 3800 1600 3858 οὐδ’
1627 3801 1718 3858 ⁸ίνα
1769 3803 2024 3876 Θιραπεύ-

371 3911 570 3964 σωμεν,
601 3890 727 3947 ἀλλ’
769 3890 860 3946 ’ίνα
907 3891 1347 3968 προσπλήξωμεν
1397 3895 1530 3966 (70),
1581 3892 1668 3947 καὶ
1719 3892 2022 3968 ἀπολογίαν

369 3974 586 4054 ἔχωμεν
633 3982 744 4054 (71)
787 3985 897 4035 τῶν
953 3980 1236 4057 ἡμετέρων
1293 3985 1470 4036 κακῶν
1525 3980 1592 4036 τὰ
1639 3985 1745 4038 τῶν
1792 3981 2026 4053 πλησίον

363 4067 666 4144 τραύματα.
701 4069 910 4132 Κακοὺς
949 4067 1007 4125 δὶ
1049 4069 1137 4124 καὶ
1179 4070 1414 4146 ἀγαθοὺς
1448 4070 1554 4147 οὐχ
1585 4072 1612 4126 ὁ
1644 4070 1864 4146 τρόπος,
1902 4070 2026 4129 ἀλλ’

364 4157 399 4227 ἡ
435 4153 708 4222 διάστασις
745 4157 835 4214 καὶ
875 4161 910 4230 ἡ
944 4157 1102 4238 φιλία
1131 4163 1244 4235 (72)
1293 4160 1706 4237 χαρακτηρίζει”
1741 4161 1832 4216 καὶ
1865 4161 1898 4214 ἃ
1927 4163 2024 4232 σή-

2131 3354 2272 3410 bum
2335 3353 2570 3424 quidem
2625 3353 2880 3409 otiosum
2938 3355 3213 3427 plurimis
3287 3357 3638 3425 maledictis,
3699 3357 3788 3416 vel

2132 3447 2347 3516 aperte,
2381 3441 2470 3498 vel
2504 3442 2728 3499 occulte
2762 3443 2984 3515 ﬁxerit;
3016 3462 3081 3501 ac
3131 3446 3241 3502 sub
3293 3445 3496 3519 lingua
3527 3445 3787 3505 laborem

2130 3539 2189 3590 et
2216 3535 2475 3589 dolorem
2509 3535 2550 3602 ⁴,
2585 3537 2706 3602 aut,
2743 3538 2803 3590 ut
2834 3535 3027 3606 aptius
3056 3535 3282 3608 loquar,
3315 3553 3602 3593 venenum
3627 3539 3786 3610 aspi-

2131 3621 2273 3676 dum
2296 3620 2318 3653 ⁵
2346 3621 2677 3675 versaverit.

2205 3709 2410 3764 LXXX.
2450 3710 2568 3764 Huc
2599 3711 2841 3778 accedit,
2901 3712 3054 3781 quod
3116 3711 3211 3767 alii
3269 3713 3516 3769 aliorum
3552 3720 3785 3787 peccata

2133 3799 2537 3866 observamus,
2564 3815 2679 3852 non
2707 3803 2768 3854 ut
2800 3799 3132 3871 lugeamus,
3153 3803 3250 3858 sed
3280 3808 3342 3858 ut
3363 3805 3788 3875 exprobremus

2135 3905 2324 3961 neque
2354 3892 2419 3942 ut
2450 3887 2802 3942 medicinam
2838 3887 3177 3958 aﬂ‘eramus,
3201 3893 3302 3947 sed
3338 3898 3402 3947 ut
3431 3911 3644 3948 novum
3669 3894 3789 3951 vul-

2137 3996 2249 4035 nus
2295 3977 2656 4049 inﬂigamus,
2710 3981 2881 4047 atque
2919 3996 2953 4032 a
3000 3981 3401 4052 proximorum
3449 3983 3794 4040 vulneribus

2135 4067 2570 4126 excusationem
2602 4065 2761 4121 vitiis
2796 4067 3012 4123 nostris
3039 4072 3476 4140 petamus.Jarn
3508 4089 3640 4128 vero
3672 4090 3793 4129 ma-

2135 4160 2223 4215 los
2253 4164 2310 4214 et
2341 4159 2546 4223 bonos,
2580 4172 2694 4210 non
2729 4158 2864 4225 vita,
2898 4159 2997 4213 sed
3031 4159 3342 4227 dissensio,
3375 4160 3462 4216 vel
3505 4162 3788 4231 amicitia,

429 4306 474 4342 ⁸⁸
505 4306 658 4379 Psal.
693 4324 801 4372 ενι,
837 4308 924 4362 4ο.
957 4308 1000 4344 9"
1031 4307 1210 4379 IAGor.
1243 4325 1307 4373 11,
1337 4309 1423 4364 10.
1491 4310 1534 4345 9'
1567 4309 1590 4364 Ι
1629 4309 1761 4379 Cor.
1793 4328 1869 4376 v1,
1903 4310 1956 4375 1,
1987 4311 2015 4363 ’7

2135 4308 2165 4341 ’θ
2198 4304 2429 4379 Matth._
2464 4320 2564 4370 vn,
2617 4303 2670 4356 6.
2708 4305 2722 4338 ί
2757 4303 2915 4361 Psal.
2982 4323 3071 4372 ον,
3121 4307 3210 4361 39.
3256 4307 3277 4340 ⁸
3308 4306 3478 4363 Deut.
3532 4325 3696 4379 x1111,
3727 4309 3782 4366 3.

356 4377 378 4412 ³
409 4377 560 4434 Psal.
592 4395 743 4446 cxvx,
779 4380 863 4434 19.
898 4381 919 4414 ⁴
951 4377 1107 4436 Psal.
1159 4397 1214 4450 χ,
1266 4381 1299 4431 7
1353 4397 1517 4454 seqq.
1551 4382 1572 4414 ⁸
1611 4377 1760 4436 Psal.
1796 4399 1874 4437 xu
1905 4425 1918 4449 ,
1952 4381 2006 4450 3,

2136 4395 2360 4446 Lxxmx,
2406 4377 2460 4431 4.

433 4518 545 4603 (ὃθ)
579 4519 1008 4603 ξτρεφήομέγουςι.
1056 4521 1142 4603 Ita
1174 4521 1314 4603 ἷξες.
1349 4521 1644 4603 undecim,
1666 4528 1794 4603 octo
1824 4523 2010 4594 Colb.,
2045 4525 2090 4588 D

361 4587 458 4644 0r.
496 4587 546 4658 1,
578 4587 698 4645 Jes.
731 4587 946 4649 Cboisl.
979 4595 1028 4659 1,
1052 4598 1160 4650 etc.
1185 4587 1332 4649 Edit.
1364 4609 1498 4649 vero
1531 4587 1659 4650 Bas.
1685 4601 1743 4651 et
1763 4600 1891 4651 Par.
1917 4587 2008 4670 φιξ

364 4658 648 4712 οοιιένους.

363 4678 648 4733 ρομενους.

573 4733 666 4786 Ἐκ
693 4736 789 4808 τοῦ
823 4733 1008 4806 μέσου.
1043 4736 1182 4808 Reg.
1208 4753 1261 4806 a,
1294 4732 1353 4789 ἐκ
1385 4735 1572 4807 μέσου.

430 4803 546 4884 (60)
602 4803 846 4884 λξαθεῖνέ
873 4808 936 4884 In
998 4824 1100 4862 ora
1127 4803 1296 4884 :Reg.
1358 4803 1480 4873 bm,
1535 4806 1878 4884 appingitur
1905 4829 2008 4884 φυ-

531 4877 588 4929 ln
619 4877 779 4933 Colb.
811 4879 866 4945 7,
917 4880 1072 4934 intra
1127 4876 1312 4935 lineas
1367 4880 1547 4980 veteri
1576 4876 1808 4951 “manu,
1841 4879 1875 4946 ἢ
1910 4876 2008 4956 (au-

393 4965 492 4998 ειν.
1467 4969 1484 4980 ⁵

566 5016 664 5072 Καὶ
707 5015 814 5072 εἷ’θι
836 5019 1013 5094 κενόν.
1047 5021 1362 5094 Gregorius
1400 4969 1484 5076 sic
1531 5019 1815 5092 loquitur,
1841 5023 2011 5092 juxta

359 5089 566 5158 Etiam,
599 5107 667 5147 eo
697 5093 851 5162 quod
887 5089 1193 5165 principes
1211 5111 1277 5149 ac
1318 5089 1642 5164 pontiﬁces,
1676 5089 1823 5164 quos
1842 5089 2008 5150 inse-

355 5166 565 5235 ctatur,
601 5180 717 5218 non
751 5165 922 5220 modo
956 5170 1118 5222 omni
1148 5165 1360 5222 virtute
1387 5165 1673 5235 destituti,
1709 5168 1808 5221 sed
1854 5166 2008 5223 vitiis

352 5233 630 5288 omnibus
665 5236 861 5290 referti
893 5243 1114 5294 essent.

422 5305 537 5374 (62)
563 5303 852 5378 Τρέποιτο,
911 5313 1022 5364 etc.
1080 5307 1286 5364 Comb.
1358 5329 1379 5356 ι
1414 5308 1617 5362 Vertat
1658 5311 1804 5364 Deus
1835 5322 2007 5364 omen

353 5372 412 5427 in
436 5372 640 5450 capita
663 5372 1003 5450 impiorum.
1038 5401 1068 5429 »

425 5445 535 5518 (63)
555 5445 929 5520 βουλομένου.
973 5474 1001 5502 ‹‹
1040 5449 1304 5506 Volentis
1353 5447 1670 5518 cujuslibet
1698 5456 1788 5508 est
1817 5450 2006 5506 scien-

353 5513 454 5593 tia.
489 5513 525 5565 ››’
553 5518 637 5593 Ita
666 5513 849 5593 supra
870 5541 1036 5581 num.
1056 5524 1149 5589 50,
1177 5542 1205 5573 «
1230 5520 1398 5577 nobis
1422 5513 1574 5576 satis
1604 5526 1694 5578 est
1725 5521 2004 5591 voluisse,

351 5586 422 5642 ad
462 5586 835 5658 sapientiam.
870 5617 898 5644 ››

349 5722 401 5786 δ’
423 5658 768 5788 ἑΙάντες
813 5663 870 5722 δέ
899 5663 1082 5741 ἐσμεν.
1131 5663 1244 5723 Alli
1299 5662 1568 5722 scribunt
1596 5658 1652 5721 δὲ
1679 5662 1857 5741 ἐσμέν.
1888 5665 2004 5724 Alli

458 5728 612 5815 σμέν,

2192 4522 2305 4590 (65)
2338 4515 2580 4574 Ἀλλων.
2614 4521 2776 4578 Pass.
2809 4523 2881 4577 ad
2938 4538 3116 4590 marg.
3154 4517 3444 4590 ἀλλήλων.
3477 4523 3570 4578 Sic
3623 4525 3762 4586 Bas.

2122 4595 2214 4647 ed.
2247 4599 2302 4647 et
2349 4591 2715 4649 Gabrielius:
2786 4614 2812 4645 α
2843 4593 2990 4648 alter
3046 4594 3290 4649 alterius
3329 4595 3705 4652 damnamus.
3745 4621 3768 4648 ιο

2192 4664 2303 4748 (66)
2338 4661 2572 4748 'Atiéontc‘.
2595 4687 2651 4748 ut:
2687 4664 3186 4748 Impiismquifbus
3224 4667 3551 4748 .necDeus
3596 4670 3706 4748 sit.
3739 4690 3769 4721 ››

2119 4734 2378 4809 Uombw
2413 4734 3023 4809 inﬁdelibusjimpiis,
3057 4735 3290 4806 Graecis,
3322 4743 3388 4792 ut
3417 4740 3562 4794 bene
3596 4738 3771 4809 Elius,

2125 4828 2151 4861 α
2183 4806 2613 4878 provinciarum
2654 4806 2995 4864 rectoribus.
3026 4828 3056 4858 »

2191 4877 2303 4948 (67)
2327 4877 2601 4952 Παριέναι.
2630 4885 2714 4935 tta
2730 4886 2952 4950 septem
2977 4882 3179 4951 Regg.,
3202 4877 3769 4952 Colb.oinnes.,Jes.,

2119 4954 2287 5035 ἕξειν.
2324 4950 2435 5005 Alii
2466 4968 2597 5008 vero
2629 4957 2880 5024 quatuor
2899 4952 3075 5023 Regg.
3111 4950 3511 5009 'CombLoisl.
3556 4954 3606 5023 1,
3629 4950 3770 5026 παρέ

2121 5041 2144 5074 ε
2156 5040 2274 5074 ιναι.

2191 5096 2302 5167 (ea)
2334 5090 2759 5167 Euplpu._PaSO.
2789 5095 2865 5167 ad
2899 5110 3085 5167 marg.
3121 5096 3273 5148 Θεοῦ.

2191 5166 2300 5234 (69)
2332 5161 2433 5224 Ὃς
2462 5161 2542 5234 ἂν.
2578 5165 2753 5221 Deest
2783 5166 2841 5222 in
2873 5167 2964 5222 ed.
2999 5161 3080 5220 ac.

2187 5232 2301 5307 (70)
2335 5232 2803 5310 Προσπλήξωμεν.
2856 5237 3180 5295 Gabrielius
3235 5236 3427 5306 vertit,
3486 5259 3514 5288 «
3546 5237 3772 5296 exulce-

2118 5324 2335 5364 remus.
2369 5329 2397 5359 ))

2134 5446 2142 5465 ,
2191 5379 2302 5450 (71)
2349 5379 2630 5454 Ἔχωμεν.
2686 5380 2779 5436 Sic
2818 5397 3021 5437 omnes
3071 5396 3218 5454 pene
3269 5379 3519 5437 codices.
3571 5381 3768 5450 Pauci,

2117 5447 2216 5524 ἔχο
2225 5447 2339 5524 μεν.

2188 5517 2531 5606 (lamella;
2575 5524 2838 5606 ﬁeptem
2898 5524 3105 5606 Regg.,
3164 5521 3536 5606 octo.Colb.,
3593 5524 3767 5606 Cgisl.

2115 5589 2336 5668 {miliarii}
2392 5589 2696 5668 ὁμοδοξία,“
2723 5618 2776 5668 _«_
2797 5589 3103 5668 consensio
3161 5589 3531 5668 opinionum;
3566 5616 3594 5668 ξ»
3641 5596 3771 5668 Ipse

2117 5665 2319 5813 gilelgus
2348 5667 2630 5738 expunxit
2657 5663 2814 5745 φιλία
2845 5667 2903 5723 in
2935 5668 3028 5727 ed.
3061 5663 3218 5740 Bas;
3275 5671 3334 5724 et
3371 5665 3608 5740 scripsit
3638 5663 3772 5742 624.0-

2151 5757 2177 5792 ο
2232 5755 2285 5796 α.

2151 5755 2285 5796 οζια.
