4110 6426
360 380 477 440 487

1590 376 1654 436 8.
1704 374 2075 437 GREGORII
2121 376 2545 442 THEOLOGI.

3662 386 3788 448 488

356 516 640 585 tanquam
665 509 819 567 notis
842 508 1197 581 quibusdam
1215 507 1571 580 insigniunt:
1602 510 1658 563 et
1675 525 1799 580 quae
1822 506 1978 564 hodil

2124 509 2285 582 μερὸν
2342 508 2687 585 ἐπαινοῦμεν,
2748 507 2935 587 αὔριον
3006 508 3345 586 έκακίσαμεν’
3405 514 3495 571 καὶ
3560 515 3593 570 ’ἆ
3651 520 3789 593 παρ’

356 601 903 669 laudamus,oadem
925 599 1179 655 crastino
1207 598 1300 652 die
1331 598 1730 669 vituperamus
1760 614 1771 651 :
1806 600 1861 651 et
1879 614 2007 669 quas

357 693 511 765 apud
547 692 693 746 alios
717 689 961 744 infamia
983 688 1488 755 notantur,cadcm
1514 687 1667 757 apud
1694 704 1798 743 nos
1826 686 2009 741 admi-

354 782 568 837 rationi
602 784 776 836 sunt:
809 778 1122 849 omniaque
1155 776 1372 847 ﬂagitia
1404 776 1763 847 impletatcm
1797 776 2008 847 ample-

354 872 646 927 ctentibus
679 868 846 924 facile
879 868 1300 922 condonantur.
1344 866 1528 935 Usque
1579 865 1721 922 adeo
1760 866 1818 920 in
1867 865 2004 923 vitio

354 959 714 1032 magnanimi
751 974 957 1013 sumus
987 956 996 1009 !

424 1049 663 1104 LXXXI.
694 1049 863 1102 Facta
896 1045 1146 1117 denique
1196 1045 1394 1099 omnia
1446 1048 1585 1099 sunt
1616 1048 1679 1099 ut
1708 1046 1779 1100 ab
1812 1044 1999 1113 initio,

350 1156 484 1194 cum
519 1139 776 1193 nondum
803 1136 1059 1191 mundus
1081 1138 1222 1202 erat,
1244 1151 1348 1190 nec
1373 1133 1615 1206 pulchra
1636 1151 1702 1189 ea
1723 1135 2001 1190 constitu-

347 1229 427 1285 tio
460 1232 515 1284 et
546 1225 833 1294 formatio,
867 1241 1041 1297 quam
1091 1240 1246 1279 nunc
1291 1223 1624 1279 cernimus:
1672 1225 1771 1278 sed
1805 1223 2001 1279 omnia

344 1319 587 1374 confusa
617 1320 672 1372 et
701 1315 999 1372 incondita
1028 1312 1418 1369 formatriccm
1444 1330 1684 1368 manum
1711 1317 1766 1367 et
1797 1318 1999 1385 poten-

343 1408 485 1463 tiam
521 1406 923 1476 requirebant.
962 1407 1089 1471 Aut,
1124 1403 1170 1458 si
1223 1401 1430 1469 mavis,
1475 1420 1589 1457 non
1625 1418 1792 1458 secus
1824 1407 1998 1474 atque

344 1498 403 1553 in
425 1500 707 1552 nocturna
728 1492 1342 1566 pugna,obscurisque
1364 1491 1515 1546 lunae
1535 1492 1713 1546 radiis
1736 1492 1994 1547 hostium

343 1592 399 1642 et
428 1586 750 1641 amicorum
787 1584 983 1637 vultus
1025 1598 1137 1635 non
1188 1580 1653 1637 internoscentes
1681 1600 1693 1649 ;
1725 1581 1811 1636 vel
1845 1582 1997 1636 sicut

344 1676 399 1731 in
433 1673 618 1729 navali
654 1672 926 1728 conflictu
962 1676 1018 1725 et
1046 1673 1411 1741 tempestate,
1448 1687 1513 1725 ac
1544 1674 1848 1725 ventorum
1883 1673 1993 1726 im-

340 1763 767 1837 pressionilius,
784 1766 839 1816 et
859 1760 1164 1816 stridentis
1188 1760 1354 1813 undae
1378 1761 1688 1826 fervore,ac
1708 1760 1990 1815 fluctuum

2119 595 2316 661 ἄλλοις
2391 598 2787 673 στηλιτεύεται,
2847 608 2971 677 παρ’
3029 605 3165 676 ἡμῖν
3229 606 3343 677 (73)
3419 602 3778 677 θαυμάζεται·

2116 686 2204 740 καὶ
2264 690 2436 743 πάντα
2493 696 2854 767 σδγχωρεῖται
2915 692 3218 767 προθύμως
3271 697 3347 764 τῷ
3394 689 3604 749 ἀσεϐεῖν
3640 698 3778 769 (74).

2061 762 2068 772 ι
2117 776 2275 833 Οὕτω
2304 779 2401 847 τὴν
2434 762 2632 835 κακίαν⁷
2795 762 2968 853 ἐσμεν·
2994 762 3414 858 μεγαλόψυχοιῐ

2184 1049 2313 1102 ΠΑ’.
2350 1047 2537 1122 Γέγονε
2567 1044 2625 1100 δὲ
2656 1044 2825 1101 πάντα
2854 1049 2972 1121 (76)
2999 1048 3073 1110 ὡς
3112 1048 3175 1103 τὸ
3225 1048 3502 1124 ἀπαρχῆς,
3538 1047 3625 1104 ὅτε
3680 1047 3773 1105 οὕ-

2112 1155 2198 1188 πω
2254 1134 2459 1208 κόσμος
2520 1137 2606 1207 ἦν,
2650 1134 2776 1192 οὐδὲ
2824 1139 2858 1207 ἡ
2908 1141 2997 1192 νῦν
3052 1136 3265 1209 εὐταξία
3306 1138 3396 1193 καὶ
3462 1138 3770 1217 μόρφωσιςο

2110 1221 2255 1277 ἀλλά
2288 1224 2688 1301 συγκεχυμένον
2716 1226 2778 1280 τὸ
2810 1231 2913 1280 πᾶν
2954 1225 3043 1281 καὶ
3100 1226 3395 1300 ἀνώμαλον
3447 1224 3616 1282 ἐδεῖτο
3663 1234 3770 1299 τῆς

2109 1309 2387 1367 εἰδοποιοῦ
2415 1314 2601 1390 χειρὸς
2640 1314 2728 1369 καὶ
2781 1312 3081 1389 δυνάμεως.
3119 1316 3178 1370 El
3239 1314 3428 1391 βούλει
3483 1312 3560 1389 δὲ,
3591 1317 3665 1379 ὡς
3714 1315 3770 1372 ἐν

2107 1402 2447 1478 νυκτομαχίᾳ
2501 1404 2590 1457 καὶ
2667 1401 2905 1474 σελήνης
2970 1401 3238 1479 ἀμυδροῖς
3321 1405 3569 1481 φέγγεσιν
3635 1405 3770 1479 (77),

2109 1487 2320 1566 ἐχθρῶν
2368 1491 2401 1560 ἢ
2456 1491 2627 1569 φίλων
2681 1488 2833 1566 ὄψεις
2896 1492 2957 1547 οὐ
3000 1491 3470 1569 διαγινώσκοντες·
3504 1495 3539 1562 ἢ
3587 1493 3660 1556 ὡς
3714 1492 3768 1549 έν

2104 1580 2381 1654 ναυμαχίᾳ
2435 1582 2524 1635 καὶ
2582 1581 2737 1655 ζάλῃ,
2768 1582 2857 1636 καὶ
2917 1583 3241 1656 πνευμάτων
3299 1586 3411 1656 (78)
3473 1578 3764 1656 ἐμϐολαῖς,

2106 1668 2190 1722 καὶ
2225 1668 2393 1743 ῥοθίῳ
2428 1669 2619 1738 ζέοντι,
2652 1670 2739 1725 καὶ
2772 1671 3027 1745 κυμάτων
3090 1670 3437 1748 ἐπιδρομαῖς,
3470 1673 3560 1726 καὶ
3618 1676 3767 1743 νηῶν

2104 1758 2397 1833 ἀραγμοῖς,
2428 1761 2517 1813 καὶ
2586 1766 2790 1814 κοντῶν
2852 1761 3138 1833 ὠθισμοῖς,
3172 1762 3261 1815 καὶ
3310 1760 3613 1816 κελευστῶν
3648 1784 3768 1840 φω-

336 1852 798 1919 incursionibus,
842 1855 898 1905 et
954 1866 1191 1904 nav1um
1224 1848 1649 1912 collisionibus,
1684 1854 1978 1905 contorum

2102 1853 2240 1920 ναῖς,
2271 1848 2360 1903 καὶ
2391 1849 2701 1904 πιπτόντων
2753 1850 3028 1926 οἷ’μωγαῖς
3079 1850 3527 1927 ὑπερηχούμενοί
3560 1854 3672 1926 (79)
3701 1872 3763 1906 τε

337 1940 695 2015 impulsibus
727 1944 784 1993 et
828 1938 1216 1993 celeustarum
1256 1938 1516 2004 vocibus,
1551 1942 1607 1992 et
1653 1938 1987 1994 cadentium

335 2030 656 2103 gemitibus
687 2029 946 2099 undique
969 2032 1373 2099 personantes,
1401 2032 1575 2099 atque
1597 2027 1825 2083 consilii
1863 2028 1989 2085 ino-

335 2120 432 2192 pia
462 2118 748 2191 oppressi,
783 2134 889 2173 nec
926 2116 1161 2172 virtutis
1206 2117 1567 2172 declarandae
1616 2121 1851 2189 tempus
1882 2118 1987 2174 ha-

334 2210 542 2265 bentes
573 2208 708 2280 (heu
732 2224 964 2281 gravem
988 2205 1377 2261 calamitatem
1406 2205 1443 2273 Σ)
1469 2206 1618 2261 inter
1641 2224 1745 2262 nos
1777 2207 1989 2263 incidi-

336 2314 492 2365 mus,
522 2302 697 2375 atque
728 2314 759 2351 a
792 2295 958 2351 nobis
991 2296 1136 2367 ipsis
1165 2301 1370 2350 mutuo
1403 2296 1768 2350 conficimur.

405 2386 669 2442 LXXXII.
703 2386 818 2442 Nec
849 2402 982 2441 vero
1016 2385 1266 2457 populus
1300 2385 1536 2456 quidem
1580 2385 1661 2440 ita
1692 2402 1753 2441 se
1784 2385 1981 2456 habet,

332 2493 534 2533 verum
566 2475 731 2532 aliter
757 2475 1048 2531 sacerdos.
1084 2475 1231 2540 Quin
1265 2475 1458 2547 potius
1490 2473 1633 2529 illud
1662 2492 1816 2530 nunc
1840 2475 1984 2531 mihi

332 2584 573 2639 prorsus
605 2565 817 2638 expleri
851 2565 1100 2633 videtur,
1126 2565 1281 2636 quod
1313 2563 1373 2619 in
1406 2562 1812 2620 maledictione
1843 2564 1982 2621 olim

331 2657 671 2713 dicebatur:
708 2655 805 2712 52
840 2657 1031 2710 Factus
1088 2658 1168 2709 est
1216 2653 1461 2709 sacerdos
1509 2656 1648 2709 sicut
1675 2656 1909 2726 populus
1938 2656 1979 2711 ⁸.

332 2745 446 2800 Nec
479 2761 712 2800 rursum
744 2743 954 2815 vulgus
986 2741 1224 2814 quidem
1263 2742 1344 2796 ita
1375 2758 1436 2797 se
1468 2742 1618 2815 gerit
1647 2743 1846 2815 populi
1880 2761 1982 2799 au-

331 2839 451 2889 tem
482 2834 820 2905 optimates,
854 2849 918 2887 ac
949 2831 1224 2904 praesides
1256 2830 1547 2887 contrario
1580 2832 1785 2889 modo:
1839 2834 1981 2905 quin

329 2922 523 2995 potius
554 2922 613 2977 hi
646 2925 841 2993 aperte
872 2937 1103 2993 quoque
1133 2919 1352 2976 bellum
1394 2921 1803 2977 sacerdotibus
1835 2922 1981 2978 infe-

326 3016 465 3068 runt
491 3012 824 3067 subsidium
857 3013 927 3066 ad
960 3011 1431 3083 persuadendum
1468 3010 1749 3068 habentes
1799 3014 1982 3085 pieta-

324 3107 463 3158 tem.
498 3102 841 3172 Quanquam
878 3100 916 3154 ii
949 3100 1181 3172 quidem
1216 3100 1309 3169 qui
1344 3100 1414 3156 de
1447 3101 1561 3157 ﬁde
1591 3118 1657 3156 ac
1689 3103 1980 3174 supremis

324 3194 380 3245 et
402 3190 697 3262 primariis
721 3188 1141 3261 quaestionibus
1167 3189 1540 3261 pugnant,ita
1563 3207 1702 3245 sane
1721 3191 1974 3248 afﬁcian-

2099 1938 2187 1991 καὶ
2220 1938 2607 2014 ἀπορούμενοι,
2640 1940 2729 1993 καὶ
2763 1946 2862 2009 τῆς
2911 1937 3158 2015 ἀνδρείας
3220 1940 3408 2016 καιρὸν
3460 1940 3559 1995 οὐκ
3603 1939 3761 2017 ἔχον-

2096 2048 2203 2100 τες,
2262 2032 2358 2106 φεῦ
2411 2033 2505 2082 τοῦ
2561 2030 2792 2093 πάθουςῐ
2854 2026 3128 2099 ἀλλήλοις
3188 2028 3585 2103 περιπίπτομεν
3619 2032 3755 2104 (80),

2096 2117 2184 2171 καὶ
2219 2118 2306 2171 ὑπ’
2338 2116 2602 2187 ἀλλήλων
2636 2116 3061 2191 ἀναλισκόμεθα.

2166 2388 2287 2443 UB“
2322 2384 2424 2443 Καὶ
2458 2385 2563 2462 οὐχ
2594 2386 2621 2440 ὁ
2654 2383 2785 2447 λαὸς
2822 2385 2916 2459 μὶν
2949 2383 3151 2455 οὕτως,
3184 2386 3212 2439 ὁ
3245 2382 3300 2440 δὲ
3331 2386 3507 2463 ἱερεὺς
3552 2386 3718 2461 ἑτέρω

2093 2473 2239 2531 ἀλλά
2300 2496 2394 2548 μοι
2452 2480 2539 2529 νῦν
2600 2475 2772 2530 έκεῖνο
2804 2474 3147 2548 πληροῦσθαι
3182 2471 3331 2529 δοκεῖ
3360 2477 3631 2549 καθαρῶς,
3663 2477 3746 2533 τὸ.

2094 2564 2313 2639 Γέγονεν
2374 2565 2402 2618 ὁ
2459 2562 2633 2637 ἱερεὺς
2700 2565 2877 2625 καθὼς
2934 2565 2962 2618 ὁ
3014 2563 3167 2635 λαός,
3226 2562 3277 2618 ἐν
3357 2565 3565 2640 κατάρᾳ
3634 2566 3746 2638 (81)

2091 2653 2260 2709 πάλαι
2295 2652 2611 2729 λεγόμενον.
2647 2653 2747 2710 Καὶ
2780 2653 2887 2727 οὐχ
2918 2654 2969 2707 οἱ
3000 2652 3204 2709 πολλοὶ
3240 2653 3333 2726 μὲν
3377 2653 3568 2725 οὕτως,
3604 2655 3656 2707 οἱ
3688 2650 3744 2707 δὲ

2093 2742 2249 2819 ἀδροί
2305 2741 2402 2797 τοῦ
2448 2741 2582 2797 λαοῦ
2618 2744 2723 2814 (82)
2756 2742 2845 2795 καὶ
2904 2741 3232 2817 προέχοντες
3288 2740 3561 2802 ἐναντίωςο
3612 2739 3741 2795 ἀλλ’

2092 2832 2243 2889 οὗτοί
2272 2854 2333 2909 γε
2360 2832 2449 2887 καὶ
2483 2836 2726 2906 φανερῶς
2757 2827 3062 2903 πολεμοῦσι
3093 2835 3208 2893 τοῖς
3251 2833 3492 2906 ἱερεῦσιν,
3526 2826 3738 2907 ἐφόδιον

2092 2922 2312 2999 ἔχοντες
2363 2921 2438 2983 εἷς
2486 2922 2654 2975 πειθὼ
2697 2921 2795 2990 τήν
2843 2915 3113 2975 εὐσέϐειαν
3163 2924 3293 2996 (83)·
3344 2920 3433 2974 καὶ
3478 2918 3592 2974 ὅσοι
3643 2918 3736 2992 μὶν

2090 3012 2214 3087 περὶ
2245 3010 2476 3073 πίστεως
2507 3010 2667 3064 τοῦτο
2721 3009 3045 3085 πασχόντων
3075 3012 3209 3084 (84),
3242 3008 3330 3064 καὶ
3378 3013 3485 3064 τῶν
3534 3006 3739 3063 ἀνωτά-

2087 3124 2166 3156 τω
2197 3104 2309 3174 (85)
2345 3098 2673 3174 ζητημάτων
2721 3100 2810 3153 καὶ
2861 3100 3095 3176 πρώτων
3143 3097 3257 3154 οὐδ’
3286 3099 3395 3174 ἐγὼ
3597 3100 3741 3172 μέμ-

2091 3213 2282 3269 φομαι,
2343 3189 2469 3245 ἀλλ’
2511 3189 2555 3243 εἰ
2605 3187 2687 3243 δεῖ
2732 3189 2965 3259 τάληθὲς
3019 3189 3206 3260 εἰπεῖν,
3254 3187 3344 3243 καὶ
3393 3192 3739 3263 προσεπαινῶ

321 3284 455 3335 tur:
490 3294 596 3335 nec
628 3295 733 3351 ego
767 3278 1149 3350 reprehendo,
1183 3281 1321 3347 imo,
1358 3279 1405 3333 si
1439 3295 1568 3334 vere
1608 3279 1969 3352 loquendum

2102 3280 2171 3336 ιαὶ
2223 3277 2544 3352 συνήδομαι.
2580 3277 2677 3333 Καὶ
2723 3278 2930 3334 τούτων
2982 3281 3058 3341 εἷς
3120 3274 3236 3348 sim:
3292 3281 3398 3332 τῶν
3435 3278 3565 3354 ὑπὲρ
3600 3275 3736 3347 ἀλη-

323 3373 435 3438 est,
468 3370 711 3441 insuper
758 3368 933 3423 etiam
986 3368 1180 3436 laudo,
1242 3367 1431 3440 iisque
1475 3368 1758 3441 gratulor.
1786 3373 1973 3443 Atque

319 3460 549 3517 utinam
579 3479 647 3517 ex
666 3478 867 3517 eorum
902 3476 1148 3515 numero
1184 3459 1320 3528 sim,
1355 3460 1453 3532 qui
1483 3477 1585 3533 pro
1608 3463 1846 3519 veritate
1877 3465 1973 3520 de-

315 3556 560 3617 certant,
593 3554 763 3622 atque
793 3550 850 3605 in
884 3549 1265 3606 oll'ensionem
1299 3554 1356 3605 et
1400 3550 1601 3606 odium
1636 3552 1965 3624 incurrunt,

2082 3370 2223 3431 θείας
2256 3367 2670 3445 ἀγωνιζομένων
2704 3370 2816 3441 (87)
2847 3369 2935 3423 καὶ
2966 3372 3073 3422 τῶν
3108 3366 3566 3443 ἀπεχθανομένων
3602 3367 3735 3440 (88)·

2086 3458 2298 3533 μᾶλλον
2351 3456 2408 3512 δὲ
2464 3458 2551 3513 καὶ
2640 3460 2775 3512 εἶναι
2844 3458 3225 3533 καυχήσομαι.
3293 3454 3562 3529 Κρείττων
3634 3456 3734 3532 γὰρ

2080 3549 2353 3610 ἐπαινετὸς
2383 3547 2630 3621 πόλεμος
2662 3546 2883 3623 εἰρήνης
2914 3542 3265 3622 χωριζοῦσης
3315 3549 3470 3600 Θεοῦο
3506 3544 3595 3599 καὶ
3645 3542 3733 3599 διὰ

313 3642 434 3697 imo
475 3641 649 3697 etiam
706 3640 765 3695 in
811 3640 920 3695 hoc
970 3656 1215 3695 numero
1248 3655 1377 3695 esse
1408 3639 1722 3712 gloriabor.
1760 3642 1966 3701 Melius

2102 3644 2234 3694 061:0
2265 3639 2355 3693 τὸν
2388 3637 2560 3711 πραῢν
2593 3636 2849 3711 μαχητήν
2903 3633 3117 3705 ὁπλίζει
3146 3635 3208 3689 τὸ
3248 3638 3488 3708 Πνεῦμα,
3521 3633 3595 3695 ὡς
3640 3653 3733 3689 κα-

313 3731 468 3786 enim
503 3734 591 3787 est
617 3727 914 3785 laudabile
948 3728 1185 3798 bellum,
1212 3745 1352 3802 pare
1373 3746 1406 3785 a
1432 3734 1542 3786 Deo
1565 3731 1962 3805 disjungente:

2075 3728 2189 3791 λῶς
2221 3725 2482 3801 πολεμεῖν
2516 3723 2832 3800 δυνάμενον.

310 3820 384 3876 ob
415 3835 664 3891 eamque
689 3835 928 3875 causam
957 3817 1148 3874 lenem
1186 3823 1242 3874 et
1282 3826 1657 3877 mansuetum
1692 3821 1993 3881 hominem
2032 3821 2288 3896 Spiritus
2318 3819 2389 3875 ad
2420 3834 2681 3891 pugnam
2714 3806 2925 3885 armat,
2953 3819 3018 3872 ut
3058 3814 3157 3887 qui
3209 3813 3430 3871 bellum
3462 3817 3615 3870 recte
3635 3827 3730 3884 ge-

310 3926 436 3966 rere
467 3913 662 3982 queat.

381 4036 400 4070 ⁸
432 4040 545 4091 Isa.
578 4052 729 4105 xxxv,
759 4037 833 4104 2;
868 4034 999 4091 Ose.
1033 4050 1108 4101 ιν,
1140 4033 1194 4089 9.

403 4177 495 4245 73)
525 4179 704 4249 Ἡμῖν.
741 4176 973 4249 Septem
1016 4180 1196 4249 Regg.
1228 4178 1412 4249 ἡμῶν.

401 4248 623 4369 ζωδιᾟ
649 4246 877 4333 ἀσεοεῖν.
914 4248 1009 4303 Sic
1048 4246 1485 4305 omnes'ferme
1536 4250 1783 4307 codices.
1820 4256 1957 4325 Reg.

401 4338 461 4369 τω
530 4338 586 4369 σε
629 4338 695 4369 ει.

310 4327 352 4391 t,
382 4322 461 4388 τῷ
494 4318 695 4373 ἀσεϐεῖ.
1902 4318 1934 4325 “

313 4462 347 4473 Α
530 4391 702 4473 ,Τὴνᾎ
724 4387 940 4473 κακίαν..
1002 4389 1092 4473 §ic
1150 4391 1289 4473 ἷξες.
1377 4390 1642 4473 plerique
1697 4399 1754 4449 et
1799 4395 1957 4451 Colb.

383 4408 498 4473 (ιο)
565 4408 662 4457 [ην
724 4410 929 4445 κακίαν.
1002 4408 1092 4444 διο
1150 4408 1289 4479 neg.
1377 4408 1477 4504 pie:

308 4462 484 4517 Corsi.
521 4464 546 4517 1
582 4469 637 4517 et
667 4467 828 4517 Pass.
867 4463 966 4517 Ed.
1002 4462 1129 4517 Par.
1174 4458 1240 4528 δη
1270 4482 1477 4518 κακ.αν.

377 4534 490 4605 (76)
552 4532 744 4607 Γέγονε
817 4530 909 4607 δὲ,
950 4531 1143 4607 πάντα.
1221 4538 1341 4589 Non
1425 4535 1613 4605 pauci,
1682 4535 1748 4588 τά
1822 4537 1960 4591 πάν-

304 4604 391 4659 ra.
426 4604 487 4661 In
520 4604 750 4662 duobus
796 4606 957 4661 Colb.
1009 4611 1066 4660 et
1097 4604 1192 4660 Or.
1247 4607 1296 4669 l,
1347 4604 1535 4662 exstat
1581 4607 1870 4665 scholium
1901 4610 1958 4666 in

2141 4178 2255 4302 (82)
2288 4175 2454 4232 Ααοῦ.
2484 4177 2722 4232 Addunt
2754 4172 3019 4231 nonnulli
3050 4174 3301 4240 codices,
3325 4176 3382 4227 et
3406 4170 3545 4226 editi
3568 4169 3727 4252 libri,

2173 4250 2247 4302 ὼε
2288 4246 2520 4302 εἶόηται.
2566 4266 2694 4302 ausa
2724 4265 2857 4302 cum
2917 4249 3133 4302 desunt
3176 4247 3233 4299 in
3266 4258 3470 4298 novem
3504 4242 3721 4302 Regiis,

2069 4270 2137 4304 κα

2173 4240 2249 4309 cui
2288 4246 2521 4324 εἷ’ρηται,
2566 4265 2870 4324 quaecum
2917 4249 3133 4302 desunt
3176 4247 3233 4324 in
3266 4258 3470 4324 novem
3504 4240 3721 4324 Regiis,

2070 4323 2233 4378 Colb.
2268 4310 2520 4393 septem,
2548 4310 2663 4377 Jes.
2698 4320 2820 4386 0r.,
2852 4321 2905 4385 1,
2939 4318 3254 4375 resecanda
3281 4330 3409 4370 esse
3433 4310 3722 4382 judicavi-

2312 4460 2405 4522 Εἷς
2458 4461 2659 4536 πειθὼ-
2686 4462 2811 4536 τήν,
2847 4455 3381 4536 εὐσέᾼϐειαν.--Μυ1ῐ8.
3436 4453 3531 4536 hic
3561 4450 3726 4536 addit
3794 4450 3799 4453 ’

2073 4524 2321 4592 Ruﬁnus
2354 4536 2411 4589 in
2438 4524 2851 4602 monachos,de
2873 4534 3091 4605 quibus
3115 4530 3283 4605 nihil,
3307 4531 3500 4599 aperte
3517 4524 3726 4605 saltem

2074 4606 2405 4679 Gregorius.
2444 4606 2564 4679 lmo
2595 4622 2728 4659 cum
2764 4598 3069 4679 monachi,
3100 4604 3235 4658 fidei
3267 4598 3465 4679 causa,
3499 4598 3729 4679 a‘Patre

304 4693 419 4747 quo
451 4679 767 4754 quaeritur;
806 4702 824 4728 ι
862 4678 1163 4754 Quomodo
1189 4668 1324 4733 ante
1344 4680 1644 4754 conditum
1672 4683 1957 4737 mundum
1994 4690 2037 4754 D
2071 4668 2445 4754 diss‘i’derent,
2476 4677 2733 4754 hosAnon
2766 4679 2953 4747 potuit
2995 4668 3337 4754 vituperare
3377 4668 3724 4754 T‘heologus,

303 4764 437 4805 cum
472 4751 613 4806 nihil
644 4755 821 4816 esset,
857 4750 1112 4819 potuerit
1159 4765 1285 4803 esse
1335 4750 1599 4805 confusio
1649 4768 1843 4807 rerum
1887 4755 1959 4809 de

303 4837 421 4892 qua
452 4821 546 4893 hic
568 4822 895 4893 Theologus
912 4839 933 4893 _;
957 4843 986 4893 _»
1011 4827 1067 4874 et
1088 4820 1180 4893 his
1204 4821 1393 4893 verbis
1413 4823 1799 4893 respondetur
1817 4843 1834 4878 :
1854 4823 1957 4876 Tot-

301 4888 378 5016 ἕα
414 4891 621 4965 κόσμον
658 4888 879 4947 ένταῦθα
911 4889 1057 4963 λέγει
1090 4891 1189 4957 τὴν
1241 4888 1528 4945 τελείωσιν
1568 4898 1675 4946 τῶν
1731 4895 1847 4948 κατ’
1881 4894 1954 4948 εἶ-

339 4984 397 5016 0:
425 4963 751 5016 γεγονότων.
783 4987 809 5015 ι(
833 4965 936 5016 Hic
961 4964 1209 5016 fortasse
1228 4964 1368 5016 dicit
1393 4966 1805 5016 nerfectinnem
1831 4984 1954 5016 eam

339 4984 397 5024 ος
425 4963 751 5037 γεγονότων.
783 4987 809 5015 ι(
832 4965 936 5020 Hie
961 4964 1209 5018 fortasse
1228 4964 1368 5018 dicit
1392 4966 1807 5035 perfectionem
1831 4984 1961 5023 eam

305 5052 481 5105 quam
507 5038 676 5105 juxta
721 5037 977 5108 speciem
1032 5051 1201 5089 suam
1242 5040 1443 5091 creatae
1486 5053 1578 5092 res
1632 5043 1959 5094 consecuta)

305 5110 464 5160 sunt.
500 5129 529 5157 ››

376 5178 489 5247 (77)
528 5175 832 5250 (Φὲγγεσιν,
893 5181 984 5233 Sic
1044 5192 1248 5232 omnes
1315 5178 1562 5234 codices.
1615 5180 1745 5234 Par.
1800 5179 1958 5256 σφέγ·

345 5266 473 5303 εσιν.

525 5317 621 5371 Καὶ
653 5317 993 5393 πνευμάτων.
1051 5323 1220 5374 Deest
1249 5317 1337 5372 καί
1386 5319 1446 5374 in
1492 5321 1807 5393 plerisque.
1840 5324 1956 5380 Ha-

306 5388 444 5444 bent
473 5396 667 5445 tamen
704 5388 989 5446 nonnulli.

520 5461 991 5549 Ξπερηχούμενοι.
1028 5463 1248 5549 l‘leg.'r,
1285 5460 1685 5549 tannxoéitsvor.

372 5532 485 5605 (80)
520 5532 943 5605 Περιπίπτομεν.
984 5557 1003 5582 α
1042 5532 1328 5588 lrruimus
1359 5532 1593 5591 alter'in
1628 5536 1900 5594 alterum.
1924 5558 1951 5591 η

371 5603 483 5672 (81)
515 5603 605 5655 Ἐν
633 5604 858 5675 κατάρᾳ.
878 5605 1081 5676 Verba
1131 5606 1550 5676 prophetarum
1602 5608 1831 5665 inverso
1862 5628 1954 5665 or-

304 5670 440 5753 dine
454 5670 631 5753 refert
653 5670 986 5753 Gregorius;
1011 5670 1328 5749 inin-usque
1352 5679 1728 5753 verba,quam
1750 5686 1955 5740 natum

304 5743 523 5815 profert
554 5743 951 5820 proverbium.

2070 4751 2170 4806 ubi
2200 4751 2382 4806 laicos
2431 4766 2532 4821 pro
2585 4748 2697 4804 ﬁde
2746 4746 3076 4821 pugnantes
3123 4746 3346 4811 laudat,
3379 4748 3436 4798 et
3470 4756 3625 4796 unus
3659 4756 3729 4795 ex

2069 4824 2214 4894 ipsis
2240 4839 2367 4877 esse
2398 4820 2580 4895 cupit.
2696 4891 2719 4895 _
2846 4820 2855 4821 7
2980 4891 3014 4895 _
3350 4883 3427 4895 ⁸,
3677 4876 3689 4895 ν

2140 4895 2253 4965 (84)
2285 4886 2635 4965 Πασχόντων.
2696 4891 2760 4946 In
2786 4962 2796 4965 Α
2821 4908 2923 4965 ora
2980 4891 3119 4961 Reg.
3163 4905 3210 4953 r,
3238 4886 3580 4965 “scriptum,
3621 4886 3723 4931 πά-

2071 4953 2278 5039 σχδιεεῦ.
2314 4953 2442 5020 Ξοιῖ
2462 4963 2753 5043 vulgatam
2786 4953 3424 5043 lectionenicontirmat
3455 4953 3723 5043 codicum

2070 5026 2393 5093 co'nsensus
2421 5053 2434 5101 ;
2458 5042 2514 5089 et
2538 5026 2593 5106 in
2617 5035 2948 5106 marg.Reg.
2982 5051 3039 5099 u,
3063 5032 3272 5087 Glossa
3293 5041 3581 5106 sequens:
3611 5026 3728 5106 Ἀν-

2068 5090 2509 5181 τῖϋπασχέτωσαν
2537 5090 2832 5181 ῘΑττικιῖίς,
2886 5090 2942 5161 id
2999 5090 3107 5172 est,
3175 5124 3197 5151 (ι
3232 5090 3423 5164 attice,
3459 5120 3487 5147 »
3518 5090 3727 5169 πασχέ-

2067 5177 2430 5251 τωσανξ-ΤίΙΙ.
2470 5200 2490 5227 ιι
2530 5177 2673 5233 forte
2707 5202 2727 5251 η
2764 5177 3037 5251 πάσχουσι

2140 5254 2251 5322 (85)
2306 5250 2619 5305 Ἀνωτατω.
2674 5249 2766 5304 Sic
2824 5235 3030 5304 affines
3088 5245 3339 5302 codices.
3400 5241 3531 5295 Par.
3583 5235 3723 5290 ἀνω-

2066 5342 2263 5465 uigili).
2286 5386 2411 5465 Οὐδ’
2443 5388 2573 5463 ἐγώ.
2608 5392 2702 5465 Sic
2736 5390 3007 5447 meliores
3039 5393 3188 5465 nota
3217 5379 3593 5465 exemplaria.

2139 5450 2251 5536 (87)
2310 5450 2780 5547 Ἀγωνιιιζομένωνι.
2828 5486 2871 5545 ἀ
2932 5450 3454 5547 ξονὶεἰὶῐαηὶμιιὶξυ

2066 5521 2475 5615 habc_:passive
2506 5521 2599 5589 hic
2652 5534 3118 5615 accipiendam,“
3140 5529 3295 5612 quod
3349 5521 3729 5582 Demostheni

2068 5603 2356 5664 familiare
2389 5612 2496 5672 est,
2534 5603 2834 5661 contendit
2861 5603 3276 5660 Combeﬁsius.

2137 5680 2249 5752 (88)
2282 5674 2377 5731 Καὶ
2409 5666 2516 5753 τῶν
2548 5675 3057 5753 ἀπεχθανομένων.
3117 5674 3243 5733 Non
3303 5668 3478 5729 habet
3507 5669 3645 5739 Reg.
3678 5666 3723 5721 ι.

2065 5750 2237 5810 Deest
2265 5753 2370 5805 τῶν
2404 5751 2465 5808 in
2496 5750 2588 5812 ed.
