4110 6404
356 421 476 482 489

1503 415 1800 479 ORATIO
1845 417 1920 476 ll.
1951 447 2032 460 -—
2059 415 2631 477 APOLOGETICA.

3668 417 3788 482 490

429 551 529 605 HI“
559 553 666 603 Νῦν
730 545 788 602 δὲ
845 546 946 602 εἶσί
991 569 1128 610 τινες
1187 549 1239 602 οἱ
1287 550 1377 603 καὶ
1423 549 1547 621 περὶ
1600 553 1806 624 μικρῶν
1841 544 2008 602 πολε-

2199 548 2480 604 LXXXIH.
2516 548 2682 604 Nunc
2715 553 2911 604 autem
2943 547 3215 604 nonnulli
3247 553 3406 618 sunt,
3428 550 3528 621 qui
3557 550 3630 606 de
3660 567 3787 622 par-

359 645 609 713 μοῦντες,
639 638 728 691 καὶ
782 637 858 698 εἰς
909 636 1061 691 οὐδὲν
1113 633 1337 715 ὄφελος,
1371 637 1459 692 καὶ
1508 637 1825 706 κοινωνοὺς,
1862 635 2020 698 ὅσους

358 728 416 783 ἂν
450 725 739 798 δύνωνται,
790 730 885 780 τοῦ
934 731 1102 780 κακοῦ
1153 721 1693 802 προσλαμϐάνοντες,
1730 724 1850 780 λίαν
1884 726 2019 798 ἀμα-

361 823 469 882 θῶς
511 818 600 871 καὶ
651 817 908 892 θρασέως.
961 817 1092 870 Εἶτα
1143 819 1254 889 (89)
1305 815 1390 870 ἐπὶ
1424 822 1582 870 πᾶσιν
1612 818 1646 884 ἡ
1691 815 1893 882 πίστις,
1928 813 2016 868 καὶ

358 904 521 960 τοῦτο
578 907 640 960 τὸ
687 905 878 978 σεμνὸν
931 901 1108 978 ὄνομα
1160 907 1274 978 (90)
1318 910 1435 966 ταῖς
1487 902 1653 966 ἰδίαις
1703 903 1878 958 αὐτῶν
1928 924 2016 980 φι-

363 994 656 1056 λονεικίαις
706 993 1174 1070 παρασυρόμενον.
1223 995 1314 1047 Ἐκ
1364 991 1420 1048 δὲ
1467 993 1698 1061 τούτων,
1731 993 1805 1054 ὡς
1853 992 1916 1046 τὸ
1949 993 2019 1045 εἰ-

361 1085 477 1158 κὸς,
514 1082 816 1158 μισούμεθα
868 1083 960 1156 μὶν
1013 1081 1064 1136 έν
1119 1088 1233 1144 τοῖς
1284 1081 1470 1154 ἔθνεσι,
1507 1083 1596 1137 καὶ
1629 1084 1658 1137 ’ὀ
1687 1081 1881 1136 τούτου
1913 1101 2017 1156 χα-

361 1173 695 1250 λεπώτερον,
742 1168 866 1227 οὐδὲ
915 1171 1083 1227 εἰπεῖν
1131 1170 1358 1246 ἔχομεν,
1392 1173 1464 1234 ὡς
1499 1172 1560 1226 οὐ
1611 1169 1855 1233 δικαίως·
1900 1169 2014 1225 δια-

358 1256 680 1335 ϐεϐλήμεθα
713 1259 885 1315 δὲκαὶ
933 1265 1041 1315 τῶν
1094 1260 1376 1336 ἡμετέρων
1427 1266 1544 1322 τοῖς
1576 1258 2012 1334 ἐπιεικεστέροις·

356 1349 510 1406 οὐδὲν
543 1352 644 1426 γὰρ
675 1349 979 1422 θαυμαστὸν
1014 1349 1061 1403 εἷ’
1107 1355 1223 1411 τοῖς
1273 1348 1547 1420 πλείοσιν,
1582 1349 1633 1403 οἳ
1667 1347 1830 1422 μόλις
1872 1346 1930 1402 ἅν
1964 1369 2015 1402 τι

355 1440 446 1494 καὶ
475 1444 584 1494 τῶν
617 1437 798 1494 καλῶν
831 1436 1193 1514 ἀποδέχοιντο
1227 1441 1360 1512 (91).

432 1713 532 1762 11Δ¹
561 1706 905 1762 Τεκταίνουσι
954 1704 1012 1761 δὲ
1059 1705 1144 1761 ἐπὶ
1187 1710 1295 1760 τῶν
1349 1707 1540 1761 νώτων
1591 1709 1704 1779 (92)
1754 1709 1912 1780 ἡμῶν
1967 1707 2018 1761 o't

359 1796 720 1870 ἁμαρτωλοίο
769 1796 858 1850 καὶ
911 1795 945 1849 ἆ
985 1797 1098 1850 κατ’
1149 1793 1415 1866 ἀλλήλων
1465 1795 1790 1868 ἐπινοοῦμεν
1823 1843 1835 1867 ,
1885 1797 2020 1850 κατά

359 1887 576 1942 πάντων
628 1883 837 1961 ἔχουσι’
889 1886 979 1940 καὶ
1035 1885 1334 1960 γεγόναμεν
1388 1885 1607 1960 θέατρον
1653 1885 1834 1939 καινὸν
1883 1888 2017 1958 (93),
2051 1925 2097 1989 Β

358 1976 462 2030 οὐκ
493 1974 746 2051 ἀγγέλοις
795 1973 883 2029 καί
933 1975 1260 2047 ἀνθρώποις,
1295 1977 1410 2029 οἷον
1440 1975 1466 2028 6
1498 1975 1869 2049 γενναιότατος
1906 1979 2012 2030 τῶν

357 2062 612 2134 ἀθλητῶν
641 2066 751 2137 (94)
796 2060 1032 2128 Παῦλος,
1078 2063 1214 2139 πρὸς
1263 2063 1358 2124 τὰς
1403 2063 1578 2138 ἀρχᾶς
1627 2063 1840 2125 καὶτὰς
1875 2063 2018 2134 ἐξου-

353 2154 473 2216 σίας
505 2153 927 2228 ἀγωνιζόμενος,
980 2151 1125 2207 ἀλλὰ
1173 2159 1302 2206 πᾶσι
1351 2157 1548 2228 μικροῦ
1580 2158 1694 2214 τοῖς
1724 2159 2015 2230 πονηροῖς,

349 2243 441 2299 καὶ
476 2242 564 2298 ἐπὶ
597 2244 794 2304 παντὸς
833 2247 1024 2318 καιροῦ
1074 2241 1164 2296 καὶ
1214 2242 1406 2313 τόπου,
1458 2241 1508 2295 ἐν
1558 2242 1803 2318 ἀγοραῖς,
1837 2242 1888 2296 ἐν
1915 2243 2014 2298 πό-

350 2354 471 2394 τοις
503 2335 638 2405 (95),
694 2331 746 2386 ἐν
801 2330 1180 2410 εὐφροσύναις,
1215 2329 1266 2385 ἐν
1301 2330 1567 2387 πένθεσιν.
1621 2329 1763 2398 "Han
1798 2329 1854 2385 δὲ
1884 2352 2016 2408 προ-

355 2419 600 2493 ήλθομεν
630 2420 720 2474 καὶ
761 2420 922 2496 μέχρι
953 2427 1053 2489 τῆς
1088 2427 1318 2490 σκηνῆς,
1345 2421 1372 2474 ὃ
1411 2418 1608 2496 μικροῦ
1657 2421 1743 2474 καὶ
1797 2419 2014 2496 δακρύω

358 2507 538 2583 λέγων
570 2510 704 2580 (96),
737 2509 826 2562 καὶ
883 2510 1013 2580 μετᾶ
1063 2514 1170 2563 τῶν
1223 2507 1625 2585 ἀσελγεστάτων
1677 2508 1967 2585 γελώμεθα
1997 2531 2010 2544 ·

355 2597 448 2652 καὶ
485 2594 636 2651 οὐδὲν
670 2596 811 2652 οὕτω
853 2599 1077 2672 τερπνὸν
1127 2603 1234 2652 τῶν
1284 2599 1641 2672 ἀκουσμάτων
1692 2600 1782 2653 καὶ
1814 2599 2014 2674 Θεαμά-

353 2709 488 2756 των,
525 2687 598 2748 ὡς
634 2687 944 2762 Χριστιανὸς
977 2685 1441 2761 κωμῳδούμενος.

425 2781 532 2831 ΠΕ¹
581 2780 757 2830 Ταῦτα
809 2778 921 2849 (97)
965 2779 1100 2848 ἡμῖν
1147 2777 1174 2830 6
1225 2777 1358 2852 πρὸς
1409 2774 1696 2846 ἀλλήλους
1743 2773 2008 2849 πόλεμος·

351 2871 523 2920 ταῦτα
551 2867 666 2938 (98)
715 2866 767 2919 οἱ
815 2862 936 2919 λίαν
989 2866 1118 2940 ὑπὲρ
1168 2870 1264 2919 τοῦ
1314 2866 1512 2941 ἀγαθοῦ
1561 2865 1648 2920 καὶ
1699 2866 1875 2940 πράου
1911 2887 2010 2938 μα-

353 2955 612 3032 χόμενοι·
661 2959 829 3008 ταῦτα
879 2955 930 3008 οἱ
979 2953 1146 3009 πλέον
1180 2957 1295 3027 (99)
1346 2955 1656 3030 ἀγαπῶντες
1695 2955 1786 3008 τὸν
1820 2956 1945 3009 Θεὸν
1973 2955 2008 3024 ἢ

352 3045 483 3100 ὅσον
519 3046 796 3122 συμφέρει*
831 3044 920 3098 καὶ
971 3043 1222 3099 παλαίειν
1273 3045 1364 3118 μὲν
1417 3045 1515 3099 οὐκ
1547 3043 1743 3114 ἔξεστιν
1774 3041 1878 3114 ἕξω
1907 3049 2012 3098 τῶν

348 3135 778 3208 νενομισμένων,
821 3131 934 3187 οὐδ’
982 3131 1124 3188 ἄλλο
1171 3154 1223 3186 τι
1257 3133 1627 3209 ἀγωνίζεσθαι’
1662 3134 1696 3202 ἢ
1741 3128 2012 3203 καταϐοή-

347 3245 501 3279 σεται
530 3226 609 3297 (1)
657 3222 746 3277 καὶ
796 3222 1246 3294 ἀτιμασθήσεται,
1295 3222 1384 3276 καὶ
1416 3220 1614 3277 ἀπολεῖ
1661 3224 1760 3292 τήν
1793 3223 1950 3293 νίκην
1981 3223 2009 3277 6

2127 638 2214 693 vis
2246 639 2421 693 etiam
2455 639 2649 708 rebus,
2685 655 2787 694 nec
2820 638 3140 711 quidquam
3184 639 3453 694 utilitatis
3497 640 3785 695 all'erenti-

2129 727 2262 792 bus,
2283 727 2701 798 digladientur,
2721 728 3026 799 sociosque
3051 727 3212 797 mali,
3237 744 3617 799 quoscunque
3652 746 3784 800 pos-

2130 817 2249 870 sint
2281 817 2598 872 admodum
2634 817 2904 888 imperite
2937 833 3002 873 ac
3031 820 3248 872 temere
3279 817 3588 873 asciscant.
3622 821 3782 872 Post-

2128 921 2307 976 eaque
2340 905 2432 960 his
2463 907 2738 962 omnibus
2770 906 2916 962 ﬁdes
2947 908 3480 978 pretexitur,alque
3511 911 3782 962 sanctum

2128 999 2184 1050 et
2214 996 2607 1051 venerandum
2639 996 2748 1051 hoc
2781 1013 2994 1051 nomen
3029 996 3269 1068 privatis
3300 1013 3503 1052 eorum
3545 1001 3784 1052 conten-

2127 1085 2388 1140 tionibus
2421 1084 2788 1140 distrahitur.
2823 1088 2896 1140 Ac
2928 1085 3194 1158 proinde,
3227 1091 3293 1141 ut
3323 1090 3783 1142 consentaneum

2127 1178 2234 1244 est,
2265 1174 2397 1229 odio
2426 1175 2660 1246 quidem
2693 1176 2846 1247 apud
2879 1179 3084 1247 gentes
3115 1175 3482 1248 ﬂiagramus,
3509 1176 3785 1248 quodque

2127 1261 2362 1332 gravius
2391 1267 2498 1327 est,
2533 1279 2770 1318 causam
2799 1263 3020 1318 nullam
3054 1264 3258 1320 atl'erre
3291 1281 3626 1336 possumus,
3641 1263 3781 1334 quin

2119 1352 2254 1421 jure
2286 1368 2350 1406 ac
2385 1353 2605 1408 merito.
2641 1353 2809 1424 Apud
2846 1359 3076 1408 nostros
3107 1357 3324 1421 autem,
3348 1354 3522 1410 etiam
3555 1352 3784 1426 probio-

2127 1457 2222 1495 res
2263 1445 2319 1495 et
2351 1441 2637 1496 faci.iores
2666 1441 2910 1496 infamia
2939 1441 3294 1497 laboramus.
3331 1443 3454 1498 Non
3486 1441 3641 1498 enim
3673 1443 3781 1498 mi-

2128 1546 2283 1593 rum,
2316 1530 2364 1584 si
2396 1531 2549 1602 apud
2586 1530 3048 1598 multitudinem,
3081 1548 3208 1602 qua:
3262 1531 3356 1586 vix
3394 1530 3612 1602 aliquid
3647 1532 3783 1588 boni

2129 1618 2410 1689 probarit.

2203 1707 2486 1761 LXXXIV.
2522 1709 2712 1780 Supra
2745 1709 2916 1763 dorsa
2949 1713 3147 1764 nostra
3186 1709 3472 1765 fabricant
3522 1712 3785 1782 peccato-

2130 1813 2222 1852 res
2250 1797 2292 1866 ⁷,
2329 1802 2382 1853 et
2412 1814 2537 1869 qua:
2571 1797 2669 1852 alii
2702 1798 2761 1852 in
2793 1797 2940 1853 alios
2973 1798 3475 1871 excogitamus,ea
3505 1799 3788 1855 adversus

2129 1901 2335 1940 omnes
2367 1885 2618 1941 habent:
2645 1903 2709 1942 ac
2733 1887 3141 1958 spectaculum
3160 1903 3371 1944 novum
3397 1888 3528 1943 facti
3553 1905 3785 1954 sumus,

2128 1991 2242 2029 non
2278 1974 2500 2046 angelis
2532 1981 2587 2031 et
2617 1975 2957 2032 hominibus
2987 1978 3028 2047 ⁸,
3058 1982 3123 2032 ut
3153 1977 3250 2033 ille
3277 1977 3631 2034 athletarum
3668 1978 3782 2033 for-

2127 2064 2398 2120 tissimus
2430 2063 2953 2130 Paulus,adversus
2982 2066 3343 2138 principatus
3372 2071 3432 2122 et
3466 2071 3783 2138 potestates

2128 2154 2147 2187 ⁹
2179 2158 2440 2221 certans;
2480 2154 2579 2209 sed
2631 2155 2902 2209 omnibus
2933 2157 3358 2227 propemodum
3390 2155 3697 2227 improbis,
3730 2159 3786 2210 et

2127 2244 2284 2298 omni
2319 2248 2579 2315 tempore
2610 2260 2674 2299 ac
2707 2243 2851 2310 loco,
2887 2244 2944 2298 in
2979 2244 3140 2310 foris,
3185 2245 3241 2298 in
3273 2244 3574 2310 conviviis,
3605 2245 3663 2298 in
3697 2261 3787 2300 vo-

2127 2331 2468 2402 luptatibus,
2503 2332 2560 2386 in
2595 2331 2872 2388 luctibus.
2905 2333 3036 2388 Jam
3087 2338 3284 2388 autem
3332 2333 3507 2388 etiam
3554 2333 3626 2388 ad
3659 2349 3784 2389 sce-

2127 2439 2262 2476 nam
2297 2438 2482 2492 usque
2515 2421 2858 2492 prodiimus,
2907 2423 3062 2492 quod
3097 2438 3239 2492 pene
3270 2422 3603 2494 lacrymans
3634 2423 3784 2485 dico,

2126 2517 2343 2566 etcum
2378 2511 2866 2582 impudicissimis
2898 2511 3160 2566 ridemur
3210 2530 3223 2567 :
3276 2528 3381 2567 nec
3433 2512 3617 2567 ullum
3659 2517 3782 2567 tam

2117 2601 2452 2670 jucundum
2513 2616 2806 2670 acroama,
2871 2605 2928 2655 et
2983 2600 3384 2671 spectaculum
3443 2605 3552 2671 est,
3604 2617 3784 2672 quam

2125 2687 2493 2744 Christianus
2525 2689 2766 2743 comicis
2797 2687 3018 2744 cavillis
3053 2689 3386 2744 incessitur.

2167 2777 2297 2832 '53
2335 2775 2582 2831 LXXXV.
2618 2776 2747 2831 Haec
2779 2776 2948 2831 nobis
3005 2775 3352 2832 intestinum
3386 2775 3606 2832 bellum
3641 2779 3789 2832 attu-

2129 2865 2191 2920 lit
2215 2881 2226 2921 :
2249 2865 2367 2919 haec
2400 2865 2434 2919 ii
2471 2865 2567 2936 qui
2602 2881 2704 2936 pro
2737 2866 2883 2920 bono
2912 2865 3011 2920 illo
3043 2870 3099 2921 et
3130 2871 3437 2922 mansueto
3470 2865 3783 2921 immodice

2125 2963 2423 3025 pugnant:
2450 2953 2570 3008 haec
2602 2955 2639 3008 ii
2673 2954 2772 3026 qui
2805 2959 2984 3009 Deum
3019 2956 3151 3026 plus
3183 2960 3404 3024 amant,
3430 2971 3608 3026 quam
3639 2953 3783 3010 utile

2125 3044 2221 3098 sit.
2256 3044 2321 3098 Et
2352 3045 2591 3115 quidem
2627 3050 2829 3114 praeter
2859 3062 2927 3100 ea
2956 3062 3082 3116 quae
3117 3044 3346 3117 legibus
3376 3049 3598 3100 statuta
3620 3049 3780 3108 sunt,

2125 3131 2356 3203 luctari,
2388 3132 2476 3188 vel
2520 3133 2675 3188 aliud
2709 3135 3006 3206 quoddam
3039 3135 3379 3190 certaminis
3411 3151 3597 3206 genus
3626 3133 3788 3189 obire

2124 3240 2237 3278 non
2275 3223 2446 3290 licet;
2482 3231 2583 3278 aut
2607 3223 2821 3293 alioqui
2854 3223 3117 3278 omnium
3139 3223 3495 3279 clamoribus
3526 3224 3788 3295 exagita-

343 3310 662 3368 ἐκπαλαίων
688 3314 786 3385 (2),
872 3309 1013 3366 ἄλλο
1034 3332 1086 3365 τι
1116 3312 1190 3384 μή
1220 3309 1403 3374 καλῶι⁸
1426 3309 2007 3387 ἀγωνιζόμενος,μηδὲ

2136 3313 2300 3379 aitur,
2337 3311 2775 3385 ignominiaque
2807 3314 3185 3382 al'ficietur,ac
3218 3314 3470 3369 victori-re
3492 3314 3786 3383 jacturam

339 3405 483 3459 κατὰ
514 3405 596 3476 (3)
638 3401 767 3463 τοὺς
812 3401 1097 3474 κειμένους
1145 3400 1305 3477 ὅρους
1357 3408 1456 3470 τῆς
1509 3401 1762 3476 ἀγωνίας,
1805 3401 1898 3456 κᾶν
1936 3404 2014 3476 (4)

346 3493 428 3548 ὅτι
461 3497 710 3568 γενναῖος
848 3491 936 3544 καὶ
989 3491 1413 3566 τεχνικώτατος·
1471 3491 1602 3565 ὑπὲρ
1657 3496 1889 3567 Χριστοῦ
1939 3495 2014 3566 (5)

348 3579 407 3635 δὲ
465 3579 779 3654 ἀγωνιεῖταί
849 3601 930 3641 τις
1008 3579 1069 3634 οὐ
1136 3582 1271 3635 κατά
1328 3581 1558 3656 Χριστὸν
1596 3627 1608 3651 ,
1673 3578 1856 3634 ἔπειτα
1914 3601 2015 3655 χα-

349 3675 549 3743 ριεῖται
590 3671 666 3742 (6)
715 3671 785 3741 τῇ
838 3667 1045 3744 εἷρῆνη,
1096 3669 1358 3743 πολεμῶν
1415 3670 1546 3746 ὑπὲρ
1596 3670 1763 3738 αὐτῆς
1807 3670 1882 3730 ὡς
1916 3669 2015 3723 οὐκ

350 3757 524 3830 ἔξεστι
559 3777 572 3826 ;

421 4027 516 4095 Πζ’
547 4025 643 4081 Καὶ
705 4026 756 4080 οἱ
818 4025 912 4099 μὲν
974 4022 1224 4098 δαίμονες
1280 4025 1586 4104 φρίττουσιν
1648 4023 1724 4086 εἷς
1785 4021 1861 4078 ἔτι
1921 4022 2009 4078 καί

345 4119 438 4169 νῦν
502 4117 735 4191 Χριστοῦ
784 4114 1150 4187 καλουμένου,
1199 4115 1288 4170 καὶ
1343 4113 1467 4170 οὑδὲ
1517 4115 1619 4169 ὑπὸ
1658 4117 1758 4184 τῆς
1817 4113 2007 4177 κακίας

344 4207 508 4279 ἡμῶν
541 4203 789 4276 ἐξίτηλος
844 4205 1062 4281 γέγονεν
1095 4207 1128 4274 ἡ
1159 4210 1257 4260 τοῦ
1309 4204 1577 4280 ὀνόματος
1617 4205 1811 4259 τούτου
1846 4203 2007 4259 δόνα-

2130 3402 2319 3472 faciet,
2346 3403 2443 3473 qui
2478 3419 2775 3473 perperam
2802 3402 3055 3457 luctatus
3080 3402 3382 3470 fuerit,aut
3412 3401 3569 3456 aliud
3593 3402 3779 3472 quod-

2128 3491 2263 3546 dam
2296 3491 2630 3547 certaminis
2665 3508 2851 3562 genus
2886 3509 2997 3546 non
3042 3497 3192 3547 recte
3224 3491 3452 3558 obierit,
3488 3492 3786 3561 necjuxta

2128 3581 2477 3635 constitutas
2509 3580 2845 3635 certaminis
2880 3582 3129 3650 regulas,
3153 3579 3532 3651 quantumvis
3561 3579 3789 3648 alioqui

2125 3671 2290 3724 fortis
2313 3670 2407 3735 sit,
2433 3670 2692 3740 artisque
2715 3669 3108 3739 peritissimus
3134 3687 3144 3723 :
3168 3686 3269 3740 pro
3302 3668 3529 3724 Christo
3562 3672 3785 3734 autem,

2125 3777 2240 3814 non
2276 3764 2338 3813 ut
2367 3758 2593 3815 Christo
2625 3763 2857 3830 gratum
2891 3763 2998 3824 est,
3033 3757 3328 3830 quispiam
3363 3757 3668 3830 pugnabit,
3711 3774 3777 3812 ac

2125 3849 2338 3903 doinde
2368 3852 2600 3919 gratum
2635 3847 2760 3919 paci
2816 3846 3010 3916 faciet,
3061 3863 3163 3918 pro
3208 3865 3295 3914 ea,
3349 3865 3463 3902 non
3518 3853 3580 3902 ut
3619 3847 3776 3915 licet,

2122 3938 2338 3994 bellum
2373 3954 2575 4007 gerens
2607 3937 2634 3990 Τ

2192 4026 2462 4082 LXXXVI.
2496 4028 2573 4080 Ac
2604 4026 2898 4080 daemones
2929 4025 3165 4097 quidem
3200 4027 3526 4082 etiamnum
3573 4030 3774 4081 vocato

2117 4115 2344 4173 Christo
2375 4115 3027 4182 contremiscunt9',nec
3048 4115 3121 4170 ob
3153 4122 3414 4171 nostram
3440 4113 3777 4187 improbita-

2118 4211 2233 4261 tem
2268 4205 2444 4275 hujus
2477 4204 2734 4258 nominis
2769 4204 2853 4258 vis
2893 4203 3207 4260 imminuta
3236 4211 3293 4260 et
3321 4205 3605 4261 exstincta
3637 4209 3727 4260 est
3762 4219 3774 4260 :

414 4305 568 4362 Psal.
602 4321 838 4372 CXXVIII,
868 4305 920 4360 3.
998 4305 1018 4338 ⁸
1051 4307 1071 4360 Ι
1102 4309 1227 4361 Cor.
1259 4323 1335 4375 ιν,
1366 4307 1419 4361 9.
1496 4307 1518 4340 ⁰
1549 4305 1760 4378 Ephes.
1795 4322 1871 4371 v1,
1909 4305 1993 4360 12.

2149 4305 2270 4360 Jac.
2306 4321 2366 4371 ιι,
2402 4302 2489 4357 19.

420 4404 533 4475 (89)
566 4402 724 4458 Ειτα.
760 4401 889 4456 Bill.
927 4403 984 4475 in

351 4475 763 4546 postmodum.
794 4475 922 4546 irEt
951 4474 1009 4528 in
1033 4474 1174 4542 Elia,
1205 4495 1231 4527 α
1260 4480 1318 4531 et
1346 4479 1480 4546 post
1509 4476 1628 4530 hinc
1661 4475 1878 4530 omnia.
1916 4496 1944 4523 »

444 4545 535 4615 90)
567 4543 794 4614 Ὀνομα.
827 4545 1072 4614 Nomen,
1122 4570 1149 4597 «
1184 4543 1401 4613 fideif»
1437 4547 1544 4614 vel,
1580 4552 1646 4602 ut
1673 4547 1800 4602 vult
1834 4546 2005 4614 Elias,

352 4637 380 4665 α
414 4614 753 4690 Qhristiani,
790 4638 816 4690 ξ)
848 4618 988 4690 dum
1028 4635 1090 4674 se
1121 4618 1372 4690 quisque
1419 4618 1777 4690 Catholicum
1802 4619 2007 4689 jactat,

347 4686 442 4742 vel
473 4687 652 4761 etiam
688 4709 716 4761 ς(
747 4687 980 4761 Christi,
1016 4711 1044 4738 »
1100 4686 1165 4744 ut
1211 4686 1427 4745 diserte
1457 4707 1514 4744 n.
1565 4690 1654 4743 86.
1682 4689 1784 4745 Vel
1806 4686 2010 4761 potius

353 4780 393 4832 «_
414 4759 752 4832 sacerdotis,
781 4760 994 4830 njuxta
1019 4778 1184 4816 num.
1208 4763 1297 4828 78,
1322 4762 1498 4832 idque
1525 4761 1723 4832 forsan
1757 4759 2008 4832 sequen-

353 4829 437 4884 tia
469 4829 786 4901 postulant,
809 4829 941 4887 cum
977 4833 1051 4889 iis
1075 4829 1494 4889 moderatiores
1523 4831 1699 4887 laicos
1733 4829 2008 4903 Opponat.

350 4923 382 4988 te
399 4903 576 4988 .lstud
608 4919 990 4988 ergonnomen
1023 4905 1420 4988 di‘storquetur
1440 4921 1504 4986 ac
1529 4909 1880 4988 praepostere
1901 4908 2012 4988 tr‘a-

348 4971 533 5044 hitur,
566 4997 594 5023 »
627 4971 962 5048 ait_Comb.,
996 4999 1023 5026 «
1059 4971 1374 5048 dumAillud
1404 4971 1666 5048 quisque
1686 4975 1799 5032 sibi
1830 4976 2016 5031 vindi-

351 5041 756 5123 cat,_nomi_nis
789 5041 1023 5123 probro,
1053 5041 1536 5123 xa6u6ptcépe'voc,
1559 5041 1646 5104 "ut
1685 5049 1809 5120 ipse
1854 5053 2012 5120 post-

352 5117 947 5204 modum‘GregOrius
977 5117 1246 5204 ea‘plicat'.
1284 5144 1310 5169 »

567 5186 979 5275 ςΑπρὸἔχοιντο.
1019 5186 1292 5275 Colb.}n,
1327 5187 1726 5275 ἀποβᾶχωνται.

567 5260 690 5315 Ἐπὶ
719 5259 1062 5334 Δτιῖἶὶνγνιὸτιυν.
1105 5263 1278 5319 Coisl.
1315 5265 1367 5334 1,
1400 5262 1488 5334 τὸν
1503 5259 1701 5318 ἶῶτον.

425 5331 538 5407 (93)
569 5331 784 5407 Καινόν.
819 5333 1016 5407 Βοεες.
1066 5335 1286 5406 plures,
1318 5331 1499 5388 κοινόν
1559 5357 1578 5382 α
1619 5349 1952 5402 commune,
1989 5355 2010 5383 η

356 5403 511 5475 quod
541 5403 1002 5475 praefertComH.

433 5468 687 5550 Qéf’ﬁw
710 5473 982 5550 ἀθλητῶν.
1005 5481 1177 5550 Deest
1205 5476 1265 5534 in
1299 5477 1438 5550 Reg.
1478 5479 1526 5550 1.

431 5539 661 5612 (95)Ἐν
708 5539 924 5611 πότοις.
990 5549 1218 5606 Habent
1293 5539 1564 5606 nonnulli
1621 5545 1835 5609 τόποις.
1908 5547 2020 5604 Sed

403 5628 560 5669 Γανο.

357 5629 560 5690 prave.

361 5755 400 5766 ,,
432 5683 552 5757 (96)
581 5685 832 5766 Δαοςξύω,
870 5689 980 5766 Alii
1013 5687 1279 5766 ξακρύων.
1310 5693 1407 5766 Sic
1438 5690 1751 5766 Apostolus
1782 5692 1852 5749 ad
1889 5691 2020 5747 Phi-

358 5755 509 5835 lipp.
544 5775 632 5833 ni,
660 5755 747 5836 18,
779 5757 985 5815 κλαίων
1024 5755 1193 5835 λέγω,
1229 5787 1258 5816 ‹‹
1295 5765 1442 5823 ﬂens
1471 5755 1621 5822 dico.
1656 5787 1679 5818 δ

687 5887 952 5952 ΡΑτῐιοι.
1004 5888 1112 5950 Gn.
1163 5889 1404 5956 XXXV.

1068 4403 1216 4459 rima
1252 4403 1343 4459 ed.
1403 4426 1429 4453 ‹‹
1481 4402 1692 4474 hisque
1740 4402 2017 4458 omnibus
2048 4405 2094 4470 D

2197 4403 2309 4472 (97)
2339 4403 2514 4453 Ταῦτα
2547 4400 2705 4473 ἡμῖν.
2738 4401 2943 4473 Comb,
2975 4401 3130 4473 Ταῦθ’
3155 4403 3314 4473 ἡμῖν.

2197 4471 2304 4544 (98)
2346 4475 2521 4544 Ταῦτα
2552 4472 2624 4525 οἱ.
2657 4474 2764 4527 Alii
2797 4471 2945 4544 1:150:
2977 4472 3050 4527 οἱ.

2193 4539 2306 4616 (99)
2341 4541 2533 4597 ῐΙλέον.
2560 4544 2696 4616 Reg.
2736 4545 2854 4611 bm,
2887 4539 3100 4598 πλεῖον.

2193 4615 2371 4689 (1)ΛῘἩ
2403 4615 3034 4689 καταοοήσεται.Βθεε.
3068 4632 3124 4689 g,
3148 4615 3186 4683 l,
3218 4620 3274 4689 et
3304 4616 3463 4671 Colb.
3496 4635 3573 4682 m,
3605 4615 3640 4684 ἢ
3676 4616 3779 4689 γὰρ

2193 4632 2268 4684 (1)
2328 4632 2371 4670 ﬂ
2403 4632 2822 4683 καταοοησεται.
2859 4632 3034 4688 uegg.
3112 4659 3124 4680 ,
3149 4632 3186 4683 Ι,
3218 4632 3274 4671 et.
3304 4632 3463 4671 UOID.
3496 4635 3573 4682 m,
3605 4632 3640 4684 ἡ
3676 4635 3779 4689 γαρ

2120 4680 2615 4756 καταϐλῆθήσεται.
2650 4688 2743 4742 Sic
2775 4688 2949 4742 etiam
2999 4632 3244 4759 vigetur,
3266 4688 3473 4759 legisse
3503 4691 3645 4743 Gab.
3681 4689 3783 4758 qui

2119 4760 2310 4827 vertit,
2349 4785 2368 4807 α
2424 4759 2784 4831 explodetur.
2842 4782 2868 4806 ››
2912 4760 3051 4814 Iteiu
3101 4757 3270 4813 Coisl.
3326 4757 3373 4825 ἰ,

2123 4848 2310 4886 marg.

2193 4848 2671 4972 ἓὲξέΕκπαλαίων.
2734 4902 2934 4957 Comb.
3002 4920 3022 4948 ι
3082 4900 3183 4972 qui
3233 4900 3400 4956 aliter
3428 4899 3688 4956 luctatur
3718 4917 3784 4957 ac

2124 4975 2500 5047 gymnastica:
2532 4973 2688 5045 leges
2722 4974 3090 5045 permittunt.
3145 4996 3173 5023 ››
3225 4977 3309 5028 lta
3348 4972 3573 5039 Heins.,
3609 4972 3784 5038 Elias,

2125 5047 2463 5188 et(g)allll~q8‘s
2494 5113 2647 5170 κατά.
2683 5117 2826 5188 Male
2861 5116 2985 5171 Par.
3021 5117 3109 5171 ed.
3147 5120 3349 5172 contra
3388 5116 3654 5172 omnium
3687 5133 3788 5173 co-

2127 5186 2322 5244 dicum
2357 5189 2551 5259 tidem,
2591 5186 2743 5259 μετά.

2200 5261 2275 5331 (li)
2311 5256 2413 5334 Κᾶν
2445 5257 2525 5312 ὅτι
2557 5256 2818 5334 γενναῖος.
2868 5259 3048 5332 Regg.
3103 5259 3385 5332 quinque,
3435 5259 3592 5316 Colb.
3648 5277 3767 5332 qua

2128 5337 2283 5406 tuor,
2318 5331 2346 5385 6
2375 5331 2617 5406 γενναῖος
2630 5375 2641 5388 .

2201 5404 2279 5474 (5)
2364 5403 2520 5478 Ὑπὶρ
2602 5404 2854 5475 Χριστοῦ.

2133 5479 2287 5543 Θεοῦ,

2205 5542 2282 5620 (6)
2329 5546 2605 5620 Χαριεῖται
2637 5542 2994 5620 ΔτῇΔ-Αεῖρήνῃ.
3037 5568 3083 5620 «7
3117 5545 3363 5620 Gratum
3419 5546 3591 5604 faciet
3640 5545 3789 5619 paci.

2133 5616 2390 5690 Hocest,
2415 5616 2450 5669 ⁷»
2485 5617 2678 5690 inquit
2701 5616 2878 5686 'Elias,
2917 5616 3090 5691 «ipsi
3119 5618 3372 5692 Christo,
3404 5621 3505 5696 qui
3550 5616 3660 5677 est‘
3683 5633 3795 5691 pax

2136 5697 2352 5749 nostra.

3423 4765 3478 4813 et
3527 4760 3688 4814 Pass.
3724 4761 3782 4814 in

2946 5402 3124 5475 Regg.
3192 5420 3252 5474 n,
3337 5413 3392 5461 et
3454 5406 3576 5462 Jes.
3656 5402 3790 5477 ὑπὲρ

3709 5847 3720 5878 t'

3400 5891 3476 5958 16
