4110 6402
289 475 412 536 493

1427 472 1724 539 ORATIO
1774 472 1852 537 Il.
1887 506 1965 521 —
1992 472 2561 536 APOLOGETICA.

3606 482 3725 541 494

361 609 427 686 ιικ
464 608 606 682 Ἐγὼ
659 606 756 679 μὲν
806 607 908 682 γὰρ
957 604 1329 679 ἀσθενέστερος
1377 609 1512 662 εἶναι
1559 612 1656 663 τοῦ
1699 606 1950 681 πολέμου

2138 613 2244 664 XC.
2281 609 2509 665 Etenim
2565 625 2671 682 ego
2725 609 2862 665 huic
2913 608 3066 665 bello
3123 609 3414 683 imparem
3470 627 3564 668 me
3593 629 3725 670 esse

283 697 488 753 τούτου
520 694 812 771 ὁμολογῶ,
846 695 938 750 καὶ
973 693 1063 750 διὰ
1099 700 1261 751 τοῦτο
1309 692 1489 752 ἔδωκα
1531 697 1599 752 τὰ
1642 701 1788 752 νῶτα
1819 699 1956 771 (22),

290 786 545 860 καλύψας
575 787 689 860 (23)
715 787 780 840 τὸ
828 784 1122 860 πρόσωπον
1177 786 1228 840 ἐν
1280 790 1481 860 τροπῇ,
1513 787 1603 841 καὶ
1651 786 1958 859 καταμόνας

291 877 640 947 καθεσθῆναι,
701 875 783 929 δτι
857 873 1076 949 πικρίας
1133 873 1489 945 ἐνεπλήσθην,
1551 874 1791 946 ἐζήτησα
1866 876 1956 930 καὶ

295 972 592 1035 σιωπῆσαι,
641 964 834 1018 συνιὼν
886 966 1022 1035 (24),
1078 962 1160 1017 ὅτι
1196 965 1223 1018 6
1269 964 1456 1039 καιρὸς
1501 965 1741 1039 πονηρός
1791 965 1952 1020 ἐστιν·

295 1053 381 1109 ὅτι
442 1052 799 1108 ἀπελάκτισαν
843 1053 896 1105 οἱ
946 1052 1322 1127 ἠγαπημένοι,
1358 1053 1441 1107 ὅτι
1499 1055 1790 1129 γεγόναμεν
1847 1053 1954 1108 υἱοὶ

295 1143 679 1221 ἀφεστηκότες,
709 1144 745 1211 ἠ
780 1141 1028 1214 ἄμπελος
1079 1144 1113 1210 ἡ
1166 1141 1607 1214 εὖκληματοῦσα,
1640 1145 1674 1212 ἡ
1707 1141 1955 1216 ἄμπελος

307 1237 342 1302 ἡ
404 1230 668 1303 ἀληθινὴ,
717 1236 861 1286 πᾶσα
914 1230 1285 1308 καρποφόρος,
1321 1231 1497 1307 ὡραία
1551 1237 1716 1300 πᾶσα,
1775 1232 1957 1295 καλῶς

294 1328 418 1384 ταῖς
491 1321 709 1397 σταγόσι
785 1325 902 1382 ταῖς
980 1320 1179 1376 ἄνωθεν
1260 1319 1624 1376 ἀνατέλλουσα
1682 1325 1814 1395 (25)⁸
1872 1322 1954 1377 ὅτι

295 1410 536 1488 ἐστράφη
569 1413 682 1482 (26)
714 1410 790 1472 εἰς
820 1408 1042 1482 ἀτιμίαν
1097 1409 1221 1482 ἐμοὶ
1272 1411 1334 1464 τὸ
1381 1408 1627 1482 διάδημα
1674 1416 1770 1465 τοῦ
1816 1411 1956 1466 κάλ-

297 1499 433 1561 λους
464 1504 597 1572 (27),
636 1500 698 1554 τὸ
755 1500 1177 1576 ἀποσφράγισμα
1223 1503 1321 1567 τῆς
1365 1499 1502 1572 ἐμῆς
1552 1497 1732 1569 δόξης,
1784 1502 1811 1554 6
1856 1507 1956 1570 τῆς

293 1591 621 1664 καυχήσεως
654 1589 930 1666 στέφανος·
976 1585 1109 1642 εἰδὲ
1152 1609 1232 1649 τις
1276 1589 1411 1663 πρὸς
1456 1593 1624 1644 ταῦτα
1670 1589 1957 1665 τολμηρὸς

290 1679 382 1732 καὶ
429 1683 694 1754 γενναῖος,
732 1677 998 1752 μακάριος
1056 1677 1218 1738 οὗτος
1276 1677 1400 1751 ἐμοὶ
1447 1683 1544 1732 105
1589 1679 1820 1754 θάρσους
1867 1679 1955 1733 καὶ

290 1773 395 1836 τῆς
423 1765 827 1842 γενναιότητος.

366 1855 486 1932 μ’.
525 1855 624 1910 Καὶ
653 1851 806 1908 οὔπω
841 1853 984 1928 λὲγω
1014 1854 1105 1908 τὸν
1139 1849 1289 1908 ἔνδον
1323 1855 1437 1927 (28)
1469 1856 1557 1909 καὶ
1594 1855 1643 1911 ἐν
1678 1858 1813 1928 ἡμῖν
1861 1855 1954 1910 αὖ·

290 1949 435 2015 τοῖς,
465 1945 557 1998 τὸν
589 1942 640 1998 ἐν
667 1949 784 2005 τοῖς
820 1943 1008 2006 πάθεσι
1042 1942 1311 2016 πόλεμον,
1347 1945 1404 1998 ὃν
1439 1942 1832 2018 πολεμοιῦμεθα
1861 1968 1952 2000 νυ-

292 2034 421 2094 κτὸς
463 2033 550 2086 καὶ
601 2033 810 2105 ἡμέρας
846 2033 949 2086 ὑπὸ
977 2037 1074 2086 τοῦ
1111 2039 1209 2102 τῆς
1241 2034 1617 2096 ταπεινώσεως
1671 2036 1948 2107 σώματος,

287 2122 357 2176 τὰ
408 2121 504 2193 μὲν
555 2116 820 2197 κρύϐδην,
871 2122 937 2176 τὰ
986 2118 1042 2175 δὲ
1091 2126 1356 2196 φανερῶςο
1407 2122 1495 2175 καὶ
1553 2129 1652 2190 τῆς
1704 2125 1814 2177 ἄνω
1861 2123 1950 2179 καὶ

289 2211 442 2266 κάτω
474 2211 845 2282 κυμαινοόσης
905 2213 1052 2284 ἡμᾶς
1097 2210 1186 2264 καὶ
1238 2206 1598 2287 στροϐοόσης,
1633 2209 1722 2266 διά
1769 2233 1826 2267 τε
1867 2212 1950 2267 ai-

288 2303 538 2370 σθήσεως
571 2304 683 2373 (29)
714 2301 803 2354 καὶ
835 2304 940 2354 τῶν
977 2299 1162 2354 ἄλλων
1193 2304 1434 2374 τερπνῶν
1469 2306 1564 2354 10-3
1603 2301 1720 2375 βίου
1751 2302 1948 2356 τούτου

287 2395 590 2465 περιφορᾶς
620 2392 753 2460 (30),
786 2393 882 2441 τοῦ
926 2409 983 2442 τε
1029 2387 1212 2456 πηλοῦ
1252 2395 1350 2456 τῆς
1403 2388 1580 2458 ἰλύος,
1614 2391 1659 2460 ᾧ
1708 2389 1949 2462 ἐμπεπη-

289 2489 495 2552 γμεθα,
526 2478 615 2532 καὶ
671 2482 767 2532 τοῦ
823 2477 994 2550 νόμου
1043 2484 1141 2546 τῆς
1174 2477 1439 2552 ἁμαρτίας
1472 2479 1951 2554 ἀντιστρατευομέ-

287 2587 384 2620 νου
414 2571 496 2638 τῷ
528 2565 685 2638 νόμῳ
713 2570 809 2620 τοῦ
853 2566 1177 2638 πνεύματος,
1211 2565 1301 2620 καὶ
1352 2564 1681 2644 διαφθείρειν
1734 2567 1946 2644 ἐπιχει-

183 2707 200 2724 ,
288 2659 514 2731 ροῦντος
545 2657 656 2728 (31)
686 2657 785 2724 τὴν
830 2654 1116 2730 βασιλικὴν
1159 2655 1211 2710 ἐν
1258 2659 1394 2728 ἡμῖν
1449 2656 1649 2723 εἰκόνα,
1683 2657 1771 2712 καὶ
1822 2657 1945 2713 ὅσον

286 2748 385 2814 τῆς
435 2743 580 2805 Θείας
630 2747 742 2816 (32)
771 2744 1067 2820 ἀπορῥοίας
1116 2748 1250 2818 ἡμῖν
1293 2740 1829 2820 συγκαταϐἐϐληταν
1869 2747 1946 2810 ὡς

288 2831 453 2907 μόλις
493 2831 553 2887 ἄν
599 2854 684 2894 τις
728 2834 912 2888 ἑαυτὸν
945 2834 979 2902 ἢ
1019 2840 1199 2909 μακρᾷ
1249 2833 1547 2912 φιλοσοφίᾳ
1596 2833 1946 2910 παιδαγωγή-

287 2944 400 2989 σας,
436 2923 524 2977 καὶ
557 2921 906 2999 ἀπορρηγνὺς
937 2925 1071 2978 κατᾶ
1115 2924 1307 2999 μικρὸν
1353 2924 1416 2978 τὸ
1463 2927 1564 2993 τῆς
1615 2928 1800 2999 ψυχῆς
1835 2928 1947 3000 (33)

285 3012 498 3088 εὐγενὲς
567 3012 656 3066 καὶ
711 3009 1003 3090 φωτοειδὲς
1061 3017 1158 3066 τοῦ
1208 3018 1465 3068 ταπεινοῦ
1529 3013 1619 3068 καὶ
1682 3020 1760 3086 τῷ
1827 3013 1950 3069 σκό-

891 3100 901 3120 Ι
1079 3102 1092 3122 \
1242 3107 1266 3116 ’ν
1461 3103 1473 3120 \
1564 3103 1587 3123 υ
1798 3106 1809 3123 \
1930 3103 1945 3124 ἱ

283 3122 363 3157 τει
415 3103 534 3174 (34)
583 3106 1026 3176 συνεζευγμενου,
1059 3104 1092 3170 ἡ
1136 3109 1271 3158 Θεου
1337 3124 1520 3179 τυχών
1575 3103 1725 3171 ιλεω,
1775 3107 1809 3172 ὴ
1857 3125 1946 3159 και

288 3189 464 3270 ἄμφω
508 3195 694 3260 ταῦτα,
736 3192 823 3246 καὶ
889 3191 1120 3264 μελέτην
1173 3192 1255 3247 ὅτι
1318 3191 1556 3266 μάλιστα
1616 3192 1946 3266 ποιούμενος

283 3281 388 3336 ἄνω
449 3279 671 3357 βλέπειν
723 3287 827 3350 τῆς
880 3281 1242 3350 κατασπώσης
1293 3281 1430 3352 ὕλης
1490 3285 1604 3354 (35)
1654 3282 1947 3357 ἐπικρατή-

2066 699 2270 767 fateor,
2305 717 2371 754 ac
2426 705 2731 771 propterea
2785 704 2952 773 terga
3005 700 3160 773 dedi,
3220 701 3566 774 obtectoque
3609 721 3725 775 pra:

2067 789 2287 859 pudore
2319 788 2482 844 vultu
2517 805 2609 845 me
2663 790 2721 844 in
2768 790 2970 862 fugam
3020 791 3302 861 converti,
3336 796 3394 847 et
3425 791 3723 848 solitarius

2067 879 2266 932 sedere
2289 879 2351 948 ²²,
2387 877 2526 950 quia
2556 877 2951 934 amaritudine
2983 879 3266 952 impletus
3298 897 3431 936 sum
3463 881 3530 947 ’3,
3553 897 3618 936 ac
3643 881 3724 936 si-

2066 965 2183 1021 lere
2215 967 2476 1038 quaesivi,
2507 972 2742 1040 tempus
2795 967 3016 1024 malum
3069 984 3198 1025 esse
3245 986 3602 1042 cognoscens
3633 971 3721 1026 9‘:

2067 1055 2347 1126 quoniam
2380 1055 2757 1112 calcitrarunt
2785 1056 2980 1112 dilecti
3009 1058 3072 1125 π,
3099 1059 3380 1131 quoniam
3405 1059 3508 1114 ﬁlii
3531 1059 3727 1114 deser-

2066 1147 2220 1199 tores
2254 1144 2386 1199 facti
2421 1162 2630 1200 sumus
2678 1147 2742 1212 ²⁶,
2793 1163 2916 1208 nos.
2963 1147 3232 1218 inquam,
3262 1149 3432 1205 vinea
3459 1147 3560 1205 illa
3591 1147 3725 1220 pul-

2066 1232 2223 1288 chris
2281 1233 2622 1305 palmitibus
2680 1235 2922 1306 prsedita
2981 1236 3045 1302 97,
3105 1236 3270 1293 vinea
3307 1254 3445 1294 vera
3475 1238 3542 1307 ³⁸,
3601 1239 3725 1292 tota

2068 1322 2388 1394 fructifera,
2422 1327 2543 1378 tota
2573 1324 2837 1395 speciosa
2887 1325 2952 1390 9°,
3007 1331 3062 1380 et
3111 1328 3383 1396 supernis
3430 1325 3722 1382 imbribus

2067 1409 2305 1480 pulchre
2339 1411 2604 1466 exoriens
2634 1411 2715 1465 3°:
2754 1411 3033 1481 quoniam
3065 1411 3124 1466 in
3159 1413 3541 1485 ignominiam
3575 1412 3722 1468 mihi

2065 1514 2412 1554 conversum
2444 1503 2534 1555 est
2562 1499 2832 1555 diadema
2863 1500 3089 1556 decoris
3108 1501 3179 1567 3‘,
3201 1501 3571 1573 signaculum
3596 1499 3723 1573 glo-

2066 1588 2166 1642 riae
2198 1604 2338 1642 meae
2371 1590 2434 1658 3*,
2469 1588 2834 1659 gloriationis
2866 1605 3078 1644 corona
3109 1592 3172 1644 ³³.
3207 1590 3367 1653 Quod
3401 1591 3450 1645 si
3482 1591 3615 1660 quis
3648 1590 3718 1643 ad

2067 1675 2188 1730 haec
2219 1678 2410 1732 audax
2440 1682 2495 1732 et
2525 1677 2691 1732 fortis
2737 1682 2847 1744 est,
2901 1679 3053 1732 hunc
3092 1696 3198 1750 ego
3251 1681 3622 1750 prtelideutiaa
3657 1698 3722 1738 ac

2067 1764 2429 1820 fortitudinis
2463 1767 2699 1820 nomine
2733 1766 2968 1820 beatum
2997 1783 3125 1822 esse
3158 1783 3386 1823 censeo.

2140 1853 2276 1907 XCI.
2310 1852 2580 1906 Nondum
2614 1854 2685 1908 de
2724 1853 2952 1908 interno
3005 1854 3175 1923 bello,
3228 1861 3403 1926 atque
3433 1856 3493 1910 in
3528 1857 3724 1912 nobis-

2067 1940 2212 2010 ipsis
2245 1945 2301 1995 et
2331 1941 2388 1995 in
2419 1942 2726 1997 affectibus
2757 1942 2889 2011 sito,
2922 1943 3098 1997 verba
3130 1943 3298 2010 facio,
3329 1961 3443 2015 quo
3468 1951 3636 2002 nocte
3657 1963 3722 2001 ac

2065 2029 2179 2095 die,
2211 2031 2424 2101 partim
2466 2031 2693 2086 occulte
2742 2031 2956 2102 partim
3000 2037 3197 2102 aperte
3247 2033 3319 2087 ab
3369 2033 3722 2090 humilitatis

2061 2135 2302 2190 corpore
2317 2120 2362 2152 ³⁸
2391 2121 2732 2174 divexamur
2763 2137 2775 2186 ;
2807 2125 2863 2175 et
2893 2120 2965 2174 ab
2987 2136 3053 2175 ea
3085 2137 3208 2191 quae
3235 2137 3338 2176 nos
3361 2138 3462 2191 per
3486 2138 3720 2189 sensus,

2060 2213 2235 2279 atque
2265 2208 2381 2264 alia
2419 2207 2598 2279 hujus
2630 2208 2756 2262 vitae
2807 2209 3253 2277 oblectamenta,
3288 2226 3524 2265 sursum
3557 2211 3725 2266 deor-

2061 2314 2309 2367 sumque
2359 2303 2566 2365 versat,
2623 2297 2964 2368 Jactatione,
3021 2303 3193 2368 atque
3226 2315 3258 2354 a
3293 2300 3411 2355 luto
3463 2300 3619 2356 facis
3650 2301 3716 2371 ³⁵,

2060 2383 2152 2438 cui
2206 2383 2365 2436 infixi
2399 2400 2608 2438 sumus
2639 2384 2701 2448 ³⁸,
2737 2389 2793 2438 et
2823 2401 2856 2438 a
2887 2386 3103 2454 peccati
3155 2383 3278 2456 lege
3332 2385 3577 2456 spiritus
3608 2385 3722 2458 legi

2060 2478 2422 2544 repugnante
2452 2473 2516 2542 ³⁷,
2579 2473 2918 2544 regiamque
2977 2473 3037 2528 in
3093 2474 3263 2530 nobis
3293 2475 3632 2546 imaginem,
3666 2481 3723 2530 et

2060 2562 2348 2632 quidquid
2381 2561 2588 2615 divinae
2622 2561 2972 2616 deﬂuxionis
3020 2562 3188 2618 nobis
3241 2563 3576 2634 inspersum
3607 2572 3713 2632 est,

2059 2668 2432 2723 corrumpere
2463 2658 2730 2707 conante.
2765 2653 2861 2708 55
2898 2652 3005 2706 Vix
3034 2670 3204 2724 porro
3238 2653 3579 2725 quisquam,
3610 2669 3716 2710 nec

2059 2743 2171 2798 nisi
2205 2743 2487 2798 diuturna
2518 2743 2891 2815 philosophia
2921 2744 3183 2815 seipsum
3208 2745 3518 2812 domuerit,
3541 2752 3718 2818 atque

2057 2835 2265 2889 animae
2299 2833 2662 2889 nobilitatem
2688 2838 2742 2889 et
2765 2833 3086 2890 claritatem
3112 2837 3182 2889 ab
3211 2853 3274 2890 eo
3308 2837 3463 2906 quod
3496 2836 3718 2892 humile

2057 2931 2146 2982 est
2171 2933 2227 2981 et
2257 2942 2391 2980 cum
2433 2925 2692 2981 tenebris
2741 2927 3146 2995 coniunctum,
3205 2927 3487 2999 paulatim
3539 2929 3714 2983 abru-

2057 3017 2226 3086 perit,
2260 3014 2348 3070 vel
2411 3016 2589 3069 Deum
2652 3015 2970 3086 propitium
3030 3021 3238 3072 nactus
3280 3017 3374 3084 sit,
3409 3023 3511 3073 aut
3539 3017 3716 3072 etiam

2059 3104 2230 3158 ambo
2257 3102 2377 3157 haec
2400 3101 2691 3170 habuerit,
2716 3108 2888 3173 atque
2911 3103 2981 3158 ad
3007 3104 3205 3159 oculos
3228 3121 3466 3161 sursum
3487 3104 3717 3177 erigen-

2058 3193 2165 3248 dos
2195 3207 2371 3263 quam
2404 3191 2655 3246 maxime
2711 3207 2839 3246 sese
2897 3192 3238 3263 exercuerit,
3290 3194 3717 3266 deprimentem

2059 3283 2364 3336 materiam
2400 3297 2676 3351 superare
2708 3284 2900 3351 queat.
2943 3281 3107 3337 Prius
3139 3286 3332 3338 autem
3382 3300 3556 3352 quam
3589 3299 3719 3338 eam

284 3393 410 3430 σειε.
452 3370 586 3441 Πρὶν
645 3367 703 3424 δὲ
747 3369 949 3440 ταύτην
984 3371 1272 3446 ὑπερσχεῖν
1306 3369 1405 3440 ὅση
1453 3368 1680 3443 δύναμις
1711 3372 1798 3427 καὶ
1832 3371 1949 3426 ἀνα-

2075 3387 2165 3442 pro
2219 3368 2371 3424 virili
2431 3386 2538 3425 sua
2594 3370 2890 3440 quispiam
2951 3371 3259 3442 superarit,
3323 3379 3718 3444 mentemque.

281 3463 515 3533 καθᾶραι
572 3461 768 3521 ἱκανῶς
797 3460 894 3528 τὴν
947 3456 1208 3530 διάνοιαν,
1262 3461 1392 3536 ὑπὲρ
1439 3481 1497 3515 τε
1552 3460 1679 3522 τοὺς
1739 3459 1944 3523 ἄλλους

303 3553 497 3624 μακρῷ
550 3549 790 3622 γενέσθαι
847 3552 916 3622 τῇ
975 3551 1109 3625 πρὸς
1165 3549 1293 3606 Θεὸν
1333 3549 1612 3625 ἐγγότητι,
1665 3551 1700 3619 ἢ
1760 3553 1954 3625 ψυχῶν

291 3637 624 3714 προστασίαν
678 3635 917 3707 δέξασθαι
949 3641 1085 3712 (36),
1129 3641 1164 3708 ἢ
1229 3640 1496 3712 μεσιτείαν
1548 3645 1682 3696 Θεοῦ
1725 3640 1812 3693 καὶ
1869 3641 1955 3695 ἆν-

296 3727 532 3802 θρώπων
566 3729 748 3798 (τοῦτο
777 3727 877 3802 γὰρ
909 3724 1038 3790 ἴσως
1071 3728 1098 3782 6
1129 3726 1348 3802 ἱερεὺς),
1382 3727 1481 3782 οὐκ
1528 3727 1765 3804 ἀσφαλὲς
1819 3728 1949 3782 εἶναι

297 3816 569 3890 γινώσκω.

367 3905 481 3982 ιιΒο.
517 3903 613 3959 Καὶ
665 3903 785 3967 ὅθεν
829 3904 904 3968 εἷς
949 3910 1108 3961 τοῦτο
1156 3907 1413 3982 ὑπήχθην
1447 3907 1509 3961 τὸ
1543 3903 1664 3968 δέος
1690 3925 1702 3976 ;
1729 3903 1821 3960 (ἕνα
1874 3908 1949 3979 μή

305 4015 371 4068 με
415 3998 514 4049 τοῦ
563 3996 676 4068 (37)
707 3991 922 4057 δέοντος
973 3993 1279 4073 δειλότερον
1329 3990 1776 4069 ὑπολαμϐάνητε,
1811 3994 1954 4051 ἀλλὰ

2058 3465 2343 3532 quantum
2377 3464 2470 3513 sat
2514 3459 2610 3526 sit,
2658 3460 3008 3530 repurgarit,
3044 3460 3328 3531 longeque
3363 3478 3545 3532 supra
3574 3462 3720 3518 alios

2064 3550 2135 3604 ad
2167 3549 2349 3604 Deum
2385 3547 2888 3619 appropinquant,
2923 3549 3254 3604 animarum
3289 3567 3491 3606 curam
3523 3555 3578 3605 et
3607 3551 3720 3605 im-

2065 3639 2292 3711 perium
2344 3638 2662 3708 suscipere,
2715 3653 2780 3691 ac
2833 3638 3210 3694 mediatorem
3260 3639 3412 3694 inter
3451 3640 3633 3695 Deum
3664 3645 3722 3696 et

2064 3728 2333 3782 homines
2365 3741 2535 3797 agere
2586 3726 2718 3796 (hoc
2771 3726 2928 3779 enim
2987 3726 3234 3782 fortasse
3283 3730 3556 3784 sacerdos
3607 3735 3719 3800 est)

2063 3815 2307 3870 minime
2325 3820 2518 3869 tutum
2548 3830 2672 3869 esse
2699 3830 2928 3869 censeo.

2136 3905 2296 3959 XCII.
2327 3903 2482 3960 Unde
2504 3907 2698 3957 autem
2723 3903 2780 3956 in
2805 3903 2959 3958 hunc
2991 3908 3212 3959 metum
3242 3905 3519 3962 inductus
3541 3923 3673 3962 sum
3700 3911 3722 3963 Ρ

2063 4011 2136 4050 ne
2171 4009 2259 4047 me
2292 3989 2649 4046 timidiorem
2681 4008 2858 4062 quam
2889 4009 2994 4063 par
3050 3991 3147 4058 sit,
3205 3993 3578 4059 existimetis,
3612 3995 3714 4050 sed

367 4097 654 4152 2’Thren.
688 4115 773 4167 ιιι,
817 4099 906 4152 28.
967 4099 1013 4134 ³³
1060 4098 1275 4155 Thren.
1340 4117 1379 4166 ι,
1437 4100 1527 4154 20.
1591 4100 1636 4134 2‘
1667 4099 1842 4154 Micb.
1905 4116 1955 4168 ιι,

2075 4140 2076 4151 .
2137 4095 2182 4128 ²⁵
2219 4095 2379 4168 [)eut.
2441 4093 2743 4168 xxxnhib.
2773 4092 3123 4168 _?°__Jerem.
3161 4109 3243 4157 ιιι,
3276 4095 3363 4168 14,
3421 4096 3462 4129 ³⁷
3495 4095 3626 4151 Ose.
3661 4113 3716 4164 x,

300 4169 350 4223 1.
385 4169 430 4204 ³⁸
460 4169 674 4226 Jerem.
710 4164 771 4237 ιι,
800 4170 890 4224 21.
927 4171 973 4205 ²⁰
1001 4171 1216 4228 Jerem.
1247 4189 1326 4237 ιιι,
1368 4164 1473 4226 16.
1536 4172 1580 4205 ³ο
1640 4171 1794 4226 Psal.
1837 4164 1955 4226 inv

2079 4170 2149 4233 0;
2211 4165 2353 4240 Gen:
2416 4181 2590 4240 xxvu,
2635 4164 2722 4218 39.
2764 4164 2815 4240 fl
2864 4165 2996 4240 Qse.
3059 4182 3135 4240 ιν,
3193 4168 3269 4231 7;

3331 4167 3467 4239 Sap.
3520 4185 3572 4232 v,
3629 4169 3717 4224 17.

297 4241 550 4298 3910M.
612 4259 688 4312 1x,
745 4235 800 4296 2.
862 4242 908 4277 ³³
967 4243 989 4297 Ι
1046 4242 1250 4299 Thess.
1311 4235 1372 4313 ιι,
1435 4244 1520 4297 19.
1569 4244 1614 4277 ³⁴
1655 4242 1903 4315 Philipp.

2079 4240 2170 4293 21.
2229 4238 2273 4271 ³⁵
2320 4235 2470 4292 Psal.
2520 4252 2709 4303 xxxux,
2761 4235 2813 4289 3.
2867 4237 2910 4270 ³⁸
2958 4237 3113 4291 Psal.
3162 4254 3358 4309 vam,
3389 4235 3442 4294 3.
3477 4240 3519 4273 ³⁷
3550 4239 3719 4296 Rom.

293 4329 393 4378 vn,
424 4315 516 4370 23.

298 4415 524 4486 partem
555 4409 904 4486 tradendam
937 4410 1502 4486 deplorandamque,
1537 4417 1639 4468 aut
1669 4398 1809 4486 sane
1837 4415 1956 4468 tra-

304 4480 526 4554 ditam;
560 4482 778 4554 quippe
800 4482 898 4554 qui
933 4480 1095 4540 num.
1122 4485 1192 4539 83
1213 4483 1358 4539 dixit
1381 4480 1402 4540 ἶ
1428 4508 1455 4535 ‹‹
1482 4485 1796 4542 nonnullos
1828 4488 1955 4540 tan-

306 4554 431 4604 tum
464 4551 544 4607 ita
573 4551 984 4610 affec’tos'esse.
1024 4577 1050 4604 »

379 4623 488 4700 (ἓξ.)
520 4621 595 4675 Τὰ
623 4626 787 4700 γῶτα.
824 4625 1088 4700 Abest_1ai
1118 4643 1152 4700 a
1182 4625 1476 4700 pluribus.

382 4691 493 4766 (23)
551 4691 829 4772 καλύψας.
891 4721 916 4748 α
977 4691 1259 4772 Oper-iens
1344 4699 1685 4755 confusione
1753 4698 1956 4754 faciem

313 4780 526 4821 meam.
561 4793 581 4819 ι
617 4766 772 4822 Psal.
808 4785 998 4837 vam,
1028 4766 1085 4824 Β.

354 4837 494 4916 ,(24)
525 4838 754 4916 ξυνιών.
790 4840 962 4896 Deest
990 4843 1048 4897 in
1100 4841 1240 4914 Reg.
1292 4859 1343 4898 a.
1402 4842 1462 4896 In
1509 4839 1641 4897 aliis
1672 4839 1967 4913 plerisque

316 4911 812 4967 circumﬂectitur.

387 4980 494 5058 (25)
549 4979 970 5058 Ἀνατέλλουσα
1046 5006 1075 5036 ‹‹
1135 4983 1461 5056 Pullulans,
1519 4985 1878 5058 germinans.
1941 5005 1969 5033 »

322 5047 464 5105 Oliv.
481 5047 486 5050 ⁷
504 5073 529 5106 ιι
559 5055 952 5111 efﬂorescene.
989 5078 1016 5104 ››

391 5123 503 5210 (ξδ)
545 5123 842 5203 Ἐστράφη.
904 5126 990 5184 Ita
1047 5144 1192 5184 mss.
1253 5143 1476 5184 omnes.
1548 5129 1607 5183 In
1682 5128 1773 5185 ed.
1841 5124 1975 5180 sicn-

323 5209 636 5342 ῗτῗὲξῗῖοὖ
667 5263 930 5342 κάλλους.
990 5270 1377 5342 Itaplerique
1427 5271 1697 5342 codice§,_
1723 5272 1977 5342 exceptis

326 5333 552 5469 ἳέιξιςδίιε
607 5341 806 5414 Regiis
838 5349 892 5396 et
928 5359 1042 5399 uno
1074 5333 1234 5398 Cblb.
1271 5333 1397 5397 Par.
1431 5343 1521 5398 ed.
1555 5333 1818 5413 τοῖίέμοῦ
1847 5333 1979 5397 κάλ-

561 5477 774 5540 ’¹Ενδον.
837 5484 1000 5558 Regii
1088 5501 1146 5553 u,
1207 5501 1277 5552 x;
1339 5499 1420 5540 or.

559 5619 897 5694 Αἷσθήσεως.
967 5627 1145 5701 Regg.
1203 5626 1243 5695 l,
1313 5632 1357 5695 t,
1419 5630 1476 5684 et
1539 5629 1739 5684 Comb.
1792 5627 1983 5697 αἰσθή-

332 5705 764 5859 Ξῖξὲλτοέτου
816 5772 1138 5859 πξρμιῗορᾶς-
1186 5769 1248 5826 In
1299 5769 1503 5858 Coisl.~
1532 5772 1584 5840 1,
1634 5776 1691 5830 et
1747 5773 1805 5830 in
1867 5788 1984 5830 uno

323 5831 501 5914 Regio,
530 5838 766 5920 legitur,
799 5831 898 5896 καὶ¹
919 5831 1030 5914 τῆς
1049 5841 1199 5896 κάτω
1238 5846 1560 5923 περιφορᾶς.

1514 5486 1562 5553 1,
1618 5485 1779 5542 Pass.
1840 5481 1982 5540 ἔνδο-

2140 4408 2252 4478 (31)
2311 4405 2756 4478 Ἐπιχειροῦντος

2072 4483 2322 4551 μοῦντος.

2141 4554 2250 4620 (32,)
2281 4550 2385 4617 Τῆς
2416 4545 2582 4607 Θείας.
2617 4548 2710 4620 Sic
2737 4564 2941 4604 omnes
2972 4564 3120 4620 pene
3150 4550 3398 4607 codices.
3432 4554 3519 4609 Ita
3547 4555 3724 4613 etiam

2073 4624 2166 4678 ed.
2199 4627 2330 4676 Bas.
2363 4625 2419 4674 et
2447 4620 2646 4674 Comb.
2683 4619 2854 4675 Deest
2881 4619 2988 4688 τῆς
3011 4621 3068 4676 in
3101 4625 3232 4677 Par.
3266 4624 3357 4677 ed.

2145 4695 2260 4762 (33)
2287 4691 2355 4745 Τὸ
2403 4697 2502 4765 τῆς
2553 4693 2759 4765 ψυχῆς.
2816 4691 2899 4747 Ita
2950 4692 3108 4763 Regii
3161 4698 3219 4765 et
3263 4694 3423 4749 Colb.
3471 4697 3722 4765 codices,

2839 4405 2977 4478 Reg.
3056 4424 3113 4476 y,
3202 4408 3260 4463 in
3347 4426 3470 4479 ora,
3545 4409 3731 4465 ἐπιθυ-

1993 4741 2041 4803 D
2073 4741 2752 4842 pa'ucilssimis'exceétis,
2775 4780 2870 4842 _or.
2903 4766 2951 4831 1,
3153 4764 3245 4819 Sic
3275 4766 3499 4842 'l‘illem.
3530 4741 3726 4842 legent

2077 4835 2218 4893 dum
2251 4835 2509 4907 conjicit,
2539 4841 2598 4907 et
2629 4835 2853 4907 Comb.‘
2894 4835 3102 4904 reddit,
3153 4857 3177 4887 α
3208 4837 3416 4891 animae
3468 4835 3726 4896 nobilem

2081 4915 2301 4982 partem
2340 4905 2404 4963 ac
2436 4906 2688 4962 lucidam
2724 4905 3028 4980 paulatim,
3049 4925 3074 4957 η
3112 4912 3218 4962 etc.
3254 4909 3430 4964 Abest
3455 4909 3567 4966 τόδ.
3597 4913 3724 4970 Par.

2080 4982 2379 5136 θά(31)ΐιξ›
2411 5047 2610 5104 σκότει.
2646 5051 2706 5106 In
2741 5049 3098 5122 quibusdam
3147 5052 3310 5108 deest
3337 5049 3436 5124 τῷ.
3479 5053 3543 5110 In
3576 5055 3729 5126 aliis,

2081 5126 2178 5176 τοῦ
2233 5122 2466 5195 legitur.
3390 5122 3396 5124 “
3713 5122 3722 5126 ⁷

2096 5266 2114 5270 Δ
2158 5171 2514 5270 (§5)_'_'r).-r,;.
2571 5199 2886 5270 Terrenum
2916 5200 3004 5270 _et
3038 5211 3324 5270 crassum
3370 5213 3582 5270 corpus
3625 5205 3732 5256 est.

2086 5266 2258 5322 Juvat
2291 5266 2383 5320 hic
2415 5267 2823 5347 observare,ab
2849 5266 3013 5322 initio
3036 5267 3213 5347 hujus
3245 5266 3497 5347 numeri,
3523 5271 3592 5326 ad
3616 5271 3737 5328 haec

2089 5353 2298 5410 usque,
2332 5339 2530 5393 omnia
2571 5339 2987 5410 Augustinum,
3035 5354 3104 5392 ex
3151 5340 3341 5394 Ruﬁni
3391 5342 3741 5415 interpreta—

2090 5409 2267 5470 tione.
2299 5409 2556 5465 intexere
2600 5409 2700 5465 lib.
2747 5416 2935 5464 contra
2981 5411 3188 5466 Julian.
3237 5428 3364 5470 cap.
3411 5415 3466 5470 3.
3500 5432 3558 5470 n.
3590 5418 3645 5470 7.
3681 5434 3738 5470 ι).

2090 5415 2267 5477 tione,
2299 5415 2556 5465 intexere
2600 5415 2700 5465 lib.
2747 5416 2935 5464 contra
2981 5415 3188 5466 Julian.
3237 5428 3364 5483 cap.
3411 5415 3466 5484 3,
3500 5418 3645 5482 n.7,
3681 5434 3738 5488 p.

2088 5483 2431 5565 530_et.§)3l_.
2470 5484 2802 5565 Iterumque
2828 5481 2925 5535 lib.
2952 5482 3102 5565 ng.
3135 5483 3381 5565 imp”).
3405 5485 3580 5565 69,_p.
3612 5489 3742 5565 9li;

2094 5571 2160 5610 ac
2190 5554 2388 5629 tertio,
2418 5553 2455 5607 l.
2490 5571 2566 5620 v1,
2603 5571 2658 5607 n.
2707 5554 2792 5621 14,
2835 5570 2892 5624 p.
2947 5554 3104 5629 1310,
3153 5553 3251 5610 ubi
3277 5553 3627 5629 Gregorium
3654 5553 3745 5616 bis

2099 5643 2132 5682 a
2163 5642 2225 5682 se
2256 5625 2558 5698 laudatum
2592 5631 3013 5681 commemorat
3038 5625 3428 5698 Augustinus:

2311 5697 2878 5780 AéEag'Q1L.AQuutuor
2925 5697 3159 5772 chg;
3180 5699 3338 5756 Colb.
3374 5715 3457 5773 ω,
3488 5701 3661 5761 Coisl.
3696 5703 3748 5780 1ι

2094 5765 2293 5827 Comb.
2329 5765 2694 5838 ἀναδέξασθαι.

2169 5842 2280 5916 (37)
2310 5842 2397 5914 Μή
2436 5859 2502 5917 με
2527 5839 2628 5898 106
2661 5841 2801 5915 Reg.
2837 5857 2964 5911 1111.,
3000 5841 3140 5918 μήτε
3168 5843 3284 5902 τοῦ.
