4110 6410
373 433 488 495 497

1517 431 1811 494 ORATIO
1855 431 1933 494 lI.
1966 465 2043 477 —-
2071 431 2616 495 APOLOGETICA

3675 429 3796 494 498

372 563 774 627 ἀναλίσκεσθαι⁵
813 556 954 636 μηδὲ
999 562 1060 616 τὸ
1107 559 1291 617 ἔλαιον
1324 561 1718 635 ἀπομιμεῖσθαι
1750 570 1850 633 τῆς
1901 562 2015 640 χρία

2146 582 2285 638 pore
2315 583 2380 621 ac
2397 565 2522 621 loco
2547 565 2791 621 minime
2807 563 3658 634 convenit-bat,consumere":
3689 583 3794 622 nec

367 675 529 725 σεως,
568 651 712 727 μηδὲ
741 653 802 706 τὸ
834 651 1082 724 θυμίαμα
1129 658 1229 721 τῆς
1279 651 1596 714 συνθέσεως·
1641 652 1781 725 μηδὲ
1811 653 1923 726 (52)
1953 652 2030 715 εἰς

366 747 430 800 τὸ
463 744 608 820 ἱερὸν
645 741 886 810 εἰσιέναι,
923 740 1068 802 ὅστις
1098 743 1132 810 ἢ
1165 741 1350 816 ψυχὴν
1383 741 1417 810 ἢ
1453 745 1610 814 σῶμα
1659 741 1724 795 οὐ
1773 743 2026 817 καθαρὸς,

375 834 541 910 μέχρι
573 833 661 887 καὶ
712 835 821 886 τῶν
878 830 1238 902 μικροτάτων·
1291 829 1553 884 τοσούτου
1604 828 1686 884 δεῖ
1715 833 1825 903 (53)
1857 831 1931 893 εἰς
1962 831 2030 885 τὰ

369 923 501 996 ἅγια
550 925 656 975 τῶν
713 920 885 994 ἁγίων
935 924 1266 996 προσφοιτᾷν
1316 919 1647 995 θαρῥοῦντα,
1698 922 1771 974 ὧν
1817 919 1887 974 ἐνὶ
1936 920 2026 975 καὶ

370 1011 506 1082 ἅπαξ
539 1007 634 1064 τοῧ
685 1007 930 1062 ἐνιαυτοῦ
979 1007 1142 1079 μόνον
1195 1002 1447 1061 ἐπιϐατὸν
1495 1011 1579 1076 ἧν·
1637 1007 1900 1062 τοσούτου
1947 1005 2029 1062 δεῖ

367 1100 429 1154 τὸ
460 1097 864 1171 καταπέτασμα,
898 1098 932 1166 ἦ
965 1096 1027 1150 τὸ
1077 1096 1418 1172 ἱλαστήριον,
1470 1097 1504 1166 ἢ
1557 1098 1657 1165 τήν
1698 1091 1954 1170 κιϐωτὸν,

365 1190 432 1244 τὰ
489 1183 788 1264 χερουϐὶμ,
933 1180 1298 1260 προσϐλέπειν
1361 1188 1473 1260 (54)
1530 1187 1662 1241 εἶναι
1722 1188 1946 1259 παντὸς,
1991 1189 2025 1256 ἢ

365 1279 792 1353 προσάπτεσθαι.

439 1459 532 1534 ιβ’
581 1460 758 1511 Ταῦτα
809 1453 900 1511 οὖν
948 1453 1107 1518 εἰδὼς
1157 1455 1266 1531 ἐγὼ
1296 1498 1310 1523 ,
1360 1455 1450 1510 καὶ
1502 1478 1585 1511 οτι
1638 1454 1828 1530 μηδεις
1877 1456 2022 1528 ἄξιος

364 1552 462 1602 τοῦ
496 1545 741 1620 μεγάλου
771 1546 859 1599 καὶ
899 1549 1032 1599 Θεοῦ
1076 1547 1210 1618 (55),
1260 1545 1349 1599 καὶ
1399 1545 1661 1617 θύματος,
1712 1547 1800 1600 καὶ
1832 1545 2020 1621 ἀρχιε-

364 1638 525 1712 ρέως,
561 1634 708 1696 ὅστις
745 1636 820 1707 μὴ
872 1633 1136 1710 πρότερον
1184 1634 1369 1689 ἑαυτὸν
1429 1636 1732 1710 παρέστησε
1777 1640 1856 1706 τῷ
1903 1640 2019 1708 Θεῷ

360 1725 542 1780 θυσίαν
579 1729 772 1794 ζῶσαν,
807 1723 961 1798 ἀγίαν
1015 1726 1148 1797 (56),
1185 1721 1327 1797 μηδὲ
1368 1725 1466 1793 τὴν
1506 1724 1735 1799 λογικὴν
1771 1723 2021 1801 λατρείαν

360 1814 646 1887 εὐάρεστον
712 1809 1018 1882 ἐπεδείξατο
1055 1857 1070 1882 ,
1131 1810 1272 1886 μηδὲ
1332 1811 1482 1868 ἔθυσε
1535 1819 1614 1885 τῷ
1669 1818 1786 1886 Θεῷ
1834 1814 2016 1868 θυσίαν

361 1903 614 1964 αἰνέσεως
669 1903 760 1957 καὶ
817 1905 1027 1975 πνεῦμα
1083 1905 1534 1978 συντετριμμένον
1571 1947 1584 1973 ,
1645 1905 1705 1972 ἣν
1771 1902 1930 1975 μόνον
1990 1904 2018 1957 ὁ

365 1993 539 2046 πάντα
569 1988 695 2053 δοὺς
729 1991 946 2045 ἀπαιτεῖ
986 1993 1114 2066 παρ’
1161 1993 1322 2064 ἡμῶν
1378 1991 1582 2060 θυσίαν,
1615 1997 1730 2053 πῶς
1781 1989 2016 2063 ἔμελλον

361 2080 630 2156 θαρρῆσαι
705 2084 1028 2157 προσφέρειν
1104 2081 1250 2152 αύτῷ
1300 2091 1399 2149 την
1456 2079 1695 2154 ἔξωθεν,
1755 2083 1852 2149 τῆν
1913 2086 2019 2136 τῶν

365 2169 620 2247 μεγάλων
680 2169 992 2244 μυστηρίων
1047 2170 1334 2224 ἀντίτυπον
1385 2173 1518 2243 (57)·
1573 2173 1606 2239 ἢ
1669 2175 1786 2231 πῶς
1829 2170 2017 2246 ἱερέως

363 2267 560 2334 σχῆμα
591 2262 704 2332 (58)
736 2259 824 2312 καὶ
859 2254 1033 2330 ὄνομα
1084 2257 1429 2330 ὑποδύεσθαι,
1463 2259 1587 2334 πρὶν
1635 2259 1806 2321 ὁσίοις
1839 2259 2016 2336 ἔργοις

360 2347 652 2402 τελειῶσαι
681 2350 778 2410 τὰς
809 2353 999 2423 χεῖρας
1033 2367 1046 2416 ;
1080 2347 1205 2421 πρὶν
1236 2348 1324 2402 τὸν
1359 2347 1641 2426 ὀφθαλμὸν
1673 2348 1841 2412 ἐθίσαι
1891 2347 2016 2424 βλέ-

362 2457 480 2490 πειν
513 2437 683 2510 ὑγιῶς
715 2439 827 2508 (59)
854 2438 954 2504 τήν
1003 2437 1195 2506 κτίσιν,
1245 2437 1333 2490 καὶ
1384 2436 1458 2499 εἷς
1511 2443 1690 2509 θαῦμα
1725 2438 1886 2510 μόνον
1919 2441 2016 2492 τοῦ

364 2525 670 2591 κτίσαντος,
703 2524 847 2580 ἀλλά
883 2526 956 2598 μὴ
995 2525 1193 2598 ζημίαν
1224 2531 1321 2580 τοῦ
1359 2525 1666 2589 πλάσαντος
1698 2528 1809 2599 (60)
1846 2547 1858 2596 ;
1892 2529 2017 2602 πρὶν

359 2619 428 2688 τῇ
488 2612 708 2685 παιδείᾳ
765 2614 960 2688 Κυρίου
1017 2616 1217 2677 ἱκανῶς
1275 2615 1556 2690 ἀνοιγῆναι
1615 2617 1681 2670 τὰ
1736 2618 1868 2684 ὦτα,
1925 2615 2013 2670 καὶ

358 2704 721 2780 προστεθῆναί
769 2725 860 2776 μοι
911 2707 1024 2779 (61)
1072 2704 1232 2759 ὠτίον
1285 2707 1361 2778 μὴ
1412 2706 1621 2781 βαρέως
1671 2705 1882 2760 ἀκούειν
1922 2704 2012 2760 δυ-

357 2793 618 2866 νάμενον,
653 2790 799 2847 ἀλλά
848 2791 1068 2848 ἐνώτιον
1115 2798 1352 2869 χρυσοῦν
1383 2797 1494 2867 (62)
1535 2791 1738 2868 σαρδίῳ
1781 2792 2014 2849 πολυτε-

361 2883 448 2938 λεῖ
479 2880 715 2953 δεθῆναι,
774 2881 939 2958 λόγον
993 2888 1159 2960 σοφοῦ
1205 2886 1314 2957 (63)
1348 2883 1421 2944 εἰς
1453 2883 1543 2945 οὖς
1577 2883 1802 2954 εύήκοον
1842 2905 1854 2952 ;
1888 2885 2012 2959 πρὶν

358 2973 420 3026 τὸ
454 2972 649 3044 στόμα,
679 2973 747 3026 τὰ
777 2970 968 3048 χείλη,
1017 2975 1117 3041 τὴν
1169 2971 1446 3048 γλῶσσαν,
1490 2975 1553 3028 τὸ
1607 2974 1697 3046 μὲν
1732 2974 2012 3050 ἀνοιγῆναι

359 3060 449 3115 καὶ
499 3061 721 3116 έλκῦσαι
769 3066 1003 3135 πνεῦμα,
1035 3063 1069 3130 ἢ
1100 3061 1466 3131 πλατυνθῆναι
1515 3063 1604 3118 καὶ
1651 3062 2012 3140 πληρωθῆναι

358 3155 436 3222 τῷ
484 3150 747 3224 πνεύματι
804 3150 1162 3224 λαλουμένων
1213 3151 1525 3228 μυστηρίων
1577 3175 1634 3207 τε
1685 3154 1773 3207 καὶ
1805 3151 2011 3228 δογμά-

356 3259 487 3295 των·
549 3242 617 3295 τὰ
677 3238 733 3294 δὲ
789 3239 1033 3310 αἰσθήσει
1093 3244 1204 3314 (64)
1261 3241 1412 3312 θείᾳ,
1473 3242 1608 3296 κατά
1662 3245 1760 3311 τῆν
1823 3242 2010 3321 σοφίαν

2145 655 2442 711 unctionis
2471 654 2664 710 oleum
2689 654 2930 723 imitari,
2952 671 3055 708 nec
3078 653 3518 725 compositionis
3538 654 3788 726 thymia-

2141 761 2239 800 ma
2261 746 2304 779 ⁸⁸
2331 763 2342 800 :
2370 761 2473 800 nec
2505 744 2758 817 denique
2781 743 3067 815 templum
3091 742 3316 814 ingredi
3341 744 3614 814 cuiquam
3645 742 3790 800 libe-

2141 851 2269 888 rum
2306 834 2504 902 fuisse,
2529 834 2644 890 nisi
2674 837 2730 888 et
2759 833 2955 889 animo
2979 838 3034 887 et
3051 833 3412 904 corporo,vel
3445 834 3515 888 ad
3545 833 3792 888 minima

2141 939 2326 994 usque
2357 940 2541 995 purus
2572 928 2727 979 esset
2760 941 2771 978 :
2809 927 3038 978 tantum
3091 923 3311 989 aberat,
3364 926 3429 977 ut
3469 923 3540 976 ad
3580 923 3791 979 Sancta

2136 1018 2476 1068 sanctorum
2509 1014 2785 1067 audacter
2815 1012 3131 1080 accederet,
3165 1028 3292 1080 quae
3341 1010 3440 1066 uni
3483 1012 3784 1081 duntaxat,

2135 1118 2201 1157 ac
2231 1101 2409 1158 semel
2434 1102 2754 1174 quotannis
2781 1101 2940 1157 adire
2969 1101 3180 1156 licebat
3200 1100 3278 1168 ‘9;
3305 1104 3535 1156 tantum
3564 1101 3785 1166 aberat,

2136 1194 2200 1246 ut
2229 1191 2412 1247 cuivis
2437 1193 2539 1263 jus
2569 1195 2744 1259 esset,
2774 1190 2990 1255 velum,
3025 1195 3126 1245 aut
3155 1189 3650 1261 propitiatorium,
3683 1195 3786 1246 aut

2133 1297 2346 1352 arcam,
2402 1285 2504 1337 aut
2552 1280 2880 1350 cherubim,
2929 1282 3015 1337 vel
3067 1279 3420 1353 prospicere,
3466 1278 3554 1336 vel
3603 1280 3783 1336 attin—

2132 1386 2285 1442 gere.

2203 1460 2363 1515 XCV.
2402 1460 2527 1514 llam
2560 1459 2738 1532 igitur
2785 1475 2920 1514 cum
2965 1475 3070 1530 ego
3105 1475 3360 1526 nossem,
3393 1459 3660 1531 illudque
3691 1459 3782 1513 in-

2133 1565 2334 1621 super,
2368 1549 2659 1604 nemincm
2695 1565 2930 1620 magno,
2978 1554 3035 1603 et
3081 1549 3218 1616 Deo,
3265 1553 3322 1604 et
3367 1548 3675 1618 sacriﬁcio,
3725 1553 3783 1604 et

2130 1640 2425 1710 pontiﬁce,
2457 1639 2704 1710 dignum
2735 1638 3017 1704 esse,nisi
3043 1637 3142 1708 qui
3173 1638 3339 1709 prius
3368 1638 3629 1710 seipsum
3662 1637 3778 1694 Deo

2131 1728 2381 1784 hostiam
2414 1727 2725 1792 viventem,
2761 1730 3025 1783 sanctam
3060 1725 3408 1793 exhibuerit,
3431 1727 3780 1782 rationabile

2129 1817 2480 1888 obsequium
2512 1817 2556 1851 5°
2587 1822 2817 1888 gratum
2853 1822 3028 1887 atque
3080 1820 3384 1888 acceptum
3434 1817 3777 1884 ostenderit,

2135 1907 2361 1976 Deoque
2385 1906 2739 1961 sacrificium
2765 1905 2957 1960 laudis
2975 1906 3042 1975 ⁵1,
3067 1921 3134 1960 ac
3155 1904 3432 1976 spiritum
3460 1905 3778 1961 contritum

2129 1994 2425 2064 obtulerit,
2447 1995 2600 2066 quod
2635 1993 2826 2049 solum
2859 1993 3302 2060 sacriﬁcium,is
3334 1993 3432 2066 qui
3465 1993 3662 2049 omnia
3690 1995 3783 2050 de-

2129 2084 2238 2152 dit,
2269 2102 2300 2139 a
2334 2085 2502 2140 uobis
2533 2084 2795 2156 exposcit
2834 2100 2949 2154 quo
2997 2083 3237 2138 tandem
3273 2083 3445 2139 modo
3473 2087 3781 2138 externum

2128 2173 2273 2228 illud
2290 2173 2640 2230 sacriﬁcium
2652 2172 2819 2239 ,illud
2843 2189 3188 2246 magnorum
3203 2171 3616 2245 mysteriorum
3631 2172 3786 2230 anti-

2128 2265 2332 2333 typum
2352 2261 2462 2333 ipsi
2488 2262 2692 2317 offerre
2711 2263 3120 2328 auderem,aut
3137 2278 3253 2334 quo
3274 2261 3445 2316 modo
3463 2262 3782 2317 sacerdotis

2128 2351 2398 2406 habitum
2413 2355 2468 2406 et
2481 2367 2690 2406 nomen
2708 2350 2906 2406 subire
2917 2351 3260 2422 priusquam
3276 2351 3782 2423 sanctisoperibus

2128 2457 2338 2495 manus
2362 2439 3153 2512 puriﬁcassem‘lpriusquam
3177 2440 3354 2495 rebus
3377 2439 3779 2511 creatis,sane,

2128 2534 2304 2601 atque
2327 2529 2398 2584 ad
2420 2529 2708 2584 Creatoris
2730 2528 2920 2584 solum
2945 2528 3418 2595 admirationem,
3439 2545 3554 2583 non
3583 2532 3779 2584 autem

2129 2620 2199 2674 ad
2237 2619 2499 2692 ﬁgmenti
2521 2620 2804 2674 damnum
2837 2618 3212 2690 aSpiciendis,
3232 2617 3431 2673 oculos
3453 2619 3550 2675 57
3579 2635 3781 2674 assue-

2128 2708 2396 2764 fecissem
2425 2708 2436 2763 ι
2463 2707 2809 2780 priusquam
2833 2723 2933 2778 per
2952 2707 3182 2762 Domini
3207 2706 3580 2778 disciplinam
3608 2724 3780 2763 aures

2129 2813 2272 2852 meas
2307 2797 2452 2852 satis
2483 2801 2692 2867 apertae
2727 2795 2976 2851 fuissent
2997 2795 3134 2864 ",ac
3155 2794 3300 2850 mihi
3323 2796 3601 2867 adjuncta
3626 2799 3781 2852 esset

2127 2885 2412 2954 auricula,
2447 2903 2578 2958 quae
2607 2903 2722 2942 non
2763 2885 3017 2957 graviter
3046 2884 3247 2940 audire
3279 2888 3478 2958 posset
3508 2886 3572 2956 ⁵⁸,
3607 2889 3778 2956 atque

2126 2993 2304 3032 aurea
2333 2976 2558 3032 inauris
2590 2975 2842 3048 pretioso
2872 2975 3075 3030 Sardio
3098 2974 3335 3047 alligata
3355 2974 3538 3042 5‘,hoc
3567 2983 3653 3030 est
3683 2991 3776 3029 sa-

2129 3066 2342 3138 pientis
2373 3082 2588 3133 sermo,
2621 3065 2747 3120 auri
2784 3069 2933 3120 recte
2965 3064 3222 3120 audienti
3255 3065 3282 3118 ?
3309 3064 3655 3136 priusquam
3689 3081 3774 3131 os,

2126 3155 2303 3220 labia,
2337 3159 2394 3210 et
2424 3155 2646 3226 lingua,
2691 3153 2833 3209 illud
2868 3153 3105 3226 quidem
3139 3159 3409 3225 apertum
3451 3152 3679 3219 fuisset,
3712 3169 3778 3208 ac

2125 3245 2411 3316 Spiritum
2441 3243 2810 3299 attraxissem
2836 3243 3009 3310 ",aut
3040 3242 3346 3298 dilatatum
3381 3245 3438 3298 et
3467 3241 3776 3314 impletum

352 3329 541 3401 εἰπεῖν,
597 3327 840 3400 δεθῆναι,
898 3330 1192 3403 προσθείην
1255 3327 1303 3384 δ’
1361 3330 1420 3384 ἂν
1479 3330 1562 3385 ὅτι
1612 3333 1700 3386 καὶ
1747 3331 1799 3386 ἐν
1836 3318 2010 3407 καίρῴ

2138 3333 2346 3405 Spiritu
2378 3335 2421 3369 ³⁸
2451 3333 2810 3406 exponendis
2841 3331 3135 3404 mysteriis
3183 3336 3241 3389 et
3277 3332 3654 3405 dogmatibus
3682 3333 3724 3366 ⁵⁷
3760 3348 3774 3387 :

349 3418 599 3487 λυθῆναι·
659 3421 758 3487 τήν
813 3417 870 3473 δὲ
915 3417 1230 3489 πλησθῆναι
1281 3419 1682 3495 ἀγαλλιάσεως,
1729 3421 1817 3475 καὶ
1862 3421 2006 3484 θείας

354 3505 630 3579 μελῳδίας
662 3509 904 3582 γενέσθαι
951 3507 1257 3586 πλῆκτρον,
1307 3509 1711 3586 ἐξεγειρομένην
1756 3515 1822 3584 τῇ
1857 3508 2002 3583 δόξῃ,

352 3597 856 3672 συνεξεγειρομένην
889 3593 1128 3674 ὄρθριον,
1172 3599 1259 3654 καὶ
1314 3600 1478 3675 μέχρι
1524 3604 1620 3654 τοῦ
1659 3599 2002 3670 κολληθῆναι

351 3689 432 3755 τῷ
463 3682 691 3761 λάρυγγι
720 3686 1022 3757 κάμνουσαν
1058 3707 1070 3755 ;
1104 3688 1230 3763 πρὶν
1282 3687 1368 3742 ἐπὶ
1418 3690 1613 3763 πέτραν
1659 3696 1846 3757 στῆναι
1878 3690 2003 3750 τοὺς

353 3771 526 3836 πόδας
587 3795 712 3847 μου,
771 3778 1214 3849 καταρτισθέντας
1265 3779 1338 3840 ὡς
1400 3777 1632 3856 ἐλάφων,
1685 3779 1773 3833 καὶ
1823 3801 2004 3834 κατευ-

357 3864 613 3932 θυνθῆναί
647 3885 739 3937 μοι
779 3865 846 3919 τὰ
892 3865 1028 3920 κατά
1074 3867 1201 3921 Θεὸν
1247 3861 1560 3939 διαδήματα
1592 3871 1722 3941 (65),
1761 3869 1837 3941 μή
1878 3869 2006 3944 παρ’

359 3951 546 4029 ὀλίγον
580 3951 709 4026 μηδ’
739 3953 884 4018 ὅλως
917 3955 1215 4031 έκχεόμενα
1247 3976 1260 4026 ;
1294 3955 1418 4033 πρῖν
1453 3959 1590 4011 ἅπαν
1623 3955 1788 4030 μέλος
1831 3956 2002 4012 ὅπλον

354 4044 593 4119 γενέσθαι
653 4041 1041 4115 δικαιοσύνης,
1100 4046 1190 4100 καὶ
1245 4047 1532 4101 ἀποθέσθαι
1591 4053 1762 4102 πᾶσαν
1821 4047 2003 4123 νεκρό-

351 4153 510 4201 τητα,
543 4135 932 4189 καταποθεῖσαν
975 4133 1078 4189 ὑπὸ
1107 4137 1206 4204 τῆς
1240 4139 1404 4206 ζωῆς,
1437 4134 1526 4190 καὶ
1569 4135 2006 4212 ὁποχωρήσασαν

350 4226 427 4293 τῷ
457 4221 720 4296 πνεύματι
756 4242 770 4293 ;

417 4351 460 4384 ⁸⁷
491 4351 625 4405 Lev.
657 4369 742 4418 III,
776 4351 864 4405 31.
941 4351 987 4384 ⁴⁸
1012 4351 1186 4408 Exod.
1219 4370 1349 4422 xxx,
1381 4352 1434 4421 9,
1467 4354 1556 4409 25.

348 4437 500 4492 xux,
538 4423 623 4477 14.
700 4423 747 4456 ⁵⁵³
777 4422 894 4478 Isa.
937 4441 987 4490 L,
1017 4425 1070 4478 5.
1150 4424 1193 4458 ³³
1223 4426 1330 4480 lsa.
1364 4442 1440 4491 v1,
1480 4427 1565 4480 10.

349 4493 628 4567 gor._x1_v,
658 4495 714 4567 ξ.
793 4495 836 4528 ⁵⁸
869 4494 1027 4550 Prov.
1061 4513 1153 4565 xv,
1186 4496 1240 4550 7.
1319 4497 1366 4532 ⁵⁹
1396 4497 1548 4553 Psal.
1582 4513 1743 4567 cxxv,
1771 4499 1824 4553 2.

350 4563 406 4630 3,
482 4563 528 4598 ⁵³
559 4563 710 4619 Psal.
743 4580 880 4631 xvu,
913 4568 1001 4622 34.

425 4705 537 4782 (ξιξ)
569 4702 850 4782 Μηδξ-εἰς.
889 4709 1088 4782 Plures
1120 4711 1204 4767 sic
1235 4711 1523 4768 scribunt.
1564 4709 1694 4782 μηδ’
1724 4711 1819 4771 εἷς.

425 4778 539 4848 (53)
703 4779 977 4837 Nonnulli
1029 4779 1158 4838 δεῖν.
1201 4806 1231 4834 ‹‹
1285 4785 1364 4840 Ad
1414 4778 1637 4840 Sancta
1673 4790 2013 4841 sanctorum

355 4849 694 4920 frequenter
721 4853 960 4920 auderet
991 4857 1282 4911 accedere.
1320 4879 1347 4904 ››

426 4917 968 4999 (ὗλξῌῐροσϐλέπειν.
1017 4927 1109 4982 Sic
1149 4926 1445 4999 plerisque
1477 4929 1726 4985 codices.
1761 4928 1888 4983 Par.
1922 4927 2012 4982 ed.

352 4985 687 5066 προϐλέπὲιν
701 5038 712 5049 .

355 5063 536 5191 h'u(55)
566 5063 824 5140 Μεγάλου
853 5065 943 5120 καὶ
975 5071 1130 5124 Θεοῦ.
1185 5070 1360 5127 Deest
1402 5069 1492 5124 καί
1541 5072 1598 5128 in
1649 5071 1829 5144 Regg.
1881 5088 1915 5126 a
1962 5074 2019 5125 et

402 5153 457 5190 υ.

421 5207 783 5286 ίᾋγξαν.
820 5211 960 5284 Reg.
994 5211 1098 5286 hu,
1131 5211 1219 5286 καὶ
1248 5211 1420 5286 ἁγίαν.

385 5349 395 5360 ⁸
420 5279 534 5361 (57)
553 5278 816 5361 Μεγάλιων
845 5278 1157 5361 μυῖστηρίων
1183 5278 1491 5342 ἀντίτυπον.
1513 5286 1752 5356 Nempe,
1783 5309 1808 5336 ί(
1830 5285 1906 5341 Cb
1918 5285 2021 5340 ris-

351 5354 398 5405 ti
435 5354 494 5403 in
529 5367 700 5407 cruce
733 5354 1180 5412 immolationis.
1216 5379 1244 5405 »

432 5421 544 5491 (58)
573 5422 783 5500 :lepétoc
816 5432 1032 5500 σχῆμα.
1068 5451 1094 5477 ‹‹
1131 5429 1470 5500 Personam,
1522 5428 1889 5499 dignitatem,
1925 5445 2022 5482 no-

361 5507 519 5545 men.
547 5494 708 5570 _N0q
745 5494 961 5568 itaque,
999 5522 1027 5550 »
1059 5500 1153 5555 hic
1203 5501 1287 5556 ait
1327 5494 1651 5568 Tillemf-
1695 5503 1819 5570 jam
1854 5494 2024 5555 antea

360 5563 637 5619 sacerdos
669 5563 1005 5632 Gregorius.
1043 5594 1068 5620 »

434 5635 547 5707 (59)
577 5635 793 5707 Ὑγιῶς.
829 5662 857 5688 ‹‹
886 5641 1223 5697 Salubriter.
1274 5663 1299 5693 ι
1362 5642 1575 5696 Alludit
1629 5643 1770 5698 forte
1801 5644 1873 5699 ad
1905 5643 2027 5697 haec

360 5706 546 5782 verba
572 5706 738 5782 Prov.
772 5726 850 5779 ιν,
880 5714 972 5782 25,
1010 5735 1038 5764 (ι
1067 5713 1234 5770 Oculi
1262 5715 1346 5770 tui
1380 5719 1536 5769 recta
1563 5712 1812 5769 videant.
1840 5737 1869 5765 ››

435 5777 551 5851 (60)
584 5777 923 5845 umquam
953 5777 981 5837 in
1006 5784 1262 5844 Fictoris.
1289 5809 1318 5838 »
1342 5785 1509 5858 Regii
1537 5785 1818 5857 quinque,
1851 5784 2026 5843 Coisl.

1634 4355 1679 4388 ‘9
1711 4353 1852 4408 ibid.
1889 4356 1970 4409 10.
2009 4359 2136 4411 Lev.
2169 4372 2283 4421 xv1,
2313 4355 2419 4420 3/1;
2470 4353 2642 4408 Hebr.
2693 4370 2771 4420 Ix,
2805 4354 2859 4407 7.

1643 4426 1688 4459 ⁵⁸
1722 4425 1884 4481 Prov.
1938 4444 2066 4482 xxv.
2122 4429 2212 4481 12.

1904 4499 1947 4542 6°
1998 4470 2148 4555 Psal.
2181 4516 2290 4565 va,
2321 4500 2375 4552 9.
2405 4499 2448 4533 δι
2482 4497 2636 4553 Psal.
2667 4471 2890 4566 cxxxw,
2912 4498 2967 4551 6.

2125 3423 2245 3479 haec
2277 3428 2468 3478 autem
2504 3421 2700 3477 divino
2733 3437 2932 3492 sensu,
2961 3427 3028 3477 ut
3059 3421 3366 3493 Sapientiae
3399 3421 3589 3478 verbis
3623 3425 3773 3493 utar,

2122 3512 2303 3584 ligata
2336 3512 2582 3568 fuissent
2612 3512 2676 3580 ⁵⁸,
2701 3511 2911 3566 addam
2945 3512 3122 3566 etiam
3159 3511 3501 3582 tempestive
3531 3509 3725 3565 soluta
3758 3529 3771 3565 :

2125 3619 2190 3656 ac
2214 3601 2466 3672 denique
2496 3600 2698 3672 lingua
2729 3599 3117 3656 exsultatione
3139 3599 3378 3672 impleta
3405 3600 3774 3664 fuisset5°,di-

2121 3691 2384 3763 vinisque
2405 3690 2669 3746 melodisa
2693 3689 2980 3761 plectrum
3004 3691 3224 3758 effecta,
3242 3706 3274 3744 a
3295 3690 3479 3763 gloria
3501 3689 3770 3756 excitata,

2125 3781 2385 3835 diluculo
2416 3795 2736 3852 exsurgens
2767 3779 2830 3848 ⁸ο,
2866 3785 3041 3850 atque
3091 3795 3352 3851 eousque
3379 3779 3677 3847 laborans,
3711 3789 3777 3834 ut

2125 3870 2395 3925 faucibus
2427 3869 2572 3941 ipsis
2605 3867 2984 3923 adhaereret“
3011 3868 3038 3922 ‘?
3072 3868 3415 3941 priusquam
3447 3871 3650 3925 statuti
3684 3886 3774 3924 es-

2123 3964 2253 4015 sent
2284 3960 2354 4014 ad
2390 3965 2616 4031 petram
2645 3958 2823 4030 pedes
2846 3958 2960 4012 mei
2982 3958 3046 4024 ⁸³,
3079 3958 3319 4030 perfecti
3347 3962 3632 4030 tanquam
3656 3975 3776 4014 cer-

2121 4066 2328 4104 vorum
2359 4049 2422 4113 ‘3,
2458 4047 2684 4118 meique
2714 4047 3041 4102 secundum
3072 4045 3258 4103 Deum
3305 4064 3544 4120 gressus
3574 4047 3777 4103 directi

2120 4142 2336 4209 essent,
2368 4137 2450 4192 ita
2481 4141 2546 4191 ut
2589 4153 2695 4192 nec
2731 4153 2899 4209 pene,
2927 4153 3030 4193 nec
3062 4135 3180 4192 ullo
3213 4137 3454 4193 omnino
3486 4137 3658 4192 modo
3690 4136 3777 4191 ef-

2127 4227 2560 4283 funderentur?
2593 4227 2757 4297 prius
2787 4225 3042 4296 denique
3073 4243 3250 4298 quam
3282 4227 3482 4283 omnia
3516 4226 3780 4282 membra

2938 4354 2982 4387 ⁵ο
3025 4353 3192 4408 Rom.
3225 4370 3327 4421 x11,
3373 4354 3423 4407 1.
3522 4354 3561 4388 ⁵¹
3622 4352 3782 4421 Ρεει1;

3057 4426 3101 4459 ⁵⁸
3132 4425 3285 4480 Psal.
3314 4414 3483 4494 Lux,
3523 4426 3606 4479 11.
3685 4425 3726 4458 ⁵⁷
3758 4414 3780 4468 Ι

2370 4425 2524 4480 Psal.
2579 4442 2803 4494 cxxvm,
2857 4426 2979 4479 131.
3057 4426 3101 4459 ⁵⁸
3132 4425 3483 4494 Psal.1.xxx,
3523 4426 3606 4479 11.
3685 4425 3780 4468 ⁵⁷1

2370 4541 2375 4551 .
2405 4499 2448 4533 δι
2482 4497 2636 4553 Psal.
2667 4513 2890 4566 cxxxvr,
2912 4498 2967 4551 6.
3043 4497 3089 4532 ⁸⁸
3118 4496 3272 4553 Psal.
3305 4514 3476 4569 Lxxu,
3499 4499 3562 4566 2;
3590 4513 3780 4562 χχχιχ,

2043 4716 2090 4780 D
2120 4717 2177 4769 et
2207 4711 2305 4792 alii
2338 4712 2574 4792 habent,
2601 4707 2942 4792 πλάσματος.
2968 4711 3061 4765 Sic
3092 4711 3269 4766 etiam
3302 4711 3614 4792 legendum
3634 4727 3781 4792 'pro-

2133 4785 2367 4839 nuntiat
2395 4778 2953 4838 Gabrielius.Billius
2983 4799 3218 4852 quoque
3249 4778 3504 4850 scripsit,
3535 4778 3787 4851 πλάσμα-

2123 4876 2214 4916 τος
2237 4856 2292 4910 in
2319 4856 2580 4926 margine
2605 4855 2692 4909 ed.
2722 4854 2896 4923 Basil,
2921 4859 2977 4908 et
2992 4855 3162 4909 vertit
3185 4878 3210 4902 α
3238 4853 3559 4926 ﬁgmenti,»
3583 4869 3786 4926 quam-

2125 4928 2212 4982 vis
2245 4928 2300 4980 in
2335 4925 2693 4982 Elia’reddat
2728 4944 2740 4981 :
2775 4948 2803 4976 ‹‹
2836 4929 3161 4981 Creatorem
3197 4925 3412 4980 damno
3444 4925 3729 4988 afﬁciunt,
3759 4946 3785 4973 ››

2129 4998 2380 5054 Basilius
2409 5014 2544 5052 vero
2579 4998 2718 5070 legit
2747 4993 3072 5058 πλάσαντος.

2202 5071 2470 5151 ,Μοιέ
2508 5066 2917 5151 Dees'tinpcto
2934 5069 3170 5151 “Regiis,
3194 5086 3304 5151 sex
3334 5066 3518 5135 Colb.,
3549 5067 3787 5133 Jes.,or.

2133 5145 2181 5198 1.
2219 5142 2420 5196 Billius
2451 5142 2576 5212 ipse
2606 5140 2818 5196 delevit
2844 5142 2902 5196 in
2934 5140 3106 5196 Basil.
3141 5141 3232 5195 ed.

2202 5215 2313 5284 (6'2)
2346 5211 2610 5286 Χρυσοῦν.
2643 5213 2814 5268 Deest
2867 5213 2923 5266 in
2972 5229 3072 5286 sex
3124 5212 3342 5282 Regiis,
3385 5211 3574 5266 tribus
3606 5211 3790 5277 Colb.,

2131 5303 2214 5341 or.
2253 5287 2304 5350 1,
2336 5285 2455 5340 Jes.
2489 5285 2748 5340 Habetur
2780 5290 2974 5340 tamen
3009 5285 3170 5338 Prov.
3203 5301 3294 5348 xx,
3332 5286 3415 5337 12.

2204 5357 2317 5427 (63)
2355 5354 2521 5430 Λόγον
2568 5359 2756 5430 σοφοῦ.
2801 5355 3176 5430 @liidlegugt,
3223 5354 3382 5427 Αὸγον
3417 5352 3603 5430 σοφὸνῖ
3639 5359 3702 5408 ut
3734 5354 3791 5406 in

2135 5432 2298 5483 Prov.
2333 5426 2460 5496 xxv,
2492 5429 2580 5493 11,
2615 5426 2786 5498 juxta
2816 5427 2975 5482 LXX.
3031 5450 3059 5477 ‹‹
3091 5426 3560 5498 Sermosapiens
3593 5426 3646 5479 in
3683 5441 3794 5479 au-

2134 5517 2256 5556 rem
2291 5501 2436 5554 bene
2467 5500 2823 5554 audientem.
2861 5521 2888 5547 »
2921 5499 3015 5554 Sic
3043 5501 3246 5555 Gomb.

2209 5573 2319 5642 (6:1)
2350 5569 2626 5639 Αἷσθῆσει,
2669 5573 2912 5642 Sancyg.
2949 5593 2970 5619 ο
3010 5587 3204 5626 rerum
3239 5569 3563 5625 divinarem
3595 5584 3792 5623 sensa-

2136 5643 2279 5698 tioni
2313 5643 2573 5711 alligata.
2607 5665 2629 5693 ι

2209 5715 2322 5784 (65)
2349 5708 2516 5782 Διαὸή
2531 5732 2690 5784 ματα.
2724 5713 3000 5785 Sequitur
3031 5713 3088 5768 in
3120 5713 3310 5785 editis,
3342 5710 3454 5778 καί,
3481 5710 3635 5782 quod
3659 5725 3792 5762 auc-

2137 5785 2370 5842 toritate
2402 5786 2667 5842 omnium
2695 5784 2841 5856 pene
2871 5801 3015 5841 mes.
3048 5784 3392 5843 delevimus.
