4110 6442
387 450 509 513 499

1636 450 1698 512 S.
1750 451 2122 513 GBEGOBII
2166 449 2562 512 THEOLOGI

3689 449 3816 513 500

381 581 629 653 justitizs
659 598 827 639 arma
855 581 900 618 ⁶⁴
929 581 1135 640 eﬁ‘ecta
1183 584 1454 652 fuissent,
1499 600 1853 656 omnemque
1898 581 2314 640 mortalitatem
2364 582 2736 655 abjecissent,
2788 599 2822 639 a
2861 581 2980 638 vita
3027 581 3249 639 scilicet
3279 582 3619 656 absorptam
3650 583 3718 651 εδ,
3751 598 3817 640 ac

393 673 626 744 spiritui
660 673 964 728 cedentem
986 671 1014 727 ‘I

467 762 646 818 XCVI.
681 763 896 833 Ecquis
927 778 1118 833 porro,
1151 778 1285 818 cum
1317 763 1581 818 nondum
1613 761 1792 817 castis
1823 766 1881 818 et
1908 763 2044 834 igne
2071 763 2125 829 Α

393 850 744 907 examinatis
773 851 874 906 Dei
906 850 1157 922 eloquiis
1185 852 1229 885 ⁶⁶
1261 851 1433 905 corde
1473 852 1748 906 incensus
1781 851 1876 919 sit,
1901 853 2044 907 dum

403 940 725 1012 Scriptura;
777 940 888 1011 ipsi
919 941 1263 1010 aperiuntur
1291 941 1355 1010 ετ,
1391 957 1495 995 nec
1539 958 1607 995 ea
1635 959 1815 1013 super
1844 941 2043 996 latitu-

400 1030 597 1084 dinem
659 1030 850 1083 cordis
903 1028 1215 1100 tripliciter
1263 1029 1660 1100 descripserit,
1722 1036 1785 1085 ut
1832 1031 2046 1086 Christi

394 1124 653 1174 mentem
683 1119 895 1173 habeat
918 1119 1094 1186 “,nec
1117 1118 1173 1172 in
1199 1118 1507 1175 thesauros
1529 1119 1897 1175 multitudini
1920 1121 2049 1176 abs-

393 1207 1092 1278 conditos,et.invisibiles
1115 1224 1182 1262 ac
1207 1208 1547 1264 tenebrosos
1579 1209 1882 1282 ingressus
1903 1209 2047 1275 sit”,

395 1303 462 1352 ut
494 1312 634 1368 epes
663 1296 722 1350 in
756 1295 901 1368 ipsis
927 1297 1217 1366 conditas,
1268 1302 1509 1369 spectet,
1561 1298 1820 1369 aliosque
1863 1300 2050 1356 ditare

396 1391 594 1457 queat,
627 1385 962 1456 spiritualia
991 1385 1400 1458 spiritualibus
1433 1404 1782 1460 comparans
1812 1390 1874 1443 το.

468 1566 671 1627 XCVII.
720 1565 956 1638 Ecquis,
1004 1583 1141 1622 cum
1198 1567 1431 1623 Domini
1497 1567 1855 1640 voluptatem
1905 1586 2049 1624 non-

396 1658 562 1725 dum,
596 1662 662 1711 ut
689 1655 884 1712 videre
931 1656 1178 1728 dignum
1209 1662 1319 1723 est,
1373 1657 1603 1723 viderit,
1647 1657 2053 1729 templumque

395 1746 586 1818 ipsius
616 1745 938 1800 visitaverit
964 1746 1032 1814 ⁸⁸,
1068 1745 1151 1799 vel
1187 1746 1380 1816 potius
1409 1746 1600 1801 vivum
1632 1746 1727 1801 Dei
1761 1747 1873 1802 vivi
1905 1751 2052 1801 tem-

396 1834 560 1907 plum
593 1834 782 1889 factus
815 1833 892 1889 sit
918 1835 986 1892 7’.
1019 1834 1354 1905 Christique
1394 1834 1450 1888 in
1487 1835 1697 1906 spiritu
1747 1835 2050 1891 habitacu-

397 1925 522 1979 lum
549 1924 612 1977 ⁷³.
638 1923 1013 1993 Ecquis,cum
1048 1923 1368 1994 ﬁgurarum
1390 1927 1446 1978 et
1468 1924 1729 1979 veritatis
1748 1924 2052 1995 cognatio-

400 2029 535 2068 nem
566 2017 623 2067 et
650 2012 969 2067 discrimen
1002 2011 1263 2066 nondum
1289 2013 1607 2083 agnoverit,
1629 2017 1803 2084 atque
1833 2013 1904 2068 ab
1937 2012 2054 2069 illis

2227 761 2306 836 ιζ’
2335 761 2424 822 Τίς
2481 761 2651 832 μήπω
2699 766 2814 821 τοῖς
2873 762 3060 834 ἁγνοῖς
3120 759 3208 813 καὶ
3250 757 3666 834 πεπυρωμένοις
3719 762 3817 814 τοῦ

2155 854 2289 904 Θεοῦ
2321 849 2528 925 λογίοις
2561 853 2673 923 (66)
2705 849 2855 912 καεὶς
2904 850 3003 918 τήν
3057 846 3278 926 καρδίαν
3332 849 3383 903 ἐν
3433 852 3511 920 τῷ
3542 845 3823 924 διανοιγῆ-

2152 961 2236 993 ναι
2295 939 2440 1011 αὐτῷ
2495 940 2592 1001 τὰς
2655 942 2899 1016 Γραφάς·
2967 937 3109 1011 μηδὲ
3166 936 3627 1012 ἀπογραψάμενος
3686 937 3820 993 αὐτὰ

2155 1032 2388 1103 τρισσῶς
2448 1031 2560 1101 (67)
2625 1027 2710 1082 ἐπὶ
2768 1027 2978 1088 πλάτος
3038 1034 3138 1096 τῆς
3195 1025 3440 1100 καρδίας,
3499 1026 3640 1081 ὥστε
3696 1032 3818 1081 νοῦν

2158 1114 2304 1194 ἔχειν
2357 1120 2612 1193 Χριστοῦ·
2679 1115 2819 1189 μηδὲ
2873 1122 2982 1172 τῶν
3031 1122 3150 1178 τοῖς
3197 1115 3434 1178 πολλοῖς
3487 1115 3817 1194 ἀποκρύφων

2157 1207 2248 1260 καὶ
2299 1207 2544 1281 ἀοράτων
2603 1206 2693 1260 καὶ
2745 1210 3034 1260 σκοτεινῶν
3084 1207 3368 1280 θησαυρῶν
3418 1202 3544 1260 εἷ’σω
3593 1204 3822 1279 γενόμε-

2157 1317 2267 1366 νος,
2321 1294 2459 1349 ὥστε
2507 1295 2595 1348 τὸν
2644 1294 2693 1348 ἐν
2747 1293 2930 1356 αὐτοῖς
2982 1299 3339 1349 κατοπτεῦσαι
3398 1293 3639 1349 πλοῦτον
3671 1339 3687 1365 ,
3732 1293 3820 1347 καὶ

2160 1383 2364 1445 ἄλλους
2424 1383 2735 1452 πλουτίζειν
2787 1381 3064 1452 δύνασθαι,
3121 1385 3461 1456 πνευματικὰ
3517 1381 3817 1458 συγκρίνων

2159 1495 2226 1527 πν
2235 1494 2291 1527 ευ
2299 1495 2402 1544 ματ
2413 1478 2548 1534 ικοῖς
2583 1492 2597 1541 ;

2233 1563 2320 1639 ιβ’
2351 1562 2438 1622 Τίς
2499 1564 2670 1634 μήπω
2726 1564 3027 1638 θεωρήσας,
3089 1562 3166 1623 ὡς
3218 1563 3438 1637 θεωρεῖν
3489 1561 3674 1631 ἄξιον,
3722 1563 3819 1630 τήν

2160 1652 2497 1726 τερπνότητα
2547 1652 2766 1728 Κυρίου,
2819 1655 2908 1706 καὶ
2959 1653 3384 1726 ἐπισκεψάμενος
3425 1652 3516 1706 τὸν
3548 1653 3822 1726 ναὸν

2162 1741 2367 1811 αὐτοῦ,
2414 1739 2628 1812 μᾶλλον
2677 1738 2736 1795 δὲ
2783 1743 2907 1803 ναὸς
2956 1741 3242 1816 γενόμενος
3295 1745 3429 1795 Θεοῦ
3482 1745 3693 1809 ζῶντος
3737 1740 3824 1795 καὶ

2167 1835 2268 1899 ζῶν
2328 1833 2752 1905 κατοικητήριον
2809 1833 3044 1899 Χριστοῦ
3104 1833 3214 1903 (69)
3266 1829 3316 1884 ἐν
3373 1829 3640 1902 πνεύματι
3687 1850 3701 1900 ;
3743 1830 3821 1892 τίς

2167 1923 2337 1992 μήπω
2375 1919 2559 1974 τύπων
2611 1921 2699 1973 καὶ
2749 1919 3012 1989 ἀληθείας
3063 1919 3316 1994 ἐπιγνοὺς
3351 1922 3657 1996 συγγένειαν
3712 1923 3822 1994 (70)

2163 2009 2251 2063 καὶ
2285 2007 2572 2083 διάκρισιν,
2604 2009 2694 2063 καὶ
2745 2013 2851 2064 τῶν
2907 2009 3002 2082 μὶν
3035 2009 3421 2085 ἀναχωρήσας,
3461 2012 3531 2082 τῇ
3566 2006 3624 2063 δὲ
3655 2029 3820 2084 προσ-

402 2101 640 2173 quidem
692 2102 1023 2170 secesserit,
1056 2101 1193 2156 huic
1224 2106 1419 2156 autem
1453 2117 1580 2156 sese
1602 2102 1952 2172 adjunxerit,
1988 2107 2053 2157 ut

2186 2096 2532 2204 Ιέίμενος,1’ίνα
2559 2100 2793 2204 citro?
2833 2100 3168 2204 ’γράμματος
3223 2099 3402 2204 φυγὼν
3449 2095 3819 2204 scalari-mra,

405 2190 610 2246 litterae
634 2195 984 2245 vetustatem
1014 2190 1241 2260 fugiens
1263 2190 1510 2262 spiritus
1535 2191 1771 2246 novitati
1798 2192 2056 2247 serviat“

404 2295 669 2352 pureque
701 2279 770 2333 ad
802 2278 1049 2350 gratiam
1101 2296 1135 2334 a
1175 2278 1299 2350 lege
1346 2285 1626 2349 transeat,
1673 2279 2060 2351 spiritualiter

403 2366 648 2440 impleta
679 2368 736 2422 in
769 2367 1030 2438 corporis
1064 2367 1459 2424 evacuatione.

475 2546 710 2602 XCVIII.
753 2546 989 2618 Ecquis,
1036 2562 1168 2602 cum
1225 2546 1509 2612 nondum,
1542 2551 1599 2603 et
1629 2563 1802 2619 opere
1847 2548 1949 2606 58
2007 2553 2065 2604 et

402 2635 915 2706 contemplatione,
940 2652 1044 2707 per
1064 2652 1270 2691 omnes
1303 2636 1522 2692 Christi
1553 2636 1976 2709 appellationes
2008 2644 2065 2694 et

402 2727 650 2780 virtutes
683 2724 1020 2796 perrexerit,
1078 2729 1194 2779 tam
1249 2723 1628 2780 sublimiores
1678 2725 1808 2781 illas
1846 2743 1914 2781 ac
1948 2727 2062 2797 pri-

409 2830 560 2880 mas,
593 2829 767 2883 quam
801 2813 1148 2868 humiliores
1181 2819 1419 2886 propter
1452 2831 1559 2870 nos
1584 2819 1642 2870 et
1672 2813 1944 2870 ultimas:
1972 2817 2065 2870 ni-

416 2903 634 2957 mirum
673 2903 790 2967 Dei,
824 2902 971 2967 Filii,
1013 2903 1310 2974 lmaginis,
1346 2903 1539 2969 Verbi,
1584 2904 1916 2975 Sapientiae,
1951 2909 2059 2960 Ve-

416 2991 630 3060 ritatis,
667 2991 860 3048 Lucis.
893 2991 1056 3061 Vitae,
1089 2991 1355 3063 Virtutis,
1387 2992 1652 3064 Vaporis,
1688 2993 2066 3050 Deﬂuxionis.

419 3079 780 3150 Splendoris,
813 3081 1090 3147 Factoris,
1135 3082 1330 3153 Regis,
1375 3081 1616 3154 Capitis,
1671 3083 1862 3155 Legis,
1903 3083 2068 3154 Vitas,

425 3169 592 3234 Ostii,
625 3170 1035 3234 Fundamenti,
1072 3170 1272 3236 Petrae,
1301 3171 1648 3242 Margaritse,
1673 3172 1860 3242 Pacis,
1888 3174 2072 3227 Justi-

422 3259 537 3330 tizs,
562 3257 1078 3326 Sanctilicationis,
1101 3259 1562 3331 Redemptionis,
1585 3261 1868 3330 Hominis,
1889 3262 2072 3333 Servi,

424 3347 701 3414 Pastoris,
728 3349 897 3419 Agni,
921 3348 1241 3412 Pontiﬁcis,
1271 3349 1504 3420 Hostia,
1531 3349 1910 3421 Primogeniti
1939 3356 2077 3407 ante

419 3453 510 3493 res
543 3438 830 3503 conditas,
864 3437 1240 3511 Primogeniti
1275 3457 1340 3494 ex
1375 3439 1645 3505 mortuis,
1678 3439 2074 3497 Resurrectio-

2163 2193 2232 2261 τῇ
2289 2188 2570 2257 καινότητι
2652 2185 2919 2260 δουλεύση
2991 2193 3087 2242 τοῦ
3163 2188 3469 2260 πνεύματος
3506 2233 3521 2256 ,
3577 2186 3668 2242 καί
3729 2209 3821 2260 με-

2165 2272 2305 2351 ταϐῇ
2334 2279 2582 2352 καθαρῶς
2616 2275 2702 2330 ἐπὶ
2731 2278 2830 2345 τήν
2883 2279 3045 2352 χάριν
3101 2276 3207 2330 ἀπὸ
3245 2280 3341 2331 τοῦ
3370 2275 3546 2349 νόμου
3576 2274 3826 2352 πληρου-

2174 2366 2339 2438 μένου
2397 2371 2774 2439 πνευματικῶς
2842 2365 2892 2420 ἐν
2947 2370 3017 2440 τῇ
3087 2369 3420 2441 καταργήσει
3487 2370 3586 2420 τοῦ
3641 2367 3824 2438 σώμα-

2169 2477 2262 2517 τος
2296 2458 2456 2528 (71);

2246 2546 2344 2622 L_H'
2373 2545 2464 2606 Τίς
2527 2547 2696 2618 μήπω
2756 2544 2844 2600 διὰ
2901 2549 3086 2599 πασῶν
3149 2541 3374 2607 ὁδεύσας
3424 2547 3538 2618 (72)
3583 2549 3690 2598 τῶν
3737 2547 3832 2597 τοῦ

2173 2639 2410 2710 Χριστοῦ
2454 2640 2840 2709 προσηγοριῶν
2905 2634 2995 2689 καὶ
3047 2631 3352 2707 δυνάμεων,
3403 2633 3493 2688 καὶ
3554 2632 3694 2709 ἔργῳ
3741 2631 3829 2686 καὶ

2177 2724 2396 2799 θεωρίᾳ,
2426 2729 2532 2778 τῶν
2564 2746 2621 2778 τε
2673 2723 3029 2799 ὑψηλοτέρων
3077 2724 3166 2778 καὶ
3215 2724 3472 2798 πρώτων,
3505 2721 3590 2777 καὶ
3616 2726 3720 2776 τῶν
3759 2717 3831 2774 δι’

2175 2816 2324 2885 ἡμᾶς
2373 2814 2767 2888 ταπεινοτέρων
2825 2814 2917 2867 καὶ
2973 2813 3326 2882 τελευταίων,
3383 2817 3476 2867 τοῦ
3525 2815 3676 2877 Θεοῦ,
3731 2812 3828 2863 τοῦ

2177 2903 2326 2975 Υίοῦ,
2360 2905 2457 2972 τῆς
2492 2903 2735 2975 Εἷκόνος,
2763 2907 2862 2957 τοῦ
2894 2902 3096 2978 Λόγου,
3127 2909 3226 2972 τῆς
3261 2901 3480 2979 Σοφίας,
3521 2907 3621 2968 τῆς
3651 2896 3828 2967 Ἀλη-

2177 2993 2341 3065 θείας,
2371 2999 2469 3048 τοῦ
2502 2994 2695 3055 Φωτὸς
2727 2996 2860 3067 (73),
2889 2996 2988 3062 τῆς
3038 2999 3214 3064 Ζωῆς,
3255 2998 3358 3061 τῆς
3389 2991 3696 3063 Δυνάμεως,
3721 2993 3831 3056 τῆς

2182 3080 2462 3154 Ἀτμίδος,
2513 3089 2616 3151 τῆς
2666 3081 3017 3157 Ἀποῤῥοίας,
3068 3085 3166 3136 τοῦ
3217 3078 3693 3156 ’Δπαυγάσματος,
3737 3080 3833 3131 τοῦ

2184 3177 2446 3243 Ιίοιητοῦ,
2489 3176 2588 3226 τοῦ
2633 3170 2934 3240 Βασιλέως,
2984 3178 3081 3240 τῆς
3133 3167 3410 3248 Κεφαλῆς,
3457 3173 3555 3223 τοῦ
3608 3166 3832 3239 Νόμου,

2181 3269 2282 3331 τῆς
2327 3259 2508 3330 Ὁδοῦ,
2558 3268 2658 3330 τῆς
2707 3260 2906 3335 Θύρας,
2959 3265 3055 3314 τοῦ
3111 3256 3402 3332 Θεμελίου,
3459 3264 3556 3328 τῆς
3613 3257 3834 3324 Πὲτθας,

2181 3355 2280 3406 τοῦ
2311 3349 2678 3426 Μαργαρίτου,
2723 3358 2822 3419 τῆς
2875 3350 3136 3426 Εἰρήνης,
3186 3356 3284 3418 τῆς
3333 3346 3716 3416 Δικαιοσύνης,
3744 3347 3836 3399 τοῦ

2186 3443 2492 3514 Ἀγιασμοῦ
2550 3443 2684 3515 (74),
2743 3447 2842 3508 τῆς
2901 3437 3409 3515 ’Δπολυτρώσεως,
3457 3440 3554 3491 τοῦ
3613 3435 3839 3510 ’Δνθρώ-

412 3528 552 3582 nis:
588 3526 810 3598 ecquis,
863 3527 1134 3599 inquam,
1167 3528 1287 3584 haec
1335 3528 1577 3584 nomina
1625 3534 1684 3583 et
1732 3544 1825 3584 res
1875 3529 2063 3586 incas-

2186 3552 2312 3600 που,
2370 3535 2467 3584 τοῦ
2527 3528 2759 3598 Δούλου,
2820 3534 2917 3584 τοῦ
2977 3529 3272 3602 Ποιμένος,
3321 3531 3419 3581 τοῦ
3471 3527 3696 3600 Ἀμνοῦ,
3747 3526 3839 3577 τοῦ

411 3633 543 3672 sum
591 3616 856 3684 audiens,
911 3617 1160 3672 necdum
1209 3617 1392 3673 ullam
1441 3635 1575 3673 cum
1627 3618 1816 3674 Verbo
1866 3627 2070 3676 nactus

410 3705 1028 3773 communicationem,
1100 3723 1203 3762 nec
1279 3707 1469 3779 ipsius
1525 3711 1816 3779 quatenus
1884 3726 2069 3765 unum

410 3795 690 3865 quodque
742 3792 976 3862 horum,
1029 3799 1086 3849 et
1136 3800 1244 3866 est,
1278 3800 1335 3850 et
1384 3794 1733 3868 appellatur,
1780 3798 2071 3868 particeps

411 3882 620 3938 factus.

483 4151 646 4207 XCX.
704 4151 932 4222 Ecquis,
986 4169 1120 4208 cum
1173 4152 1435 4208 nondum
1487 4153 1796 4220 vacaverit,
1851 4171 1917 4210 ac
1965 4155 2067 4211 Dei

412 4241 762 4311 sapientiam
798 4243 856 4295 in
891 4242 1166 4314 mysterio
1199 4242 1631 4310 absconditam,
1665 4241 1824 4314 loqui
1854 4243 2068 4299 didice-

410 4329 491 4384 rit
520 4330 582 4395 ⁷⁵,
609 4331 706 4384 sed
744 4330 1023 4401 parvulus
1055 4330 1246 4387 adhuc
1278 4331 1374 4400 sit,
1407 4331 1602 4387 adhuc
1626 4331 1777 4388 lacte
1807 4331 2066 4401 alatur",

410 4417 604 4474 adhuc
635 4435 704 4474 ex
734 4420 803 4474 iis
837 4419 914 4474 sit
944 4419 1045 4491 qui
1082 4420 1236 4476 inter
1265 4420 1562 4476 Israelitas
1594 4438 1709 4476 non
1745 4438 2066 4478 numeran-

476 4539 524 4572 ⁶⁴
554 4537 718 4592 Rom.
747 4555 826 4597 v1,
862 4539 947 4593 13.
1026 4539 1069 4572 ⁵⁵
1103 4537 1150 4592 ll
1183 4537 1310 4592 Cor.
1347 4555 1402 4607 ν,
1434 4539 1484 4593 4.
1527 4539 1571 4573 ⁵⁵
1630 4539 1782 4594 Psal.
1813 4556 1890 4602 ιιι,
1940 4541 1994 4594 7.

406 4614 496 4667 22.
574 4611 617 4644 ⁷ο
650 4609 670 4664 Ι
705 4610 833 4665 Cor.
869 4627 929 4680 ιι,
970 4610 1055 4663 13.

420 4702 483 4752 ιι,
513 4684 566 4738 7.
647 4683 690 4716 ⁷⁸
722 4687 742 4736 1
774 4681 885 4737 Cor
916 4699 1000 4751 ιιι,
1031 4683 1085 4736 2.

480 4800 593 4872 (66)
630 4796 872 4872 Λογίοις.
908 4795 1208 4872 Nonnulli,
1243 4791 1452 4872 λόγοις.

480 4801 572 4868 (66
630 4800 872 4872 Λογίοις.
908 4800 1208 4859 Nonnulli,
1245 4800 1452 4869 λόγοις.

480 4800 593 4954 (67)
624 4872 891 4952 Τρισσῶς.
928 4869 1239 4952 ἶΔιόνει-ῐειε
1263 4868 1432 4992 )uvat
1474 4885 1508 4923 a
1537 4868 1815 4949 Gregorio
1847 4869 2068 4925 dictum

481 4961 660 4992 ισσως-
694 4958 834 4992 ama
885 4939 977 4992 hls
1016 4956 1075 4992 in
1121 4940 1257 4992 tabu
1287 4956 1336 4992 ιε
1384 4939 1474 4992 lex
1503 4946 1721 4992 scribta
1750 4944 1858 4992 est.
1888 4941 2067 4992 semel

405 4939 862 5016 rpieai‘oq,'quia_
885 4939 977 4996 his
1016 4941 1100 5016 inﬂ
1121 4939 1336 5016 tabulis
1384 4939 1474 4994 lex
1503 4939 1721 5011 scripta
1750 4944 1859 5008 est,
1888 4941 2067 4996 semel

408 5011 604 5069 autem
639 5011 903 5068 in_corde
935 5029 1036 5080 per
1067 5011 1366 5080 Spiritum.

417 5029 604 5069 autem
639 5031 697 5067 in
731 5029 903 5068 corus
974 5029 1036 5066 er
1067 5029 1366 5080 δριιιωιιι.

417 5158 440 5174 μ
479 5087 591 5156 (68)
674 5084 774 5137 Τὸν
855 5029 1003 5137 ναξ».
1090 5091 1209 5138 Ι)υο
1299 5082 1529 5137 codices
1622 5083 1878 5151 addunt,

409 5177 556 5210 ανιον
570 5198 582 5210 ο

645 5227 899 5300 Χριστοῦ.
956 5230 1216 5292 Quatuor
1267 5225 1452 5296 Regii,
1503 5243 1585 5281 or.
1653 5227 1702 5292 1,
1762 5225 1922 5282 Colb.
1984 5243 2063 5292 ιιι,

403 5302 558 5363 Θεοῦ,
590 5303 710 5352 Jes.
744 5301 976 5369 Χριστοῦ
1009 5300 1164 5352 Θεοῦ.

476 5371 587 5441 (70)
622 5369 961 5442 Συγγένειαν.
995 5393 1022 5420 ι(
1056 5370 1498 5443 Cognationem.
1559 5392 1580 5419 ι»
1636 5370 1738 5424 Ed.
1787 5392 1813 5417 «
1867 5369 2066 5440 cogni-

408 5444 647 5497 tionem.
687 5461 714 5490 »

479 5515 593 5585 (71)
627 5510 913 5579 Σώματος.
948 5513 1109 5584 Regii
1137 5515 1416 5585 quinque,
1449 5514 1564 5567 duo
1596 5510 1782 5577 Colb.,
1816 5511 1905 5566 ed.
1938 5515 2064 5566 Bas.

411 5583 759 5655 γράμμοιεοεο

489 5647 908 5733 (27λξοδει3ςιας.
963 5652 1106 5733 Cab.
1157 5676 1186 5707 »
1240 5655 1650 5733 peragraverit.
1687 5677 1706 5703 α
1745 5655 1920 5733 Porro
1964 5652 2068 5733 ho:

421 5739 547 5778 rum
581 5723 796 5781 Christi
839 5723 1145 5779 nominum
1191 5723 1337 5783 nene
1383 5723 1646 5783 omnium
1701 5731 1980 5780 rationem
2014 5727 2072 5778 et

418 5794 923 5861 commentarium,
977 5793 1104 5862 ipso
1149 5793 1440 5870 Theologo
1485 5798 1820 5870 interprete,
1866 5795 2066 5863 habes,

1971 5082 2061 5136 τὸν

2089 4540 2133 4574 ⁸⁷
2179 4539 2316 4594 Luc.
2363 4557 2516 4609 xxxv,
2566 4540 2656 4594 32.
2733 4539 2829 4594 ⁸⁸1
2877 4539 3006 4594 Cor.
3043 4554 3103 4605 ιι,
3152 4538 3242 4591 16.

1149 4611 1192 4644 ⁸¹¹
1247 4609 1393 4665 Psal.
1450 4612 1688 4679 XXV/1,4.
1766 4612 1809 4644 ⁷³
1841 4611 1889 4667 ll
1935 4612 2063 4667 Cor.
2113 4629 2189 4666 v1.
2244 4613 2328 4665 16.

2179 3620 2538 3695 Ἀρχιερὲως,
2591 3623 2690 3673 τοῦ
2739 3618 3008 3690 Θύματος,
3061 3622 3156 3673 τοῦ
3188 3616 3549 3693 Ιῐρωτοτόκου
3596 3614 3702 3690 πρὸ
3732 3611 3838 3666 κτί-

2182 3730 2315 3770 σεως
2365 3712 2514 3781 (75),
2568 3707 2930 3784 Πρωτοτόκου
2981 3708 3043 3762 ἐκ
3086 3711 3192 3761 τῶν
3245 3710 3488 3781 νεκρῶν,
3537 3711 3637 3772 τῆς
3691 3704 3840 3758 Ἀνα-

2181 3800 2440 3859 στάσεωςο
2473 3797 2552 3860 τίς
2601 3797 2808 3852 τούτων
2857 3801 2962 3853 τῶν
3014 3794 3295 3869 ὀνομάτων
3335 3816 3395 3851 τε
3439 3794 3529 3848 καὶ
3582 3791 3837 3867 πραγμά-

2180 3907 2286 3940 των
2318 3885 2596 3940 ἐπακούων
2631 3887 2746 3959 (76)
2797 3885 2938 3956 εἰκῆ,
2987 3886 3076 3940 καὶ
3133 3885 3303 3956 μήπω
3354 3883 3694 3951 κοινωνήσας
3731 3879 3840 3951 (77)

2179 3974 2258 4047 τῷ
2310 3975 2498 4049 Λόγῳ,
2552 3971 2694 4048 μηδὲ
2755 3969 3077 4044 μεταλαϐὼν
3140 3971 3327 4040 αὐτοῦ,
3385 3972 3505 4035 καθ’
3561 3971 3591 4024 ’ὁ
3637 3966 3840 4024 τούτων

2177 4061 2401 4119 ἕκαστόν
2429 4063 2540 4119 ἐστί
2569 4085 2626 4118 τε
2657 4064 2746 4118 καὶ
2776 4061 3038 4133 κέκληται
3075 4081 3087 4130 ;

2253 4154 2344 4230 ῐ.“Θ’
2372 4153 2492 4218 Τίς,
2529 4155 2697 4226 μήπω
2746 4151 3046 4229 σχολάσας,
3097 4148 3240 4224 μηδὲ
3285 4149 3473 4223 μαθὼν
3508 4146 3694 4203 λαλεῖν

2179 4247 2312 4298 Θεοῦ
2361 4242 2552 4320 σοφίαν
2604 4242 2654 4297 ἐν
2706 4243 2994 4317 μυστηρίῳ
3045 4242 3143 4309 τὴν
3192 4237 3702 4312 ἀποκεκρυμμένην,
3755 4227 3833 4286 ἔτι

2175 4335 2376 4402 νήπιος
2409 4329 2505 4403 ὢν,
2540 4331 2618 4387 ἔτι
2648 4333 2981 4410 τρεφόμενος
3014 4327 3270 4405 γάλακτι,
3302 4327 3378 4381 ἔτι
3409 4329 3514 4379 τῶν
3545 4322 3645 4376 οὐκ
3677 4320 3826 4394 ἀριθ-

2181 4420 2464 4495 μουμένων
2500 4421 2550 4475 ἐν
2581 4426 2660 4493 τῷ
2835 4418 3078 4496 Ἰσραὴλ,
3111 4417 3236 4474 οὐδὲ
3266 4411 3714 4488 καταλεγομένων
3748 4405 3828 4468 εἷς

3329 4535 3376 4570 ⁸⁸
3423 4533 3560 4589 Job.
3609 4543 3841 4592 xxxvm,

3579 4604 3625 4638 ⁷⁵
3656 4604 3678 4658 Ι
3708 4602 3834 4658 Cor.

2420 4612 2462 4645 ⁷³
2500 4607 2717 4684 Ερῑιθε.
2770 4629 2830 4678 ιι,
2860 4612 2949 4664 22.
3027 4610 3072 4642 7‘
3104 4609 3271 4663 Rom.
3314 4623 3413 4673 vn,
3445 4607 3500 4661 6.

2102 4809 2147 4873 D
2179 4802 2334 4873 orat:
2359 4814 2642 4873 “inquae
2665 4800 2750 4873 es_l
2785 4795 3044 4873 secunda
3070 4794 3143 4850 de
3175 4791 3342 4873 Filio,
3377 4806 3539 4845 num.
3571 4790 3729 4873 21_et

2252 4870 2366 4941 (73)
2421 4854 2550 4925 ΤδῖῘ
2594 4865 2796 4943 φωτός,
2851 4867 3127 4938 Sequitur
3184 4865 3245 4920 in
3296 4854 3440 4936 Reg.
3499 4879 3548 4927 r,
3602 4865 3703 4928 τῆς
3747 4854 3842 4912 Δό-

2180 4942 2363 5083 ξηῗ74)
2393 5011 2710 5083 Ἀγιασμοῦ.
2745 5009 2908 5083 Colb.
2944 5008 2983 5074 i,
3014 5003 3401 5083 ’Δγιάσματος.

2249 5077 2360 5154 (75)
2399 5077 2508 5154 Πρὸ
2551 5077 2795 5154 κτίσεως.
2833 5082 2973 5154 Reg.
3008 5097 3060 5149 ἃ,
3093 5077 3157 5132 ἔκ
3185 5077 3433 5154 κτίσεως.
3585 5146 3596 5154 _
3779 5139 3812 5154 μ

2247 5144 2359 5224 (76)
2393 5144 2728 5225 Ἐ’ποικούῳν.
2753 5144 3131 5225 _Reg._‘hu,'et
3185 5150 3345 5225 Colb.
3378 5150 3433 5225 3,
3483 5146 3657 5203 ambo
3697 5144 3844 5214 opti-

2176 5244 2263 5282 naa
2298 5221 2464 5292 ηοιω,
2516 5221 2594 5278 ἔτι
2633 5221 3030 5292 ἀκο·5ωνέἰκῆ,
3065 5245 3093 5273 ‹‹
3148 5223 3343 5278 adhuc
3385 5221 3688 5276 incassum
3745 5229 3844 5268 au-

2177 5298 2365 5354 diens.
2401 5319 2428 5345 ››

2248 5370 2360 5438 (77)
2391 5367 2571 5435 Μῆπω
2603 5367 2962 5435 κοινωνήσας,
2999 5369 3106 5421 etc.
3147 5387 3167 5409 α
3201 5359 3680 5438 Necdumpllam
3712 5369 3846 5411 cum

2176 5433 2366 5496 Verbo
2399 5433 2605 5494 nactus
2644 5433 3264 5494 communicationem.
3320 5459 3346 5484 n
3385 5433 3615 5500 Billius,
3657 5450 3684 5483 α
3715 5442 3847 5485 nec-

2178 5513 2320 5568 dum
2351 5511 2699 5580 commercio
2731 5510 2849 5565 ullo
2882 5526 3014 5566 cum
3049 5509 3238 5563 Verbo
3271 5506 3494 5580 habito.
3532 5525 3581 5580 »_
3641 5563 3670 5580 .
3703 5573 3726 5580 _
3788 5567 3801 5580 .

2252 5563 2751 5656 ῖιᾶλὲἑᾴςείέ
2778 5563 2997 5656 omnes
3040 5577 3518 5656 rcodices_.__l\_llale,
3565 5563 3753 5656 λαϐεῖν
3785 5567 3844 5656 in

2179 5643 2270 5711 ed‘.
2309 5643 2486 5710 Paris.
2518 5659 2574 5708 et
2605 5654 2759 5719 Bas.,
2799 5654 2861 5708 in
2887 5670 3002 5724 qua
3031 5655 3229 5707 tamen
3263 5649 3464 5705 Billius
3493 5643 3842 5702 emendave-

2181 5731 2363 5869 ra('79)
2395 5797 2480 5852 Ἐν
2509 5792 2607 5867 τῷ.
2644 5795 2816 5852 Deest
2842 5795 2895 5848 ὶν
2933 5795 2992 5851 in
3023 5793 3162 5865 Reg.
3195 5791 3298 5848 hu.
