4110 6402
326 415 439 479 501

1479 398 1773 464 ORATIO
1815 396 1896 460 ΙΙ.
1926 422 2008 445 -
2033 394 2601 461 APOLOGETICA.

3628 406 3747 467 503

328 552 464 607 Θεοῦ
495 543 808 621 παράταξιν,
846 543 1015 617 μήπω
1046 540 1138 595 τὸν
1168 544 1399 615 Χριστου
1446 532 1671 610 σταυρὸν
1719 530 1795 621 ὡς
1843 530 1979 621 ἀνὴρ

2128 547 2191 618 ur
2221 532 2301 601 ",-
2332 548 2438 589 nec
2469 535 2528 589 in
2561 532 2658 590 Dei
2690 533 2899 590 castris
2930 539 3328 605 recensentur,
3360 538 3622 595 nondum
3647 540 3744 596 de-

327 636 500 715 αῗρειν
525 618 847 708 δονάμενος,
867 634 1037 705 μήπω
1064 627 1325 703 μηδὲ(80)
1342 624 1480 682 ἄλλο
1497 645 1557 715 τι
1571 621 1736 696 μέλος
1761 618 1987 682 ὣνῖσως

329 712 437 784 τῶν
524 724 897 799 τιμιωτέρων,
954 720 1138 775 ἔπειτα
1213 717 1289 778 εἷς
1359 712 1601 791 κεφαλὴν
1660 716 1986 779 καταστῆναι

335 820 579 892 Χριστοῦ
610 811 989 887 πληρώματος
1032 807 1231 881 δέξεται
1282 803 1493 881 χαίρων
1540 800 1629 856 καὶ
1673 798 1988 875 προθυμού-

340 884 540 981 μενοςς
575 902 688 961 Οὐκ
733 884 937 975 -ἕμοιγε
986 900 1146 972 κριτῇ
1205 896 1295 949 καὶ
1355 886 1657 981 συμϐοιόλῳ
1863 884 1989 942 ἀλλ’

337 973 497 1056 οὗτος
529 996 556 1049 ὁ
597 973 785 1070 φόϐων.
846 973 1125 1063 μέγιστος,
1156 985 1313 1045 οὗτος
1369 983 1396 1036 ὁ
1447 977 1707 1035 κινδύνων
1760 973 1990 1051 ἔσχατος

336 1084 495 1141 παντὶ
535 1066 619 1154 τῷ.
645 1080 870 1136 συνιέντι
902 1077 1117 1133 καὶτοῦ
1164 1068 1599 1148 κατορθουμένου
1637 1069 1699 1123 τὸ
1744 1066 1990 1143 μέγεθος,

334 1174 423 1230 καὶ
454 1180 551 1242 τῆς
580 1169 905 1245 ’διαμαρτίας
936 1167 1023 1221 τὸν
1059 1164 1301 1239 ὄλεθρον.

414 1446 486 1499 Ρ’.
516 1440 727 1501 ’Ἄλλος
780 1439 871 1511 μὶν
914 1435 1004 1492 οὖν
1055 1431 1263 1490 πλείτω
1308 1430 1423 1485 κατ’
1454 1424 1740 1502 ἐμπορίαν,
1782 1419 1991 1499 ἔλεγον,

342 1533 432 1588 καὶ
467 1534 582 1603 (82)
612 1530 678 1584 τὰ
739 1526 915 1599 μακρὰ
969 1520 1401 1595 ὃιαπεραιούσθω
1449 1516 1684 1589 πελάγη,
1717 1514 1806 1568 καὶ
1855 1534 1993 1603 σομ-

344 1622 587 1699 φερέσθω
644 1623 759 1678 τοῖς
818 1614 1039 1688 ἀνέμοις
1100 1611 1181 1665 ἀεὶ
1238 1608 1327 1663 καὶ
1386 1611 1503 1668 τοῖς
1546 1603 1751 1676 κύμασι
1786 1598 1997 1676 μεγάλα

341 1690 431 1765 καὶ
462 1707 768 1785 κερδήσων,
805 1705 862 1759 ἂν
892 1702 1034 1759 οὕτω
1088 1699 1251 1775 τύχῃ,
1283 1698 1373 1752 καὶ
1433 1692 1813 1758 κινδυνεῦσῶν,
1848 1690 1994 1751 ὅστις

339 1776 813 1855 πλευστικῶτατος
864 1793 899 1861 ἢ
952 1789 1399 1865 ἐμπορικὼτατος
1449 1785 1579 1858 (83)
1626 1782 1758 1855 Ιέμοὶ
1812 1778 1857 1834 δ’
1906 1776 1997 1833 οὖν

2098 612 2275 694 nique
2304 622 2512 677 Christi
2547 639 2777 679 crucem
2818 629 3099 695 tanquam
3130 626 3218 680 vir
3256 627 3405 683 ferre
3454 632 3647 699 queat,
3680 644 3747 685 ac

2099 727 2171 766 ne
2201 710 2358 767 aliud
2392 714 2687 784 quoddam
2721 714 2969 769 fortasse
3001 716 3379 785 praestantius
3411 718 3745 773 membrum

2098 800 2194 868 sit,
2224 800 2354 856 laeto
2385 806 2579 858 tamen
2612 803 2908 873 atacrique
2940 804 3135 859 animo
3168 820 3230 860 se
3270 805 3597 861 Christiano
3630 824 3748 862 cce-

2098 890 2180 945 tui
2216 895 2392 963 caput
2419 892 2697 947 constitui
2732 892 3030 964 patietur?
3063 894 3185 948 Non
3220 895 3497 965 profecto,
3531 896 3579 951 si
3618 896 3747 967 qui-

2100 980 2232 1034 dem
2266 980 2509 1035 consilio
2550 997 2678 1037 meo
2710 998 2775 1037 ac
2796 982 3023 1051 judicio
3056 984 3335 1038 standum
3367 984 3615 1055 putabit.
3654 986 3754 1039 Est

2100 1070 2318 1141 quippe
2339 1069 2432 1124 hic
2456 1074 2644 1126 metus
2666 1071 2929 1125 omnium
2955 1072 3269 1137 maximus,
3294 1072 3403 1128 hoc
3425 1073 3751 1145 periculum

2102 1159 2367 1213 omnium
2422 1159 2857 1231 gravissimum,
2908 1160 3045 1216 huic
3076 1162 3310 1233 quidem
3357 1166 3534 1232 certe,
3566 1163 3665 1233 qui
3696 1166 3753 1218 et

2102 1264 2287 1318 operae
2322 1248 2594 1320 praeclare
2625 1254 2847 1306 navatae
2874 1251 3363 1323 magnitudinem,
3397 1255 3455 1307 et
3492 1253 3572 1307 rei
3608 1253 3752 1308 infe-

2102 1337 2291 1393 liciter
2320 1342 2494 1410 gestae
2528 1339 2846 1410 perniciem
2877 1339 3172 1412 intelligit.

2175 1428 2235 1482 C.
2268 1427 2432 1483 Alius
2462 1428 2660 1500 igitur,
2694 1445 2925 1484 mecum
2957 1429 3082 1501 ipse
3108 1430 3394 1498 dicebam,
3415 1434 3756 1489 mercaturae

2105 1532 2284 1571 causa
2315 1517 2631 1588 naviget,et
2657 1517 2833 1591 longa
2866 1519 3051 1574 maria
3078 1519 3356 1591 trajiciat,
3386 1524 3442 1575 et
3470 1537 3603 1576 cum
3625 1536 3759 1575 ven-

2105 1602 2182 1658 tis
2215 1619 2278 1657 ac
2310 1602 2586 1659 fluctibus
2616 1609 2894 1675 perpetuo
2928 1605 3446 1679 conﬂigat,magna
3475 1609 3565 1663 vel
3594 1607 3758 1663 lucra

2108 1692 2391 1757 facturus,
2414 1694 2459 1749 si
2498 1694 2576 1747 ita
2598 1710 2770 1749 casus
2793 1694 3117 1759 tulerit,vel
3141 1696 3401 1767 pericula
3430 1697 3758 1763 subiturus,

2107 1782 2380 1852 quisquis
2412 1781 2693 1837 nimirum
2724 1783 2811 1838 vel
2846 1784 3158 1855 navigandi
3200 1785 3427 1856 peritia,
3460 1784 3546 1841 vel
3579 1801 3760 1857 nego-

337 1890 694 1964 αἱρετώτερον
742 1883 829 1939 ἐπὶ
877 1888 978 1957 γῆς
1022 1880 1273 1953 ἀνέχοντι
1306 1878 1441 1949 (84),
1478 1875 1737 1948 βραχεῖαν
1788 1866 1997 1973 αὔλακα

2133 1870 2291 1925 iandi
2322 1875 2443 1927 arte
2473 1872 2700 1926 excellit
2733 1888 2745 1925 :
2779 1872 2924 1928 mihi
2953 1889 3052 1929 ver
3098 1873 3293 1944 potius
3326 1878 3499 1947 atque
3533 1874 3761 1947 optabi-

336 1956 718 2049 τέμνοντι-καὶ
766 1956 1044 2047 γλυκεῖαν,
1078 1966 1358 2042 πόρῥωθεν
1416 1960 1776 2032 ἀσπαζομὲνῳ
1827 1956 1991 2049 κερ-δη

338 2045 429 2122 καὶ
462 2067 760 2129 ΘάΛασσαν,
927 2058 1097 2119 οὕτως
1129 2055 1279 2116 ὅπως
1308 2055 1365 2108 ἂν
1401 2050 1648 2123 δύνωμαι
1690 2050 1779 2103 σὺν
1836 2045 1998 2135 ὀλίγῃ

336 2156 427 2211 καὶ
492 2158 664 2228 μικρᾷ
718 2155 787 2224 τῇ
854 2151 1014 2222 μάζῃ,
1074 2146 1163 2200 καὶ
1223 2142 1339 2219 βίον
1395 2138 1573 2196 ἕλκειν
1635 2137 1850 2228 ἀσφαλῆ
1908 2134 1998 2228 καὶ

338 2225 645 2317 ἀκύμαντον
692 2240 828 2314 (85),
867 2239 900 2307 ἢ
956 2235 1159 2310 μακρὸν
1206 2231 1551 2307 ἀναρριπτεῖν
1602 2230 1716 2301 (86)
1760 2226 1849 2281 καὶ
1904 2225 1998 2297 μὲ-

340 2355 435 2410 γαν
466 2331 554 2387 ἐπὶ
590 2328 846 2406 μεγάλοις
878 2324 1089 2402 κέρδεσι
1115 2320 1380 2377 κίνδυνον.

427 2525 547 2581 PA'.
579 2520 804 2595 Ὑψηλῷ
837 2521 930 2593 μὲν
962 2519 1064 2594 γὰρ
1101 2517 1271 2589 ζημία
1316 2516 1377 2569 τὸ
1439 2515 1512 2587 μή
1568 2512 1833 2587 ἐγχειρεῖν
1883 2506 2003 2579 μεί-

354 2620 490 2683 ζοσι,
535 2609 674 2685 μηδὲ
704 2612 816 2683 (87)
875 2608 949 2670 εἰς
1005 2606 1229 2667 πλείους
1291 2604 1570 2659 διατείνειν
1628 2602 1726 2667 τὴν
1785 2598 2001 2673 ἀρετὴν,

351 2701 477 2759 ἀλλ’
508 2701 598 2755 ἐπὶ
633 2703 840 2773 μικρῶν
868 2696 1139 2763 ἵστασθαι,
1175 2696 1288 2749 οἷον
1348 2690 1571 2767 μεγάλῳ
1620 2689 1759 2767 φωτὶ
1813 2686 2003 2761 μικρὸν

349 2792 498 2847 οἶκον
528 2788 898 2864 αὐγάζοντα,ἢ
926 2784 1205 2854 πανοπλίᾳ
1225 2785 1440 2855 νεανικῇ
1465 2786 1624 2851 σῶμα
1643 2775 1892 2832 παιδικὸν
1916 2795 2008 2829 πε-

347 2880 688 2956 ρισκὲποντα·
712 2880 893 2949 μικρῷ
931 2873 988 2930 δὲ
1010 2876 1122 2945 (88)
1146 2870 1415 2950 ἀσφάλεια
1441 2869 1608 2942 μικρά
1642 2866 2007 2956 φορτίζεσθαι,

346 2955 493 3026 ἄλλά
528 2971 628 3041 μὴ,
658 2972 775 3029 τοῖς
823 2966 954 3039 ὑπὲρ
1007 2962 1233 3035 δύναμιν
1285 2960 1470 3015 ἑαυτὸν
1526 2955 1844 3020 ὑποτιθέντα
1874 2956 2006 3026 (89),

354 3057 575 3133 γέλωτά
619 3077 677 3110 τε
734 3052 1079 3131 ὀφλισκάνειν
1141 3052 1304 3123 ὁμοῦ,
1364 3048 1452 3103 καὶ
1518 3043 1861 3122 προστιθέναι
1918 3042 2007 3096 τὸν

353 3131 614 3203 κίνδυνον*
645 3145 825 3219 ὥσπερ
883 3163 944 3219 γε
998 3142 1089 3197 καὶ
1136 3140 1343 3216 πύργον
1380 3135 1690 3209 οἰκοδομεῖν
1726 3134 1824 3189 οὐκ
1854 3131 2011 3203 ἄλλῳ

345 3237 449 3293 τινὶ
479 3242 751 3309 προσῆκεν
787 3236 904 3307 (90)
936 3232 971 3301 ἢ
1005 3232 1063 3293 ὃς
1092 3226 1209 3306 ἔχει
1240 3230 1307 3284 τὰ
1353 3228 1489 3303 πρὸς
1538 3223 1900 3301 ἀπαρτισμὸν,
1933 3222 2005 3283 ὡς
2038 3276 2081 3343 C

346 3326 682 3399 ἠκούσαμεν.

434 3595 557 3648 AB'.
592 3598 790 3667 ’Ἔχετε
835 3591 935 3658 τὴν
978 3586 1278 3661 ἀπολογίαν
1336 3585 1435 3652 τὴν
1482 3582 1617 3656 ὐπὶρ
1663 3588 1762 3649 τῆς
1813 3584 2011 3656 φυγῆς,

353 3683 445 3737 καὶ
501 3679 630 3743 ἴσως
681 3680 742 3734 οὐ
788 3678 1027 3753 μετρίαν.
1061 3683 1127 3731 ’Ἄ
1163 3676 1257 3747 μὶν
1312 3672 1401 3728 οὖν
1458 3693 1525 3744 με
1562 3672 1649 3748 ἀφ’
1684 3671 1833 3742 ὑμῶν
1870 3668 2011 3736 ἀπή-

358 3791 535 3846 γαγεν⁹
574 3770 619 3823 ὦ
670 3767 822 3846 φίλοι
871 3767 957 3822 καὶ
1007 3763 1255 3840 ἀδελφοὶ,
1292 3761 1553 3835 λυπηρῶς
1606 3760 1699 3831 μὲν
1749 3757 1871 3830 ἐμοὶ
1923 3755 2013 3846 καὶ

365 3844 493 3932 ὑμῖν
550 3844 701 3925 ἴσως,
734 3856 1033 3932 ἀναγκαίως
1085 3851 1131 3908 δ’
1182 3851 1295 3921 οὖν,
1331 3852 1405 3913 ὡς
1455 3854 1585 3924 γοῦν
1632 3848 1850 3920 ἐμαυτῷ
1892 3844 2015 3900 τότε

359 3947 609 4017 ἐδόκουν,
640 3949 811 4002 ταῦτά
858 3945 1021 4001 ιστιν·
1077 3942 1385 4017 ἐπανήγαγε
1426 3938 1484 3995 δέ
1535 3960 1601 4011 με
1630 3940 1742 4011 (94)
1780 3934 2014 4008 μάλιστα

364 4039 457 4110 μὲν
493 4039 520 4091 ὁ
554 4038 691 4112 πρὸς
725 4037 866 4109 ὑμᾶς
898 4034 1094 4103 πόθος,
1122 4030 1212 4087 καί
1241 4031 1303 4086 τὸ
1347 4026 1776 4085 ἀντιποθούντων
1827 4025 2011 4087 αἰσθά-

357 4129 562 4182 νεσθαι*
596 4124 748 4181 οὐδὲν
815 4124 918 4200 γὰρ
978 4122 1152 4184 οὕτως
1212 4120 1434 4195 ἰσχυρὸν
1495 4118 1629 4193 πρὸς
1677 4115 1910 4191 ἀγάπην,
1942 4113 2014 4173 ὡς

357 4213 742 4289 ἀντιδιδομὲνη
778 4211 1036 4277 διάθεσις.

430 4491 543 4539 PI".
581 4482 838 4556 Δεύτερον
874 4478 932 4535 δὶ
960 4482 995 4549 ἡ
1037 4480 1143 4551 ἐμὴ
1200 4476 1441 4556 φροντὶς,
1472 4475 1536 4529 τὸ
1585 4471 1714 4545 ἐμὸν
1769 4471 1947 4547 ἔργον,
1978 4473 2013 4539 ἡ

359 4577 468 4629 τῶν
500 4573 663 4647 ἱερῶν
695 4571 898 4645 γονέων
931 4568 1103 4625 πολιά
1130 4566 1219 4622 καὶ
1270 4567 1531 4631 ἀσθένεια,
1566 4562 1644 4617 ἐπ’
1676 4561 1799 4634 ἐμοὶ
1846 4558 2014 4614 πλέον

2108 1959 2222 2016 lius
2256 1965 2363 2027 est,
2397 1960 2455 2015 in
2487 1964 2640 2016 terra
2670 1961 2922 2034 degenti,
2952 1965 3127 2033 atque
3160 1962 3437 2035 exiguum
3472 1980 3672 2019 arvum
3706 1968 3761 2019 et

2109 2051 2278 2107 dulce
2308 2050 2581 2119 sulcanti,
2616 2067 2682 2106 ac
2733 2050 2897 2107 lucra
2936 2055 2992 2106 et
3022 2067 3181 2108 mare
3220 2052 3421 2125 procul
3453 2051 3759 2119 salutanti,

2107 2142 2297 2197 vivere
2328 2146 2393 2195 ut
2417 2146 2613 2212 potero
2646 2158 2778 2195 cum
2803 2158 2987 2212 pauca
3015 2145 3072 2197 et
3099 2141 3310 2214 exigua
3340 2157 3523 2210 maza,
3556 2141 3763 2197 vitam-

2111 2248 2224 2304 que
2252 2235 2441 2286 tutam
2473 2236 2532 2285 at
2562 2230 2944 2301 tranquillam
2978 2232 3210 2297 ducere,
3242 2248 3421 2302 quam
3456 2233 3528 2287 ob
3560 2231 3765 2303 ingen-

2111 2326 2201 2376 tes
2234 2325 2496 2392 quaestus
2527 2335 2699 2391 grave
2727 2336 2792 2375 ac
2824 2319 3173 2376 diuturnum
3215 2320 3541 2393 periculum
3574 2320 3767 2377 susci-

2112 2427 2268 2484 pere.

2185 2500 2272 2555 Cl.
2297 2498 2523 2555 Etenim
2543 2498 2783 2554 sublimi
2812 2498 3048 2570 quidem
3071 2498 3191 2553 viro
3213 2499 3633 2555 detrimentum
3660 2502 3769 2565 est,

2115 2592 2215 2649 59
2240 2607 2332 2646 res
2364 2605 2610 2661 magnas
2633 2605 2748 2643 non
2781 2588 3041 2660 aggredi,
3068 2605 3171 2643 nec
3201 2588 3474 2644 virtutem
3511 2590 3579 2644 ad
3619 2588 3771 2643 mul-

2115 2687 2206 2736 tos
2234 2694 2574 2752 propagare,
2610 2679 2711 2733 sed
2745 2679 2801 2732 in
2836 2677 3031 2748 parvis
3075 2678 3394 2733 consistere
3442 2694 3557 2733 non
3601 2693 3772 2734 secus

2120 2788 2183 2827 ac
2209 2771 2257 2825 si
2289 2785 2501 2841 magno
2532 2767 2756 2823 lumine
2809 2784 3044 2837 parvam
3078 2768 3318 2822 domum
3364 2766 3639 2838 illustret,
3674 2772 3774 2821 aut

2117 2860 2388 2915 virilibus
2421 2856 2603 2914 armis
2626 2855 2845 2928 puerile
2867 2872 3079 2927 corpus
3111 2855 3553 2928 obtegat.Parvo
3575 2860 3771 2911 autem

2121 2948 2284 3003 salus
2316 2947 2375 3000 in
2408 2962 2473 3001 eo
2506 2943 2798 3009 consistit,
2832 2947 2898 2997 ut
2948 2960 3192 3015 parvum
3225 2959 3375 2999 onus
3407 2943 3635 3014 subeat,
3667 2960 3773 2999 nec

2122 3038 2194 3093 iis
2226 3036 2401 3092 rebus
2431 3052 2558 3107 quae
2586 3034 2738 3089 vires
2761 3032 2948 3105 ipsius
2971 3033 3275 3088 excedunt.
3302 3034 3563 3105 seipsum
3597 3034 3775 3104 subji-

2122 3127 2303 3192 ciens,
2336 3123 2515 3180 simul
2560 3127 2616 3179 et
2663 3122 2848 3178 risum
2899 3127 3147 3185 moveat,
3190 3122 3516 3195 periculum
3567 3124 3775 3193 adjun-

2122 3220 2241 3289 gat.
2273 3213 2776 3278 Quemadmodum
2807 3211 3031 3267 scilicet
3073 3227 3179 3267 nec
3210 3211 3306 3267 alii
3341 3212 3621 3284 cuiquam
3653 3216 3776 3267 tur-

2123 3306 2232 3360 rim
2266 3304 2553 3358 aediﬁcare
2582 3300 2855 3356 convenit
2903 3300 2967 3369 73,
3017 3316 3193 3371 quam
3241 3299 3292 3355 ei
3338 3299 3438 3370 qui
3470 3315 3537 3355 ea
3567 3299 3781 3356 habeat

2122 3411 2249 3465 quae
2284 3394 2356 3449 ad
2390 3391 2810 3465 perficiendum
2843 3390 3241 3460 requiruntur,
3277 3394 3341 3445 ut
3370 3407 3438 3445 ex
3480 3390 3783 3461 Scriptura

2123 3483 2477 3539 audivimus.

2196 3570 2308 3625 CII.
2346 3568 2584 3625 Habetis
2632 3570 2895 3623 nostram
2942 3566 3014 3620 de
3066 3566 3207 3637 fuga
3254 3565 3684 3637 purgationem,
3713 3581 3780 3620 ac

2124 3660 2372 3715 fortasse
2405 3657 2537 3729 plus
2571 3672 2736 3727 aequo
2768 3655 3073 3726 prolixam.
3108 3655 3237 3709 Haec
3266 3658 3423 3722 sunt,
3458 3671 3489 3709 ο
3523 3654 3695 3708 amici
3724 3658 3782 3709 et

2125 3751 2355 3811 fratres,
2389 3764 2515 3818 quae
2566 3762 2681 3815 me,
2732 3743 2875 3798 mihi
2925 3742 3162 3814 quidem
3210 3742 3476 3809 moleste,
3509 3760 3575 3797 ac
3612 3744 3778 3797 vobis

2125 3838 2299 3893 etiam
2334 3837 2604 3904 fortasse,
2656 3833 2756 3888 sed
2803 3836 3000 3887 tamen
3053 3831 3401 3897 necessario,
3448 3836 3515 3885 ut
3567 3831 3776 3886 saltem

2127 3926 2271 3981 mihi
2303 3930 2429 3980 tum
2462 3923 2746 3995 temporis
2775 3920 3102 3987 videbatur,
3124 3938 3158 3977 a
3186 3920 3353 3976 vobis
3385 3921 3775 3976 abduxerunt.

2123 4019 2195 4072 At
2223 4031 2356 4071 vero
2406 4030 2501 4069 me
2546 4014 2618 4068 ad
2667 4011 2917 4067 reditum
2968 4010 3331 4081 impulerunt
3363 4011 3615 4065 maxime
3646 4011 3776 4081 qui-

2126 4108 2260 4161 dem
2290 4104 2468 4160 vestri
2502 4100 2883 4167 desiderium,
2915 4104 2972 4154 et
3002 4099 3143 4172 quia
3170 4116 3273 4155 vos
3306 4103 3512 4155 mutuo
3545 4099 3658 4154 mei
3689 4102 3783 4155 de-

2126 4197 2342 4253 siderio
2373 4191 2555 4250 teneri
2588 4190 2914 4247 sentiebam
2962 4207 2974 4244 :
3027 4205 3217 4260 neque
3266 4189 3423 4244 enim
3457 4188 3781 4260 quidquam

2128 4288 2198 4342 ad
2233 4298 2491 4341 amorem
2518 4281 2601 4336 ita
2622 4281 2861 4335 firmum
2885 4295 2950 4333 ac
2976 4278 3285 4333 robustum
3308 4282 3416 4342 est,
3444 4283 3509 4332 ut
3538 4284 3784 4333 mutuus

2126 4376 2389 4432 affectus.

2198 4466 2314 4521 Cll.
2347 4461 2567 4518 Deinde
2605 4475 2734 4515 mea
2763 4458 2887 4513 haec
2916 4474 3075 4523 cura,
3110 4472 3279 4512 meus
3331 4455 3426 4510 hic
3456 4454 3642 4520 labor,
3675 4455 3785 4509 hoc

2127 4559 2235 4622 est,
2288 4556 2623 4608 sanctorum
2676 4552 2987 4618 parentum
3035 4546 3280 4600 canities
3340 4549 3397 4599 et
3447 4544 3783 4615 infirmitas,

362 4662 398 4729 ἢ
430 4664 510 4733 τῷ
545 4632 733 4737 ἱερόνῴ
766 4658 1102 4731 καμνόντων,
1133 4650 1387 4730 ’Δϐραὰμ
1413 4648 1573 4707 τοῦδε
1601 4632 1716 4704 τοῦ⁷
1744 4649 2005 4737 πατριάρ-

2128 4660 2255 4701 mea
2286 4658 2466 4697 causa
2513 4636 2702 4708 magis
2753 4650 2930 4706 quam
2988 4638 3307 4701 senectute,
3361 4632 3782 4695 laborantium,

361 4772 490 4826 χοι),
522 4752 621 4819 τῆς
665 4747 853 4821 τιμίας
897 4747 1021 4821 ἐμοὶ
1063 4744 1307 4823 κεφαλῆς
1356 4741 1445 4797 καὶ
1483 4741 1599 4813 μετ’
1633 4736 1879 4814 ἀγγέλων
1914 4740 2025 4810 (92)

433 4870 476 4903 ⁷⁷
507 4868 681 4924 Num.
714 4884 754 4935 ι,
786 4867 841 4922 3.
917 4865 960 4900 ⁷⁸
992 4866 1130 4921 Luc.
1162 4879 1277 4931 xw,
1302 4862 1393 4915 28.

458 4986 548 5057 so)
580 4978 751 5057 anet.
783 4981 898 5057 Alii
933 4977 1078 5057 una.

460 5043 549 5129 81)
584 5043 1134 5128 ΣυμϐούλῳίῙὶ-θεε.
1168 5068 1213 5106 r.
1248 5048 1428 5105 Addit
1458 5045 1773 5121 χρώμενος,
1797 5043 1901 5099 sed
1932 5058 2023 5097 re-

363 5129 607 5187 centiori
642 5145 846 5183 manu.

431 5203 546 5272 (82)
579 5198 696 5272 Καί.
735 5201 906 5272 Deest
936 5196 996 5251 in
1029 5200 1206 5272 Regg.
1239 5198 1284 5272 ι,
1312 5211 1361 5260 z,
1396 5194 1453 5246 et
1481 5189 1638 5272 Colb.
1677 5190 1731 5258 3,
1764 5204 1842 5272 η),

434 5257 547 5340 (83)
578 5268 1059 5344 Πλευστικῴτατος
1112 5257 1211 5344 abii
1268 5257 1733 5344 ἐμπορικώτατοςι
1795 5257 2024 5344 Mallem

365 5335 453 5399 sic
480 5335 721 5398 reddere
757 5360 768 5397 :
806 5364 833 5390 ‹‹
869 5339 1193 5411 Navigandi
1247 5342 1307 5411 et
1352 5335 2024 5411 faciendis-mercaturae

369 5415 662 5469 desiderio
692 5419 970 5483 ﬂagrans.
1000 5401 1184 5483 {Non
1218 5409 1375 5483 enim
1407 5410 1477 5483 d_e_
1508 5404 1732 5483 peritis,
1769 5407 1833 5457 ut
1862 5401 2022 5456 vide-

370 5492 485 5547 tur,
520 5487 622 5541 sed
654 5487 725 5557 de
753 5475 1083 5557 temerariis
1114 5480 1377 5557 loquitur
1414 5475 1767 5557 Tlieologus.

587 5556 886 5642 ξᾼνὲχοντι.
916 5554 1171 5642 Colrl‘).“h,
1193 5546 1264 5642 ’ἂμ
1310 5546 1807 5642 ἔχσντᾶλᾱζνὶε-ἰηω.

593 5614 947 5699 Ἀκιίῇαντοψ
1007 5614 1167 5681 Οοὶῦξ
1234 5624 1295 5690 h,
1325 5614 1415 5675 πὶ,ᾶὶ
1470 5614 1769 5673 ἀκίνδυνον.
1809 5617 2022 5671 Forsan

416 5699 690 5757 lossema.

373 5718 690 5775 glossema.
1728 5760 1738 5769 .
1911 5756 1923 5773 θ

443 5775 558 5846 (86)
580 5768 982 5846 Ἀναρῥιπτεῖν.
1038 5766 1197 5824 Coll).
1269 5782 1349 5835 ω,
1426 5764 1487 5819 in
1558 5776 1840 5833 margine,
1900 5776 2024 5810 ανα-

2136 4734 2337 4805 hujus,
2361 4731 2625 4799 inquam,
2649 4723 2991 4797 patriarchae
3021 4721 3608 4789 Abrahae,venerandi
3640 4721 3785 4777 mihi

2135 4958 2454 5037 λαμϐάνειν.
2487 4961 2596 5037 Sed
2626 4956 2837 5037 prima
2883 4972 2993 5037 vox
3040 4955 3347 5011 retinenda
3392 4957 3451 5009 et
3488 4954 3783 5020 vertenda,

2137 5062 2165 5089 ‹‹
2202 5029 2295 5093 me
2327 5038 2385 5091 in
2420 5029 2748 5106 periculum
2781 5029 3086 5106 conjicere.
3114 5050 3142 5076 »

2232 5054 2295 5093 ne
2327 5043 2385 5091 in
2420 5043 2748 5106 periculum
2781 5043 2948 5153 congii

2232 5109 2322 5179 87)
2354 5102 2525 5175 Μηδὲ.
2561 5104 2759 5179 (ξφαῲ.
2799 5120 2872 5179 μη
2914 5100 2948 5153 ’.

2232 5166 2321 5251 88)
2355 5166 2551 5251 Μικρῷ,
2573 5172 2649 5251 δὲ.
2675 5166 2875 5251 Corﬁb.
2904 5173 3096 5251 ,μικρῷ

2349 5233 2705 5303 ’ἱ-πότίθέντα.
2760 5233 2959 5300 Comb.
2992 5233 3175 5318 (legit,
3239 5233 3792 5318 ῥποτιθένταῌχρεώ-

2139 5312 2365 5392 armet
2387 5322 2617 5383 vertit,«
2641 5334 2769 5392 sese
2792 5314 3109 5392 obnoxium
3136 5314 3317 5392 l'achiat
3348 5329 3413 5392 ac
3444 5312 3788 5392 subjiciat.»

2211 5385 2656 5467 (90(11ροσῆκεν.
2719 5390 2853 5458 Reg.
2913 5388 3036 5457 bm,
3093 5391 3151 5441 et
3209 5385 3409 5440 Comb.
3466 5386 3785 5458 προσήκειν.

2132 5469 2259 5523 Non
2292 5467 2461 5521 male.

2207 5539 2316 5610 (9|)
2352 5536 2689 5610 Ἐπανήγαγε
2722 5527 2898 5610 δε-με.
2936 5551 2961 5579 ‹‹
2996 5528 3086 5610 ΜΘ
3118 5528 3718 5610 autcm‘reduxerunt.
3756 5549 3783 5575 υ

2136 5601 2230 5666 Sic
2264 5601 2460 5679 plures
2493 5601 2835 5679 Reg_._'codd.
2869 5604 2931 5679 I_n
2965 5601 3053 5679 ed.
3094 5618 3167 5679 με.
3182 5601 3369 5679 deest.

2206 5671 2319 5754 (92)
2351 5679 2477 5735 Μετ’
2500 5671 2769 5751 ἀγγέλων.
2790 5674 2925 5731 Ruf.
2946 5696 2972 5723 ‹‹
2991 5671 3194 5744 Angeli
3226 5673 3415 5727 instar
3441 5673 3782 5741 aspectus.»
