4110 6436
399 466 515 527 505

1558 463 1849 527 ORATIO
1894 464 1972 526 ll.
2003 499 2080 510 -—
2109 463 2672 527 APOLOGETICA.

3704 459 3824 522 506

403 596 514 672 ρὸς,
548 591 899 666 διασκέψεως·
940 590 1078 646 ὥστε
1129 592 1194 646 τα
1246 593 1338 666 μὲν
1398 592 1631 670 φεύγειν,
1663 594 1729 649 τὰ
1778 591 1834 649 δὲ
1884 595 2050 670 αἱρεῖ-

2176 611 2325 666 mus,
2387 595 2602 667 quibus
2659 596 2731 652 de
2782 595 2993 652 iisdem
3071 594 3269 667 rebus,
3328 595 3377 650 si
3447 594 3529 650 ita
3581 598 3821 665 tempus

405 697 550 752 σθαι,
583 685 696 739 οἷον
730 681 918 738 κανόσι
951 682 1061 736 τισὶ
1114 682 1202 736 xui
1256 681 1465 754 τύποις,
1515 688 1630 745 τοῖς
1688 680 2058 760 προλαϐοῦσιν

406 774 667 847 ἑπόμενοι
701 769 1128 845 παραδείγμασι.

482 1044 588 1110 Κζ’.
619 1041 706 1102 Τίς
767 1038 856 1094 οὖν
916 1042 950 1109 ἠ
1011 1039 1222 1114 ἱστορία
1275 1039 1364 1094 καὶ
1419 1040 1578 1104 πόθεν
1629 1043 1663 1110 ἠ
1725 1035 2058 1114 συμϐουλή;

410 1128 533 1184 οὐδὲ
589 1130 691 1205 γὰρ
753 1134 939 1204 χεῖρον
999 1127 1127 1188 τ’σως
1186 1127 1480 1205 ἀσφαλείας
1536 1131 1646 1203 (10)
1699 1127 1872 1184 ἕνεκεν
1950 1135 2056 1185 τῶν

405 1218 633 1272 πολλῶν
691 1216 944 1281 διελθεῖν.
980 1222 1205 1294 ’Έφευγε
1253 1218 1342 1271 καὶ
1385 1219 1569 1280 Ἰωνᾶς
1615 1218 1720 1272 ἀπὸ
1761 1220 2059 1292 προσώπου

401 1312 500 1363 τοῦ
580 1312 735 1378 Θεοῦ,
801 1304 1014 1379 μᾶλλον
1074 1303 1132 1359 δὲ
1197 1306 1411 1383 φεύγειν
1467 1305 1622 1378 ᾤετο·
1684 1307 1830 1363 ἀλλά
1901 1330 2057 1364 κατε-

408 1395 593 1472 λήφθη
627 1399 742 1468 (11)
801 1392 1044 1471 πελάγει,
1078 1393 1170 1448 λαὶ
1230 1400 1489 1469 χειμῶνι,
1547 1397 1636 1450 xui
1693 1396 1910 1472 κλήρῳ,
1969 1397 2058 1451 καὶ

408 1485 601 1560 γαστρὶ
659 1487 884 1555 κήτους,
932 1485 1021 1562 καὶ
1071 1485 1357 1558 τριημὲρῳ
1411 1486 1574 1561 ταφῇ,
1633 1486 1801 1540 τύπον
1857 1486 2060 1560 ἐχούσῃ

413 1574 713 1649 μυστηρίου
751 1574 1014 1646 μείζονος.
1051 1571 1210 1628 Ἀλλ’
1266 1573 1470 1635 ἐκεῖνος
1534 1576 1648 1646 μὲν,
1691 1572 1783 1628 ἵνα
1835 1577 1908 1646 μὴ
1960 1578 2056 1644 την

411 1665 734 1739 σκυθρωπὴν
791 1662 878 1717 xui
931 1659 1130 1717 ἄτοπον
1185 1661 1447 1737 ἀγγελίαν
1498 1662 1725 1738 ἀγγείλῃ
1773 1667 1884 1737 (12)
1940 1670 2059 1726 τοῖς

406 1750 767 1823 Νινευίτατις,
798 1751 885 1806 xui
951 1753 1082 1824 μετά
1133 1756 1293 1806 τοῦτο
1327 1751 1562 1824 ψεύστης
1618 1751 1759 1824 aia,
1792 1753 2056 1823 σωθείσης

403 1845 472 1915 τῇ
535 1842 792 1914 μετανοίᾳ
844 1843 941 1910 τῆς
996 1839 1233 1901 πόλεως’
1269 1840 1330 1894 ού
1376 1842 1478 1917 γὰρ
1535 1845 1603 1915 τῇ
1656 1841 1899 1915 σωτηρίᾳ
1947 1845 2058 1915 (13)

404 1935 510 1985 τῶν
571 1934 829 2006 πονηρῶν
884 1926 1288 2004 ἐδυσχέραινεν,
1324 1927 1470 1984 ἀλλὰ
1527 1932 1625 1999 τὴν
1661 1928 1931 1985 διακονίαν
1961 1934 2058 1984 τοῦ

404 2017 638 2093 ψεύδους
679 2018 972 2094 ᾐσχύνετο,
1004 2018 1093 2072 καὶ
1150 2021 1263 2072 οἷον
1315 2017 1640 2089 ἐζηλοτύπει
1689 2027 1787 2089 τῆς
1840 2040 2060 2095 προφη-

399 2109 545 2170 τείας
574 2109 637 2162 τὸ
682 2109 1016 2180 ἀξιόπιστον,
1049 2109 1181 2183 ὅπερ
1231 2107 1283 2162 ἐν
1330 2107 1477 2181 αὐτῷ
1524 2107 1893 2178 καταλυθῆναι
1946 2114 2057 2181 (14)

398 2196 647 2260 κίνδυνος
679 2201 768 2266 ἦν,
803 2198 865 2252 οὐ
904 2196 1211 2270 δυναμένων
1242 2201 1349 2252 τῶν
1400 2197 1626 2253 πολλῶν
1681 2197 1907 2253 συνιδεῖν
1956 2206 2058 2268 τῆς

395 2291 494 2341 τοῦ
527 2291 660 2342 Θεοῦ
691 2286 814 2363 περὶ
845 2290 1013 2340 ταῦτα
1043 2285 1364 2359 οἰκονομίας
1392 2287 1454 2340 τὸ
1488 2288 1672 2361 βάθος.

2169 685 2388 754 tulerit,
2449 686 2892 753 consultemus;
2952 687 3126 756 atque
3184 683 3301 740 alia
3356 683 3678 755 fugiamus,
3706 683 3822 738 alia

2171 775 2616 846 amplectamur,
2693 775 2890 847 priora
2971 772 3238 829 videlicet
3323 773 3607 844 exempla,
3705 789 3819 827 non

2170 881 2341 920 secus
2371 881 2438 920 ac
2496 881 2750 921 canones
2806 864 3095 935 quosdam
3162 868 3219 918 et
3285 861 3538 935 regulas,
3572 877 3820 933 sequen-

2169 958 2277 1009 tes.

2242 1046 2380 1102 CVI.
2414 1047 2548 1111 Qum
2578 1047 2756 1119 igitur
2795 1046 2916 1102 haec
2965 1046 3212 1101 historia
3264 1051 3373 1114 est,
3424 1048 3481 1102 et
3528 1045 3684 1100 unde
3714 1043 3823 1098 hoc

2171 1135 2482 1191 consilium
2503 1136 2530 1190 ‘I
2561 1153 2747 1207 neque
2775 1135 2928 1192 enim
2963 1136 3401 1191 incommodum
3434 1136 3681 1190 fortasse
3706 1134 3824 1188 fue-

2171 1225 2265 1293 rit,
2300 1224 2427 1291 hoc,
2468 1229 2532 1279 ut
2563 1224 2956 1296 complurium
2989 1223 3289 1280 securitati
3315 1223 3676 1288 consulatur,
3701 1238 3824 1278 ora-

2169 1311 2327 1366 tione
2379 1311 2709 1384 complecti.
2772 1311 3051 1383 Fugiebat
3108 1327 3338 1383 quoque
3388 1311 3570 1366 Jonas
3603 1327 3637 1364 a
3676 1309 3823 1365 facie

2169 1399 2423 1465 Domini,
2455 1398 2545 1454 vel
2578 1400 2771 1471 potius
2804 1400 3001 1472 fugere
3033 1401 3308 1470 putabat;
3347 1416 3551 1454 verum
3582 1417 3616 1453 ει
3649 1399 3821 1468 mari,

2168 1494 2227 1544 et
2257 1492 2626 1559 tempestate,
2660 1505 2725 1543 ac
2756 1493 2931 1558 sorte,
2983 1489 3209 1559 cetique
3256 1493 3476 1558 ventre,
3509 1493 3683 1558 atque
3711 1487 3824 1542 tri-

2169 1578 2365 1633 duana
2387 1579 2712 1649 sepultura,
2739 1576 2981 1648 majoris
3006 1577 3265 1649 mysterii
3292 1578 3538 1649 ﬁguram
3561 1582 3820 1648 gerente,

2170 1666 2633 1738 comprehensus
2656 1668 2824 1722 est“.
2843 1666 2974 1721 Haec
2998 1683 3167 1736 porro
3191 1666 3458 1721 ineundae
3484 1667 3628 1738 fugae
3645 1681 3826 1720 causa

2169 1756 2279 1827 ipsi
2314 1760 2461 1823 erat,
2494 1757 2649 1827 quod
2681 1761 2997 1824 vereretur,
3045 1771 3118 1809 ne
3166 1771 3299 1809 cum
3332 1755 3561 1810 tristem
3594 1758 3651 1809 et
3681 1771 3823 1825 pras-

2167 1849 2466 1916 posterum
2499 1844 2774 1899 Ninivitis
2808 1843 3081 1899 nuntium
3099 1842 3350 1908 tulisset,
3378 1841 3634 1913 periculo
3665 1846 3826 1914 post-

2169 1951 2236 1990 ea
2265 1949 2368 2005 per
2399 1933 2802 2006 paenitentiam
2859 1933 3107 1987 liberata
3157 1932 3410 1999 civitate,
3455 1932 3706 1987 mendax
3735 1932 3825 1986 in-

2169 2021 2616 2079 veniretur.Non
2642 2022 2799 2077 enim
2823 2021 3224 2093 improborum
3244 2020 3550 2076 hominum
3576 2019 3826 2076 salutem

2168 2127 2318 2182 aegre
2349 2111 2589 2181 ferebat,
2622 2111 2723 2166 sed
2757 2110 3047 2166 mendacii
3092 2109 3485 2165 ministerium
3519 2110 3680 2164 obire
3710 2126 3824 2181 prae

2168 2201 2392 2272 pudore
2424 2216 2538 2254 non
2573 2200 2924 2268 sustinebat,
2960 2216 3025 2254 ac
3073 2199 3387 2270 prophetiae
3427 2199 3601 2254 ﬁdem
3633 2202 3691 2253 et
3722 2216 3824 2253 au-

2170 2289 2495 2345 ctoritatem
2543 2288 2704 2344 velut
2731 2288 3014 2360 zelotypia
3058 2289 3309 2359 quadam
3340 2288 3824 2360 prosequebatur,

400 2393 530 2447 quae
560 2378 818 2448 quidem,
852 2395 924 2432 ne
955 2378 1012 2431 in
1044 2377 1172 2448 ipso
1206 2379 1699 2450 exstingueretur,
1751 2379 2079 2450 periculum
2129 2383 2272 2446 erat,
2323 2378 2604 2433 nimirum
2645 2378 2918 2450 imperita
2966 2376 3344 2432 multitudine
3393 2394 3520 2449 qua
3555 2376 3734 2433 divini
3764 2377 3826 2432 in

403 2463 748 2534 hujusmodi
785 2467 958 2520 rebus
990 2466 1219 2521 consilii
1251 2466 1622 2522 altitudinem
1656 2466 1980 2539 perspicere
2014 2484 2129 2523 non
2150 2466 2322 2522 valet.

482 2553 592 2608 PZ'.
628 2553 715 2613 Ὠς
775 2549 832 2607 δὶ
887 2553 994 2628 ἐγώ
1053 2556 1164 2626 (15)
1213 2574 1360 2614 τινος
1417 2551 1626 2621 ἤκουσα
1696 2557 1865 2628 σοφοῦ
1939 2553 2061 2628 περὶ

405 2645 574 2695 ταῦτα
605 2638 820 2717 ἀνδρὸς,
854 2643 952 2696 οὐκ
980 2643 1194 2704 ἀτόπως
1243 2644 1570 2725 βοηθοῦντος
1617 2647 1696 2714 τῷ
1754 2643 2062 2720 φαινομένῳ

404 2732 503 2798 τῆς
562 2730 804 2805 ἱστορίας
860 2731 1069 2804 ἀτόπῳ,
1119 2733 1208 2786 καὶ
1259 2733 1444 2786 ἱκανοῦ
1492 2726 1815 2786 καταλαϐεῖν
1867 2729 2060 2807 ἀνδρὸς

405 2821 694 2895 προφήτου
757 2819 1052 2893 βαθύτητα,
1085 2817 1210 2874 οὐδὲ
1267 2824 1433 2874 ταῦτα
1479 2823 1542 2888 ἦν
1574 2819 1606 2873 ἃ
1644 2821 1732 2874 τὸν
1798 2821 2060 2896 μακάριον

407 2909 590 2962 Ἰωνᾶν
650 2907 818 2963 ἐποίει
881 2906 1114 2986 φυγάδα,
1172 2910 1261 2964 καὶ
1321 2910 1399 2972 εἰς
1457 2908 1682 2979 Ἰόππην
1743 2907 1935 2985 ἤγαγε,
1968 2911 2057 2964 xui

406 2996 457 3067 ἐξ
517 2997 744 3068 ἰόππης
804 2997 1071 3075 ἀνήγαγεν
1136 2998 1223 3053 ἐπὶ
1282 2999 1523 3075 Θαρσεὶς,
1557 2996 1778 3075 πελάγει
1839 2999 2055 3054 πιστεύ-

405 3107 571 3140 σαντα
599 3087 695 3155 τήν
726 3087 916 3141 ἑαυτοῦ
960 3089 1175 3158 κλοπήν
1209 3091 1339 3160 (16)·
1375 3085 1499 3142 οὔτε
1547 3090 1647 3163 γὰρ
1704 3088 1909 3163 ἀγνοεῖν
1963 3093 2056 3142 τοῦ

407 3179 542 3230 Θεοῦ
597 3177 695 3244 τήν
750 3176 1012 3247 ἐπίνοιαν,
1050 3179 1337 3254 προφήτην
1394 3197 1456 3252 γε
1512 3173 1660 3248 ὄντα,
1704 3177 1848 3239 εἰκὸς
1896 3178 2055 3232 αὐτὸν

401 3265 490 3333 ἦν’
528 3263 610 3320 ὅτι
645 3263 734 3319 8ιά
758 3272 859 3334 τῆς
901 3265 1154 3335 ἀπειλῆς,
1182 3266 1243 3320 τὸ
1279 3267 1354 3339 μή
1405 3267 1592 3320 παθεῖν
1648 3269 1714 3320 τὰ
1757 3272 1858 3334 τῆς
1903 3266 2054 3320 ἀπει-

402 3353 507 3423 λῆς
570 3353 874 3418 Νινευΐταις
961 3354 1396 3429 ἐπραγματεύετο
1455 3355 1591 3410 κατὰ
1645 3357 1744 3424 τὴν
1810 3355 2055 3430 μεγάλην

2241 2555 2336 2609 6|
2374 2553 2537 2610 CVII.
2571 2553 2643 2609 Ut
2689 2559 2883 2609 autem
2918 2571 2950 2608 a
2977 2556 3098 2610 viro
3147 2555 3402 2626 quodam
3434 2554 3493 2608 in
3525 2553 3618 2609 his
3650 2554 3824 2610 rebus

2169 2643 2396 2700 erudito
2429 2642 2644 2713 accepi,
2678 2642 3025 2699 absurditati
3049 2643 3122 2709 ei,
3149 2659 3324 2714 quam
3347 2642 3595 2698 historia
3625 2659 3738 2713 prae
3763 2659 3824 2699 se

2169 2732 2408 2802 ferebat,
2445 2748 2558 2787 non
2586 2732 2840 2787 absurde
2864 2737 3260 2798 succurrente,
3287 2735 3461 2804 atque
3485 2733 3552 2786 ad
3580 2731 3824 2787 intimos

2170 2820 2463 2891 prophetae
2495 2836 2706 2875 sensus
2739 2820 3143 2892 percipiendas
3169 2821 3402 2888 idoneo,
3435 2839 3504 2876 ne
3536 2821 3656 2875 haec
3690 2823 3828 2893 qui-

2169 2911 2300 2965 dem
2335 2927 2516 2965 causa
2547 2910 2775 2964 beatum
2834 2909 3044 2964 Jonam
3097 2910 3156 2964 in
3219 2911 3418 2982 fugam
3457 2910 3823 2980 conjiciebat,

2168 3005 2345 3071 atque
2373 2999 2429 3053 in
2460 2999 2728 3070 Joppem,
2764 3003 2822 3054 et
2861 3016 2928 3054 ex
2955 2999 3143 3071 Joppe
3192 3015 3425 3054 rursum
3457 2997 3517 3053 in
3550 2999 3824 3054 Tharseis

2170 3088 2436 3157 ducebat,
2461 3088 2551 3142 sui
2575 3088 2763 3158 ipsius
2787 3089 3005 3142 furtum
3031 3088 3178 3142 mari
3205 3088 3690 3144 committentem.
3714 3088 3825 3142 Ne-

2169 3194 2282 3250 que
2311 3178 2466 3232 enim
2497 3175 2816 3232 verisimile
2847 3181 2955 3246 est,
2987 3193 3144 3246 eum,
3177 3193 3312 3232 cum
3337 3177 3621 3249 propheta
3651 3181 3825 3241 esset,

2171 3267 2267 3323 Dei
2301 3266 2614 3322 consilium
2648 3266 2991 3337 ignorasse;
3024 3283 3126 3337 pro
3157 3265 3381 3338 ingenti
3406 3265 3685 3321 nimirum
3718 3282 3828 3321 sua

2169 3357 2475 3428 sapientia,
2497 3360 2554 3410 et
2585 3355 3069 3411 inserutabilibus
3094 3355 3337 3427 judiciis
3364 3355 3588 3427 viisque
3613 3355 3827 3427 imper-

401 3443 569 3498 αὐτοῦ
614 3444 805 3518 σοφίαν
836 3446 971 3518 (47),
1002 3444 1091 3499 καὶ
1149 3445 1284 3499 κατὰ
1338 3446 1405 3498 τὰ
1464 3445 1845 3516 ἀνεξερεύνητα
1892 3445 2057 3500 αὐτοῦ

2176 3420 2612 3518 vestigabilibus
2639 3449 2814 3516 atque
2835 3420 3533 3516 incompr'ehensibilibus
3553 3445 3621 3512 ⁸2,
3643 3420 3828 3515 ἰᾶρειη

403 3532 667 3608 κρίματα,
694 3533 783 3588 καὶ
815 3538 920 3587 τῶν
956 3531 1094 3588 ὁδῶν
1128 3534 1293 3589 αὐτοῦ
1321 3535 1382 3588 τὸ
1414 3534 1815 3609 ἀνεξιχνίαστόν
1866 3556 1922 3590 τε
1969 3535 2059 3590 καὶ

407 3621 814 3690 ἀκατάληπτον·
895 3618 1027 3694 οὔτ’,
1107 3621 1254 3695 εἷ’περ
1334 3623 1617 3693 ἠπίστατο,
1689 3625 1765 3696 μὴ
1836 3622 2064 3678 ἀκολου-

414 3717 575 3778 θῆσαι
608 3715 744 3783 Θεῷ,
777 3708 845 3764 δι’
878 3712 938 3765 οὗ
968 3733 1068 3788 περ
1102 3707 1360 3767 ἐϐούλετο
1391 3713 1598 3787 τρόπου
1628 3714 1726 3781 τήν
1790 3713 2063 3788 σωτηρίαν

411 3799 632 3861 ἐκείνοις
684 3803 1070 3875 μηχανωμένῳ
1113 3804 1251 3874 (18).
1293 3804 1363 3856 Τὸ
1395 3798 1453 3856 δὲ
1483 3799 1547 3870 δὴ
1583 3802 1672 3855 καὶ
1723 3801 1951 3870 οἶέσθαι,
1985 3801 2061 3862 ὡς

406 3889 741 3966 ἀποκρύψειν
794 3893 906 3964 (19)
940 3891 1123 3946 ἑαυτὸν
1184 3889 1262 3963 τῷ
1319 3889 1539 3967 πελάγει
1590 3889 1821 3959 ἤλπισεν
1852 3893 2060 3956 Ἰωνᾶς,

407 3979 495 4034 xui
547 3980 636 4034 τὸν
692 3980 860 4054 μὲγαν
913 3979 1194 4054 ὀφθαλμὸν
1249 3985 1346 4035 τοῦ
1401 3985 1533 4036 Θεοῦ
1593 3978 1945 4051 διαλήσεσθαι
1994 3983 2060 4053 τῇ

408 4067 568 4145 φυγῇ,
606 4069 681 4142 μὴ
732 4068 822 4123 xui
880 4068 1162 4131 παντελῶς
1223 4067 1422 4125 ἄτοπον
1471 4070 1507 4144 ᾖ
1567 4070 1656 4124 καὶ
1716 4067 2059 4140 ἀπαίδευτον,

405 4157 493 4211 καὶ
545 4157 652 4233 οὐχ
701 4158 850 4221 ὅπως
922 4159 1044 4236 περὶ
1095 4161 1380 4235 προφήτου
1437 4159 1779 4214 πιστεύεσθαι
1826 4161 1936 4232 (20)
1989 4157 2063 4213 δί-

401 4267 582 4317 καιον,
615 4245 744 4303 ἀλλ’
797 4246 924 4304 οὐδὲ
955 4248 1077 4324 περὶ
1111 4247 1288 4305 ἄλλου
1318 4251 1462 4312 τινὸς
1494 4254 1598 4304 τῶν
1642 4254 1767 4304 νοῦν
1797 4247 2062 4325 ἐχόντων,

470 4419 513 4454 δι
548 4417 682 4474 Jon.
717 4436 754 4486 ι,
788 4419 822 4473 3
849 4423 905 4475 et
927 4435 1092 4492 seqq.
1124 4419 1171 4454 ⁸³
1196 4423 1362 4476 Rom.
1396 4437 1474 4488 χι,
1507 4419 1597 4476 33.

476 4585 590 4654 (10)
621 4583 965 4660 ’ᾼσφαλείας.
1024 4588 1276 4659 Exponit
1323 4587 1516 4644 Elias:
1577 4610 1605 4638 «
1661 4589 1744 4643 Ne
1792 4587 2056 4660 plerique

404 4660 619 4732 errent,
647 4657 992 4732 fuggemeaa,
1020 4657 1357 4716 vel'reditus
1379 4676 1618 4715 causam
1642 4657 2001 4732 ignorantes.
2029 4681 2054 4708 ››

473 4727 586 4805 (11)
613 4725 958 4805 Κατἐλήιρθη.
981 4731 1040 4785 In
1071 4732 1222 4788 hanc
1243 4748 1439 4787 vocem
1465 4733 1652 4801 major
1666 4725 1765 4786 Bst
1787 4733 2052 4786 codicum

2173 3535 2364 3590 minas
2395 3534 2642 3607 agentis,
2680 3538 2742 3588 ut
2773 3549 2844 3587 ne
2887 3552 2974 3603 ea,
3027 3550 3155 3605 qua:
3209 3534 3379 3588 minae
3418 3533 3702 3598 ferebant,
3731 3533 3829 3588 Ni—

2173 3624 2364 3679 nivitae
2399 3628 2774 3694 paterentur:
2810 3639 2934 3689 nec,
2970 3623 3015 3677 si
3050 3622 3286 3694 quidem
3315 3623 3423 3677 hoc
3453 3627 3825 3694 perspectum

2172 3714 2445 3778 habebat,
2483 3715 2590 3766 Deo
2623 3711 2866 3782 obsequi
2893 3729 3215 3780 recusasse,
3243 3729 3356 3782 quo
3381 3712 3607 3767 volebat
3630 3712 3823 3781 modo,

2173 3802 2419 3858 salutem
2455 3801 2570 3855 illis
2594 3801 2946 3872 procuranti.
2979 3800 3125 3855 Illud
3152 3818 3323 3872 porro
3345 3801 3699 3868 existimare,
3727 3801 3825 3857 Jo-

2173 3906 2309 3946 nam
2343 3890 2400 3943 in
2433 3906 2597 3960 spem
2630 3889 2941 3944 inductum
2993 3889 3196 3957 fuisse,
3232 3889 3372 3955 fore,
3417 3894 3480 3944 ut
3519 3889 3666 3944 mari
3700 3905 3827 3945 sese

2173 3980 2576 4047 absconderet,
2614 3995 3014 4050 magnumque
3047 3979 3144 4033 Dei
3199 3977 3434 4034 oculum
3468 3978 3716 4048 falleret,
3753 3996 3826 4033 an

2173 4087 2292 4126 non
2345 4068 2608 4140 ineptum
2661 4085 2901 4138 prorsus
2951 4074 3007 4122 et
3058 4069 3384 4123 absurdum
3424 4068 3614 4134 fuerit,
3649 4073 3827 4138 atque

2172 4159 2505 4230 indignum,
2541 4158 2695 4227 quod
2730 4173 2844 4211 non
2877 4157 3068 4212 dicam
3097 4159 3166 4212 de
3201 4158 3501 4229 propheta,
3535 4158 3825 4220 credatur,

2174 4248 2275 4304 sed
2306 4262 2378 4303 ne
2409 4247 2479 4301 de
2511 4245 2623 4302 alio
2655 4245 2895 4317 quidem
2929 4246 3049 4302 ullo
3075 4251 3268 4303 mente
3294 4247 3556 4320 praedito,
3591 4263 3656 4302 ac
3680 4247 3828 4301 divi-

2165 4588 2348 4652 Colb.,
2381 4593 2489 4643 etc.
2528 4586 2780 4642 Basilius
2829 4602 2962 4641 vero
3013 4590 3071 4641 et
3121 4585 3276 4642 Elias
3321 4585 3478 4640 hunc
3506 4586 3698 4640 virum
3731 4603 3825 4640 sa-

2169 4659 2423 4730 pientem
2453 4677 2581 4714 esse
2620 4657 2981 4730 Methodium
3030 4657 3174 4730 Tyri
3233 4657 3573 4728 episcopum
3607 4657 3824 4712 diserto

2168 4729 2486 4786 affirmant.
2525 4736 2601 4783 Ex
2633 4729 2849 4798 quibus
2883 4729 3264 4783 manifestum
3289 4733 3400 4794 est,
3428 4744 3540 4798 quo
3561 4733 3826 4798 tempore

402 4799 872 4886 et‘in’terpretum
899 4819 1252 4886 consensus,
1273 4820 1464 4885 .quam
1489 4799 1942 4858 ut'retineamus
1964 4822 2060 4855 κα·
2091 4821 2138 4884 υ
2169 4804 2465 4886 scribebat
2496 4799 2997 4886 Eli_as,.exstiti‘sse
3028 4799 3307 4886 Methodii
3333 4799 3824 4886 commentarium

400 4867 681 4946 τελείφθη,
714 4875 870 4946 quod
899 4875 1117 4930 habent
1145 4867 1307 4931 editi;

469 4943 584 5054 ΜΖ)
645 4943 923 5018 Ἀγγείλῃ.
1014 4947 1158 5002 Tres
1244 4946 1430 5018 Regii,
1490 4947 1605 5001 duo
1660 4945 1819 5000 Colb.
1899 4943 2061 5018 ἀναγ-

400 5032 576 5086 γειΛῃ.

637 5089 712 5159 Τῇ
775 5087 1038 5164 σωτηρίᾳ.
1095 5090 1232 5162 Reg.
1296 5106 1351 5144 n.
1441 5089 1500 5144 in
1588 5105 1710 5157 ora,
1794 5087 1893 5154 τὴν
1954 5106 2059 5140 σω-

399 5175 612 5224 τηριαν.

469 5176 1017 5354 ξ1ἒζ.1(ατῗλνθῆκδαι.
1058 5250 1080 5280 α
1113 5234 1247 5299 Quae
1289 5247 1359 5288 ne
1404 5231 1872 5298 labefactaretur,
1907 5231 2057 5302 peri-

497 5319 596 5354 um
629 5318 727 5354 8P8
761 5346 773 5354 .
812 5325 838 5352 )›

397 5308 596 5357 culum
629 5308 773 5358 erat.
812 5325 838 5352 »

468 5373 712 5446 (15)_’Qq
765 5371 824 5428 δὲ
867 5373 998 5446 ἐγώ,
1049 5379 1159 5431 etc.
1220 5375 1281 5430 In
1341 5375 1597 5446 quodam
1647 5375 1842 5430 Graeco
1886 5374 2056 5446 schof

402 5441 572 5522 lia-sta
601 5444 855 5522 legi_tur:_
908 5441 1185 5522 Ὤριγὲνην
1244 5441 1426 5522 σαφῶς
1485 5444 1794 5522 αἰνίττεται,
1853 5445 1914 5497 οὗ
1967 5444 2055 5522 xui

402 5511 1400 5594 ig-iﬁvnutvjérrtipépst,"shptexouéinv
1450 5521 1631 5594 σαφῶς
1680 5515 1730 5569 ἐν
1777 5521 1892 5594 τοῖς
1924 5516 2059 5594 κατὰ

407 5585 713 5663 τὸν”1‹ι›νᾶν
757 5585 1141 5663 ἐξἠγημὲνοις.
1170 5613 1199 5663 ᾳ
1240 5585 1452 5663 Palam
1490 5585 1797 5663 O'rigenem
1831 5589 2057 5659 signiti-

399 5661 716 5733 cat,__cujus
739 5661 914 5716 etiam
941 5661 1362 5733 expositionem
1391 5661 1682 5733 adjungit,
1705 5678 1832 5732 quae
1861 5666 2057 5732 aperte

397 5732 456 5785 in
491 5729 653 5787 illius
685 5732 744 5787 in
773 5733 986 5789 Jonam
1013 5729 1440 5789 commentario
1463 5729 1738 5788 occurrit:
1759 5754 1786 5781 »
1811 5729 1940 5788 Haec
1961 5749 2057 5788 ea-

395 5803 531 5859 dem
566 5802 784 5882 habent
813 5805 910 5862 alii
945 5805 1141 5878 plures
1174 5805 1500 5862 scholiastaa
1533 5803 1592 5859 in
1625 5805 1794 5861 codd.
1837 5804 2053 5879 Regiis,

2171 4875 2230 4928 in
2260 4875 2492 4939 Jonam,
2545 4871 2836 4944 siquidem
2888 4871 3038 4944 hanc
3088 4871 3624 4944 interpretationem
3661 4871 3820 4944 sein

2170 4946 2442 5000 Methodii
2469 4942 2889 5001 commentario
2913 4943 3126 5014 legisse
3148 4947 3414 4998 testatur.
3439 4942 3825 5014 Combeﬁsius

2174 5033 2281 5073 nec
2310 5018 2644 5087 Origenem,
2665 5032 2769 5071 nec
2803 5012 3163 5070 Methodium
3195 5032 3228 5087 a
3263 5015 3540 5087 Gregorio
3572 5012 3820 5086 intelligi

2172 5095 2357 5160 putat,
2389 5086 2487 5144 sed
2525 5089 2704 5142 alium
2739 5088 2928 5160 ipsius
2961 5086 3239 5160 temporis
3275 5086 3759 5160 virumdoctum,
3794 5104 3825 5138 a

2171 5157 2286 5232 quo
2318 5157 2372 5215 id
2410 5161 2694 5232 audierat,
2718 5160 2837 5213 sive
2867 5159 2918 5213 is
2947 5159 3035 5214 vir
3065 5160 3271 5213 doctus
3305 5158 3362 5211 in
3396 5158 3643 5229 Origene
3671 5157 3824 5229 lege-

2169 5231 2282 5298 rat,
2318 5236 2434 5288 sive
2460 5233 2479 5304 _i
2491 5248 2592 5304 pse
2621 5231 2939 5286 invenerat.

2241 5296 2355 5375 (16)
2415 5296 2660 5371 Κλόπήν,
2721 5307 2857 5373 Reg.
2901 5319 2937 5373 y
2981 5299 3275 5374 σωτηρίαν,
3308 5309 3356 5356 et
3392 5302 3462 5356 ad
3497 5317 3658 5355 oram
3691 5296 3823 5352 κλο-

2166 5394 2293 5429 πην.

2419 5444 2576 5518 ,Κατὰ
2657 5443 2756 5510 τὴν
2846 5439 3088 5517 μεγάλην
3173 5441 3337 5518 αὐτοῦ
3397 5441 3608 5518 σοφίαν.

2167 5517 2382 5573 deaunt
2413 5517 2472 5571 in
2508 5519 2684 5586 chg.
2720 5533 2924 5570 novem
2959 5520 3015 5568 et
3046 5531 3142 5569 sex
3178 5517 3337 5570 Colb.

2240 5591 2352 5660 (l8)
2380 5587 3005 5662 M‘arvtupéWp._COl8l.
3043 5585 3559 5662 i,_u7,xuy¢uuévou.

2240 5652 2353 5729 (19)
2386 5652 2770 5732 Ἀποκρύψεινξ
2805 5659 2985 5732 Ηρςςς.
3023 5665 3059 5732 t,
3095 5652 3483 5732 ἀποκρύπτειν.

2241 5726 2350 5804 (20)
2413 5726 2779 5791 Πιστέῦεάθαι.
2841 5726 2980 5803 Reg.
3043 5731 3083 5786 l.
3143 5737 3198 5787 et
3242 5726 3467 5786 'Comb.
3527 5726 3820 5793 πιστευθῆ-

2164 5822 2274 5859 ναι.

3700 5444 3824 5496 Πέθο
