4110 6468
302 419 420 484 807

306 652 383 703 te.

379 738 571 794 CVIII.
604 738 784 794 Norat
815 740 1070 809 profecto
1098 740 1300 809 Jonas,
1359 747 1417 795 et
1468 741 1703 812 quidem
1764 742 1953 811 magis

302 843 480 893 quam
515 828 707 898 quivis
734 828 906 891 alius,
941 830 1131 884 aiebat
1162 831 1247 883 vir
1278 830 1392 895 ille,
1428 831 1525 901 qui
1559 830 1665 885 hoc
1702 830 1949 897 dicebat,

306 915 572 988 mihique
604 918 776 972 fidem
813 918 1077 985 faciebat,
1121 936 1231 988 quo
1266 919 1592 990 praedicatio
1636 920 1754 973 haec
1787 919 1953 973 Nini-

299 1006 435 1060 vitis
471 1006 762 1071 tenderet;
797 1008 1070 1078 quodque
1104 1009 1415 1062 consilium
1452 1008 1835 1079 fugreiniens,
1870 1007 1951 1062 lo-

297 1111 428 1149 cum
463 1096 701 1166 quidem
735 1101 1009 1163 mutaret,
1046 1101 1227 1152 Deum
1260 1102 1455 1152 autem
1490 1098 1949 1168 haudquaquam

295 1185 596 1255 effugeret,
632 1201 767 1239 nam
802 1201 904 1239 nec
939 1186 1275 1241 mortalium
1302 1186 1457 1243 ullus
1481 1187 1632 1244 alius
1656 1187 1709 1241 id
1741 1191 1948 1259 potest,

296 1274 417 1329 sive
450 1274 508 1327 in
542 1280 707 1327 terrae
740 1274 977 1339 finibus,
1012 1280 1113 1329 aut
1145 1276 1323 1330 maris
1358 1276 1647 1347 profundo
1671 1293 1731 1331 se
1754 1275 1949 1331 occul-

296 1365 413 1427 tet;
447 1363 564 1416 sive
597 1363 825 1433 pennis,
877 1362 925 1418 si
977 1380 1094 1433 qua
1142 1369 1266 1419 arte
1309 1365 1366 1418 id
1419 1365 1696 1436 consequi
1742 1366 1947 1437 possit,

296 1451 649 1514 sublevetur,
684 1457 854 1522 atque
885 1452 943 1506 in
977 1452 1187 1508 coelum
1210 1453 1414 1521 evolet,
1444 1454 1561 1510 sive
1583 1456 1654 1511 ad
1682 1455 1831 1509 imas
1863 1454 1953 1508 in-

296 1541 441 1595 ferni
477 1547 670 1611 partes
701 1558 763 1597 se
794 1543 1075 1609 conferat,
1100 1542 1220 1598 sive
1243 1560 1441 1599 crassa
1472 1545 1625 1598 nube
1657 1561 1717 1600 se
1750 1548 1948 1599 conte-

294 1635 412 1701 gat,
450 1630 567 1685 sive
598 1630 851 1702 denique
904 1632 1135 1702 quidvis
1195 1633 1352 1687 aliud
1396 1634 1467 1688 ad
1500 1635 1696 1705 fugam
1732 1635 1788 1688 in
1824 1638 1949 1688 tuto

295 1719 697 1774 collocandam
722 1721 918 1775 animo
943 1722 1124 1791 agitet
1145 1724 1209 1775 ⁸³.
1236 1722 1407 1778 Solus
1432 1723 1647 1795 quippe
1671 1740 1737 1778 ex
1760 1724 1947 1777 omni-

295 1808 409 1864 bus
434 1809 605 1863 rebus
625 1809 779 1863 Deus
801 1814 909 1873 est,
933 1809 1032 1881 qui
1058 1827 1158 1865 nec
1183 1812 1318 1883 fuga
1340 1811 1529 1876 vitari,
1556 1812 1947 1883 nechuperari

296 1901 512 1968 potest,
546 1913 677 1952 cum
724 1897 972 1968 aliquem
1023 1900 1297 1970 arripere,
1349 1918 1415 1955 ac
1465 1901 1574 1955 sub
1621 1917 1862 1955 manum
1892 1906 2027 1999 etB

295 1990 649 2058 potestatem
701 1987 961 2058 redigere
1017 1988 1278 2044 voluerit.
1342 1990 1570 2046 Celeres
1620 1991 1948 2057 antevertit,

298 2076 618 2147 prudentes
650 2076 882 2146 decipit,
919 2078 1093 2133 fortes
1138 2079 1441 2147 subvertit,
1495 2080 1779 2135 sublimes
1812 2096 1949 2136 con-

293 2165 498 2236 trahit,
532 2166 837 2221 audaciam
871 2167 1121 2239 mitigat,
1156 2170 1472 2237 potentiam
1508 2170 1736 2241 premit.

373 2255 474 2310 62
506 2254 643 2309 CIX.
675 2259 797 2309 Non
834 2272 970 2327 ergo
1004 2261 1294 2327 potentem
1329 2258 1429 2314 Dei
1475 2276 1739 2329 manum,
1774 2277 1952 2331 quam

298 2342 429 2399 aliis
480 2345 972 2411 comminabatur,
1019 2346 1199 2401 Jonas
1246 2346 1575 2419 ignorabat,
1621 2365 1725 2404 nec
1756 2350 1862 2404 hoc
1893 2349 1952 2404 in

298 2433 564 2487 animum
588 2433 925 2500 inducebat,
951 2435 1090 2501 fore,
1109 2441 1172 2490 ut
1193 2436 1454 2491 divinum
1477 2454 1693 2493 numen
1716 2455 1952 2509 prorsus

296 2522 613 2595 effugeret;
648 2523 803 2578 absit
825 2542 858 2578 a
880 2523 1048 2579 nobis
1072 2525 1191 2580 haec
1216 2526 1518 2597 persuasio
1545 2542 1558 2581 :
1582 2544 1782 2582 verum
1815 2528 1951 2599 quia

296 2611 529 2667 Israelis
554 2611 984 2683 prolapsiunem
1011 2616 1797 2688 perspiciebat,gratiamque
1821 2634 1951 2687 pro-

298 2700 591 2773 pheticam
620 2702 689 2756 ad
714 2706 916 2770 gentes
944 2702 1195 2774 migrare
1225 2705 1535 2770 sentiebat,
1567 2706 1784 2761 idcirco
1810 2724 1952 2777 prae-

298 2789 650 2845 dicationem
683 2790 925 2863 defugit,
960 2795 1130 2861 atque
1176 2792 1462 2863 imperata
1494 2795 1679 2849 facere
1710 2801 1952 2850 cuncta-

294 2882 433 2943 tur;
468 2895 532 2933 ac
563 2879 763 2949 gaudii
820 2880 1057 2952 specula
1113 2880 1336 2948 relicta,
1398 2900 1531 2937 nam
1582 2884 1765 2955 Joppe
1798 2885 1950 2955 apud

298 2968 569 3023 Hebraeos
620 2968 727 3023 hoc
774 2968 1088 3039 signiﬁcat,
1139 2969 1196 3024 id
1248 2975 1337 3025 est
1386 2973 1562 3026 veteri
1625 2974 1856 3044 fastigio
1899 2978 1957 3027 et

296 3056 604 3127 dignitate,
640 3057 698 3111 in
734 3058 998 3113 mceroris
1030 3058 1271 3131 pelagus
1317 3075 1378 3115 se
1426 3061 1674 3131 projicit.
1712 3068 1791 3116 Ac
1824 3078 1953 3133 pro-

296 3150 494 3217 pterea
523 3151 871 3217 tempestate
911 3149 1191 3217 jactatur,
1235 3154 1290 3204 et
1329 3150 1566 3217 dormit,
1618 3156 1675 3206 et
1715 3150 1953 3206 naufra-

300 3234 465 3308 gium
497 3234 736 3305 patitur,
770 3251 799 3290 e
831 3252 1058 3291 sommo
1103 3239 1407 3304 excitatur,
1437 3245 1493 3293 et
1522 3243 1677 3295 sorte
1706 3240 1954 3312 capitur,

1547 426 1611 490 S.
1662 420 2037 487 GREGORII
2080 422 2473 487 THEOLOGI

306 574 443 614 nam
477 574 654 631 super
684 559 884 616 omnia
906 560 1221 635 potentiam
1246 562 1615 619 mediocriter
1636 578 1957 634 agnoscen-

2079 557 2159 611 καὶ
2214 557 2450 634 μετρίως
2504 556 2904 631 αἰσθανομένων
2949 562 3082 615 Θεοῦ
3132 561 3247 632 (21)
3296 556 3387 615 καὶ
3432 564 3533 629 τῆς
3586 560 3723 636 ὑπὲρ

3600 423 3727 489 508

2064 648 2237 701 πάντα
2270 645 2570 720 δυνάμεως.

2138 739 2254 793 ΡΗ’.
2291 736 2444 792 Ἀλλ’
2478 733 2596 810 ᾔδει
2637 738 2729 809 μὲν
2758 741 2919 792 τοῦτο
2952 738 3149 799 παντὸς
3196 736 3410 811 μᾶλλον
3446 739 3472 792 6
3506 739 3718 812 Ἰωνᾶς,

2063 827 2224 901 φησὶν
2252 827 2278 880 6
2308 827 2397 880 τὸν
2433 824 2598 901 λόγον
2632 826 2796 880 εἰπὼν
2840 830 2972 897 (22),
3005 826 3094 880 καὶ
3136 825 3246 901 ὶγὼ
3291 827 3549 899 πείθομαι
3582 832 3719 902 (23),

2064 915 2137 975 εἷς
2168 915 2197 969 ὅ
2242 936 2292 968 τι
2344 914 2497 992 ἔφερε
2528 918 2640 988 (24)
2671 922 2789 977 τοῖς
2852 914 3151 978 Νινευίταις
3204 918 3262 969 τὸ
3320 920 3599 991 κήρυγμα,
3625 918 3721 972 καί

2062 1003 2169 1072 δτι,
2199 1005 2288 1057 τὸν
2342 1001 2579 1078 δρασμὸν
2632 1003 2931 1079 βουλεύων,
2963 1005 3130 1059 τόπον
3187 1006 3280 1077 μὶν
3329 1002 3548 1078 ἤμειϐε,
3584 1008 3717 1064 Θεὸν

2064 1090 2119 1146 δὲ
2166 1092 2264 1146 οὐκ
2311 1091 2547 1169 ἔφευγενο
2602 1091 2726 1148 οὐδὲ
2774 1094 2877 1167 γὰρ
2928 1092 3097 1154 ἀλλος
3154 1115 3237 1155 τις
3289 1094 3612 1169 ἀνθρώπων,
3651 1096 3717 1151 οὐ

2061 1188 2165 1255 γῆς
2200 1182 2384 1236 ἑαυτὸν
2444 1182 2789 1255 κατακρύψας
2844 1182 3094 1249 κόλποις,
3130 1181 3191 1237 οὐ
3240 1182 3513 1253 θαλάσσης
3565 1182 3721 1258 βάθε-

2060 1292 2163 1341 σιν,
2196 1271 2259 1325 οῦ
2309 1277 2529 1345 πτεροῖς
2576 1272 2904 1348 κουφισθεὶς,
2941 1270 2993 1326 εἷ’
3034 1293 3116 1333 τις
3177 1271 3408 1346 ἐπίνοια,
3456 1273 3545 1327 καὶ
3594 1274 3719 1327 ἀνα-

2060 1358 2281 1434 δραμὼν
2315 1361 2390 1422 εἷς
2424 1362 2572 1436 ἄέρα,
2602 1361 2709 1436 οὐχ
2742 1355 2869 1431 ᾅδου
2916 1367 3033 1423 τοῖς
3084 1362 3378 1416 κατωτάτω
3549 1382 3717 1436 προσ-

2058 1450 2354 1521 ομιλήσας,
2390 1449 2449 1503 οὐ
2507 1451 2701 1528 νέφους
2751 1450 3043 1525 παχύτητα
3093 1445 3529 1525 περιϐαλόμενος
3577 1454 3714 1523 (26),

2060 1538 2157 1592 οῦκ
2188 1538 2328 1593 ἄλλο
2359 1544 2465 1593 τῶν
2500 1539 2748 1593 ἁπάντων
2785 1537 2939 1593 οὐδὲν
2966 1540 3041 1600 εἰς
3091 1539 3385 1617 ἀσφάλειαν
3432 1544 3529 1594 τοῦ
3581 1536 3710 1612 δρα-

2059 1633 2199 1700 σμοῦ
2238 1627 2689 1703 βουλευσάμενος’
2726 1626 2872 1683 ἀλλά
2922 1634 3084 1683 τοῦτο
3142 1628 3307 1701 μόνον
3356 1633 3461 1683 τῶν
3504 1628 3717 1684 πάντων

2059 1717 2451 1793 ἀφευκτότατόν
2505 1738 2560 1771 τι
2615 1721 2723 1789 (27)
2774 1716 2862 1771 καὶ
2930 1718 3295 1791 ἀμαχώτατον
3348 1718 3496 1785 Θεὸς,
3558 1739 3717 1772 κατα-

2059 1812 2209 1880 σχεῖν
2237 1808 2325 1860 καὶ
2360 1807 2461 1860 ὑπὸ
2492 1811 2653 1881 χεῖρα
2704 1801 2891 1860 λαϐεῖν
2939 1805 3196 1876 θελήσας,
3226 1807 3411 1883 φθάνει
3589 1807 3718 1869 τοὺς

2058 1902 2269 1970 ταχεῖς,
2351 1894 2580 1969 σφάλλει
2658 1896 2785 1955 τοὺς
2864 1894 3137 1960 συνετοὺς,
3200 1896 3511 1970 περιτρέπει
3586 1894 3717 1957 τοὺς

2065 1982 2345 2058 ἰσχυροὺς,
2396 1982 2677 2039 συστέλλει
2738 1983 2865 2045 τοὺς
2918 1980 3188 2056 ὑψηλοὺς,
3240 1985 3445 2060 ἡμεροῖ
3494 1983 3716 2060 θράσος,

2062 2072 2231 2141 πιέζει
2265 2071 2509 2145 δύναμιν.

2139 2254 2250 2308 ΡΘ’.
2281 2251 2353 2305 Οὐ
2384 2251 2560 2305 τοίνυν
2595 2252 2777 2327 ἡγνόει
2810 2256 2905 2306 τοῦ
2938 2256 3070 2306 Θεοῦ
3102 2253 3201 2320 τὴν
3250 2254 3505 2327 κραταιὰν
3558 2258 3718 2329 χεῖρα

2064 2342 2091 2395 ὁ
2122 2348 2236 2403 τοῖς
2278 2340 2471 2403 ἄλλοις
2502 2344 2613 2414 (29)
2644 2340 2843 2409 ταύτην
2894 2340 3133 2397 ἀπειλῶν
3204 2342 3414 2414 Ἰωνᾶς,
3467 2339 3593 2397 οὐδὲ
3640 2342 3715 2403 ὡς

2064 2430 2389 2508 φευξόμενος
2447 2430 2524 2493 είς
2581 2432 2716 2484 ἅπαν
2771 2429 3028 2485 διενοεῖτο
3088 2432 3150 2485 τὸ
3209 2432 3374 2502 θεῖον,
3433 2432 3509 2504 μή
3557 2435 3717 2485 τοῦτο

2062 2520 2435 2592 πιστεύσωμεν
2493 2523 2624 2590 (30)·
2678 2519 2804 2574 ἀλλ’
2846 2518 3032 2588 ἐπειδή
3092 2521 3192 2588 τήν
3250 2516 3515 2574 ἔκπτωσιν
3577 2519 3719 2595 ἐώρα

2061 2614 2159 2664 τοῦ
2229 2609 2471 2683 Ἰσραήλ,
2521 2608 2609 2663 καὶ
2668 2603 3086 2681 μεταϐαίνουσαν
3160 2607 3234 2670 εἷς
3292 2610 3360 2663 τὰ
3425 2604 3551 2678 ἔθνη
3620 2610 3719 2677 τήν

2064 2700 2412 2776 προφητικὴν
2441 2698 2599 2773 χάριν
2650 2698 2930 2770 ᾐσθάνετο,
2963 2696 3049 2751 διὰ
3098 2696 3259 2752 τοῦτο
3312 2698 3593 2773 ὑποχωρεῖ
3642 2702 3722 2768 τῷ

2065 2788 2396 2862 κηρύγματι,
2456 2786 2543 2841 καὶ
2607 2782 2968 2841 ἀναϐάλλεται
3016 2788 3079 2841 τὸ
3142 2786 3437 2861 ἐπίταγμα’
3487 2786 3572 2840 καί
3619 2787 3720 2853 τὴν

2065 2878 2411 2945 κατασκοπὴν
2468 2882 2566 2944 τῆς
2626 2882 2801 2950 χαρᾶς
2856 2876 3030 2952 ἀφεὶς,
3062 2880 3222 2930 τοῦτο
3283 2877 3387 2951 γὰρ
3448 2870 3719 2951 Ἑϐραίοις

2068 2968 2102 3033 ἡ
2138 2965 2328 3033 Ἰόππη
2366 2962 2602 3032 δύναται,
2632 2965 2695 3018 τὸ
2726 2962 2957 3018 παλαιὸν
3011 2964 3144 3038 ὕψος
3197 2962 3344 3039 λέγω
3378 2966 3489 3038 (31)
3519 2964 3608 3019 καὶ
3659 2964 3721 3017 τὸ

2050 3055 2299 3137 ἀξίωμα,
2334 3054 2408 3115 εἰς
2462 3055 2524 3107 τὸ
2575 3060 2673 3122 τῆς
2736 3052 2917 3123 λύπης
2976 3054 3159 3109 ἑαυτὸν
3220 3050 3406 3130 ἔῤῥιψε
3461 3051 3717 3129 πέλαγος·

2066 3141 2276 3199 καὶδιά
2318 3147 2479 3197 τοῦτο
2534 3142 2875 3219 χειμάζεται,
2909 3142 2996 3196 καὶ
3047 3139 3311 3214 καθεύδει,
3344 3142 3432 3196 καὶ
3480 3147 3720 3217 ναυαγεῖ,

2068 3233 2155 3287 καὶ
2209 3232 2562 3305 έξυπνίζεται,
2612 3231 2699 3286 καὶ
2760 3229 3084 3307 κληροῦται,
3140 3232 3229 3285 καὶ
3297 3229 3564 3306 ὁμολογεῖ
3626 3232 3726 3299 τὴν

302 3302 362 3380 et
393 3302 592 3396 fugam
624 3324 858 3401 fatetur,
893 3330 950 3380 et
980 3325 1035 3378 in
1096 3342 1255 3383 mare
1309 3302 1689 3399 demergitur,
1723 3302 1896 3401 atque
1926 3302 1957 3385 ο.

2079 3343 2267 3400 φυγην,
2310 3322 2398 3375 καὶ
2450 3320 2911 3390 καταποντίζεται,
2944 3321 3031 3375 καὶ
3083 3321 3186 3376 ὑπὸ
3231 3325 3328 3375 τοῦ
3376 3323 3579 3391 κήτους
3628 3342 3725 3374 κα-

306 3416 432 3466 ceto
456 3396 801 3467 absorbetur
822 3414 1087 3484 quidem,
1111 3415 1211 3470 sed
1238 3432 1349 3470 non
1369 3415 1735 3484 absumitur;
1761 3433 1960 3473 verum

310 3500 408 3554 Dei
442 3517 609 3572 opem
644 3500 761 3555 illic
791 3501 1085 3574 implorat,
1119 3504 1417 3576 simulque
1448 3523 1583 3561 cum
1613 3506 1962 3574 Christo,res

309 3588 488 3643 mira!
549 3590 604 3644 di
656 3590 825 3645 tertio
884 3592 1171 3648 educitur.
1234 3595 1447 3649 Verum
1510 3596 1629 3651 hazc
1692 3598 1761 3652 de
1814 3597 1964 3652 Jona

304 3678 489 3732 oratio
522 3678 629 3734 hoc
658 3678 782 3735 loco
814 3687 1127 3752 exspectet,
1163 3686 1492 3740 accuratius
1526 3686 1704 3753 brevi,
1734 3686 1782 3740 si
1809 3686 1962 3741 Deus

306 3767 506 3835 donet,
541 3784 575 3822 a
604 3768 771 3824 nobis
802 3770 1147 3841 expolienda
1177 3780 1233 3827 et
1265 3775 1691 3843 pertractanda.

380 3858 484 3911 CX.
521 3857 685 3913 Nunc
716 3863 934 3928 autem,
979 3866 1042 3915 ut
1100 3862 1170 3915 ad
1231 3861 1572 3919 institutum
1631 3881 1963 3920 sermonem

310 3945 567 4013 redeam,
603 3947 840 4002 subibat
870 3950 1136 4005 animum
1178 3950 1297 4005 haec
1348 3953 1623 4024 cogitatio
1650 3977 1663 4018 ;
1694 3953 1849 4024 quod
1881 3953 1964 4007 illi

311 4034 549 4106 quidem
586 4036 852 4091 nonnihil
887 4038 1135 4093 fortasse
1172 4040 1349 4094 veniae
1399 4040 1777 4096 tribuendum
1819 4047 1963 4109 erat,

311 4124 385 4179 ob
418 4140 569 4190 eam,
602 4141 781 4196 quam
824 4127 1015 4191 attuli,
1064 4144 1324 4195 causam,
1380 4130 1747 4201 prophetiam
1778 4132 1965 4187 detre-

311 4213 492 4268 ctauti
519 4230 531 4268 :
566 4213 711 4267 mihi
742 4231 874 4269 vero
898 4232 1165 4286 quamam
1190 4218 1428 4272 tandem
1461 4219 1668 4286 oratio,
1701 4226 1803 4275 aut
1833 4222 1966 4291 quis

309 4300 669 4356 defensionis
698 4300 863 4357 locus
902 4303 1163 4375 reliquus
1210 4306 1375 4376 foret,
1410 4306 1458 4359 si
1492 4307 1714 4363 diutius
1745 4310 1814 4364 ad
1849 4309 1966 4365 fre-

309 4405 454 4444 num
489 4394 806 4445 contumax
836 4407 1048 4460 essem,
1074 4398 1248 4464 atque
1270 4394 1378 4450 hoc
1404 4394 1963 4469 ministeriijugum,

311 4476 438 4533 leve
469 4494 539 4533 an
571 4496 745 4550 grave
774 4480 965 4536 dicere
996 4487 1280 4553 oporteat,
1304 4482 1521 4549 nescio,
1551 4486 1694 4543 mihi
1726 4487 1965 4557 quidem

314 4570 470 4622 certe
502 4567 844 4639 impositum
880 4586 1209 4626 recusarem
1233 4570 1260 4624 ?

385 4666 430 4700 ⁸³
461 4666 615 4721 Psal.
648 4683 916 4733 cxxxvm,
948 4670 981 4721 8
1012 4673 1069 4724 et
1095 4685 1217 4739 seq.

391 4756 498 4834 (21)
556 4754 826 4834 Μετρίωνῌ
862 4754 1263 4834 αῗσθπινομένων
1319 4762 1470 4811 Θεοῦ.
1534 4782 1562 4810 ‹‹
1596 4761 1701 4826 Qui
1754 4764 1965 4834 sapiat,

317 4844 383 4905 ac
413 4827 501 4881 vel
536 4829 763 4905 modice
800 4830 976 4905 D_eurn
1024 4827 1492 4905 ejusque__super
1536 4835 1735 4905 omnia
1768 4827 1971 4905 potenl

310 4902 454 5025 Lien:
490 4902 721 4955 sentiat.
758 4922 786 4951 »
819 4902 1021 4957 Comb.
1061 4923 1087 4951 ‹‹
1120 4902 1414 4958 tantillum
1448 4903 1545 4959 Dei
1592 4902 1834 4961 sensum
1869 4908 1970 4963 ha-

354 4989 421 5025 en
454 4987 503 5025 e.
539 4994 566 5020 ››

354 4989 875 5120 9([1215’35’11‘636670v
938 5043 1127 5120 εἰπῴν.
1190 5044 1319 5120 Haec
1365 5048 1552 5120 verba
1626 5055 1971 5120 argumento

315 5119 475 5176 sunt,
509 5115 805 5190 audivisse
834 5116 1175 5190 Gregorium
1202 5117 1260 5172 in
1294 5117 1583 5189 colloquio
1616 5115 1741 5190 quia
1774 5127 1973 5178 narrat

316 5202 383 5311 ᾗ)
414 5184 655 5310 prande
685 5187 873 5243 virum
902 5184 1142 5243 doctum
1172 5206 1287 5244 non
1335 5184 1480 5246 esse'
1510 5184 1839 5262 Origenem,
1864 5211 1967 5249 nec

380 5272 408 5309 e
483 5272 513 5310 ο
562 5274 704 5311 ium.

808 5327 1089 5403 πείθομαι.
1150 5353 1177 5403 ς(
1208 5333 1275 5387 Et
1319 5348 1666 5403 persuasum
1702 5334 1905 5390 habeo.
1942 5357 1969 5384 »

320 5397 448 5475 Haec
480 5401 656 5475 verba
689 5397 1113 5475 videntur-esse
1146 5397 1335 5475 ipsius
1354 5404 1457 5459 viri
1482 5406 1655 5473 docti,
1692 5424 1807 5463 non
1838 5424 1970 5463 vero

322 5471 604 5547 Gregorii,
639 5477 703 5525 ut
734 5472 986 5547 Basilius
1017 5471 1451 5547 interpretatur.

394 5542 503 5622 es.)
532 5541 972 5622 νεφερεηεοίει
1003 5547 1024 5601 ι
1064 5541 1297 5622 epam.

318 5676 331 5688 .
390 5612 497 5677 (25)
560 5612 886 5691 κατωτάτω.
940 5612 1227 5691 Ηθξζὲ.ἠ.
1282 5623 1420 5675 ett.
1468 5618 1823 5681 κατωτάτοις.
1888 5622 1971 5676 Ita

317 5682 373 5729 in
400 5695 594 5754 marg.
630 5682 909 5754 Cglb._m.

388 5747 986 5836 ρῳηῇερίὸαλάμενος
1032 5761 1173 5818 Tres
1224 5763 1404 5835 Regg.
1455 5762 1616 5820 Colb.
1686 5762 1968 5836 quinque,

316 5812 815 5897 περιϐαλλόμενος.

2068 3412 2342 3466 ταπίνεται
2406 3411 2527 3483 μὶν,
2586 3410 2685 3464 οὐκ
2746 3410 3090 3465 ἀναλίσκεται
3147 3407 3223 3465 δέ’
3286 3408 3412 3465 ἀλλ’
3470 3409 3580 3465 ἐκεῖ
3632 3410 3725 3464 τὸν

2072 3501 2200 3556 Θεὸν
2248 3499 2605 3569 ἐπικαλεῖται,
2659 3498 2769 3567 καὶ,
2809 3500 2871 3553 τὸ
2922 3500 3121 3571 θαῦμα,
3156 3503 3379 3573 Χριστῷ
3428 3501 3730 3575 τριήμερος

2074 3586 2462 3643 συνεκδίδοται.
2498 3586 2649 3645 Ἀλλ’
2681 3588 2707 3641 6
2744 3588 2837 3659 μὲν
2871 3588 2995 3661 περὶ
3044 3587 3241 3643 τούτου
3289 3587 3454 3663 λόγος
3503 3589 3727 3662 ἀναμει-

2070 3677 2237 3745 νάτώ,
2288 3678 2478 3752 μικρὸν
2525 3677 2745 3752 ὕστερον
2798 3680 2935 3750 (32),
2990 3677 3047 3731 ἂν
3101 3675 3236 3749 διδῷ
3284 3678 3435 3746 Θεὸς,
3488 3677 3733 3755 φιλοπο-

2073 3769 2307 3842 νώτερον
2344 3765 2888 3841 ἐξεργασθησόμενος.

2149 3863 2245 3913 Pl'.
2288 3861 2392 3909 Νῦν
2451 3852 2508 3910 δὲ
2558 3857 2671 3928 (33)
2717 3855 2747 3909 δ
2799 3876 2892 3927 μοι
2945 3854 3123 3929 λέγειν
3172 3856 3199 3909 6
3251 3853 3417 3930 λόγος
3467 3856 3729 3931 ὡρμήθη,

2076 3951 2293 4001 σκοπεῖν
2351 3944 2523 4000 ἔπεισί
2608 3966 2699 4017 μοι
2759 3944 2846 3999 καὶ
2908 3940 3339 4018 ὑπολαμϐάνειν,
3398 3945 3483 3999 ὅτι
3544 3943 3732 4015 ἐκείνῳ

2079 4038 2173 4109 μὲν
2224 4035 2367 4109 τάχα
2409 4056 2459 4088 τι
2508 4035 2597 4088 καὶ
2648 4036 2983 4109 συγγνώμης
3015 4034 3100 4106 ἦν,
3137 4032 3205 4089 δι’
3246 4036 3307 4103 ἣν
3360 4034 3508 4088 εἶπον
3554 4032 3728 4089 αἰτίαν

2079 4123 2325 4178 ὀκνοῦντι
2376 4124 2474 4191 τήν
2533 4123 2889 4199 προφητείαν·
2928 4122 3053 4195 ἐμοὶ
3102 4121 3159 4177 δὲ
3205 4122 3290 4184 τίς
3340 4121 3441 4199 ἄρα
3473 4121 3657 4197 λόγος,
3691 4124 3725 4190 ἢ

2073 4213 2153 4275 τίς
2190 4211 2491 4287 ἀπολογίας
2525 4209 2847 4266 ὑπελείπετο
2882 4214 2993 4285 (34)
3024 4212 3194 4274 τόπος
3234 4211 3322 4266 ἐπὶ
3373 4210 3543 4267 πλέον
3592 4212 3730 4287 ἀφη-

2074 4303 2331 4371 νιάζοντι,
2365 4300 2453 4355 καὶ
2485 4302 2576 4355 τὸν
2612 4300 2711 4355 οὐκ
2762 4299 2865 4355 οἶδ’
3041 4299 3137 4356 εἴτ’
3189 4299 3419 4375 ἐλαφρὸν
3477 4297 3582 4353 εἴτε
3632 4300 3727 4373 βα-

2077 4391 2169 4468 ρὺν
2204 4390 2371 4445 εἰπεῖν
2400 4390 2536 4465 χρὴ,
2571 4387 2717 4443 ἀλλά
2744 4390 2835 4444 τόν
2886 4411 2947 4465 γε
2994 4392 3211 4446 τεθέντα
3262 4388 3416 4463 ζυγόν
3466 4395 3563 4457 τῆς
3616 4386 3728 4442 λει-

2076 4480 2334 4557 τουργίας
2366 4478 2706 4551 ἀναινομένῳ
2739 4482 2853 4552 (36)
2882 4498 2895 4547 ;

2150 4761 2264 4833 (27)
2294 4755 2832 4833 ἶΑφευκτότατόν-τε.
2891 4763 3090 4833 Decem
3154 4757 3371 4833 Begg.,_
3419 4771 3517 4833 sex
3553 4753 3735 4833 Colb.,

2083 4818 2166 4891 or:
2206 4818 2263 4898 I,
2287 4818 2403 4905 Jes.
2442 4832 2643 4887 Comb.
2680 4826 3205 4905 lelius,__&icpeoigtdv
3237 4818 3315 4901 ἕξ
3346 4818 3599 4883 habent.

2176 4905 2265 4974 ‘28)
2299 4903 2515 4974 Φθανει.
2556 4908 2675 4974 Duo
2709 4899 3217 4974 Regg._6:<'<ptia'vet.

2176 4907 2244 4959 ‘38
2299 4905 2515 4956 Φθανει.
2556 4908 2675 4956 Duo
2709 4905 2884 4974 Regg.
2920 4905 2977 4962 ὅς
3012 4905 3217 4973 φθάνει.

2174 4905 2265 5047 sei
2295 4970 2547 5050 Ἄλλοις.
2587 4973 2725 5044 Reg.
2827 4969 3086 5033 πολλοῖς.
3187 5042 3195 5050 ι
3338 5041 3373 5050 ﬁ
3465 5039 3497 5050 η

2152 5040 2262 5119 (30)
2296 5040 2701 5119 Πιστεόσιομενῖ
2762 5046 2901 5119 Reg.
2962 5063 3012 5115 Ζ,
3068 5042 3301 5115 νομίσω.
3338 5040 3499 5119 Regii
3534 5040 3734 5093 itidem

2080 5113 2223 5193 xfy.
2251 5113 2523 5188 Itemque
2553 5113 2691 5188 Reg.
2728 5134 2785 5185 u,
2819 5113 2878 5171 in
2929 5113 3115 5188 marg.
3141 5113 3284 5170 cum
3326 5113 3497 5169 solito
3526 5128 3614 5185 γρ,
3648 5129 3734 5161 νο-

2133 5192 2226 5245 iam
2237 5209 2330 5245 μεν
2342 5232 2353 5243 .

2085 5212 2353 5265 μισωμεν.

2152 5265 2267 5333 (31)
2300 5259 2476 5335 Λέγῳ.
2515 5260 2692 5335 Abest
2714 5276 2747 5314 a
2778 5260 2914 5335 Reg,
2970 5260 3021 5335 4,,
3055 5263 3111 5313 et
3139 5257 3299 5335 Golb.
3336 5272 3415 5311 m.

2154 5327 2262 5407 (32)
2298 5327 2501 5407 Μικρὸν
2550 5327 2915 5407 ἕστερ-ον.ηῖε1
2976 5330 3334 5407 Gregorium
3377 5327 3743 5407 praestitisse,

2084 5393 2168 5461 ait
2194 5394 2367 5475 Elias,
2401 5393 2427 5453 (ἒ
2464 5402 2522 5457 in
2556 5393 2876 5459 Ezechielis
2922 5393 3219 5476 prophetae
3278 5393 3548 5466 historia,
3580 5418 3608 5445 »
3641 5393 3744 5451 sed

2084 5478 2252 5533 nobis
2286 5494 2399 5532 non
2434 5477 2640 5531 exstat.

2155 5552 2266 5621 (33)
2296 5544 2512 5621 ,Νῦν-δέ..
2538 5551 2765 5621 Rege.
2797 5542 2912 5621 wvj
2947 5539 3003 5595 δέ

2157 5608 2264 5690 (34)
2292 5608 2659 5673 Ὑπελείπετᾶ
2694 5619 2839 5674 Tres
2871 5615 3050 5688 Regg.
3102 5619 3161 5671 et
3214 5630 3371 5671 unus
3400 5610 3562 5669 Colb.
3597 5608 3736 5664 ὑπο-

2083 5690 2348 5747 λείπεται.

2123 5713 2411 5847 εέἓῗρῦκ
2443 5756 2576 5847 οἵδ’,
2598 5760 2802 5847 Plures
2836 5760 3014 5847 Regg.
3040 5754 3139 5810 οὐκ
3170 5753 3291 5847 οἶδα
3325 5751 3449 5811 εἷ’τε.

2176 5766 2265 5836 35)
2296 5766 2411 5819 Οὐκ
2443 5766 2563 5817 οἶδ’.
2598 5766 2802 5816 Plures
2837 5766 3014 5847 Regg.
3040 5766 3139 5810 οὐκ
3170 5766 3291 5810 οἰδα
3325 5766 3390 5808 εῖτ

2153 5766 2268 5910 (36)
2299 5831 2682 5907 Ἀναινομένῳ.
2717 5832 2855 5905 Reg.
2889 5849 2924 5889 θ.
2952 5827 3390 5903 απαναινομένῳ.
