4110 6442
431 442 549 506 509

1577 443 1874 507 ORATIO
1917 442 1994 505 II.
2031 473 2106 488 —
2134 443 2706 507 APOLOGETIGA.

3734 446 3855 508 810

505 573 748 632 Ρ[Δ’.Εί
807 574 996 650 γὰρ,¹ὀ
1057 572 1220 646 μόνον
1278 573 1328 630 ἐν
1386 574 1602 637 τούτοις
1661 574 1882 651 ἰσχυρόν
1949 574 2088 631 ἐστιν

2276 579 2411 636 CXI.
2445 579 2504 635 Si
2535 577 2716 646 enim,
2748 578 2905 650 quod
2936 595 3122 636 unum
3155 579 3213 635 in
3245 580 3339 636 his
3386 581 3562 638 rebus
3609 581 3850 638 ﬁrmum

429 663 600 719 εἰπεῖν
630 667 791 718 τοῦτο
828 660 949 732 δοίη
987 684 1092 730 τις,
1109 663 1190 718 ὅτι
1214 663 1411 735 πολλῷ
1433 666 1725 740 κατωτέρω
1749 664 1974 738 κείμεθα
1993 668 2089 720 τοῦ

430 753 722 828 ἱερατεύειν
772 754 887 825 (37)
937 757 1075 824 Θεῷ,
1125 754 1214 806 καὶ
1276 752 1357 807 ὅτι
1406 761 1507 821 τῆς
1558 754 1882 824 Ἐκκλησίας
1946 753 2089 824 ἄξιον

438 842 568 898 εἶναι
628 843 740 917 χρὴ
799 846 1040 913 πρῶτον,
1104 841 1216 896 εἶτα
1271 847 1365 896 τοῦ
1429 845 1698 916 βήματος,
1749 845 1840 898 καὶ
1895 844 2090 898 τούτου

437 936 672 1005 πρῶτον,
709 929 823 986 εἶτα
853 933 966 1002 (38)
1024 938 1123 999 τῆς
1175 930 1490 1007 προεδρίας”
1522 933 1665 1008 τάχα
1710 929 1892 1007 ἕτερος
1943 935 2092 1004 ἡμᾶς

437 1022 536 1076 οὐκ
582 1021 772 1098 ἀφήσει
817 1025 914 1075 τοῦ
964 1027 1061 1088 τῆς
1112 1019 1384 1082 ἀπειθείας
1435 1021 1801 1098 ἐγκλήματος.
1837 1024 1992 1091 Δεινὴ
2036 1020 2094 1078 δὲ

437 1110 708 1165 ἀπειθείας
742 1109 942 1179 ἀπειλή
978 1112 1112 1182 (39),
1145 1110 1232 1164 καὶ
1267 1107 1413 1165 δεινὰ
1462 1111 1664 1180 ταύτης
1712 1113 1777 1166 τα
1823 1112 2089 1184 ἐπιτίμια,

433 1199 613 1272 ὥσπερ
671 1221 733 1275 γε
781 1199 869 1254 καί
928 1205 1026 1268 τῆς
1102 1199 1284 1274 ἑτέρας
1355 1197 1594 1275 μερίδος,
1661 1199 1823 1273 μηδὲν
1897 1201 2090 1272 ὀκνεῖν,

435 1285 576 1361 μηδέ
625 1285 961 1355 ἀναδύεσθαι,
1005 1284 1167 1359 μηδὲ,
1202 1287 1379 1361 ὥσπερ
1407 1289 1436 1342 ὁ
1487 1288 1667 1343 Σαοὺλ
1718 1291 1940 1362 ἐκεῖνος,
1971 1297 2090 1353 τοῖς

433 1376 672 1431 σκεύεσιν
762 1375 1195 1451 ὑποκρύπτεσθαι
1265 1382 1381 1438 τοῖς
1461 1384 1746 1453 πατρικοῖς
1806 1382 1940 1452 (40),
1999 1381 2094 1434 κᾶν

432 1465 567 1540 πρὸς
629 1464 818 1540 ὀλίγον
866 1463 1204 1538 καλούμενον
1269 1469 1380 1538 (41)
1442 1466 1529 1521 ἐπὶ
1590 1469 1933 1543 προστασίαν,
1967 1469 2096 1524 ἀλλ’

439 1555 515 1616 ὡς
567 1554 652 1609 ἐπί
703 1575 753 1609 τι
801 1561 1026 1630 πρᾶγμα
1073 1559 1272 1632 κοῦφον
1321 1554 1408 1609 καὶ
1458 1556 1648 1631 ῥᾷστον
1702 1564 1904 1633 χωρεῖν
1957 1559 2092 1612 ἑτοί-

438 1666 582 1716 μως,
616 1645 677 1697 οὗ
729 1641 870 1716 μηδὲ
918 1643 1234 1716 μεταθέσθαι
1285 1644 1520 1722 ἀσφαλὲς
1552 1648 1684 1718 (42),
1721 1645 1862 1720 μηδὲ
1914 1647 2088 1723 βουλῇ

432 1730 659 1809 δευτέρᾳ
689 1735 1010 1808 θεραπεῦσαι
1040 1734 1141 1802 τήν
1169 1729 1580 1809 προλαϐοῦσαν.

444 2092 896 2168 ἀνερευνώμενος,
930 2092 1020 2146 καὶ
1067 2091 1230 2164 μέσος
1277 2089 1372 2146 δύο
1423 2087 1605 2169 φόϐων
1660 2095 1969 2166 ἱστάμενος,
2000 2099 2097 2149 τοῦ

438 2202 497 2236 τε
525 2185 908 2242 κατασπῶντος
936 2181 1152 2235 καὶτοῦ
1202 2182 1512 2256 ἀνάγοντος.
1550 2181 1646 2236 Καὶ
1699 2182 1784 2236 ἐπὶ
1841 2181 2098 2238 πλεῖστον

439 2268 656 2331 τούτοις
723 2272 1079 2344 ἐναπορήσας,
1125 2271 1214 2324 καὶ
1267 2270 1652 2348 ἀμφοτέρωθεν
1713 2271 1942 2344 ἐμαυτὸν
2001 2293 2094 2326 τα-

439 2356 759 2427 λαντεύσας,
807 2360 844 2427 ἢ
896 2358 1075 2434 ὥσπερ
1137 2359 1310 2434 ῥεῦμα
1357 2359 1608 2423 ἀστάτοις
1659 2361 1925 2432 πνεύμασι
1958 2365 2092 2434 (43),

437 2444 571 2520 τῇδε
613 2447 828 2502 κάκεῖσε
879 2447 1243 2519 μετακλιθείς,
1293 2448 1452 2512 τέλος
1504 2449 1763 2525 ἐγενόμην
1820 2455 1914 2504 τοῦ
1961 2472 2092 2528 σφο-

442 2532 725 2610 δροτέρου,
758 2536 847 2590 καί
904 2558 969 2608 με
1023 2540 1265 2608 νικήσας,
1301 2537 1415 2614 ἔχει
1474 2539 1785 2616 παρασύρας
1845 2542 1872 2594 ὁ
1924 2535 2094 2616 φόϐος

437 2631 539 2693 τῆς
569 2624 860 2686 ἀπειθείας.
899 2628 993 2680 Καὶ
1052 2633 1304 2682 σκοπεῖτε
1360 2628 1433 2690 ὡς
1487 2627 1659 2700 ὀρθῶς
1721 2629 1809 2683 καὶ
1871 2626 2093 2690 δικαίως

435 2711 629 2769 διαιτῶ
655 2718 769 2787 (44)
798 2720 912 2777 τοῖς
971 2712 1185 2794 φόϐοις,
1221 2720 1359 2790 μήτε
1406 2725 1501 2786 τῆς
1547 2717 1610 2772 ού
1658 2716 1950 2790 διδομένης
1978 2722 2090 2791 (45)

433 2803 672 2882 ἐφίεσθαι
725 2805 1076 2880 προστασίας,
1135 2810 1276 2879 μήτε
1331 2807 1663 2871 ἀπωθεῖσθαι
1711 2810 1809 2877 τὴν
1866 2806 2090 2880 διδομέ-

430 2895 649 2962 νην,Τὸ
696 2893 792 2964 μὲν
839 2894 940 2969 γὰρ
993 2895 1127 2948 εἶναι
1178 2895 1440 2970 θρασέων,
1473 2897 1535 2950 τὸ
1585 2893 1640 2950 δὲ
1692 2897 1949 2966 ἀπειθῶν,
2002 2895 2090 2950 καί

436 2979 773 3036 ἀπαιδεύτων
807 2982 1106 3059 ἀμφότερα.
1145 2985 1242 3039 Καὶ
1275 2984 1439 3055 μέσος
1471 2985 1584 3058 εἰμί
1617 3006 1699 3047 τις
1730 2989 1836 3039 τῶν
1869 3006 1925 3040 τε
1958 2984 2089 3060 ἄγαν

431 3069 732 3145 τολμηρῶν
765 3071 854 3125 καὶ
883 3076 991 3126 τῶν
1025 3071 1145 3127 λίαν
1181 3070 1398 3128 δειλῶν
1429 3079 1536 3129 τῶν
1585 3074 1677 3146 μὲν
1729 3075 1922 3136 πάσαις
1974 3073 2090 3130 ἐπι-

435 3157 737 3230 πηδώντων
807 3159 1143 3236 δειλότερος,
1203 3167 1307 3216 τῶν
1387 3160 1446 3218 δὲ
1524 3163 1832 3241 φευγόντων
1917 3165 2090 3226 πάσας

431 3249 888 3326 θαρσαλεώτερος.
926 3250 1111 3313 Οὕτως
1145 3250 1248 3326 ἐγὼ
1280 3254 1401 3327 περὶ
1431 3252 1639 3308 τούτων
1671 3255 1943 3328 γινώσκω.

2123 1954 2171 2020 Β

510 2008 646 2058 ΡΙΒ⁸.
683 2003 779 2056 Διὰ
810 2006 970 2056 τοῦτο
997 1997 1228 2076 ἔκαμνθθ
1271 2003 1375 2078 ἐγὼ
1406 2009 1522 2065 τοῖς
1557 2004 1847 2078 λογισμοῖς
1880 2007 1941 2059 τὸ
1974 2002 2089 2060 δέον
2124 2013 2130 2030 ⁵

2201 672 2257 724 et
2286 668 2543 724 validum
2573 669 2817 740 proferri
2840 673 3056 741 potest,
3088 668 3198 726 hoc
3229 670 3521 742 quispiam
3543 687 3849 728 concesse-

2201 757 2296 825 rit,
2325 775 2429 814 nos
2452 759 2896 814 multoiuferius
2919 759 3066 814 sitos
3086 775 3421 830 esse,quam
3445 764 3510 814 ut
3530 760 3851 817 sacerdotio

2202 848 2355 918 apud
2372 848 2550 902 Deum
2577 848 2988 921 fungamur;ac
3011 847 3175 920 prius
3190 853 3456 919 oportere
3480 849 3850 920 utquispiam

2200 934 2459 992 Ecclesia
2487 937 2702 1006 dignus
2732 937 2828 1003 sit,
2864 953 2930 991 ac
2969 937 3181 991 deinde
3224 937 3516 1005 sacrario;
3572 938 3854 1010 priusque

2203 1025 2333 1092 hoc,
2369 1042 2434 1080 ac
2467 1031 2668 1096 postea
2698 1026 2855 1081 sedis
2888 1025 3254 1096 principatu;
3288 1026 3435 1080 alter
3467 1027 3718 1083 fortasse
3749 1045 3854 1084 nos

2203 1115 2610 1170 inobedientiaa
2663 1114 2906 1170 crimine
2965 1115 3208 1169 minime
3263 1113 3560 1170 liberabit.
3639 1116 3854 1172 Graves

2209 1221 2382 1275 porro
2414 1205 2586 1259 minae
2616 1220 2940 1275 gravesque
2969 1221 3150 1276 poenae
3184 1205 3463 1260 adversus
3506 1204 3852 1261 inobedien-

2204 1293 2347 1348 tiam
2381 1293 2806 1360 intenduntur;
2842 1294 3338 1364 quemadmodum
3373 1293 3597 1349 scilicet
3627 1295 3681 1348 in
3709 1294 3855 1350 alte-

2204 1398 2328 1436 ram
2365 1398 2595 1452 quoque
2628 1387 2874 1453 partem,
2906 1381 3016 1437 hoc
3047 1386 3136 1438 est
3163 1398 3366 1438 eorum
3416 1383 3517 1454 qui
3562 1382 3708 1438 nihil
3763 1400 3851 1439 re-

2205 1470 2460 1542 fugiunt,
2491 1488 2557 1526 ac
2589 1474 2880 1537 recusant,
2914 1487 3020 1527 nec
3050 1475 3114 1526 ut
3142 1470 3276 1526 Saul
3308 1469 3426 1540 ille,
3460 1472 3569 1528 sub
3595 1471 3852 1543 paternis

2205 1560 2360 1614 vasis
2393 1559 2632 1631 paulum
2666 1559 2874 1614 saltem
2907 1576 2967 1614 se
2998 1559 3292 1615 occultant
3319 1561 3384 1630 ⁸⁸,
3417 1578 3551 1616 cum
3593 1563 3664 1615 ad
3707 1570 3850 1632 prae-

2204 1650 2488 1704 fecturam
2524 1654 2845 1717 vocantur;
2879 1666 3078 1704 verum
3113 1650 3214 1705 63
3247 1655 3526 1721 tanquam
3563 1651 3633 1705 ad
3665 1650 3850 1706 levem

2203 1739 2523 1809 quamdam
2555 1755 2674 1794 rem
2720 1743 2776 1793 et
2818 1737 3179 1809 perfacilem,
3230 1742 3500 1809 prompto
3545 1738 3738 1793 animo
3791 1755 3853 1794 se

2201 1828 2530 1897 conferunt,
2565 1844 2742 1899 quam
2776 1843 2847 1882 ne
2878 1828 3170 1898 deponere
3201 1827 3438 1897 quidem
3491 1831 3686 1881 tutum
3741 1833 3850 1896 est,

2201 1933 2308 1972 nec
2340 1916 2658 1987 posteriore
2689 1915 2935 1972 consilio
2968 1916 3145 1987 pr'iori
3170 1916 3524 1972 medicinam
3556 1917 3781 1971 aiferre.

2278 2005 2440 2062 CXII.
2478 2007 2551 2060 Ac
2583 2005 2828 2078 proinde
2859 2005 2984 2076 ipse
3015 2005 3191 2060 variis
3224 2005 3676 2077 cogitationibus
3698 2004 3854 2060 labo—

2207 2096 2433 2160 rabam,
2457 2095 2597 2166 quid
2627 2095 2776 2150 facto
2798 2110 2944 2166 opus
2970 2101 3124 2149 esset
3145 2095 3479 2166 exquirens;
3505 2095 3857 2164 mediusque

2206 2185 2358 2240 inter
2387 2185 2536 2240 duos
2567 2185 2806 2238 timores
2839 2183 3083 2247 haerens,
3127 2200 3377 2254 quorum
3409 2183 3558 2238 alter
3612 2200 3705 2238 me
3756 2185 3858 2238 de-

2207 2275 2520 2346 primebat,
2557 2272 2708 2328 alter
2736 2273 3016 2343 erigebat.
3051 2272 3315 2342 Cumque
3345 2273 3445 2326 diu
3474 2272 3534 2326 in
3564 2272 3655 2328 his
3677 2271 3855 2327 dubio

2205 2370 2262 2419 et
2291 2361 2532 2434 ancipiti
2569 2360 2766 2417 animo
2797 2362 3065 2427 fuissem,
3099 2361 3357 2432 atquein
3383 2365 3696 2433 utramque
3722 2378 3854 2432 par-

2206 2457 2322 2508 tem
2359 2452 2649 2522 meipsum
2685 2449 3016 2519 librassem,
3051 2457 3154 2506 aut
3186 2450 3451 2505 ﬂuminis
3500 2450 3560 2504 in
3612 2450 3854 2506 modum

2206 2541 2404 2597 dubiis
2436 2539 2626 2594 ventis
2657 2539 2771 2593 huc
2811 2544 2985 2608 atque
3033 2538 3172 2593 illuc
3219 2539 3536 2594 inclinatus
3584 2538 3854 2608 fuissem,

2207 2631 2444 2684 tandem
2477 2627 2900 2683 vehementiori
2931 2628 3104 2697 cessi,
3139 2644 3350 2698 meque
3378 2627 3596 2682 victum
3627 2633 3686 2682 et
3729 2627 3857 2682 abs-

2201 2723 2456 2774 tractum
2488 2722 2646 2772 tenet
2676 2716 3080 2771 inobedientiaa
3115 2727 3326 2771 metus.
3355 2719 3435 2772 Ac
3459 2715 3855 2787 videte,quam

2203 2813 2358 2863 recte
2383 2807 2856 2877 quamquejustc
2880 2805 3030 2860 inter
3050 2810 3365 2876 utrumque
3385 2806 3654 2859 timorem
3676 2819 3854 2874 nego-

2202 2896 2353 2950 tium
2385 2896 2732 2966 transigam,
2767 2894 3047 2948 nimirum
3078 2899 3142 2948 ut
3174 2910 3280 2948 nec
3311 2894 3555 2949 minime
3595 2892 3852 2948 oblatam

2203 2986 2605 3058 prmfecturam
2640 2989 2934 3055 appetam,
2959 2999 3062 3038 nec
3085 2982 3342 3038 oblatam
3368 2981 3854 3054 repudiem.I|lud

2201 3075 2360 3130 enim
2392 3072 2840 3128 temerariorum
2875 3071 3182 3126 hominum
3215 3077 3323 3138 est,
3359 3072 3468 3128 hoc
3512 3069 3854 3126 inobedien-

2200 3166 2375 3229 tium,
2408 3168 2729 3233 utrumque
2775 3166 2970 3216 autem
3023 3161 3451 3231 imperitorum.
3501 3163 3690 3232 Atque
3731 3160 3857 3230 ipse

2201 3252 2354 3308 inter
2388 3251 2563 3306 nimis
2587 3251 2860 3316 audaces,
2889 3258 2942 3304 et
2963 3249 3139 3304 nimis
3157 3250 3395 3305 timidos
3418 3249 3854 3320 quodammodo

432 3341 774 3411 interjectus
800 3357 968 3407 sum;
1007 3357 1216 3413 nempe
1247 3347 1304 3398 et
1334 3343 1427 3400 his
1457 3343 1556 3414 qui
1591 3345 1661 3399 ad
1696 3346 2072 3416 praefecturas
2104 3359 2309 3400 omnes
2341 3340 2676 3412 prosiliunt,
2711 3339 2992 3407 timidior,
3045 3343 3100 3393 et
3131 3339 3202 3394 iis
3249 3355 3455 3394 rursus
3506 3338 3605 3410 qui
3656 3353 3856 3392 omnes

433 3431 687 3502 fugiunt,
721 3431 1018 3486 audacior.
1053 3431 1184 3486 Haec
1219 3434 1287 3487 de
1320 3433 1412 3488 his
1433 3435 1609 3489 rebus
1634 3451 1764 3489 mea
1795 3444 1880 3490 est
1912 3433 2223 3490 sententia.

502 3519 642 3572 PII".
676 3516 798 3584 Καὶ,
830 3512 906 3571 ἔτι
939 3513 1209 3581 διελέσθαι
1255 3519 1576 3597 σαφέστερον
1634 3525 1713 3590 τῷ
1774 3521 1868 3592 μὶν
1932 3515 2087 3597 φόϐῳ

2210 3519 2393 3574 CXIII.
2419 3523 2631 3588 Atque,
2659 3522 2721 3571 ut
2743 3513 3066 3571 dilucidius
3093 3516 3282 3572 adhuc
3300 3516 3420 3571 haec
3470 3515 3857 3587 distinguam,

432 3609 530 3671 τῆς
561 3605 911 3678 προστασίας,
941 3607 1086 3680 τάχα
1117 3605 1177 3661 ἃν
1219 3608 1514 3682 βοηθήσειε
1555 3607 1644 3662 καὶ
1697 3610 1724 3662 ὁ
1775 3608 1940 3681 νόμος
1986 3615 2085 3678 τῆς

436 3692 756 3761 εὐπειθείας,
809 3700 905 3748 τοῦ
961 3700 1096 3750 Θεοῦ
1154 3698 1253 3763 τὴν
1309 3698 1484 3752 πίστιν
1549 3701 1659 3770 (46)
1718 3693 2086 3769 ἀμειϐομένου

435 3777 524 3834 διὰ
552 3789 654 3851 τῆς
704 3782 892 3836 ἑαυτοῦ
941 3784 1340 3860 χρηστότητος,
1375 3784 1463 3840 καὶ
1515 3785 1589 3847 εἰς
1639 3787 1952 3862 προστάτην
2002 3787 2088 3839 τέ-

504 3881 549 3924 θ⁴
581 3882 601 3936 Ι
635 3883 770 3954 Reg.
796 3899 850 3953 κ,
882 3884 970 3937 22.

505 3981 616 4051 (37)
667 3975 774 4032 Τδῦ
832 3979 1148 4055 ἱερατεύειν.
1214 3982 1458 4046 «Quam
1520 3987 1584 4038 ut
1617 3985 1727 4039 Deo
1769 3983 2092 4040 sacerdotio

436 4052 772 4122 fungamur.
809 4073 838 4102 »

653 4123 801 4214 Elea,
851 4128 961 4180 etc.
991 4124 1329 4214 ~Si’cplures
1374 4124 1557 4214 Regii.
1611 4125 1724 4214 Alii
1784 4143 1898 4214 non
1948 4143 2090 4197 pau-

437 4192 664 4271 ciores:
733 4194 864 4271 Εἶτα
921 4198 1018 4249 τοῦ
1060 4192 1329 4271 ’βήματος
1392 4192 1573 4250 τούτο.
1634 4197 1745 4271 εἶτα
1800 4204 1900 4265 τῆς
1948 4192 2091 4270 “προ-

433 4261 635 4342 εδρίας.
674 4293 702 4342 a_
733 4267 903 4342 Prius
955 4261 1218 4337 ecclesia,
1280 4273 1408 4342 tum
1460 4269 1734 4342 sacrario,
1770 4261 1864 4325 ac'
1895 4261 2094 4342 postea

429 4339 972 4414 sedisprincipatu.
1001 4361 1029 4388 »
1055 4343 1190 4406 Quae
1210 4341 1448 4414 quidem
1474 4341 1652 4397 simul
1689 4339 2091 4414 presbyterum

429 4358 588 4395 senis
620 4358 972 4412 prlnmpatu.
1001 4361 1029 4388 »
1055 4358 1448 4467 uuaeguiuem
1474 4358 1652 4397 simul
1689 4358 2091 4414 presoyterum

429 4411 860 4491 et'episcopum
883 4416 1169 4491 spectant.
1243 4412 1453 4470 cclesia
1473 4418 1531 4469 et
1561 4414 1883 4491 sacrarium
1915 4416 2092 4491 etiam

431 4481 843 4559 ministrorum
904 4481 1062 4559 sunt.
1120 4486 1394 4559 Hancque
1442 4483 1944 4559 υῐιᾶωςπροεδρίαν
2001 4484 2093 4559 καὶ

431 4551 755 4627 προστασίαν
788 4555 1103 4627 Gregorius
1155 4551 1438 4612 tota—hac
1507 4551 1770 4612 oratione
1820 4551 2090 4613 intendit.

431 4625 725 4705 Adeoque
757 4625 1063 4705 ab_ipsius
1110 4634 1315 4705 mente
1382 4628 1960 4705 aberrant,_quieam
2001 4629 2095 4705 _d_e

431 4697 773 4773 episc0patu
815 4697 1327 4773 interpretantur.
1383 4701 1450 4773 ln_
1504 4697 1803 4773 sacerdote
1855 4701 2098 4773 requirit

431 4767 733 4845 primo,’ut
756 4792 784 4819 «
815 4767 1071 4845 Ecclesia
1095 4793 1121 4820 »
1155 4770 1500 4845 dignussit,
1535 4771 1591 4825 id
1620 4776 1708 4845 est
1741 4775 1804 4826 ut
1834 4773 1905 4845 iis
1934 4767 2089 4828 'om-

432 4840 608 4894 nibus
641 4842 857 4912 pastori
879 4840 1247 4900 necessariis‘
1281 4843 1517 4898 dotibus
1549 4860 1614 4898 ac
1645 4844 1962 4899 virtutibus
2015 4845 2090 4899 sit

431 4912 744 4988 prarditus:
779 4914 991 4988 deinde
1022 4915 1237 4988 dignus
1267 4935 1287 4962 α
1313 4915 1601 4985 Sacrario,
1625 4937 1650 4963 η
1686 4932 1809 4988 seu,
1845 4915 2085 4972 utElias

432 4984 689 5058 exponit,
722 5006 742 5032 ι
766 4985 960 5058 instar
990 4984 1178 5058 angeli
1206 4987 1265 5042 in
1317 5003 1556 5058 corpore
1585 4984 1854 5049 mortali;
1914 5009 1940 5035 ι)
1982 4987 2084 5043 de-

430 5055 610 5127 nique
637 5079 655 5104 α
683 5055 839 5112 sedis
866 5055 1277 5131 principatu,»
1308 5058 1366 5113 id
1385 5055 1474 5114 est
1495 5065 1557 5114 ut
1576 5075 1676 5115 eos
1704 5059 1921 5131 quibus
1945 5075 2086 5130 pra-

428 5133 534 5203 est,
552 5144 789 5203 summa
801 5134 858 5184 et
879 5129 1164 5201 singulari
1194 5130 1407 5186 virtute
1429 5135 1684 5203 superet.
1712 5129 1739 5181 ἁ
1767 5130 1835 5186 Ut
1860 5129 2013 5188 enim
2038 5153 2086 5184 .››

424 5201 617 5271 inquit
648 5198 827 5268 Elias,
855 5223 881 5249 α
913 5198 1327 5274 armentarius,
1389 5198 1748 5274 aut—pastor,
1790 5220 1896 5258 nec
1943 5203 2087 5272 ovis,

429 5289 530 5327 nec
553 5274 660 5328 bos
689 5277 798 5346 est,
847 5273 949 5328 sed
990 5273 1359 5346 sublimioris
1390 5291 1455 5329 ac
1509 5273 1927 5346 praestantioris
1987 5292 2088 5330 na-

426 5350 565 5398 tura
593 5362 606 5401 :
631 5343 836 5418 eodem
870 5345 1065 5410 modo,
1101 5348 1202 5416 qui
1254 5343 1594 5402 hominibus
1625 5353 1852 5418 praeest,
1901 5364 2086 5418 quan-

432 5421 552 5491 tum
575 5416 658 5491 _ad
693 5415 968 5491 virtutem
999 5422 1055 5491 et
1085 5415 1556 5489 coniunctionem
1591 5415 1725 5474 cum
1746 5415 1880 5488 Deo,
1913 5415 2093 5491 supra

434 5487 730 5542 hominem
765 5504 896 5544 esse
933 5488 1124 5544 debet.
1162 5512 1190 5540 ››

501 5557 874 5682 (39)Ἀπεέλή;
911 5561 1088 5682 Regg.
1116 5578 1169 5630 a,
1203 5561 1244 5630 Ι,
1271 5577 1353 5625 m,
1414 5560 1491 5614 hu
1524 5561 1558 5627 ἡ
1621 5557 1843 5630 ἀπειλή.
1908 5565 2095 5616 Antea

501 5630 590 5682 ub.
628 5647 707 5682 m.
742 5630 810 5682 δι’
842 5641 1030 5682 απειθε
1056 5651 1140 5682 ας.

434 5626 604 5684 (3011).⁷
628 5647 707 5700 m,
742 5626 810 5684 δι’
839 5626 1140 5694 ἀπειθείας.

503 5701 622 5776 (470),
646 5706 962 5776 [ἰατρικοῖς.
999 5703 1145 5760 Male
1176 5703 1424 5776 ed._Bas.
1457 5707 1862 5776 πνεύματικοῖς.

517 5771 790 5849 (suum;
858 5772 1042 5849 ὀλίγον
1117 5772 1478 5849 καλούμενον.
1561 5771 1706 5849 Reg,
1780 5775 1821 5849 1,
1907 5771 2096 5826 ἐπικαο

442 5819 728 5921 λούμείιοδ.
754 5819 904 5919 heg.
937 5819 977 5920 1;
1024 5819 1527 5921 προσκαλοᾟμενον.
1561 5819 1744 5903 Βὶἰῗύε
1799 5819 1921 5902 ί]ωο
1971 5861 2094 5902 ver-

2197 3607 2395 3664 timori
2428 3606 2666 3678 quidem
2701 3605 3090 3674 suscipiendae
3127 3606 3479 3676 prafecturae
3511 3603 3602 3659 lex
3625 3620 3859 3675 quoque

2205 3695 2554 3752 obedientiae
2589 3697 2834 3749 fortasse
2866 3710 3036 3764 opem
3087 3694 3233 3748 ferre
3283 3699 3480 3765 queat,
3529 3698 3643 3748 Deo
3696 3693 3858 3748 vide-

2200 3784 2336 3839 licet
2378 3799 2482 3854 pro
2515 3799 2623 3837 sua
2655 3781 3014 3852 benignitate
3045 3781 3218 3836 fidem
3243 3786 3678 3848 remunerante,
3704 3797 3863 3836 eum-

2205 3979 2403 4040 tendo,
2465 3993 2580 4052 non
2632 3975 3048 4052 animadvertit
3099 3978 3296 4052 Graeca
3325 3979 3498 4052 verba
3536 3978 3671 4052 πρὸς
3738 3974 3857 4030 ὀλί-

2202 4071 2317 4127 γον,
2350 4051 2633 4127 ad‘breve
2692 4048 2886 4127 Saulis
2933 4048 3266 4127 imperium_
3297 4048 3628 4127 pertinere._
3659 4051 3861 4120 Itaque

2205 4120 2289 4180 sic
2323 4121 2635 4186 reddenda,
2689 4141 2716 4194 (ξ
2773 4120 2947 4174 etiam
2982 4122 3078 4194 ad
3114 4120 3326 4194 modici
3384 4122 3665 4194 temporis
3717 4138 3855 4191 pra:-

2204 4197 2489 4252 fecturam
2520 4189 2910 4266 postulentur,
2946 4214 2972 4266 (f
3008 4191 3237 4246 etiamsi
3285 4194 3355 4247 ad
3408 4189 3652 4266 tempus
3701 4189 3854 4263 quod

2205 4267 2372 4324 latuit
2430 4264 2590 4332 Saul,
2654 4263 2753 4317 sed
2814 4263 2968 4334 quod
3026 4266 3308 4336 regnavit,
3367 4263 3576 4321 alludit
3653 4268 3860 4335 Grego-

2203 4357 2349 4395 I‘IUS.

2277 4409 2406 4483 (42),
2447 4403 2520 4483 ορ
2579 4401 2719 4483 μηδὲ
2782 4405 3123 4483 μεταθέσθαι-
3167 4404 3406 4483 ἀσφαλές
3437 4410 3588 4483 7Han
3644 4415 3860 4472 desunt

2204 4484 2262 4537 in
2285 4478 2452 4537 'Colb.
2478 4481 2530 4533 5.
2551 4481 2638 4553 ‘At
2669 4493 2801 4553 vero
2835 4495 2948 4533 non
2982 4479 3064 4533 sic
3112 4478 3514 4553 intelligenda,
3569 4500 3633 4538 ac
3657 4487 3706 4542 si
3765 4493 3856 4542 tu-

2204 4558 2331 4609 tum
2370 4569 2480 4630 nen
2515 4549 2591 4606 sit
2629 4549 2968 4630 praelatum:
2999 4567 3149 4630 onus
3180 4549 3507 4630 deponere,
3542 4571 3655 4611 non
3688 4576 3754 4613 ea
3776 4567 3863 4615 est

2205 4642 2372 4681 mens
2403 4621 2684 4692 Gregorii.
2719 4621 2828 4693 Sed
2853 4622 3183 4693 Theologus
3214 4621 3273 4678 id
3305 4625 3448 4690 vult,
3510 4643 3609 4681 eos
3632 4645 3702 4684 ne
3760 4631 3863 4686 de-

2205 4697 2394 4769 posita
2425 4695 2661 4765 quidem
2686 4692 3013 4769 praelatum,
3031 4692 3098 4769 in
3125 4700 3252 4751 tuto
3269 4711 3413 4769 esse.
3442 4717 3470 4747 «
3488 4697 3613 4754 Una
3629 4700 3808 4768 enim,
3834 4726 3853 4750 η

2205 4763 2288 4826 ait
2315 4763 2492 4834 Elias,
2520 4787 2551 4838 γ‹‹
2588 4763 2880 4838 medicina
2909 4771 2998 4838 est
3028 4765 3123 4834 iis,
3156 4769 3256 4838 qui
3289 4768 3360 4821 ad
3394 4767 3736 4838 hujusmodi
3767 4763 3851 4827 di-

2198 4843 2482 4915 gnitatem
2515 4836 2753 4906 indigne
2786 4836 3120 4915 prosiliunt,
3147 4836 3225 4915 ab
3284 4853 3350 4893 ea
3392 4836 3744 4915 _abscedere,
3795 4862 3858 4898 ac

2197 4908 2301 4987 ὗεν
2322 4913 2663 4987 diuturnam
2696 4908 3122 4987 sementim,
3147 4910 3340 4987 ῡθιιη),
3354 4909 3603 4987 placare.
3625 4935 3656 4987 κη
3684 4908 3763 4971 ne
3788 4917 3858 4970 iis

2198 4980 2375 5041 etiam
2411 4981 2672 5052 loquitur
2701 4980 3036 5057 Gregorius,
3069 5004 3096 5029 «
3135 4983 3233 5053 qui
3265 4980 3409 5036 nihil
3451 4986 3750 5057 refugiunt
3794 5005 3860 5042 ac

2197 5060 2490 5132 recusant,
2523 5067 2656 5109 cum
2687 5052 2756 5105 ad
2775 5052 3192 5132 “praefecturam
3212 5060 3514 5126 vocantur,
3539 5052 3637 5114 sed
3665 5077 3856 5132 prom-
3940 5103 3946 5109 .

2198 5128 2544 5203 ptoanimo
2564 5138 2625 5177 se
2656 5124 2983 5203 conferunt.
3024 5146 3051 5203 η

2293 5200 2380 5272 43)
2413 5194 2709 5272 Πνεύμασι.
2743 5193 3216 5272 Colb._h,x-3Pa3._.

2297 5268 2386 5343 44⁷)
2442 5269 2659 5323 Διαιτῶ.
2698 5287 2726 5314 ››
2787 5268 3084 5324 Arbitrum
3145 5283 3338 5341 agam,
3382 5285 3621 5329 causam
3709 5274 3863 5330 deci.

2201 5345 2357 5400 dam.
2410 5365 2438 5391 »

2274 5416 2387 5487 (45)
2430 5408 2733 5487 Διδομένης
2770 5456 2782 5468 .
2843 5411 2980 5483 Reg.
3035 5410 3168 5487 h_u,_
3201 5406 3524 5484 δεδομένης.
3560 5416 3715 5481 «Qui
3752 5417 3859 5471 mi-

2203 5482 2380 5543 nime
2416 5482 2696 5542 oblatam'
2726 5500 2836 5540 non
2892 5482 3254 5554 appetierim,
3315 5482 3370 5539 et
3402 5502 3557 5541 nunc
3608 5488 3856 5543 delatam

2204 5577 2317 5615 non
2342 5559 2641 5629 repudiem
2676 5558 3099 5629 praefecturam.
3123 5576 3166 5631 _»
3196 5555 3416 5627 Billius,
3451 5581 3476 5606 ‹‹
3514 5564 3809 5631 appetam,
3834 5582 3859 5606 ››

2206 5633 2372 5703 quasi
2410 5627 2479 5703 de
2503 5627 3182 5703 cpispdpatupermosn.

2277 5704 2389 5772 (46)
2418 5697 2552 5768 Τὴν⁷
2582 5697 2786 5758 πίστιν.
2851 5701 3021 5772 Deest
3065 5697 3144 5772 in_
3177 5698 3314 5770 Reg.
3359 5699 3395 5764 l,
3445 5723 3465 5747 «
3505 5705 3616 5757 Deo
3673 5719 3862 5759 remu-

2207 5769 2468 5844 nerante,
2503 5795 2530 5823 ››
2555 5790 2765 5846 nempe
2801 5792 2827 5825 α
2857 5769 3286 5828 obedientiam.’
3309 5792 3335 5819 ››
