4110 6400
289 405 401 467 5H

1534 409 1600 471 S.
1649 408 2019 473 GREGORII
2069 411 2464 476 THEOLOGI

3592 410 3712 474 543

291 555 402 609 que
434 539 493 594 in
529 540 850 612 perfectum
882 558 948 596 ac
982 541 1244 598 numeris
1282 543 1557 598 omnibus
1606 543 1941 598 absolutum

2065 540 2204 598 λειον
2231 545 2662 618 καταρτίζοντος.
2696 546 2784 600 τὸν
2825 542 2970 617 αῦτῷ
3001 543 3364 621 θαρῥήσαντα,
3395 542 3484 600 καὶ
3534 543 3704 608 πάσας

296 629 628 686 Antistitem
655 638 1060 703 componente,
1088 634 1184 703 qui
1201 633 1474 687 ﬁduciam
1499 633 1556 686 in
1575 633 1701 704 ipso
1723 649 1788 688 ac
1811 650 1943 704 spes

293 735 434 774 suas
466 736 671 775 omnes
704 721 925 792 positas
958 721 1227 776 habuerit
1257 739 1268 776 :
1304 727 1363 776 at
1395 721 1800 778 iuobedientiae
1844 740 1942 795 pe-

293 808 478 864 riculo
511 810 665 865 haud
700 811 820 866 scio
867 811 1142 881 quisnam
1192 809 1460 881 opitulari
1523 816 1622 865 aut
1670 829 1939 883 quaenam

293 898 442 954 ratio
473 900 546 953 ad
576 899 850 954 fiduciam
885 898 1102 953 hortari
1153 900 1356 970 possit.
1409 900 1743 956 Verendum
1785 902 1941 956 enim

295 993 400 1053 est,
438 1003 508 1042 ne
539 989 610 1044 de
639 987 712 1043 iis
745 989 843 1059 qui
871 988 1002 1042 ﬁdei
1039 992 1248 1043 nostra)
1280 989 1582 1044 commissi
1617 996 1777 1056 sunt,
1835 990 1942 1046 hoc

295 1077 608 1132 audiamus
633 1095 644 1131 :
680 1077 904 1132 Animas
932 1093 1119 1131 eorum
1148 1078 1218 1132 de
1240 1079 1501 1134 manibus
1533 1082 1730 1134 vestris
1751 1083 1937 1152 requi-

295 1182 419 1220 ram
437 1167 499 1219 ⁸⁵.
537 1167 640 1220 Ει;
679 1165 1144 1234 Quemadmodum
1173 1167 1458 1238 repulistz's
1484 1185 1592 1235 me,
1643 1185 1714 1223 ne
1753 1171 1946 1240 pepuli

295 1256 410 1310 mei
424 1255 584 1310 duces
625 1263 674 1310 et
690 1256 969 1326 principes
991 1257 1195 1326 essetis,
1220 1257 1298 1312 ita
1319 1266 1369 1312 et
1389 1273 1484 1326 ego
1520 1257 1790 1327 repellam
1831 1275 1941 1329 vos,

292 1361 365 1398 ne
394 1345 499 1399 sim
525 1344 669 1398 vobis
696 1346 751 1398 in
775 1360 955 1414 regem
984 1345 1047 1396 ⁸⁸.
1084 1351 1162 1400 Ac
1194 1362 1436 1401 rursus:
1482 1347 1945 1414 Quemadmodum

291 1449 403 1487 non
433 1433 724 1488 audivistis
755 1449 935 1488 vocem
961 1449 1158 1503 meam,
1192 1435 1284 1489 sed
1322 1435 1544 1491 dedistis
1589 1445 1799 1506 tergum
1837 1436 1942 1492 du-

297 1539 444 1589 rum,
474 1531 524 1578 et
551 1522 918 1578 inobedientes
947 1524 1177 1593 fuistis:
1206 1525 1286 1578 sic
1305 1525 1434 1589 erit,
1453 1540 1577 1579 cum
1599 1525 1944 1580 ἰηυοεαυθνί-

289 1614 359 1666 tis
390 1627 476 1666 me
501 1628 596 1683 ego
626 1617 812 1667 autem
864 1629 971 1668 non
1020 1615 1313 1683 respiciam
1367 1613 1436 1668 ad
1497 1615 1802 1670 orationem
1851 1631 1942 1669 ve-

291 1706 468 1756 stram
497 1718 596 1756 nec
643 1701 964 1757 exaudiam.
1023 1701 1190 1756 Absit
1241 1707 1304 1755 ut
1351 1702 1439 1756 ha
1487 1719 1657 1758 voces
1708 1703 1877 1758 nobis
1909 1720 1942 1757 a

285 1791 448 1860 justo
475 1790 681 1846 Judice
709 1791 962 1859 veniant,
1022 1791 1115 1846 cui
1157 1791 1428 1862 quamvis
1477 1791 1940 1848 misericordiam

291 1883 618 1982 cantemus,
653 1884 848 1934 tamen
875 1879 1166 1950 judicium
1228 1897 1462 1952 quoque
1511 1881 1710 1952 procul
1763 1881 1940 1937 dubio
1974 1918 2022 1982 B

293 1968 471 2025 simul
507 1969 776 2024 canimus
804 1971 846 2004 ⁸⁷
877 1972 886 2025 1

365 2058 548 2114 CXIV.
584 2063 657 2112 At
687 2058 842 2114 enim
876 2076 1086 2114 rursus
1136 2060 1206 2116 ad
1261 2060 1564 2115 historiam
1622 2061 1794 2132 feror,
1843 2063 1944 2117 64
2019 2088 2026 2095 ο

294 2165 360 2203 ac
392 2151 650 2203 veterum
683 2149 1130 2220 probatissimos
1161 2166 1426 2221 quosque
1442 2150 1945 2219 considerans,eos

295 2253 521 2305 omnes,
553 2253 701 2308 quos
731 2237 930 2293 divina
966 2239 1174 2310 gratia,
1225 2239 1312 2294 vel
1368 2241 1440 2294 ad
1499 2239 1942 2311 gubernandam

294 2325 550 2398 plebem,
580 2325 670 2381 vel
700 2328 769 2382 ad
804 2328 1121 2399 prophetiae
1164 2345 1383 2383 munus
1436 2345 1699 2400 unquam
1749 2329 1944 2400 elegit,

295 2414 508 2487 partim
556 2415 732 2471 alacri
784 2417 980 2472 animo
1039 2417 1325 2472 vocationi
1386 2417 1673 2489 paruisse,
1728 2417 1943 2489 partim

295 2504 499 2560 oblatae.
533 2503 730 2576 gratiae
764 2522 986 2560 moram
1040 2506 1312 2577 injecisse
1362 2507 1624 2578 reperio;
1679 2523 1804 2576 nec,
1856 2506 1945 2562 vel

293 2609 519 2659 eorum,
556 2593 655 2665 qui
689 2595 895 2665 pedem
929 2596 1360 2663 subduxerunt,
1392 2595 1744 2668 culpandam
1779 2596 1946 2650 timi-

293 2682 556 2752 ditatem,
589 2684 674 2737 vel
709 2699 936 2748 eorum,
971 2684 1069 2755 qui
1107 2685 1177 2739 ad
1213 2684 1555 2754 impositum
1590 2683 1699 2739 sibi
1729 2701 1945 2739 munus

295 2773 632 2827 obeundum
666 2771 916 2844 impigre
947 2790 1009 2828 se
1060 2773 1460 2840 accinxerunt,
1515 2775 1943 2845 reprehenden-

295 2862 428 2916 dam
462 2860 847 2916 alacritatem.
885 2862 968 2916 llli
1002 2864 1218 2934 quippe
1252 2862 1561 2917 ministerii
1588 2863 1945 2934 magnitudi-

296 2966 428 3004 nem
462 2952 879 3020 extimuerunt,
926 2953 984 3008 hi
1037 2958 1238 3008 contra
1281 2952 1545 3008 vocantis
1595 2969 1704 3024 ope
1740 2952 1944 3007 confisi

296 3044 636 3113 paruerunt.
672 3047 862 3096 Aaron
893 3047 1201 3113 promptus
1233 3045 1374 3111 erat,
1408 3045 1595 3097 Moses
1627 3047 1820 3096 autem
1864 3057 1948 3096 re-

297 3129 617 3202 pugnabat.
668 3129 848 3186 lsaias
907 3131 1155 3203 impigre
1213 3131 1502 3198 obedivit;
1562 3135 1622 3186 at
1664 3130 1948 3185 Jeremias

288 3218 611 3290 juvenilem
635 3224 862 3276 aetatem
897 3222 1214 3292 metuebat,
1248 3237 1353 3276 nec
1384 3219 1700 3292 prophetia:
1727 3235 1946 3275 munus

2054 633 2276 706 θέμενον
2324 633 2404 688 ἐπ’
2454 634 2612 689 αὐτὸν
2659 636 2752 697 τὰς
2805 632 3047 696 ἐλπίδας·
3081 639 3160 707 τῷ
3211 632 3269 689 δὶ
3318 632 3550 708 κινδύνῳ
3603 643 3704 706 τῆς

2052 721 2343 794 ἀπειθείας,
2401 724 2502 778 οὐκ
2557 722 2678 779 οἶδα
2735 725 2815 786 τίς
2878 723 3026 779 ἔσται
3083 725 3111 779 ὁ
3174 725 3420 800 βοηθῶν,
3462 726 3496 793 ἢ
3549 725 3629 786 τίς
3677 726 3705 779 ὁ

2051 811 2265 888 θαρῥεῖν
2325 811 2779 887 διακελευόμενος
2837 813 2999 889 λόγος
3061 816 3193 887 (47).
3227 809 3412 876 Φόϐος
3469 814 3573 888 γὰρ
3627 816 3702 888 μὴ

2050 902 2210 956 τοῦτό
2257 923 2317 978 γε
2376 902 2691 976 ἀκούσωμεν
2724 905 2836 976 (48)
2868 902 2989 979 περὶ
3041 904 3114 956 ὧν
3170 903 3587 976 ἑπιστεύθημεν,
3621 903 3704 958 δτι

2049 991 2144 1052 τὰς
2200 992 2520 1067 ψυχᾶςμξὶ)
2553 992 2728 1046 αὐτῶν
2789 993 2849 1046 ἐκ
2904 997 3011 1045 τῶν
3067 997 3268 1068 χειρῶν
3332 992 3484 1066 ὑμῶν
3546 993 3706 1062 ἐκζη-

2049 1082 2222 1150 τήσω·
2286 1082 2376 1135 καὶ
2462 1083 2650 1145 Καθὼς
2738 1081 3027 1145 ἀπώσασθὲ
3114 1102 3179 1152 με
3253 1086 3350 1135 τοῦ
3429 1082 3562 1136 εἶναι
3629 1082 3707 1137 εἷς

2051 1169 2396 1244 ἡγουμένους
2482 1175 2578 1224 τοῦ
2656 1171 2790 1226 λαοῦ
2871 1191 2975 1243 μου
3049 1172 3139 1225 καὶ
3216 1168 3510 1246 ἄρχοντας,
3564 1170 3707 1227 οὕτω

2051 1259 2205 1332 κάγὼ
2264 1259 2556 1332 ἀπώσομαι
2617 1259 2757 1332 ὑμᾶς
2814 1264 2911 1314 τοῦ
2970 1260 3104 1314 εἶναι
3155 1259 3282 1332 ὑμῖν
3334 1260 3409 1322 είς
3459 1258 3709 1335 βασιλέα·

2053 1347 2165 1417 καὶ,
2238 1349 2426 1410 Καθὼς
2513 1348 2612 1403 οὐκ
2697 1348 3048 1418 εἷσηκούσατε
3127 1351 3226 1418 τῆς
3311 1356 3499 1427 φωνῆς
3578 1371 3706 1422 μου,

2053 1433 2180 1489 ἀλλ’
2265 1434 2501 1491 ἐδώκατε
2571 1441 2741 1492 νῶτον
2829 1437 3092 1512 σκληρὸν,
3179 1437 3267 1492 καὶ
3350 1440 3703 1508 ἠπειθήσατε·

2054 1525 2228 1587 οὕτως
2288 1523 2454 1596 ἔσται,
2512 1525 2635 1579 ὅταν
2706 1524 3098 1595 ἐπικαλὲσησθὲ
3159 1545 3244 1598 με’
3307 1525 3416 1600 ἐγὼ
3493 1525 3550 1582 δὲ
3607 1528 3706 1582 οὐκ

2053 1610 2334 1688 ἐπιϐλέψω
2423 1615 2507 1670 ἐπὶ
2591 1617 2688 1683 τήν
2776 1617 3089 1689 προσευχὴν
3149 1616 3322 1687 ὑμῶν,
3385 1613 3501 1669 οὐδ’
3559 1615 3701 1670 είσα-

2052 1703 2342 1776 κοόσομαι.
2374 1703 2576 1766 Ταύτας
2609 1705 2684 1776 μὴ
2730 1705 2943 1778 γένοιτο
2997 1702 3167 1758 ἐλθεῖν
3220 1707 3358 1774 ἡμῖν
3412 1704 3559 1777 παρὰ
3604 1708 3700 1758 τοῦ

2053 1791 2264 1848 δικαίου
2321 1797 2509 1870 κριτοῦ
2565 1794 2658 1855 τὰς
2715 1792 2922 1870 φωνὰς,
2980 1795 3024 1864 ᾦ
3243 1792 3338 1847 κᾶν
3399 1793 3488 1848 τὸν
3549 1791 3697 1848 ἔλεον

2053 1881 2290 1956 ᾄδωμεν,
2346 1881 2489 1938 ἀλλὰ
2547 1882 2636 1937 καὶ
2694 1883 2793 1952 τήν
2852 1882 3026 1958 κρίσιν
3084 1903 3148 1958 γε
3203 1884 3421 1945 πάντως
3479 1880 3701 1954 συνᾴδο-

2059 1994 2174 2045 μεν.
2933 1964 2960 1984 ’

2129 2063 2264 2118 ΡῐΔ’.
2299 2059 2475 2118 Ἀλλὰ
2504 2061 2606 2136 γὰρ
2637 2061 2801 2117 πάλιν
2862 2061 2949 2117 ἐπὶ
2997 2063 3096 2130 τὴν
3158 2061 3394 2138 ἱστορίαν
3449 2060 3706 2139 φέρομαι,

2053 2151 2143 2205 καὶ
2197 2155 2306 2206 τῶν
2362 2151 2608 2206 παλαιῶν
2665 2152 2794 2214 τοὺς
2843 2149 3316 2225 εὐδοκιμωτάτους
3365 2153 3706 2223 ἀνασκοπῶν,

2056 2239 2286 2315 εὑρίσκω
2319 2239 2483 2302 ὅσους
2531 2241 2756 2295 πώποτε
2813 2239 2886 2302 είς
2935 2240 3243 2295 ἐπιστασίαν
3286 2242 3324 2310 ἢ
3374 2241 3706 2318 προφητείαν

2053 2328 2089 2398 ἢ
2138 2333 2300 2406 χάρις
2349 2325 2692 2406 προύϐάλετο
2721 2333 2853 2404 (51),
2882 2330 3007 2392 τοὺς
3063 2332 3156 2403 μὲν
3215 2328 3456 2403 εἷ’ξαντας
3511 2329 3710 2406 προθύ-

2059 2439 2175 2491 μως
2221 2421 2292 2490 τῇ
2338 2418 2534 2489 κλήσει
2567 2421 2700 2492 (52),
2752 2419 2879 2482 τοὺς
2930 2419 2986 2474 δὲ
3033 2413 3474 2493 ἀναϐαλομένους
3505 2421 3616 2492 (53)
3645 2420 3707 2474 τὸ

2055 2507 2322 2583 χάρισμα·
2381 2508 2470 2562 καὶ
2529 2505 2825 2584 οὐδετέρων
2887 2511 2998 2582 (54)
3060 2509 3340 2581 μεμπτὴν,
3400 2505 3524 2563 οὔτε
3596 2513 3704 2563 τῶν

2058 2597 2535 2673 ὑποχωρησάντων
2569 2599 2669 2667 τὴν
2695 2595 3059 2666 δειλίαν,οὕτε
3078 2603 3184 2652 τῶν
3216 2597 3574 2673 ὁρμησάντων
3604 2599 3703 2667 τὴν

2055 2687 2386 2762 προθυμίαν.
2420 2689 2481 2742 Οἱ
2518 2687 2611 2760 μὶν
2641 2688 2742 2762 γὰρ
2917 2695 3019 2756 τῆς
3051 2685 3325 2748 διακονίας
3370 2688 3433 2742 τὸ
3481 2686 3707 2762 μέγεθος

2055 2771 2469 2847 ηὐλαϐήθησανο
2496 2777 2547 2831 οἱ
2581 2773 2639 2831 δὶ
2668 2781 2745 2848 τῷ
2774 2776 3032 2831 καλοῦντι
3065 2775 3442 2838 πιστεύσαντες
3473 2774 3710 2845 ἠκολού-

2055 2867 2245 2930 θησαν.
2283 2865 2564 2939 Πρόθυμος
2594 2865 2660 2934 ἦν
2695 2866 2925 2940 Ἀαρών
2961 2863 3107 2920 ἀλλᾶ
3131 2867 3334 2934 Μωσῆς
3367 2864 3713 2939 ἀπεμάχετο·

2058 2955 2362 3024 ὑπήκουσεν
2404 2952 2624 3016 Ἠσαίας
2685 2954 2940 3026 ἑτοίμως·
2992 2951 3118 3009 ἀλλ’
3174 2951 3433 3008 ἐδεδοίκει
3490 2955 3552 3009 τὸ
3593 2957 3708 3009 νὲον

2055 3043 2334 3118 Ἱερεμίας,
2386 3042 2476 3096 καὶ
2533 3042 2595 3096 οὑ
2645 3042 2907 3118 πρότερον
2951 3045 3051 3112 τήν
3102 3043 3433 3121 προφητείαν
3493 3042 3714 3119 ἐθάρρη-

2056 3152 2165 3201 σεν,
2197 3131 2230 3199 ἢ
2260 3130 2404 3206 παρὰ
2460 3135 2594 3186 Θεοῦ
2653 3126 2840 3185 λαϐεῖν
2894 3133 2981 3185 καὶ
3028 3131 3321 3206 ὑπόσχεσιν
3362 3132 3451 3187 καὶ
3483 3129 3709 3205 δύναμιν

2054 3226 2153 3289 τῆς
2187 3218 2410 3290 ἡλικίας
2440 3218 2741 3296 κρείττονα,

297 3309 462 3379 prius
491 3308 688 3365 subire
710 3325 892 3365 ausus
913 3313 1021 3379 est,
1055 3326 1233 3382 quam
1265 3314 1321 3364 et
1353 3307 1858 3381 pollicitationem,
1892 3312 1948 3363 et
1974 3310 2090 3366 vim
2125 3327 2192 3366 ac
2222 3311 2559 3365 facultatem
2593 3314 2760 3365 aetate
2817 3309 3279 3381 praestantiorem
3329 3327 3364 3364 a
3399 3311 3510 3364 Deo
3553 3322 3712 3363 acce-

296 3397 497 3469 pisset.

367 3486 524 3541 CXV.
562 3486 662 3543 His
694 3487 1022 3544 rationibus
1054 3488 1345 3560 meipsum
1375 3487 1632 3551 incauto,
1683 3502 1749 3540 ac
1801 3485 1942 3541 mihi
1977 3489 2020 3555 C

299 3575 534 3631 animus
567 3577 701 3631 ferri
734 3577 920 3632 instar
951 3576 1231 3647 paulatim
1264 3576 1412 3632 cedit
1444 3574 1850 3631 etemollitur:
1878 3591 1944 3630 ac

297 3671 532 3737 tempus
563 3667 858 3722 rationum
892 3668 1116 3724 socium
1141 3684 1399 3733 assumo,
1429 3671 1488 3722 et
1509 3665 1822 3722 consilium
1844 3665 1942 3720 Dei

293 3754 750 3825 justiﬁcatioues
782 3756 846 3824 ³⁸,
883 3757 1101 3829 quibus
1142 3756 1475 3812 universam
1527 3772 1716 3811 meam
1766 3755 1948 3810 vitam

300 3845 591 3900 commisi.
627 3849 940 3918 Propterea
971 3863 1084 3901 non
1119 3863 1300 3902 renuo
1332 3861 1519 3918 neque
1553 3845 1947 3900 coutradico8°

301 3937 367 3989 ut
392 3934 476 3988 ait
505 3935 791 3990 Dominus
823 3952 1009 4002 meus,
1044 3952 1178 3991 cum
1253 3953 1363 3990 non
1421 3937 1492 3991 ad
1544 3936 1946 4007 praefecturam

297 4028 626 4093 vocaretur,
659 4025 759 4078 sed
785 4028 1064 4095 tanquam
1087 4024 1209 4080 ovis
1241 4025 1310 4079 ad
1335 4026 1685 4080 occisionem
1710 4025 1948 4079 ducere-

300 4115 400 4166 tur
428 4113 507 4179 ”;
541 4127 742 4168 verum
775 4120 828 4167 et
859 4113 1097 4184 procido
1129 4119 1187 4168 et
1215 4114 1324 4167 sub
1357 4112 1578 4184 potenti
1619 4112 1716 4166 Dei
1772 4128 1948 4166 manu

302 4199 584 4254 humilior
603 4201 672 4267 9‘,
706 4217 771 4255 ac
803 4201 1064 4272 pristina:
1097 4201 1374 4256 socordiae
1405 4206 1461 4256 et
1516 4199 1950 4264 inobedientiae,

303 4286 526 4358 siquid
562 4288 670 4342 hac
716 4288 774 4342 iu
827 4304 886 4343 re
925 4288 1191 4344 criminis
1234 4288 1468 4352 admisi,
1518 4285 1746 4341 veniam
1799 4292 1950 4357 peto.

304 4375 504 4443 Tacui,
539 4376 638 4432 sed
672 4392 785 4431 non
840 4392 1072 4448 semper
1118 4377 1342 4432 tacebo.
1392 4373 1654 4432 Subduxi
1703 4390 1794 4430 me
1839 4374 1951 4430 ali-

305 4464 672 4538 quantisper,
704 4471 769 4521 ut
798 4466 993 4538 ipsum
1029 4467 1400 4537 inspicerem,
1438 4483 1504 4521 ac
1536 4465 1768 4520 mmrori
1801 4462 1952 4519 sola-

304 4556 452 4610 tium
487 4555 778 4623 aﬂ‘errem,
814 4556 912 4611 sed
947 4572 1103 4612 nunc
1145 4556 1203 4610 in
1236 4555 1493 4612 Ecclesia
1524 4553 1712 4627 plebis
1759 4554 1953 4626 ipsum

374 4655 420 4690 ⁸⁸
475 4653 680 4710 Ezech.
761 4671 843 4721 Ill,
894 4656 980 4709 18.
1037 4656 1081 4690 ⁸⁸
1137 4657 1268 4711 Ose.
1303 4673 1379 4720 1v,
1439 4657 1492 4710 6.
1541 4655 1602 4708 ⁸⁷.

300 4729 343 4764 οι
381 4727 404 4784 Ι
438 4727 586 4783 Petr.
621 4743 676 4792 v,
708 4728 761 4781 6.

375 4826 487 4908 (47)
544 4825 600 4877 Ὁ
696 4821 910 4908 θαρρεῖν
1009 4822 1728 4908 διακελευόμενοςη.λόγος.

303 4922 329 4947 α
364 4894 638 4971 Quanam
659 4894 816 4971 ratio
848 4894 1438 4971 succurrere,qu'idve
1452 4894 1728 4954 ﬁduciam
1763 4899 1819 4950 et
1840 4894 1958 4950 ala-

303 4970 566 5025 critatem
602 4970 807 5026 atl‘erre
835 4971 1040 5040 possit.
1076 4993 1104 5020 ››

374 5042 484 5116 (4β)
542 5040 718 5116 Τοῦτό
750 5038 1210 5116 γέάκοόσωμεν,
1269 5042 1442 5116 Deest
1490 5062 1550 5116 γε
1581 5042 1639 5097 in
1691 5038 1959 5116 pluribus

300 5113 470 5166 codd.
548 5113 650 5184 qui
729 5107 906 5170 etiam
974 5107 1207 5170 habent
1258 5107 1542 5185 ἀκούωμεν
1601 5107 1706 5188 prd
1761 5107 1954 5164 ἀκούσ-

303 5203 472 5253 ιυμεν.

373 5254 628 5329 (49)-Ἱξᾲς-
663 5256 863 5329 ψυχάς,
897 5280 925 5307 ‹‹
959 5258 1224 5329 Animas.
1265 5281 1292 5308 »
1320 5261 1382 5314 ln
1415 5258 1616 5314 Ezech.
1651 5276 1700 5313 c.
1735 5277 1820 5329 ιιι,
1873 5263 1956 5326 18,

292 5325 465 5401 juxta
493 5326 631 5401 LXX
667 5325 880 5401 legitur
903 5345 916 5383 ε
942 5328 1004 5381 οὗ
1033 5329 1094 5382 τὸ
1126 5331 1281 5401 αἷμα,
1335 5354 1361 5379 ‹‹
1397 5331 1766 5401 sanguinem.
1797 5325 1822 5382 ὑ
1847 5325 1958 5387 Sed

305 5395 399 5473 hic
417 5397 611 5473 semel
643 5398 1100 5467 observandum,
1123 5395 1446 5473 szepissime
1473 5395 1584 5456 non
1610 5409 1726 5457 tam
1787 5405 1962 5458 verba

305 5469 964 5544 Scripturaruui,quam
996 5469 1233 5528 sensum
1276 5491 1307 5528 a
1355 5475 1631 5544 Gregorio
1692 5477 1956 5544 proferri,

308 5545 371 5590 ut
405 5539 493 5591 hic
519 5543 781 5606 apparet.

524 5615 597 5684 ἦὲ
616 5607 888 5684 Conl‘bhm,
921 5613 1119 5670 Comb.
1145 5623 1202 5672 et
1221 5615 1395 5684 Cois],
1423 5618 1473 5684 l,
1497 5613 1581 5670 οὗ.

314 5674 535 5802 fugisti)»
556 5674 926 5750 Προύϐάλετδ⁹
983 5686 1121 5760 Reg'
1183 5705 1230 5755 τ’
1279 5674 1685 5763 προῦϐἆλλετο,
1719 5711 1746 5738 ‹‹
1803 5693 1955 5743 Prm-

371 5763 469 5802 cu.
504 5769 535 5797 ιο

1815 4822 1958 4877 Gab.
1993 4827 2039 4892 Ι)

2133 3488 2272 3541 ΡΙΕ’.
2306 3485 2529 3548 Τούτοις
2587 3485 2817 3559 ἐμαυτὸν
2878 3485 2982 3562 ἐγὼ
3039 3482 3327 3556 κατεπᾴδω
3381 3489 3498 3547 τοῖς
3551 3481 3708 3559 λογι-

2054 3581 2237 3648 σμοῖς,
2269 3576 2360 3630 καί
2422 3597 2513 3648 μοι
2568 3577 2704 3630 κατά
2767 3577 2956 3651 μικρὸν
2987 3573 3115 3630 εἶ’κει
3145 3596 3203 3630 τε
3231 3574 3320 3629 καὶ
3355 3573 3707 3646 μαλάσσεται,

2054 3663 2236 3740 ὥσπερ
2269 3663 2514 3740 σίδηρος,
2547 3669 2581 3735 ἡ
2616 3668 2793 3740 ψυχῆς·
2829 3665 2918 3720 καὶ
2962 3664 3218 3740 συνεργὸν
3277 3658 3546 3735 λαμϐάνω
3600 3666 3706 3716 τῶν

2059 3753 2339 3830 λογισμῶν
2371 3755 2461 3809 τὸν
2486 3754 2815 3832 χρόνον,καί
2846 3749 3189 3828 συμϐουλίαν
3223 3754 3289 3807 τὰ
3316 3757 3414 3808 τοῦ
3445 3757 3578 3807 Θεοῦ
3603 3752 3712 3824 (56)

2060 3841 2424 3916 δικαιώματα,
2470 3845 2550 3906 οἷς
2599 3850 2770 3898 πᾶσαν
2831 3845 2930 3912 τὴν
2991 3842 3228 3916 ἐμαυτοῦ
3289 3843 3433 3910 ζωήν
3495 3838 3714 3895 κατεπί-

2060 3953 2270 3990 στευσα.
2307 3933 2403 3986 Διὰ
2431 3937 2592 3986 τοῦτο
2641 3932 2742 3986 οὐκ
2787 3931 3012 4001 ἀπειθῶ,
3047 3929 3173 3984 οὐδὲ
3232 3929 3518 4004 ἀντιλέγω,
3553 3928 3714 4006 φησὶν

2061 4023 2088 4076 ὁ
2120 4021 2252 4093 ἐμὸς
2300 4021 2577 4090 Δεσπότης
2610 4023 2744 4092 (57),
2779 4020 2879 4074 οὒκ
2910 4019 2996 4074 ἐπὶ
3054 4018 3382 4095 προστασίαν
3439 4016 3718 4090 καλούμε-

2060 4131 2172 4181 νος,
2205 4106 2330 4164 ἀλλ’
2386 4110 2460 4170 ὼς
2515 4104 2789 4184 πρόϐατον
2846 4108 2934 4162 ἐπὶ
2985 4109 3196 4184 σφαγὴν
3251 4101 3539 4182 ἀγόμενος·
3574 4104 3722 4161 ἀλλὰ

2060 4199 2149 4252 καὶ
2208 4197 2534 4272 προσπίπτω
2603 4197 2692 4251 καὶ
2749 4201 3108 4268 ταπεινοῦμαι
3144 4196 3248 4250 ὑπὸ
3305 4197 3405 4263 τὴν
3459 4196 3718 4268 κραταιὰν

2060 4291 2157 4340 τοῦ
2216 4289 2494 4359 Θεοῦ
2539 4291 2722 4362 χεῖρα,
2781 4285 2870 4339 καὶ
2924 4285 3255 4361 συγγνώμην
3316 4281 3573 4356 αἰτοῦμαι
3618 4288 3720 4349 τῆς

2062 4374 2189 4451 πρὶν
2223 4373 2412 4450 ἀργίας
2442 4375 2532 4429 καὶ
2560 4374 2854 4443 ἀπειθείας,
2889 4371 2944 4428 ei’
2965 4374 3016 4428 τί
3071 4394 3164 4446 μοι
3220 4376 3382 4427 τοῦτο
3443 4367 3613 4445 ἕγκλη
3627 4390 3719 4443 μα.

2065 4465 2377 4535 Ἐσιώπησα
2429 4464 2542 4537 μὲν,
2593 4462 2720 4518 ἀλλ’
2761 4463 2861 4518 οὐκ
2917 4463 2996 4517 ἀεὶ
3056 4463 3430 4534 σιωπήσομαι,
3476 4460 3721 4534 Ὺπεχώ-

2067 4574 2206 4630 ρησα
2259 4554 2352 4627 μὲν
2384 4574 2434 4608 τι
2471 4553 2685 4627 μικρὸν,
2727 4552 2850 4608 ὅσον
2907 4553 3137 4626 ἐμαυτὸν
3200 4550 3605 4624 ἐπισκέψασθαι,
3639 4547 3728 4602 καὶ

1667 4651 1796 4708 Psal
1854 4669 1908 4719 c,

2085 4654 2128 4689 ⁸⁸
2162 4653 2312 4710 Psal.
2368 4672 2559 4726 cxvui,
2607 4655 2697 4708 24.
2748 4656 2794 4690 ⁸9
2855 4655 2967 4710 Isa.
3029 4671 3082 4721 ι,
3137 4654 3190 4710 5.
3253 4653 3296 4688 ⁰⁰
3357 4657 3451 4707 Isa
3525 4666 3642 4716 LIII,
3675 4650 3731 4700 7'

2143 4827 2261 4896 (52)
2293 4822 2516 4897 Κλήσει.
2544 4824 2698 4897 Male
2730 4825 2821 4878 ed.
2846 4820 3177 4897 Parmlicft.
3353 4891 3365 4897 _
3449 4885 3474 4897 η
3516 4887 3528 4897 _

2142 4885 2256 4969 (33)
2341 4885 2832 4967 Ἀ’ναϐαλομὲνους.
2891 4895 3032 4950 Tres
3099 4895 3278 4967 Regg.
3342 4885 3726 4960 ἀναϐαλλομέ-

2067 4989 2210 5028 νους.

2141 5041 2251 5111 (54(
2281 5035 2611 5111 Οὐδετέρων.
2633 5037 2769 5111 Duo
2800 5031 3128 5111 Regg.__od$’
3157 5036 3377 5111 ετὲρων.

2312 5111 2374 5163 Οἱ
2438 5103 2529 5194 ιξξν
2569 5108 2711 5194 γὰρ,
2772 5103 2953 5190 etcf;
2977 5108 3121 5194 Nam
3153 5103 3506 5194 illijquidem
3553 5103 3730 5194 mini-

2070 5179 2244 5240 sterio
2278 5179 2862 5254 magnitudinemipie
2905 5185 3046 5254 sunt
3076 5180 3325 5250 reveriti,
3373 5179 3470 5235 isti
3529 5182 3726 5233 autem

2070 5257 2296 5311 vocanti
2324 5253 2682 5310 conﬁdentes
2713 5253 2974 5308 obsecuti
3006 5256 3164 5308 sunt.
3193 5273 3215 5302 ι

2145 5329 2258 5395 (56)
2287 5325 2362 5379 Τὰ
2390 5328 2487 5378 τοῦ
2517 5328 2672 5380 Θεοῦ.
2713 5326 2772 5378 In
2806 5324 2978 5379 Coisl.
3005 5326 3056 5395 l,
3087 5323 3153 5377 τὰ
3181 5325 3421 5378 τοιαῦτα.

2141 5392 2252 5469 (57)
2319 5397 2491 5465 Φησῖν
2550 5397 2578 5449 ὁ
2648 5395 2780 5468 ἐμὸς
2843 5392 3136 5462 Δεσπότης.
3230 5397 3380 5469 «Ait
3433 5392 3730 5469 Dominus

2074 5463 2260 5536 meus,
2294 5463 2408 5525 non
2441 5469 2512 5524 ad
2546 5463 2950 5541 praefecturam
2985 5474 3245 5532 vocatus,
3278 5468 3377 5541 sed
3421 5466 3576 5541 sicut.
3605 5463 3730 5518 ovis

2070 5544 2139 5596 ad
2166 5542 2516 5597 occisionem
2548 5538 2784 5596 ductus.
2818 5562 2846 5588 »
2881 5540 3002 5594 Non
3037 5557 3104 5595 ea
3136 5539 3400 5611 protulit,
3446 5538 3545 5592 sed
3602 5551 3731 5606 per-

2071 5615 2223 5680 fecit,
2248 5615 2482 5684 quando
2501 5615 2572 5667 ad
2609 5618 2853 5684 mortem
2877 5613 3089 5684 ductus
3121 5610 3210 5667 est
3239 5610 3528 5666 Christus.

2140 5683 2380 5758 (58)Τοῦ
2410 5687 2564 5740 Θεοῦ.
2591 5684 2654 5740 In
2675 5683 2879 5756 paucis
2919 5683 3307 5742 desideratur.
