4110 6402
354 446 474 516 5H
1481 444 1773 515 ORATIO
1821 451 1929 515 ΙΙΙ.
1962 484 2024 498 --

2145 443 2652 517 POLOGETIGA.
3657 444 3780 515 318

352 585 619 647 Paschoe
677 582 913 644 dictam
962 580 1451 665 legentipatet,
1509 586 1834 647 conciliari
1886 591 2112 665 potest.
2176 587 2440 665 Singula
2495 587 2731 665 quippe
2787 583 3088 646 orationis
3138 585 3328 645 verba
3397 593 3776 664 praesentem

356 669 566 747 ipsum
635 663 1139 747 Resurrectionis
1194 663 1780 747 diem,_hesternam
1810 663 2153 728 Dominicae
2211 663 3104 746 passioniscelebritatemque
3160 663 3434 745 sapiunt.
3467 669 3781 730 Presterea

358 744 454 808 vir
483 747 705 828 doctus
735 744 833 805 his
892 751 1178 828 movetur
1232 744 1796 828 verbis__Gregorii,
1838 771 1868 805 α
1925 748 2119 809 veteri
2176 744 2236 808 et
2284 768 2448 808 novo
2506 748 2829 826 pastori,»
2886 767 2957 828 ac
3003 744 3084 807 ise
3133 744 3372 808 nescire
3420 748 3774 828 proﬁtetur,

363 848 444 890 an
472 827 610 887 haec
662 827 728 886 in
783 825 1626 908 presbyterumisimplicem
1675 828 2012 906 quadrent,
2073 847 2152 888 an
2212 829 2274 887 in
2336 825 2726 908 episcopum,
2761 828 2870 908 qui
2919 827 3055 907 jam
3115 825 3556 889 communibus
3613 829 3781 889 curis

365 927 508 970 cum
566 912 746 987 patre
794 906 1131 989 Ecclesiam
1207 906 1666 989 _Naz_ia_nzenam
1699 915 2000 989 iregeret.
2058 908 2280 969 Levior
2337 906 2470 968 haec
2521 906 2882 983 difﬁcultas,
2916 906 3108 988 quam
3170 915 3236 969 ut
3285 909 3484 969 virum
3519 909 3780 989 perinde

365 991 622 1050 doctum
680 987 916 1048 morari
961 987 1272 1048 debuerit.
1306 987 1549 1066 Quippe
1607 988 1715 1068 qui
1773 1008 1915 1050 cum
1974 989 2405 1070 ecclesiasticae
2465 991 2859 1070 antiquitatis
2918 987 3080 1050 esset
3154 987 3613 1069 peritissimus,
3676 1009 3783 1070 ap-

366 1070 567 1150 prime
625 1073 822 1150 noratr
857 1085 1086 1128 nomen
1149 1087 1182 1123 α
1222 1069 1512 1150 pastoris,
1542 1093 1572 1122 ι)
1623 1070 1752 1128 imo
1788 1091 1816 1128 «
1876 1069 2183 1148 prmsulis,
2246 1071 2514 1148 praelati,
2566 1069 2870 1149 prasidis,
2931 1070 3290 1131 antistitis»
3339 1071 3617 1150 nomina,
3652 1069 3781 1132 non

363 1148 474 1223 ita,
534 1150 608 1209 iis
663 1149 935 1208 maxime
992 1148 1405 1229 temporibus,
1466 1150 1762 1228 episcopo
1820 1151 2011 1210 fuisse
2073 1151 2351 1229 propria,
2408 1157 2477 1211 ut
2533 1148 2794 1212 secundi
2869 1151 3105 1211 ordinis
3162 1149 3596 1212 sacerdotibus
3650 1171 3780 1213 non

364 1229 793 1292 convenirent.
843 1231 983 1308 Ipse
1039 1228 1451 1311 Go_mbefisius
1486 1275 1499 1301 ,
1560 1231 1622 1289 in
1679 1230 1806 1290 suis
1863 1231 1942 1291 ad
1994 1228 2436 1310 Apologen'cum
2495 1251 2776 1310 magnum
2854 1232 3019 1292 notis
3119 1231 3374 1292 Billium
3445 1233 3781 1311 reprehen-

363 1312 458 1372 dit
499 1311 859 1388 frequenter
893 1355 908 1382 ,
971 1309 1160 1390 quod
1197 1327 1274 1368 ea
1328 1310 1640 1388 episcopis
1695 1309 2096 1388 singulariter
2153 1309 2435 1382 tribuat,
2499 1331 2640 1389 quae
2693 1332 2730 1373 a
2807 1312 3108 1390 Gregorio
3157 1318 3286 1371 tam
3346 1309 3780 1373 sacerdatibus

369 1409 566 1469 quam
598 1389 911 1469 episcopis
981 1388 1406 1449 ascribuntur.
1465 1394 1589 1450 Nec
1646 1410 1794 1452 vero
1829 1398 2074 1451 tantum
2107 1392 2167 1450 in
2231 1392 2352 1451 hac
2402 1388 2686 1452 oratione
2744 1388 3053 1452 tertia—iis
3111 1394 3308 1453 utitur
3363 1393 3570 1452 verbis
3628 1397 3779 1454 Gre-

373 1471 614 1550 gorius,
666 1489 807 1549 quae
864 1469 1239 1530 Gombeﬁsio
1296 1472 1662 1548 scrupulum
1722 1471 2029 1548 injiciunt,
2096 1471 2200 1531 sed
2253 1477 2314 1532 et
2369 1471 2432 1531 in
2477 1474 2763 1533 oratione
2818 1473 3057 1549 prima,
3120 1492 3208 1544 n,
3270 1475 3308 1532 6
3357 1478 3420 1532 et
3467 1477 3499 1530 7
3536 1519 3551 1546 ,
3605 1483 3665 1534 et
3713 1475 3778 1533 in

369 1552 748 1622 orat.ll,n.
809 1551 928 1611 116
966 1557 1027 1610 et
1087 1552 1226 1622 117,
1285 1550 1504 1610 eadem
1565 1570 1602 1611 a
1661 1553 1961 1630 Gregorio
2013 1553 2089 1612 de
2148 1571 2212 1612 se
2268 1553 2406 1630 ipso
2467 1553 2636 1614 dicta
2685 1553 2981 1630 reperias.
3021 1556 3142 1612 llas
3193 1559 3404 1618 autem
3463 1554 3780 1616 orationes

371 1640 517 1693 ante
545 1631 682 1710 ejus
712 1630 1147 1710 episcopatum
1176 1631 1443 1710 scriptas
1475 1650 1657 1691 nemo
1715 1638 1809 1691 est
1861 1632 1969 1711 qui
2017 1636 2121 1692 68
2155 1651 2280 1692 non
2314 1634 2608 1694 fateatur.
2643 1635 2708 1694 In
2762 1633 2860 1694 his
2909 1652 3036 1694 non
3063 1632 3139 1693 de
3179 1652 3244 1694 se
3279 1633 3614 1694 dumtaxat
3645 1635 3780 1694 haec

368 1713 476 1786 ait,
535 1711 644 1791 qui
699 1711 982 1791 parentis
1038 1711 1315 1792 episcopi
1369 1712 1548 1790 quasi
1610 1711 1876 1773 vicarius
1932 1719 1995 1774 et
2051 1713 2324 1789 adiutor,
2381 1733 2596 1774 verum
2656 1714 2842 1774 etiam
2895 1714 2972 1775 de
3028 1715 3271 1776 caeteris
3326 1714 3777 1789 sacerdotibus,

367 1811 526 1873 quos
559 1816 590 1849 «
623 1810 804 1871 aeque
857 1796 1141 1871 pastores
1190 1798 1252 1853 et
1303 1798 1784 1871 compastores»
1845 1800 2048 1855 vocat.
2111 1795 2390 1873 Denique
2437 1795 2501 1854 in
2566 1795 2680 1854 hac
2737 1795 3022 1855 oratione
3070 1795 3258 1855 tertia
3315 1794 3394 1854 de
3443 1795 3783 1855 Nazianze-

365 1875 464 1934 nis
494 1873 730 1951 ubique
787 1873 1462 1954 etiadNazianzenos
1517 1880 1611 1934 est
1666 1893 1917 1945 sermo,
1949 1874 2175 1952 quibus
2224 1894 2547 1952 nunquam
2609 1876 2945 1953 Gregorius
3009 1882 3225 1935 noster
3278 1876 3610 1954 episcopus
3667 1877 3784 1935 fuit

367 1955 720 2015 ordinatus.
780 1952 1018 2013 Juliani
1071 1954 1257 2013 etiam
1321 1960 1642 2032 Apostatse
1700 1956 2199 2033 persecutionem
2259 1956 2424 2016 circa
2482 1959 2669 2015 ﬁnem
2741 1952 2863 2016 non
2923 1956 3193 2016 obscure
3275 1952 3612 2034 designat,
3676 1957 3784 2034 qui

371 2041 582 2116 tamen
654 2035 1002 2110 imperator
1054 2051 1274 2113 poenas
1321 2035 1534 2113 impiae
1591 2036 1962 2097 desertionis
2021 2043 2166 2096 ante
2225 2037 2478 2109 luerat,
2538 2054 2726 2115 quam
2814 2037 3150 2115 Gregorius
3204 2037 3280 2096 ad
3349 2039 3780 2116 episcopatum

367 2114 841 2194 proveheretur.

449 2196 579 2256 VII.
641 2193 903 2276 Siquis
948 2193 1094 2252 inde
1142 2193 1320 2272 sequi
1375 2195 1737 2269 contendat,
1794 2215 1921 2256 non
1982 2195 2101 2256 nisi
2149 2203 2290 2274 post
2346 2197 2697 2257 orationem
2753 2196 2939 2257 istam
2987 2195 3437 2275 Apologeticum
3497 2217 3783 2276 magnum

368 2276 627 2355 politius
682 2274 1271 2355 elaboratumqesse
1307 2323 1320 2349 ,
1386 2295 1508 2342 non
1568 2277 1835 2335 multum
1898 2277 2391 2355 repugnabimus
2444 2296 2457 2350 ;
2514 2278 2699 2337 modo
2753 2278 2804 2336 is
2860 2274 3196 2347 concedat,
3246 2296 3388 2336 eum
3450 2274 3783 2338 commode

370 2353 521 2416 satis
579 2355 1045 2435 postipriorem
1096 2353 1159 2435 in
1208 2355 1472 2429 Pascha,
1529 2356 1701 2416 velut
1757 2353 2079 2416 orationis
2113 2356 2419 2434 ejusdem,
2482 2363 2549 2417 ut
2604 2359 2690 2417 ait
2751 2357 2938 2430 Elias,
3001 2364 3249 2435 partem
3307 2358 3595 2429 alteram,
3657 2358 3783 2419 col-

370 2433 670 2517 locatum.
731 2433 888 2504 Quin
945 2440 1007 2517 et
1063 2434 1114 2494 si
1177 2437 1496 2517 temporis,
1560 2455 1685 2515 quo
1744 2433 2472 2517 Apologetico’extrema
2539 2457 2762 2498 manus
2837 2433 3095 2498 admota
3151 2444 3292 2510 est,
3354 2437 3651 2498 habenda
3706 2438 3787 2500 sit

373 2516 559 2588 ratio,
615 2519 758 2593 post
811 2515 1147 2597 orationes,
1179 2515 1533 2595 plerasque,
1570 2523 1759 2596 atque
1799 2515 2008 2578 etiam
2066 2518 2347 2578 fortassis
2409 2537 2648 2593 omnes,
2699 2518 3071 2579 statuendus
3127 2518 3319 2578 videri
3380 2520 3596 2597 possit.
3632 2520 3780 2590 Qui-

373 2597 466 2656 vis
494 2613 771 2674 namque
802 2595 979 2677 facile
1037 2596 1155 2656 sibi
1202 2598 1604 2676 persuadeat,
1641 2615 1718 2657 ex
1773 2597 1846 2657 iis
1902 2598 2293 2658 orationibus
2350 2616 2487 2658 eam
2551 2617 2737 2659 unam
2788 2617 2941 2672 esse,
2981 2617 3170 2677 quam
3236 2595 3461 2672 majori
3511 2617 3662 2659 cura
3721 2605 3783 2660 et

370 2676 1007 2758 limatiusdexpolivit
1063 2678 1436 2755 Gregorius.
1499 2679 1779 2756 Denique
1825 2679 2128 2739 orationis
2183 2686 2625 2758 argumentum
2665 2725 2679 2750 ,
2740 2676 3108 2758 tempus’et
3156 2681 3400 2740 occasio
3456 2698 3532 2739 ex
3592 2682 3777 2740 titulo

369 2764 432 2819 et
485 2756 726 2840 scholio
768 2758 1078 2840 superiori
1131 2759 1282 2818 satis
1338 2765 1789 2835 agnoscuntur.
1855 2756 2366 2838 Expostulato'ria
2424 2760 2697 2840 primum
2757 2756 3149 2830 est—oratio,
3209 2760 3435 2819 deinde
3485 2760 3776 2820 laudato-

368 2840 484 2909 ria,
545 2839 801 2898 demum
855 2838 1228 2920 hortatoria.
1281 2840 1432 2899 Mira
1489 2841 1825 2917 Gregorius
1880 2848 2034 2911 arte,
2097 2838 2442 2916 ingeniose
2476 2847 2536 2900 et
2590 2848 2992 2920 peramanter
3041 2843 3473 2918 conqueritur,
3536 2841 3775 2914 laudat,

370 2919 696 2991 hortatur;
731 2918 947 2999 veteri,
992 2936 1101 2978 seu
1159 2918 1445 2998 longaevo
1507 2921 1770 2998 parenti,
1807 2938 1879 2980 ac
1935 2920 2055 2980 sibi
2111 2940 2274 2981 novo
2334 2918 2608 2999 pastori,
2656 2923 3184 2981 Nazianzenorum
3243 2921 3777 2995 benevolentiam,

371 3018 548 3060 snam
579 2999 698 3078 ipsi
727 2997 1102 3072 exhibendo,
1139 3000 1454 3075 conciliat,
1492 2997 1843 3079 animisque
1873 3000 2060 3061 simul
2091 3001 2170 3061 ad
2205 2997 2498 3061 virtutem
2533 3002 2820 3063 stimulos
2843 3002 3040 3062 addit.

862 3247 1265 3345 ΛΟΓΟΣ
1355 3237 1513 3344 Γ“’.
2048 3229 2103 3294 Α

507 3399 648 3473 Πρὸς
681 3401 821 3474 (80¹)
850 3401 976 3464 τοὺς
1009 3399 1363 3474 καΛέσαντας,
1395 3402 1481 3456 καὶ
1518 3403 1594 3475 μὴ
1627 3401 1872 3474 ἀπαντή-

1083 3493 1298 3535 σαντας.

442 3579 498 3634 Α’
532 3583 656 3640 Πῶς
693 3575 910 3654 βραδεῖς
943 3577 1028 3634 ἐπὶ
1061 3578 1150 3634 τὸν
1183 3579 1450 3654 ἡμέτερον
1482 3579 1726 3655 λόγον,ὧ
1749 3581 1900 3659 cpt/tce
1934 3582 2022 3636 καὶ

373 3661 621 3743 ἀδελφοὶ,
653 3664 830 3720 καίτοι
861 3685 924 3740 γε
950 3671 1143 3742 ταχεῖς
1189 3665 1266 3728 εἰς
1311 3667 1373 3721 τὸ
1412 3675 1760 3742 τυραννῆσαι,
1793 3669 1881 3723 καὶ
1925 3676 2024 3738 τῆς

372 3753 649 3830 ἡμετέρας
709 3753 1063 3830 ἀκροπόλεως
1096 3755 1407 3810 ἀποσπᾶσαι
1465 3765 1564 3827 τῆς
1598 3760 1709 3831 (81)
1767 3757 2021 3834 ἐρημίας,

375 3844 440 3913 ἢν
474 3843 583 3918 ἐγὼ
615 3842 830 3900 πάντων
868 3843 1107 3918 μάλιᾶτα
1135 3846 1492 3918 ἠσπασάμην,
1525 3847 1614 3901 καὶ
1647 3848 1719 3908 ὡς
1768 3849 2021 3922 συνεργὸν

376 3933 463 3988 καὶ
513 3933 722 4008 μητέρα
764 3940 868 4003 τῆς
925 3933 1072 3998 θείας
1118 3929 1448 4006 ἀναϐάσεως,
1480 3935 1568 3989 καὶ
1609 3937 1880 4008 Θεοποιὸν,
1915 3933 2026 3990 δια·

377 4019 650 4096 φερόντως
680 4018 924 4097 ἠγάσθην
956 4043 1016 4077 τε
1063 4022 1151 4078 καὶ
1197 4025 1393 4085 παντὸς
1440 4028 1536 4078 τοῦ
1591 4023 1710 4101 βίου
1756 4045 2022 4101 προεστη-

376 4111 706 4185 σάμην(81*)
722 4130 735 4180 ;
754 4116 876 4175 Πῶς
899 4113 928 4166 ὃ
951 4107 1138 4168 λαϐεῖν
1161 4113 1404 4179 ἐποθεῖτε
1433 4120 1808 4192 περιφρονεῖτε
1829 4111 2025 4170 λαϐόν-

371 4219 482 4274 τες,
515 4199 602 4254 καὶ
639 4201 890 4278 βελτίους
924 4201 1154 4280 ἐφάνητε
1195 4205 1377 4259 ποθεῖν
1424 4203 1677 4273 ἀπόντας,
1711 4205 1745 4273 ἢ
1781 4203 2022 4259 ἀπολαύ-

372 4310 448 4345 ειν
481 4289 784 4367 παρόντων,
819 4289 1000 4368 ὥσπερ
1030 4292 1297 4368 κρατῆσαί
1352 4291 1564 4366 μᾶλλον
1598 4297 1709 4368 (82)
1739 4301 1836 4363 τῆς
1884 4296 2023 4367 ἡμε-

369 4379 528 4456 τέρας
574 4379 900 4460 φιλοσοφῖας
948 4383 984 4451 ἢ
1035 4378 1254 4447 ὄνασθαι
1302 4383 1505 4454 ταύτης
1556 4382 1917 4454 οελήσαντες;
1957 4385 2023 4438 Ἣ

373 4469 539 4522 καλόν
593 4491 685 4541 μοι
731 4472 820 4526 καὶ
881 4475 1042 4526 τοῦτο
1100 4472 1292 4526 εἰπεῖν·
1354 4471 1690 4546 ἐγενήθημεν
1751 4475 1876 4547 ὑμῖν
1949 4474 2023 4534 εἰς

374 4553 884 4633 πλησμονήν,πρῖν
953 4563 1265 4636 γευσθῆναι,
1298 4562 1387 4615 καὶ
1455 4567 1642 4637 πεῖραν
1706 4559 1909 4617 δοῦναι·
1963 4565 2024 4618 τὸ

376 4642 810 4721 παραδοξότατον
823 4693 834 4705 .

2600 3173 3064 3318 ORATIO
3146 3224 3314 3316 III.

2243 3404 2321 3460 Ad
2351 3421 2437 3462 eos
2474 3405 2570 3476 qui
2600 3405 2780 3477 ipsum
2810 3404 3146 3470 acciverant,
3182 3421 3279 3459 nec
3308 3408 3681 3463 occurrerant.

2208 3585 2245 3638 ῐ.
2281 3583 2571 3649 Quidnam
2607 3583 2714 3639 hoc
2744 3582 2821 3638 rei
2855 3587 2965 3650 est,
2999 3600 3030 3638 ο
3064 3580 3233 3638 amici
3266 3586 3325 3638 et
3366 3583 3590 3653 fratres,
3625 3583 3782 3656 quod

2131 3677 2251 3727 tam
2286 3672 2440 3727 lente
2466 3676 2522 3727 et
2551 3671 2809 3743 segniter
2839 3672 2909 3726 ad
2945 3686 3275 3727 sermonem
3324 3675 3590 3727 nostrum
3621 3688 3785 3728 acce-

2133 3761 2306 3816 ditis:
2345 3777 2476 3816 cum
2511 3760 2830 3832 praesertim
2863 3760 2932 3814 ad
2978 3760 3092 3814 vim
3146 3759 3522 3828 al'ferendam,
3557 3777 3784 3832 nosque

2136 3851 2206 3906 ab
2237 3867 2368 3905 arce
2397 3855 2597 3905 nostra
2645 3849 3057 3915 extrahendos,
3091 3849 3201 3903 hoc
3250 3853 3337 3903 est
3386 3868 3419 3903 τι
3467 3849 3784 3904 solitudine

2134 3940 2334 4010 (quam
2357 3955 2424 3994 ex
2453 3938 2729 3994 omnibus
2763 3939 2935 3992 rebus
2954 3937 3205 3992 maxime
3237 3936 3574 4008 complexus
3595 3954 3783 4005 eram,

2135 4044 2200 4084 ac
2230 4027 2388 4084 velut
2421 4027 2638 4084 sociam
2671 4031 2728 4082 et
2759 4025 3187 4093 administram,
3221 4025 3546 4098 divinaeque
3577 4043 3782 4082 ascen-

2134 4117 2318 4173 sionis
2349 4122 2618 4182 matrem,
2643 4132 2708 4171 ac
2731 4117 2910 4172 Deum
2931 4133 2999 4171 ex
3019 4115 3259 4172 homine
3283 4116 3654 4184 efficientem,
3675 4117 3784 4170 mi-

2134 4208 2293 4263 riﬁce
2322 4221 2721 4277 suspexeram,
2755 4203 3052 4276 totiusque
3098 4203 3226 4259 vita;
3257 4205 3464 4259 ducem
3499 4209 3555 4260 et
3587 4207 3785 4260 mode-

2136 4297 2404 4354 ratricem
2441 4295 2582 4350 mihi
2617 4295 2985 4365 statueram),
3017 4294 3099 4350 ita
3149 4294 3403 4366 prompti
3453 4293 3787 4366 celeresque

2136 4386 2410 4444 fueritis?
2439 4385 2662 4457 Ecquid
2686 4402 2874 4440 causae
2905 4387 3014 4452 est,
3049 4400 3173 4451 cur,
3207 4384 3364 4456 quod
3397 4383 3658 4456 accipere
3690 4400 3788 4439 cu-

2136 4476 2405 4550 piebatis,
2437 4475 2494 4529 id
2522 4475 2644 4545 jam
2694 4479 2996 4545 acceptum
3043 4473 3360 4545 negligitis,
3397 4472 3788 4545 melioresque

2134 4567 2244 4621 visi
2277 4565 2420 4620 estis
2453 4563 2714 4619 absentis
2746 4563 3034 4618 desiderio
3065 4561 3271 4631 teneri,
3297 4579 3475 4634 quam
3508 4568 3791 4634 praesente

2137 4654 2273 4720 frui,
2306 4657 2588 4723 tanquam
2612 4650 2670 4705 id
2701 4651 2866 4707 vobis
2884 4651 3250 4722 propositum
3277 4651 3503 4717 fuisset,
3528 4655 3592 4704 ut
3610 4650 3792 4722 philo-

375 4736 592 4809 sophiae
619 4743 829 4796 nostra
860 4745 1160 4812 compotes
1191 4739 1418 4810 essetis,
1453 4757 1629 4811 quam
1663 4746 1729 4798 ut
1765 4742 1950 4799 ullum
1984 4762 2050 4800 ex
2081 4762 2149 4801 ca
2180 4745 2435 4799 fructum
2469 4739 2797 4813 caperetis?
2827 4741 2907 4795 Ac
2939 4739 3083 4794 mihi
3119 4756 3260 4795 sane
3291 4738 3399 4794 hoc
3438 4752 3673 4810 quoque
3704 4735 3792 4790 di-

447 4870 522 4944 (a)
555 4869 642 4927 Al.
667 4875 944 4929 secunda.
971 4891 1098 4946 quae
1125 4879 1320 4930 autem
1343 4875 1377 4928 3
1398 4879 1544 4943 erat,
1576 4892 1732 4932 nunc
1755 4877 1805 4932 4.
1831 4878 2027 4934 —Ha-

373 4941 682 4999 bita'anna
709 4946 834 5012 362,
868 4941 1023 5002 circa
1044 4948 1254 5002 festum
1290 4941 1541 5002 Paschae.

445 5014 584 5087 (80')
642 5015 784 5087 Ηρὸς
840 5015 969 5078 τοὺς
1041 5014 1389 5083 καλέσαντας,
1440 5024 1549 5074 etc.
1603 5019 1698 5074 Sic
1757 5019 1916 5075 Colb.
1971 5021 2022 5077 1.

379 5083 618 5166 In‘Beg.
652 5083 705 5159 a,
729 5090 800 5166 a_d
824 5090 1354 5166 orationis__calcem
1387 5091 1698 5166 scrihitur:
1731 5091 1880 5166 Upis;
1904 5091 2028 5166 τοὺς

369 5153 702 5236 ξαλέσαῖιτας
753 5157 929 5236 ἐν-τῇ
978 5159 1132 5236 κάρχῇ
1202 5165 1334 5236 τοῦ-
1354 5156 1740 5236 πρεσϐυτέρου,
1781 5153 1886 5217 ’καὶ
1950 5165 2025 5235 μὴ

370 5227 776 5308 ᾀπαντῄσαντας
823 5227 911 5308 iv"
933 5227 1030 5308 τῷ
1052 5227 1268 5308 -Ῑίἆσχα,
1304 5227 1508 5308 Billius
1543 5227 1671 5308 vero
1730 5227 1865 5308 huic
1898 5227 2026 5291 ora;

370 5300 517 5379 tioni
547 5303 704 5379 hunc
735 5300 994 5379 praeﬁxit
1023 5300 1302 5379 titulum:
1340 5303 1479 5379 Ηρὸς
1528 5304 1654 5379 τοὺς
1700 5306 2028 5379 καλέσαντας

373 5368 422 5420 ἐν
453 5368 976 5452 τῇοᾲρχῇξκαὶ-μὴ
997 5447 1006 5452 _
1028 5368 1432 5452 ἀπαντήσαντας
1470 5377 1624 5452 *μετᾷ
1673 5378 1734 5452 τὸ
1762 5377 2025 5452 γενέσθαι

370 5435 758 5526 Ξεεάξιξξςέρὂν·
796 5467 824 5495 ‹‹
857 5435 1146 5526 Τζιὰιμωη
1175 5435 1430 5526 {inquit
1460 5435 1870 5526 Combefisius,
1904 5473 1929 5503 α
1951 5469 2027 5526 ex

371 5459 758 5566 πῗεσουτερον·
796 5467 824 5495 ι(
857 5459 1138 5516 '1'ttulum,
1175 5472 1203 5499 ››
1237 5459 1430 5520 inquit
1460 5459 1870 5521 Uombetisius,
1904 5473 1929 5503 α
1960 5469 2026 5507 ex

371 5512 498 5596 Enna
527 5514 735 5596 Bil‘lius
761 5518 1071 5596 supplevit,
1093 5522 1149 5596 ni
1171 5523 1360 5596 magis
1391 5521 1667 5596 corrupit.
1687 5524 1834 5588 Quid
1870 5523 2026 5596 enim

371 5585 485 5666 gibi
533 5585 676 5666 vu_l_t.
733 5585 970 5666 μετᾶῗτὸ
1012 5585 1248 5665 γενέσθαι
1274 5585 1805 5666 ’πρεσούτερονξειο
1855 5595 1904 5651 si
1957 5596 2028 5650 de

370 5655 634 5730 Gregorii
666 5655 1036 5730 ordinatione"
1059 5681 1250 5720 sermo
1299 5655 1472 5730 esset,
1507 5655 1622 5719 non
1670 5655 1742 5721 de
1790 5682 2028 5722 revoca-

369 5728 529 5808 tiope
560 5746 594 5808 e_
625 5728 963 5808 solitudine,
996 5751 1109 5806 quo
1141 5753 1205 5794 se
1233 5728 1550 5808 receperat,
1582 5751 1718 5794 mox
1747 5743 1813 5795 ut
1840 5738 2030 5796 fuerat

367 5802 751 5865 ordinatus.»
778 5806 983 5866 Censet
1010 5802 1146 5886 ergo
1174 5807 1260 5868 vir
1288 5802 1694 5886 doctissimus,
1716 5809 2028 5876 delendam

2135 4894 2263 4949 esse
2323 4874 2794 4949 praapositionem
2828 4872 2962 4946 μετὰ
3001 4873 3090 4928 vel
3125 4872 3502 4949 scribendum
3551 4890 3791 4949 παραγε-

2135 4945 2341 5004 νέσθαιξ
2372 4970 2398 4996 ‹‹
2431 4945 2526 5017 qui
2563 4964 2676 5001 non
2710 4945 3056 5003 occusarant
3086 4961 3228 5017 cum_
3253 4945 3606 5017 advenisset.
3627 4945 3658 5017 in
3690 4949 3794 5017 Ba-

2136 5014 2498 5091 silius__leg_it
2539 5036 2550 5074 ξ
2618 5019 2692 5089 μὴ
2747 5014 3263 5091 ἀπαντήσανταςιῷ
3312 5015 3461 5090 ἀρχῇ
3515 5016 3648 5087 μετὰ
3697 5015 3786 5070 τὸν

2139 5086 2535 5176 πρεσϐνότερον.¹
2579 5086 2783 5176 Plures
2833 5091 3010 5176 ξρετε.
3046 5093 3101 5143 et
3146 5088 3300 5176 C‘olb.
3342 5086 3700 5176 ne'cn‘0nnor.
3741 5098 3787 5157 I,

2141 5159 2194 5221 et
2232 5159 2686 5224 Passﬁaddunt;
2723 5159 2774 5215 ἐν
2805 5165 2883 5231 τῷ
2913 5159 3124 5233 ῠᾶσχα.
3157 5165 3436 5233 Gaelerum
3480 5159 3791 5216 lectionem

2135 5237 2292 5292 Colb.
2331 5237 2378 5301 1,
2405 5239 2468 5288 ut
2497 5234 2937 5306 simpliciorem,
2969 5231 3349 5306 praetulimus.

2208 5310 2318 5374 (8U
2352 5304 2707 5361 Ἀποσπᾱσῖαι.
2742 5330 2769 5355 (ί
2801 5304 3257 5360 Abstrahendos.
3295 5324 3322 5374 >2

2208 5372 2347 5449 (δι’)
2412 5377 2613 5438 Παντὸς
2669 5380 2766 5430 τοῦ
2846 5374 2966 5448 βίου
3024 5372 3470 5450 προεστησάμην.
3507 5396 3560 5450 _«
3620 5372 3794 5428 Omni

2135 5452 2263 5532 vitae
2295 5446 2489 5532 generi
2525 5446 2992 5532 anteposueram.
3021 5469 3049 5498 »
3070 5446 3276 5520 Agitur
3302 5447 3459 5502 enim
3492 5446 3562 5501 de
3594 5461 3794 5501 mona-

2138 5523 2282 5579 stico
2317 5523 2607 5576 instituto.

2210 5597 2319 5667 (8'2)
2353 5599 2623 5668 Κρατῆσαι
2686 5587 2919 5668 μᾶλλον.
2955 5615 2983 5642 ‹‹
3014 5596 3080 5646 ut
3114 5606 3333 5668 meam_
3357 5588 3552 5668 petitis
3605 5586 3792 5660 philo-

2137 5660 2405 5740 sophiam'
2433 5660 3108 5740 expugnaretis,quam,»
3139 5668 3248 5719 etc.
3275 5663 3335 5717 Id
3350 5660 3792 5740 _rectius,quan-

2129 5731 2452 5813 doquidem
2489 5731 2522 5788 «-
2551 5731 2648 5794 eos
2679 5731 2929 5794 victores
2961 5731 3100 5793 suos
3132 5756 3160 5788 »
3198 5731 3472 5810 appellat.
