4110 6412
376 408 493 469 519

1626 410 1691 466 S.
1740 401 2114 465 GREGORII
2158 404 2555 466 THEOLOGI

3678 410 3803 474 520

374 553 501 595 cere
532 537 706 593 licet:
738 534 904 593 Facti
931 551 1119 591 sumus
1163 536 1314 591 vobis
1350 537 1410 591 in
1467 538 1814 592 saturitatem
1860 536 1906 572 ¹²
1937 537 2253 606 antequam
2283 538 2525 607 gustum
2557 535 2745 592 ullum
2805 536 2988 593 nostri
3019 536 3434 611 specimenque
3487 541 3797 613 praebuis-

375 645 575 685 semns
609 644 622 694 ;
654 630 805 697 quod
831 627 996 682 valde
1026 628 1358 679 mirandum
1403 632 1510 681 cst.

441 718 541 773 09
576 718 645 771 ΙΙ.
680 721 793 771 Nec
816 732 950 770 vero
981 731 1087 769 nos
1120 720 1184 767 ut
1213 714 1471 785 hospites
1488 712 1808 785 collegistis
1834 716 1901 779 ‘3,
1927 717 2016 769 aut

2211 714 2280 769 Β’.
2318 714 2418 767 Καὶ
2464 710 2587 767 οὐδὲ
2635 714 2708 775 ὡς
2760 716 2937 786 ξένους
3000 718 3146 786 ἡμᾶς
3196 715 3558 792 συνηγάγητε,
3608 720 3643 788 ἢ
3698 741 3797 774 συ-

372 807 703 872 nobiscum,
722 814 783 859 ut
815 804 1059 875 aliquid,
1084 803 1236 873 quod
1262 804 1544 873 majorem
1568 802 2026 857 commiseratio-

373 913 506 953 nem
541 912 658 967 prae
688 911 749 949 se
768 894 934 960 ferat,
962 893 1177 956 dicam,
1201 892 1425 947 collecti
1450 892 1611 955 estis,
1636 891 1682 945 si
1728 891 1893 945 nulla
1914 891 2028 946 alia

372 1004 455 1054 re,
489 1004 553 1043 ac
584 990 737 1041 certe
764 989 1049 1055 praecepto
1102 983 1294 1037 divino
1336 984 1608 1038 commoti
1638 1000 1649 1037 :
1686 1000 1791 1038 nec
1823 987 1886 1037 ut
1912 998 2021 1038 no-

372 1094 509 1132 vum
541 1074 837 1148 negotium
871 1072 1349 1144 aggredientibus
1380 1089 1623 1127 manum
1653 1071 2021 1144 porrexistis,

373 1183 477 1222 nec
507 1172 570 1220 ut
591 1163 817 1219 timidis
849 1163 1115 1217 animum
1148 1160 1481 1229 addidistis,
1516 1178 1619 1216 nec
1659 1167 1723 1216 ut
1751 1162 1866 1216 vim
1892 1177 2019 1231 per-

372 1254 560 1326 pessis
591 1251 867 1308 solatium
918 1250 1236 1305 attulistis:
1284 1251 1386 1306 sed
1437 1251 1790 1316 infestivam,
1822 1266 2021 1304 vereor

369 1345 580 1411 dicere,
613 1341 712 1396 sed
744 1339 1058 1395 dicendum
1081 1345 1171 1394 est
1200 1343 1421 1409 tamen,
1449 1340 1616 1395 nobis
1646 1339 2019 1394 festivitatem

370 1430 731 1496 reddidistis,
766 1427 1183 1500 praludiisque
1214 1429 1457 1483 minime
1490 1430 1698 1483 faustis
1739 1444 1844 1482 nos
1866 1443 2023 1483 exce-

372 1522 557 1592 pistis,
583 1535 649 1575 ac
680 1516 1080 1573 celebritatem
1098 1516 1674 1582 moestitiadiluistis,
1700 1521 1899 1588 utpote
1928 1532 2022 1570 vo-

367 1609 641 1681 bis,quod
657 1608 727 1663 ad
747 1605 1169 1663 cumulandum
1184 1606 1467 1679 gaudium
1483 1606 1718 1662 maximi
1738 1605 2021 1681 momenti

369 1705 514 1766 erat,
541 1696 859 1752 victoribus
896 1696 1060 1764 meis,
1096 1712 1209 1751 non
1237 1696 1393 1751 enim
1425 1712 1555 1750 vere
1586 1696 1831 1751 dixerim
1861 1710 2021 1749 ama-

368 1789 594 1844 toribus
647 1791 962 1842 carentem.
996 1785 1151 1839 Adeo
1182 1785 1352 1841 facile
1392 1785 1451 1840 in
1486 1790 1889 1856 contemptum
1922 1799 2022 1837 ve-

2138 802 2381 877 νήχθητε
2416 803 2533 873 μεθ’
2559 804 2741 875 ἡμῶν,
2770 801 2842 856 ἵν’
2876 801 3011 857 εἶ’πω
3053 825 3104 858 τι
3156 805 3617 882 συμπαθέστεροι,
3658 811 3798 864 ταύ-

2135 912 2259 959 την,
2293 890 2336 945 εί
2399 894 2471 963 μή
2531 912 2583 945 τι
2634 890 2796 961 ἄλλο,
2828 894 2928 961 τὴν
2987 892 3209 963 ἐντολήν
3269 893 3600 959 αἰδεσθέντες
3632 900 3792 970 (82“”)·

2132 977 2257 1034 οὐδὲ
2286 981 2359 1041 ὡς
2395 980 2735 1055 ἀρχομένους
2771 980 3268 1057 ἐχειραγωγήσατε,
3303 982 3431 1039 οὐδὲ
3460 986 3535 1048 ὡς
3575 984 3793 1051 δειλοὺς

2132 1069 2471 1144 ὲθαρσύνατε,
2523 1067 2647 1123 οὐδὲ
2693 1072 2767 1131 ὡς
2825 1072 3138 1143 βιασθέντας
3181 1074 3607 1147 παρεκαλέσατε·
3663 1075 3793 1133 ἀλλ’

2131 1157 2383 1232 ἀνέορτον
2431 1161 2587 1231 ἡμῖν,
2620 1159 2763 1213 ὀκνῶ
2822 1160 2915 1231 μὲν
2976 1160 3166 1232 εἰπεῖν,
3210 1162 3446 1236 εἰρήσθω
3505 1161 3563 1218 δὲ
3615 1164 3790 1238 ὅμως,

2130 1248 2466 1316 πεποιήκατε
2494 1249 2591 1315 τήν
2636 1249 2851 1321 ἑορτήν,
2884 1248 2973 1301 καὶ
3030 1250 3347 1325 προοιμίοις
3410 1250 3510 1305 οὐκ
3564 1253 3789 1327 ἀγαθοῖς

2131 1338 2276 1405 ἡμᾶς
2344 1333 2691 1405 έδεξιώσασθε
2760 1340 2891 1409 (83)·
2952 1339 3041 1391 καὶ
3101 1342 3168 1411 τῇ
3237 1339 3541 1416 πανηγύρει
3618 1346 3789 1413 κατή-

2131 1445 2280 1501 φειαν
2313 1424 2652 1497 κατεμίξατε,
2684 1426 2745 1480 τὸ
2790 1425 3037 1501 μέγιστον
3072 1427 3147 1489 εἷς
3179 1425 3384 1496 ἡδονὴν
3437 1429 3537 1484 οὐκ
3584 1431 3805 1507 ἐχούσῃ(

2128 1512 2253 1574 τοὺς
2287 1512 2451 1585 ἐμοὺς
2481 1515 2704 1582 νικητὰς
2738 1516 2897 1586 ὑμᾶς,
2932 1515 2993 1569 οὐ
3026 1517 3125 1591 γὰρ
3158 1515 3382 1591 ἐραστὰς
3415 1518 3583 1573 εἰπεῖν
3645 1520 3786 1593 ἀλη-

2132 1602 2239 1662 θές.
2274 1601 2463 1664 Οὕτως
2496 1600 2960 1681 εὑκαταφρόνητον
2999 1606 3134 1659 ἅπαν
3184 1605 3249 1660 τὸ
3301 1604 3502 1681 ῥᾳδίως
3552 1610 3782 1682 νικώμε-

2130 1710 2239 1745 νονο
2299 1691 2388 1745 καὶ
2440 1692 2788 1763 θεραπεύεται
2841 1695 2934 1767 μὶν
2983 1696 3045 1749 τὸ
3100 1692 3337 1769 ὑψηλὸν,
3369 1697 3681 1769 ἀτιμάζεται
3724 1697 3781 1754 δὲ

2130 1781 2192 1834 τὸ
2223 1784 2339 1851 Θεῷ
2362 1781 2808 1853 ταπεινούμενον.

366 1879 453 1932 nit
513 1875 797 1948 quidquid
848 1874 1017 1930 facile
1074 1879 1388 1945 superatur
1421 1879 1633 1945 :atque
1692 1879 1756 1929 ut
1812 1873 1923 1928 coli
1953 1877 2010 1927 et
2064 1872 2357 1927 observari
2398 1872 2566 1942 solet,
2600 1874 2699 1945 qui
2732 1874 2881 1929 altos
2941 1874 3185 1946 spiritus
3244 1876 3438 1947 gerit;
3470 1876 3551 1933 ita
3578 1882 3781 1934 contra

364 1964 530 2021 facile
561 1963 975 2025 contemnitur,
1010 1963 1110 2034 qui
1145 1963 1259 2018 Deo
1291 1979 1353 2018 se
1383 1961 1665 2018 humilem
1700 1977 1766 2018 ac
1797 1960 2161 2016 submissum
2196 1960 2431 2031 prazbet.

438 2057 532 2113 Ill.
570 2054 717 2119 Quid
753 2051 973 2107 vultis?
1001 2051 1309 2107 Judicione
1338 2056 1401 2106 ut
1430 2053 1731 2108 vobiscum
1779 2057 2017 2106 conten-
2050 2051 2095 2115 B

366 2145 526 2211 dam,
555 2157 627 2195 an
665 2146 729 2195 ut
756 2143 947 2193 vester
983 2139 1107 2209 ipse
1139 2138 1250 2193 sim
1294 2138 1477 2207 judex
1500 2139 1527 2191 ?
1558 2139 1910 2193 sententiam
1944 2146 2009 2194 ut

361 2234 566 2296 feram,
600 2248 672 2285 an
705 2233 770 2284 ut
811 2228 1092 2300 accipiam
1115 2229 1142 2283 ?
1172 2228 1315 2283 Nam
1376 2235 1695 2300 utrumque
1753 2229 2016 2286 futurum

360 2337 553 2393 spero,
585 2323 651 2374 ut
679 2319 799 2374 sive
828 2320 899 2372 de
925 2333 1016 2371 me
1037 2317 1329 2387 judicium
1358 2318 1601 2378 feratur.
1623 2317 1807 2372 victor
1837 2318 2020 2374 disce-

363 2411 536 2465 dam:
572 2410 690 2463 sive
720 2409 791 2461 de
822 2422 1001 2461 causa
1050 2406 1447 2477 pronuntiem,
1486 2406 1649 2474 juste
1695 2422 1760 2461 ac
1808 2408 2017 2463 merito

357 2517 461 2555 vos
488 2499 896 2554 condemnem.
930 2496 1159 2550 Crimen
1188 2500 1383 2549 autem
1418 2501 1680 2549 vestrum
1722 2494 1865 2549 illud
1906 2501 2014 2557 est.

361 2589 515 2661 quod
540 2601 905 2657 nequaquam
941 2585 997 2638 in
1032 2599 1230 2639 amore
1263 2584 1433 2639 nobis
1478 2585 1876 2654 respondetis;
1912 2602 2017 2641 nec

362 2696 467 2749 pro
494 2694 560 2733 eo
594 2692 709 2748 quo
731 2674 895 2729 vobis
928 2689 1147 2729 morem
1200 2673 1524 2745 gassimus,
1557 2673 1727 2727 nobis
1757 2673 2015 2729 vicissim

364 2767 642 2821 honorem
675 2762 997 2834 rependitis
1023 2781 1035 2829 ;
1062 2758 1167 2816 nec
1198 2778 1324 2817 eam
1358 2779 1514 2816 nunc
1537 2762 1868 2818 animorum
1897 2763 2015 2819 ala-

364 2856 629 2911 critatem
681 2852 1063 2921 alfertis,quze
1114 2850 1260 2905 mihi
1312 2852 1382 2905 ad
1437 2852 1581 2906 bene
1629 2852 1699 2906 de
1748 2852 1912 2907 vobis
1955 2852 2015 2907 in

365 2950 665 3018 posterum
700 2940 1056 3012 sperandum
1092 2940 1351 3011 pignoris
1385 2940 1505 2995 loco
1538 2941 1645 2997 sit:
1682 2940 1858 3012 idque
1880 2958 2014 2997 cum

365 3034 543 3088 etiam
572 3031 619 3086 si
644 3031 775 3101 ipsa
818 3030 1147 3098 accesserit,
1181 3029 1272 3083 vix
1318 3035 1514 3084 tamen
1566 3030 1709 3085 satis
1756 3029 2015 3103 locuples

2200 2054 2267 2102 I".
2300 2048 2358 2101 Τί
2415 2049 2709 2123 cosmoe;
2746 2055 2925 2125 Κριθῶ
2974 2054 3112 2123 (83")
3142 2051 3280 2127 πρὸς
3329 2053 3490 2126 ὑμᾶς,
3519 2056 3552 2123 ἦ
3590 2057 3781 2129 κριτὴς

2130 2138 2409 2211 γένωμαις
2444 2137 2640 2213 ἐνέγκω
2688 2141 2895 2215 ψῆφον,
2927 2142 2960 2208 ἢ
3015 2138 3282 2212 δέξωμαι;
3328 2143 3423 2197 Καὶ
3471 2144 3574 2217 γὰρ
3623 2148 3777 2214 νική-

2130 2246 2237 2279 σειν
2268 2225 2497 2294 ἐλπίζω,
2530 2227 2866 2301 κρινόμενος,
2902 2231 2990 2282 καὶ
3043 2233 3499 2307 καταψηφιεῖσθαι
3557 2230 3777 2294 δικαίως

2128 2314 2589 2392 ἀποφαινόμενος.
2631 2319 2709 2372 Τὸ
2741 2314 2798 2371 δὶ
2827 2315 3097 2392 ἔγκλημα,
3134 2318 3216 2373 δτι
3250 2322 3325 2391 μή
3357 2326 3474 2383 τοῖς
3508 2319 3647 2383 ἴσοις
3690 2323 3782 2394 μέ-

2127 2423 2277 2473 τροις
2310 2407 2421 2476 (84)
2454 2401 2741 2476 ἀμείϐεσθε
2768 2414 2868 2475 τῆς
2901 2406 3116 2482 ἀγάπης
3148 2410 3315 2482 ἡμᾶς,
3354 2408 3495 2482 μηδὲ
3541 2418 3643 2480 τῆς
3695 2412 3778 2465 εύ-

2127 2493 2366 2553 πειθείας
2395 2496 2493 2562 τήν
2525 2496 2692 2567 τιμὴν
2727 2494 3050 2567 ἀντιδίδοτε,
3086 2495 3227 2570 μηδὲ
3278 2498 3341 2553 τὸ
3404 2498 3608 2571 μέλλον
3642 2504 3780 2573 (83')

2127 2580 2383 2657 ἐγγυᾶσθε
2431 2582 2498 2656 τῇ
2548 2588 2639 2636 νῦν
2687 2585 2986 2659 προθυμίᾳ,
3042 2586 3198 2662 μόγις
3246 2587 3335 2641 καὶ
3399 2589 3533 2660 μετὰ
3579 2590 3780 2659 ταύτης

2128 2678 2476 2741 πιστευθῆναι
2526 2670 3057 2745 δυνάμενοψέπειδὴ
3117 2676 3446 2751 θερμότερος
3498 2680 3633 2739 ἅπας
3685 2680 3778 2753 ἆρ-

2127 2760 2384 2834 χόμενος.
2430 2760 2637 2822 ’Ἄλλος
2699 2759 2755 2815 δὲ
2812 2760 2953 2817 ἄλλο
3009 2785 3061 2818 τι
3120 2765 3519 2840 προτιμότερον
3568 2766 3779 2821 τίθεσθε

2124 2849 2215 2902 καὶ
2263 2849 2356 2903 τοῦ
2405 2847 2643 2903 παλαιοῦ
2688 2850 2775 2903 καὶ
2822 2855 2921 2905 τοῦ
2967 2854 3090 2907 νέου
3129 2854 3394 2924 ποιμένος
3443 2857 3584 2928 (85),
3640 2858 3777 2926 μήτε

2124 2939 2223 3006 τήν
2270 2937 2467 2992 πολιὰν
2519 2936 2853 3011 αἰδούμενοι,
2912 2943 3052 3012 μήτε
3091 2943 3190 3011 τήν
3239 2938 3467 3013 νεότητα
3532 2964 3771 3019 προσκα-

2128 3027 2409 3099 λούμενοι.

365 3139 614 3195 sponsor
643 3135 771 3175 esse
800 3124 976 3189 queat
1006 3118 1181 3173 officii
1215 3119 1273 3174 in
1309 3119 1568 3174 futurum
1618 3120 1967 3191 praestandi:
2004 3120 2281 3192 quoniam
2332 3118 2521 3172 acrior
2567 3134 2633 3173 ac
2684 3119 2997 3175 ferventior
3041 3122 3230 3191 quivis
3269 3139 3398 3177 esse
3442 3123 3609 3190 solet,
3642 3140 3776 3178 cum

364 3213 586 3284 aliquid
612 3210 971 3281 auspicatur.
1006 3208 1152 3275 Quin
1188 3210 1383 3281 potius
1414 3209 1511 3263 alii
1544 3209 1659 3264 alia
1689 3209 1935 3276 habetis,
1970 3226 2098 3280 quae
2129 3214 2185 3264 et
2214 3208 2387 3261 veteri
2422 3213 2478 3261 et
2509 3223 2655 3261 novo
2690 3209 2941 3279 pastoris
2984 3209 3324 3280 praeferetis,
3359 3226 3464 3265 nec
3504 3211 3774 3265 canitiem

362 3303 585 3358 honore
616 3301 1058 3371 prosequentes,
1091 3314 1197 3353 nec
1223 3297 1541 3367 juvenilem
1575 3302 1801 3352 (etatem
1836 3297 2176 3353 excitantes.

434 3390 528 3445 1V.
562 3388 867 3443 Enimvero
899 3387 955 3441 in
1008 3386 1339 3458 Evangeliis
1388 3385 1549 3440 lauta
1590 3390 1647 3440 ct
1695 3385 2009 3456 magniﬁca
2040 3385 2082 3451 C

362 3496 529 3534 coena
552 3483 640 3533 est
658 3478 721 3543 ¹⁴,
737 3480 789 3531 et
808 3477 998 3530 bonus
1018 3492 1082 3529 ac
1102 3476 1341 3531 festivus
1368 3473 1791 3539 convivator,et
1814 3472 2007 3543 amici,

358 3574 415 3625 et
447 3567 798 3631 convivium,
824 3571 889 3619 ut
919 3565 976 3619 in
1004 3564 1105 3619 filii
1142 3564 1365 3637 nuptiis
1396 3562 2003 3633 “,jucundissimum.

355 3661 755 3713 Convocantur
800 3655 906 3720 illi,
953 3670 1057 3709 nec
1106 3658 1305 3708 tamen
1355 3653 1628 3707 veniunt:
1675 3668 1850 3723 quam
1885 3668 2008 3707 rem

349 3750 475 3819 ipse
506 3747 711 3802 acerbe
738 3746 1032 3813 ferens,ut
1064 3743 1135 3797 iis
1159 3758 1285 3812 quas
1312 3742 1657 3797 intermedia
1688 3746 1848 3806 sunt,
1873 3740 2010 3796 mali

351 3836 567 3893 ominis
597 3834 821 3889 vitandi
865 3850 1065 3901 causa,
1099 3831 1530 3903 praetermissis,
1567 3832 1764 3886 minus
1806 3848 2010 3903 aspere

350 3924 717 3998 loquar,aliis
739 3922 1079 3977 hominibus
1098 3920 1425 3975 convivium
1450 3938 1621 3975 suum
1642 3920 2008 3992 implendum

352 4022 519 4071 curat
542 4015 603 4068 ³⁸.
638 4018 756 4067 Ηοο
788 4011 1023 4081 quidem
1056 4010 1281 4064 utinam
1317 4008 1470 4063 Deus
1497 4009 1710 4063 avobis
1745 4014 2005 4065 avertat:

352 4107 451 4161 sed
484 4108 703 4163 tamen,
740 4099 1035 4170 quomodo
1074 4098 1128 4150 id
1178 4096 1384 4150 leniter
1435 4096 1793 4167 proloquar?
1824 4098 2006 4152 subli-

354 4195 509 4248 mius
542 4198 643 4243 aut
675 4186 1022 4242 insolentius
1051 4200 1281 4238 mecum
1314 4184 1542 4253 egistis,
1568 4200 1744 4253 quam
1778 4182 1859 4236 illi
1883 4185 2005 4255 qui,

359 4283 456 4336 70
480 4295 613 4334 cum
633 4275 858 4330 invitati
891 4277 1108 4341 essent,
1137 4288 1360 4326 caenam
1382 4271 1722 4327 insultando
1744 4273 2009 4342 repudia-

354 4372 512 4433 runt,
547 4370 719 4436 atque
751 4362 1096 4416 invitantem
1130 4359 1483 4415 contumelia
1518 4360 1872 4415 affecerunt:
1909 4377 2008 4416 vos

358 4471 638 4527 namque,
673 4469 807 4508 cum
843 4467 947 4505 nec
995 4448 1272 4518 extranei,
1309 4466 1413 4505 nec
1444 4466 1511 4503 ex
1558 4464 1783 4515 eorum,
1808 4448 1908 4520 qui
1938 4451 2009 4505 ad

354 4545 593 4619 nuptias
624 4543 971 4609 invitantur,
992 4555 1233 4595 numero
1257 4538 1409 4607 sitis,
1437 4539 1535 4611 qui
1562 4555 1653 4593 me
1677 4538 1872 4609 potius
1895 4540 2007 4611 ipsi

431 4711 475 4747 ¹²
509 4710 619 4765 Isa.
652 4724 693 4775 ι,
726 4704 814 4762 14.
894 4702 939 4738 ¹³
972 4700 1177 4759 Matth.
1214 4716 1341 4769 xxv,
1371 4700 1458 4756 55.
1541 4700 1585 4735 ¹⁴
1616 4699 1755 4755 Luc.
1788 4716 1901 4765 XIV,
1948 4700 2033 4755 16·

426 4889 564 4973 (82⁸)
619 4883 979 4949 Δίδεσθέντες.
1034 4904 1061 4932 ‹‹
1116 4879 1387 4937 Divinum
1448 4883 1801 4951 prmceptum
1853 4895 2009 4935 reve~

357 4961 476 5016 riti.
514 4985 535 5012 ι

428 5032 540 5103 (83)
569 5026 969 5103 Ἐδεξιώσασθε.
1003 5025 1175 5103 Qabr.
1211 5019 1543 5092 ἐδεξιώσατε.

428 5099 579 5173 (83⁵)
611 5099 812 5175 Κρίοῶ.
851 5099 1168 5175 «__Judicc_r.
1203 5118 1230 5145 υ

450 5167 665 5244 84)Μῆ
703 5177 819 5232 τοῖς
872 5169 1010 5231 ἴσοις
1050 5169 1304 5244 ίμὲτροες.
1340 5189 1365 5214 ‹‹
1421 5167 1581 5244 Quod
1638 5183 1748 5222 non
1806 5183 2006 5237 parcm

356 5238 532 5299 nobis
558 5238 817 5299 amorem
852 5238 1189 5308 rependitis'.
1225 5244 1347 5292 Non
1383 5238 1505 5308 pari
1540 5254 1834 5293 mensura.
1863 5256 1889 5288 η

430 5315 569 5385 (84Ἷ
601 5311 753 5386 Μηδὲ
780 5314 841 5367 τὸ
879 5310 1106 5386 μέλλον,
1142 5317 1248 5367 etc.
1285 5332 1311 5359 «
1355 5314 1553 5386 Atque
1588 5310 1658 5366 de
1705 5310 1902 5386 futuro
1935 5325 2005 5386 ne

358 5381 895 5467 eapunc‘quidem
943 5386 1241 5440 alacritate
1276 5381 1609 5467 .spondetis,
1647 5398 1773 5467 quae
1824 5382 2004 5436 futuri

358 5458 532 5511 fidem
568 5454 819 5527 velipsa
840 5473 1094 5527 prazsens
1120 5454 1825 5527 praestarevixposset.)

426 5527 539 5597 (85)
586 5525 683 5578 Καὶ
708 5523 857 5578 “τοῖ’›’
880 5525 1001 5579 νέου
1051 5523 1331 5596 ποῖμένος.
1369 5523 1468 5597 llic
1525 5524 1703 5597 haeret
1741 5523 2000 5597 ‘Combe-

357 5592 546 5665 ﬁsius',
579 5605 634 5652 et
663 5597 928 5668 ignorare
958 5614 1018 5651 se
1049 5592 1284 5662 fatetur,
1312 5612 1385 5668 an
1428 5594 1551 5649 hac
1583 5592 1830 5665 simplici
1867 5610 1998 5665 pre-

356 5669 589 5741 sbytero
604 5668 924 5741 conveniat,
951 5684 1021 5723 an
1048 5667 1682 5741 potiusep_iscopo,_qui
1697 5667 1826 5741 jam
1845 5682 1999 5721 com—

357 5737 638 5800 munibus
666 5738 823 5795 curis
852 5751 985 5795 cum
1014 5737 1175 5813 patre
1218 5737 1533 5796 Ecclesiam
1572 5737 1996 5797 Nazianzenam

2194 3384 2264 3438 Δ’.
2300 3379 2521 3436 Δεῖπνόν
2583 3380 2721 3435 ἐστιν
2783 3380 2835 3435 έν
2893 3388 3011 3444 τοῖς
3079 3381 3436 3457 Εὐαγγελίοις
3498 3381 3772 3457 λαμπρὸν,

2118 3470 2207 3525 καὶ
2272 3468 2443 3540 δεξιὸς
2502 3470 2788 3547 ἑστιάτωρ,
2819 3471 2909 3525 καὶ
2970 3469 3145 3547 φίλοι,
3206 3472 3295 3526 καὶ
3352 3473 3415 3526 τὸ
3475 3471 3777 3544 συμπόσιον

2118 3558 2363 3629 ἥδιστον·
2398 3561 2518 3614 υἱοῦ
2571 3562 2672 3636 γὰρ
2721 3562 2921 3635 γάμος.
2959 3561 3114 3615 Καὶὸ
3172 3561 3265 3634 μὲν
3319 3561 3582 3635 συγκαλεῖ
3613 3562 3775 3633 (85”),

2119 3651 2171 3705 οἳ
2219 3648 2275 3705 δὲ
2326 3650 2387 3705 ού
2438 3651 2808 3725 συνέρχονται’
2853 3652 2881 3704 ὁ
2932 3648 2989 3704 δὲ
3038 3650 3345 3725 ἀγανακτεῖ
3400 3650 3489 3705 καὶ
3538 3650 3777 3725 παρίημι

2117 3740 2185 3795 τὰ
2216 3740 2265 3795 ἰν
2301 3740 2448 3813 μέσῳ
2481 3738 2569 3794 διὰ
2618 3740 2679 3795 τὸ
2732 3737 3039 3818 δύσφημον
3074 3738 3207 3795 ἀλλ’
3253 3741 3282 3793 ’ὀ
3336 3739 3553 3813 μέτριον
3608 3739 3774 3793 εἰπεῖν

2122 3833 2255 3905 (86),
2290 3828 2358 3884 δι’
2384 3828 2568 3884 ἄλλων
2601 3828 2814 3903 πληροῖ
2841 3830 2905 3883 τὸ
2936 3828 3262 3901 συμπόσιον.
3296 3832 3473 3885 Τοῦτο
3529 3830 3621 3901 μὲν
3683 3826 3772 3880 οὖν

2121 3918 2491 3995 ἀπευχόμεθα’
2554 3919 2709 3991 ὑμεῖς
2772 3916 2830 3972 δὲ
2886 3924 3145 3973 τοσοῦτον
3226 3917 3441 3972 ἐκείνων
3517 3916 3776 3992 γεγόνατε

2123 4029 2216 4080 μοι
2251 4012 2391 4080 (πῶς
2442 4004 2578 4060 εἷ’πω
2629 4007 2877 4081 πράωςς)
2910 4004 3244 4082 ὑψηλότεροι
3293 4010 3407 4080 (87)
3438 4009 3471 4075 ἢ
3524 4006 3778 4081 θρασύτε-

2121 4117 2228 4169 ροι,
2274 4095 2397 4149 ὅσον
2455 4094 2504 4149 οὶ
2558 4096 2651 4167 μὶν
2701 4092 3036 4165 κεκλημένοι
3084 4100 3182 4149 τοῦ
3234 4093 3457 4150 δείπνου
3505 4095 3777 4165 κατεξανί-

2119 4204 2357 4254 στανται,
2390 4184 2478 4236 καὶ
2537 4182 2671 4238 κατὰ
2719 4187 2815 4236 τού
2866 4182 3205 4253 κεκληκότος
3252 4180 3587 4261 ὑϐρίζουσιν·
3622 4185 3777 4258 ὑμεῖς

2121 4269 2198 4340 δὲ,
2241 4271 2306 4325 οὗ
2354 4276 2462 4325 τῶν
2514 4269 2703 4341 ἔξωθεν
2746 4268 2919 4335 ὄντες,
2953 4269 3077 4326 οὑδὲ
3125 4277 3229 4326 τῶν
3282 4273 3636 4346 κεκλημένων
3693 4273 3779 4328 έπὶ

2116 4359 2246 4421 τοὺς
2294 4359 2528 4434 γάμους,
2579 4358 2705 4414 ἀλλ’
2775 4360 2928 4415 αὐτοὶ
2988 4361 3414 4437 συγκαλέσαντες
3463 4365 3633 4436 ἡμᾶς,
3687 4363 3779 4417 καὶ

2117 4452 2185 4523 τῇ
2237 4450 2355 4522 ἱερᾷ
2402 4452 2513 4523 (88)
2561 4450 2730 4523 ταύτῃ
2776 4448 3017 4525 τραπέζῃ
3068 4449 3497 4522 προσδήσαντες,
3548 4452 3637 4506 καὶ
3684 4457 3781 4507 τοῦ

2120 4542 2408 4615 νυμφῶνος
2485 4540 2581 4609 τὴν
2659 4538 3024 4615 λαμπρότητα
3104 4539 3539 4617 παραδείξαντες,
3598 4537 3781 4597 ἔπειτα

2114 4700 2155 4733 ¹⁶
2182 4700 2386 4755 Matth.
2422 4718 2561 4770 χχιι,
2591 4702 2645 4755 2.
2727 4704 2769 4737 ¹⁶
2802 4701 2944 4758 ibid.
2977 4704 3063 4757 10.

2122 4885 2364 4952 regeret,
2389 4885 2702 4953 postquam
2735 4881 3097 4936 Sazimorum
3128 4882 3438 4953 episcopus
3470 4881 3776 4938 ordinatus

2124 4952 2334 5025 fuerat.
2363 4952 2405 5025 si
2456 4952 2717 5025 Forsitan
2770 4953 3102 5025 Gregorius,
3165 4952 3357 5025 inquit
3405 4954 3490 5007 vir
3546 4954 3776 5019 doctus,

2124 5047 2149 5072 ι(
2186 5023 2407 5079 relictis
2426 5024 2695 5094 Sazimis,
2718 5025 2776 5077 in
2810 5024 3187 5080 solitudinem
3230 5023 3292 5080 se
3317 5024 3584 5093 contulit,
3613 5042 3642 5080 e
3663 5042 3779 5094 qua

2121 5112 2155 5149 a
2176 5100 2337 5166 patre
2359 5099 2415 5149 et
2435 5096 2641 5168 amicis
2660 5096 3072 5163 revocatus,sic
3094 5098 3153 5151 in
3178 5097 3469 5168 frequenti
3488 5102 3771 5153 conventu

2120 5168 2273 5237 apud
2317 5183 2456 5238 suos
2489 5167 3100 5238 cmpitverbafacere.
3134 5194 3158 5217 ››

2189 5240 2328 5312 (85‘)
2363 5237 2457 5312 Καὶ
2491 5238 2518 5291 ὁ
2556 5236 2649 5309 μὲν
2702 5236 2983 5312 συγκαλεῖ.
3041 5263 3060 5287 ι
3114 5242 3191 5312 Ac
3240 5237 3338 5293 ille
3384 5240 3617 5310 quidem
3676 5239 3773 5293 in-

2114 5309 2276 5376 vitat,
2312 5310 2425 5380 ipsi
2458 5315 2652 5365 autem
2686 5309 2800 5367 non
2828 5313 3089 5377 veniunt,
3126 5310 3223 5365 ille
3271 5309 3468 5367 autem
3502 5312 3775 5383 indigna-

2114 5385 2231 5446 tur,
2269 5403 2297 5430 ››
2327 5386 2437 5436 etc.

2186 5454 2326 5527 (86)Δ
2358 5448 2512 5527 Ἄλλ⁹
2568 5451 2627 5527 ὅ.
2659 5450 2872 5527 μέτριον
2935 5450 3122 5506 εἰπεῖν.
3155 5452 3356 5509 Comb.
3400 5452 3461 5506 τὸ
3524 5452 3766 5527 μέτριον,

2118 5546 2139 5571 α
2176 5524 2328 5580 quod
2359 5524 2517 5579 dictu
2552 5524 2767 5580 mitius
2788 5529 2896 5579 est.
2933 5545 2960 5572 »

2144 5592 2299 5679 .(87)
2344 5592 2725 5670 Ὑψηλότεροι,
2757 5601 2864 5652 etc.
2908 5618 2934 5646 <<
2996 5595 3195 5666 Majori
3255 5595 3403 5652 facto
3463 5600 3519 5653 et
3568 5597 3757 5653 auda—

2109 5682 2216 5723 Οιᾶ.
2254 5688 2281 5716 ))

2182 5738 2294 5815 (88)
2322 5740 2398 5811 Τῇ
2430 5737 2567 5819 ἱερᾷ.
2602 5763 2630 5792 ‹‹
2661 5743 2846 5798 Sacra;
2875 5737 3012 5796 huic
3042 5753 3276 5799 mensae.
3311 5761 3340 5791 »
