4110 6450
318 432 431 495 521
668 429 961 492 ORATIO
1006 428 1115 488 IlI.
1147 461 1226 471 --
1256 428 1362 488 AD
1404 427 1552 488 EOS
1599 426 1733 498 QUI
1776 424 2023 488 IPSUM
2064 425 2573 490 AGCIVERANT
2619 427 2772 489 NEC.
2816 426 3424 490 OCCURRERANT.
3640 425 3759 486 522

313 560 715 622 καταλιπόντες
772 561 922 631 ἡμᾶς
976 561 1138 612 τοῦτο
1193 557 1298 633 γὰρ
1358 556 1510 630 ὑμῶν
1552 557 1616 611 τὸ
1664 556 1936 632 γενναιότο

2131 560 2566 632 onvoeaveritis,
2594 576 2659 616 ac
2692 562 3078 616 sacrosancta:
3110 573 3327 613 mensae
3359 555 3754 613 astrinxeritis

312 675 405 710 τον
437 654 575 727 (89)·
610 651 639 704 ὁ
674 650 766 722 μὲν
802 648 890 703 ἐπὶ
920 648 1010 702 τὸν
1056 644 1201 701 ’ίδιον
1252 647 1435 723 ἀγρὸν,
1470 647 1497 701 ὁ
1531 644 1589 701 δὲ
1637 646 1724 701 ἐπὶ
1771 647 1834 701 τὸ
1868 652 1935 716 ζεῖ

2134 648 2457 721 nalamique
2487 648 2771 721 nuptialis
2792 647 3167 719 splendorem
3189 645 3565 702 ostenderitis
3588 645 3757 701 nobis

317 764 415 821 γος
446 746 552 796 τῶν
589 740 731 815 βοῶν
762 738 826 793 τὸ
856 737 1128 806 νεώνητον
1180 738 1314 810 (90),
1347 736 1375 790 ὁ
1406 732 1461 790 δὲ
1495 736 1582 790 ἐπὶ
1631 736 1729 804 τὴν
1760 742 1940 813 γυναῖκ

2133 738 2292 794 ubito
2323 738 2543 795 relictis
2576 738 2707 810 (hoc
2740 737 2897 794 enim
2931 737 3161 793 facinus
3191 739 3455 792 vestrum
3489 739 3580 790 est
3610 752 3756 806 prae-

321 833 423 901 τήν
455 829 777 906 νεόνυμφον,
813 828 841 880 ὁ
874 824 931 881 δὲ
980 823 1152 886 ἄλλος
1202 823 1285 879 ἐπ’
1332 822 1475 879 ἄλλο
1519 843 1570 879 τι
1614 829 1722 879 τῶν
1779 829 1944 900 μικρᾶ

2139 828 2517 900 larissimum)
2542 844 2555 884 :
2581 827 2732 884 alius
2776 828 2850 883 ad
2896 842 3104 899 agrum
3134 842 3333 891 suum,
3367 823 3519 881 alius
3550 824 3622 879 ad
3656 840 3762 896 par

329 918 656 996 διεσπάρητε
709 917 801 971 καὶ
858 912 1268 985 ἀπεπηδησατε,
1335 915 1502 992 μικρά
1557 918 1655 968 τοῦ
1697 918 1952 992 νυμφῶνο

2139 933 2273 972 eum
2307 934 2506 974 recens
2538 928 2825 989 emplum,
2856 915 3009 972 alius
3042 915 3114 971 ad
3148 931 3387 971 uxorem
3420 912 3762 986 nuperrime

332 1010 447 1083 (91)
475 1007 564 1063 καὶ
592 1010 689 1061 τοῦ
718 1003 957 1082 νυμφίου
988 1003 1390 1081 φροντίσαντες.

2138 1022 2157 1060 1
2191 1006 2637 1063 matrimonium
2668 1010 2968 1078 acceptam
2994 1006 3058 1073 1⁷,
3093 1004 3247 1059 alius
3277 1004 3349 1060 ad
3382 1002 3541 1058 aliud
3574 1001 3761 1075 quod-

323 1100 481 1173 piam
509 1098 653 1154 levis
683 1096 960 1170 ponderis
991 1094 1294 1167 negotium
1325 1092 1682 1167 prosiliistis,
1717 1110 1783 1150 ac
1832 1094 2083 1167 dispersi
2129 1093 2291 1163 estis,
2326 1112 2505 1167 parva
2553 1095 2779 1151 ratione
2827 1094 3047 1161 habita,
3083 1110 3218 1149 cum
3256 1091 3506 1149 thalami
3538 1108 3761 1148 connu-

325 1188 524 1257 bialis,
556 1192 685 1244 tum
718 1186 908 1259 ipsius
939 1185 1116 1241 etiam
1143 1185 1366 1256 sponsi.

394 1278 467 1333 E'.
516 1274 615 1330 Διὰ
660 1278 823 1329 τοῦτο
862 1271 1097 1345 ἀθυμίας
1150 1270 1491 1342 ἐνεπλήσθην
1538 1273 1653 1345 (92)
1703 1271 1793 1326 καὶ
1854 1272 1987 1327 ἀπο..

2170 1275 2239 1328 V.
2269 1272 2581 1346 Propterea
2611 1289 2858 1329 moerere
2906 1276 3086 1345 atque
3116 1270 3297 1328 animi
3330 1271 3621 1327 anxietate
3650 1270 3763 1326 im-

322 1365 462 1443 ρίας⁴
523 1364 586 1419 ού
644 1364 748 1440 γὰρ
808 1361 837 1417 ὃ
885 1362 1150 1433 πέπονθα,
1212 1363 1588 1434 σιωπήσομαι’
1641 1361 1731 1415 καὶ
1787 1382 1945 1438 μικρο

2138 1362 2291 1419 letus
2323 1380 2487 1431 sum;
2522 1380 2627 1419 nec
2660 1364 2817 1419 enim
2849 1362 2989 1435 quid
3023 1361 3166 1418 mihi
3201 1361 3499 1427 acciderit,
3528 1359 3760 1417 silentio

330 1456 424 1528 μὲν
446 1454 676 1529 ἀνέσχον
705 1453 793 1507 τὸν
818 1450 1005 1527 λόγον,
1038 1451 1097 1506 ’ὸν
1131 1448 1517 1528 δωροφορῆσαι
1550 1447 1878 1523 διενοούμην
1908 1456 1953 1506 τε

2140 1468 2294 1524 agam
2314 1477 2327 1519 ;
2350 1451 2616 1524 nihilque
2637 1452 2881 1525 prepius
2904 1452 3125 1507 factum
3143 1456 3334 1521 est,qu
3346 1467 3439 1507 am
3462 1455 3530 1506 ut
3547 1466 3763 1506 sermo-

328 1544 516 1619 γάμῳ,
557 1544 620 1596 τὸ
666 1539 962 1597 κάλλιστον
1015 1540 1088 1594 ὧν
1138 1541 1293 1614 εἶχον
1341 1540 1430 1593 καὶ
1481 1540 1835 1613 τιμιώτατον’
1897 1558 1951 1612 μι

2142 1557 2464 1613 em,quem
2509 1541 2633 1598 loco
2666 1541 2929 1597 muneris
2981 1540 3262 1613 nuptialis
3294 1541 3497 1596 offerre
3544 1538 3759 1595 consti-

332 1636 466 1707 κροῦ
497 1629 554 1687 δὲ
604 1632 732 1705 ὑμῖν
776 1630 1028 1709 έπαφῆκα
1074 1633 1192 1691 τοῖς
1244 1628 1608 1701 ποθουμένοις
1659 1630 1794 1702 (93),
1846 1626 1955 1683 ἐπει

2139 1646 2592 1704 ueram,quoque
2610 1647 2715 1686 nec
2738 1630 3044 1703 pulchrius
3066 1646 3171 1685 nec
3194 1630 3571 1702 praestantius
3592 1628 3762 1701 quid-

333 1718 398 1791 δή
432 1742 492 1797 γε
540 1721 677 1791 ἅπαξ
727 1715 1043 1791 ἐξεϐιάσθην
1099 1720 1235 1791 (94)*
1288 1716 1380 1773 ἅτε
1423 1717 1489 1787 δὴ
1544 1717 1800 1794 λαμπρᾶς
1847 1717 1956 1773 οὔτι

2146 1737 2283 1776 uam
2314 1720 2524 1790 habeo,
2556 1721 2713 1793 apud
2759 1736 2854 1776 me
2897 1719 3257 1776 continerem
3288 1736 3300 1775 :
3326 1718 3476 1774 nihil
3526 1733 3763 1772 rursum

328 1805 639 1885 λαϐόμενος
688 1808 1040 1878 ὑποθέσεως,
1093 1804 1183 1862 καὶ
1234 1810 1333 1862 τοῦ
1381 1805 1612 1886 φίλτρου
1659 1808 1759 1877 τὴν
1809 1805 1951 1884 γλῶι

2145 1809 2368 1884 repius,
2400 1826 2575 1881 quam
2606 1814 2675 1866 ut
2704 1809 2974 1882 ejusdem
3018 1808 3289 1866 aculeum
3319 1806 3380 1863 in
3412 1824 3514 1864 vos
3546 1806 3766 1862 amicos

332 1918 427 1953 σαν
458 1900 753 1974 θήγοντος,
800 1898 831 1952 ’ὸ
878 1894 944 1966 δὴ
995 1896 1325 1973 θερμότατον
1387 1895 1464 1958 εἷς
1512 1896 1845 1973 κατηγορίαν
1905 1916 1955 1951 κς

2143 1900 2540 1970 neos,quando
2562 1898 2708 1954 mibi
2730 1898 2908 1955 semel
2927 1898 3015 1955 vis
3037 1898 3217 1955 allata
3244 1902 3354 1966 est,
3379 1898 3726 1968 stringerem
3752 1912 3766 1951 :

327 1987 755 2062 εὐπορώτατον,
805 1987 932 2041 ὃταν
1007 1986 1232 2062 γένηται
1293 1983 1484 2056 ζῆλος,
1545 1984 1724 2057 λύπην
1786 1985 1846 2042 ἐκ
1892 1992 1950 2041 τί

2145 2005 2232 2045 am
2261 1986 2628 2045 luculentum
2661 1987 2885 2044 scilicet
2914 1987 3197 2044 orationis
3219 1990 3635 2060 argumentum
3670 2002 3768 2040 na-

333 2076 633 2153 ὑπεροψίας
666 2070 994 2151 προσλαϐὼν
1028 2078 1142 2150 (95)
1173 2072 1610 2150 ἀπροσδόκητον.
1638 2072 1711 2133 Ei’
1731 2096 1816 2139 τις
1840 2076 1956 2150 ύμῶ

2142 2080 2255 2150 tus,
2280 2094 2347 2134 ac
2378 2078 2558 2134 simul
2591 2094 2789 2135 amore
2819 2078 3085 2150 linguam
3120 2076 3505 2148 acuente,qui
3528 2074 3765 2145 quidem

329 2163 534 2242 οἷ’στρῳ
584 2164 823 2241 πληγεὶς
875 2165 1193 2242 ὑπερώφθη,
1248 2164 1499 2241 γνωρίζει
1555 2165 1618 2220 τὸ
1660 2163 1854 2235 πάθος,
1898 2185 1952 2221 κο

2141 2167 2174 2223 d
2215 2168 2615 2223 accusandum
2661 2167 2987 2223 acerrimus
3038 2164 3603 2239 copiosissimusque
3653 2167 3764 2230 est,

330 2255 698 2333 συγγνώσεται
740 2257 904 2309 τοῦτο
952 2256 1206 2327 παθοῦσι,
1252 2254 1343 2309 καὶ
1388 2253 1592 2325 ταύτης
1636 2254 1797 2331 ἐγγὺς
1827 2275 1953 2331 γενο

2144 2273 2234 2312 um
2268 2256 2340 2312 ob
2370 2272 2681 2313 maerorem
2712 2274 2781 2312 ex
2812 2257 3121 2329 inopinato
3155 2258 3495 2327 contemptu
3527 2268 3767 2325 suscep-

335 2344 519 2418 μένοις
549 2346 661 2417 (96)
690 2348 793 2412 τῆς
826 2342 1104 2405 ἀπονοίας.

2143 2362 2225 2401 ιω
2249 2346 2309 2401 in
2332 2345 2678 2419 zelotypiam
2701 2346 3004 2402 exarserit.
3022 2344 3081 2401 Si
3105 2344 3239 2418 quis
3260 2350 3523 2400 vestrum
3549 2341 3766 2399 amoris

334 2440 511 2491 castro
541 2433 798 2506 percitus
827 2450 890 2490 se
919 2433 1253 2506 neglectum
1287 2433 1490 2505 sensit,
1523 2433 1574 2490 is
1606 2433 1887 2491 nimirum
1920 2433 2038 2491 vim
2069 2434 2252 2507 hujus
2301 2436 2544 2491 affectus
2574 2434 2873 2508 intelligit,
2908 2451 2973 2491 ac
3004 2435 3248 2507 proinde
3294 2432 3463 2489 nobis
3493 2432 3603 2488 hoc
3633 2447 3769 2503 pas-

339 2525 445 2591 sis,
479 2527 656 2595 atque
688 2523 747 2577 in
779 2522 931 2580 hanc
962 2524 1285 2579 amentiam
1317 2524 1436 2579 fere
1467 2524 1759 2595 prolapsis
1791 2524 2078 2596 ignoscet.

418 2611 480 2680 ζ’.
526 2608 683 2667 Ἀλλ’
730 2609 854 2684 ἐμοὶ
907 2612 1000 2683 μὲν
1063 2632 1187 2666 ουτε
1234 2615 1326 2665 νῦν
1388 2607 1609 2684 θεμιτόν
1656 2611 1797 2666 ἐστιν
1848 2612 2001 2685 ὑμῶν

2189 2615 2277 2672 VI.
2311 2612 2525 2670 Verum
2557 2631 2662 2671 nec
2693 2631 2787 2670 me
2816 2614 2926 2670 hoc
2956 2618 3218 2685 tempore
3250 2612 3574 2685 quidquam
3610 2625 3774 2683 aspe-

348 2720 400 2757 τι
433 2700 790 2774 καθάψασθαι,
838 2701 965 2773 μήτ’
1012 2698 1215 2756 ἄλλοτε
1262 2700 1497 2776 γένοιτο.
1533 2701 1632 2756 Καὶ
1679 2705 1847 2756 ταῦτα
1870 2699 1971 2755 τίσω

2153 2702 2242 2758 ius
2274 2704 2332 2757 in
2364 2718 2464 2758 vos
2497 2703 2687 2759 dicere
2732 2704 2819 2758 fas
2853 2708 2962 2774 est,
2996 2719 3101 2759 nec
3144 2701 3291 2758 alias
3324 2717 3586 2773 unquam
3620 2698 3776 2754 acci-

357 2789 489 2864 ὑπὲρ
536 2789 599 2843 τὸ
658 2788 873 2864 μέτριον
924 2791 1036 2863 (97)
1085 2788 1457 2864 καθηψάμην,
1516 2797 1616 2860 τῆς
1676 2791 1825 2866 ἱερᾶς
1881 2789 1976 2845 ποί

2162 2796 2219 2847 at
2245 2791 2437 2849 velim.
2463 2797 2651 2864 Atque
2683 2792 2858 2847 etiam
2892 2792 3025 2863 plus
3055 2808 3222 2863 aequo
3262 2792 3514 2845 fortasse
3536 2805 3637 2843 vos
3669 2787 3778 2842 hac

360 2900 501 2953 μνης
540 2880 673 2952 (98),
725 2883 832 2932 τῶν
882 2877 1170 2934 ὲπαινετῶν
1216 2882 1459 2955 Χριστοῦ
1509 2880 1860 2957 θρεμμάτων,
1907 2887 1975 2950 τῆ

2158 2882 2380 2937 ratione
2424 2880 2894 2953 perstrinximus,
2926 2898 3050 2948 vos,
3086 2882 3353 2952 inquam,
3385 2893 3620 2934 sacrum
3652 2892 3778 2949 gre-

358 2968 504 3031 θείας
533 2967 928 3041 κληρονομίας,
978 2967 1046 3023 δι’
1084 2970 1147 3039 ἣν
1192 2972 1307 3041 (99)
1355 2968 1625 3032 πλούσιος
1676 2969 1738 3024 σὺ
1772 2972 1868 3045 (1),
1912 2968 1981 3025 xli

2155 2986 2274 3040 'em,
2305 2970 2614 3042 praeclaras
2636 2970 2852 3025 Christi
2884 2986 3040 3039 oves,
3070 2968 3328 3024 divinam
3356 2966 3778 3032 baereditatem,

356 3057 425 3127 ᾖς
458 3053 649 3125 πένης.
706 3055 933 3110 Κάκεῖνά
982 3077 1068 3111 σοι
1114 3058 1339 3131 πρέπειν
1386 3060 1641 3133 ἡγοῦμαι
1670 3058 1740 3113 τὰ
1772 3058 1979 3134 ῥήματα

2164 3064 2361 3132 ropter
2411 3076 2590 3131 quam
2649 3059 2921 3131 cepiosus
2980 3075 3042 3115 es
3100 3062 3158 3114 et
3216 3056 3563 3127 locuples,o
3596 3056 3781 3120 Pater,

363 3144 594 3219 Σχοινία
651 3143 873 3199 ἐπέπεσέ
929 3147 1005 3219 (2)
1065 3166 1149 3200 σοι
1217 3145 1267 3201 έν
1327 3152 1443 3209 τοῖς
1508 3146 1863 3223 κρατίστοις·
1923 3170 1986 3203 κα

2164 3147 2358 3205 ιωοῐεί
2405 3148 2623 3221 alioqui
2655 3148 2866 3223 opibus
2898 3164 3119 3204 careas.
3152 3149 3230 3201 Ac
3262 3147 3439 3202 verba
3486 3144 3590 3200 illa
3636 3144 3787 3201 Scri-

362 3233 463 3309 γὰρ
513 3235 548 3302 ἡ
600 3230 950 3310 κληρονομία
1006 3255 1102 3288 σου
1159 3235 1418 3312 κρατίστη
1478 3236 1563 3291 σοί
1615 3236 1746 3293 ἐστι·
1806 3236 1895 3293 καὶ
1954 3258 1981 3292 ο

2169 3243 2310 3294 turea
2337 3237 2445 3294 tibi
2474 3237 2781 3294 convenire
2812 3238 3068 3293 arbitror
3100 3253 3113 3291 :
3146 3238 3322 3291 Funcs
3343 3235 3657 3291 ceciderunt
3688 3232 3789 3288 tibi

363 3325 595 3399 παρήσω
640 3328 761 3385 ταῖς
811 3324 1240 3401 ἀριθμουμέναις
1293 3331 1401 3381 τῶν
1448 3325 1688 3400 πόλεων,
1737 3325 1862 3382 οὐδὲ
1906 3330 1985 3381 τῶ

2169 3345 2190 3382 ι
2242 3329 2533 3398 ρνῶειανὶε
2568 3349 2585 3385 :
2624 3329 2830 3383 etenim
2882 3327 3180 3384 lum-editas
3240 3334 3338 3382 tua
3390 3325 3667 3397 praeclara
3714 3326 3792 3378 est

373 3412 647 3485 ποιμνίων
678 3417 794 3475 τοῖς
822 3411 1188 3477 πλατυτάτοις
1221 3412 1366 3491 ἔχειν
1415 3437 1469 3470 τι
1517 3416 1685 3471 πλέον
1720 3418 1753 3486 ἡ
1766 3422 1880 3489 μῶν
1912 3421 1996 3472 τῶν

2167 3418 2239 3473 ibi
2260 3418 2324 3473 ¹⁸.
2347 3417 2462 3473 Nec
2486 3432 2619 3473 vero
2642 3417 2983 3483 concedam,
3007 3420 3073 3471 ut
3100 3414 3480 3488 amplissimae
3503 3413 3790 3469 civitates.

380 3500 581 3577 ὀλίγων
615 3510 714 3572 τῆς
762 3500 1058 3578 ἐλαχίστης
1109 3502 1288 3582 φυλῆς
1334 3504 1387 3559 ἐν
1435 3505 1582 3567 υἱοῖς
1624 3504 1868 3581 Ἰσραὴλ,
1914 3510 2003 3561 τῶε

2172 3523 2456 3579 regesque
2484 3506 2781 3577 latissimi,
2814 3505 2985 3561 nobis
3017 3504 3137 3560 ulla
3168 3505 3229 3560 in
3280 3520 3343 3559 re
3391 3502 3793 3575 praeferantur,

373 3588 677 3665 ὀλιγοστῶν
728 3589 778 3645 έν
829 3591 1072 3668 χιλιάσιν
1127 3590 1327 3661 Ἰούδα,
1372 3600 1473 3663 τῆς
1528 3600 1724 3668 μικρᾶς
1768 3594 1996 3667 Βηθλεὶι

2177 3595 2234 3651 ui
2262 3596 2467 3668 exiguo
2494 3612 2737 3650 numero
2768 3611 2999 3660 sumus,
3026 3594 3124 3666 qui
3152 3593 3408 3648 minimae
3432 3592 3619 3647 tribus
3645 3591 3798 3646 inter

372 3679 424 3733 ἐν
472 3678 720 3751 πόλεσιν,
772 3679 824 3735 ὲν
873 3680 909 3755 ᾗ
953 3682 1189 3758 Χριστὸς
1237 3688 1509 3758 γεννᾶται,
1557 3687 1649 3737 νῦν
1695 3704 1752 3737 τε
1800 3684 1887 3738 καὶ
1936 3684 1995 3738 ἀτ

2173 3685 2290 3739 lios
2319 3684 2518 3753 Israel,
2545 3684 2647 3756 qui
2672 3683 3017 3756 paucissimi
3045 3684 3108 3745 in
3142 3682 3404 3737 millibus
3436 3681 3594 3737 Juda
3616 3681 3679 3751 ¹⁹,
3697 3678 3796 3752 qui

378 3771 557 3846 ἀρχῆς
585 3768 773 3832 καλῶς
822 3772 911 3825 καὶ
952 3771 1353 3847 γινωσκόμενος
1398 3770 1488 3826 καί
1537 3767 1853 3845 σεϐόμενοσ⁹
1901 3792 2001 3847 παρ

2172 3773 2479 3829 letblebem
2525 3790 2711 3844 parvae
2747 3772 3022 3836 civitatis,
3049 3772 3107 3827 in
3140 3789 3258 3843 qua
3304 3771 3572 3827 Christus
3605 3769 3795 3826 nasci-

377 3859 458 3920 οἷς
508 3860 697 3935 Πατὴρ
740 3859 1011 3932 ὑψοῦται,
1063 3862 1154 3915 καὶ
1194 3860 1315 3923 Υἱὸς
1365 3859 1621 3931 ἷσάζεται,
1673 3860 1763 3915 καὶ
1815 3865 1995 3935 Πνεῦμ

2176 3880 2238 3917 ur
2257 3862 2322 3929 ²⁰,
2347 3868 2639 3934 recteque,
2664 3867 2721 3917 et
2752 3878 2929 3929 nunc,
2953 3866 3008 3916 et
3037 3879 3069 3917 a
3102 3860 3388 3933 principio
3423 3858 3799 3932 cognoscitur

379 3949 527 4024 ἅγιον
583 3945 981 4018 συνδοξάζεται·
1040 3950 1376 4025 συμψύχοις,
1406 3950 1470 4005 τὸ
1516 3950 1571 4004 ἓν
1604 3955 1882 4026 φρονοῦσι,
1921 3971 1994 4022 μη

2177 3956 2199 4007 t
2229 3952 2480 4008 colitur:
2509 3953 2603 4007 71
2645 3952 2800 4025 apud
2824 3968 2969 4023 quos
2993 3952 3162 4007 Pater
3184 3949 3502 4017 extollitur,
3530 3953 3585 4004 et
3620 3947 3800 4005 Filius

380 4032 467 4089 δέν
519 4042 618 4105 τῆς
666 4034 893 4112 Τριάδος
949 4038 1374 4112 ζημιουμένοις,
1437 4039 1473 4108 ἢ
1535 4038 1937 4115 ὑπερτιθεῖσιν,
1994 4043 2003 4090 ἕ

2179 4041 2384 4113 aqualis
2416 4041 2788 4113 praedicatur,
2819 4046 2877 4097 et
2910 4040 3165 4113 Spiritus
3196 4044 3441 4095 sanctus
3474 4037 3802 4110 congloriﬁ-

381 4123 776 4197 ἀποτέμνουσιν
808 4146 821 4159 ·
874 4126 948 4188 ὡς
998 4127 1050 4181 οἱ
1098 4127 1254 4182 κακοὶ
1300 4127 1575 4198 διαιτηταὶ
1631 4130 1722 4183 καὶ
1770 4149 2004 4205 μετρητο

2182 4138 2309 4187 alur
2341 4148 2354 4187 :
2390 4131 2489 4202 qui
2542 4148 2660 4186 uno
2718 4131 3041 4202 eodemque
3101 4129 3297 4185 animo
3352 4145 3587 4195 sumus,
3619 4143 3805 4182 unum

379 4216 456 4287 (3)
503 4216 600 4283 τῆς
652 4212 933 4287 θεότητος,
991 4213 1060 4270 δι’
1092 4216 1165 4270 ὧν
1193 4213 1247 4272 ’ἐν
1295 4237 1349 4271 τι
1388 4216 1582 4290 πλέον,
1610 4217 1644 4286 ἢ
1673 4215 1860 4280 καλῶς
1895 4216 2002 4293 ἔχει

2186 4220 2421 4292 lemque
2444 4219 2734 4275 sentimus
2749 4219 2815 4288 21,
2841 4234 2946 4274 nec
2968 4218 3267 4289 ullam,vel
3291 4214 3809 4291 praeponendo,vel

376 4302 747 4377 σεμνύνουσι,
808 4304 871 4359 τὸ
928 4309 1032 4359 πᾶν
1112 4302 1458 4369 ἐλαττοῦντες
1514 4306 1606 4362 καὶ
1664 4302 1987 4383 καθυϐρίζον

2191 4309 2571 4372 bscindendo,
2586 4308 2893 4364 Trinitatis
2906 4309 3203 4379 jacturam
3226 4308 3508 4364 facimus:
3534 4305 3814 4379 quemad-

373 4415 485 4457 τες.
2152 4399 2396 4455 modum
2425 4397 2599 4454 malis
2631 4397 2955 4455 divinitatis
3000 4397 3240 4453 arbitris
3272 4413 3339 4453 ac
3376 4394 3815 4452 dimensoribus

388 4597 430 4635 Π
454 4509 669 4634 “2Lue.
700 4526 815 4580 xxv,
850 4511 920 4565 18
945 4527 1076 4583 sqq.
1156 4512 1199 4547 ¹⁸
1234 4510 1380 4568 Psal.
1412 4529 1504 4579 xv,
1536 4515 1591 4569 6.
1672 4514 1714 4548 ¹⁹
1747 4513 1769 4569 Ι
1800 4514 1936 4587 Reg.
1972 4532 2047 4584 1x,
2092 4516 2184 4571 21.
2262 4515 2308 4549 9°
2337 4513 2511 4571 Mich.
2563 4529 2619 4581 v,
2670 4515 2735 4581 2;
2787 4512 2993 4569 Matth.
3047 4531 3110 4581 ιι,
3164 4514 3189 4567 1
3243 4529 3407 4584 seqq.
3487 4512 3530 4546 ²¹
3565 4508 3817 4581 Philipp.

438 4620 538 4647 ,ω

464 4695 578 4767 (89)
618 4694 1037 4772 ζενναιότατον.
1066 4720 1093 4748 ‹‹
1147 4699 1403 4772 Summas
1461 4698 1847 4771 ingenuitatis
1908 4700 2087 4769 facie

1563 4699 1847 4755 ‘enuitatis
1908 4700 2053 4757 faci-
2086 4706 2133 4771 Ι)
2240 4701 2353 4772 (95)
2384 4691 2745 4772 Προσλαϐών·
2782 4699 2940 4772 Pass.
2980 4692 3186 4772 λαβών·

464 4707 578 4767 (δυ)
622 4707 1020 4753 Γενναιότατον.
1066 4720 1093 4748 ‹‹
1147 4707 1403 4754 Summae
1461 4707 1847 4771 ingenuitatis
1908 4707 2016 4757 faci

393 4784 528 4844 n_us.
553 4789 591 4844 gi
615 4767 850 4844 Dictum
893 4770 1133 4844 ironice,
1162 4769 1324 4844 velut
1372 4772 1575 4827 fraude
1624 4772 1821 4843 potius
1874 4788 2016 4843 qua:

1975 4707 2053 4756 ci-
2086 4707 2133 4771 Ι)
2261 4707 2353 4771 95)
2388 4707 2745 4772 Προσλαὸών·
2783 4707 2940 4753 l’ass.
2981 4707 3187 4752 λαῦών·

1975 4790 2052 4828 ιω
2237 4707 2352 4844 (96)
2383 4768 2573 4844 Ἐγγὺς
2602 4770 2938 4844 γενομένοις.
2970 4792 3000 4844 _«
3039 4769 3284 4844 Propius
3314 4766 3542 4823 delatis.
3570 4789 3598 4816 η

394 4838 880 4915 simplicianimo
916 4842 1308 4915 invitaverint.
1359 4913 1367 4915 _
1628 4838 1644 4843 ’
1890 4838 1910 4843 “
1978 4914 1981 4915 ν

1890 4838 1910 4843 -
1978 4914 1981 4915 ν
2379 4838 2635 4915 Μέτ’ριον’.
2668 4838 2929 4906 Quatuor
2955 4841 3120 4915 Cglb.
3151 4838 3371 4915 μέτρον.

468 4849 649 4909 ῃριιοι
685 4849 880 4895 animo
916 4849 1308 4899 invitaverint.

468 4910 578 4986 (90)
610 4910 993 4986 Tevertvmov.
1023 4912 1117 4968 Sic
1149 4913 1406 4970 melioris
1439 4918 1587 4969 notas
1618 4914 1866 4983 codices,
1890 4914 2056 4986 quin-

704 4849 880 4895 lnimo
916 4849 1308 4899 invitaverint.
2253 4849 2323 4897 97

704 4911 993 4986 νεώνητον.
1023 4912 1117 4968 Sic
1149 4913 1406 4970 melioris
1439 4918 1587 4969 notas
1618 4914 1866 4983 codices,
1890 4914 2056 4986 quin-
2234 4849 2327 4985 (98

468 4908 578 4981 (90)
610 4910 993 4993 Τοινεώνητον.
1023 4912 1117 4968 Sic
1149 4913 1406 4970 melioris
1439 4918 1587 4969 notas
1618 4914 1866 4983 codices,
1890 4914 2056 4986 quin-
2234 4908 2656 5041 (98))[1οίμνης.
2691 4914 2965 4969 Subdunt
2994 4913 3136 4969 Gab.
3156 4908 3219 4968 'et
3241 4908 3441 4967 Comb.
3466 4908 3625 4981 quod
3648 4908 3825 4964 etiam

394 4997 512 5066 que
544 4982 727 5055 Regii,
762 4984 927 5040 Colb.
950 4990 1232 5114 Iquatuor.
1267 4992 1376 5069 etc:
1412 4986 1717 5067 Pauciores
1757 5002 1891 5041 cum
1927 4987 2055 5041 Par.
2170 4986 2352 5070 pluri‘
2370 5003 2440 5041 us
2474 5003 2617 5042 mss.
2651 4986 3034 5041 conﬁrmatur
3066 5011 3081 5043 ι
3114 4982 3237 5038 ὅσον
3272 4980 3384 5065 ἐπὶ.
3406 4984 3486 5053 τῷ
3534 4979 3691 5064 πόθῳ
3729 4982 3828 5034 τοῦ

394 5073 503 5108 των
555 5057 866 5114 νεωνῆτων.
893 5078 921 5107 (ι
1001 5073 1077 5112 on
1118 5073 1276 5114 ergo.
1307 5081 1327 5107 ι
1358 5063 1554 5114 inquit
1601 5059 1848 5114 Sancvg.
1875 5081 1903 5108 ‹‹
1938 5064 2059 5114 tam
2170 5077 2357 5111 κοινου
2385 5055 2611 5114 πατρός.
2638 5079 2666 5107 ‹‹
2692 5058 2936 5114 Gregem
2961 5058 3055 5114 (ad
3089 5072 3419 5112 communis
3453 5059 3637 5114 patris
3667 5070 3828 5110 amo-

392 5056 503 5108 τῶν
537 5053 866 5131 γεώνήτων.
893 5078 921 5107 (ι
950 5053 1077 5131 Non
1118 5073 1276 5129 ergo,
1307 5081 1327 5107 ι
1358 5057 1554 5131 inquit
1601 5059 1848 5131 Sancyg.
1875 5081 1903 5108 ‹‹
1938 5064 2015 5114 tai

2207 5061 2357 5111 οινοῦ
2385 5055 2617 5131 πατρός.
2638 5079 2666 5107 ‹‹
2692 5058 2936 5131 Gregem
2961 5058 3055 5131 (ad
3089 5055 3419 5131 communis
3453 5053 3637 5127 patris
3667 5070 3827 5110 amo-

398 5125 665 5202 qupdse
711 5129 1100 5202 deseruerint,
1132 5125 1312 5201 quam
1369 5125 1524 5201 quod
1564 5131 1654 5202 ad
1716 5125 1824 5186 rés'
1873 5130 2061 5186 ﬂuxas
2172 5147 2295 5186 rem
2329 5125 2750 5202 quod'attinet)
2780 5125 3050 5202 laudatas
3081 5125 3482 5202 Christihoves‘.

398 5195 654 5275 abierint
682 5200 1113 5275 cupiditatibus
1139 5195 1269 5275 suis
1299 5195 1599 5275 abstracti,
1631 5202 1846 5275 arguit.
1874 5223 1903 5252 »

1755 5202 1846 5275 λῇ..
1874 5223 1903 5252 υ
2394 5201 2473 5275 ψ’
2502 5201 2588 5275 ἣν.
2623 5195 2759 5275 Reg.
2792 5203 2847 5269 1,
2880 5201 3040 5275 CCII).
3074 5216 3157 5270 m,
3190 5195 3259 5252 δι’
3286 5200 3378 5275 ἧς.

470 5270 584 5340 (91)
614 5275 724 5326 Τοῦ
761 5268 1083 5348 νυμφῶνος.
1136 5273 1312 5330 Deest
1367 5273 1428 5329 in
1484 5268 1733 5345 septemw
1770 5274 1948 5345 Regg.
2011 5276 2067 5329 et

2249 5268 2637 5348 (unicam;
2696 5268 2781 5342 ξύ,
2834 5278 2941 5348 etc.
2999 5268 3259 5348 Ηοεέέμ
3310 5271 3371 5327 in
3432 5268 3835 5348 [Μεθ’-τοῦτο

402 5339 579 5419 Ρεζεὶεςζ
621 5411 674 5419 ._
783 5410 799 5419 -
841 5339 855 5419 ξ
894 5339 917 5419 ’,
1550 5339 1569 5345 ’
1858 5339 1923 5345 ’⁷

2223 5339 2316 5417 ρος
2361 5344 2475 5399 τὸν.
2504 5342 2709 5419 πατέρα
2758 5339 2915 5418 φησί,
2947 5348 3057 5400 etc.
3087 5339 3123 5394 ἦ
3176 5344 3277 5399 His
3326 5339 3843 5416 patrem‘alloqui-

497 5410 1018 5490 ῼῖξλΈνεπλήσθην.
1063 5416 1205 5490 Reg.
1250 5416 1303 5486 1,
1354 5416 1476 5473 Col.
1530 5418 1582 5489 1,
1634 5433 1717 5484 ω,
1765 5420 1825 5473 et
1865 5416 2067 5474 Comb.

730 5410 1018 5485 πλήσθην.
1063 5416 1205 5490 Reg.
1250 5416 1303 5486 1,
1354 5416 1476 5473 Col.
1530 5418 1582 5489 1,
1634 5433 1717 5484 ω,
1765 5420 1825 5473 et
1865 5416 2067 5474 Comb.
2180 5410 2353 5473 tur.»

406 5477 718 5560 {www-
1148 5477 1182 5490 υ
1288 5477 1377 5560 ,ἑ
1568 5477 1713 5489 ,,

2257 5489 2336 5559 (2)
2366 5484 2644 5560 Ἐπέπεσεο
2702 5487 2881 5560 Begg.
2934 5486 3219 5560 quinque,
3266 5486 3431 5560 Colb.
3482 5485 3621 5560 duo,
3651 5488 3748 5539 Or.
3794 5482 3845 5560 1,

629 5550 757 5633 Τοῖς
802 5557 1180 5633 ποθουμένοις.
1218 5559 1503 5626 «Quibus
1553 5577 1670 5631 prae
1716 5575 1918 5633 amore
1965 5576 2074 5615 cu-

2223 5550 2348 5617 ’ass.
2385 5556 2663 5633 ἐπέπεσον.
2700 5550 3218 5633 Βθξῖ1,’έπέπὶσόν
3261 5577 3343 5612 σοι
3394 5555 3447 5610 ἐν
3496 5559 3614 5616 τοῖς
3662 5550 3846 5629 κρατί-

414 5624 649 5704 pieba_m
688 5628 915 5684 adesse.
947 5624 1131 5686 {Non
1181 5624 1327 5688 satis
1374 5624 1666 5704 expressit
1714 5632 1923 5689 Billius
1973 5648 2037 5704 pe

1272 5624 1327 5688 is
1374 5624 1666 5704 expressit
1714 5632 1923 5689 Billius
1973 5648 2076 5704 per
2185 5651 2332 5692 στοις
2362 5630 2738 5704 eou.Tillem.
2779 5624 2895 5701 μοι.

415 5697 840 5778 «εξηὲορεεξ.
1042 5771 1129 5778 __
1351 5768 1375 5778 -
1451 5697 1467 5704 ’
1973 5697 1992 5704 ’

1973 5697 1992 5704 ’
2259 5705 2337 5777 (3)
2366 5700 2663 5778 Μετρηταί.
2700 5697 2834 5777 Reg.
2870 5721 2919 5774 r,
2956 5700 3226 5777 μερισταί.

488 5766 601 5841 (94)
632 5764 1004 5841 Ἐξεϐιάσθην.
1034 5771 1197 5830 Colb.
1227 5774 1284 5843 3,
1316 5768 1599 5845 ἐϐιάσθην.

702 5899 971 5964 PATROL.
1002 5900 1116 5963 Gn.
1159 5898 1405 5967 XXXV.
3492 5897 3564 5954 17
