4110 6418
308 388 432 447 525

1039 383 1336 446 ORATIO
1381 382 1486 445 IV.
1520 415 1598 428 —
1629 380 1944 444 CONTRA
1986 376 2390 440 .IULIANUM
2433 377 2480 438 Ι.
2515 413 2593 422 —-
2626 377 3020 444 MONITUM.

3627 385 3748 444 526

309 513 685 590 ριπατούντων
733 508 943 568 ἀσεϐῶν
994 512 1234 589 σχοινία,
1288 511 1428 587 μηδὲ
1484 519 1686 590 σειραῖς
1733 516 1838 566 τῶν
1897 511 1974 565 οἱ·

2086 508 2477 581 generationis
2493 510 2897 567 efﬁciamini3o
2914 529 2927 580 ;
2945 527 3136 585 neque
3147 528 3412 586 unquam
3426 513 3746 586 impiorum

307 605 467 660 κείων
501 607 616 678 (34)
639 606 919 678 ἁμαρτιῶν
948 603 1418 681 περισφίγγοισθε,
1474 602 1616 676 μηδὲ
1671 608 1787 663 ταῖς
1840 603 1972 678 βιω-

312 699 491 756 τικαῖς
537 692 826 767 μερίμναις
858 713 1222 767 συμπνιγοιτο
1259 693 1383 764 ὑμῖν
1417 693 1444 746 6
1479 691 1642 768 λόγος
1691 694 1824 764 (25),
1884 688 1973 744 καὶ

309 782 548 858 ἄκαρποι
583 782 841 857 γίνοισθε·
903 781 1028 836 ἀλλ’
1061 779 1171 852 ὁδῷ
1229 781 1548 851 πορεύοισθε
1592 784 1704 854 (26)
1759 777 1972 858 βασιλι-

307 871 402 946 κῇ,
441 873 516 945 μὴ
549 871 881 932 ἐκκλίνοντες
914 873 1026 944 (27)
1077 870 1152 932 είς
1204 867 1367 940 δεξιὰ,
1423 892 1497 943 μη
1512 868 1565 924 ’δὲ
1598 870 1671 930 εἷς
1699 868 1971 944 ἀριστερὰ,

310 962 401 1016 καὶ
449 957 536 1014 διὰ
576 963 674 1029 τῆς
723 962 912 1028 στενῆς
965 959 1038 1020 ὡς
1090 957 1350 1020 πλατείας
1404 959 1504 1013 ὑπὸ
1535 963 1631 1013 τοῦ
1662 957 1975 1030 Ilva-351.0110;

315 1049 673 1125 ὁδηγούμενοι
710 1068 722 1080 ⁸
775 1048 863 1103 καὶ
914 1048 978 1102 τὸ
1025 1048 1294 1123 ἡμέτερον
1347 1047 1402 1102 εὗ
1442 1045 1546 1119 ἕξει
1573 1053 1663 1102 νῦν
1692 1068 1749 1102 τε
1776 1046 1866 1101 καὶ
1899 1045 1974 1107 εἷς

310 1141 412 1207 τὴν
473 1138 673 1202 ἐκεῖθεν
733 1137 987 1208 ἐξέτασιν,
1047 1137 1100 1192 ἐν
1161 1141 1378 1211 Χριστῷ
1429 1138 1608 1208 Ἰησοῦ
1665 1141 1744 1209 τῷ
1795 1133 1976 1210 Κυρίῳ

311 1231 488 1300 ἡμῶν·
525 1227 571 1300 ᾧ
600 1230 636 1298 ἡ
670 1225 796 1300 δόξα
829 1227 904 1289 εἷς
937 1225 1064 1289 τοὺς
1100 1227 1320 1289 αἰῶνας.
1358 1229 1554 1300 Ἀμήν.

2083 601 2142 655 in
2175 600 2424 656 circuitu
2471 601 2905 658 ambulantium
2947 605 2992 638 3‘
3029 603 3270 659 funibus
3318 604 3611 677 impliciti,
3645 611 3746 662 aut

2085 695 2455 762 peccatorum
2495 697 2822 747 vestrorum
2867 692 3086 748 catenis
3119 694 3417 749 constricti
3443 696 3489 730 ³³
3540 700 3742 751 tenea-

2086 779 2252 846 mini,
2279 795 2381 834 nec
2413 779 2666 850 denique
2697 781 3104 849 committatis,
3129 787 3195 837 ut
3215 783 3392 853 hujus
3426 789 3561 839 Vitae
3582 784 3744 839 curis

2085 870 2319 923 divinus
2349 884 2542 924 sermo
2575 870 2917 938 suffocatur,
2950 886 3172 943 vosque
3204 872 3399 928 fructu
3430 873 3678 929 carentis
3700 875 3744 910 ³³

2085 960 2226 1028 quin
2252 957 2469 1028 potius,
2493 957 2586 1012 via
2613 959 2770 1031 regia
2801 959 3105 1028 incedatis,
3129 977 3233 1016 nec
3254 963 3326 1016 ad
3354 962 3618 1018 dextram
3636 979 3744 1018 nec

2087 1047 2158 1102 ad
2191 1045 2490 1102 sinistram
2523 1047 2899 1104 deﬂectentes
2932 1050 2996 1118 3‘,
3032 1065 3099 1104 ac
3144 1066 3248 1122 per
3277 1057 3596 1123 angustum
3628 1057 3743 1107 tra—

2086 1136 2287 1191 mitem
2313 1137 2483 1208 quasi
2506 1152 2608 1208 per
2630 1136 2809 1193 latam
2837 1138 2986 1193 viam
3007 1139 3071 1208 35,
3094 1140 3242 1196 duce
3276 1139 3494 1212 Spiritu
3516 1141 3745 1214 gradia-

2087 1225 2252 1280 mini.
2300 1229 2419 1280 Hoc
2468 1225 2519 1281 si
2569 1226 2842 1298 feceritis,
2873 1227 3149 1299 praeclaro
3199 1233 3356 1286 statu
3406 1246 3500 1287 res
3536 1235 3744 1288 vestras

311 1324 505 1387 erunt,
531 1335 667 1375 cum
716 1319 776 1375 in
807 1319 916 1375 hac
947 1316 1085 1388 vita,
1117 1323 1246 1374 tum
1278 1319 1337 1374 in
1369 1317 1612 1376 alterius
1643 1316 1842 1374 saeculi
1874 1332 2141 1384 censura,
2181 1314 2242 1369 in
2292 1315 2521 1371 Christo
2571 1316 2712 1372 Jesu
2761 1317 3007 1374 Domino
3055 1323 3252 1376 nostro
3279 1335 3292 1374 :
3327 1319 3420 1375 cui
3467 1318 3655 1392 gloria
3684 1320 3746 1377 in

310 1408 545 1464 saecula.
577 1410 785 1465 Amen.

382 1516 426 1550 ³ο
458 1515 710 1587 Philipp.
747 1533 807 1584 ιι,
843 1516 928 1571 15.
1009 1516 1050 1550 ³¹
1073 1514 1228 1571 Psal.
1257 1532 1337 1586 x1,
1359 1517 1414 1572 9.
1492 1515 1538 1550 ³⁵³
1572 1516 1732 1572 Prov.
1763 1532 1820 1583 ν,
1843 1515 1930 1569 22.

2085 1512 2288 1569 Matth.
2321 1530 2443 1583 x111,
2473 1514 2564 1567 22.
2645 1515 2692 1549 ³⁴
2711 1513 2887 1569 Num.
2920 1531 3036 1586 xxi,
3059 1517 3148 1570 22.
3225 1516 3270 1550 ³³
3290 1516 3495 1572 Matth.
3519 1533 3620 1588 vn,
3654 1516 3744 1574 43·

527 1619 780 1702 μί’κείων.
809 1621 957 1702 Reg.
993 1617 1274 1702 1,33lwv..
1358 1692 1372 1702 ι
1436 1697 1462 1702 _
1564 1693 1576 1702 _
1881 1692 1891 1702 .

2146 1619 2391 1702 (2‘7)
2449 1617 2809 1702 ἐκκλίνοντες.
2863 1622 2926 1702 ξι]
2958 1621 3124 1702 Ἕως.
3184 1623 3373 1702 νηῷ
3406 1639 3592 1702 marg.
3644 1643 3745 1702 jp.

405 1623 496 1688 24)
527 1623 780 1676 Πΐκείων.
817 1623 957 1694 Reg.
993 1623 1034 1692 l,
1074 1623 1246 1676 i’8lwv.

382 1623 497 1819 (25)
527 1693 678 1764 Ὑμῖν
731 1693 758 1746 6
809 1690 1000 1766 λόγος.
1057 1694 1197 1766 Reg.
1259 1693 1301 1762 1,
1353 1692 1504 1767 ὑμῶν
1556 1693 1584 1747 6
1654 1692 1924 1769 Λογισμὸς
1959 1710 1972 1725 ⁸

382 1765 469 1819 ιι).
506 1780 586 1819 m.
618 1763 748 1819 ὑμῖν
779 1763 806 1817 ὁ
842 1763 1135 1819 λογίσμός.

2157 1623 2270 1691 (27)
2297 1623 2391 1686 Μὴ
2449 1623 2809 1681 ἐκκλίνοντες.
2863 1623 2926 1676 In
2985 1623 3124 1694 Reg.
3186 1641 3244 1693 u,
3313 1623 3373 1678 in
3406 1639 3592 1695 marg.
3653 1643 3745 1697 γρ.

2091 1690 2168 1762 μή
2201 1689 2538 1753 ἐκκλίνοντες
2571 1689 2735 1764 δεξιὰ,
2775 1690 2916 1762 μηδὲ
2948 1692 3219 1768 ἀριστερά.
3255 1695 3412 1751 Colb.
3444 1711 3501 1750 ω
3534 1697 3617 1751 sic
3644 1696 3746 1751 ha-

2091 1766 2186 1818 bet
2216 1764 2276 1818 in
2309 1769 2490 1819 textu.
2533 1765 2672 1819 Reg.
2707 1765 2747 1819 l.
2779 1761 2815 1819 ις
2850 1765 3124 1819 deterreant.

405 1695 497 1762 25)
527 1693 678 1764 Ὑμῖν
731 1693 758 1746 6
809 1690 1197 1766 λόγόςζΗΘε.
1259 1693 1301 1762 1,
1353 1692 1504 1767 ὑμῶν
1556 1693 1584 1747 6
1654 1692 1924 1769 Λογισμὸς
1959 1710 1972 1725 ⁸

506 1780 586 1834 m,
618 1763 748 1840 ὑμῖν
779 1763 806 1817 ὁ
842 1763 1135 1840 λοχίσμός.
1353 1835 1362 1840 _
1439 1837 1449 1840 Α

2091 1690 2168 1762 μή
2201 1690 2538 1753 ἐκκλίνοντες
2571 1690 2735 1764 δεξιὰ,
2775 1690 2916 1762 μηδὲ
2948 1690 3101 1767 ἀριστ

2091 1766 2186 1818 bet
2216 1764 2276 1818 in
2309 1769 2490 1820 textu.
2533 1765 2672 1836 Reg.
2707 1765 2747 1834 l,
2779 1761 2815 1834 ἤ
2850 1765 3104 1840 ἀριστερά

2475 1805 2490 1820 .
2533 1805 2672 1834 "ea.
2707 1805 2747 1834 ι,
2786 1805 2813 1834 .,
2850 1805 3124 1834 ..μηνρυη

308 1763 469 1820 Colb.
506 1763 748 1837 m,up.‘_iv
779 1763 806 1817 6
842 1763 1135 1837 λογίσμός.

381 1838 496 1909 (26)
537 1833 890 1910 Πορεύοπσθε.
925 1833 1066 1910 Reg.
1100 1855 1160 1905 ιλ,
1196 1835 1506 1912 πορεύεσθε

959 2034 968 2043 ’
1029 2101 1590 2191 MONITUM
1646 2103 1762 2189 IN
1820 2099 2484 2190 ORATIONES
2540 2102 2661 2189 IV
2718 2103 2863 2186 ET
2921 2103 3036 2186 V.

401 2389 579 2468 131.
612 2389 750 2468 Non
783 2386 1089 2448 obscurus
1138 2391 1278 2462 est,
1319 2411 1348 2444 ι
1380 2392 1451 2447 ut
1481 2405 1624 2448 cum
1653 2387 1884 2449 Basilio
1941 2388 2168 2467 loquor
2226 2387 2373 2468 (28),
2412 2411 2442 2443 «
2504 2389 2770 2448 oratoris
2827 2406 3054 2467 scopus
3086 2405 3098 2446 :
3135 2388 3369 2467 quippe
3427 2389 3536 2466 qui
3588 2389 3752 2466 Apo-

319 2471 510 2526 stataa
550 2467 940 2547 impietatem
995 2468 1267 2546 publice,
1332 2468 1514 2547 quasi
1568 2468 1634 2527 in
1691 2469 1988 2528 columna
2040 2470 2379 2546 sculptam,
2439 2469 2702 2529 infamia
2758 2475 2958 2528 notat.
3025 2472 3147 2529 Nec
3204 2469 3546 2546 designatis
3604 2475 3745 2530 tan-

322 2546 649 2628 tummodo
705 2547 784 2607 ab
843 2566 917 2609 eo
966 2549 1304 2609 sceleribus
1336 2546 1505 2609 hunc
1564 2549 1742 2628 petit,
1801 2550 1908 2609 sed
1965 2550 2117 2628 ipsis
2193 2549 2382 2608 etiam
2439 2549 2602 2620 ferit,
2669 2549 2899 2628 quibus
2955 2549 3060 2610 ille
3110 2549 3305 2609 veluti
3361 2549 3742 2627 quibusdam

325 2627 447 2686 alis
504 2628 870 2708 adcoelum
930 2647 1127 2708 usque
1182 2629 1390 2689 efferri
1462 2627 1579 2690 sibi
1657 2627 2032 2704 videbatur,
2095 2629 2324 2691 fabulis
2363 2676 2376 2701 ,
2438 2627 2714 2690 historiis
2780 2630 3140 2708 dolosisque
3192 2629 3693 2708 sophismatibus
3728 2676 3741 2702 ,

333 2707 683 2790 praestigiis,
728 2707 1069 2790 sacriﬁciis
1103 2755 1120 2784 ,
1180 2709 1635 2788 fraudibusque
1694 2711 2055 2770 daemonum
2111 2715 2173 2770 et
2230 2710 2546 2785 oraculis,
2612 2729 2753 2788 qua:
2788 2756 2802 2783 ,
2864 2729 2976 2790 per
3033 2707 3346 2770 Summam
3405 2711 3740 2770 adversum

333 2807 447 2848 nos
476 2795 539 2848 et
595 2789 910 2849 Christum
968 2789 1287 2869 injuriam,
1348 2790 1696 2851 eructabat.
1757 2790 2102 2851 Abundans
2157 2797 2371 2851 autem
2427 2797 2488 2851 et
2542 2792 2715 2851 varia
2757 2789 2883 2850 illa,
2925 2797 3058 2851 tota
3117 2791 3382 2851 materia
3438 2808 3578 2851 cum
3639 2791 3740 2857 sit,

332 2869 578 2950 varium
634 2887 888 2950 quoque
944 2888 1018 2930 ac
1075 2869 1405 2950 multiplex
1461 2870 1710 2931 dicendi
1765 2889 1964 2949 genus
2013 2878 2075 2932 et
2129 2872 2466 2932 artiﬁcium
2522 2873 2710 2932 Pater
2766 2871 3046 2932 adhibet.
3081 2870 3472 2950 Panegyrico
3529 2871 3742 2940 modo,

332 2949 520 3032 modo
555 2948 866 3028 judiciali,
924 2956 1060 3032 tum
1118 2948 1528 3012 deliberativo
1586 2948 1836 3012 dicendi
1895 2970 2123 3032 genere
2183 2953 2548 3030 procedens,
2609 2953 2674 3011 in
2731 2971 3008 3024 omnem,
3069 2948 3423 3031 quam—Pars
3480 2953 3745 3030 patitur,

329 3030 600 3090 formam
631 3049 764 3090 sese
794 3031 1003 3104 vertit,
1038 3037 1107 3092 ut
1136 3032 1412 3093 varietur
1439 3032 1664 3092 oratio.
1698 3055 1728 3086 ››

411 3111 488 3191 l_l.
524 3110 872 3172 Geminas«
932 3119 1152 3173 contra
1219 3113 1536 3174 Julianam
1585 3137 1614 3168 »
1674 3113 2020 3174 invectivas
2091 3112 2308 3191 primis
2360 3112 2645 3190 pueritiae
2703 3131 2831 3172 sum
2888 3111 3281 3190 temporibus
3339 3131 3377 3172 a
3447 3109 3749 3189 Gregorio

331 3189 599 3271 scriptas
654 3192 1048 3252 Camerarius
1103 3192 1520 3266 existimavit;
1584 3194 1753 3271 quod
1813 3189 2109 3271 quidem;
2153 3202 2221 3252 ut
2278 3189 2514 3271 optime
2568 3195 2862 3254 observat
2944 3189 3188 3265 Billius,
3223 3192 3463 3271 respuit
3517 3191 3748 3252 oratio-

329 3268 426 3330 nis
471 3268 760 3348 gravitas
818 3274 1191 3351 pondusque
1247 3268 1727 3348 sententiarum,
1763 3268 1955 3353 atque
2012 3277 2201 3334 etiam
2259 3268 2606 3334 certissime
2663 3278 2921 3334 narrata
2976 3273 3211 3332 ibidem
3269 3268 3590 3352 Apostatae
3648 3272 3747 3353 fu-

327 3355 530 3436 nesta
567 3355 1221 3436 mors_et_e_xsequiae
1277 3355 1594 3436 (29).,Ac
1664 3360 1830 3414 certe
1905 3355 2039 3434 jam
2102 3354 2363 3414 Athenis
2422 3354 2756 3431 Gregorius
2830 3373 2998 3415 anno
3057 3353 3305 3436 circiter
3361 3372 3491 3414 suae
3551 3352 3754 3414 aetatis

329 3431 806 3514 tricesimotde
858 3431 1349 3514 Juliano,quem
1384 3431 1500 3494 'ibi
1554 3431 1922 3495 versantem
1966 3440 2172 3505 norat,
2235 3441 2362 3496 tam
2419 3436 2580 3494 male
2641 3453 2831 3512 quam
2890 3452 3036 3494 vere
3092 3435 3431 3506 ominatus,
3467 3451 3748 3494 excesse-

329 3518 450 3594 rat,
485 3514 627 3594 Mox
680 3513 811 3586 illa,
847 3521 916 3574 ut
973 3513 1253 3592 loquitur
1312 3515 1460 3594 (30),
1520 3521 1847 3592 grassante
1931 3538 1956 3569 ιι
2018 3515 2250 3586 bellua,
2315 3536 2343 3570 »
2409 3515 2706 3574 eximium
2771 3539 2802 3570 «
2861 3513 3371 3594 DeSacerdotio
3427 3538 3456 3568 »
3518 3515 3750 3594 librum

327 3592 697 3674 elaborabat
750 3611 765 3667 ;
819 3612 933 3654 nec
989 3613 1138 3673 ergo
1223 3592 1432 3672 potuit
1488 3595 1601 3655 has
1661 3601 1956 3674 utrasque
2018 3597 2334 3655 orationes
2412 3595 2810 3656 conscribere
2843 3640 2858 3668 ,
2917 3593 3038 3654 nisi
3091 3601 3428 3672 postquam
3484 3593 3746 3672 ejuratas

327 3673 1175 3754 religionis,impietatisque
1234 3694 1453 3754 pcenas
1511 3682 1816 3754 Apostata
1856 3673 2010 3735 luit.
2070 3675 2354 3735 Mortuus
2411 3682 2505 3735 est
2543 3675 2780 3735 scilicet
2832 3693 2906 3735 ea
2961 3683 3168 3748 nocte,
3203 3693 3344 3752 quae
3403 3693 3570 3734 anno
3601 3676 3744 3746 363,

328 3753 492 3814 diem
522 3753 695 3816 Junii
727 3754 1086 3815 vicesimam
1120 3753 1361 3815 sextam
1421 3753 1582 3815 cum
1621 3755 1917 3816 vicesima
1973 3756 2241 3833 septima
2297 3755 2752 3815 committebat.
2788 3758 2912 3815 Nec
2941 3754 3029 3814 ita
3089 3755 3289 3814 multo
3349 3761 3512 3834 post,
3547 3755 3741 3814 adeo-

329 3852 451 3912 que
503 3841 572 3895 ut
629 3835 924 3907 videtur,
988 3837 1238 3896 labente
1294 3854 1462 3896 anno
1518 3838 1630 3897 361
1673 3882 1686 3909 ,
1746 3836 1918 3914 quod
1973 3836 2247 3896 ostendit
2298 3837 2450 3896 satis
2505 3835 2862 3896 Steleuticaa
2950 3835 3176 3914 prioris
3260 3835 3589 3896 exordium
3669 3852 3741 3893 ac

331 3915 693 3991 posterioris
749 3915 1036 3976 clausula
1071 3962 1084 3989 ,
1147 3917 1484 3995 Gregorius
1567 3916 1631 3975 in
1715 3916 1898 3976 Ponti
2004 3916 2411 3976 solitudinem
2486 3916 2671 3975 tertio
2765 3915 3104 3988 secedens,
3191 3914 3319 3994 (31)
3403 3934 3529 3975 non
3607 3915 3742 3992 jam

335 4017 362 4047 «
399 3995 616 4075 Augiaa
645 3997 964 4057 stabulum
998 4020 1026 4050 »
1065 4015 1190 4057 una
1237 3994 1380 4057 cum
1435 3997 1688 4068 Basilio,
1726 4015 1847 4057 non
1887 3997 2299 4075 «plaustrum
2336 4019 2366 4050 »
2401 3996 2646 4056 curavit
2696 4002 2808 4055 aut
2843 4020 2872 4050 ‹‹
2929 3998 3257 4075 platanum
3315 3994 3438 4075 (32)
3473 4013 3486 4068 ;
3526 4016 3554 4051 ››
3618 4013 3745 4054 non

339 4097 368 4129 ‹‹
426 4074 665 4152 lapides
746 4077 1110 4156 quoslibet,
1172 4079 1281 4137 sed
1355 4100 1385 4134 «
1444 4077 1753 4138 herculeis
1837 4074 2265 4138 sublimiorem
2350 4077 2887 4155 insignioremqne
2935 4074 3329 4136 icolumnam
3393 4074 3425 4134 »’
3509 4075 3748 4154 duplici

331 4171 523 4233 scOpo
556 4155 787 4218 excidit
819 4164 881 4218 et
903 4160 1174 4232 ornavit,
1209 4175 1399 4236 quam
1460 4177 1586 4219 non
1644 4158 1751 4217 uni
1808 4159 2026 4231 ﬁxam,
2065 4159 2174 4218 sed
2229 4158 2402 4218 omni
2462 4157 2759 4217 mobilem
2792 4158 2932 4217 loco
2989 4175 3063 4216 ac
3121 4164 3425 4234 tempore,
3461 4161 3523 4215 et
3577 4164 3746 4234 Apo-

328 4241 508 4296 statas
564 4238 905 4298 sceleribus
943 4284 958 4312 ,
1016 4245 1078 4300 et
1132 4244 1524 4316 posterorum
1589 4238 2008 4299 admonitioni
2064 4245 2340 4300 statuere
2398 4237 2758 4314 cogitabat.
2823 4237 2890 4296 Id
2952 4255 3227 4315 namque
3275 4237 3614 4313 Gregorius
3672 4236 3750 4294 de

328 4317 734 4398 Orationibus
821 4318 948 4378 suis
1046 4325 1420 4381 consecutus
1503 4326 1644 4391 est,
1704 4325 1775 4378 ut
1850 4318 2124 4398 explosis
2206 4319 2546 4391 laudibus,
2608 4337 2767 4396 quas
2850 4319 2913 4378 in
2997 4319 3320 4378 lulianum
3407 4317 3747 4398 Eunapius,

328 4397 675 4470 Libanius,
737 4398 1080 4472 Callistus,
1142 4401 1478 4478 czeterique
1537 4399 1897 4460 adulatores
1934 4397 2269 4478 iperverse
2352 4404 2844 4476 congesserant,
2906 4405 3206 4459 aeternam
3295 4398 3535 4458 nomini
3617 4397 3752 4474 ejus

329 4483 555 4558 notam
603 4478 883 4558 inureret
916 4525 931 4540 .
986 4481 1052 4540 1n
1107 4479 1295 4557 hujus
1363 4480 1599 4540 laboris
1657 4499 1729 4539 ac
1786 4480 2004 4558 gloriae
2060 4481 2424 4541 societatem
2483 4479 2760 4557 aliquam
2823 4497 3049 4538 vocare
3099 4478 3390 4538 Basilium
3429 4523 3443 4550 ,
3477 4497 3551 4537 eo
3607 4495 3752 4538 cum

326 4557 604 4638 Batonio
638 4555 768 4637 (33)
795 4578 1086 4620 veremur
1118 4555 1343 4631 minus,
1379 4561 1570 4638 quod,
1608 4555 1822 4619 anime
1881 4568 2073 4638 atque
2131 4561 2320 4620 etiam
2380 4561 2520 4620 loco
2553 4555 2686 4618 tum
2747 4558 3087 4636 conjuncti,
3125 4558 3312 4619 ambo
3370 4559 3430 4617 in
3493 4558 3568 4616 iis
3597 4562 3754 4638 Ora-

326 4636 609 4720 tionibus
639 4636 815 4717 loqui
860 4641 1235 4700 videantur:
1276 4664 1305 4695 ‹‹
1339 4636 1474 4700 haec
1534 4640 1670 4712 tibi,
1711 4663 1738 4694 »
1794 4636 2001 4720 inquit
2057 4639 2203 4720 (34),
2246 4662 2274 4698 ιι
2333 4639 2598 4700 Basilius
2654 4644 2718 4699 et
2774 4639 3111 4720 Gregorius
3170 4638 3582 4720 conatus_tui
3640 4637 3751 4696 ad-

326 4717 614 4799 versarii,
649 4728 770 4799 etc.
810 4743 838 4774 ››
873 4722 1155 4799 Utroque
1215 4728 1380 4781 certe
1440 4726 1586 4780 sunt
1641 4720 1848 4797 digna:
1885 4717 1937 4776 “‹‹
1987 4717 2340 4791 Grationes,
2401 4738 2670 4798 quarum
2739 4719 3202 4790 excellentiam,
3240 4742 3268 4773 »
3302 4717 3509 4799 inquit
3562 4720 3757 4777 Baro-

328 4799 472 4857 nius
505 4797 643 4878 (35),
688 4822 718 4856 «
749 4798 920 4860 haud
951 4797 1103 4862 satis
1134 4801 1324 4879 digne
1402 4807 1504 4861 74
1535 4801 1797 4860 laudare
1837 4809 2072 4878 queant
2118 4797 2450 4862 clarissimi
2507 4807 2831 4871 oratores;
2867 4818 3099 4877 easque
3157 4797 3433 4878 prudens
3491 4799 3758 4879 quisque

327 4879 561 4938 dixerit
606 4877 759 4940 duo
818 4881 1085 4940 fulmina
1168 4877 1397 4960 magno
1457 4899 1598 4942 cum
1657 4877 1906 4959 fragore
1963 4883 2276 4956 tonitrui,
2340 4881 2622 4943 veritatis
2681 4880 2823 4941 luce
2882 4877 3192 4954 corusca,
3251 4879 3316 4939 in
3370 4877 3756 4939 horrendum

328 4965 683 5019 monstrum
718 4960 928 5021 valido
959 4962 1200 5040 impetu
1231 4963 1479 5023 coelitus
1511 4961 1723 5022 missa.
1759 4983 1788 5020 »

408 5039 513 5100 III.
577 5042 915 5102 Facessant
969 5039 1185 5120 igitur,
1246 5048 1307 5103 et
1364 5043 1415 5102 si
1473 5043 1614 5122 quis
1670 5043 1876 5122 pudor
1909 5087 1923 5114 ,
1985 5042 2243 5104 latebris
2299 5059 2432 5102 sese
2489 5041 2806 5101 occultent
2867 5040 3181 5102 temerarii
3239 5039 3575 5118 scriptores
3609 5084 3623 5110 ,
3684 5057 3762 5099 ne

2027 5179 2074 5243 B
2101 5177 2270 5247 τικῶς
2300 5171 2534 5247 πρᾴεισι,
2565 5173 2702 5247 trajecit
2730 5177 2831 5226 πᾶν
2867 5171 3009 5234 εἶδος
3047 5179 3149 5242 τῆς
3197 5169 3400 5246 τέχνης
3458 5169 3759 5247 στρεφόμε-

555 5169 670 5247 Οὗκ
724 5169 932 5247 ἄδηλος
993 5173 1020 5226 6
1082 5167 1304 5247 σκοπρς.
1363 5173 1623 5247 Tﬁvaou
1654 5167 1995 5247 __1:a.pa63'rcou

2105 5245 2197 5307 νός
2226 5265 2286 5299 τε
2314 5241 2403 5298 καὶ
2433 5241 2885 5316 ποικιλλόμενος.

325 5240 661 5319 στηλιτεύων
706 5240 1338 5319 κακία-θηκαιᾳπολλμοξίς
1390 5243 1548 5319 αὐτὸν
1600 5240 1826 5319 βάλλῶν
1877 5249 1992 5306 τοῖς

327 5310 762 5388 ἐγχειρήμασιν
783 5315 845 5369 οὐ
883 5310 1044 5388 μόνον
1075 5312 1154 5388 δὶ,
1213 5314 1360 5370 ἀλλά
1388 5315 1478 5388 καὶ
1507 5310 1622 5378 τοῖς
1665 5315 1829 5388 αἰξτοῦ
1863 5337 1990 5370 πτε-

2370 5317 2442 5358 iis:
2480 5317 2633 5358 {Ir-oo-
2686 5325 2740 5358 at
2771 5334 2929 5358 nnrm
2991 5334 3007 5358 r
3060 5333 3096 5358 ν
3148 5317 3210 5358 9.1:

328 5317 750 5385 ἐγχειρήμασιν·
783 5317 845 5369 οὐ
883 5317 1044 5388 μόνον
1075 5317 1154 5381 δὶ,
1213 5317 1360 5370 ἀλλὰ
1388 5317 1478 5370 καὶ
1507 5317 1622 5378 τοῖς
1665 5317 1829 5370 αὐτοῦ
1863 5337 1990 5370 πτε-
2181 5320 2269 5385 (29
2322 5317 2449 5373 Vita
2480 5317 2648 5390 Greg.
2686 5325 2742 5372 et
2771 5334 2952 5372 carm.
2991 5334 3028 5388 Ι,
3060 5333 3114 5369 ν.
3148 5317 3275 5371 241.

328 5388 448 5460 ροξς
474 5385 986 5460 κατατοξεύωνλοῖς
1131 5386 1333 5460 ἐκεῖνο-ς
1386 5387 1620 5459 ἐπήρθη,
1652 5387 1739 5442 καὶ
1778 5388 1989 5459 μύθοις,
2175 5324 2291 5460 (30)
2321 5389 2416 5444 Or.
2453 5407 2505 5460 ν,
2541 5407 2597 5444 n.
2629 5389 2740 5451 24;
2775 5394 2917 5444 orat.
2953 5405 3016 5458 II,
3051 5406 3106 5442 η.
3139 5388 3229 5442 87·

324 5453 416 5534 καξ
474 5453 759 5534 ἱστορίαις,
809 5453 920 5534 καὶ-
952 5457 1248 5534 σοφίσμασι
1296 5453 1891 5534 δολεροῗς,”γοητείαις
1938 5453 1996 5513 τε
2179 5453 2292 5534 (31)
2455 5453 2511 5514 ν’.

325 5525 418 5579 καὶ
471 5525 703 5598 θυσίαις,
753 5529 845 5581 καὶ
897 5526 981 5583 ὃαι
1031 5525 1168 5583 ὗνῶν
1219 5525 1448 5592 ἀπάταις
1484 5525 1982 5604 τεκαὶχρησμοῖς,

326 5601 446 5657 καθ’
516 5598 678 5657 ἡμῶν
738 5619 797 5652 τε
853 5599 940 5653 καί
993 5551 1232 5657 amato?)
1300 5597 1600 5657 ἐξυϐρίσας.
1650 5601 1972 5657 ἐπτερύξατο

2180 5525 2291 5606 (32)
2459 5549 2534 5586 v1.

2180 5604 2291 5657 {33)
2335 5605 2464 5657 Bar.
2499 5602 2571 5657 ad
2601 5618 2824 5657 annum
2855 5602 2982 5657 363.
3023 5605 3065 5657 t.
3101 5601 3197 5657 ιν.
3231 5619 3287 5657 n.
3326 5603 3428 5657 146

326 5605 446 5658 καθ’
516 5605 678 5685 ἡμῶν
738 5619 797 5684 τε
853 5605 940 5653 καί
997 5605 1232 5690 Χριστοῦ
1300 5605 1600 5678 ἐξυὸρίσας,
1650 5605 1993 5675 ἐπτερύξατο.
2180 5605 2294 5748 (33)
2335 5605 2464 5658 Bar.
2499 5605 2571 5658 ad
2601 5618 2824 5658 annum
2855 5605 2982 5671 363,
3023 5605 3065 5657 ι.
3101 5605 3197 5673 IV,
3231 5619 3287 5674 p.
3326 5605 3447 5657 146.

327 5666 606 5748 Ηλείσνης
641 5669 1164 5748 οεὸσηςτῆς-ὓλης
1216 5674 1600 5748 ὑποκειμένης,
1655 5671 1828 5748 πολύς
1888 5675 1997 5748 ἐστι
2325 5674 2419 5730 Or.
2451 5691 2609 5748 v,An._
2636 5673 2722 5727 40.

2181 5745 2295 5817 (35)
2328 5752 2482 5802 Ann.
2513 5746 2640 5812 363,
2670 5761 2728 5816 p.
2764 5745 2890 5802 144.

325 5743 406 5811 τῷ
437 5740 604 5816 πατρὶ
631 5739 720 5796 καὶ
754 5742 782 5796 ὁ
813 5747 914 5811 τῆς
953 5739 1158 5818 τέχνης
1209 5739 1620 5821 σχηματισμός.
1654 5746 1736 5815 Ηή
1814 5745 1869 5800 εν
1895 5747 1998 5821 γὰρ

325 5816 744 5872 πανηγυρικῶς.
777 5814 855 5872 πή
891 5810 948 5870 δὲ
980 5811 1289 5872 δικανικῶς.
1321 5818 1400 5872 πῆ
1430 5814 1487 5872 δὲ
1515 5816 1606 5872 καὶ
1657 5766 1998 5872 συμὲουλευ-

325 5810 744 5889 πανηγυρικῶς,
777 5810 948 5884 πήνδὲ
980 5810 1400 5890 δίκανικῶςξ’πὴ
1430 5810 1606 5873 δὲ’καὶ
1657 5810 2001 5891 συμϐουλεύ-
