  <div class='ocr_page' id='page_1' title='image "/cluster/home/n/w/nwhite01/storage/ocr_20150623/35:no.1/coo.31924054869320/269.png"; bbox 0 0 2055 3229; ppageno 0'>
   <div class='ocr_carea' id='block_1_1' title="bbox 164 206 1930 242">
    <p class='ocr_par' dir='ltr' id='par_1_1' title="bbox 164 206 1930 242">
     <span class='ocr_line' id='line_1_1' title="bbox 164 206 1930 242; baseline 0 0"><span class='ocrx_word' id='word_1_1' title='bbox 164 210 223 242; x_wconf 73' lang='lat'>527</span> <span class='ocrx_word' id='word_1_2' title='bbox 790 208 821 238; x_wconf 90' lang='lat' dir='ltr'>S.</span> <span class='ocrx_word' id='word_1_3' title='bbox 846 206 1033 238; x_wconf 77' lang='lat' dir='ltr'>GREGORII</span> <span class='ocrx_word' id='word_1_4' title='bbox 1056 206 1255 238; x_wconf 78' lang='lat' dir='ltr'>THEOLOGI</span> <span class='ocrx_word' id='word_1_5' title='bbox 1819 207 1884 242; x_wconf 63' lang='lat'>8”</span> <span class='ocrx_word' id='word_1_6' title='bbox 1927 210 1930 211; x_wconf 54' lang='grc'><strong><em>⁷</em></strong></span> 
     </span>
    </p>
   </div>
   <div class='ocr_carea' id='block_1_2' title="bbox 165 271 1886 317">
    <p class='ocr_par' dir='ltr' id='par_1_2' title="bbox 165 271 1886 317">
     <span class='ocr_line' id='line_1_2' title="bbox 165 271 1886 317; baseline 0.001 -10"><span class='ocrx_word' id='word_1_7' title='bbox 165 276 242 317; x_wconf 89' lang='lat' dir='ltr'>quid</span> <span class='ocrx_word' id='word_1_8' title='bbox 268 275 415 317; x_wconf 81' lang='lat' dir='ltr'>acerbius</span> <span class='ocrx_word' id='word_1_9' title='bbox 440 274 554 317; x_wconf 81' lang='lat' dir='ltr'>dicam,</span> <span class='ocrx_word' id='word_1_10' title='bbox 585 274 649 317; x_wconf 71' lang='lat' dir='ltr'>qui</span> <span class='ocrx_word' id='word_1_11' title='bbox 668 273 814 317; x_wconf 82' lang='lat' dir='ltr'>Eunapii,</span> <span class='ocrx_word' id='word_1_12' title='bbox 851 271 982 317; x_wconf 63' lang='lat' dir='ltr'>gazimi,</span> <span class='ocrx_word' id='word_1_13' title='bbox 1000 273 1120 304; x_wconf 85' lang='lat' dir='ltr'>Libanii</span> <span class='ocrx_word' id='word_1_14' title='bbox 1150 273 1289 317; x_wconf 83' lang='lat' dir='ltr'>vestigiis</span> <span class='ocrx_word' id='word_1_15' title='bbox 1327 273 1536 317; x_wconf 72' lang='lat' dir='ltr'>inhaerentes,</span> <span class='ocrx_word' id='word_1_16' title='bbox 1567 275 1718 306; x_wconf 82' lang='lat' dir='ltr'>miserum</span> <span class='ocrx_word' id='word_1_17' title='bbox 1748 276 1886 316; x_wconf 73' lang='lat' dir='ltr'>Aposta-</span> 
     </span>
    </p>
   </div>
   <div class='ocr_carea' id='block_1_3' title="bbox 164 314 1887 349">
    <p class='ocr_par' dir='ltr' id='par_1_3' title="bbox 164 314 1887 349">
     <span class='ocr_line' id='line_1_3' title="bbox 164 314 1887 349; baseline -0.001 -1"><span class='ocrx_word' id='word_1_18' title='bbox 164 314 230 348; x_wconf 55' lang='lat' dir='ltr'>t&#39;sm</span> <span class='ocrx_word' id='word_1_19' title='bbox 253 326 317 347; x_wconf 90' lang='lat' dir='ltr'>non</span> <span class='ocrx_word' id='word_1_20' title='bbox 346 316 440 347; x_wconf 92' lang='lat' dir='ltr'>modo</span> <span class='ocrx_word' id='word_1_21' title='bbox 470 316 615 346; x_wconf 76' lang='lat' dir='ltr'>maximis</span> <span class='ocrx_word' id='word_1_22' title='bbox 642 315 800 345; x_wconf 86' lang='lat' dir='ltr'>laudimus</span> <span class='ocrx_word' id='word_1_23' title='bbox 828 314 972 349; x_wconf 76' lang='lat' dir='ltr'>efferunt,</span> <span class='ocrx_word' id='word_1_24' title='bbox 991 323 1099 344; x_wconf 87' lang='lat' dir='ltr'>verum</span> <span class='ocrx_word' id='word_1_25' title='bbox 1129 314 1223 344; x_wconf 87' lang='lat' dir='ltr'>etiam</span> <span class='ocrx_word' id='word_1_26' title='bbox 1248 323 1317 344; x_wconf 87' lang='lat' dir='ltr'>eam</span> <span class='ocrx_word' id='word_1_27' title='bbox 1350 315 1569 345; x_wconf 77' lang='lat' dir='ltr'>laudationem</span> <span class='ocrx_word' id='word_1_28' title='bbox 1601 324 1672 346; x_wconf 90' lang='lat' dir='ltr'>cum</span> <span class='ocrx_word' id='word_1_29' title='bbox 1703 314 1887 347; x_wconf 78' lang='lat' dir='ltr'>sanctorum</span> 
     </span>
    </p>
   </div>
   <div class='ocr_carea' id='block_1_4' title="bbox 165 354 1888 396">
    <p class='ocr_par' dir='ltr' id='par_1_4' title="bbox 165 354 1888 396">
     <span class='ocr_line' id='line_1_4' title="bbox 165 354 1888 396; baseline 0 -8"><span class='ocrx_word' id='word_1_30' title='bbox 165 359 296 388; x_wconf 87' lang='lat' dir='ltr'>Patrum</span> <span class='ocrx_word' id='word_1_31' title='bbox 323 357 552 396; x_wconf 79' lang='lat' dir='ltr'>vituperatione</span> <span class='ocrx_word' id='word_1_32' title='bbox 582 365 617 386; x_wconf 88' lang='lat' dir='ltr'>ac</span> <span class='ocrx_word' id='word_1_33' title='bbox 646 355 814 385; x_wconf 78' lang='lat' dir='ltr'>Christiani</span> <span class='ocrx_word' id='word_1_34' title='bbox 844 355 981 396; x_wconf 81' lang='lat' dir='ltr'>nominis</span> <span class='ocrx_word' id='word_1_35' title='bbox 1009 354 1150 396; x_wconf 73' lang='lat' dir='ltr'>injuria,</span> <span class='ocrx_word' id='word_1_36' title='bbox 1181 354 1407 394; x_wconf 84' lang='lat' dir='ltr'>conjungunt.</span> <span class='ocrx_word' id='word_1_37' title='bbox 1439 356 1513 390; x_wconf 87' lang='lat' dir='ltr'>Quis</span> <span class='ocrx_word' id='word_1_38' title='bbox 1544 356 1651 386; x_wconf 85' lang='lat' dir='ltr'>tulerit</span> <span class='ocrx_word' id='word_1_39' title='bbox 1679 357 1806 388; x_wconf 86' lang='lat' dir='ltr'>Petrum</span> <span class='ocrx_word' id='word_1_40' title='bbox 1830 358 1888 388; x_wconf 87' lang='lat' dir='ltr'>Cu-</span> 
     </span>
    </p>
   </div>
   <div class='ocr_carea' id='block_1_5' title="bbox 166 395 1886 437">
    <p class='ocr_par' dir='ltr' id='par_1_5' title="bbox 166 395 1886 437">
     <span class='ocr_line' id='line_1_5' title="bbox 166 395 1886 437; baseline -0.001 -8"><span class='ocrx_word' id='word_1_41' title='bbox 166 407 274 429; x_wconf 69' lang='lat' dir='ltr'>nmum</span> <span class='ocrx_word' id='word_1_42' title='bbox 290 398 353 437; x_wconf 85' lang='lat'>(36)</span> <span class='ocrx_word' id='word_1_43' title='bbox 385 395 575 427; x_wconf 82' lang='lat' dir='ltr'>asserentem</span> <span class='ocrx_word' id='word_1_44' title='bbox 594 408 609 424; x_wconf 82' lang='lat'>«</span> <span class='ocrx_word' id='word_1_45' title='bbox 625 397 708 425; x_wconf 85' lang='lat' dir='ltr'>viros</span> <span class='ocrx_word' id='word_1_46' title='bbox 723 396 839 435; x_wconf 81' lang='lat' dir='ltr'>pietate</span> <span class='ocrx_word' id='word_1_47' title='bbox 865 395 1150 437; x_wconf 29' lang='lat' dir='ltr'>insigneststudio</span> <span class='ocrx_word' id='word_1_48' title='bbox 1180 396 1319 437; x_wconf 85' lang='lat' dir='ltr'>partium</span> <span class='ocrx_word' id='word_1_49' title='bbox 1350 396 1527 426; x_wconf 74' lang='lat' dir='ltr'>obcaecatos</span> <span class='ocrx_word' id='word_1_50' title='bbox 1556 399 1587 426; x_wconf 91' lang='lat' dir='ltr'>et</span> <span class='ocrx_word' id='word_1_51' title='bbox 1613 406 1767 436; x_wconf 79' lang='lat' dir='ltr'>perquam</span> <span class='ocrx_word' id='word_1_52' title='bbox 1796 406 1886 429; x_wconf 75' lang='lat' dir='ltr'>aeer~</span> 
     </span>
    </p>
   </div>
   <div class='ocr_carea' id='block_1_6' title="bbox 167 435 1886 476">
    <p class='ocr_par' dir='ltr' id='par_1_6' title="bbox 167 435 1886 476">
     <span class='ocr_line' id='line_1_6' title="bbox 167 435 1886 476; baseline -0.001 -7"><span class='ocrx_word' id='word_1_53' title='bbox 167 439 226 469; x_wconf 89' lang='lat' dir='ltr'>bos</span> <span class='ocrx_word' id='word_1_54' title='bbox 241 435 357 474; x_wconf 81' lang='lat' dir='ltr'>fuisse;</span> <span class='ocrx_word' id='word_1_55' title='bbox 377 451 390 465; x_wconf 79' lang='grc' dir='ltr'>ι)</span> <span class='ocrx_word' id='word_1_56' title='bbox 407 438 544 476; x_wconf 88' lang='lat' dir='ltr'>indeque</span> <span class='ocrx_word' id='word_1_57' title='bbox 560 437 720 472; x_wconf 83' lang='lat' dir='ltr'>accidisse,</span> <span class='ocrx_word' id='word_1_58' title='bbox 739 448 752 463; x_wconf 80' lang='grc' dir='ltr'><strong>ι(</strong></span> <span class='ocrx_word' id='word_1_59' title='bbox 784 439 820 465; x_wconf 89' lang='lat' dir='ltr'>ut</span> <span class='ocrx_word' id='word_1_60' title='bbox 848 444 919 465; x_wconf 91' lang='lat' dir='ltr'>cum</span> <span class='ocrx_word' id='word_1_61' title='bbox 949 435 988 465; x_wconf 90' lang='lat' dir='ltr'>de</span> <span class='ocrx_word' id='word_1_62' title='bbox 1017 435 1064 472; x_wconf 90' lang='lat' dir='ltr'>iis,</span> <span class='ocrx_word' id='word_1_63' title='bbox 1083 435 1138 474; x_wconf 87' lang='lat' dir='ltr'>qui</span> <span class='ocrx_word' id='word_1_64' title='bbox 1166 436 1243 465; x_wconf 91' lang='lat' dir='ltr'>olim</span> <span class='ocrx_word' id='word_1_65' title='bbox 1274 436 1391 473; x_wconf 83' lang='lat' dir='ltr'>vixere,</span> <span class='ocrx_word' id='word_1_66' title='bbox 1415 435 1793 475; x_wconf 31' lang='lat' dir='ltr'>principibus’judicium</span> <span class='ocrx_word' id='word_1_67' title='bbox 1821 438 1886 469; x_wconf 83' lang='lat' dir='ltr'>fer-</span> 
     </span>
    </p>
   </div>
   <div class='ocr_carea' id='block_1_7' title="bbox 167 476 1886 517">
    <p class='ocr_par' dir='ltr' id='par_1_7' title="bbox 167 476 1886 517">
     <span class='ocr_line' id='line_1_7' title="bbox 167 476 1886 517; baseline -0.001 -7"><span class='ocrx_word' id='word_1_68' title='bbox 167 483 232 517; x_wconf 83' lang='lat' dir='ltr'>tur,</span> <span class='ocrx_word' id='word_1_69' title='bbox 250 479 382 508; x_wconf 89' lang='lat' dir='ltr'>multum</span> <span class='ocrx_word' id='word_1_70' title='bbox 398 487 456 508; x_wconf 90' lang='lat' dir='ltr'>nos</span> <span class='ocrx_word' id='word_1_71' title='bbox 484 477 621 516; x_wconf 80' lang='lat' dir='ltr'>decipiat</span> <span class='ocrx_word' id='word_1_72' title='bbox 655 480 796 506; x_wconf 78' lang='lat' dir='ltr'>veterum</span> <span class='ocrx_word' id='word_1_73' title='bbox 827 476 1048 514; x_wconf 86' lang='lat' dir='ltr'>quorumdam,</span> <span class='ocrx_word' id='word_1_74' title='bbox 1068 485 1147 517; x_wconf 88' lang='lat' dir='ltr'>quos</span> <span class='ocrx_word' id='word_1_75' title='bbox 1175 476 1208 505; x_wconf 90' lang='lat' dir='ltr'>in</span> <span class='ocrx_word' id='word_1_76' title='bbox 1242 476 1380 517; x_wconf 67' lang='lat' dir='ltr'>Ecclesia</span> <span class='ocrx_word' id='word_1_77' title='bbox 1409 477 1464 506; x_wconf 86' lang='lat' dir='ltr'>Dei</span> <span class='ocrx_word' id='word_1_78' title='bbox 1492 477 1594 507; x_wconf 85' lang='lat' dir='ltr'>claros</span> <span class='ocrx_word' id='word_1_79' title='bbox 1622 481 1718 517; x_wconf 89' lang='lat' dir='ltr'>atque</span> <span class='ocrx_word' id='word_1_80' title='bbox 1746 478 1886 509; x_wconf 73' lang='lat' dir='ltr'>illustres</span> 
     </span>
    </p>
   </div>
   <div class='ocr_carea' id='block_1_8' title="bbox 167 516 1885 556">
    <p class='ocr_par' dir='ltr' id='par_1_8' title="bbox 167 516 1885 556">
     <span class='ocr_line' id='line_1_8' title="bbox 167 516 1885 556; baseline 0 -7"><span class='ocrx_word' id='word_1_81' title='bbox 167 520 262 550; x_wconf 83' lang='lat' dir='ltr'>fuisse</span> <span class='ocrx_word' id='word_1_82' title='bbox 276 520 400 555; x_wconf 83' lang='lat' dir='ltr'>scimus,</span> <span class='ocrx_word' id='word_1_83' title='bbox 420 519 605 548; x_wconf 76' lang='lat' dir='ltr'>auctoritas.</span> <span class='ocrx_word' id='word_1_84' title='bbox 625 530 638 544; x_wconf 73' lang='grc' dir='ltr'>γ)</span> <span class='ocrx_word' id='word_1_85' title='bbox 657 518 704 547; x_wconf 86' lang='lat' dir='ltr'>Me</span> <span class='ocrx_word' id='word_1_86' title='bbox 734 517 831 556; x_wconf 92' lang='lat' dir='ltr'>pudet</span> <span class='ocrx_word' id='word_1_87' title='bbox 858 519 973 546; x_wconf 80' lang='lat' dir='ltr'>caetera</span> <span class='ocrx_word' id='word_1_88' title='bbox 1002 516 1135 555; x_wconf 83' lang='lat' dir='ltr'>posequi</span> <span class='ocrx_word' id='word_1_89' title='bbox 1162 525 1233 555; x_wconf 82' lang='lat' dir='ltr'>quae</span> <span class='ocrx_word' id='word_1_90' title='bbox 1250 516 1281 545; x_wconf 94' lang='lat' dir='ltr'>in</span> <span class='ocrx_word' id='word_1_91' title='bbox 1312 519 1437 546; x_wconf 87' lang='lat' dir='ltr'>sanctos</span> <span class='ocrx_word' id='word_1_92' title='bbox 1466 517 1578 547; x_wconf 83' lang='lat' dir='ltr'>Patres</span> <span class='ocrx_word' id='word_1_93' title='bbox 1607 516 1671 556; x_wconf 85' lang='lat' dir='ltr'>per</span> <span class='ocrx_word' id='word_1_94' title='bbox 1690 518 1885 550; x_wconf 72' lang='lat' dir='ltr'>calumniam</span> 
     </span>
    </p>
   </div>
   <div class='ocr_carea' id='block_1_9' title="bbox 169 556 1885 597">
    <p class='ocr_par' dir='ltr' id='par_1_9' title="bbox 169 556 1885 597">
     <span class='ocr_line' id='line_1_9' title="bbox 169 556 1885 597; baseline 0.001 -8"><span class='ocrx_word' id='word_1_95' title='bbox 169 559 296 595; x_wconf 86' lang='lat' dir='ltr'>evomit,</span> <span class='ocrx_word' id='word_1_96' title='bbox 314 569 350 589; x_wconf 85' lang='lat' dir='ltr'>ac</span> <span class='ocrx_word' id='word_1_97' title='bbox 378 568 448 597; x_wconf 83' lang='lat' dir='ltr'>quae</span> <span class='ocrx_word' id='word_1_98' title='bbox 478 559 614 597; x_wconf 79' lang='lat' dir='ltr'>gloriose</span> <span class='ocrx_word' id='word_1_99' title='bbox 643 556 795 597; x_wconf 64' lang='lat' dir='ltr'>prtedicat</span> <span class='ocrx_word' id='word_1_100' title='bbox 823 556 862 586; x_wconf 90' lang='lat' dir='ltr'>de</span> <span class='ocrx_word' id='word_1_101' title='bbox 891 556 1028 592; x_wconf 84' lang='lat' dir='ltr'>Juliano,</span> <span class='ocrx_word' id='word_1_102' title='bbox 1059 564 1153 597; x_wconf 83' lang='lat' dir='ltr'>quem</span> <span class='ocrx_word' id='word_1_103' title='bbox 1184 556 1391 597; x_wconf 80' lang='lat' dir='ltr'>constantino</span> <span class='ocrx_word' id='word_1_104' title='bbox 1419 557 1514 597; x_wconf 86' lang='lat' dir='ltr'>longe</span> <span class='ocrx_word' id='word_1_105' title='bbox 1540 559 1792 597; x_wconf 76' lang='lat' dir='ltr'>praestantiorem</span> <span class='ocrx_word' id='word_1_106' title='bbox 1819 568 1885 590; x_wconf 86' lang='lat' dir='ltr'>non</span> 
     </span>
    </p>
   </div>
   <div class='ocr_carea' id='block_1_10' title="bbox 168 596 1884 637">
    <p class='ocr_par' dir='ltr' id='par_1_10' title="bbox 168 596 1884 637">
     <span class='ocr_line' id='line_1_10' title="bbox 168 596 1884 637; baseline 0 -7"><span class='ocrx_word' id='word_1_107' title='bbox 168 603 294 630; x_wconf 89' lang='lat' dir='ltr'>veretur</span> <span class='ocrx_word' id='word_1_108' title='bbox 322 596 459 629; x_wconf 76' lang='lat' dir='ltr'>asserere</span> <span class='ocrx_word' id='word_1_109' title='bbox 477 596 490 635; x_wconf 45' lang='grc'>,⁷</span> <span class='ocrx_word' id='word_1_110' title='bbox 515 601 546 628; x_wconf 88' lang='lat' dir='ltr'>et</span> <span class='ocrx_word' id='word_1_111' title='bbox 574 608 610 628; x_wconf 89' lang='lat' dir='ltr'>eo</span> <span class='ocrx_word' id='word_1_112' title='bbox 640 607 738 637; x_wconf 90' lang='lat' dir='ltr'>usque</span> <span class='ocrx_word' id='word_1_113' title='bbox 768 596 1165 637; x_wconf 20' lang='lat' dir='ltr'>progrediturrimpietatis</span> <span class='ocrx_word' id='word_1_114' title='bbox 1182 619 1189 633; x_wconf 94' lang='lat'>,</span> <span class='ocrx_word' id='word_1_115' title='bbox 1218 596 1282 626; x_wconf 91' lang='lat' dir='ltr'>imo</span> <span class='ocrx_word' id='word_1_116' title='bbox 1312 596 1549 633; x_wconf 21' lang='lat' dir='ltr'>amentim,&#39;uti</span> <span class='ocrx_word' id='word_1_117' title='bbox 1565 598 1674 635; x_wconf 85' lang='lat' dir='ltr'>dicat,</span> <span class='ocrx_word' id='word_1_118' title='bbox 1708 611 1723 626; x_wconf 90' lang='lat'>«</span> <span class='ocrx_word' id='word_1_119' title='bbox 1752 599 1884 630; x_wconf 77' lang='lat' dir='ltr'>subiisse</span> 
     </span>
    </p>
   </div>
   <div class='ocr_carea' id='block_1_11' title="bbox 169 636 1883 676">
    <p class='ocr_par' dir='ltr' id='par_1_11' title="bbox 169 636 1883 676">
     <span class='ocr_line' id='line_1_11' title="bbox 169 636 1883 676; baseline 0.004 -12"><span class='ocrx_word' id='word_1_120' title='bbox 169 640 310 670; x_wconf 67' lang='lat' dir='ltr'>animum</span> <span class='ocrx_word' id='word_1_121' title='bbox 340 648 430 669; x_wconf 77' lang='lat' dir='ltr'>suum</span> <span class='ocrx_word' id='word_1_122' title='bbox 460 639 579 669; x_wconf 70' lang='lat' dir='ltr'>Juliani</span> <span class='ocrx_word' id='word_1_123' title='bbox 608 638 899 673; x_wconf 78' lang='lat' dir='ltr'>venerationem;»</span> <span class='ocrx_word' id='word_1_124' title='bbox 931 636 990 665; x_wconf 89' lang='lat' dir='ltr'>viri</span> <span class='ocrx_word' id='word_1_125' title='bbox 1020 637 1167 666; x_wconf 83' lang='lat' dir='ltr'>nimirum</span> <span class='ocrx_word' id='word_1_126' title='bbox 1197 637 1288 676; x_wconf 81' lang='lat' dir='ltr'>cujus</span> <span class='ocrx_word' id='word_1_127' title='bbox 1314 637 1507 667; x_wconf 83' lang='lat' dir='ltr'>exsecranda</span> <span class='ocrx_word' id='word_1_128' title='bbox 1536 638 1683 668; x_wconf 91' lang='lat' dir='ltr'>omnibus</span> <span class='ocrx_word' id='word_1_129' title='bbox 1712 641 1795 669; x_wconf 88' lang='lat' dir='ltr'>retro</span> <span class='ocrx_word' id='word_1_130' title='bbox 1824 648 1883 670; x_wconf 68' lang='lat' dir='ltr'>saa-</span> 
     </span>
    </p>
   </div>
   <div class='ocr_carea' id='block_1_12' title="bbox 171 676 1882 718">
    <p class='ocr_par' dir='ltr' id='par_1_12' title="bbox 171 676 1882 718">
     <span class='ocr_line' id='line_1_12' title="bbox 171 676 1882 718; baseline 0 -8"><span class='ocrx_word' id='word_1_131' title='bbox 171 680 250 710; x_wconf 88' lang='lat' dir='ltr'>culis</span> <span class='ocrx_word' id='word_1_132' title='bbox 265 680 333 716; x_wconf 87' lang='lat' dir='ltr'>fuit,</span> <span class='ocrx_word' id='word_1_133' title='bbox 361 680 480 718; x_wconf 85' lang='lat' dir='ltr'>eritque</span> <span class='ocrx_word' id='word_1_134' title='bbox 509 688 634 718; x_wconf 88' lang='lat' dir='ltr'>semper</span> <span class='ocrx_word' id='word_1_135' title='bbox 663 678 824 708; x_wconf 82' lang='lat' dir='ltr'>memoria.</span> <span class='ocrx_word' id='word_1_136' title='bbox 857 677 992 707; x_wconf 85' lang='lat' dir='ltr'>Clericus</span> <span class='ocrx_word' id='word_1_137' title='bbox 1021 678 1080 716; x_wconf 78' lang='lat'>(37)</span> <span class='ocrx_word' id='word_1_138' title='bbox 1111 676 1222 718; x_wconf 88' lang='lat' dir='ltr'>eodem</span> <span class='ocrx_word' id='word_1_139' title='bbox 1252 686 1288 707; x_wconf 89' lang='lat' dir='ltr'>ac</span> <span class='ocrx_word' id='word_1_140' title='bbox 1317 678 1450 707; x_wconf 69' lang='lat' dir='ltr'>Cunazus</span> <span class='ocrx_word' id='word_1_141' title='bbox 1479 677 1589 708; x_wconf 88' lang='lat' dir='ltr'>delirio</span> <span class='ocrx_word' id='word_1_142' title='bbox 1618 682 1759 716; x_wconf 86' lang='lat' dir='ltr'>vexatus,</span> <span class='ocrx_word' id='word_1_143' title='bbox 1777 679 1882 710; x_wconf 85' lang='lat' dir='ltr'>Theo-</span> 
     </span>
    </p>
   </div>
   <div class='ocr_carea' id='block_1_13' title="bbox 170 717 1882 760">
    <p class='ocr_par' dir='ltr' id='par_1_13' title="bbox 170 717 1882 760">
     <span class='ocr_line' id='line_1_13' title="bbox 170 717 1882 760; baseline 0 -9"><span class='ocrx_word' id='word_1_144' title='bbox 170 721 243 759; x_wconf 89' lang='lat' dir='ltr'>logo</span> <span class='ocrx_word' id='word_1_145' title='bbox 275 732 290 747; x_wconf 92' lang='grc'>‹‹</span> <span class='ocrx_word' id='word_1_146' title='bbox 319 717 525 750; x_wconf 80' lang='lat' dir='ltr'>acerbitatem</span> <span class='ocrx_word' id='word_1_147' title='bbox 556 717 712 760; x_wconf 81' lang='lat' dir='ltr'>animiet</span> <span class='ocrx_word' id='word_1_148' title='bbox 736 718 954 760; x_wconf 79' lang='lat' dir='ltr'>impotentiam</span> <span class='ocrx_word' id='word_1_149' title='bbox 988 718 1175 760; x_wconf 25' lang='lat' dir='ltr'>»_Aal&#39;tingit_</span> <span class='ocrx_word' id='word_1_150' title='bbox 1194 717 1262 760; x_wconf 78' lang='lat' dir='ltr'>Vox</span> <span class='ocrx_word' id='word_1_151' title='bbox 1279 718 1411 760; x_wconf 80' lang='lat' dir='ltr'>Libanio</span> <span class='ocrx_word' id='word_1_152' title='bbox 1431 721 1472 760; x_wconf 16' lang='lat' dir='ltr'>ret</span> <span class='ocrx_word' id='word_1_153' title='bbox 1495 719 1631 760; x_wconf 22' lang='lat' dir='ltr'>iZozimo</span> <span class='ocrx_word' id='word_1_154' title='bbox 1660 719 1767 758; x_wconf 87' lang='lat' dir='ltr'>digna,</span> <span class='ocrx_word' id='word_1_155' title='bbox 1786 723 1882 760; x_wconf 80' lang='lat' dir='ltr'>atque</span> 
     </span>
    </p>
   </div>
   <div class='ocr_carea' id='block_1_14' title="bbox 169 757 1883 800">
    <p class='ocr_par' dir='ltr' id='par_1_14' title="bbox 169 757 1883 800">
     <span class='ocr_line' id='line_1_14' title="bbox 169 757 1883 800; baseline 0 -9"><span class='ocrx_word' id='word_1_156' title='bbox 169 757 232 797; x_wconf 36' lang='lat' dir='ltr'>iis“,</span> <span class='ocrx_word' id='word_1_157' title='bbox 262 761 318 800; x_wconf 86' lang='lat' dir='ltr'>qui</span> <span class='ocrx_word' id='word_1_158' title='bbox 346 770 365 790; x_wconf 84' lang='lat' dir='ltr'>a</span> <span class='ocrx_word' id='word_1_159' title='bbox 393 760 550 790; x_wconf 83' lang='lat' dir='ltr'>catholica</span> <span class='ocrx_word' id='word_1_160' title='bbox 578 759 730 797; x_wconf 78' lang='lat' dir='ltr'>religione</span> <span class='ocrx_word' id='word_1_161' title='bbox 773 758 977 800; x_wconf 75' lang='lat' dir='ltr'>defecerunt.</span> <span class='ocrx_word' id='word_1_162' title='bbox 1009 757 1048 786; x_wconf 84' lang='lat' dir='ltr'>lis</span> <span class='ocrx_word' id='word_1_163' title='bbox 1077 757 1291 800; x_wconf 69' lang='lat' dir='ltr'>sanctissimos</span> <span class='ocrx_word' id='word_1_164' title='bbox 1309 758 1603 800; x_wconf 20' lang='lat' dir='ltr'>_Ecclesi;erPatres</span> <span class='ocrx_word' id='word_1_165' title='bbox 1632 757 1883 799; x_wconf 53' lang='lat' dir='ltr'>aspernari,&#39;et</span> 
     </span>
    </p>
   </div>
   <div class='ocr_carea' id='block_1_15' title="bbox 169 797 1882 840">
    <p class='ocr_par' dir='ltr' id='par_1_15' title="bbox 169 797 1882 840">
     <span class='ocr_line' id='line_1_15' title="bbox 169 797 1882 840; baseline -0.001 -8"><span class='ocrx_word' id='word_1_166' title='bbox 169 797 356 840; x_wconf 76' lang='lat' dir='ltr'>Apostatam</span> <span class='ocrx_word' id='word_1_167' title='bbox 375 800 506 831; x_wconf 83' lang='lat' dir='ltr'>laudare</span> <span class='ocrx_word' id='word_1_168' title='bbox 535 809 717 830; x_wconf 89' lang='lat' dir='ltr'>concessum</span> <span class='ocrx_word' id='word_1_169' title='bbox 747 802 804 840; x_wconf 79' lang='lat' dir='ltr'>est.</span> <span class='ocrx_word' id='word_1_170' title='bbox 822 799 862 840; x_wconf 52' lang='lat' dir='ltr'>At</span> <span class='ocrx_word' id='word_1_171' title='bbox 891 798 983 833; x_wconf 86' lang='lat' dir='ltr'>unde,</span> <span class='ocrx_word' id='word_1_172' title='bbox 1003 807 1122 840; x_wconf 79' lang='lat' dir='ltr'>quaeso,</span> <span class='ocrx_word' id='word_1_173' title='bbox 1151 798 1213 840; x_wconf 82' lang='lat' dir='ltr'>illis</span> <span class='ocrx_word' id='word_1_174' title='bbox 1239 797 1277 840; x_wconf 83' lang='lat' dir='ltr'>de</span> <span class='ocrx_word' id='word_1_175' title='bbox 1305 798 1430 840; x_wconf 73' lang='lat' dir='ltr'>Juliani</span> <span class='ocrx_word' id='word_1_176' title='bbox 1452 799 1620 840; x_wconf 80' lang='lat' dir='ltr'>virtutibus</span> <span class='ocrx_word' id='word_1_177' title='bbox 1648 797 1798 830; x_wconf 76' lang='lat' dir='ltr'>constat?</span> <span class='ocrx_word' id='word_1_178' title='bbox 1813 802 1882 831; x_wconf 90' lang='lat' dir='ltr'>Non</span> 
     </span>
    </p>
   </div>
   <div class='ocr_carea' id='block_1_16' title="bbox 171 838 1884 881">
    <p class='ocr_par' dir='ltr' id='par_1_16' title="bbox 171 838 1884 881">
     <span class='ocr_line' id='line_1_16' title="bbox 171 838 1884 881; baseline 0.001 -10"><span class='ocrx_word' id='word_1_179' title='bbox 171 838 298 872; x_wconf 82' lang='lat' dir='ltr'>aliunde</span> <span class='ocrx_word' id='word_1_180' title='bbox 327 841 479 881; x_wconf 87' lang='lat' dir='ltr'>profecto,</span> <span class='ocrx_word' id='word_1_181' title='bbox 510 841 536 870; x_wconf 88' lang='lat' dir='ltr'>si</span> <span class='ocrx_word' id='word_1_182' title='bbox 564 849 638 870; x_wconf 87' lang='lat' dir='ltr'>vera</span> <span class='ocrx_word' id='word_1_183' title='bbox 660 839 757 881; x_wconf 17' lang='lat' dir='ltr'>rl&#39;ateri</span> <span class='ocrx_word' id='word_1_184' title='bbox 786 839 892 881; x_wconf 79' lang='lat' dir='ltr'>velint,</span> <span class='ocrx_word' id='word_1_185' title='bbox 924 847 1019 881; x_wconf 80' lang='lat' dir='ltr'>quam</span> <span class='ocrx_word' id='word_1_186' title='bbox 1049 847 1086 867; x_wconf 89' lang='lat' dir='ltr'>ex</span> <span class='ocrx_word' id='word_1_187' title='bbox 1116 838 1213 877; x_wconf 84' lang='lat' dir='ltr'>ipsius</span> <span class='ocrx_word' id='word_1_188' title='bbox 1242 838 1279 868; x_wconf 93' lang='lat' dir='ltr'>de</span> <span class='ocrx_word' id='word_1_189' title='bbox 1308 848 1340 881; x_wconf 82' lang='lat' dir='ltr'>se</span> <span class='ocrx_word' id='word_1_190' title='bbox 1369 838 1488 869; x_wconf 87' lang='lat' dir='ltr'>Juliani</span> <span class='ocrx_word' id='word_1_191' title='bbox 1518 839 1698 881; x_wconf 86' lang='lat' dir='ltr'>testimonio</span> <span class='ocrx_word' id='word_1_192' title='bbox 1727 840 1802 881; x_wconf 84' lang='lat'>(38),</span> <span class='ocrx_word' id='word_1_193' title='bbox 1831 841 1884 872; x_wconf 87' lang='lat' dir='ltr'>vel</span> 
     </span>
    </p>
   </div>
   <div class='ocr_carea' id='block_1_17' title="bbox 172 877 1882 920">
    <p class='ocr_par' dir='ltr' id='par_1_17' title="bbox 172 877 1882 920">
     <span class='ocr_line' id='line_1_17' title="bbox 172 877 1882 920; baseline 0 -8"><span class='ocrx_word' id='word_1_194' title='bbox 172 881 306 917; x_wconf 86' lang='lat' dir='ltr'>Libanii,</span> <span class='ocrx_word' id='word_1_195' title='bbox 328 877 477 916; x_wconf 58' lang='lat' dir='ltr'>&#39;Zozimi,</span> <span class='ocrx_word' id='word_1_196' title='bbox 509 880 668 910; x_wconf 82' lang='lat' dir='ltr'>Ammiani</span> <span class='ocrx_word' id='word_1_197' title='bbox 697 877 879 913; x_wconf 85' lang='lat' dir='ltr'>Marcellini,</span> <span class='ocrx_word' id='word_1_198' title='bbox 912 878 1112 920; x_wconf 84' lang='lat' dir='ltr'>ethnicorum</span> <span class='ocrx_word' id='word_1_199' title='bbox 1141 887 1254 920; x_wconf 84' lang='lat' dir='ltr'>nempe</span> <span class='ocrx_word' id='word_1_200' title='bbox 1281 879 1482 920; x_wconf 82' lang='lat' dir='ltr'>scriptorum,</span> <span class='ocrx_word' id='word_1_201' title='bbox 1513 880 1568 919; x_wconf 92' lang='lat' dir='ltr'>qui</span> <span class='ocrx_word' id='word_1_202' title='bbox 1595 889 1654 920; x_wconf 86' lang='lat' dir='ltr'>pro</span> <span class='ocrx_word' id='word_1_203' title='bbox 1682 877 1739 911; x_wconf 83' lang='lat' dir='ltr'>suo</span> <span class='ocrx_word' id='word_1_204' title='bbox 1769 877 1802 911; x_wconf 79' lang='lat' dir='ltr'>in</span> <span class='ocrx_word' id='word_1_205' title='bbox 1828 891 1882 912; x_wconf 49' lang='lat' dir='ltr'>re-</span> 
     </span>
    </p>
   </div>
   <div class='ocr_carea' id='block_1_18' title="bbox 171 919 1884 961">
    <p class='ocr_par' dir='ltr' id='par_1_18' title="bbox 171 919 1884 961">
     <span class='ocr_line' id='line_1_18' title="bbox 171 919 1884 961; baseline 0 -9"><span class='ocrx_word' id='word_1_206' title='bbox 171 922 297 961; x_wconf 88' lang='lat' dir='ltr'>ligionis</span> <span class='ocrx_word' id='word_1_207' title='bbox 325 922 510 951; x_wconf 78' lang='lat' dir='ltr'>Christianae</span> <span class='ocrx_word' id='word_1_208' title='bbox 539 921 730 951; x_wconf 86' lang='lat' dir='ltr'>desertorem</span> <span class='ocrx_word' id='word_1_209' title='bbox 760 928 868 961; x_wconf 85' lang='lat' dir='ltr'>amore</span> <span class='ocrx_word' id='word_1_210' title='bbox 897 922 991 957; x_wconf 88' lang='lat' dir='ltr'>atque</span> <span class='ocrx_word' id='word_1_211' title='bbox 1017 919 1275 961; x_wconf 81' lang='lat' dir='ltr'>in_Christianos</span> <span class='ocrx_word' id='word_1_212' title='bbox 1295 919 1375 961; x_wconf 68' lang='lat' dir='ltr'>odio</span> <span class='ocrx_word' id='word_1_213' title='bbox 1405 929 1441 950; x_wconf 85' lang='lat' dir='ltr'>ac</span> <span class='ocrx_word' id='word_1_214' title='bbox 1470 920 1578 956; x_wconf 88' lang='lat' dir='ltr'>livore,</span> <span class='ocrx_word' id='word_1_215' title='bbox 1596 919 1748 959; x_wconf 86' lang='lat' dir='ltr'>plurima</span> <span class='ocrx_word' id='word_1_216' title='bbox 1776 922 1814 952; x_wconf 86' lang='lat' dir='ltr'>de</span> <span class='ocrx_word' id='word_1_217' title='bbox 1842 931 1884 952; x_wconf 90' lang='lat' dir='ltr'>eo</span> 
     </span>
    </p>
   </div>
   <div class='ocr_carea' id='block_1_19' title="bbox 171 958 1884 1000">
    <p class='ocr_par' dir='ltr' id='par_1_19' title="bbox 171 958 1884 1000">
     <span class='ocr_line' id='line_1_19' title="bbox 171 958 1884 1000; baseline 0 -8"><span class='ocrx_word' id='word_1_218' title='bbox 171 958 245 993; x_wconf 71' lang='lat' dir='ltr'>sunt</span> <span class='ocrx_word' id='word_1_219' title='bbox 276 962 420 991; x_wconf 86' lang='lat' dir='ltr'>mentiti.</span> <span class='ocrx_word' id='word_1_220' title='bbox 447 963 514 997; x_wconf 85' lang='lat' dir='ltr'>Quo</span> <span class='ocrx_word' id='word_1_221' title='bbox 540 961 612 1000; x_wconf 87' lang='lat' dir='ltr'>jure</span> <span class='ocrx_word' id='word_1_222' title='bbox 635 961 650 990; x_wconf 84' lang='lat'><strong>?</strong></span> <span class='ocrx_word' id='word_1_223' title='bbox 678 970 741 1000; x_wconf 81' lang='lat' dir='ltr'>qua</span> <span class='ocrx_word' id='word_1_224' title='bbox 772 960 920 998; x_wconf 72' lang='lat' dir='ltr'>aequitate</span> <span class='ocrx_word' id='word_1_225' title='bbox 939 982 946 994; x_wconf 88' lang='lat'><strong>,</strong></span> <span class='ocrx_word' id='word_1_226' title='bbox 983 958 1116 988; x_wconf 79' lang='lat' dir='ltr'>ethnicis</span> <span class='ocrx_word' id='word_1_227' title='bbox 1158 959 1363 1000; x_wconf 82' lang='lat' dir='ltr'>scriptoribus</span> <span class='ocrx_word' id='word_1_228' title='bbox 1405 960 1593 990; x_wconf 82' lang='lat' dir='ltr'>sanctissimi</span> <span class='ocrx_word' id='word_1_229' title='bbox 1611 958 1671 991; x_wconf 20' lang='lat' dir='ltr'>iac</span> <span class='ocrx_word' id='word_1_230' title='bbox 1709 960 1884 992; x_wconf 83' lang='lat' dir='ltr'>doctissimi</span> 
     </span>
    </p>
   </div>
   <div class='ocr_carea' id='block_1_20' title="bbox 171 999 1883 1041">
    <p class='ocr_par' dir='ltr' id='par_1_20' title="bbox 171 999 1883 1041">
     <span class='ocr_line' id='line_1_20' title="bbox 171 999 1883 1041; baseline 0.001 -9"><span class='ocrx_word' id='word_1_231' title='bbox 171 1002 318 1033; x_wconf 74' lang='lat' dir='ltr'>Ecclesiae</span> <span class='ocrx_word' id='word_1_232' title='bbox 333 1002 441 1032; x_wconf 84' lang='lat' dir='ltr'>Patres</span> <span class='ocrx_word' id='word_1_233' title='bbox 470 999 725 1041; x_wconf 87' lang='lat' dir='ltr'>posthabentur?</span> <span class='ocrx_word' id='word_1_234' title='bbox 754 1003 801 1029; x_wconf 86' lang='lat' dir='ltr'>An</span> <span class='ocrx_word' id='word_1_235' title='bbox 831 1009 904 1029; x_wconf 91' lang='lat' dir='ltr'>vero</span> <span class='ocrx_word' id='word_1_236' title='bbox 934 1000 1093 1041; x_wconf 82' lang='lat' dir='ltr'>graviores</span> <span class='ocrx_word' id='word_1_237' title='bbox 1123 1008 1158 1028; x_wconf 88' lang='lat' dir='ltr'>ac</span> <span class='ocrx_word' id='word_1_238' title='bbox 1188 999 1512 1041; x_wconf 17' lang='lat' dir='ltr'>luculentioresrsunt</span> <span class='ocrx_word' id='word_1_239' title='bbox 1542 1001 1679 1032; x_wconf 83' lang='lat' dir='ltr'>veritatis</span> <span class='ocrx_word' id='word_1_240' title='bbox 1709 1004 1803 1033; x_wconf 82' lang='lat' dir='ltr'>testes</span> <span class='ocrx_word' id='word_1_241' title='bbox 1830 1003 1883 1033; x_wconf 88' lang='lat' dir='ltr'>Li-</span> 
     </span>
    </p>
   </div>
   <div class='ocr_carea' id='block_1_21' title="bbox 173 1040 1881 1080">
    <p class='ocr_par' dir='ltr' id='par_1_21' title="bbox 173 1040 1881 1080">
     <span class='ocr_line' id='line_1_21' title="bbox 173 1040 1881 1080; baseline 0.001 -8"><span class='ocrx_word' id='word_1_242' title='bbox 173 1043 285 1073; x_wconf 90' lang='lat' dir='ltr'>banius</span> <span class='ocrx_word' id='word_1_243' title='bbox 301 1045 332 1072; x_wconf 90' lang='lat' dir='ltr'>et</span> <span class='ocrx_word' id='word_1_244' title='bbox 360 1040 512 1079; x_wconf 82' lang='lat' dir='ltr'>Zozimus,</span> <span class='ocrx_word' id='word_1_245' title='bbox 545 1041 689 1080; x_wconf 83' lang='lat' dir='ltr'>gentiles,</span> <span class='ocrx_word' id='word_1_246' title='bbox 721 1050 816 1079; x_wconf 89' lang='lat' dir='ltr'>quam</span> <span class='ocrx_word' id='word_1_247' title='bbox 849 1040 1016 1078; x_wconf 78' lang='lat' dir='ltr'>Gregorius</span> <span class='ocrx_word' id='word_1_248' title='bbox 1051 1042 1157 1069; x_wconf 84' lang='lat' dir='ltr'>noster</span> <span class='ocrx_word' id='word_1_249' title='bbox 1176 1043 1207 1069; x_wconf 90' lang='lat' dir='ltr'>et</span> <span class='ocrx_word' id='word_1_250' title='bbox 1235 1040 1369 1078; x_wconf 81' lang='lat' dir='ltr'>Cyrillus</span> <span class='ocrx_word' id='word_1_251' title='bbox 1398 1040 1628 1071; x_wconf 80' lang='lat' dir='ltr'>Alexandrinus</span> <span class='ocrx_word' id='word_1_252' title='bbox 1653 1042 1667 1071; x_wconf 88' lang='lat'><strong>?</strong></span> <span class='ocrx_word' id='word_1_253' title='bbox 1696 1043 1771 1073; x_wconf 70' lang='lat' dir='ltr'>Hmc</span> <span class='ocrx_word' id='word_1_254' title='bbox 1799 1043 1881 1074; x_wconf 86' lang='lat' dir='ltr'>serio</span> 
     </span>
    </p>
   </div>
   <div class='ocr_carea' id='block_1_22' title="bbox 172 1080 1896 1123">
    <p class='ocr_par' dir='ltr' id='par_1_22' title="bbox 172 1080 1896 1123">
     <span class='ocr_line' id='line_1_22' title="bbox 172 1080 1896 1123; baseline 0 -10"><span class='ocrx_word' id='word_1_255' title='bbox 172 1082 435 1123; x_wconf 81' lang='lat' dir='ltr'>perpendantilli</span> <span class='ocrx_word' id='word_1_256' title='bbox 461 1091 477 1112; x_wconf 93' lang='lat' dir='ltr'>e</span> <span class='ocrx_word' id='word_1_257' title='bbox 508 1082 633 1118; x_wconf 85' lang='lat' dir='ltr'>nostris,</span> <span class='ocrx_word' id='word_1_258' title='bbox 665 1081 719 1120; x_wconf 93' lang='lat' dir='ltr'>qui</span> <span class='ocrx_word' id='word_1_259' title='bbox 748 1080 977 1123; x_wconf 75' lang='lat' dir='ltr'>inconsiderate</span> <span class='ocrx_word' id='word_1_260' title='bbox 1007 1080 1045 1109; x_wconf 91' lang='lat' dir='ltr'>de</span> <span class='ocrx_word' id='word_1_261' title='bbox 1072 1080 1199 1123; x_wconf 75' lang='lat' dir='ltr'>Juliano</span> <span class='ocrx_word' id='word_1_262' title='bbox 1230 1081 1321 1123; x_wconf 77' lang='lat' dir='ltr'>plura</span> <span class='ocrx_word' id='word_1_263' title='bbox 1350 1080 1483 1111; x_wconf 90' lang='lat' dir='ltr'>nimium</span> <span class='ocrx_word' id='word_1_264' title='bbox 1516 1081 1662 1123; x_wconf 87' lang='lat' dir='ltr'>gloriose,</span> <span class='ocrx_word' id='word_1_265' title='bbox 1679 1091 1737 1112; x_wconf 90' lang='lat' dir='ltr'>nec</span> <span class='ocrx_word' id='word_1_266' title='bbox 1763 1086 1812 1114; x_wconf 82' lang='lat' dir='ltr'>sat</span> <span class='ocrx_word' id='word_1_267' title='bbox 1825 1092 1896 1123; x_wconf 45' lang='lat' dir='ltr'>ve?-</span> 
     </span>
    </p>
   </div>
   <div class='ocr_carea' id='block_1_23' title="bbox 172 1120 1880 1163">
    <p class='ocr_par' dir='ltr' id='par_1_23' title="bbox 172 1120 1880 1163">
     <span class='ocr_line' id='line_1_23' title="bbox 172 1120 1880 1163; baseline -0.001 -9"><span class='ocrx_word' id='word_1_268' title='bbox 172 1120 310 1154; x_wconf 77' lang='lat' dir='ltr'>i‘ecunde</span> <span class='ocrx_word' id='word_1_269' title='bbox 337 1123 376 1152; x_wconf 90' lang='lat' dir='ltr'>de</span> <span class='ocrx_word' id='word_1_270' title='bbox 403 1122 457 1152; x_wconf 90' lang='lat' dir='ltr'>SS.</span> <span class='ocrx_word' id='word_1_271' title='bbox 487 1123 643 1157; x_wconf 89' lang='lat' dir='ltr'>Patribus,</span> <span class='ocrx_word' id='word_1_272' title='bbox 664 1121 811 1163; x_wconf 77' lang='lat' dir='ltr'>maxime</span> <span class='ocrx_word' id='word_1_273' title='bbox 841 1121 999 1163; x_wconf 82' lang='lat' dir='ltr'>Gregorio,</span> <span class='ocrx_word' id='word_1_274' title='bbox 1032 1120 1234 1163; x_wconf 79' lang='lat' dir='ltr'>scripserunt.</span> <span class='ocrx_word' id='word_1_275' title='bbox 1258 1122 1382 1163; x_wconf 10' lang='lat' dir='ltr'>gLegant</span> <span class='ocrx_word' id='word_1_276' title='bbox 1408 1122 1568 1163; x_wconf 69' lang='lat' dir='ltr'>Apostatm</span> <span class='ocrx_word' id='word_1_277' title='bbox 1597 1122 1786 1163; x_wconf 85' lang='lat' dir='ltr'>laudatores,</span> <span class='ocrx_word' id='word_1_278' title='bbox 1801 1121 1880 1163; x_wconf 83' lang='lat' dir='ltr'>quid</span> 
     </span>
    </p>
   </div>
   <div class='ocr_carea' id='block_1_24' title="bbox 174 1160 1882 1202">
    <p class='ocr_par' dir='ltr' id='par_1_24' title="bbox 174 1160 1882 1202">
     <span class='ocr_line' id='line_1_24' title="bbox 174 1160 1882 1202; baseline 0.001 -9"><span class='ocrx_word' id='word_1_279' title='bbox 174 1163 334 1202; x_wconf 90' lang='lat' dir='ltr'>scripserit</span> <span class='ocrx_word' id='word_1_280' title='bbox 349 1163 542 1201; x_wconf 83' lang='lat' dir='ltr'>Augustinus</span> <span class='ocrx_word' id='word_1_281' title='bbox 557 1162 618 1201; x_wconf 82' lang='grc'>(39)</span> <span class='ocrx_word' id='word_1_282' title='bbox 634 1162 783 1191; x_wconf 88' lang='lat' dir='ltr'>adversus</span> <span class='ocrx_word' id='word_1_283' title='bbox 800 1161 988 1195; x_wconf 85' lang='lat' dir='ltr'>Donatistas,</span> <span class='ocrx_word' id='word_1_284' title='bbox 1005 1160 1071 1199; x_wconf 86' lang='lat' dir='ltr'>qui,</span> <span class='ocrx_word' id='word_1_285' title='bbox 1088 1160 1195 1202; x_wconf 82' lang='lat' dir='ltr'>oblato</span> <span class='ocrx_word' id='word_1_286' title='bbox 1212 1161 1284 1202; x_wconf 88' lang='lat' dir='ltr'>huic</span> <span class='ocrx_word' id='word_1_287' title='bbox 1307 1162 1494 1202; x_wconf 81' lang='lat' dir='ltr'>imperatori</span> <span class='ocrx_word' id='word_1_288' title='bbox 1518 1162 1653 1201; x_wconf 86' lang='lat' dir='ltr'>supplici</span> <span class='ocrx_word' id='word_1_289' title='bbox 1677 1162 1793 1199; x_wconf 91' lang='lat' dir='ltr'>libello,</span> <span class='ocrx_word' id='word_1_290' title='bbox 1810 1160 1882 1202; x_wconf 72' lang='lat' dir='ltr'>eius</span> 
     </span>
    </p>
   </div>
   <div class='ocr_carea' id='block_1_25' title="bbox 170 1201 1880 1243">
    <p class='ocr_par' dir='ltr' id='par_1_25' title="bbox 170 1201 1880 1243">
     <span class='ocr_line' id='line_1_25' title="bbox 170 1201 1880 1243; baseline 0 -9"><span class='ocrx_word' id='word_1_291' title='bbox 170 1201 325 1243; x_wconf 86' lang='lat' dir='ltr'>justitiam</span> <span class='ocrx_word' id='word_1_292' title='bbox 343 1203 561 1239; x_wconf 88' lang='lat' dir='ltr'>laudaverant,</span> <span class='ocrx_word' id='word_1_293' title='bbox 579 1212 616 1232; x_wconf 92' lang='lat' dir='ltr'>ne</span> <span class='ocrx_word' id='word_1_294' title='bbox 633 1202 759 1241; x_wconf 90' lang='lat' dir='ltr'>quidem</span> <span class='ocrx_word' id='word_1_295' title='bbox 778 1210 898 1243; x_wconf 69' lang='lat' dir='ltr'>passus</span> <span class='ocrx_word' id='word_1_296' title='bbox 980 1202 1095 1230; x_wconf 89' lang='lat' dir='ltr'>Doctor</span> <span class='ocrx_word' id='word_1_297' title='bbox 1120 1201 1168 1230; x_wconf 87' lang='lat' dir='ltr'>vel</span> <span class='ocrx_word' id='word_1_298' title='bbox 1185 1201 1276 1243; x_wconf 88' lang='lat' dir='ltr'>unius</span> <span class='ocrx_word' id='word_1_299' title='bbox 1301 1201 1432 1243; x_wconf 67' lang='lat' dir='ltr'>justitiae</span> <span class='ocrx_word' id='word_1_300' title='bbox 1460 1202 1587 1232; x_wconf 89' lang='lat' dir='ltr'>laudem</span> <span class='ocrx_word' id='word_1_301' title='bbox 1615 1203 1742 1234; x_wconf 86' lang='lat' dir='ltr'>Juliano</span> <span class='ocrx_word' id='word_1_302' title='bbox 1770 1201 1880 1241; x_wconf 80' lang='lat' dir='ltr'>tribui,</span> 
     </span>
    </p>
   </div>
   <div class='ocr_carea' id='block_1_26' title="bbox 172 1240 1884 1279">
    <p class='ocr_par' dir='ltr' id='par_1_26' title="bbox 172 1240 1884 1279">
     <span class='ocr_line' id='line_1_26' title="bbox 172 1240 1884 1279; baseline 0.001 -5"><span class='ocrx_word' id='word_1_303' title='bbox 172 1240 230 1274; x_wconf 76' lang='lat' dir='ltr'>nec</span> <span class='ocrx_word' id='word_1_304' title='bbox 245 1244 277 1273; x_wconf 90' lang='lat' dir='ltr'>id</span> <span class='ocrx_word' id='word_1_305' title='bbox 293 1243 486 1273; x_wconf 84' lang='lat' dir='ltr'>Christianos</span> <span class='ocrx_word' id='word_1_306' title='bbox 502 1243 611 1273; x_wconf 86' lang='lat' dir='ltr'>decere</span> <span class='ocrx_word' id='word_1_307' title='bbox 627 1240 724 1277; x_wconf 82' lang='lat' dir='ltr'>ratus,</span> <span class='ocrx_word' id='word_1_308' title='bbox 742 1242 856 1272; x_wconf 85' lang='lat' dir='ltr'>acriter</span> <span class='ocrx_word' id='word_1_309' title='bbox 870 1240 1019 1279; x_wconf 86' lang='lat' dir='ltr'>objurgat</span> <span class='ocrx_word' id='word_1_310' title='bbox 1034 1244 1129 1279; x_wconf 89' lang='lat' dir='ltr'>atque</span> <span class='ocrx_word' id='word_1_311' title='bbox 1144 1242 1284 1279; x_wconf 82' lang='lat' dir='ltr'>exagitat</span> <span class='ocrx_word' id='word_1_312' title='bbox 1312 1242 1502 1272; x_wconf 76' lang='lat' dir='ltr'>Donatistae.</span> <span class='ocrx_word' id='word_1_313' title='bbox 1533 1243 1606 1273; x_wconf 59' lang='lat' dir='ltr'>Hac</span> <span class='ocrx_word' id='word_1_314' title='bbox 1620 1252 1639 1274; x_wconf 83' lang='lat' dir='ltr'>a</span> <span class='ocrx_word' id='word_1_315' title='bbox 1668 1243 1761 1274; x_wconf 90' lang='lat' dir='ltr'>nobis</span> <span class='ocrx_word' id='word_1_316' title='bbox 1775 1247 1884 1275; x_wconf 84' lang='lat' dir='ltr'>nostra</span> 
     </span>
    </p>
   </div>
   <div class='ocr_carea' id='block_1_27' title="bbox 171 1281 1342 1320">
    <p class='ocr_par' dir='ltr' id='par_1_27' title="bbox 171 1281 1342 1320">
     <span class='ocr_line' id='line_1_27' title="bbox 171 1281 1342 1320; baseline -0.003 -6"><span class='ocrx_word' id='word_1_317' title='bbox 171 1285 202 1314; x_wconf 90' lang='lat' dir='ltr'>in</span> <span class='ocrx_word' id='word_1_318' title='bbox 219 1286 345 1314; x_wconf 89' lang='lat' dir='ltr'>sanctos</span> <span class='ocrx_word' id='word_1_319' title='bbox 360 1285 469 1313; x_wconf 84' lang='lat' dir='ltr'>Patres</span> <span class='ocrx_word' id='word_1_320' title='bbox 484 1283 697 1319; x_wconf 79' lang='lat' dir='ltr'>observantia,</span> <span class='ocrx_word' id='word_1_321' title='bbox 714 1282 895 1312; x_wconf 90' lang='lat' dir='ltr'>etdebitum</span> <span class='ocrx_word' id='word_1_322' title='bbox 911 1281 1055 1320; x_wconf 80' lang='lat' dir='ltr'>religioni</span> <span class='ocrx_word' id='word_1_323' title='bbox 1070 1281 1208 1311; x_wconf 89' lang='lat' dir='ltr'>studium</span> <span class='ocrx_word' id='word_1_324' title='bbox 1225 1282 1342 1311; x_wconf 86' lang='lat' dir='ltr'>elicuit.</span> 
     </span>
    </p>
   </div>
   <div class='ocr_carea' id='block_1_28' title="bbox 211 1321 1886 1364">
    <p class='ocr_par' dir='ltr' id='par_1_28' title="bbox 211 1321 1886 1364">
     <span class='ocr_line' id='line_1_28' title="bbox 211 1321 1886 1364; baseline 0.001 -10"><span class='ocrx_word' id='word_1_325' title='bbox 211 1325 260 1355; x_wconf 84' lang='lat' dir='ltr'><strong>IV.</strong></span> <span class='ocrx_word' id='word_1_326' title='bbox 291 1324 476 1354; x_wconf 85' lang='lat' dir='ltr'>Posthabito</span> <span class='ocrx_word' id='word_1_327' title='bbox 503 1324 600 1362; x_wconf 85' lang='lat' dir='ltr'>igitur</span> <span class='ocrx_word' id='word_1_328' title='bbox 627 1322 804 1353; x_wconf 86' lang='lat' dir='ltr'>adulatorio</span> <span class='ocrx_word' id='word_1_329' title='bbox 834 1321 1032 1364; x_wconf 81' lang='lat' dir='ltr'>ethnicorum</span> <span class='ocrx_word' id='word_1_330' title='bbox 1048 1321 1276 1364; x_wconf 24' lang='lat' dir='ltr'>‘deAApostata</span> <span class='ocrx_word' id='word_1_331' title='bbox 1304 1321 1484 1353; x_wconf 88' lang='lat' dir='ltr'>testimonio</span> <span class='ocrx_word' id='word_1_332' title='bbox 1504 1345 1512 1359; x_wconf 87' lang='lat'>,</span> <span class='ocrx_word' id='word_1_333' title='bbox 1541 1332 1616 1354; x_wconf 88' lang='lat' dir='ltr'>vera</span> <span class='ocrx_word' id='word_1_334' title='bbox 1649 1333 1715 1354; x_wconf 89' lang='lat' dir='ltr'>esse</span> <span class='ocrx_word' id='word_1_335' title='bbox 1748 1334 1820 1364; x_wconf 62' lang='lat' dir='ltr'>quae</span> <span class='ocrx_word' id='word_1_336' title='bbox 1845 1324 1886 1355; x_wconf 85' lang='lat' dir='ltr'>de</span> 
     </span>
    </p>
   </div>
   <div class='ocr_carea' id='block_1_29' title="bbox 168 1361 1884 1404">
    <p class='ocr_par' dir='ltr' id='par_1_29' title="bbox 168 1361 1884 1404">
     <span class='ocr_line' id='line_1_29' title="bbox 168 1361 1884 1404; baseline 0.001 -10"><span class='ocrx_word' id='word_1_337' title='bbox 168 1365 238 1404; x_wconf 85' lang='lat' dir='ltr'>ipso</span> <span class='ocrx_word' id='word_1_338' title='bbox 267 1366 420 1403; x_wconf 84' lang='lat' dir='ltr'>scripsere</span> <span class='ocrx_word' id='word_1_339' title='bbox 447 1361 547 1394; x_wconf 78' lang='lat' dir='ltr'>sancti</span> <span class='ocrx_word' id='word_1_340' title='bbox 575 1364 694 1404; x_wconf 75' lang='lat' dir='ltr'>Patres,</span> <span class='ocrx_word' id='word_1_341' title='bbox 724 1366 820 1404; x_wconf 85' lang='lat' dir='ltr'>atque</span> <span class='ocrx_word' id='word_1_342' title='bbox 838 1362 996 1404; x_wconf 85' lang='lat' dir='ltr'>imprimis</span> <span class='ocrx_word' id='word_1_343' title='bbox 1021 1361 1201 1404; x_wconf 85' lang='lat' dir='ltr'>Theologus</span> <span class='ocrx_word' id='word_1_344' title='bbox 1217 1385 1224 1398; x_wconf 93' lang='lat'>,</span> <span class='ocrx_word' id='word_1_345' title='bbox 1256 1371 1477 1404; x_wconf 80' lang='lat' dir='ltr'>agnoscamus.</span> <span class='ocrx_word' id='word_1_346' title='bbox 1509 1364 1581 1394; x_wconf 55' lang='lat' dir='ltr'>Haec</span> <span class='ocrx_word' id='word_1_347' title='bbox 1609 1364 1716 1401; x_wconf 85' lang='lat' dir='ltr'>ﬁrma,</span> <span class='ocrx_word' id='word_1_348' title='bbox 1737 1361 1806 1395; x_wconf 67' lang='lat' dir='ltr'>haec</span> <span class='ocrx_word' id='word_1_349' title='bbox 1833 1365 1884 1395; x_wconf 90' lang='lat' dir='ltr'>in-</span> 
     </span>
    </p>
   </div>
   <div class='ocr_carea' id='block_1_30' title="bbox 170 1402 1885 1445">
    <p class='ocr_par' dir='ltr' id='par_1_30' title="bbox 170 1402 1885 1445">
     <span class='ocr_line' id='line_1_30' title="bbox 170 1402 1885 1445; baseline 0.001 -10"><span class='ocrx_word' id='word_1_350' title='bbox 170 1402 498 1440; x_wconf 26' lang='lat' dir='ltr'>concussa’manent;</span> <span class='ocrx_word' id='word_1_351' title='bbox 529 1407 560 1434; x_wconf 90' lang='lat' dir='ltr'>et</span> <span class='ocrx_word' id='word_1_352' title='bbox 583 1403 650 1445; x_wconf 76' lang='lat' dir='ltr'>jam</span> <span class='ocrx_word' id='word_1_353' title='bbox 680 1412 751 1445; x_wconf 90' lang='lat' dir='ltr'>cum</span> <span class='ocrx_word' id='word_1_354' title='bbox 781 1402 955 1445; x_wconf 80' lang='lat' dir='ltr'>clarissimo</span> <span class='ocrx_word' id='word_1_355' title='bbox 986 1414 1002 1445; x_wconf 79' lang='lat'>«_</span> <span class='ocrx_word' id='word_1_356' title='bbox 1024 1402 1192 1445; x_wconf 76' lang='lat' dir='ltr'>Annalium</span> <span class='ocrx_word' id='word_1_357' title='bbox 1219 1403 1501 1445; x_wconf 79' lang='lat' dir='ltr'>ecslesiasticorum</span> <span class='ocrx_word' id='word_1_358' title='bbox 1525 1415 1540 1432; x_wconf 87' lang='grc'>››</span> <span class='ocrx_word' id='word_1_359' title='bbox 1572 1408 1702 1444; x_wconf 86' lang='lat' dir='ltr'>parente</span> <span class='ocrx_word' id='word_1_360' title='bbox 1731 1404 1796 1445; x_wconf 82' lang='grc'>(40)</span> <span class='ocrx_word' id='word_1_361' title='bbox 1825 1405 1885 1435; x_wconf 89' lang='lat' dir='ltr'>mi-</span> 
     </span>
    </p>
   </div>
   <div class='ocr_carea' id='block_1_31' title="bbox 170 1442 1887 1485">
    <p class='ocr_par' dir='ltr' id='par_1_31' title="bbox 170 1442 1887 1485">
     <span class='ocr_line' id='line_1_31' title="bbox 170 1442 1887 1485; baseline 0.001 -10"><span class='ocrx_word' id='word_1_362' title='bbox 170 1445 233 1475; x_wconf 86' lang='lat' dir='ltr'>rari</span> <span class='ocrx_word' id='word_1_363' title='bbox 260 1444 355 1480; x_wconf 82' lang='lat' dir='ltr'>subit,</span> <span class='ocrx_word' id='word_1_364' title='bbox 386 1453 482 1483; x_wconf 87' lang='lat' dir='ltr'>quam</span> <span class='ocrx_word' id='word_1_365' title='bbox 510 1444 661 1483; x_wconf 84' lang='lat' dir='ltr'>graphice</span> <span class='ocrx_word' id='word_1_366' title='bbox 689 1443 747 1473; x_wconf 86' lang='lat' dir='ltr'>sub</span> <span class='ocrx_word' id='word_1_367' title='bbox 777 1442 967 1472; x_wconf 83' lang='lat' dir='ltr'>adumbrata</span> <span class='ocrx_word' id='word_1_368' title='bbox 995 1442 1131 1485; x_wconf 81' lang='lat' dir='ltr'>hominis</span> <span class='ocrx_word' id='word_1_369' title='bbox 1160 1445 1312 1485; x_wconf 74' lang='lat' dir='ltr'>apostatae</span> <span class='ocrx_word' id='word_1_370' title='bbox 1342 1444 1461 1480; x_wconf 85' lang='lat' dir='ltr'>forma,</span> <span class='ocrx_word' id='word_1_371' title='bbox 1492 1442 1590 1483; x_wconf 77' lang='lat' dir='ltr'>ipsius</span> <span class='ocrx_word' id='word_1_372' title='bbox 1613 1442 1742 1475; x_wconf 29' lang='lat' dir='ltr'>Juliani‘</span> <span class='ocrx_word' id='word_1_373' title='bbox 1759 1442 1887 1485; x_wconf 79' lang='lat' dir='ltr'>singula</span> 
     </span>
    </p>
   </div>
   <div class='ocr_carea' id='block_1_32' title="bbox 171 1483 1884 1524">
    <p class='ocr_par' dir='ltr' id='par_1_32' title="bbox 171 1483 1884 1524">
     <span class='ocr_line' id='line_1_32' title="bbox 171 1483 1884 1524; baseline 0.001 -9"><span class='ocrx_word' id='word_1_374' title='bbox 171 1493 307 1524; x_wconf 69' lang='lat' dir='ltr'>quaeque</span> <span class='ocrx_word' id='word_1_375' title='bbox 338 1485 529 1515; x_wconf 80' lang='lat' dir='ltr'>lineamenta</span> <span class='ocrx_word' id='word_1_376' title='bbox 555 1484 705 1524; x_wconf 5' lang='lat' dir='ltr'>Scriptor,</span> <span class='ocrx_word' id='word_1_377' title='bbox 724 1483 1040 1524; x_wconf 17' lang='lat' dir='ltr'>sacerﬁexprersseritr</span> <span class='ocrx_word' id='word_1_378' title='bbox 1060 1483 1292 1524; x_wconf 16' lang='lat' dir='ltr'>hiscerverbis:</span> <span class='ocrx_word' id='word_1_379' title='bbox 1325 1494 1339 1510; x_wconf 70' lang='grc' dir='ltr'><strong>ε</strong></span> <span class='ocrx_word' id='word_1_380' title='bbox 1358 1485 1459 1514; x_wconf 86' lang='lat' dir='ltr'>Homo</span> <span class='ocrx_word' id='word_1_381' title='bbox 1488 1488 1644 1524; x_wconf 87' lang='lat' dir='ltr'>apostata,</span> <span class='ocrx_word' id='word_1_382' title='bbox 1673 1486 1721 1517; x_wconf 92' lang='lat' dir='ltr'>vir</span> <span class='ocrx_word' id='word_1_383' title='bbox 1748 1483 1884 1523; x_wconf 75' lang='lat' dir='ltr'>inutilis,</span> 
     </span>
    </p>
   </div>
   <div class='ocr_carea' id='block_1_33' title="bbox 173 1523 1886 1565">
    <p class='ocr_par' dir='ltr' id='par_1_33' title="bbox 173 1523 1886 1565">
     <span class='ocr_line' id='line_1_33' title="bbox 173 1523 1886 1565; baseline 0.001 -10"><span class='ocrx_word' id='word_1_384' title='bbox 173 1523 317 1565; x_wconf 75' lang='lat' dir='ltr'>graditur</span> <span class='ocrx_word' id='word_1_385' title='bbox 344 1534 399 1555; x_wconf 88' lang='lat' dir='ltr'>ore</span> <span class='ocrx_word' id='word_1_386' title='bbox 423 1534 581 1563; x_wconf 88' lang='lat' dir='ltr'>perverso,</span> <span class='ocrx_word' id='word_1_387' title='bbox 612 1523 723 1554; x_wconf 81' lang='lat' dir='ltr'>annuit</span> <span class='ocrx_word' id='word_1_388' title='bbox 751 1523 860 1565; x_wconf 84' lang='lat' dir='ltr'>oculis,</span> <span class='ocrx_word' id='word_1_389' title='bbox 886 1523 960 1565; x_wconf 83' lang='lat' dir='ltr'>terit</span> <span class='ocrx_word' id='word_1_390' title='bbox 984 1523 1073 1565; x_wconf 83' lang='lat' dir='ltr'>pede,</span> <span class='ocrx_word' id='word_1_391' title='bbox 1100 1523 1199 1561; x_wconf 83' lang='lat' dir='ltr'>digito</span> <span class='ocrx_word' id='word_1_392' title='bbox 1229 1523 1385 1565; x_wconf 87' lang='lat' dir='ltr'>loquitur,</span> <span class='ocrx_word' id='word_1_393' title='bbox 1416 1523 1517 1565; x_wconf 75' lang='lat' dir='ltr'>pravo</span> <span class='ocrx_word' id='word_1_394' title='bbox 1545 1526 1639 1556; x_wconf 89' lang='lat' dir='ltr'>corde</span> <span class='ocrx_word' id='word_1_395' title='bbox 1680 1526 1886 1557; x_wconf 86' lang='lat' dir='ltr'>machinatur</span> 
     </span>
    </p>
   </div>
   <div class='ocr_carea' id='block_1_34' title="bbox 173 1563 1884 1605">
    <p class='ocr_par' dir='ltr' id='par_1_34' title="bbox 173 1563 1884 1605">
     <span class='ocr_line' id='line_1_34' title="bbox 173 1563 1884 1605; baseline 0.001 -10"><span class='ocrx_word' id='word_1_396' title='bbox 173 1563 314 1601; x_wconf 78' lang='lat' dir='ltr'>malum,</span> <span class='ocrx_word' id='word_1_397' title='bbox 343 1568 374 1595; x_wconf 92' lang='lat' dir='ltr'>et</span> <span class='ocrx_word' id='word_1_398' title='bbox 401 1565 487 1595; x_wconf 90' lang='lat' dir='ltr'>omni</span> <span class='ocrx_word' id='word_1_399' title='bbox 514 1568 657 1603; x_wconf 87' lang='lat' dir='ltr'>tempore</span> <span class='ocrx_word' id='word_1_400' title='bbox 682 1564 790 1605; x_wconf 86' lang='lat' dir='ltr'>jurgia</span> <span class='ocrx_word' id='word_1_401' title='bbox 810 1563 975 1605; x_wconf 84' lang='lat' dir='ltr'>seminat.</span> <span class='ocrx_word' id='word_1_402' title='bbox 1006 1563 1084 1593; x_wconf 86' lang='lat' dir='ltr'>Huic</span> <span class='ocrx_word' id='word_1_403' title='bbox 1114 1564 1275 1603; x_wconf 84' lang='lat' dir='ltr'>extemplo</span> <span class='ocrx_word' id='word_1_404' title='bbox 1305 1563 1572 1605; x_wconf 50' lang='lat' dir='ltr'>veniet&#39;perditio</span> <span class='ocrx_word' id='word_1_405' title='bbox 1602 1575 1684 1604; x_wconf 87' lang='lat' dir='ltr'>sua,</span> <span class='ocrx_word' id='word_1_406' title='bbox 1717 1569 1749 1597; x_wconf 83' lang='lat' dir='ltr'>et</span> <span class='ocrx_word' id='word_1_407' title='bbox 1777 1567 1884 1597; x_wconf 88' lang='lat' dir='ltr'>subito</span> 
     </span>
    </p>
   </div>
   <div class='ocr_carea' id='block_1_35' title="bbox 172 1604 977 1641">
    <p class='ocr_par' dir='ltr' id='par_1_35' title="bbox 172 1604 977 1641">
     <span class='ocr_line' id='line_1_35' title="bbox 172 1604 977 1641; baseline -0.004 -6"><span class='ocrx_word' id='word_1_408' title='bbox 172 1609 362 1641; x_wconf 87' lang='lat' dir='ltr'>conteretur,</span> <span class='ocrx_word' id='word_1_409' title='bbox 391 1614 447 1635; x_wconf 87' lang='lat' dir='ltr'>nec</span> <span class='ocrx_word' id='word_1_410' title='bbox 461 1605 590 1634; x_wconf 85' lang='lat' dir='ltr'>habebit</span> <span class='ocrx_word' id='word_1_411' title='bbox 607 1605 689 1634; x_wconf 87' lang='lat' dir='ltr'>ultra</span> <span class='ocrx_word' id='word_1_412' title='bbox 705 1604 895 1633; x_wconf 86' lang='lat' dir='ltr'>medicinam</span> <span class='ocrx_word' id='word_1_413' title='bbox 913 1606 948 1633; x_wconf 74' lang='grc'>³⁸.</span> <span class='ocrx_word' id='word_1_414' title='bbox 963 1614 977 1630; x_wconf 81' lang='lat'><strong>»</strong></span> 
     </span>
    </p>
   </div>
   <div class='ocr_carea' id='block_1_36' title="bbox 213 1643 1882 1685">
    <p class='ocr_par' dir='ltr' id='par_1_36' title="bbox 213 1643 1882 1685">
     <span class='ocr_line' id='line_1_36' title="bbox 213 1643 1882 1685; baseline 0 -9"><span class='ocrx_word' id='word_1_415' title='bbox 213 1646 250 1676; x_wconf 89' lang='lat' dir='ltr'><strong>V.</strong></span> <span class='ocrx_word' id='word_1_416' title='bbox 268 1647 300 1675; x_wconf 94' lang='lat' dir='ltr'>ln</span> <span class='ocrx_word' id='word_1_417' title='bbox 317 1645 418 1685; x_wconf 89' lang='lat' dir='ltr'>prima</span> <span class='ocrx_word' id='word_1_418' title='bbox 434 1645 614 1679; x_wconf 82' lang='lat' dir='ltr'>Steleutica,</span> <span class='ocrx_word' id='word_1_419' title='bbox 635 1656 650 1672; x_wconf 87' lang='lat'><strong>«</strong></span> <span class='ocrx_word' id='word_1_420' title='bbox 672 1644 851 1680; x_wconf 81' lang='lat' dir='ltr'>hominis,»</span> <span class='ocrx_word' id='word_1_421' title='bbox 873 1647 905 1673; x_wconf 92' lang='lat' dir='ltr'>ut</span> <span class='ocrx_word' id='word_1_422' title='bbox 918 1643 986 1682; x_wconf 87' lang='lat' dir='ltr'>ipse</span> <span class='ocrx_word' id='word_1_423' title='bbox 1001 1643 1045 1685; x_wconf 84' lang='lat' dir='ltr'>ait</span> <span class='ocrx_word' id='word_1_424' title='bbox 1072 1643 1251 1685; x_wconf 86' lang='lat' dir='ltr'>Gregorius,</span> <span class='ocrx_word' id='word_1_425' title='bbox 1268 1653 1304 1685; x_wconf 87' lang='lat' dir='ltr'>su</span> <span class='ocrx_word' id='word_1_426' title='bbox 1330 1644 1449 1675; x_wconf 86' lang='lat' dir='ltr'>Juliani</span> <span class='ocrx_word' id='word_1_427' title='bbox 1478 1656 1494 1672; x_wconf 79' lang='grc' dir='ltr'><strong><em>α</em></strong></span> <span class='ocrx_word' id='word_1_428' title='bbox 1521 1644 1711 1683; x_wconf 82' lang='lat' dir='ltr'>improbitas</span> <span class='ocrx_word' id='word_1_429' title='bbox 1737 1653 1776 1675; x_wconf 84' lang='lat' dir='ltr'>ac</span> <span class='ocrx_word' id='word_1_430' title='bbox 1805 1654 1882 1685; x_wconf 85' lang='lat' dir='ltr'>per-</span> 
     </span>
    </p>
   </div>
   <div class='ocr_carea' id='block_1_37' title="bbox 171 1684 1882 1724">
    <p class='ocr_par' dir='ltr' id='par_1_37' title="bbox 171 1684 1882 1724">
     <span class='ocr_line' id='line_1_37' title="bbox 171 1684 1882 1724; baseline -0.001 -9"><span class='ocrx_word' id='word_1_431' title='bbox 171 1686 303 1715; x_wconf 86' lang='lat' dir='ltr'>versitas</span> <span class='ocrx_word' id='word_1_432' title='bbox 317 1685 443 1715; x_wconf 86' lang='lat' dir='ltr'>abunde</span> <span class='ocrx_word' id='word_1_433' title='bbox 458 1685 645 1721; x_wconf 86' lang='lat' dir='ltr'>ostenditur,</span> <span class='ocrx_word' id='word_1_434' title='bbox 664 1688 729 1714; x_wconf 86' lang='lat' dir='ltr'>tam</span> <span class='ocrx_word' id='word_1_435' title='bbox 758 1693 814 1723; x_wconf 91' lang='lat' dir='ltr'>per</span> <span class='ocrx_word' id='word_1_436' title='bbox 842 1693 879 1714; x_wconf 86' lang='lat' dir='ltr'>ea</span> <span class='ocrx_word' id='word_1_437' title='bbox 904 1693 974 1722; x_wconf 83' lang='lat' dir='ltr'>quae</span> <span class='ocrx_word' id='word_1_438' title='bbox 1003 1684 1154 1714; x_wconf 89' lang='lat' dir='ltr'>adversus</span> <span class='ocrx_word' id='word_1_439' title='bbox 1183 1684 1362 1714; x_wconf 86' lang='lat' dir='ltr'>Catholicos</span> <span class='ocrx_word' id='word_1_440' title='bbox 1393 1688 1444 1714; x_wconf 66' lang='grc' dir='ltr'>τι</span> <span class='ocrx_word' id='word_1_441' title='bbox 1473 1685 1677 1724; x_wconf 86' lang='lat' dir='ltr'>perpetravit,</span> <span class='ocrx_word' id='word_1_442' title='bbox 1694 1693 1791 1724; x_wconf 90' lang='lat' dir='ltr'>quam</span> <span class='ocrx_word' id='word_1_443' title='bbox 1809 1684 1882 1724; x_wconf 85' lang='lat' dir='ltr'>per</span> 
     </span>
    </p>
   </div>
   <div class='ocr_carea' id='block_1_38' title="bbox 171 1724 1880 1765">
    <p class='ocr_par' dir='ltr' id='par_1_38' title="bbox 171 1724 1880 1765">
     <span class='ocr_line' id='line_1_38' title="bbox 171 1724 1880 1765; baseline -0.001 -9"><span class='ocrx_word' id='word_1_444' title='bbox 171 1735 210 1756; x_wconf 85' lang='lat' dir='ltr'>ea</span> <span class='ocrx_word' id='word_1_445' title='bbox 237 1735 309 1765; x_wconf 63' lang='lat' dir='ltr'>quae</span> <span class='ocrx_word' id='word_1_446' title='bbox 338 1727 440 1756; x_wconf 87' lang='lat' dir='ltr'>facere</span> <span class='ocrx_word' id='word_1_447' title='bbox 468 1726 611 1765; x_wconf 87' lang='lat' dir='ltr'>parabat.</span> <span class='ocrx_word' id='word_1_448' title='bbox 630 1726 663 1755; x_wconf 91' lang='lat' dir='ltr'><strong>In</strong></span> <span class='ocrx_word' id='word_1_449' title='bbox 692 1726 791 1754; x_wconf 86' lang='lat' dir='ltr'>altera.</span> <span class='ocrx_word' id='word_1_450' title='bbox 815 1728 919 1754; x_wconf 85' lang='lat' dir='ltr'>autem</span> <span class='ocrx_word' id='word_1_451' title='bbox 949 1725 1117 1760; x_wconf 85' lang='lat' dir='ltr'>lnvectiva,</span> <span class='ocrx_word' id='word_1_452' title='bbox 1136 1733 1188 1754; x_wconf 88' lang='lat' dir='ltr'>seu</span> <span class='ocrx_word' id='word_1_453' title='bbox 1219 1725 1362 1755; x_wconf 86' lang='lat' dir='ltr'>oratione</span> <span class='ocrx_word' id='word_1_454' title='bbox 1389 1724 1499 1764; x_wconf 88' lang='lat' dir='ltr'>quinta</span> <span class='ocrx_word' id='word_1_455' title='bbox 1527 1724 1601 1765; x_wconf 80' lang='grc'>(41),</span> <span class='ocrx_word' id='word_1_456' title='bbox 1632 1734 1704 1764; x_wconf 67' lang='lat' dir='ltr'>qum</span> <span class='ocrx_word' id='word_1_457' title='bbox 1727 1727 1776 1755; x_wconf 85' lang='lat' dir='ltr'>est</span> <span class='ocrx_word' id='word_1_458' title='bbox 1804 1734 1880 1764; x_wconf 90' lang='lat' dir='ltr'>pars</span> 
     </span>
    </p>
   </div>
   <div class='ocr_carea' id='block_1_39' title="bbox 173 1764 1882 1805">
    <p class='ocr_par' dir='ltr' id='par_1_39' title="bbox 173 1764 1882 1805">
     <span class='ocr_line' id='line_1_39' title="bbox 173 1764 1882 1805; baseline -0.001 -9"><span class='ocrx_word' id='word_1_459' title='bbox 173 1764 272 1796; x_wconf 78' lang='lat' dir='ltr'>altera</span> <span class='ocrx_word' id='word_1_460' title='bbox 297 1769 328 1796; x_wconf 92' lang='lat' dir='ltr'>et</span> <span class='ocrx_word' id='word_1_461' title='bbox 356 1764 515 1805; x_wconf 85' lang='lat' dir='ltr'>appendix</span> <span class='ocrx_word' id='word_1_462' title='bbox 546 1766 639 1804; x_wconf 85' lang='lat' dir='ltr'>hujus</span> <span class='ocrx_word' id='word_1_463' title='bbox 655 1765 770 1804; x_wconf 88' lang='lat' dir='ltr'>operis,</span> <span class='ocrx_word' id='word_1_464' title='bbox 787 1765 883 1794; x_wconf 89' lang='lat' dir='ltr'>alium</span> <span class='ocrx_word' id='word_1_465' title='bbox 913 1764 971 1793; x_wconf 90' lang='lat' dir='ltr'>sibi</span> <span class='ocrx_word' id='word_1_466' title='bbox 1000 1767 1108 1794; x_wconf 88' lang='lat' dir='ltr'>orator</span> <span class='ocrx_word' id='word_1_467' title='bbox 1131 1773 1262 1803; x_wconf 90' lang='lat' dir='ltr'>scopum</span> <span class='ocrx_word' id='word_1_468' title='bbox 1292 1765 1451 1805; x_wconf 86' lang='lat' dir='ltr'>proponit,</span> <span class='ocrx_word' id='word_1_469' title='bbox 1468 1764 1614 1804; x_wconf 88' lang='lat' dir='ltr'>eumque,</span> <span class='ocrx_word' id='word_1_470' title='bbox 1639 1776 1654 1793; x_wconf 79' lang='grc' dir='ltr'>α</span> <span class='ocrx_word' id='word_1_471' title='bbox 1684 1768 1751 1795; x_wconf 92' lang='lat' dir='ltr'>tum</span> <span class='ocrx_word' id='word_1_472' title='bbox 1794 1766 1882 1805; x_wconf 86' lang='lat' dir='ltr'>apud</span> 
     </span>
    </p>
   </div>
   <div class='ocr_carea' id='block_1_40' title="bbox 172 1804 1881 1845">
    <p class='ocr_par' dir='ltr' id='par_1_40' title="bbox 172 1804 1881 1845">
     <span class='ocr_line' id='line_1_40' title="bbox 172 1804 1881 1845; baseline -0.001 -9"><span class='ocrx_word' id='word_1_473' title='bbox 172 1808 271 1837; x_wconf 91' lang='lat' dir='ltr'>Deum</span> <span class='ocrx_word' id='word_1_474' title='bbox 299 1804 513 1840; x_wconf 82' lang='lat' dir='ltr'>sanctiorem,</span> <span class='ocrx_word' id='word_1_475' title='bbox 544 1809 612 1836; x_wconf 92' lang='lat' dir='ltr'>tum</span> <span class='ocrx_word' id='word_1_476' title='bbox 638 1805 835 1835; x_wconf 86' lang='lat' dir='ltr'>auditoribus</span> <span class='ocrx_word' id='word_1_477' title='bbox 869 1804 1090 1843; x_wconf 87' lang='lat' dir='ltr'>juncudiorem</span> <span class='ocrx_word' id='word_1_478' title='bbox 1108 1827 1115 1840; x_wconf 92' lang='lat'>,</span> <span class='ocrx_word' id='word_1_479' title='bbox 1133 1809 1228 1844; x_wconf 86' lang='lat' dir='ltr'>atque</span> <span class='ocrx_word' id='word_1_480' title='bbox 1257 1806 1336 1836; x_wconf 88' lang='lat' dir='ltr'>adeo</span> <span class='ocrx_word' id='word_1_481' title='bbox 1353 1804 1497 1845; x_wconf 74' lang='lat' dir='ltr'>posteris</span> <span class='ocrx_word' id='word_1_482' title='bbox 1526 1805 1683 1836; x_wconf 90' lang='lat' dir='ltr'>utiliorem</span> <span class='ocrx_word' id='word_1_483' title='bbox 1706 1804 1881 1842; x_wconf 85' lang='lat' dir='ltr'>;nimirum</span> 
     </span>
    </p>
   </div>
   <div class='ocr_carea' id='block_1_41' title="bbox 172 1845 1880 1886">
    <p class='ocr_par' dir='ltr' id='par_1_41' title="bbox 172 1845 1880 1886">
     <span class='ocr_line' id='line_1_41' title="bbox 172 1845 1880 1886; baseline -0.001 -9"><span class='ocrx_word' id='word_1_484' title='bbox 172 1851 206 1877; x_wconf 88' lang='lat' dir='ltr'>ut</span> <span class='ocrx_word' id='word_1_485' title='bbox 221 1848 261 1877; x_wconf 82' lang='lat' dir='ltr'>ad</span> <span class='ocrx_word' id='word_1_486' title='bbox 287 1856 323 1876; x_wconf 86' lang='lat' dir='ltr'>ea</span> <span class='ocrx_word' id='word_1_487' title='bbox 348 1856 419 1885; x_wconf 64' lang='lat' dir='ltr'>quae</span> <span class='ocrx_word' id='word_1_488' title='bbox 447 1846 591 1886; x_wconf 87' lang='lat' dir='ltr'>superius</span> <span class='ocrx_word' id='word_1_489' title='bbox 620 1846 704 1876; x_wconf 85' lang='lat' dir='ltr'>dicta</span> <span class='ocrx_word' id='word_1_490' title='bbox 731 1846 930 1886; x_wconf 80' lang='lat' dir='ltr'>sunt,justas</span> <span class='ocrx_word' id='word_1_491' title='bbox 960 1846 1014 1875; x_wconf 91' lang='lat' dir='ltr'>Dei</span> <span class='ocrx_word' id='word_1_492' title='bbox 1043 1845 1147 1875; x_wconf 88' lang='lat' dir='ltr'>lances</span> <span class='ocrx_word' id='word_1_493' title='bbox 1179 1845 1321 1885; x_wconf 83' lang='lat' dir='ltr'>adjugat,</span> <span class='ocrx_word' id='word_1_494' title='bbox 1339 1855 1455 1885; x_wconf 83' lang='lat' dir='ltr'>easque</span> <span class='ocrx_word' id='word_1_495' title='bbox 1479 1855 1589 1885; x_wconf 68' lang='lat' dir='ltr'>poenas</span> <span class='ocrx_word' id='word_1_496' title='bbox 1617 1845 1733 1885; x_wconf 89' lang='lat' dir='ltr'>quibus</span> <span class='ocrx_word' id='word_1_497' title='bbox 1760 1846 1880 1885; x_wconf 88' lang='lat' dir='ltr'>impro-</span> 
     </span>
    </p>
   </div>
   <div class='ocr_carea' id='block_1_42' title="bbox 172 1885 1883 1926">
    <p class='ocr_par' dir='ltr' id='par_1_42' title="bbox 172 1885 1883 1926">
     <span class='ocr_line' id='line_1_42' title="bbox 172 1885 1883 1926; baseline -0.001 -9"><span class='ocrx_word' id='word_1_498' title='bbox 172 1887 255 1917; x_wconf 87' lang='lat' dir='ltr'>bitas</span> <span class='ocrx_word' id='word_1_499' title='bbox 283 1890 507 1926; x_wconf 86' lang='lat' dir='ltr'>compensatur</span> <span class='ocrx_word' id='word_1_500' title='bbox 535 1890 565 1916; x_wconf 86' lang='lat' dir='ltr'>et</span> <span class='ocrx_word' id='word_1_501' title='bbox 594 1889 786 1916; x_wconf 74' lang='lat' dir='ltr'>exercetur»</span> <span class='ocrx_word' id='word_1_502' title='bbox 814 1885 983 1915; x_wconf 87' lang='lat' dir='ltr'>describat.</span> <span class='ocrx_word' id='word_1_503' title='bbox 998 1886 1026 1915; x_wconf 88' lang='lat' dir='ltr'>ls</span> <span class='ocrx_word' id='word_1_504' title='bbox 1045 1888 1100 1926; x_wconf 87' lang='lat' dir='ltr'>est</span> <span class='ocrx_word' id='word_1_505' title='bbox 1125 1895 1239 1925; x_wconf 87' lang='lat' dir='ltr'>scopus</span> <span class='ocrx_word' id='word_1_506' title='bbox 1267 1886 1384 1916; x_wconf 91' lang='lat' dir='ltr'>alerius</span> <span class='ocrx_word' id='word_1_507' title='bbox 1412 1887 1589 1924; x_wconf 71' lang='lat' dir='ltr'>invectivaa,</span> <span class='ocrx_word' id='word_1_508' title='bbox 1611 1886 1644 1916; x_wconf 89' lang='lat' dir='ltr'>in</span> <span class='ocrx_word' id='word_1_509' title='bbox 1673 1895 1736 1926; x_wconf 90' lang='lat' dir='ltr'>qua</span> <span class='ocrx_word' id='word_1_510' title='bbox 1762 1886 1883 1917; x_wconf 81' lang='lat' dir='ltr'>Juliani</span> 
     </span>
    </p>
   </div>
   <div class='ocr_carea' id='block_1_43' title="bbox 176 1925 1880 1967">
    <p class='ocr_par' dir='ltr' id='par_1_43' title="bbox 176 1925 1880 1967">
     <span class='ocr_line' id='line_1_43' title="bbox 176 1925 1880 1967; baseline -0.001 -10"><span class='ocrx_word' id='word_1_511' title='bbox 176 1931 310 1958; x_wconf 87' lang='lat' dir='ltr'>mortem</span> <span class='ocrx_word' id='word_1_512' title='bbox 327 1925 539 1966; x_wconf 78' lang='lat' dir='ltr'>prosequitur.</span> <span class='ocrx_word' id='word_1_513' title='bbox 557 1928 624 1956; x_wconf 92' lang='lat' dir='ltr'>Duo</span> <span class='ocrx_word' id='word_1_514' title='bbox 644 1927 741 1965; x_wconf 82' lang='lat' dir='ltr'>igitur</span> <span class='ocrx_word' id='word_1_515' title='bbox 756 1926 845 1955; x_wconf 87' lang='lat' dir='ltr'>nobis</span> <span class='ocrx_word' id='word_1_516' title='bbox 860 1925 1075 1967; x_wconf 79' lang='lat' dir='ltr'>expendenda</span> <span class='ocrx_word' id='word_1_517' title='bbox 1089 1929 1268 1965; x_wconf 86' lang='lat' dir='ltr'>supersunt.</span> <span class='ocrx_word' id='word_1_518' title='bbox 1287 1927 1426 1957; x_wconf 86' lang='lat' dir='ltr'>Primum</span> <span class='ocrx_word' id='word_1_519' title='bbox 1456 1927 1595 1967; x_wconf 90' lang='lat' dir='ltr'>quidem,</span> <span class='ocrx_word' id='word_1_520' title='bbox 1608 1926 1648 1956; x_wconf 87' lang='lat' dir='ltr'>de</span> <span class='ocrx_word' id='word_1_521' title='bbox 1663 1926 1880 1963; x_wconf 81' lang='lat' dir='ltr'>Orationibus,</span> 
     </span>
    </p>
   </div>
   <div class='ocr_carea' id='block_1_44' title="bbox 171 1966 1881 2007">
    <p class='ocr_par' dir='ltr' id='par_1_44' title="bbox 171 1966 1881 2007">
     <span class='ocr_line' id='line_1_44' title="bbox 171 1966 1881 2007; baseline -0.001 -9"><span class='ocrx_word' id='word_1_522' title='bbox 171 1977 211 1998; x_wconf 86' lang='lat' dir='ltr'>an</span> <span class='ocrx_word' id='word_1_523' title='bbox 228 1968 356 2007; x_wconf 64' lang='lat' dir='ltr'>scriptas</span> <span class='ocrx_word' id='word_1_524' title='bbox 373 1970 506 2003; x_wconf 89' lang='lat' dir='ltr'>tantum,</span> <span class='ocrx_word' id='word_1_525' title='bbox 525 1976 565 1997; x_wconf 86' lang='lat' dir='ltr'>an</span> <span class='ocrx_word' id='word_1_526' title='bbox 590 1967 681 1997; x_wconf 84' lang='lat' dir='ltr'>dictae</span> <span class='ocrx_word' id='word_1_527' title='bbox 706 1975 832 2007; x_wconf 90' lang='lat' dir='ltr'>quoque</span> <span class='ocrx_word' id='word_1_528' title='bbox 854 1966 970 2007; x_wconf 83' lang='lat' dir='ltr'>fuerint</span> <span class='ocrx_word' id='word_1_529' title='bbox 990 1975 997 1996; x_wconf 90' lang='lat'><strong>:</strong></span> <span class='ocrx_word' id='word_1_530' title='bbox 1015 1966 1150 2007; x_wconf 78' lang='lat' dir='ltr'>alterum</span> <span class='ocrx_word' id='word_1_531' title='bbox 1179 1967 1218 1996; x_wconf 91' lang='lat' dir='ltr'>de</span> <span class='ocrx_word' id='word_1_532' title='bbox 1237 1967 1412 1997; x_wconf 83' lang='lat' dir='ltr'>Constantii</span> <span class='ocrx_word' id='word_1_533' title='bbox 1436 1966 1595 2004; x_wconf 85' lang='lat' dir='ltr'>laudibus,</span> <span class='ocrx_word' id='word_1_534' title='bbox 1611 1976 1683 2007; x_wconf 74' lang='lat' dir='ltr'>quae</span> <span class='ocrx_word' id='word_1_535' title='bbox 1707 1975 1771 1997; x_wconf 87' lang='lat' dir='ltr'>non</span> <span class='ocrx_word' id='word_1_536' title='bbox 1801 1975 1881 2007; x_wconf 87' lang='lat' dir='ltr'>pau-</span> 
     </span>
    </p>
   </div>
   <div class='ocr_carea' id='block_1_45' title="bbox 173 2006 1216 2045">
    <p class='ocr_par' dir='ltr' id='par_1_45' title="bbox 173 2006 1216 2045">
     <span class='ocr_line' id='line_1_45' title="bbox 173 2006 1216 2045; baseline -0.002 -6"><span class='ocrx_word' id='word_1_537' title='bbox 173 2017 282 2039; x_wconf 87' lang='lat' dir='ltr'>corum</span> <span class='ocrx_word' id='word_1_538' title='bbox 296 2006 422 2038; x_wconf 77' lang='lat' dir='ltr'>animos</span> <span class='ocrx_word' id='word_1_539' title='bbox 437 2007 638 2037; x_wconf 80' lang='lat' dir='ltr'>oﬂ’enderunt</span> <span class='ocrx_word' id='word_1_540' title='bbox 652 2007 739 2042; x_wconf 84' lang='lat' dir='ltr'>olim,</span> <span class='ocrx_word' id='word_1_541' title='bbox 758 2006 915 2045; x_wconf 87' lang='lat' dir='ltr'>hodieque</span> <span class='ocrx_word' id='word_1_542' title='bbox 929 2006 1023 2036; x_wconf 89' lang='lat' dir='ltr'>etiam</span> <span class='ocrx_word' id='word_1_543' title='bbox 1040 2006 1216 2037; x_wconf 65' lang='lat' dir='ltr'>offendunt.</span> 
     </span>
    </p>
   </div>
   <div class='ocr_carea' id='block_1_46' title="bbox 215 2045 1883 2086">
    <p class='ocr_par' dir='ltr' id='par_1_46' title="bbox 215 2045 1883 2086">
     <span class='ocr_line' id='line_1_46' title="bbox 215 2045 1883 2086; baseline -0.001 -8"><span class='ocrx_word' id='word_1_544' title='bbox 215 2049 278 2079; x_wconf 88' lang='lat' dir='ltr'>Vl.</span> <span class='ocrx_word' id='word_1_545' title='bbox 308 2049 370 2077; x_wconf 84' lang='lat' dir='ltr'>Has</span> <span class='ocrx_word' id='word_1_546' title='bbox 409 2048 573 2078; x_wconf 80' lang='lat' dir='ltr'>Orationes</span> <span class='ocrx_word' id='word_1_547' title='bbox 613 2048 712 2077; x_wconf 85' lang='lat' dir='ltr'>factas</span> <span class='ocrx_word' id='word_1_548' title='bbox 752 2047 948 2086; x_wconf 76' lang='lat' dir='ltr'>scriptaeque</span> <span class='ocrx_word' id='word_1_549' title='bbox 967 2068 974 2082; x_wconf 91' lang='lat'><strong>,</strong></span> <span class='ocrx_word' id='word_1_550' title='bbox 1018 2050 1053 2076; x_wconf 89' lang='lat' dir='ltr'>ut</span> <span class='ocrx_word' id='word_1_551' title='bbox 1092 2056 1199 2077; x_wconf 88' lang='lat' dir='ltr'>coram</span> <span class='ocrx_word' id='word_1_552' title='bbox 1242 2046 1362 2086; x_wconf 89' lang='lat' dir='ltr'>populo</span> <span class='ocrx_word' id='word_1_553' title='bbox 1404 2046 1685 2084; x_wconf 87' lang='lat' dir='ltr'>declamarentur,</span> <span class='ocrx_word' id='word_1_554' title='bbox 1717 2045 1883 2077; x_wconf 84' lang='lat' dir='ltr'>exordium</span> 
     </span>
    </p>
   </div>
   <div class='ocr_carea' id='block_1_47' title="bbox 171 2086 1882 2127">
    <p class='ocr_par' dir='ltr' id='par_1_47' title="bbox 171 2086 1882 2127">
     <span class='ocr_line' id='line_1_47' title="bbox 171 2086 1882 2127; baseline 0 -10"><span class='ocrx_word' id='word_1_555' title='bbox 171 2087 296 2127; x_wconf 91' lang='lat' dir='ltr'>prioris,</span> <span class='ocrx_word' id='word_1_556' title='bbox 319 2088 446 2127; x_wconf 83' lang='lat' dir='ltr'>aliaque</span> <span class='ocrx_word' id='word_1_557' title='bbox 475 2088 591 2127; x_wconf 88' lang='lat' dir='ltr'>passim</span> <span class='ocrx_word' id='word_1_558' title='bbox 621 2087 717 2118; x_wconf 88' lang='lat' dir='ltr'>verba</span> <span class='ocrx_word' id='word_1_559' title='bbox 745 2087 893 2117; x_wconf 88' lang='lat' dir='ltr'>videntur</span> <span class='ocrx_word' id='word_1_560' title='bbox 921 2086 1137 2117; x_wconf 82' lang='lat' dir='ltr'>demonstrare</span> <span class='ocrx_word' id='word_1_561' title='bbox 1163 2096 1170 2123; x_wconf 86' lang='lat'><strong>;</strong></span> <span class='ocrx_word' id='word_1_562' title='bbox 1201 2089 1233 2116; x_wconf 88' lang='lat' dir='ltr'>at</span> <span class='ocrx_word' id='word_1_563' title='bbox 1263 2095 1295 2117; x_wconf 83' lang='lat' dir='ltr'>re</span> <span class='ocrx_word' id='word_1_564' title='bbox 1335 2086 1404 2126; x_wconf 85' lang='lat' dir='ltr'>ipsa</span> <span class='ocrx_word' id='word_1_565' title='bbox 1433 2088 1655 2126; x_wconf 66' lang='lat' dir='ltr'>pronuntiatus</span> <span class='ocrx_word' id='word_1_566' title='bbox 1683 2096 1746 2117; x_wconf 90' lang='lat' dir='ltr'>non</span> <span class='ocrx_word' id='word_1_567' title='bbox 1775 2087 1882 2123; x_wconf 82' lang='lat' dir='ltr'>fuisse,</span> 
     </span>
    </p>
   </div>
   <div class='ocr_carea' id='block_1_48' title="bbox 171 2126 1877 2167">
    <p class='ocr_par' dir='ltr' id='par_1_48' title="bbox 171 2126 1877 2167">
     <span class='ocr_line' id='line_1_48' title="bbox 171 2126 1877 2167; baseline -0.001 -9"><span class='ocrx_word' id='word_1_568' title='bbox 171 2126 207 2158; x_wconf 82' lang='lat' dir='ltr'>ex</span> <span class='ocrx_word' id='word_1_569' title='bbox 225 2128 292 2167; x_wconf 89' lang='lat' dir='ltr'>ipso</span> <span class='ocrx_word' id='word_1_570' title='bbox 315 2128 464 2167; x_wconf 88' lang='lat' dir='ltr'>Gregorio</span> <span class='ocrx_word' id='word_1_571' title='bbox 494 2128 620 2157; x_wconf 89' lang='lat' dir='ltr'>credere</span> <span class='ocrx_word' id='word_1_572' title='bbox 649 2127 811 2166; x_wconf 86' lang='lat' dir='ltr'>cogimur:</span> <span class='ocrx_word' id='word_1_573' title='bbox 843 2127 960 2166; x_wconf 91' lang='lat' dir='ltr'>quippe</span> <span class='ocrx_word' id='word_1_574' title='bbox 990 2127 1056 2165; x_wconf 87' lang='lat' dir='ltr'>qui,</span> <span class='ocrx_word' id='word_1_575' title='bbox 1079 2127 1187 2157; x_wconf 88' lang='lat' dir='ltr'>divisis</span> <span class='ocrx_word' id='word_1_576' title='bbox 1217 2137 1233 2154; x_wconf 77' lang='grc' dir='ltr'><strong><em>α</em></strong></span> <span class='ocrx_word' id='word_1_577' title='bbox 1262 2136 1279 2156; x_wconf 88' lang='lat' dir='ltr'>a</span> <span class='ocrx_word' id='word_1_578' title='bbox 1310 2128 1401 2157; x_wconf 86' lang='lat' dir='ltr'>Patre</span> <span class='ocrx_word' id='word_1_579' title='bbox 1429 2138 1444 2154; x_wconf 87' lang='lat'><strong>»</strong></span> <span class='ocrx_word' id='word_1_580' title='bbox 1472 2127 1672 2167; x_wconf 89' lang='lat' dir='ltr'>discissisque</span> <span class='ocrx_word' id='word_1_581' title='bbox 1703 2126 1877 2164; x_wconf 76' lang='lat' dir='ltr'>monachis,</span> 
     </span>
    </p>
   </div>
   <div class='ocr_carea' id='block_1_49' title="bbox 170 2167 1882 2207">
    <p class='ocr_par' dir='ltr' id='par_1_49' title="bbox 170 2167 1882 2207">
     <span class='ocr_line' id='line_1_49' title="bbox 170 2167 1882 2207; baseline -0.001 -9"><span class='ocrx_word' id='word_1_582' title='bbox 170 2176 347 2198; x_wconf 84' lang='lat' dir='ltr'>sermonem</span> <span class='ocrx_word' id='word_1_583' title='bbox 371 2177 403 2198; x_wconf 86' lang='lat' dir='ltr'>se</span> <span class='ocrx_word' id='word_1_584' title='bbox 425 2167 586 2207; x_wconf 86' lang='lat' dir='ltr'>abjecisse,</span> <span class='ocrx_word' id='word_1_585' title='bbox 613 2167 794 2206; x_wconf 88' lang='lat' dir='ltr'>neminique</span> <span class='ocrx_word' id='word_1_586' title='bbox 821 2167 995 2197; x_wconf 87' lang='lat' dir='ltr'>concessise</span> <span class='ocrx_word' id='word_1_587' title='bbox 1011 2190 1019 2205; x_wconf 92' lang='lat'><strong>,</strong></span> <span class='ocrx_word' id='word_1_588' title='bbox 1046 2167 1160 2197; x_wconf 79' lang='lat' dir='ltr'>iterum</span> <span class='ocrx_word' id='word_1_589' title='bbox 1188 2170 1283 2206; x_wconf 87' lang='lat' dir='ltr'>atque</span> <span class='ocrx_word' id='word_1_590' title='bbox 1307 2167 1421 2196; x_wconf 90' lang='lat' dir='ltr'>iterum</span> <span class='ocrx_word' id='word_1_591' title='bbox 1446 2168 1612 2205; x_wconf 86' lang='lat' dir='ltr'>proﬁtetur</span> <span class='ocrx_word' id='word_1_592' title='bbox 1640 2167 1714 2207; x_wconf 80' lang='grc'>(42).</span> <span class='ocrx_word' id='word_1_593' title='bbox 1741 2167 1799 2198; x_wconf 87' lang='lat' dir='ltr'>Illa</span> <span class='ocrx_word' id='word_1_594' title='bbox 1826 2176 1882 2207; x_wconf 45' lang='lat' dir='ltr'>au:</span> 
     </span>
    </p>
   </div>
   <div class='ocr_carea' id='block_1_50' title="bbox 170 2206 1883 2254">
    <p class='ocr_par' dir='ltr' id='par_1_50' title="bbox 170 2206 1883 2254">
     <span class='ocr_line' id='line_1_50' title="bbox 170 2206 1883 2254; baseline -0.001 -16"><span class='ocrx_word' id='word_1_595' title='bbox 170 2211 234 2254; x_wconf 77' lang='lat' dir='ltr'>tem</span> <span class='ocrx_word' id='word_1_596' title='bbox 263 2208 374 2254; x_wconf 78' lang='lat' dir='ltr'>divisio</span> <span class='ocrx_word' id='word_1_597' title='bbox 403 2206 649 2254; x_wconf 53' lang='lat' dir='ltr'>perseverabat2</span> <span class='ocrx_word' id='word_1_598' title='bbox 679 2209 775 2254; x_wconf 48' lang='lat' dir='ltr'>et‘de</span> <span class='ocrx_word' id='word_1_599' title='bbox 804 2207 1008 2253; x_wconf 70' lang='lat' dir='ltr'>Nazianzenus</span> <span class='ocrx_word' id='word_1_600' title='bbox 1047 2206 1390 2254; x_wconf 45' lang='lat' dir='ltr'>Ecclesiae‘schismate</span> <span class='ocrx_word' id='word_1_601' title='bbox 1418 2207 1509 2237; x_wconf 92' lang='lat' dir='ltr'>dolor</span> <span class='ocrx_word' id='word_1_602' title='bbox 1527 2207 1620 2254; x_wconf 28' lang='lat' dir='ltr'>“qui</span> <span class='ocrx_word' id='word_1_603' title='bbox 1643 2208 1710 2254; x_wconf 41' lang='lat' dir='ltr'>K43)</span> <span class='ocrx_word' id='word_1_604' title='bbox 1741 2219 1756 2236; x_wconf 82' lang='grc'>‹‹</span> <span class='ocrx_word' id='word_1_605' title='bbox 1784 2206 1883 2254; x_wconf 75' lang='lat' dir='ltr'>veluti</span> 
     </span>
    </p>
   </div>
   <div class='ocr_carea' id='block_1_51' title="bbox 170 2247 1884 2288">
    <p class='ocr_par' dir='ltr' id='par_1_51' title="bbox 170 2247 1884 2288">
     <span class='ocr_line' id='line_1_51' title="bbox 170 2247 1884 2288; baseline 0 -10"><span class='ocrx_word' id='word_1_606' title='bbox 170 2248 270 2279; x_wconf 87' lang='lat' dir='ltr'>nubes</span> <span class='ocrx_word' id='word_1_607' title='bbox 296 2249 404 2288; x_wconf 86' lang='lat' dir='ltr'>aliqua</span> <span class='ocrx_word' id='word_1_608' title='bbox 432 2258 486 2278; x_wconf 90' lang='lat' dir='ltr'>cor</span> <span class='ocrx_word' id='word_1_609' title='bbox 510 2249 651 2287; x_wconf 87' lang='lat' dir='ltr'>Gregorii</span> <span class='ocrx_word' id='word_1_610' title='bbox 682 2248 810 2278; x_wconf 88' lang='lat' dir='ltr'>subiens</span> <span class='ocrx_word' id='word_1_611' title='bbox 839 2248 995 2288; x_wconf 81' lang='lat' dir='ltr'>sermonis</span> <span class='ocrx_word' id='word_1_612' title='bbox 1028 2247 1134 2277; x_wconf 79' lang='lat' dir='ltr'>radios</span> <span class='ocrx_word' id='word_1_613' title='bbox 1163 2247 1357 2286; x_wconf 87' lang='lat' dir='ltr'>obtegebat,</span> <span class='ocrx_word' id='word_1_614' title='bbox 1390 2258 1405 2275; x_wconf 88' lang='lat'>»</span> <span class='ocrx_word' id='word_1_615' title='bbox 1437 2256 1509 2277; x_wconf 90' lang='lat' dir='ltr'>cum</span> <span class='ocrx_word' id='word_1_616' title='bbox 1546 2247 1720 2278; x_wconf 85' lang='lat' dir='ltr'>Invectivas</span> <span class='ocrx_word' id='word_1_617' title='bbox 1765 2247 1884 2288; x_wconf 80' lang='lat' dir='ltr'>scribe-</span> 
     </span>
    </p>
   </div>
   <div class='ocr_carea' id='block_1_52' title="bbox 169 2287 1886 2328">
    <p class='ocr_par' dir='ltr' id='par_1_52' title="bbox 169 2287 1886 2328">
     <span class='ocr_line' id='line_1_52' title="bbox 169 2287 1886 2328; baseline -0.001 -9"><span class='ocrx_word' id='word_1_618' title='bbox 169 2292 228 2319; x_wconf 86' lang='lat' dir='ltr'>ret.</span> <span class='ocrx_word' id='word_1_619' title='bbox 260 2289 349 2325; x_wconf 85' lang='lat' dir='ltr'>Quod</span> <span class='ocrx_word' id='word_1_620' title='bbox 380 2289 508 2328; x_wconf 88' lang='lat' dir='ltr'>quidem</span> <span class='ocrx_word' id='word_1_621' title='bbox 538 2289 746 2319; x_wconf 79' lang='lat' dir='ltr'>manifestum</span> <span class='ocrx_word' id='word_1_622' title='bbox 776 2291 824 2318; x_wconf 87' lang='lat' dir='ltr'>est</span> <span class='ocrx_word' id='word_1_623' title='bbox 851 2288 899 2318; x_wconf 77' lang='lat' dir='ltr'>bis</span> <span class='ocrx_word' id='word_1_624' title='bbox 927 2287 1030 2318; x_wconf 85' lang='lat' dir='ltr'>verbis</span> <span class='ocrx_word' id='word_1_625' title='bbox 1056 2287 1220 2327; x_wconf 81' lang='lat' dir='ltr'>Gregorii,</span> <span class='ocrx_word' id='word_1_626' title='bbox 1249 2288 1363 2327; x_wconf 88' lang='lat' dir='ltr'>quibus</span> <span class='ocrx_word' id='word_1_627' title='bbox 1388 2297 1450 2318; x_wconf 90' lang='lat' dir='ltr'>non</span> <span class='ocrx_word' id='word_1_628' title='bbox 1481 2288 1560 2318; x_wconf 87' lang='lat' dir='ltr'>alios</span> <span class='ocrx_word' id='word_1_629' title='bbox 1589 2298 1685 2328; x_wconf 91' lang='lat' dir='ltr'>quam</span> <span class='ocrx_word' id='word_1_630' title='bbox 1711 2287 1886 2318; x_wconf 80' lang='lat' dir='ltr'>monachos</span> 
     </span>
    </p>
   </div>
   <div class='ocr_carea' id='block_1_53' title="bbox 170 2328 1884 2368">
    <p class='ocr_par' dir='ltr' id='par_1_53' title="bbox 170 2328 1884 2368">
     <span class='ocr_line' id='line_1_53' title="bbox 170 2328 1884 2368; baseline -0.001 -9"><span class='ocrx_word' id='word_1_631' title='bbox 170 2329 243 2360; x_wconf 84' lang='lat' dir='ltr'>ﬁdei</span> <span class='ocrx_word' id='word_1_632' title='bbox 265 2329 332 2360; x_wconf 84' lang='lat' dir='ltr'>zelo</span> <span class='ocrx_word' id='word_1_633' title='bbox 361 2329 578 2366; x_wconf 82' lang='lat' dir='ltr'>ferventiores,</span> <span class='ocrx_word' id='word_1_634' title='bbox 608 2332 639 2359; x_wconf 91' lang='lat' dir='ltr'>et</span> <span class='ocrx_word' id='word_1_635' title='bbox 668 2339 687 2359; x_wconf 89' lang='lat' dir='ltr'>a</span> <span class='ocrx_word' id='word_1_636' title='bbox 716 2328 867 2367; x_wconf 82' lang='lat' dir='ltr'>Gregorio</span> <span class='ocrx_word' id='word_1_637' title='bbox 896 2332 987 2368; x_wconf 88' lang='lat' dir='ltr'>patre</span> <span class='ocrx_word' id='word_1_638' title='bbox 1016 2328 1133 2358; x_wconf 87' lang='lat' dir='ltr'>idcirco</span> <span class='ocrx_word' id='word_1_639' title='bbox 1160 2328 1346 2359; x_wconf 83' lang='lat' dir='ltr'>dissidentes</span> <span class='ocrx_word' id='word_1_640' title='bbox 1375 2331 1465 2359; x_wconf 87' lang='lat' dir='ltr'>notat</span> <span class='ocrx_word' id='word_1_641' title='bbox 1493 2328 1566 2368; x_wconf 73' lang='grc'>(44).</span> <span class='ocrx_word' id='word_1_642' title='bbox 1587 2340 1602 2356; x_wconf 92' lang='grc'>‹‹</span> <span class='ocrx_word' id='word_1_643' title='bbox 1629 2330 1733 2368; x_wconf 86' lang='lat' dir='ltr'>Atque</span> <span class='ocrx_word' id='word_1_644' title='bbox 1762 2328 1884 2359; x_wconf 76' lang='lat' dir='ltr'>utinam</span> 
     </span>
    </p>
   </div>
   <div class='ocr_carea' id='block_1_54' title="bbox 169 2368 1884 2410">
    <p class='ocr_par' dir='ltr' id='par_1_54' title="bbox 169 2368 1884 2410">
     <span class='ocr_line' id='line_1_54' title="bbox 169 2368 1884 2410; baseline -0.001 -10"><span class='ocrx_word' id='word_1_645' title='bbox 169 2370 222 2400; x_wconf 92' lang='lat' dir='ltr'>ille</span> <span class='ocrx_word' id='word_1_646' title='bbox 238 2378 365 2410; x_wconf 88' lang='lat' dir='ltr'>quoque</span> <span class='ocrx_word' id='word_1_647' title='bbox 380 2373 481 2400; x_wconf 63' lang='lat' dir='ltr'>castus</span> <span class='ocrx_word' id='word_1_648' title='bbox 497 2370 536 2400; x_wconf 88' lang='lat' dir='ltr'>ad</span> <span class='ocrx_word' id='word_1_649' title='bbox 566 2370 699 2400; x_wconf 88' lang='lat' dir='ltr'>chorum</span> <span class='ocrx_word' id='word_1_650' title='bbox 721 2373 864 2410; x_wconf 85' lang='lat' dir='ltr'>nostrum</span> <span class='ocrx_word' id='word_1_651' title='bbox 895 2378 928 2398; x_wconf 85' lang='lat' dir='ltr'>se</span> <span class='ocrx_word' id='word_1_652' title='bbox 957 2368 1196 2410; x_wconf 17' lang='lat' dir='ltr'>adjungat,rqui</span> <span class='ocrx_word' id='word_1_653' title='bbox 1224 2378 1296 2399; x_wconf 89' lang='lat' dir='ltr'>cum</span> <span class='ocrx_word' id='word_1_654' title='bbox 1312 2369 1398 2410; x_wconf 90' lang='lat' dir='ltr'>prius</span> <span class='ocrx_word' id='word_1_655' title='bbox 1427 2369 1605 2410; x_wconf 85' lang='lat' dir='ltr'>cantionem</span> <span class='ocrx_word' id='word_1_656' title='bbox 1635 2369 1884 2410; x_wconf 81' lang='lat' dir='ltr'>haudquaquam</span> 
     </span>
    </p>
   </div>
   <div class='ocr_carea' id='block_1_55' title="bbox 169 2408 1885 2450">
    <p class='ocr_par' dir='ltr' id='par_1_55' title="bbox 169 2408 1885 2450">
     <span class='ocr_line' id='line_1_55' title="bbox 169 2408 1885 2450; baseline -0.001 -10"><span class='ocrx_word' id='word_1_657' title='bbox 169 2408 382 2441; x_wconf 76' lang='lat' dir='ltr'>adulterinum</span> <span class='ocrx_word' id='word_1_658' title='bbox 399 2413 428 2440; x_wconf 91' lang='lat' dir='ltr'>et</span> <span class='ocrx_word' id='word_1_659' title='bbox 452 2410 628 2450; x_wconf 87' lang='lat' dir='ltr'>ignobilem</span> <span class='ocrx_word' id='word_1_660' title='bbox 652 2410 759 2449; x_wconf 87' lang='lat' dir='ltr'>(atque</span> <span class='ocrx_word' id='word_1_661' title='bbox 786 2409 857 2439; x_wconf 88' lang='lat' dir='ltr'>ideo</span> <span class='ocrx_word' id='word_1_662' title='bbox 887 2418 951 2439; x_wconf 90' lang='lat' dir='ltr'>non</span> <span class='ocrx_word' id='word_1_663' title='bbox 980 2409 1142 2450; x_wconf 84' lang='lat' dir='ltr'>Arianam)</span> <span class='ocrx_word' id='word_1_664' title='bbox 1159 2411 1235 2450; x_wconf 12' lang='lat' dir='ltr'>Deo?</span> <span class='ocrx_word' id='word_1_665' title='bbox 1252 2408 1421 2445; x_wconf 74' lang='lat' dir='ltr'>acciuerat,</span> <span class='ocrx_word' id='word_1_666' title='bbox 1444 2418 1482 2439; x_wconf 86' lang='lat' dir='ltr'>ac</span> <span class='ocrx_word' id='word_1_667' title='bbox 1507 2409 1618 2439; x_wconf 86' lang='lat' dir='ltr'>dextro</span> <span class='ocrx_word' id='word_1_668' title='bbox 1646 2408 1885 2450; x_wconf 68' lang='lat' dir='ltr'>quondam_.er-</span> 
     </span>
    </p>
   </div>
   <div class='ocr_carea' id='block_1_56' title="bbox 169 2448 1882 2491">
    <p class='ocr_par' dir='ltr' id='par_1_56' title="bbox 169 2448 1882 2491">
     <span class='ocr_line' id='line_1_56' title="bbox 169 2448 1882 2491; baseline -0.001 -10"><span class='ocrx_word' id='word_1_669' title='bbox 169 2450 243 2491; x_wconf 75' lang='lat' dir='ltr'>dine</span> <span class='ocrx_word' id='word_1_670' title='bbox 271 2450 347 2491; x_wconf 89' lang='lat' dir='ltr'>(quo</span> <span class='ocrx_word' id='word_1_671' title='bbox 369 2448 594 2491; x_wconf 80' lang='lat' dir='ltr'>statuebantur</span> <span class='ocrx_word' id='word_1_672' title='bbox 615 2449 745 2491; x_wconf 84' lang='lat' dir='ltr'>honoris</span> <span class='ocrx_word' id='word_1_673' title='bbox 772 2458 868 2480; x_wconf 85' lang='lat' dir='ltr'>causa</span> <span class='ocrx_word' id='word_1_674' title='bbox 897 2449 1057 2490; x_wconf 81' lang='lat' dir='ltr'>monachi)</span> <span class='ocrx_word' id='word_1_675' title='bbox 1086 2448 1200 2489; x_wconf 81' lang='lat' dir='ltr'>dignus</span> <span class='ocrx_word' id='word_1_676' title='bbox 1229 2449 1411 2491; x_wconf 74' lang='lat' dir='ltr'>haberetur,</span> <span class='ocrx_word' id='word_1_677' title='bbox 1441 2452 1538 2491; x_wconf 78' lang='lat' dir='ltr'>atque</span> <span class='ocrx_word' id='word_1_678' title='bbox 1564 2450 1670 2485; x_wconf 83' lang='lat' dir='ltr'>etiam,</span> <span class='ocrx_word' id='word_1_679' title='bbox 1688 2452 1722 2479; x_wconf 88' lang='lat' dir='ltr'>ut</span> <span class='ocrx_word' id='word_1_680' title='bbox 1745 2448 1882 2491; x_wconf 75' lang='lat' dir='ltr'>conﬁdo,</span> 
     </span>
    </p>
   </div>
   <div class='ocr_carea' id='block_1_57' title="bbox 171 2489 1884 2530">
    <p class='ocr_par' dir='ltr' id='par_1_57' title="bbox 171 2489 1884 2530">
     <span class='ocr_line' id='line_1_57' title="bbox 171 2489 1884 2530; baseline -0.001 -9"><span class='ocrx_word' id='word_1_681' title='bbox 171 2490 259 2521; x_wconf 84' lang='lat' dir='ltr'>brevi</span> <span class='ocrx_word' id='word_1_682' title='bbox 278 2489 463 2526; x_wconf 82' lang='lat' dir='ltr'>habebitur,</span> <span class='ocrx_word' id='word_1_683' title='bbox 480 2490 565 2520; x_wconf 88' lang='lat' dir='ltr'>haud</span> <span class='ocrx_word' id='word_1_684' title='bbox 594 2490 659 2520; x_wconf 87' lang='lat' dir='ltr'>scio</span> <span class='ocrx_word' id='word_1_685' title='bbox 687 2499 751 2530; x_wconf 89' lang='lat' dir='ltr'>qua</span> <span class='ocrx_word' id='word_1_686' title='bbox 778 2499 812 2520; x_wconf 90' lang='lat' dir='ltr'>re</span> <span class='ocrx_word' id='word_1_687' title='bbox 841 2492 1028 2530; x_wconf 85' lang='lat' dir='ltr'>commotus,</span> <span class='ocrx_word' id='word_1_688' title='bbox 1047 2489 1188 2529; x_wconf 74' lang='lat' dir='ltr'>repente</span> <span class='ocrx_word' id='word_1_689' title='bbox 1217 2492 1345 2520; x_wconf 85' lang='lat' dir='ltr'>cantum</span> <span class='ocrx_word' id='word_1_690' title='bbox 1375 2489 1406 2519; x_wconf 91' lang='lat' dir='ltr'>in</span> <span class='ocrx_word' id='word_1_691' title='bbox 1436 2489 1594 2519; x_wconf 88' lang='lat' dir='ltr'>diversum</span> <span class='ocrx_word' id='word_1_692' title='bbox 1625 2492 1739 2525; x_wconf 86' lang='lat' dir='ltr'>mutat,</span> <span class='ocrx_word' id='word_1_693' title='bbox 1757 2489 1884 2528; x_wconf 88' lang='lat' dir='ltr'>alioque</span> 
     </span>
    </p>
   </div>
   <div class='ocr_carea' id='block_1_58' title="bbox 169 2529 1886 2571">
    <p class='ocr_par' dir='ltr' id='par_1_58' title="bbox 169 2529 1886 2571">
     <span class='ocr_line' id='line_1_58' title="bbox 169 2529 1886 2571; baseline 0.001 -12"><span class='ocrx_word' id='word_1_694' title='bbox 169 2531 273 2571; x_wconf 80' lang='lat' dir='ltr'>gradu</span> <span class='ocrx_word' id='word_1_695' title='bbox 297 2534 393 2571; x_wconf 86' lang='lat' dir='ltr'>atque</span> <span class='ocrx_word' id='word_1_696' title='bbox 420 2530 532 2561; x_wconf 90' lang='lat' dir='ltr'>ordine</span> <span class='ocrx_word' id='word_1_697' title='bbox 558 2539 591 2561; x_wconf 86' lang='lat' dir='ltr'>se</span> <span class='ocrx_word' id='word_1_698' title='bbox 619 2529 754 2561; x_wconf 82' lang='lat' dir='ltr'>collocat</span> <span class='ocrx_word' id='word_1_699' title='bbox 778 2539 787 2566; x_wconf 89' lang='lat'><strong>;</strong></span> <span class='ocrx_word' id='word_1_700' title='bbox 817 2538 854 2560; x_wconf 78' lang='lat' dir='ltr'>ac</span> <span class='ocrx_word' id='word_1_701' title='bbox 883 2529 993 2571; x_wconf 18' lang='lat' dir='ltr'>nerob</span> <span class='ocrx_word' id='word_1_702' title='bbox 1022 2538 1223 2571; x_wconf 84' lang='lat' dir='ltr'>communem</span> <span class='ocrx_word' id='word_1_703' title='bbox 1249 2530 1378 2569; x_wconf 88' lang='lat' dir='ltr'>quidem</span> <span class='ocrx_word' id='word_1_704' title='bbox 1394 2530 1538 2571; x_wconf 70' lang='lat' dir='ltr'>laetitiam</span> <span class='ocrx_word' id='word_1_705' title='bbox 1563 2529 1678 2560; x_wconf 83' lang='lat' dir='ltr'>adduci</span> <span class='ocrx_word' id='word_1_706' title='bbox 1706 2532 1821 2571; x_wconf 83' lang='lat' dir='ltr'>potest,</span> <span class='ocrx_word' id='word_1_707' title='bbox 1849 2531 1886 2560; x_wconf 88' lang='lat' dir='ltr'>ut</span> 
     </span>
    </p>
   </div>
   <div class='ocr_carea' id='block_1_59' title="bbox 169 2570 1883 2611">
    <p class='ocr_par' dir='ltr' id='par_1_59' title="bbox 169 2570 1883 2611">
     <span class='ocr_line' id='line_1_59' title="bbox 169 2570 1883 2611; baseline 0 -11"><span class='ocrx_word' id='word_1_708' title='bbox 169 2570 586 2611; x_wconf 32' lang='lat' dir='ltr'>nobiscum’conjungatur,</span> <span class='ocrx_word' id='word_1_709' title='bbox 625 2583 640 2599; x_wconf 79' lang='grc'><strong>»</strong></span> <span class='ocrx_word' id='word_1_710' title='bbox 666 2573 715 2602; x_wconf 84' lang='lat' dir='ltr'>etc</span> <span class='ocrx_word' id='word_1_711' title='bbox 732 2592 740 2600; x_wconf 90' lang='lat'>.</span> <span class='ocrx_word' id='word_1_712' title='bbox 771 2571 855 2611; x_wconf 8' lang='lat' dir='ltr'>Haec,</span> <span class='ocrx_word' id='word_1_713' title='bbox 872 2570 1053 2611; x_wconf 78' lang='lat' dir='ltr'>nullatenus</span> <span class='ocrx_word' id='word_1_714' title='bbox 1077 2570 1224 2611; x_wconf 76' lang='lat' dir='ltr'>Arianis,</span> <span class='ocrx_word' id='word_1_715' title='bbox 1253 2570 1309 2600; x_wconf 89' lang='lat' dir='ltr'>sed</span> <span class='ocrx_word' id='word_1_716' title='bbox 1338 2570 1505 2601; x_wconf 88' lang='lat' dir='ltr'>monachis</span> <span class='ocrx_word' id='word_1_717' title='bbox 1528 2571 1648 2609; x_wconf 89' lang='lat' dir='ltr'>optime</span> <span class='ocrx_word' id='word_1_718' title='bbox 1676 2570 1883 2611; x_wconf 83' lang='lat' dir='ltr'>conveniunt,</span> 
     </span>
    </p>
   </div>
   <div class='ocr_carea' id='block_1_60' title="bbox 169 2609 1888 2650">
    <p class='ocr_par' dir='ltr' id='par_1_60' title="bbox 169 2609 1888 2650">
     <span class='ocr_line' id='line_1_60' title="bbox 169 2609 1888 2650; baseline -0.001 -10"><span class='ocrx_word' id='word_1_719' title='bbox 169 2609 216 2641; x_wconf 82' lang='lat' dir='ltr'>uti</span> <span class='ocrx_word' id='word_1_720' title='bbox 245 2610 403 2650; x_wconf 85' lang='lat' dir='ltr'>permulta</span> <span class='ocrx_word' id='word_1_721' title='bbox 421 2609 510 2642; x_wconf 52' lang='lat' dir='ltr'>sua.</span> <span class='ocrx_word' id='word_1_722' title='bbox 528 2612 662 2641; x_wconf 88' lang='lat' dir='ltr'>Istorum</span> <span class='ocrx_word' id='word_1_723' title='bbox 695 2620 710 2640; x_wconf 71' lang='grc' dir='ltr'>(ι</span> <span class='ocrx_word' id='word_1_724' title='bbox 738 2618 771 2640; x_wconf 87' lang='lat' dir='ltr'>se</span> <span class='ocrx_word' id='word_1_725' title='bbox 799 2609 929 2641; x_wconf 84' lang='lat' dir='ltr'>retineri</span> <span class='ocrx_word' id='word_1_726' title='bbox 955 2609 1060 2646; x_wconf 78' lang='lat' dir='ltr'>ﬁde,»</span> <span class='ocrx_word' id='word_1_727' title='bbox 1093 2619 1132 2641; x_wconf 89' lang='lat' dir='ltr'>ne</span> <span class='ocrx_word' id='word_1_728' title='bbox 1160 2610 1262 2641; x_wconf 87' lang='lat' dir='ltr'>zelum</span> <span class='ocrx_word' id='word_1_729' title='bbox 1293 2611 1324 2641; x_wconf 92' lang='lat' dir='ltr'>in</span> <span class='ocrx_word' id='word_1_730' title='bbox 1355 2620 1409 2641; x_wconf 89' lang='lat' dir='ltr'>eos</span> <span class='ocrx_word' id='word_1_731' title='bbox 1437 2613 1596 2647; x_wconf 86' lang='lat' dir='ltr'>exerceat,</span> <span class='ocrx_word' id='word_1_732' title='bbox 1628 2610 1767 2648; x_wconf 87' lang='lat' dir='ltr'>eosdem,</span> <span class='ocrx_word' id='word_1_733' title='bbox 1803 2621 1820 2638; x_wconf 78' lang='grc' dir='ltr'><strong><em>α</em></strong></span> <span class='ocrx_word' id='word_1_734' title='bbox 1850 2611 1888 2640; x_wconf 87' lang='lat' dir='ltr'>ut</span> 
     </span>
    </p>
   </div>
   <div class='ocr_carea' id='block_1_61' title="bbox 169 2649 1888 2691">
    <p class='ocr_par' dir='ltr' id='par_1_61' title="bbox 169 2649 1888 2691">
     <span class='ocr_line' id='line_1_61' title="bbox 169 2649 1888 2691; baseline -0.001 -10"><span class='ocrx_word' id='word_1_735' title='bbox 169 2649 312 2682; x_wconf 85' lang='lat' dir='ltr'>membra</span> <span class='ocrx_word' id='word_1_736' title='bbox 325 2660 382 2682; x_wconf 88' lang='lat' dir='ltr'>suo</span> <span class='ocrx_word' id='word_1_737' title='bbox 396 2652 501 2682; x_wconf 83' lang='lat' dir='ltr'>fovere</span> <span class='ocrx_word' id='word_1_738' title='bbox 516 2661 548 2682; x_wconf 85' lang='lat' dir='ltr'>se</span> <span class='ocrx_word' id='word_1_739' title='bbox 563 2651 668 2682; x_wconf 89' lang='lat' dir='ltr'>adhuc</span> <span class='ocrx_word' id='word_1_740' title='bbox 683 2654 780 2690; x_wconf 88' lang='lat' dir='ltr'>atque</span> <span class='ocrx_word' id='word_1_741' title='bbox 795 2651 975 2690; x_wconf 87' lang='lat' dir='ltr'>complecti,</span> <span class='ocrx_word' id='word_1_742' title='bbox 993 2662 1009 2679; x_wconf 84' lang='lat'><strong><em>»</em></strong></span> <span class='ocrx_word' id='word_1_743' title='bbox 1028 2650 1073 2681; x_wconf 89' lang='lat' dir='ltr'>ait</span> <span class='ocrx_word' id='word_1_744' title='bbox 1086 2651 1267 2690; x_wconf 89' lang='lat' dir='ltr'>Theologus</span> <span class='ocrx_word' id='word_1_745' title='bbox 1305 2651 1383 2691; x_wconf 78' lang='grc'>(45).</span> <span class='ocrx_word' id='word_1_746' title='bbox 1420 2650 1509 2682; x_wconf 89' lang='lat' dir='ltr'>Itane</span> <span class='ocrx_word' id='word_1_747' title='bbox 1549 2651 1597 2691; x_wconf 9' lang='lat' dir='ltr'>de,</span> <span class='ocrx_word' id='word_1_748' title='bbox 1615 2650 1740 2681; x_wconf 83' lang='lat' dir='ltr'>Arianis</span> <span class='ocrx_word' id='word_1_749' title='bbox 1762 2649 1888 2691; x_wconf 78' lang='lat' dir='ltr'>locutus</span> 
     </span>
    </p>
   </div>
   <div class='ocr_carea' id='block_1_62' title="bbox 168 2690 1888 2731">
    <p class='ocr_par' dir='ltr' id='par_1_62' title="bbox 168 2690 1888 2731">
     <span class='ocr_line' id='line_1_62' title="bbox 168 2690 1888 2731; baseline 0 -10"><span class='ocrx_word' id='word_1_750' title='bbox 168 2691 311 2722; x_wconf 82' lang='lat' dir='ltr'>fuisset?</span> <span class='ocrx_word' id='word_1_751' title='bbox 337 2694 379 2722; x_wconf 90' lang='lat' dir='ltr'>De</span> <span class='ocrx_word' id='word_1_752' title='bbox 408 2691 572 2724; x_wconf 84' lang='lat' dir='ltr'>monachis</span> <span class='ocrx_word' id='word_1_753' title='bbox 599 2691 697 2731; x_wconf 83' lang='lat' dir='ltr'>igitur</span> <span class='ocrx_word' id='word_1_754' title='bbox 725 2699 744 2721; x_wconf 88' lang='lat' dir='ltr'>a</span> <span class='ocrx_word' id='word_1_755' title='bbox 767 2692 857 2731; x_wconf 88' lang='lat' dir='ltr'>patre</span> <span class='ocrx_word' id='word_1_756' title='bbox 886 2691 1044 2730; x_wconf 90' lang='lat' dir='ltr'>Gregorio</span> <span class='ocrx_word' id='word_1_757' title='bbox 1073 2690 1297 2722; x_wconf 87' lang='lat' dir='ltr'>dissidentibus</span> <span class='ocrx_word' id='word_1_758' title='bbox 1326 2690 1395 2722; x_wconf 79' lang='lat' dir='ltr'>haec</span> <span class='ocrx_word' id='word_1_759' title='bbox 1422 2694 1498 2722; x_wconf 86' lang='lat' dir='ltr'>sunt</span> <span class='ocrx_word' id='word_1_760' title='bbox 1524 2690 1732 2731; x_wconf 86' lang='lat' dir='ltr'>intelligenda</span> <span class='ocrx_word' id='word_1_761' title='bbox 1757 2699 1765 2728; x_wconf 84' lang='lat'><strong>;</strong></span> <span class='ocrx_word' id='word_1_762' title='bbox 1794 2690 1888 2721; x_wconf 84' lang='lat' dir='ltr'>dissi-</span> 
     </span>
    </p>
   </div>
   <div class='ocr_carea' id='block_1_63' title="bbox 204 2744 494 2778">
    <p class='ocr_par' dir='ltr' id='par_1_63' title="bbox 204 2744 494 2778">
     <span class='ocr_line' id='line_1_63' title="bbox 204 2744 494 2778; baseline 0.003 -7"><span class='ocrx_word' id='word_1_763' title='bbox 204 2744 227 2762; x_wconf 75' lang='grc'>³⁸</span> <span class='ocrx_word' id='word_1_764' title='bbox 242 2745 325 2772; x_wconf 91' lang='lat' dir='ltr'>Prov.</span> <span class='ocrx_word' id='word_1_765' title='bbox 345 2752 384 2778; x_wconf 80' lang='lat' dir='ltr'>v1,</span> <span class='ocrx_word' id='word_1_766' title='bbox 400 2745 494 2773; x_wconf 81' lang='lat'><strong>12-15.</strong></span> 
     </span>
    </p>
   </div>
   <div class='ocr_carea' id='block_1_64' title="bbox 201 2792 1012 2865">
    <p class='ocr_par' dir='ltr' id='par_1_64' title="bbox 201 2792 1001 2865">
     <span class='ocr_line' id='line_1_64' title="bbox 213 2792 923 2829; baseline 0 -9"><span class='ocrx_word' id='word_1_767' title='bbox 213 2793 258 2825; x_wconf 82' lang='lat'>36)</span> <span class='ocrx_word' id='word_1_768' title='bbox 271 2795 347 2821; x_wconf 84' lang='lat' dir='ltr'>Petr.</span> <span class='ocrx_word' id='word_1_769' title='bbox 362 2795 504 2829; x_wconf 74' lang='lat' dir='ltr'>Cunmus,</span> <span class='ocrx_word' id='word_1_770' title='bbox 521 2793 605 2822; x_wconf 57' lang='lat' dir='ltr'>Praef.</span> <span class='ocrx_word' id='word_1_771' title='bbox 621 2793 776 2822; x_wconf 46' lang='lat' dir='ltr'>in&#39;Juliani</span> <span class='ocrx_word' id='word_1_772' title='bbox 790 2792 923 2821; x_wconf 68' lang='lat' dir='ltr'>Caesares.</span> 
     </span>
     <span class='ocr_line' id='line_1_65' title="bbox 201 2793 1001 2865; baseline 0 -9"><span class='ocrx_word' id='word_1_773' title='bbox 201 2793 259 2865; x_wconf 62' lang='lat' dir='ltr'>i137)</span> <span class='ocrx_word' id='word_1_774' title='bbox 276 2828 405 2857; x_wconf 89' lang='lat' dir='ltr'>Clericus</span> <span class='ocrx_word' id='word_1_775' title='bbox 422 2828 497 2856; x_wconf 90' lang='lat' dir='ltr'>Bibl.</span> <span class='ocrx_word' id='word_1_776' title='bbox 520 2829 598 2858; x_wconf 87' lang='lat' dir='ltr'>univ.</span> <span class='ocrx_word' id='word_1_777' title='bbox 614 2829 636 2858; x_wconf 94' lang='grc' dir='ltr'>Ι.</span> <span class='ocrx_word' id='word_1_778' title='bbox 653 2827 754 2862; x_wconf 83' lang='lat' dir='ltr'>XVIII,</span> <span class='ocrx_word' id='word_1_779' title='bbox 767 2836 836 2857; x_wconf 83' lang='lat' dir='ltr'>ann.</span> <span class='ocrx_word' id='word_1_780' title='bbox 854 2828 934 2862; x_wconf 82' lang='lat'>1690,</span> <span class='ocrx_word' id='word_1_781' title='bbox 946 2830 1001 2857; x_wconf 87' lang='lat' dir='ltr'>art.</span> 
     </span>
    </p>
   </div>
   <div class='ocr_carea' id='block_1_65' title="bbox 843 2792 1654 2865">
    <p class='ocr_par' dir='ltr' id='par_1_65' title="bbox 843 2792 1654 2865">
     <span class='ocr_line' id='line_1_66' title="bbox 843 2792 1654 2865; baseline 0 -45"><span class='ocrx_word' id='word_1_782' title='bbox 843 2800 923 2821; x_wconf 58' lang='lat' dir='ltr'>iures.</span> <span class='ocrx_word' id='word_1_783' title='bbox 1093 2794 1151 2865; x_wconf 46' lang='lat'>£40)</span> <span class='ocrx_word' id='word_1_784' title='bbox 1166 2794 1231 2822; x_wconf 87' lang='lat' dir='ltr'>Bar.</span> <span class='ocrx_word' id='word_1_785' title='bbox 1248 2794 1284 2822; x_wconf 83' lang='lat' dir='ltr'>ad</span> <span class='ocrx_word' id='word_1_786' title='bbox 1301 2802 1350 2822; x_wconf 88' lang='lat' dir='ltr'>an.</span> <span class='ocrx_word' id='word_1_787' title='bbox 1366 2792 1432 2828; x_wconf 85' lang='lat'>363,</span> <span class='ocrx_word' id='word_1_788' title='bbox 1444 2794 1466 2821; x_wconf 87' lang='lat' dir='ltr'>t.</span> <span class='ocrx_word' id='word_1_789' title='bbox 1484 2792 1531 2828; x_wconf 89' lang='lat' dir='ltr'><strong>IV,</strong></span> <span class='ocrx_word' id='word_1_790' title='bbox 1547 2801 1575 2830; x_wconf 91' lang='lat' dir='ltr'>p.</span> <span class='ocrx_word' id='word_1_791' title='bbox 1592 2793 1654 2822; x_wconf 83' lang='grc'>144.</span> 
     </span>
     <span class='ocr_line' id='line_1_67' title="bbox 854 2828 1348 2865; baseline 0.002 -9"><span class='ocrx_word' id='word_1_792' title='bbox 854 2828 934 2862; x_wconf 94' lang='grc'>1690,</span> <span class='ocrx_word' id='word_1_793' title='bbox 946 2830 1001 2857; x_wconf 87' lang='lat' dir='ltr'>art.</span> <span class='ocrx_word' id='word_1_794' title='bbox 1105 2830 1149 2865; x_wconf 86' lang='grc'>41)</span> <span class='ocrx_word' id='word_1_795' title='bbox 1167 2830 1216 2857; x_wconf 91' lang='lat' dir='ltr'>0r.</span> <span class='ocrx_word' id='word_1_796' title='bbox 1232 2838 1257 2863; x_wconf 92' lang='lat' dir='ltr'>v,</span> <span class='ocrx_word' id='word_1_797' title='bbox 1274 2838 1304 2857; x_wconf 88' lang='lat' dir='ltr'>n.</span> <span class='ocrx_word' id='word_1_798' title='bbox 1321 2830 1348 2857; x_wconf 82' lang='grc'>1.</span> 
     </span>
    </p>
   </div>
   <div class='ocr_carea' id='block_1_66' title="bbox 213 2827 1024 2866">
    <p class='ocr_par' dir='ltr' id='par_1_66' title="bbox 213 2827 1001 2866">
     <span class='ocr_line' id='line_1_68' title="bbox 213 2827 1001 2866; baseline 0 -10"><span class='ocrx_word' id='word_1_799' title='bbox 213 2828 405 2866; x_wconf 45' lang='grc' dir='ltr'>37)(ςῖιθιιίοιιε</span> <span class='ocrx_word' id='word_1_800' title='bbox 422 2827 499 2856; x_wconf 75' lang='lat' dir='ltr'>Bibl.</span> <span class='ocrx_word' id='word_1_801' title='bbox 520 2829 598 2858; x_wconf 87' lang='lat' dir='ltr'>univ.</span> <span class='ocrx_word' id='word_1_802' title='bbox 614 2829 636 2858; x_wconf 94' lang='grc' dir='ltr'>Ι.</span> <span class='ocrx_word' id='word_1_803' title='bbox 653 2827 754 2862; x_wconf 83' lang='lat' dir='ltr'>XVIII,</span> <span class='ocrx_word' id='word_1_804' title='bbox 767 2836 836 2857; x_wconf 83' lang='lat' dir='ltr'>ann.</span> <span class='ocrx_word' id='word_1_805' title='bbox 854 2828 934 2862; x_wconf 82' lang='lat'>1690,</span> <span class='ocrx_word' id='word_1_806' title='bbox 946 2830 1001 2857; x_wconf 87' lang='lat' dir='ltr'>art.</span> 
     </span>
    </p>
   </div>
   <div class='ocr_carea' id='block_1_67' title="bbox 536 2827 1347 2866">
    <p class='ocr_par' dir='ltr' id='par_1_67' title="bbox 540 2827 1347 2866">
     <span class='ocr_line' id='line_1_69' title="bbox 540 2827 1347 2866; baseline -0.001 -8"><span class='ocrx_word' id='word_1_807' title='bbox 540 2829 598 2858; x_wconf 87' lang='lat' dir='ltr'>niv.</span> <span class='ocrx_word' id='word_1_808' title='bbox 614 2829 636 2858; x_wconf 93' lang='grc' dir='ltr'>Ι.</span> <span class='ocrx_word' id='word_1_809' title='bbox 653 2827 754 2862; x_wconf 83' lang='lat' dir='ltr'><strong>XVIII,</strong></span> <span class='ocrx_word' id='word_1_810' title='bbox 767 2836 836 2857; x_wconf 84' lang='lat' dir='ltr'>ann.</span> <span class='ocrx_word' id='word_1_811' title='bbox 854 2828 934 2862; x_wconf 94' lang='grc'>1690,</span> <span class='ocrx_word' id='word_1_812' title='bbox 946 2830 1001 2857; x_wconf 87' lang='lat' dir='ltr'>art.</span> <span class='ocrx_word' id='word_1_813' title='bbox 1093 2827 1149 2866; x_wconf 82' lang='grc'>(41)</span> <span class='ocrx_word' id='word_1_814' title='bbox 1167 2830 1216 2866; x_wconf 84' lang='lat' dir='ltr'>Or.</span> <span class='ocrx_word' id='word_1_815' title='bbox 1232 2838 1257 2863; x_wconf 92' lang='lat' dir='ltr'>v,</span> <span class='ocrx_word' id='word_1_816' title='bbox 1274 2838 1304 2857; x_wconf 88' lang='lat' dir='ltr'>n.</span> <span class='ocrx_word' id='word_1_817' title='bbox 1321 2830 1347 2857; x_wconf 84' lang='grc'>1.</span> 
     </span>
    </p>
   </div>
   <div class='ocr_carea' id='block_1_68' title="bbox 169 2864 980 2974">
    <p class='ocr_par' dir='ltr' id='par_1_68' title="bbox 169 2864 980 2974">
     <span class='ocr_line' id='line_1_70' title="bbox 169 2864 853 2934; baseline 0 -6"><span class='ocrx_word' id='word_1_818' title='bbox 169 2864 197 2900; x_wconf 69' lang='grc'>1’</span> <span class='ocrx_word' id='word_1_819' title='bbox 260 2865 359 2929; x_wconf 57' lang='lat' dir='ltr'>Biiar.</span> <span class='ocrx_word' id='word_1_820' title='bbox 375 2900 445 2928; x_wconf 85' lang='lat' dir='ltr'>edit.</span> <span class='ocrx_word' id='word_1_821' title='bbox 458 2899 543 2934; x_wconf 89' lang='lat' dir='ltr'>Oper.</span> <span class='ocrx_word' id='word_1_822' title='bbox 560 2899 671 2928; x_wconf 83' lang='lat' dir='ltr'>Juliani</span> <span class='ocrx_word' id='word_1_823' title='bbox 687 2907 756 2928; x_wconf 84' lang='lat' dir='ltr'>ann.</span> <span class='ocrx_word' id='word_1_824' title='bbox 774 2899 853 2928; x_wconf 82' lang='grc'>1630.</span> 
     </span>
     <span class='ocr_line' id='line_1_71' title="bbox 170 2901 980 2974; baseline -0.001 -9"><span class='ocrx_word' id='word_1_825' title='bbox 170 2901 260 2974; x_wconf 50' lang='grc' dir='ltr'>ηέ39ζ</span> <span class='ocrx_word' id='word_1_826' title='bbox 273 2937 352 2974; x_wconf 50' lang='lat' dir='ltr'>Aug.</span> <span class='ocrx_word' id='word_1_827' title='bbox 367 2938 473 2974; x_wconf 66' lang='lat' dir='ltr'>contr.</span> <span class='ocrx_word' id='word_1_828' title='bbox 489 2934 583 2971; x_wconf 77' lang='lat' dir='ltr'>Epist.</span> <span class='ocrx_word' id='word_1_829' title='bbox 599 2937 736 2964; x_wconf 86' lang='lat' dir='ltr'>Parmen.</span> <span class='ocrx_word' id='word_1_830' title='bbox 753 2934 805 2964; x_wconf 88' lang='lat' dir='ltr'>lib.</span> <span class='ocrx_word' id='word_1_831' title='bbox 827 2935 850 2970; x_wconf 96' lang='grc' dir='ltr'>Ι,</span> <span class='ocrx_word' id='word_1_832' title='bbox 866 2943 892 2963; x_wconf 84' lang='lat' dir='ltr'>c.</span> <span class='ocrx_word' id='word_1_833' title='bbox 909 2935 952 2972; x_wconf 88' lang='grc'>15,</span> <span class='ocrx_word' id='word_1_834' title='bbox 969 2944 980 2964; x_wconf 79' lang='lat' dir='ltr'>r</span> 
     </span>
    </p>
   </div>
   <div class='ocr_carea' id='block_1_69' title="bbox 539 2864 1350 2974">
    <p class='ocr_par' dir='ltr' id='par_1_69' title="bbox 539 2864 1350 2974">
     <span class='ocr_line' id='line_1_72' title="bbox 1104 2864 1350 2901; baseline 0.004 -8"><span class='ocrx_word' id='word_1_835' title='bbox 1104 2864 1144 2893; x_wconf 77' lang='grc'>42</span> <span class='ocrx_word' id='word_1_836' title='bbox 1165 2865 1213 2894; x_wconf 90' lang='lat' dir='ltr'>Or.</span> <span class='ocrx_word' id='word_1_837' title='bbox 1227 2874 1267 2901; x_wconf 82' lang='lat' dir='ltr'>v1,</span> <span class='ocrx_word' id='word_1_838' title='bbox 1278 2874 1306 2894; x_wconf 90' lang='lat' dir='ltr'>n.</span> <span class='ocrx_word' id='word_1_839' title='bbox 1324 2866 1350 2894; x_wconf 88' lang='grc'>3.</span> 
     </span>
     <span class='ocr_line' id='line_1_73' title="bbox 539 2899 1295 2930; baseline 0.004 -3"><span class='ocrx_word' id='word_1_840' title='bbox 539 2920 543 2927; x_wconf 98' lang='grc'>.</span> <span class='ocrx_word' id='word_1_841' title='bbox 560 2899 671 2928; x_wconf 83' lang='lat' dir='ltr'>Juliani</span> <span class='ocrx_word' id='word_1_842' title='bbox 687 2907 756 2928; x_wconf 84' lang='lat' dir='ltr'>ann.</span> <span class='ocrx_word' id='word_1_843' title='bbox 774 2899 853 2928; x_wconf 82' lang='grc'>1630.</span> <span class='ocrx_word' id='word_1_844' title='bbox 1103 2901 1138 2930; x_wconf 90' lang='grc'>43</span> <span class='ocrx_word' id='word_1_845' title='bbox 1165 2901 1207 2929; x_wconf 88' lang='lat' dir='ltr'>Ib.</span> <span class='ocrx_word' id='word_1_846' title='bbox 1223 2910 1253 2930; x_wconf 89' lang='lat' dir='ltr'>n.</span> <span class='ocrx_word' id='word_1_847' title='bbox 1267 2902 1295 2929; x_wconf 85' lang='lat'>2.</span> 
     </span>
     <span class='ocr_line' id='line_1_74' title="bbox 539 2864 1350 2974; baseline 0.001 -10"><span class='ocrx_word' id='word_1_848' title='bbox 539 2935 583 2964; x_wconf 76' lang='lat' dir='ltr'>ist.</span> <span class='ocrx_word' id='word_1_849' title='bbox 599 2937 736 2964; x_wconf 86' lang='lat' dir='ltr'>Parmen.</span> <span class='ocrx_word' id='word_1_850' title='bbox 753 2934 805 2964; x_wconf 88' lang='lat' dir='ltr'>lib.</span> <span class='ocrx_word' id='word_1_851' title='bbox 827 2935 850 2970; x_wconf 96' lang='grc' dir='ltr'>Ι,</span> <span class='ocrx_word' id='word_1_852' title='bbox 866 2943 892 2963; x_wconf 84' lang='lat' dir='ltr'>c.</span> <span class='ocrx_word' id='word_1_853' title='bbox 909 2935 952 2972; x_wconf 97' lang='lat'>15,</span> <span class='ocrx_word' id='word_1_854' title='bbox 969 2944 998 2965; x_wconf 88' lang='lat' dir='ltr'>n.</span> <span class='ocrx_word' id='word_1_855' title='bbox 1091 2864 1149 2974; x_wconf 60' lang='lat' dir='ltr'>iui</span> <span class='ocrx_word' id='word_1_856' title='bbox 1159 2936 1214 2974; x_wconf 72' lang='grc' dir='ltr'>ρι’.</span> <span class='ocrx_word' id='word_1_857' title='bbox 1230 2944 1270 2972; x_wconf 81' lang='lat' dir='ltr'>1v,</span> <span class='ocrx_word' id='word_1_858' title='bbox 1286 2945 1315 2965; x_wconf 91' lang='lat' dir='ltr'>n.</span> <span class='ocrx_word' id='word_1_859' title='bbox 1332 2936 1350 2965; x_wconf 53' lang='grc' dir='ltr'>1η</span> 
     </span>
    </p>
   </div>
   <div class='ocr_carea' id='block_1_70' title="bbox 201 2901 1012 2973">
    <p class='ocr_par' dir='ltr' id='par_1_70' title="bbox 201 2901 998 2973">
     <span class='ocr_line' id='line_1_75' title="bbox 214 2901 853 2934; baseline 0 -6"><span class='ocrx_word' id='word_1_860' title='bbox 214 2901 249 2928; x_wconf 88' lang='grc'>38</span> <span class='ocrx_word' id='word_1_861' title='bbox 275 2901 359 2929; x_wconf 61' lang='lat' dir='ltr'>Praef.</span> <span class='ocrx_word' id='word_1_862' title='bbox 375 2901 445 2928; x_wconf 85' lang='lat' dir='ltr'>edit.</span> <span class='ocrx_word' id='word_1_863' title='bbox 458 2901 543 2934; x_wconf 89' lang='lat' dir='ltr'>Oper.</span> <span class='ocrx_word' id='word_1_864' title='bbox 560 2901 671 2928; x_wconf 83' lang='lat' dir='ltr'>Juliani</span> <span class='ocrx_word' id='word_1_865' title='bbox 687 2907 756 2928; x_wconf 84' lang='lat' dir='ltr'>ann.</span> <span class='ocrx_word' id='word_1_866' title='bbox 774 2901 853 2928; x_wconf 82' lang='grc'>1630.</span> 
     </span>
     <span class='ocr_line' id='line_1_76' title="bbox 201 2901 998 2973; baseline 0.001 -9"><span class='ocrx_word' id='word_1_867' title='bbox 201 2901 260 2972; x_wconf 51' lang='grc' dir='ltr'>ξ39ζ</span> <span class='ocrx_word' id='word_1_868' title='bbox 275 2937 352 2973; x_wconf 23' lang='grc' dir='ltr'>νΔυε.</span> <span class='ocrx_word' id='word_1_869' title='bbox 376 2938 473 2973; x_wconf 83' lang='lat' dir='ltr'>contr.</span> <span class='ocrx_word' id='word_1_870' title='bbox 489 2934 583 2971; x_wconf 77' lang='lat' dir='ltr'>Epist.</span> <span class='ocrx_word' id='word_1_871' title='bbox 599 2937 736 2964; x_wconf 86' lang='lat' dir='ltr'>Parmen.</span> <span class='ocrx_word' id='word_1_872' title='bbox 753 2934 805 2964; x_wconf 88' lang='lat' dir='ltr'>lib.</span> <span class='ocrx_word' id='word_1_873' title='bbox 827 2935 850 2970; x_wconf 96' lang='grc' dir='ltr'>Ι,</span> <span class='ocrx_word' id='word_1_874' title='bbox 866 2943 892 2963; x_wconf 84' lang='lat' dir='ltr'>c.</span> <span class='ocrx_word' id='word_1_875' title='bbox 909 2935 952 2972; x_wconf 97' lang='lat'>15,</span> <span class='ocrx_word' id='word_1_876' title='bbox 969 2944 998 2965; x_wconf 88' lang='lat' dir='ltr'>n.</span> 
     </span>
    </p>
   </div>
   <div class='ocr_carea' id='block_1_71' title="bbox 565 2901 1376 2973">
    <p class='ocr_par' dir='ltr' id='par_1_71' title="bbox 565 2901 1376 2973">
     <span class='ocr_line' id='line_1_77' title="bbox 565 2901 1295 2930; baseline 0.003 -2"><span class='ocrx_word' id='word_1_877' title='bbox 565 2901 671 2928; x_wconf 74' lang='lat' dir='ltr'>Iuliani</span> <span class='ocrx_word' id='word_1_878' title='bbox 687 2907 756 2928; x_wconf 83' lang='lat' dir='ltr'>ann.</span> <span class='ocrx_word' id='word_1_879' title='bbox 774 2901 853 2928; x_wconf 82' lang='grc'>1630.</span> <span class='ocrx_word' id='word_1_880' title='bbox 1103 2901 1138 2930; x_wconf 86' lang='grc'>43</span> <span class='ocrx_word' id='word_1_881' title='bbox 1165 2901 1207 2929; x_wconf 89' lang='lat' dir='ltr'>Ib.</span> <span class='ocrx_word' id='word_1_882' title='bbox 1223 2910 1253 2930; x_wconf 89' lang='lat' dir='ltr'>n.</span> <span class='ocrx_word' id='word_1_883' title='bbox 1267 2902 1295 2929; x_wconf 85' lang='lat'>2.</span> 
     </span>
     <span class='ocr_line' id='line_1_78' title="bbox 565 2901 1376 2973; baseline 0 -9"><span class='ocrx_word' id='word_1_884' title='bbox 565 2936 583 2964; x_wconf 88' lang='lat' dir='ltr'>t.</span> <span class='ocrx_word' id='word_1_885' title='bbox 599 2937 736 2964; x_wconf 86' lang='lat' dir='ltr'>Parmen.</span> <span class='ocrx_word' id='word_1_886' title='bbox 753 2934 805 2964; x_wconf 88' lang='lat' dir='ltr'>lib.</span> <span class='ocrx_word' id='word_1_887' title='bbox 827 2935 850 2970; x_wconf 96' lang='grc' dir='ltr'>Ι,</span> <span class='ocrx_word' id='word_1_888' title='bbox 866 2943 892 2963; x_wconf 84' lang='lat' dir='ltr'>c.</span> <span class='ocrx_word' id='word_1_889' title='bbox 909 2935 952 2972; x_wconf 97' lang='lat'>15,</span> <span class='ocrx_word' id='word_1_890' title='bbox 969 2944 998 2965; x_wconf 88' lang='lat' dir='ltr'>n.</span> <span class='ocrx_word' id='word_1_891' title='bbox 1091 2901 1149 2973; x_wconf 44' lang='lat'>$44;</span> <span class='ocrx_word' id='word_1_892' title='bbox 1160 2936 1214 2973; x_wconf 80' lang='lat' dir='ltr'>Or.</span> <span class='ocrx_word' id='word_1_893' title='bbox 1230 2944 1270 2972; x_wconf 80' lang='grc' dir='ltr'>ιν,</span> <span class='ocrx_word' id='word_1_894' title='bbox 1286 2945 1315 2965; x_wconf 91' lang='lat' dir='ltr'>n.</span> <span class='ocrx_word' id='word_1_895' title='bbox 1332 2936 1376 2965; x_wconf 77' lang='grc'>10.</span> 
     </span>
    </p>
   </div>
   <div class='ocr_carea' id='block_1_72' title="bbox 164 2969 1201 3008">
    <p class='ocr_par' dir='ltr' id='par_1_72' title="bbox 164 2969 1201 3008">
     <span class='ocr_line' id='line_1_79' title="bbox 164 2969 1201 3008; baseline 0.003 -10"><span class='ocrx_word' id='word_1_896' title='bbox 164 2969 211 3006; x_wconf 68' lang='lat'>49;</span> <span class='ocrx_word' id='word_1_897' title='bbox 228 2969 258 3008; x_wconf 80' lang='lat' dir='ltr'>p&#39;.</span> <span class='ocrx_word' id='word_1_898' title='bbox 270 2972 315 3008; x_wconf 85' lang='lat'>23,</span> <span class='ocrx_word' id='word_1_899' title='bbox 326 2969 351 3001; x_wconf 72' lang='grc' dir='ltr'>ῑ.</span> <span class='ocrx_word' id='word_1_900' title='bbox 367 2972 413 3001; x_wconf 89' lang='lat' dir='ltr'><strong>IX.</strong></span> <span class='ocrx_word' id='word_1_901' title='bbox 513 2969 524 2971; x_wconf 80' lang='lat'><em>&#39;</em></span> <span class='ocrx_word' id='word_1_902' title='bbox 843 2969 846 2970; x_wconf 71' lang='lat'><strong><em>&#39;</em></strong></span> <span class='ocrx_word' id='word_1_903' title='bbox 945 2969 950 2972; x_wconf 88' lang='lat'>&#39;</span> <span class='ocrx_word' id='word_1_904' title='bbox 1091 2969 1201 3008; x_wconf 64' lang='lat' dir='ltr'>(4531s.</span> 
     </span>
    </p>
   </div>
  </div>
