4110 6410
338 405 458 464 529
1070 397 1360 457 ORATIO
1405 395 1511 456 IV.
1544 427 1626 440 -—
1653 397 1964 457 CONTRA
2011 398 2410 461 JULIANUM
2454 401 2502 460 Ι.
2536 435 2615 444 ——
2649 402 3044 463 MONI'I‘UM.
3652 401 3773 464 530

338 536 515 596 dium
547 537 760 617 autem
809 530 978 617 istud
1036 533 1278 589 tantam
1335 528 1660 617 Theologo
1715 529 2068 617 molestiam
2128 532 2360 617 attulit,
2407 543 2472 596 ut
2523 535 2803 617 quandiu
2863 537 3379 612 perseveraverit,
3413 553 3766 596 sermonem

340 633 597 677 onmem
653 611 956 689 abjecerit
991 656 1010 695 ,_
1054 627 1128 695 ac
1187 610 1879 695 nemini_concesserit.
1941 611 2086 670 lnde
2146 613 2429 690 sequitur
2483 610 2767 695 geminas
2831 610 2882 669 ‹‹“
2920 621 3140 674 contra
3195 617 3518 677 Julianum
3579 637 3608 672 ι)
3671 618 3766 675 In-

340 697 619 757 vectivas
679 711 835 778 quas
895 691 1146 778 scripsit
1203 690 1540 778 Gregorius
1595 709 1720 768 quo
1781 697 2064 769 tempore
2099 695 2418 778 _monachi
2479 690 2850 778 Nazianzeni
2910 696 2990 753 ab
3049 697 3344 778 episcopo
3416 716 3530 758 suo
3584 696 3766 756 dissi-

342 778 610 858 debant,
639 773 904 851 scriptos
937 771 1400 858 tantummodo:
1438 789 1564 858 non
1599 779 1809 858 autem
1845 790 2056 858 coram
2084 774 2400 858 frequenti
2436 780 2669 858 populo
2701 777 2971 836 habitas.

425 858 555 920 VII.
579 857 715 936 Jam
776 871 926 912 vero
985 851 1169 936 quod
1214 852 1290 910 ad
1355 852 1706 912 Constantii
1737 851 1954 936 laudes
1986 851 2219 936 attinet
2252 901 2265 925 ,
2300 862 2360 914 et
2391 851 2673 936 Gregorii
2703 860 2779 917 de
2811 875 2884 915 eo
2915 857 3251 936 praeconiis
3284 858 3497 936 plures
3555 855 3707 914 olim
3745 901 3759 924 ,

346 943 415 996 ut
439 955 571 1014 jam
630 935 891 1018 dictum)
952 932 1428 1018 offensisunt,
1489 937 1678 1018 atque
1737 931 2174 1018 etiam_hodie
2231 931 2629 998 ofl’endentur
2681 957 2693 1010 ;
2755 931 2955 1015 eoque
3014 931 3328 1018 progressi
3384 943 3531 999 sunt
3587 955 3761 995 com-

345 1011 579 1096 plures,
638 1021 796 1076 teste
837 1011 1320 1099 _I_3aronio.(4f_5),
1382 1020 1452 1071 ut
1500 1013 1878 1099 Gregorium
1941 1013 2617 1099 inverecundeuatque
2675 1011 3046 1099 admodum,
3106 1011 3340 1078 temere
3397 1020 3461 1078 in
3517 1018 3760 1099 crimen

344 1092 640 1157 vocarent
698 1095 964 1174 proditas
1021 1092 1350 1174 veritatis.
1415 1115 1443 1148 »
1499 1093 1882 1170 Iniquiorem
1941 1101 2108 1153 certe
2165 1092 2550 1172 Catholicis‘,
2583 1106 2645 1163 et
2702 1099 2949 1158 Arianae
3036 1098 3344 1158 hIEI‘CSC‘OS
3423 1097 3762 1159 defensori-

343 1179 460 1238 bus
511 1173 851 1237 faciliorem
903 1193 969 1257 se
1027 1173 1299 1257 praebuit
1354 1174 1776 1257 Constantius,
1838 1193 2047 1257 quam,
2090 1180 2178 1257 uti
2216 1180 2522 1248 excusari,
2586 1180 2817 1240 nedum
2877 1179 3118 1238 absolvi
3176 1180 3411 1257 possit;
3474 1178 3762 1238 excusari

343 1267 554 1318 tamen
587 1264 649 1317 et
703 1255 952 1339 defendi
1012 1260 1219 1339 potest
1265 1255 1622 1339 Gi‘egorius,
1674 1255 1781 1333 qui
1835 1273 1976 1339 eum
2037 1256 2337 1316 laudavit.
2400 1260 2609 1320 Primo
2671 1259 2921 1339 quidem
2981 1255 3440 1319 observandum
3481 1266 3595 1331 est,
3632 1277 3757 1317 non

342 1345 520 1399 tanto
579 1337 749 1416 apud
806 1341 1057 1418 veteres!
1101 1334 1246 1394 odio
1305 1334 1603 1418 ﬂagrasse
1650 1337 2110 1418 Constantium,
2171 1345 2408 1413 quanto
2468 1341 2638 1418 apud
2691 1334 2818 1399 ‘nos
2877 1339 3151 1417 ﬂagrat.
3225 1341 3422 1399 Hodie
3482 1355 3756 1416 namque

339 1415 688 1479 Constantii
727 1435 955 1476 nomen
1004 1416 1107 1474 vix
1166 1433 1238 1474 ac
1297 1432 1373 1474 ne
1431 1415 1536 1474 vix
1589 1416 1840 1494 quidem
1894 1417 2063 1475 aliud
2121 1425 2326 1488 sonat,
2389 1415 2620 1497 praeter
2675 1421 2906 1483 Christi
2975 1415 3053 1478 ac
3119 1421 3400 1480 veritatis
3454 1415 3701 1478 hostem
3737 1467 3753 1494 ,

339 1499 635 1559 Ecclesia:
695 1501 1211 1579 persecutorem,
1275 1502 1375 1554 76
1436 1515 1509 1579 ac
1556 1515 1716 1579 pene
1775 1497 2253 1556 Antichristum.
2318 1500 2821 1579 Indulgentiores
2877 1502 3051 1559 fuere
3107 1506 3370 1573 veteres,
3432 1501 3539 1579 qui
3598 1518 3754 1572 non:

341 1580 549 1640 nullas
604 1579 796 1656 hujus
847 1577 1249 1655 imperatoris
1304 1578 1586 1659 egregias
1644 1577 1822 1637 dotes
1857 1623 1871 1648 ,
1931 1595 2003 1659 ac
2061 1579 2366 1659 praeclara
2430 1577 2720 1659 quaedam
2778 1581 3059 1640 facinora
3116 1577 3590 1659 conspicientes,
3635 1580 3756 1638 mi-

341 1661 564 1720 tiorem
623 1661 700 1718 de
758 1676 833 1740 eo
883 1659 1257 1740 sententiam
1318 1657 1622 1740 tulerunt,
1685 1663 1875 1734 atque
1929 1658 2114 1740 etiam
2174 1657 2470 1721 laudibus
2526 1669 2882 1723 ornarunt.
2945 1660 3136 1740 Cujus
3193 1657 3289 1721 rei
3349 1667 3418 1721 ut
3472 1678 3667 1720 unum
3724 1678 3758 1719 e

339 1740 602 1822 multis),
636 1739 1386 1822 gravissimumtestem
1431 1739 1761 1822 proferam
1800 1783 1814 1797 .
1872 1739 2240 1822 Ambrosius
2300 1741 2377 1799 de
2435 1760 2508 1801 eo
2565 1743 2651 1802 sic
2736 1739 3080 1802 honoriﬁce
3144 1741 3757 1822 loquiturscribens

335 1815 780 1902 Valentiniano
839 1815 1058 1902 (47).}t
1121 1815 1521 1902 Constantius
1572 1822 1872 1902 Augustae
1928 1821 2248 1902 memoriae
2300 1823 2580 1882 nondum
2642 1823 2835 1882 sacris
2893 1823 3176 1883 initiatus
3210 1815 3542 1902 mysteriis,
3592 1839 3754 1902 icon-

339 1901 638 1964 taminari
694 1899 1075 1982 seﬂputavit,
1111 1898 1166 1982 si
1219 1917 1393 1958 aram
1433 1899 1625 1982 illam
1683 1899 1964 1982 videret:
2020 1900 2219 1982 jussit?
2263 1903 2542 1976 aulerri;
2607 1923 2730 1964 non
2783 1903 2971 1982 jussit
3027 1898 3335 1980 reponif»
3369 1902 3439 1963 Id
3499 1901 3752 1980 quidem

339 1985 556 2042 Romae
615 1980 865 2050 accidit,
906 1998 1068 2062 cum
1127 1979 1527 2062 Constantius
1582 1981 1924 2062 ascendens
1982 1981 2385 2058 Capitolium,
2442 2002 2615 2043 aram
2691 1979 2980 2043 Victoria:
3037 1979 3183 2044 inﬁde
3241 1983 3376 2044 tolli
3431 1979 3750 2062 praecepit.

417 2062 599 2144 VIII._
641 2060 962 2121 Praeconia
1015 2060 1294 2137 Gregorii
1334 2060 1446 2144 _de‘
1481 2061 1846 2144 Constantio
1904 2061 1968 2119 in
2026 2063 2116 2144 iis
2158 2072 2499 2123 occurrunt
2546 2065 2951 2128 Orationibus
2987 2110 3000 2136 ,
3056 2083 3214 2144 quas
3271 2060 3492 2123 contra
3546 2063 3750 2123 Julia-

332 2159 486 2202 num
546 2141 682 2219 ejus
733 2159 1184 2222 successorem,
1232 2139 1532 2219 scripsit.
1593 2141 1741 2211 Quis
1796 2160 1985 2218 porro
2042 2142 2200 2202 adeo
2262 2161 2548 2203 severum
2607 2163 2681 2205 ac
2748 2145 3017 2222 rigidum
3077 2139 3371 2204 'oratoris
3428 2161 3752 2203 censorem

337 2241 404 2282 se
461 2222 759 2286 exibebit.
795 2227 865 2280 ut
923 2220 1079 2280 nihil
1113 2221 1192 2301 ei
1251 2222 1720 2280 concedendum
1781 2227 1981 2299 putet,
2014 2223 2065 2283 si
2124 2241 2500 2301 comparans
2553 2243 2694 2284 cum
2755 2220 3007 2286 Juliano
3066 2224 3526 2292 COnstantium,
3568 2223 3748 2282 illum

334 2303 668 2385 deprimat,
731 2300 1287 2385 hunc‘eatollat‘t
1326 2303 1452 2360 Hac
1507 2302 1700 2385 igitur
1756 2302 2020 2374 ratione,
2059 2303 2232 2363 licuit
2274 2300 2588 2382 Gregorio
2647 2306 3122 2385 comparatione
3193 2305 3431 2367 Juliani
3488 2304 3751 2385 laudare

335 2383 892 2464 Constantium,iet
914 2381 980 2464 in
1014 2382 1334 2464 laudando
1365 2383 1831 2464 excusationem
1865 2385 2090 2442 mereri
2119 2389 2348 2462 potest,
2383 2381 2435 2445 si
2465 2386 2695 2447 nimius
2725 2381 2934 2447 fuerit.
2967 2386 3456 2464 Comparatione
3495 2383 3752 2464 pessimi

334 2463 654 2522 interdum
685 2462 930 2522 laudari
961 2462 1196 2522 malum
1229 2482 1344 2522 usu
1374 2463 1568 2523 venit.

417 2544 522 2603 ΧΙ.
584 2543 1024 2603 Commendari
1072 2544 1260 2602 etiam
1320 2544 1537 2624 potuit
1574 2543 2007 2624 Constantius,
2058 2543 2215 2603 citra
2273 2543 2700 2606 adulationem
2762 2552 2824 2606 et
2880 2545 3277 2606 mendacium
3337 2564 3415 2605 ex
3490 2545 3743 2624 pietate,

336 2641 445 2681 seu
475 2641 554 2682 ex
583 2624 756 2683 cultu
814 2641 962 2700 erga
1017 2624 1384 2701 religionem
1444 2622 1749 2683 exhibito.
1811 2624 2332 2684 Luculentissima
2387 2631 2553 2686 certe
2611 2626 2972 2690 testimonia
3027 2632 3173 2688 sunt
3232 2626 3400 2686 illius
3429 2622 3509 2685 in?
3545 2624 3750 2686 Chris-

333 2703 604 2785 stianam
637 2704 1000 2781 religionem
1036 2705 1262 2776 cultus,
1304 2705 1722 2782 promulgatae
1781 2723 1818 2762 a
1873 2706 2239 2764 Constantio
2299 2723 2372 2765 ea
2425 2707 2502 2765 de
2558 2725 2746 2767 causa
2796 2708 2984 2785 leges,
3034 2714 3095 2766 et
3151 2706 3391 2766 sancita
3447 2707 3747 2766 adversus

331 2783 704 2866 idololatras
743 2831 756 2856 ,
813 2786 1305 2866 supersititiosos
1339 2830 1353 2856 ,
1411 2786 1858 2866 incantatores,
1922 2803 2265 2866 magosque
2308 2787 2513 2845 edicta
2565 2806 2578 2859 ;
2624 2783 3076 2866 quibus—patri
3129 2806 3242 2847 suo
3302 2787 3736 2858 Constantino,

337 2864 604 2943 aliisque
659 2865 1090 2943 compluribus
1149 2866 1518 2926 orthodoxae
1550 2865 1697 2946 ﬁdei
1727 2865 2117 2942 principibus
2170 2866 2425 2926 minime
2481 2864 2688 2945 impar
2741 2864 2939 2928 videri
2996 2868 3212 2946 possit.
3277 2868 3338 2928 Si
3389 2868 3450 2926 in
3510 2866 3747 2926 crimen

336 2952 602 3005 vocatur
657 2946 1014 3022 Gregorius,
1058 2964 1130 3005 eo
1191 2947 1360 3023 quod
1419 2945 1693 3005 landarit
1749 2946 2207 3018 Constantium,
2272 2947 2589 3010 vocandus
2645 2949 2834 3012 etiam
2893 2945 3014 3010 erit
3092 2952 3154 3009 S.
3216 2949 3489 3009 Hilarius
3545 2948 3748 3010 Picta-

331 3024 743 3100 viensis;ille
801 3027 931 3104 ipse
990 3028 1243 3104 praesul,
1299 3046 1422 3104 quo
1481 3045 1606 3086 non
1665 3025 1823 3086 alter
1879 3026 2218 3088 ferventior
2268 3028 2594 3090 catholicze
2655 3029 2800 3092 ﬁdei
2829 3030 3120 3089 defensor
3174 3035 3396 3089 contra
3456 3028 3740 3092 Arianos.

333 3106 579 3190 haudet
607 3125 880 3190 namque
938 3106 1386 3190 Hilariusﬁ(48)
1447 3107 1902 3190 Constantium,
1944 3132 1966 3158 ε
2028 3108 2333 3190 singulari
2362 3115 2424 3171 et
2455 3109 2790 3172 admirabii
2841 3110 3180 3190 sapientia,
3238 3128 3274 3170 a
3323 3110 3511 3170 beata
3545 3115 3608 3169 et
3639 3127 3738 3169 re-

333 3185 565 3272 ligiosa
587 3185 932 3247 voluntate.
967 3210 996 3241 ››
1033 3221 1109 3229 -
1149 3211 1185 3272 «_
1207 3189 1362 3247 Vere
1395 3194 1476 3258 te,
1510 3188 1774 3272 Domine
1805 3185 2523 3272 Constantiﬁimperator,
2562 3212 2589 3272 ι)
2626 3191 2856 3272 inquit,
2897 3185 3239 3272 (admiror
3268 3190 3457 3272 ﬁdem
3493 3195 3739 3272 tantum

333 3266 679 3350 secundum
740 3286 813 3328 ea
870 3286 1010 3346 quae
1071 3268 1306 3350 scripta
1365 3267 2062 3350 suntdesiderantem;
2124 3276 2186 3328 et
2239 3266 2462 3330 merito
2519 3266 2839 3350 plane‘ad
2897 3271 3008 3330 illa
3064 3271 3201 3350 ipsa
3259 3270 3580 3348 Unigeniti
3637 3271 3749 3330 Dei

331 3347 584 3430 eloquia
638 3349 940 3430 festinans
979 3392 993 3420 ,
1053 3355 1128 3430 ut
1175 3348 1598 3428 imperatoriae
1655 3349 2094 3407 sollicitudinis
2179 3368 2380 3428 capax
2436 3347 2656 3430 pectus
2738 3352 2865 3412 etia
2921 3347 3274 3411 divinorum
3351 3347 3747 3428 eloquiorum

318 3428 731 3510 conscientia?
769 3429 1025 3510 plenum
1086 3429 1186 3487 sit.
1229 3453 1256 3483 ι
1319 3430 1382 3488 Si
1434 3430 1719 3510 laudasse
1777 3429 2210 3510 Constantium
2265 3428 2499 3488 crimen
2561 3439 2677 3503 est,
2734 3451 3001 3510 magnus
3062 3431 3441 3491 Athanasius
3499 3431 3560 3490 in
3624 3431 3746 3490 cri-

315 3526 457 3590 men
515 3509 865 3590 vocabitur,
901 3509 1172 3590 invictus
1228 3510 1333 3568 ille
1392 3509 1767 3569 orthodoxae
1830 3509 1975 3569 fidei
2034 3517 2493 3589 prOpugnator,
2545 3512 2608 3570 in
2664 3531 2790 3589 quo
2842 3509 3022 3571 annis
3083 3511 3369 3590 pluribus
3429 3512 3742 3571 catholica

313 3588 466 3670 ﬁdes
523 3589 828 3651 inclinata
882 3589 1248 3650 recumbere
1297 3590 1431 3649 visa
1483 3597 1614 3649 est:
1677 3590 1913 3667 quippe
1973 3591 2080 3667 qui
2117 3588 2160 3646 a’
2206 3591 2552 3652 humanum
2615 3588 2700 3651 eti
2736 3595 2909 3670 pium
2969 3588 3417 3670 imperatorem
3454 3616 3482 3646 »
3517 3593 3738 3670 appel-

309 3668 399 3751 lat
428 3671 956 3751 Constantiumn<<
990 3670 1103 3740 llli,
1138 3693 1167 3751 ξ)
1205 3670 1434 3751 inquit,
1470 3671 1545 3729 de
1578 3671 1827 3751 Arianis
1869 3670 2179 3746 episcopis
2237 3672 2502 3748 loquens
2534 3673 2680 3750 (49),
2721 3668 2753 3730 ‹ἑ
2810 3668 3367 3751 praeter—mentem
3429 3668 3737 3732 Constan-

306 3749 382 3808 tii
435 3751 838 3829 imperatoris
895 3750 1158 3810 humani
1217 3757 1276 3809 et
1338 3750 1422 3827 pii
1483 3769 1596 3828 pro
1653 3750 1912 3831 libidine
1969 3769 2110 3831 quae
2167 3751 2389 3814 volunt
2445 3749 2843 3830 pomulgant,
2910 3777 2938 3807 »
2999 3759 3119 3813 etc.
3177 3752 3542 3829 Cujusmodi
3594 3753 3738 3831 plu-

305 3831 466 3912 rima
499 3831 624 3891 alia
655 3832 717 3890 in
775 3831 1102 3909 Apologiis
1150 3831 1506 3890 Athanassii
1556 3831 1832 3912 reperias
1861 3829 2027 3911 (50);
2066 3849 2428 3912 quanquam
2489 3833 2569 3892 ab
2601 3829 2697 3904 eo,
2746 3839 2815 3894 ut
2849 3834 2927 3895 ab
2986 3833 3249 3903 Hilario,
3285 3829 3734 3911 patronus‘im-

307 3911 583 3988 pietatis,
642 3912 952 3972 haereseos
1009 3915 1374 3992 imperator
1408 3916 1470 3970 et
1525 3910 2145 3992 Antichristusinonr
2191 3910 2384 3975 semel
2421 3913 2712 3976 audierit.
2776 3914 2934 3974 Hinc
2995 3910 3296 3991 colligere
3365 3921 3482 3986 est,
3541 3933 3733 3992 quam

307 4009 457 4078 vere
514 3993 848 4078 Gregorius
907 3992 1198 4078 haecnde
1234 3991 1468 4051 infelici
1525 3991 1807 4078 principe
1865 3991 2387 4078 scripserit_(.‘5_l)t
2445 3994 2561 4066 Qui
2612 3994 2865 4077 quidem
2928 3993 3413 4078 (Constantius),
3476 3991 3738 4078 siquid

314 4071 858 4132 molestiae’nobis
921 4071 1232 4144 exhibuit,
1294 4090 1418 4131 non
1475 4072 1672 4131 nostri
1731 4077 2095 4150 contemptu
2155 4071 2469 4149 id'feCit,
2528 4071 2645 4133 nec
2699 4081 2767 4137 ut
2820 4093 2934 4134 nos
2991 4071 3378 4134 contumelia
3434 4071 3734 4146 afﬁceret,

319 4169 434 4210 nec
493 4157 562 4210 ut
615 4153 752 4212 aliis
811 4153 1189 4230 quibusdam
1252 4153 1458 4230 potius
1517 4172 1706 4230 quam
1768 4153 1947 4212 nobis
2004 4152 2361 4230 indulgeret
2412 4173 2427 4226 ;
2488 4156 2592 4213 sed
2657 4162 2723 4219 ut
2781 4173 2999 4214 omnes
3065 4156 3127 4214 in
3171 4174 3365 4216 unum
3426 4156 3740 4216 coiremus

314 4233 802 4312 animorumque
833 4233 1242 4293 consensione
1273 4233 1826 4311 conjungeremur,
1864 4252 1977 4292 nec
2007 4252 2119 4311 per
2151 4235 2495 4294 schismata
2526 4235 2689 4294 inter
2739 4255 2854 4296 nos
2909 4236 3206 4313 dirempti
3255 4242 3445 4312 atque
3493 4236 3744 4297 dissecti

314 4333 617 4375 essemus.
658 4339 687 4370 ι)
722 4319 798 4374 Et
826 4314 886 4373 in
924 4314 1259 4374 Steleutica
1301 4316 1578 4373 secunda
1639 4313 1797 4392 (52):
1841 4316 2059 4373 «Nam
2121 4319 2182 4373 et
2240 4316 2290 4374 si
2348 4335 2385 4374 a
2419 4323 2587 4375 recta
2647 4316 2770 4375 ﬁde
2800 4335 2926 4375 non
2979 4317 3137 4376 nihil
3195 4317 3516 4377 declinare
3573 4319 3743 4378 visus

314 4401 408 4454 est
439 4396 560 4454 hoc
589 4401 804 4457 tamen
836 4396 1072 4455 crimen
1104 4394 1568 4472 importunitati
1599 4412 1930 4472 procerum
1963 4394 2234 4471 fideique
2267 4396 2560 4473 parvitati
2591 4397 2997 4456 tribuendum
3030 4402 3146 4470 est,
3185 4422 3212 4452 ι)
3276 4403 3397 4457 etc.

397 4476 491 4536 ’Π
553 4476 629 4534 Χ.
664 4477 997 4555 Deceptus
1053 4475 1374 4545 nimirum,
1439 4476 1738 4545 tametsi,
1787 4481 1942 4536 teste
1995 4473 2234 4534 Hilario
2293 4477 2417 4555 (53)
2459 4521 2473 4547 ,
2532 4477 2978 4554 cupidissimus
3042 4478 3374 4537 audienda
3430 4478 3742 4549 veritatis,

313 4553 525 4618 bonus
579 4553 875 4634 princeps
932 4556 1292 4616 Catholicos
1352 4555 1634 4615 nesciens
1691 4556 2006 4631 urgebat,
2068 4561 2258 4632 atque
2315 4553 2545 4619 in'eos
2591 4553 2810 4621 saavire
2866 4558 3421 4634 compellebatur.
3485 4558 3643 4628 Quia
3699 4558 3744 4619 ii

313 4652 445 4718 non
503 4640 703 4718 erant,
772 4636 899 4718 qui,
965 4635 1219 4718 prodita
1273 4636 1538 4718 veritate
1595 4642 1787 4713 atque
1847 4635 2250 4718 conscientia,
2285 4637 2506 4695 falsam
2566 4655 2784 4714 pacem
2845 4645 3146 4700 emerent.
3209 4640 3426 4718 quue
3474 4638 3745 4718 credibi-

309 4715 438 4797 lius
499 4714 664 4774 istud
723 4714 982 4789 evadit,“
1019 4716 1211 4797 quod
1246 4716 1720 4797 Theodoretus_
1754 4716 1998 4797 scribit
2028 4714 2193 4794 (B4):
2235 4739 2290 4797 «γ
2325 4718 2453 4776 Etsi
2510 4718 2914 4778 Constantius
2978 4718 3276 4797 deceptus
3323 4714 3412 4777 'ab
3468 4717 3564 4788 iis,
3615 4718 3749 4797 qui-

311 4796 434 4855 bus
493 4813 556 4854 se
613 4797 958 4873 regendum
1017 4796 1412 4875 permiserat,
1476 4795 2061 4856 consusbstantialis
2117 4796 2500 4855 vocabulum
2558 4817 2680 4857 non
2716 4797 2993 4869 admisit,
3027 4795 3278 4858 sensum
3341 4805 3551 4857 tamen
3611 4795 3746 4875 ejus

314 4877 561 4934 sincere
619 4879 940 4936 confessus
996 4884 1174 4937 est.»
1239 4878 1388 4948 Quae
1452 4877 1757 4955 profecto,
1795 4877 1845 4935 si
1903 4895 2050 4936 vera
2108 4883 2274 4950 sunt,
2337 4878 2681 4940 minuenda
2738 4885 2829 4942 est
2882 4879 3229 4942 Constantii
3288 4879 3503 4956 culpa,
3543 4897 3746 4956 quan-

313 4973 509 5034 quam
542 4957 783 5018 absolvi
815 4957 1063 5033 penitus
1097 4977 1218 5016 non
1254 4958 1469 5035 possit.

396 5037 496 5098 Xl.
563 5038 742 5100 Hunc
799 5045 1010 5100 tamen
1068 5039 1316 5098 videtur
1371 5038 1697 5098 absolvere
1755 5035 2115 5114 Gregorius,
2179 5041 2368 5114 atque
2426 5038 2616 5098 etiam
2671 5040 2734 5099 in
2785 5040 2962 5100 cmlis
3019 5039 3354 5099 collocare.
3391 5039 3515 5099 Sed
3571 5057 3748 5099 error

315 5116 741 5203 ignoscendus
779 5165 793 5189 ,
853 5119 1352 5203 cum_ignorans
1409 5119 1558 5203 facti
1616 5119 2051 5203 Constantium
2126 5118 2440 5203 putaverit
2498 5121 2910 5203 poenitentem
2966 5141 2978 5179 :
3043 5120 3293 5203 quippe
3360 5138 3550 5203 quem,
3632 5138 3746 5182 au-

316 5198 520 5258 dierat
572 5199 948 5260 morientem
1008 5199 1307 5270 doluisse,
1371 5199 1537 5276 quod
1602 5199 1777 5258 novis
1834 5198 2176 5258 studuisset
2231 5199 2632 5275 dogmatibus
2667 5246 2680 5259 .
2743 5204 2862 5261 Pro
2946 5198 3116 5260 certo
3159 5198 3469 5259 'habebat
3523 5202 3751 5277 Grego-

315 5277 466 5350 rius,
527 5298 672 5340 cum
728 5280 1074 5340 invectivas
1131 5280 1432 5339 scriberet
1481 5278 1625 5357 (55),
1662 5303 1691 5334 «
1750 5278 2183 5341 Constantium
2240 5281 2344 5358 pio
2423 5281 2548 5340 fine
2625 5282 2816 5346 vitam
2855 5281 3176 5341 clausisse.
3238 5280 3416 5351 Quod
3475 5281 3526 5339 si
3582 5299 3748 5349 vere,

313 5363 509 5442 prout
558 5359 697 5437 ipse
752 5361 1022 5442 putavit,
1071 5360 1294 5442 inquit
1339 5361 1657 5442 iBaronius
1717 5361 1866 5442 (56),
1929 5359 2228 5442 accidisse
2285 5361 2660 5442 contigerit;
2712 5362 2883 5422 haud
2934 5362 3236 5442 abhorret
3294 5381 3332 5420 a
3401 5361 3546 5435 fide,
3582 5361 3750 5438 quod

313 5437 623 5499 relatione
673 5437 1022 5504 multorum
1055 5437 1263 5501 fuerat
1316 5441 1712 5499 diffamatum
1774 5441 1851 5502 de
1909 5441 2128 5500 audito
2180 5441 2428 5500 caelitus
2460 5437 2674 5516 cantu,
2722 5461 2863 5502 cum
2936 5441 3242 5520 gaudium
3306 5442 3415 5503 fiat
3470 5443 3532 5502 in
3590 5437 3752 5502 ctelo

314 5536 509 5598 super
538 5536 666 5579 uno
693 5527 1031 5600 peccatore
1060 5521 1500 5600 paenitentiam
1534 5525 1786 5597 agente.
1824 5543 1850 5578 ››

534 5633 774 5710 gained
807 5650 944 5689 ann.
977 5635 1104 5710 36_i_,
1137 5640 1182 5690 t.
1215 5636 1316 5704 IIl,
1350 5654 1406 5708 p.
1439 5636 1566 5688 838.
2165 5638 2202 5710 (Σ

389 5705 481 5775 (47
534 5705 721 5776 Epist.
748 5722 909 5774 xvm,
943 5723 1004 5759 n.
1037 5707 1127 5760 32.
1353 5705 1368 5708 ⁷
2172 5705 2220 5760 ’5

392 5707 505 5849 (48)
541 5777 662 5833 Lib.
712 5793 752 5844 ι,
805 5778 877 5833 ad
922 5777 1119 5833 Const.
1165 5796 1223 5834 n.
1272 5780 1328 5849 2,
1381 5795 1513 5849 pag.
1568 5777 1745 5843 4219;
1780 5777 1882 5833 lib.
1920 5796 1984 5849 ιι,
2165 5713 2220 5849 i5

2189 5637 2275 5708 24)
2309 5638 2403 5691 Or.
2438 5656 2513 5704 IV,
2551 5655 2606 5691 n.
2642 5639 2734 5692 37.

2189 5710 2274 5745 R9)
2309 5710 2386 5745 np
2435 5727 2471 5745 ν
2529 5727 2560 5745 n
2624 5710 2690 5745 ιτ

541 5710 721 5776 Epist.
748 5722 909 5774 xvm,
943 5723 1004 5759 n.
1037 5710 1127 5760 32.
2186 5710 2274 5780 5'2)
2309 5710 2401 5763 ()r.
2435 5727 2491 5776 v,
2529 5727 2585 5762 n.
2624 5710 2709 5764 l7.

541 5777 662 5833 Lib.
712 5793 752 5844 ι,
805 5778 877 5833 ad
922 5777 1119 5833 Const.
1165 5796 1223 5834 n.
1272 5780 1328 5850 2,
1381 5795 1513 5850 pag.
1568 5777 1745 5843 4219;
1780 5777 1882 5833 lib.
1920 5796 1984 5852 ιι,
2315 5780 2438 5889 pip;
2471 5798 2510 5889 Ii
2544 5781 2627 5889 ad!
2657 5780 3101 5889 Cnon‘st.nn.“4met
3128 5782 3185 5836 2.

321 5851 517 6054 “tibi
541 5922 694 5979 Hist.
725 5921 927 5977 Arian.
958 5941 1014 5977 η.
1039 5923 1126 5976 45.

403 5991 496 6054 (50
549 5994 696 6049 Ibid.
729 6012 787 6048 n.
819 5995 886 6047 7!.
916 6001 969 6048 οι
998 5996 1088 6046 75.

1972 5851 1978 5852 7
2169 5851 2254 5906 ’54
2311 5853 2457 5912 Hist.
2492 5851 2531 5906 1.
2566 5869 2648 5907 ιιι.
2684 5869 2733 5910 c.
2767 5851 2819 5926 4,
2854 5869 2909 5928 p.
2943 5851 3067 5907 426.

2165 5851 2282 6054 ζῦὅ)
2304 5923 2400 5977 0r.
2429 5939 2486 5994 ν,
2520 5941 2579 5979 n.
2607 5923 2697 5979 48.

2191 5994 2282 6054 56)
2314 5995 2470 6054 Bar..
2505 5997 2574 6048 ad
2609 6012 2744 6049 ann.
2777 5995 2902 6054 361.
2935 5995 3048 6054 .831

403 5921 517 6060 (49)
541 5922 694 6006 Hist.
725 5921 927 5977 Arian.
958 5941 1014 5977 ιι.
1039 5923 1126 6008 ἐξ).
2168 5921 2282 6054 $55)
2304 5923 2400 5977 0r.
2429 5939 2486 5994 ν,
2520 5941 2579 5979 n.
2607 5923 2697 5979 48.
2807 5921 2815 5926 ’
2854 5921 2871 5928 ⁷

403 5991 496 6057 (50
549 5995 696 6049 Ibid.
729 6012 787 6048 n.
819 5995 886 6047 74
916 6001 969 6048 et
998 5996 1088 6046 7η.
2179 5994 2282 6061 ,56)
2314 5995 2470 6061 Bar.,
2505 5997 2574 6048 ad
2609 6012 2744 6049 ann.
2777 5995 2902 6060 3M,
2935 5995 3076 6060 §3l.
