4110 6404
344 406 462 466 533

1338 397 1631 458 ORATIO
1675 397 1781 458 ιν.
1814 429 1892 442 --
1921 394 2240 459 CONTRA
2282 395 2683 459 JULIANUM
2727 396 2774 457 Ι.

3652 396 3773 457 534

341 531 533 603 Ἠσαίᾳ
562 528 1022 606 συμφθεγξασθαι.
1073 524 1229 595 Πλὴν
1276 525 1398 579 ὅσον
1433 526 1461 579 ὁ
1494 528 1605 599 (67)
1642 526 1736 598 μὲν
1786 524 1871 580 ἐπὶ
1922 529 1990 597 τῷ

2113 526 2225 583 bus
2258 527 2441 583 Isaias
2465 527 2624 583 vocis
2648 525 3015 583 sublimitate
3045 526 3361 599 prephetas
3392 543 3594 582 omnes
3616 534 3770 599 ante-

343 618 566 694 Ἰσραὴλ
649 619 967 687 ἀθετήσαντι
1042 620 1211 669 ταῦτα
1273 613 1433 669 καλεῖ
1482 615 1572 669 καὶ
1630 614 2001 691 μαρτύρεται·

345 711 456 785 ἆγὼ
504 707 561 764 δὲ
633 706 719 763 ἰπὶ
767 704 1018 780 τυράννῳ
1052 750 1066 777 ,
1116 704 1205 759 καὶ
1268 704 1586 775 ἀθετήσαντι
1644 703 1735 758 καὶ
1793 702 2006 758 πεσόντι

344 804 547 873 πτῶμα
574 804 673 867 τῆς
706 790 951 856 ἀσεϐείας
979 790 1147 864 ἄξιον.

419 979 471 1033 Γ¹
498 979 717 1044 Ἄκουε,
758 972 849 1029 καὶ
899 975 933 1043 ἡ
986 976 1082 1026 τοῦ
1138 969 1377 1047 μεγάλου
1422 970 1796 1028 Κωνσταντίου
1827 972 2004 1047 ψυχὴ,

348 1066 403 1124 εἷ’
423 1088 507 1129 τις
556 1062 802 1134 αἴσθησις
854 1064 990 1137 (68),
1042 1059 1162 1115 ὅσαι
1211 1081 1270 1115 τε
1319 1064 1433 1131 (69)
1481 1061 1587 1136 πρὸ
1636 1060 1800 1115 αὐτοῦ
1855 1061 2003 1133 βασι-

348 1157 487 1214 λέων
519 1154 893 1234 φιΛόχριστοι·
937 1154 1036 1206 τοῦ
1086 1148 1144 1204 δί
1190 1152 1302 1223 (70)
1354 1149 1443 1204 καὶ
1498 1149 1709 1203 πάντων
1747 1148 2002 1222 μάλιστα,

345 1246 457 1319 ὅσῳ
484 1249 553 1319 τῇ
606 1246 841 1317 Χριστοῦ
889 1238 1242 1311 κληρονομίᾳ
1294 1238 1663 1309 συναυξηθεὶς,
1711 1239 1801 1293 καὶ
1846 1238 2006 1309 αὐξή-

343 1356 439 1395 σας
485 1333 687 1403 ταύτην
732 1331 809 1393 εἷς
857 1327 1109 1401 δύναμιν,
1161 1328 1251 1382 καὶ
1302 1327 1488 1403 χρόνῳ
1542 1322 2002 1401 βεϐαιωσάμενος,

346 1444 486 1477 ωστε
547 1421 637 1477 καὶ
686 1421 895 1475 πάντων
966 1415 1055 1472 διὰ
1119 1420 1279 1471 τοῦτο
1329 1415 1573 1492 γενέσθαι
1618 1420 1727 1470 τῶν
1777 1416 2006 1471 πώποτε

351 1510 617 1589 βασιλέων
679 1507 1148 1581 ὀνομαστότατος,
1208 1503 1276 1579 (ὣ
1332 1511 1433 1575 τῆς
1488 1505 1741 1589 ἐπηρείας
1797 1506 2004 1579 ί71)1)

347 1588 603 1676 ἀγνόημα
652 1597 893 1673 ἠγνόησε
945 1593 1152 1674 σφόδρα
1197 1602 1299 1664 τῆς
1343 1593 1543 1655 οἷίγείας
1592 1588 1864 1655 εὐσεϐείας
1913 1594 2000 1648 ἀν-

343 1691 513 1760 άξιον·
576 1687 761 1745 ἔλαθεν
820 1685 1121 1763 ἐπιτρέφων
1201 1686 1548 1759 Χριστιανοῖς
1604 1684 1695 1738 τὸν
1767 1688 2001 1758 Χριστοῦ

342 1778 636 1852 πολέμιον,
685 1776 775 1831 καὶ
822 1780 984 1829 τοῦτο
1042 1774 1203 1848 μόνον
1251 1778 1361 1828 τῶν
1412 1774 1661 1827 ἁπάντων
1714 1772 1773 1826 ού
1814 1772 1998 1836 καλῶς

2118 616 2354 672 cellens.
2380 617 2497 672 Hoc
2529 632 2715 672 unum
2760 617 3024 689 interest,
3058 618 3213 688 quod
3245 615 3341 670 ille
3371 618 3441 671 ob
3470 616 3766 684 Israelem,

2116 707 2218 776 qui
2246 706 2339 762 Dei
2360 706 2549 779 legem
2573 707 2873 777 rejecerat,
2899 722 2967 761 ea
2986 710 3152 761 vocat
3173 708 3349 776 atque
3370 710 3729 761 contestatur
3752 723 3764 761 :

2116 809 2222 865 ego
2254 799 2447 850 autem
2480 796 2552 850 ob
2585 799 2922 867 tyrannum,
2946 794 3047 866 qui
3076 798 3134 850 et
3162 810 3292 849 eam
3325 794 3544 865 rejecit,
3572 796 3629 849 et
3658 795 3766 849 mi-

2116 899 2266 950 sere,
2294 888 2360 938 ut
2389 883 2580 956 ipsius
2608 884 2880 955 impietas
2912 883 3262 953 merebatur,
3297 882 3529 939 occidit.

2189 972 2282 1028 III.
2317 973 2469 1027 Audi
2502 973 2622 1027 hac
2661 971 2837 1027 etiam
2869 971 3193 1028 Constantii
3224 971 3422 1044 magni
3463 970 3681 1039 anima,
3718 972 3768 1027 si

2116 1060 2251 1133 quis
2281 1061 2533 1117 mortuis
2555 1078 2766 1118 sensus
2794 1066 2904 1131 est,
2929 1077 3252 1133 omnesque
3282 1077 3508 1128 eorum,
3534 1061 3631 1132 qui
3664 1061 3772 1116 im-

2115 1151 2341 1223 perium
2366 1156 2499 1207 ante
2520 1152 2715 1223 ipsum
2738 1155 3077 1219 tenuerunt,
3092 1151 3200 1222 pias
3218 1150 3549 1223 Christique
3569 1167 3771 1206 aman-

2112 1246 2201 1297 tes
2236 1241 2446 1295 animre
2473 1257 2485 1294 :
2510 1257 2711 1295 verum
2741 1240 2839 1295 ille
2870 1257 2984 1312 prae
3026 1240 3270 1307 caeteris,
3291 1239 3392 1311 qui
3421 1256 3556 1295 cum
3587 1239 3768 1296 simul

2114 1346 2247 1385 cum
2279 1329 2495 1386 Christi
2528 1329 2865 1385 haereditate
2894 1330 3192 1396 crevisset,
3219 1345 3466 1401 eamque
3494 1345 3599 1401 pro
3628 1329 3765 1384 viri-

2114 1419 2225 1474 bus
2257 1419 2537 1487 auxisset,
2558 1419 2964 1491 temporisque
3006 1418 3394 1474 diuturnitate
3421 1418 3765 1475 conﬁrmas-

2114 1512 2223 1577 set,
2259 1508 2402 1562 adeo
2433 1511 2499 1562 ut
2527 1523 2593 1563 eo
2624 1507 2861 1562 nomine
2892 1523 3117 1575 omnes,
3145 1506 3248 1579 qui
3286 1524 3549 1579 unquam
3578 1506 3762 1579 impe-

2113 1598 2198 1654 rio
2239 1597 2409 1669 potiti
2456 1596 2706 1664 fuerant,
2738 1596 3048 1669 splendore
3077 1596 3380 1669 gloriaque
3430 1604 3767 1668 superasset

2112 1687 2167 1758 (ο
2216 1686 2497 1757 injuriam
2554 1703 2621 1741 ac
2678 1687 2841 1742 nefas
2866 1685 2925 1758 l),
2976 1685 3340 1759 ignoratione
3397 1685 3599 1757 lapsus
3655 1690 3763 1756 est,

2110 1776 2300 1848 ipsius
2331 1776 2546 1847 pietate
2576 1776 2896 1831 admodum
2928 1775 3209 1847 indigna:
3234 1774 3587 1830 Christianis
3606 1774 3769 1831 Chri-

346 1864 937 1946 ἐφιλανθρωπεύσατο,
995 1863 1083 1917 καὶ
1142 1867 1308 1916 σῶσαι
1367 1862 1457 1916 καὶ
1520 1859 1834 1937 βασιλεῦσαι

380 1958 390 1965 .
599 1960 626 1965 _
798 1954 809 1965 .
957 1953 1004 1965 Α.
1237 1952 1249 1965 ι
1307 1952 1335 1965 η
1435 1950 1455 1965 κ
1514 1949 1527 1965 ,
1844 1950 1857 1965 ς
1916 1948 1940 1965 κ
1978 1951 1990 1965 .

2113 1866 2188 1922 sti
2223 1866 2319 1920 τι)
2351 1865 2578 1921 hostem
2609 1865 2869 1920 insciens
2918 1864 3082 1933 aluit,
3114 1864 3174 1919 in
3206 1880 3392 1935 eoque
3441 1882 3557 1920 uno
3606 1864 3763 1921 haud

339 1958 431 2013 τὸν
490 1960 666 2016 κακῶς
724 1954 814 2008 καὶ
873 1953 1110 2006 σωθέντα
1164 1952 1252 2005 xui
1307 1949 1715 2027 βασιλεύσαντα·
1770 1950 1860 2005 καὶ
1912 1948 1990 2005 διὰ

2113 1960 2265 2011 recte
2320 1954 2690 2011 humanitate
2737 1970 2802 2009 ac
2850 1954 3211 2026 benignitate
3257 1970 3404 2009 usus
3452 1958 3574 2021 est,
3607 1955 3765 2027 quod

340 2050 503 2101 τοῦτο
541 2043 777 2117 μάλιστα
821 2040 880 2095 ἂν
926 2040 1119 2110 ἡσθείη
1155 2086 1170 2112 ,
1223 2039 1403 2113 ὥσπερ
1450 2042 1521 2111 τῇ
1564 2038 1853 2095 καταλύσει
1897 2047 1999 2109 τῆς

343 2130 610 2202 ἀσεϐείας,
670 2131 759 2186 καί
815 2135 934 2191 τοῖς
1011 2131 1349 2205 Χριστιανῶν
1424 2128 1738 2205 πράγμασιν
1802 2128 1881 2191 εἷς
1935 2129 1999 2184 τὸ

342 2225 575 2298 ἀρχαῖον
629 2218 1043 2291 ἰπανελθοῦσιν,
1098 2218 1240 2272 οὕτω
1292 2215 1358 2286 δὴ
1402 2217 1493 2271 καὶ
1542 2221 1622 2289 τῷ
1672 2216 1856 2293 λόγῳ,
1891 2218 1995 2273 Λό-

342 2333 437 2387 γον
491 2310 595 2386 γάρ
636 2309 892 2378 ἀναθήσω
934 2311 1014 2379 τῷ
1063 2311 1179 2380 Θεῷ
1225 2308 1611 2382 χαριστήριον,
1660 2306 1835 2376 πάσης
1869 2307 1998 2363 ἀλό-

342 2420 442 2476 γου
491 2398 675 2459 θυσίας
724 2395 1013 2472 ἱερώτερόν
1058 2417 1118 2451 τε
1164 2395 1255 2449 καὶ
1304 2396 1703 2471 καθαρώτερον,
1755 2396 1816 2450 οὐ
1864 2398 2000 2451 κατὰ

345 2488 478 2550 τοὺς
537 2487 744 2561 ἐναγεῖς
804 2484 1009 2540 ἐκείνου
1067 2483 1265 2561 λόγους
1320 2483 1409 2538 καὶ
1470 2482 1700 2557 λήρους,
1756 2485 1848 2539 καὶ
1901 2487 1999 2548 τὰς

347 2576 694 2653 ἐναγεστέρας
746 2574 949 2645 θυσίας,
993 2575 1065 2629 ὧν
1114 2578 1149 2645 ἡ
1201 2573 1484 2651 περιουσία
1534 2576 1647 2647 (73)
1676 2572 1766 2628 καί
1811 2575 1873 2630 τὸ
1905 2572 1996 2629 δυ-

344 2668 501 2723 νατὸν
563 2660 806 2727 ἀσεϐείας
852 2665 920 2733 ἦν
972 2659 1240 2737 δύναμις,
1293 2662 1383 2717 καὶ
1434 2662 1656 2740 ἅσοφος,
1701 2661 1770 2717 τἔν’
1828 2662 2000 2725 οὕτως

344 2755 622 2829 ὀνομάσω,
675 2754 854 2832 σοφία·
908 2752 1023 2808 ἐπεὶ
1070 2751 1159 2807 καὶ
1209 2754 1320 2827 (74)
1371 2757 1515 2807 πᾶσα
1572 2754 1606 2821 ἡ
1659 2757 1755 2807 τοῦ
1804 2753 1999 2816 αἰῶνος

338 2846 537 2901 τούτου
567 2841 796 2917 δύναμίς
826 2864 885 2897 τε
928 2843 1019 2897 καὶ
1060 2839 1338 2904 παίδευσις
1380 2840 1431 2896 ἐν
1462 2841 1639 2895 σκότει
1673 2838 1997 2919 διαπορευο-

345 2936 506 3008 μὲνη,
539 2934 630 2987 xui
679 2936 774 2987 τοῦ
802 2938 904 3001 τῆς
954 2929 1216 3002 ἀληθείας
1265 2932 1443 3009 φωτὸς
1477 2928 1667 3007 πόρῤω
1705 2930 1995 2987 πίπτουσα’

343 3022 524 3091 ἐκείνη
565 3023 657 3095 μὶν
692 3019 759 3090 δὴ
790 3020 1015 3090 τοιαύτη
1048 3023 1137 3075 καί
1184 3020 1331 3095 παρά
1368 3018 1660 3087 τοιούτοις,
1693 3020 1783 3074 xui
1811 3020 1999 3075 τοιαύ-

339 3134 437 3174 τας
493 3108 695 3186 ἔχουσα
736 3110 830 3173 τὰς
882 3108 1228 3185 ἐπικαρπίας,
1276 3107 1403 3162 ὡσεὶ
1440 3107 1642 3184 χόρτος
1691 3108 1832 3185 ταχὺ
1861 3109 1993 3165 ἀπο-

346 3200 732 3278 ζηραινομὲνη,
784 3198 873 3253 καὶ
926 3197 1056 3252 ὡσεὶ
1109 3196 1325 3273 λάχανα
1369 3195 1553 3272 χλόης
1607 3197 1749 3273 ταχὺ
1793 3198 1997 3254 ἀποπί-

2109 2061 2243 2100 eum
2284 2048 2342 2099 et
2387 2044 2640 2099 servavit
2668 2047 2725 2099 et
2755 2043 2825 2098 ad
2857 2042 3170 2114 imperium
3223 2043 3428 2113 evexit,
3461 2044 3562 2115 qui
3613 2042 3767 2100 male

2110 2151 2176 2190 ac
2208 2134 2440 2189 funeste
2470 2138 2528 2188 et
2549 2136 2818 2188 servatus
2840 2136 2930 2187 est
2959 2136 3016 2187 et
3037 2132 3349 2204 imperium
3393 2132 3766 2188 administra-

2107 2224 2210 2279 vit.
2244 2227 2433 2295 Atque
2477 2222 2587 2277 hac
2618 2221 2995 2295 potissimum
3026 2222 3097 2277 de
3128 2237 3306 2276 causa
3334 2237 3467 2276 eum
3502 2222 3764 2278 credide-

2110 2312 2242 2380 rim,
2267 2317 2333 2367 ut
2362 2328 2427 2367 ex
2459 2310 2779 2383 impietatis
2825 2310 3205 2383 oppressione
3253 2326 3569 2383 rerumque
3599 2310 3764 2366 Chri-

2109 2402 2437 2457 stianarum
2493 2401 2565 2455 ad
2623 2400 2940 2471 pristinum
2991 2400 3362 2471 splendorem
3412 2399 3626 2468 reditu,
3679 2402 3763 2457 sic

2109 2491 2285 2546 etiam
2317 2506 2387 2546 ex
2424 2489 2532 2545 hac
2564 2488 2823 2545 oratione
2872 2488 3191 2545 maximam
3238 2489 3595 2563 voluptatem
3628 2507 3764 2563 cap-

2108 2585 2333 2635 turum.
2361 2579 2701 2635 Sermonem
2733 2578 2891 2634 enim
2923 2578 3038 2633 Deo
3079 2578 3139 2632 in
3180 2578 3329 2650 grati
3361 2578 3542 2633 animi
3573 2578 3763 2650 signi-

2108 2668 2443 2723 ﬁcationem
2484 2667 2711 2736 dicabo,
2738 2666 2900 2722 omni
2951 2666 3198 2721 rationis
3246 2670 3477 2739 experte
3522 2667 3763 2722 victima

2108 2757 2406 2829 puriorem
2438 2760 2495 2812 et
2524 2755 2902 2826 sanctiorem,
2925 2773 3041 2811 non
3084 2756 3255 2827 juxta
3306 2755 3559 2811 nefarias
3601 2755 3762 2812 illius

2109 2846 2402 2902 orationes
2450 2862 2515 2900 ac
2563 2862 2774 2917 nugas,
2808 2845 3115 2917 magisque
3172 2845 3396 2900 nefaria
3452 2845 3761 2917 sacriﬁcia,

2109 2952 2361 3008 quorum
2404 2934 2744 3004 praestantia
2771 2940 2825 2990 et
2859 2935 3118 3006 potentia
3147 2934 3463 3003 impietatis
3504 2935 3766 3006 potentia

2108 3030 2254 3095 erat,
2286 3033 2339 3079 et
2380 3024 2688 3096 insipiens,
2722 3027 2788 3078 ut
2834 3024 2918 3078 sic
2965 3022 3195 3095 loquar,
3226 3023 3545 3094 sapientia;
3580 3024 3763 3095 siqui-

2108 3116 2240 3170 dem
2274 3114 2467 3169 omnis
2498 3114 2678 3184 hujus
2709 3111 2907 3168 saeculi
2937 3112 3194 3184 potentia
3223 3117 3280 3167 et
3307 3113 3557 3168 eruditio
3589 3114 3647 3168 in
3679 3119 3763 3169 te-

2111 3203 2307 3259 nebris
2369 3200 2722 3268 ambulat“,
2754 3206 2929 3273 atque
2978 3219 3012 3257 a
3063 3201 3320 3257 veritatis
3376 3201 3505 3258 luce
3562 3202 3764 3275 procul

340 3310 568 3360 πτουσα,
602 3290 692 3343 καὶ
745 3291 1077 3343 συναπιοῦσα
1121 3292 1239 3349 τοῖς
1286 3286 1546 3359 πατράσιν
1593 3285 1990 3361 ἀπολλυμένοις

2113 3292 2341 3349 excidit.
2376 3296 2566 3362 Atque
2610 3290 2711 3346 illa
2740 3269 2977 3362 quidem
3018 3290 3156 3346 talis
3185 3295 3274 3347 est
3302 3294 3361 3347 et
3389 3269 3762 3363 apud-tales,

345 3380 459 3453 μετ’
509 3376 689 3455 ἤχου,
739 3377 830 3432 καὶ
881 3374 1353 3455 περιφαιδεστέροις
1399 3375 1497 3443 τήν
1553 3381 1758 3431 πτῶσιν
1811 3379 1845 3430 ii
1899 3380 1999 3447 τήν

340 3463 611 3524 ἀσέϐειαν.

2108 3382 2367 3453 taliaque
2396 3397 2580 3452 operae
2613 3379 2797 3452 pretia
2845 3380 3040 3446 habet,
3066 3379 3233 3451 quasi
3266 3380 3465 3435 fenum
3490 3381 3765 3437 velociter

2110 3487 2401 3537 arescens,
2436 3476 2493 3525 et
2540 3470 3042 3541 quemodmodum
3074 3470 3233 3524 olera
3282 3469 3599 3525 herbarum
3649 3471 3763 3526 cito

340 3559 617 3616 decidens
640 3560 706 3626 ‘5,
740 3574 805 3613 ac
836 3556 1012 3613 simul
1045 3573 1178 3612 cum
1210 3556 1554 3625 parentibus
1582 3556 1706 3612 suis
1746 3558 2089 3629 abscedens,
2124 3577 2260 3616 cum
2308 3560 2503 3615 sonitu
2538 3559 2919 3631 pereuntibus
2940 3560 3004 3627 ω,
3038 3562 3211 3628 atque
3240 3559 3313 3614 ob
3364 3558 3594 3615 ruinam
3643 3559 3760 3615 cla-

332 3648 591 3704 rioribus
622 3664 803 3720 quam
834 3648 906 3702 ob
937 3646 1321 3719 impietatem.

392 3743 441 3791 Δ¹
491 3736 647 3807 Ἐμοὶ
700 3733 759 3789 δὲ
806 3734 983 3799 θύοντι
1034 3733 1217 3788 θυσίαν
1268 3732 1523 3795 αἰνέσεως
1573 3735 1837 3810 σήμερον,
1886 3737 1977 3791 xui

312 3827 413 3894 τὴν
446 3824 780 3897 ἀναίμακτον
811 3828 917 3879 τῶν
952 3823 1130 3899 λόγων
1164 3825 1331 3896 τιμὴν
1380 3823 1493 3895 (75)
1534 3822 1843 3896 ἀνάπτοντι,
1898 3826 1977 3887 τίς

314 3913 536 3988 θὲατρον
580 3915 896 3986 περιστήσει
946 3916 1059 3986 (76)
1102 3916 1171 3985 τῇ
1228 3913 1415 3988 χάριτι
1463 3911 1863 3986 παρισούμενον
1901 3934 1914 3983 ;
1946 3915 1979 3983 ἣ

310 4000 397 4063 τίς
424 4004 724 4077 συνηχήσει
774 4001 998 4077 γλῶσσα
1042 4005 1326 4067 τοσοῦτον,
1380 4000 1579 4055 ὁπόσον
1630 4001 1720 4054 xui
1776 3999 1976 4077 βούλο-

319 4111 416 4164 μαι
452 4109 464 4159 ;
506 4091 596 4152 Τίς
642 4091 780 4160 ἀκοὴ
826 4095 905 4162 τῷ
954 4090 1104 4166 λόγῳ
1160 4092 1758 4166 συμπροθυμηθήσεται
1810 4094 1972 4165 (77);

315 4181 413 4234 Καὶ
446 4182 549 4255 γὰρ
600 4179 661 4235 ού
709 4185 788 4251 τῷ
832 4179 1000 4255 Λόγῳ
1055 4178 1216 4252 μόνον
1267 4182 1302 4249 ἡ
1337 4176 1426 4233 διὰ
1457 4178 1624 4255 λόγου
1668 4182 1778 4255 (78)
1809 4180 1971 4256 χάρις

313 4269 620 4341 οἱκειοτάτη
659 4271 795 4343 μετὰ
824 4274 931 4323 τῶν
963 4266 1150 4323 ἄλλων
1186 4270 1259 4322 ὧν
1297 4267 1643 4341 ὀνομάζεται,
1677 4269 1767 4323 καὶ
1806 4269 1973 4343 ταύτῃ

308 4361 562 4437 χαίροντι
593 4364 661 4433 τῇ
692 4357 1037 4435 προσηγορίᾳ
1083 4356 1448 4435 διαφερόντως
1497 4359 1586 4412 xui
1633 4364 1701 4433 τῇ
1746 4357 1970 4433 δυνάμει

308 4456 410 4518 τῆς
457 4448 732 4517 κλήσεως·
786 4447 934 4503 ἀλλὰ
980 4447 1213 4520 κάκείνῳ
1270 4446 1551 4524 πρέπουσα
1599 4446 1756 4521 δίκη,
1814 4449 1970 4524 λόγῳ

2161 3738 2250 3795 IV.
2282 3738 2420 3792 Mihi
2452 3741 2649 3793 autem
2698 3737 2981 3793 hodierno
3012 3736 3105 3792 die
3154 3736 3509 3792 sacriﬁcium
3562 3738 3757 3795 laudis

2092 3826 2449 3883 sacriﬁcanti
2475 3827 2539 3894 ‘7,
2590 3830 2765 3897 atque
2798 3827 3173 3881 incruentum
3205 3842 3545 3881 sermonum
3581 3828 3758 3884 hono-

2090 3934 2211 3973 rem
2247 3917 2362 3971 Deo
2408 3916 2795 3985 consecranti,
2820 3915 2955 3986 quis
2985 3916 3279 3985 ejusmodi
3325 3916 3621 3971 theatrum
3656 3934 3754 3973 ex-

2088 4006 2333 4074 hibebit,
2367 4006 2523 4076 quod
2557 4004 2779 4076 accepti
2816 4004 3086 4060 beneﬁcii
3122 4004 3612 4077 magnitudinem,
3646 4008 3755 4061 ad-

2086 4094 2314 4165 aequet?
2352 4100 2453 4149 aut
2483 4111 2611 4165 quae
2644 4093 2867 4167 lingua,
2901 4110 3004 4165 pro
3036 4109 3102 4148 eo
3133 4110 3199 4148 ac
3230 4093 3422 4165 cupio,
3450 4094 3627 4150 simul
3660 4095 3750 4151 in-

2086 4183 2356 4239 sonabit?
2377 4184 2509 4249 Quae
2534 4185 2693 4238 auris
2717 4199 2915 4254 parem
2943 4183 3201 4238 sermoni
3224 4182 3590 4239 alacritatem
3609 4183 3726 4239 alla

2084 4278 2144 4327 tu
2156 4290 2219 4328 ra
2239 4272 2365 4328 est?
2387 4273 2586 4344 Neque
2616 4272 2773 4327 enim
2805 4273 3093 4328 duntaxat
3117 4273 3327 4339 Verbo,
3354 4290 3420 4329 ea
3441 4273 3592 4345 grati
3615 4274 3744 4329 ani-

2084 4362 2165 4417 mi
2190 4362 2562 4434 signiﬁcatio,
2582 4378 2710 4433 quae
2733 4378 2835 4433 per
2848 4362 3025 4417 verba
3046 4362 3406 4433 rependitur,
3430 4362 3742 4434 aptissima

2081 4455 2139 4507 et
2160 4451 2694 4523 congruentissima
2724 4456 2835 4521 est,
2860 4455 3061 4524 utpote
3080 4456 3291 4523 praeter
3317 4451 3434 4508 alia
3462 4452 3754 4508 vocabula

384 4594 432 4628 “
462 4592 614 4651 Psal.
654 4611 862 4664 Lxxxu,
893 4596 948 4650 5.
1025 4595 1070 4628 ⁸⁸
1100 4593 1253 4649 Psal.
1283 4611 1476 4662 xxxvr,
1507 4598 1562 4651 2.
1639 4597 1684 4631 ⁸⁸
1714 4594 1868 4653 Psal.
1901 4614 1980 4665 1x,
2011 4597 2068 4652 7.
2146 4597 2192 4631 ‘7
2222 4595 2379 4652 Psal.
2412 4613 2565 4665 xux,
2592 4596 2684 4651 23.

386 4737 704 4821 (ῥηξρσσν
742 4736 791 4793 ὁ.
842 4737 929 4821 Ita
986 4741 1241 4821 quatuor
1288 4738 1491 4811 Regg.,
1543 4741 1661 4795 tres
1711 4739 1871 4797 Colb.
1923 4744 1980 4795 et
2010 4741 2058 4805 D
2089 4738 2359 4821 dolgr‘lp

311 4808 455 4867 edit.
487 4808 615 4863 Aldi
652 4809 805 4865 Man.
840 4808 1064 4865 Deest'b
1094 4810 1155 4865 in
1186 4812 1317 4866 Par.

386 4881 504 4952 (68)
552 4876 632 4952 Ei’,
672 4902 757 4942 τις
812 4877 1082 4950 αἴσθησις.
1134 4904 1163 4931 ς(
1218 4882 1278 4937 Si
1337 4882 1475 4952 quid
1530 4880 1789 4937 defuncti
1847 4899 1979 4938 sen-

311 4951 491 5008 tiant.
518 4973 544 5000 »ι
578 4951 671 5021 Sic
717 4956 1005 5021 Isocrates
1035 4954 1246 5009 iisdem
1275 4951 1494 5020 verbis,
1516 4954 1616 5009 sed
1671 4952 1843 5021 paulo
1892 4954 1977 5008 fu-

312 5024 485 5109 sius;
524 5019 698 5109 Ei’l‘ttc
742 5019 884 5078 ἔστιν
914 5021 1162 5109 α’ίσθησις
1211 5029 1330 5085 τοῖς
1380 5019 1792 5094 τετελευτηκόσι
1850 5022 1975 5109 περὶ

310 5099 418 5170 τῶν
465 5091 651 5170 ἐνθάδε
708 5091 1071 5170 γιγνομὲνωνξ
1107 5118 1135 5147 ‹‹
1166 5099 1223 5170 Si
1270 5097 1409 5169 quid
1458 5091 1665 5153 eorum
1708 5115 1835 5170 qua
1864 5091 1977 5170 hic

312 5168 464 5293 gunt
501 5168 792 5224 defuncti
822 5170 1155 5225 sentiant.»
1189 5168 1303 5224 Or.’
1341 5170 1570 5225 funebri
1620 5170 1679 5224 in
1729 5168 1976 5225 laudem

363 5256 609 5293 vagorae.

363 5256 609 5294 V8EOP8L

387 5307 501 5381 (69)
535 5310 699 5381 ’Όσαι
724 5329 805 5364 τε.
838 5310 1098 5365 Combef.
1133 5307 1249 5363 ὅσοι
1281 5329 1358 5364 τε.

390 5376 502 5450 (70)
530 5384 653 5455 Τοῦ-
678 5376 758 5446 δὲ,
788 5387 896 5436 etc.
934 5382 1190 5438 Combef.
1222 5384 1320 5434 τοῦ
1354 5379 1410 5435 δὲ
1440 5403 1522 5455 γε.
1550 5406 1577 5432 ‹‹
1614 5382 1775 5437 Illius
1821 5384 1975 5439 enim

317 5466 456 5524 vero
504 5451 757 5524 maxime
808 5455 1099 5523 omnium,
1134 5460 1354 5524 quanto
1406 5451 1524 5509 una
1578 5471 1708 5508 cum
1766 5455 1980 5510 Christi

322 5523 672 5596 haereditate
688 5524 1001 5596 adauctus,
1027 5523 1209 5596 eaque
1241 5542 1343 5596 pro
1365 5527 1591 5581 viribus
1624 5528 1891 5594 adaucta,
1917 5544 1981 5581 ac

323 5594 611 5664 temporis
644 5593 1031 5664 diuturnitate
1062 5593 1423 5654 conﬁrmata.
1452 5619 1478 5647 ››

403 5661 517 5736 (7—1)
547 5666 611 5740 Ὠ
659 5666 759 5730 τῆς
811 5661 1101 5740 ἔπηρείαςί
1153 5668 1284 5740 Bill.
1317 5688 1337 5716 α
1372 5686 1404 5723 0

1496 5685 1687 5723 ravem
1732 5669 1811 5723 im
1822 5686 1981 5740 pres-

326 5736 590 5821 sionem!
620 5758 647 5786 ››
680 5738 882 5793 Comb.
907 5736 935 5788 (ξ
968 5755 1000 5794 o
1031 5739 1279 5794 noxam!
1327 5763 1347 5788 ι

1401 5740 1549 5796 Edit.
1602 5741 1729 5796 Bas.
1759 5764 1787 5792 «
1834 5741 1981 5813 proh

2161 4811 2276 4882 (72)
2312 4807 2650 4865 Βασιλεῦσαι.
2697 4810 2885 4868 Schol.
2920 4812 3240 4863 Βασιλεῦσαι
3288 4815 3537 4878 ποιῆσαι.
3570 4811 3745 4869 Recte

2090 4882 2328 4954 quidem
2365 4884 2434 4938 ad
2469 4883 2733 4955 Gregorii
2772 4888 3030 4939 mentem
3058 4886 3115 4938 et
3143 4883 3214 4937 ad
3266 4882 3577 4955 Scriptura).
3609 4899 3742 4940 sen-

2087 4972 2242 5010 sum.
2272 4955 2295 5009 I
2326 4955 2466 5026 Reg.
2496 4971 2619 5021 vm,
2651 4956 2741 5009 22.

2130 5025 2403 5107 .(73_).'Qv-
2424 5025 2463 5094 ἦ
2497 5025 2803 5107 περιουσία.
2830 5048 2858 5077 ‹‹
2891 5027 3150 5091 Quorum
3198 5025 3364 5097 copia
3402 5031 3461 5082 et
3488 5026 3596 5096 vis,
3630 5028 3740 5084 im-

2087 5097 2322 5170 pietatis
2350 5098 2441 5170 vis
2473 5103 2617 5170 erat.
2638 5122 2665 5149 υ

2157 5169 2272 5241 (74)
2300 5169 2448 5241 Ἐπεὶ
2482 5168 2590 5224 καί.
2625 5193 2653 5219 ‹‹
2686 5169 3010 5241 Siquidem.
3037 5190 3066 5218 ›>
3099 5167 3228 5222 Bill.
3255 5190 3283 5241 ς(
3315 5167 3477 5241 velut
3506 5172 3741 5227 etiam.»

2159 5239 2272 5315 (75)
2303 5240 2491 5315 Λόγων
2544 5242 2749 5315 τιμήν.Δ
2771 5239 2818 5315 E<_
2849 5242 3196 5315 sermonum
3256 5239 3686 5315 holocaustum.
3716 5267 3737 5295 ι

2160 5308 2275 5383 (76)
2325 5308 2922 5387 ΠεριστήσειξΛ-ΞῼΙῚΟΙ.
2966 5308 3162 5387 κύκλῳ
3215 5312 3473 5387 στήσει,‹‹
3508 5316 3742 5371 audito-

2088 5400 2221 5459 rum
2253 5384 2526 5440 coronam
2561 5385 2876 5441 exhibebit.
2904 5407 2932 5433 »
2966 5384 3104 5455 Reg.
3140 5384 3261 5451 bm,
3295 5384 3453 5440 Colb.
3485 5387 3538 5456 3,
3572 5406 3742 5459 παρα-

2090 5475 2295 5513 στησει,

2155 5456 2938 5601 ⁷(ἒξ).Συμπροθυμηθήσεται.
2973 5526 3152 5599 Regg.
3182 5544 3236 5595 8.,
3260 5528 3318 5595 Ι),
3346 5526 3443 5584 Or.
3478 5529 3531 5597 1,
3563 5548 3740 5601 συμπ-

2092 5600 2478 5673 ροθυμήσετῖιις

2092 5663 2101 5673 ’
2161 5663 2361 5743 (78)Ἦ
2406 5668 2493 5724 διὰ
2543 5667 2729 5743 λόγου.
2788 5669 2928 5743 Reg.
2990 5670 3109 5725 bm.
3160 5669 3196 5738 ἡ
3249 5663 3442 5743 λόγου.
3492 5669 3622 5726 Bill.
3674 5688 3743 5728 ex

2092 5741 2260 5797 Card.
2292 5744 2327 5810 ἡ
2360 5746 2455 5797 τοῦ
2488 5739 2678 5810 λόγου.

2137 5760 2260 5797 ara.

2360 5746 2455 5797 τοῦ
2488 5739 2678 5815 λόγου.
