4110 6410
349 395 473 457 587

1353 386 1649 447 ORATIO
1691 386 1801 450 IV.
1832 419 1911 433 -—-
1941 387 2259 450 CONTRA
2301 385 2708 450 JULIANUM
2751 387 2802 447 Ι.

3674 386 3796 447 538

347 522 628 602 στέφανον
685 517 777 576 καὶ
834 521 942 574 τῶν
1001 514 1149 583 πάσῃ
1206 518 1300 589 τῇ·
1364 513 1526 592 ῥώμῃ
1574 517 1906 592 χρωμίνων,
1953 518 2017 573 οὐ

2143 520 2349 591 quippe
2375 520 2660 575 adversus
2689 521 3052 591 pugnantes,
3086 534 3203 573 non
3234 521 3431 574 autem
3479 533 3661 589 supra
3699 534 3796 573 se—

343 618 458 673 τῶν
529 608 949 686 περιῃρημινων
1001 604 1064 661 τὸ
1112 603 1259 663 πολὺ
1305 607 1403 673 τῆς
1472 603 1793 679 δυνάμεως.
1844 607 1909 661 Εἰ
1961 604 2018 661 δὶ

352 701 505 764 ὅλως
540 698 804 773 συμμίξαι
835 696 925 756 καὶ
970 695 1047 759 εἰς
1099 700 1290 771 χεῖρας
1329 692 1506 758 ἐλθεῖν
1539 690 1840 772 ἐφοϐήθης,
1876 695 2022 767 αὖτῷ

354 791 540 866 τούτῳ
570 790 668 857 τήν
699 788 867 857 ἧτταν
923 782 1149 857 ἔδειξας,
1199 784 1290 841 καὶ
1336 789 1486 855 νικᾷν
1536 785 1736 857 ὑπῆρξὲ
1788 807 1880 858 μοι
1910 786 2024 859 (89)

369 878 514 955 μηδὲ
543 877 927 955 ἠγωνισμένῳ,
960 875 1018 930 ὃν
1048 876 1162 947 (90)
1205 872 1460 950 ἠγωνίσω
1509 874 1585 946 μὴ
1635 873 2021 949 ἀγωνίσασθαι.

361 974 538 1024 Ταῦτα
571 968 664 1041 μὶν
699 968 727 1021 ὁ
769 966 938 1043 σοφὸς
983 967 1121 1036 ἡμῖν
1177 960 1433 1037 βασιλεύς
1479 984 1538 1017 τε
1582 964 1672 1017 καὶ
1703 962 2021 1037 νομοθέτης,

364 1059 545 1134 ὥσπερ
576 1054 808 1131 (91)’ἰνα
856 1052 1026 1128 μηδὶν
1077 1051 1244 1110 αὐτοῦ
1278 1058 1379 1121 τῆς
1426 1052 1741 1129 τυραννίδος
1788 1053 2019 1129 ἄμοιρον

360 1151 418 1221 ᾗ,
470 1148 560 1208 καὶ
618 1144 940 1222 προκηρύξῃ
992 1143 1094 1210 τήν
1157 1140 1385 1216 ἀλογίαν
1441 1140 1494 1199 ἐν
1555 1142 1703 1218 ἀρχῇ
1763 1144 1875 1216 (92)
1920 1149 2021 1211 τῆς

357 1239 555 1299 ἑαυτοῦ
612 1232 916 1312 βασιλείας,
964 1232 1299 1307 τυραννήσας
1348 1232 1454 1307 πρὸ
1502 1236 1608 1291 τῶν
1657 1229 1845 1288 ἄλλων
1892 1231 2024 1294 τοὺς

355 1324 578 1401 λόγους·
615 1327 751 1397 ἡμῖν
803 1320 860 1381 δὶ
910 1320 1078 1378 καλὸν
1128 1322 1218 1376 καὶ
1268 1320 1401 1395 ὑπὶρ
1445 1324 1556 1377 τῶν
1605 1318 1787 1396 λόγων
1838 1320 2020 1377 αὐτῶν

359 1414 655 1490 ὁμολογεῖν
705 1417 784 1484 τῷ
828 1416 941 1483 θεῷ
986 1410 1173 1486 χάριν,
1219 1410 1321 1479 τήν
1368 1409 1673 1486 ἐλευθερίαν
1719 1405 2026 1466 ἀπολαϐόν.

361 1526 494 1561 τωνι
542 1504 631 1560 καὶ
684 1500 919 1577 μάλιστα
966 1500 1060 1573 μὲν
1105 1499 1195 1558 καὶ
1241 1504 1362 1562 τοῖς
1408 1497 1607 1561 ἄλλοις
1647 1504 1812 1572 τιμᾷν
1865 1499 2025 1561 αὐτὸν

357 1595 671 1666 ἀναθήμασι
720 1588 1082 1669 φειδομένους
1130 1590 1243 1662 (93)
1299 1585 1554 1661 μηδενὸς,
1612 1590 1751 1664 μήτε
1796 1588 2021 1663 χρημά-

360 1704 470 1739 των
523 1684 662 1755 μήτε
712 1678 1048 1753 κτημάτων,
1099 1678 1171 1748 ἆ,
1218 1681 1317 1734 τοῦ
1363 1682 1557 1751 καιροῦ
1616 1677 1879 1755 γενόμενα
1933 1678 2022 1734 καὶ

356 1778 463 1841 τῆς
491 1767 827 1847 τυραννίδος,
878 1770 914 1842 ἡ
961 1766 1347 1847 φιλανθρωπία
1392 1770 1490 1823 τοῦ
1522 1771 1655 1823 Θεοῦ
1706 1763 2021 1837 διεσώσατο,

362 1866 531 1934 τιμᾷν
566 1858 625 1918 δὶ
671 1859 778 1935 πρὸ
807 1862 914 1914 τῶν
966 1855 1150 1917 ἄλλων
1183 1861 1297 1919 τοῖς
1328 1855 1541 1931 λόγοις,
1574 1860 1642 1922 τῇ
1686 1854 1866 1928 δικαίᾳ
1892 1878 2023 1933 καρ.

2134 610 2357 677 dentes,
2391 613 2811 681 comparantur
2843 624 2855 661 :
2891 611 2949 663 et
2978 608 3261 663 adversus
3300 623 3421 675 eos,
3473 608 3575 678 qui
3619 608 3798 663 robur

2134 715 2306 753 omne
2338 715 2514 753 suum
2547 699 2618 753 ad
2651 702 2945 753 certamen
2978 696 3278 762 adhibent,
3304 713 3419 751 non
3453 696 3550 765 qui
3581 712 3797 768 magna

2133 787 2344 842 virium
2380 791 2540 859 parte
2570 785 2825 842 truncati
2858 790 3016 841 sunt.
3048 786 3213 851 Quod
3254 785 3305 839 si
3356 783 3595 839 omnino
3627 785 3797 855 signa

2134 876 2415 944 conferre,
2446 891 2779 946 manusque
2804 890 3109 930 conserere
3138 874 3360 929 veritus
3404 889 3489 941 es,
3522 872 3633 928 hoc
3662 873 3795 944 ipso

2133 970 2189 1019 te
2221 965 2437 1020 victum
2472 982 2599 1020 esse
2630 964 2962 1033 declarasti,
2998 962 3261 1033 mihique
3290 961 3465 1017 etiam
3514 961 3641 1016 sine
3674 960 3796 1016 ulla

2133 1054 2509 1110 dimicatione
2540 1053 2796 1126 palmam
2827 1052 3073 1124 adipisci
3104 1051 3290 1118 licuit,
3317 1052 3459 1106 dum
3488 1054 3795 1122 tantopere

2133 1143 2238 1197 abs
2268 1148 2325 1197 te
2355 1142 2703 1199 dimicatum
2762 1145 2871 1211 est,
2918 1156 2991 1195 ne
3036 1139 3475 1195 dimicationem
3541 1140 3795 1196 subires.

2133 1236 2325 1303 Atque
2355 1232 2476 1289 hmo
2506 1232 2748 1303 quidem
2782 1230 3018 1302 sapiens
3046 1234 3248 1285 noster
3276 1229 3599 1301 imperator
3628 1232 3686 1283 et
3714 1227 3797 1284 le-

2136 1321 2381 1394 gislator
2406 1346 2421 1389 ;
2449 1321 2573 1391 qui,
2608 1336 2680 1376 ne
2726 1319 3055 1392 tyrannidis
3085 1336 3205 1374 sua:
3234 1318 3559 1390 quidquam
3591 1333 3799 1389 expers

2134 1415 2309 1479 esset,
2326 1426 2528 1471 verum
2548 1410 2733 1466 bruta
2769 1407 3108 1465 stoliditatis
3140 1407 3395 1462 edictum
3429 1411 3801 1479 proponeret,

2134 1502 2230 1556 81
2270 1501 2329 1555 in
2361 1500 2600 1572 imperii
2633 1499 2725 1556 sui
2758 1498 3061 1570 auspiciis,
3094 1501 3229 1553 ante
3258 1498 3459 1553 omnia
3491 1497 3624 1567 alia,
3675 1514 3799 1553 ser-

2134 1607 2339 1647 mones
2358 1591 2675 1663 tyrannide
2708 1589 3019 1661 oppressit.
3043 1587 3223 1643 Nobis
3253 1591 3451 1642 autem
3482 1586 3799 1642 honestum

2133 1685 2191 1737 et
2219 1679 2565 1752 praclarum
2601 1679 2779 1735 fuerit
2808 1695 2911 1750 pro
2944 1677 3090 1749 ipsis
3134 1693 3371 1747 quoque
3404 1676 3797 1745 sermonibus,

2140 1770 2360 1842 quibus
2405 1770 2646 1825 libertas
2695 1768 2962 1827 restituta
3011 1769 3124 1834 est,
3177 1768 3288 1821 Dec
3338 1765 3559 1837 gratias
3607 1781 3798 1836 agere,

2139 1875 2396 1930 eumque
2424 1863 2552 1917 tum
2578 1857 2788 1913 votivis
2817 1856 3164 1911 muneribus
3216 1854 3523 1922 honorare,
3557 1870 3660 1908 nec
3695 1869 3800 1925 pe-

375 1910 526 1934 "r'1"
571 1910 624 1918 τ’
680 1910 773 1935 "r"
821 1910 907 1914 ""
972 1910 1144 1917 —'"'“"
1196 1910 1296 1919 τίκ·
1330 1910 1422 1931 “⁷“ι
1448 1910 1461 1913 ε
1506 1910 1541 1927 ’1
1590 1910 1642 1922 κη
1696 1910 1863 1928 -νηενήτ
1898 1910 1985 1933 νίνγ

366 1949 615 2027 ποφορίᾳ
641 1947 733 2009 καὶ
774 1950 934 2021 κοινῇ
984 1948 1221 2017 πάντων,
1254 1944 1369 2002 ὅσοι
1417 1952 1518 2015 τῆς
1571 1946 1800 2021 χάριτος
1854 1967 2023 2019 μετιι.

2145 1910 2393 1930 "—1"
2431 1910 2551 1917 vim
2768 1910 2782 1912 -
2978 1910 2983 1911 κ
3510 1910 3523 1922 ,
3695 1910 3715 1925 ι

2143 1947 2335 2003 cuniis
2366 1946 2679 2018 parcendo,
2714 1962 2822 2002 nec
2862 1944 3072 2016 opibus
3103 1949 3161 1999 et
3203 1942 3478 2008 fortunis,
3512 1959 3659 2014 quas
3690 1942 3801 1999 sub

378 2039 645 2117 λήφασιν.
676 2035 835 2093 ³Δλλ’
864 2037 893 2092 ὁ
926 2036 1020 2109 μὶν
1044 2038 1157 2110 (94)
1185 2035 1318 2113 ὑπὲρ
1366 2040 1474 2091 τῶν
1508 2033 1687 2112 λόγων
1739 2033 1907 2111 λόγος
1936 2056 2032 2091 τοι..

2143 2036 2428 2108 temporis
2456 2041 2516 2094 et
2552 2034 2913 2109 tyrrannidis
2959 2038 3247 2106 potestate
3293 2032 3668 2101 constitutas,
3700 2031 3803 2087 Dei

376 2132 598 2190 σοῦτος⁹
641 2124 732 2182 τίνα
784 2128 883 2199 μή,
938 2124 1269 2201 μακρότερον
1321 2125 1737 2198 ἀποτείνοντες,
1786 2121 1888 2196 ἔξω
1936 2129 2023 2183 τοῦ

2145 2124 2552 2185 misericordia
2580 2124 2983 2191 conservavit;
3012 2128 3138 2177 tum
3168 2120 3489 2193 praesertim
3521 2120 3805 2175 sermoni-

379 2220 575 2290 καιροῦ
616 2217 731 2289 (95)
761 2214 1071 2288 πίπτωμεν,
1091 2214 1181 2269 καὶ
1212 2212 1353 2270 ἄλλο
1380 2236 1432 2269 τι
1468 2212 1681 2288 μᾶλλον
1713 2212 2033 2284 σπουδάζειν

377 2304 626 2379 δοκῶμεν
654 2305 689 2373 ἢ
718 2302 779 2359 οὗ
809 2306 972 2381 χάριν
1000 2301 1439 2378 συνεληλύθαμεν

2145 2217 2279 2286 bus,
2315 2216 2420 2272 hoc
2451 2218 2542 2270 est
2566 2215 2732 2285 justa
2760 2212 3071 2280 oblatione,
3092 2212 3508 2283 omnibusque,
3542 2209 3643 2280 qui
3672 2226 3802 2281 gra-

2145 2305 2239 2359 tias
2270 2304 2582 2376 participes
2614 2303 2868 2368 fuerunt,
2909 2302 3231 2358 communi.
3276 2302 3464 2372 Atque
3516 2300 3611 2354 hic
3660 2315 3801 2354 sane

371 2412 477 2467 pro
507 2395 882 2453 sermonibus
920 2394 1231 2456 institutus
1262 2411 1457 2450 sermo
1486 2395 1665 2450 ﬁnem
1686 2395 1919 2462 habeat,
1950 2411 2023 2451 ne
2047 2410 2183 2451 eum
2214 2392 2450 2465 longius
2489 2393 2903 2464 producentes,
2932 2390 3355 2446 mediocritatis
3386 2390 3533 2445 fines
3565 2389 3804 2445 exceda-

373 2500 530 2551 mus,
559 2489 734 2554 atque
764 2482 922 2539 aliud
953 2483 1235 2555 quiddam
1268 2483 1462 2555 potius
1494 2500 1666 2557 agere
1686 2484 2012 2551 videamur,
2045 2498 2222 2555 quam
2252 2481 2311 2539 id
2347 2483 2520 2553 cujus
2550 2498 2730 2537 causa
2764 2479 3166 2535 convenimus.

443 2600 512 2655 Z'.
553 2596 695 2668 Ἤδη
730 2596 787 2653 δέ
820 2620 911 2672 μοι
944 2597 1095 2671 πηδᾷ
1141 2599 1232 2654 καὶ
1257 2596 1400 2653 ’ίεται
1432 2599 1570 2676 πρὸς
1614 2599 2029 2675 πανηγυρισμὸν

368 2687 397 2741 ὁ
446 2685 611 2766 λόγος
644 2732 662 2760 ,
716 2686 807 2743 καὶ
858 2693 977 2751 τοῖς
1040 2688 1343 2763 ὁρωμένοις
1400 2685 1882 2766 συμφαιδρόνεται,
1939 2686 2029 2742 καὶ

367 2773 531 2831 καλεῖ
582 2777 782 2839 πάντας
850 2776 927 2839 εἶς
1002 2778 1226 2854 χορείαν
1304 2779 1700 2858 πνευματικὴν,
1778 2776 1899 2831 ὅσοι
1972 2798 2032 2831 τε

363 2864 640 2936 νηστείαις
670 2866 758 2921 καὶ
798 2863 1087 2940 κλαυθμῷ,
1129 2866 1218 2921 καὶ
1271 2864 1450 2937 δεήσει
1500 2868 1613 2941 (97)
1658 2867 2028 2943 προσέκειντο,

367 2955 559 3015 νυκτὸς
613 2952 704 3008 καί
760 2955 971 3032 ἡμέρας
1026 2954 1354 3028 αἰτούμενοι
1409 2957 1523 3032 (98)
1592 2953 1862 3037 λύτρωσιν
1919 2960 2027 3010 τῶν

373 3043 716 3118 κατεχόντων
764 3045 1019 3119 ἀνιαρῶν,
1070 3044 1160 3099 καὶ
1211 3041 1382 3114 δεξιὸν
1435 3044 1632 3106 ἐντοῖς
1662 3050 1848 3107 κακοῖς
1891 3044 2024 3123 φάρ-

376 3154 566 3206 μακον,
625 3134 723 3201 τὴν
784 3132 845 3187 οὗ
904 3131 1367 3208 καταισχύνουσαν
1426 3130 1624 3188 ἐλπίδα
1678 3132 2022 3205 ποιούμενον

371 3220 490 3276 ὅσοι
538 3242 637 3289 τε,
687 3221 961 3298 μεγάλους
1011 3220 1331 3284 ἀνατλάντες
1381 3222 1596 3297 ἀγῶνας
1641 3223 1731 3277 καὶ
1782 3220 2023 3291 ἄθλους,
2059 3255 2103 3327 C

441 3310 455 3327 ι
566 3309 625 3327 η
677 3316 701 3327 ..
804 3311 825 3327 κ
927 3310 939 3327 .
1165 3311 1179 3327 ι
1296 3310 1315 3327 κ
1436 3316 1460 3326 -
1586 3316 1610 3327 ..
1800 3315 1822 3327 ..

366 3310 456 3365 καὶ
490 3309 729 3373 πολλαῖς
760 3310 1062 3385 πληγέντες
1092 3311 1181 3365 καὶ
1214 3310 1487 3386 χαλεπαῖς
1517 3316 1613 3366 τοῦ
1633 3315 1826 3387 καιροῦ
1856 3332 2024 3388 προσ-

372 3395 589 3473 ϐολαῖς,
648 3400 870 3475 θέατρον
928 3399 1251 3476 ἐγενήθησαν
1311 3405 1391 3472 τῷ
1446 3400 1660 3473 κόσμῳ,
1718 3400 1807 3455 καὶ
1863 3402 2026 3478 ἀγγέ-

366 3488 486 3550 λοις
518 3536 534 3562 ,
592 3488 680 3543 καὶ
731 3489 1094 3565 ἀνθρώποις,
1154 3491 1291 3543 κατὰ
1344 3491 1445 3559 τὴν
1518 3494 1615 3544 τοῦ
1685 3489 2026 3545 ’Δποστόλου

364 3580 574 3656 φωνήν·
605 3578 792 3632 καὶτὰ
844 3578 939 3651 μὲν
980 3579 1208 3651 σώματα
1257 3580 1577 3651 κάμνοντες,
1607 3578 1700 3640 τὰς
1750 3576 1807 3633 δὶ
1845 3580 2028 3655 ψυχὰς

366 3668 630 3743 ἀήττητοι
677 3665 1087 3740 διαμείναντες,
1142 3670 1231 3722 καὶ
1280 3670 1453 3722 πάντα
1502 3666 1785 3743 ἷσχόοντες
1849 3667 1903 3722 ἐν
1947 3672 2028 3740 τῷ

366 3754 693 3830 δυναμοῦντι
879 3755 1074 3818 αὐτοὺς
1117 3758 1334 3831 Χριστῷ
1383 3755 1500 3810 ὅσοι
1529 3778 1588 3811 τε
1617 3759 1717 3829 (1),
1753 3758 2023 3830 κοσμικὴν

366 3845 691 3919 ἀποθέμενοι
721 3846 911 3907 κακίας
963 3844 1098 3917 ὕλην
1147 3845 1238 3900 καί
1293 3842 1623 3909 δυναστείαν,
1656 3846 1691 3916 ἢ
1721 3845 1821 3914 τήν
1852 3846 2024 3921 ἁρπα-

365 3936 469 4008 γὴν
522 3939 630 3991 τῶν
684 3934 1043 4011 ὑπαρχόντων
1099 3935 1233 4008 μετὰ
1281 3940 1458 4011 χαρᾶς
1508 3932 1957 4007 προσδεξάμενοι,
1992 3937 2025 4004 ἢ

363 4030 464 4092 τῆς
492 4024 719 4087 ἑαυτῶν,
770 4025 798 4079 ’ὁ
839 4022 906 4093 δὴ
960 4023 1197 4098 λέγεται,
1252 4021 1671 4103 φυγαδευθέντες
1714 4022 1938 4093 ἀδίκως,
1986 4027 2023 4094 ἢ

366 4110 597 4188 ἀνδρῶν,
643 4115 677 4181 ἢ
722 4118 1010 4195 γυναικῶν,
1062 4114 1099 4183 ἢ
1148 4115 1382 4190 γονέων,
1433 4114 1466 4183 ἢ
1519 4112 1742 4182 τέκνων,
1787 4114 1821 4182 ἢ
1875 4113 2024 4189 ὅσοις

362 4199 560 4265 ἄλλοις
594 4202 823 4275 ὀνόμασι
866 4210 966 4273 τῆς
1016 4210 1218 4279 μικρᾶς
1268 4203 1606 4275 οίκειότητος
1655 4203 2022 4281 κατεχόμεθα,

355 4292 565 4348 τούτων
596 4293 734 4370 πρὸς
790 4291 977 4381 ὀλίγον
1032 4290 1466 4369 διαζευχθέντες,
1516 4293 1607 4347 καὶ
1658 4292 1739 4375 τῷ
1791 4297 2026 4369 Χριστοῦ

2212 2598 2338 2653 VII.
2372 2598 2677 2653 Enimvero
2719 2597 2863 2652 mihi
2907 2598 3032 2669 jam
3066 2595 3263 2652 exsilit
3311 2599 3487 2668 atque
3516 2595 3589 2650 ad
3621 2611 3801 2667 pane-

2141 2687 2469 2761 gyrismum
2504 2688 2680 2759 gestit
2728 2687 2934 2757 oratio,
2986 2685 3282 2756 simulque
3327 2700 3463 2739 cum
3504 2684 3619 2749 his,
3672 2700 3804 2761 quae

2142 2778 2463 2842 cernimus,
2494 2775 2815 2840 hilarescit,
2833 2780 3010 2847 atque
3035 2775 3106 2829 ad
3130 2774 3497 2845 spiritualem
3528 2773 3801 2828 cboream

2143 2882 2349 2921 omnes
2396 2870 2585 2931 vocat,
2632 2870 2760 2919 tum
2814 2865 2914 2936 qui
2973 2864 3243 2935 jejuniis,
3293 2867 3349 2918 et
3394 2862 3693 2934 lacrymis,
3745 2866 3803 2917 et

2142 2955 2389 3010 orationi
2438 2954 2657 3010 addicti
2707 2960 2894 3018 erant,
2944 2952 3336 3025 prementium
3396 2950 3800 3007 molestiarum

2141 3043 2550 3116 depulsionem
2584 3043 2884 3115 ﬁnemque
2915 3046 3088 3098 noctu
3141 3041 3362 3113 diuque
3408 3040 3800 3112 postulantes,

2143 3149 2210 3188 ac
2266 3134 2643 3188 commodum
2691 3132 2753 3186 in
2804 3131 2979 3187 malis
3036 3131 3424 3204 pharmacum
3482 3131 3800 3187 efficientes

2143 3222 2424 3277 nimirum
2458 3239 2623 3294 spem
2652 3239 2768 3277 non
2800 3221 3258 3277 confundentem
3290 3222 3355 3289 ‘3,
3388 3224 3514 3275 tum
3549 3220 3649 3291 qui
3680 3237 3799 3275 ma-

2141 3312 2274 3384 gnis
2305 3312 2730 3367 certaminibus
2753 3314 2809 3366 et
2831 3311 3107 3366 aerumnis
3129 3309 3460 3378 exantlatis,
3481 3310 3802 3383 multisque

2139 3406 2196 3457 et
2251 3401 2530 3479 gravibus
2581 3400 2863 3473 temporis
2931 3399 3256 3461 insultibus
3305 3399 3568 3470 percussi
3625 3404 3801 3471 atque

2136 3490 2347 3556 vexati,
2365 3491 2583 3545 mundo
2606 3495 2663 3546 et
2694 3490 2940 3561 angelis,
2974 3495 3032 3545 et
3061 3489 3421 3552 hominibus,
3448 3493 3513 3543 ut
3532 3488 3797 3560 Apostoli

2135 3580 2329 3635 verbis
2360 3584 2512 3653 utar,
2546 3578 2947 3651 spectaculum
2989 3578 3339 3634 exstiterunt
3375 3578 3420 3611 ⁴⁰
3450 3595 3462 3632 :
3502 3593 3567 3631 ac
3594 3594 3798 3648 corpo-

2139 3669 2301 3724 ribus
2331 3668 2468 3723 licet
2497 3668 2663 3722 fracti
2694 3672 2751 3723 et
2782 3666 3091 3730 debilitati,
3124 3667 3339 3721 animis
3372 3671 3566 3721 tamen
3593 3665 3799 3721 invicti

2139 3763 2612 3830 permanserunt,
2646 3757 2963 3828 omniaque
2994 3758 3053 3811 in
3095 3756 3327 3812 Christo
3360 3757 3522 3828 ipsos
3567 3757 3799 3811 confor-

2136 3852 2295 3902 tante
2328 3850 2646 3919 potuerunt
2668 3848 2714 3881 ⁸⁸
2737 3864 2750 3900 ;
2771 3850 2898 3900 tum
2927 3846 3027 3918 qui
3061 3846 3364 3900 mundana
3391 3845 3514 3899 vitii
3551 3845 3800 3900 materia

2138 3942 2197 3992 et
2227 3936 2571 3991 auctoritate
2619 3951 2684 3991 ac
2730 3937 2991 4008 potentia
3041 3935 3325 4006 deposita,
3367 3935 3454 3989 vel
3506 3935 3794 3990 bonorum

2139 4027 2344 4097 rapina
2375 4042 2509 4080 cum
2543 4025 2757 4097 gaudio
2780 4029 3055 4095 suscepta
3085 4026 3149 4089 εί,
3182 4023 3269 4079 vel
3304 4024 3533 4095 (patria)
3570 4042 3698 4089 sua,
3732 4028 3799 4079 ut

2137 4117 2374 4188 quidem
2410 4115 2647 4185 dicitur,
2680 4132 2780 4186 per
2810 4116 3091 4185 injuriam
3126 4114 3304 4186 pulsi,
3335 4114 3425 4169 vel
3459 4133 3493 4169 υ.
3522 4114 3796 4181 viris,aut

2137 4205 2438 4273 uxoribus,
2472 4208 2574 4260 aut
2604 4204 2966 4277 parentibus,
2999 4209 3100 4259 aut
3138 4204 3359 4269 liberis,
3416 4209 3517 4259 aut
3550 4203 3796 4274 quibus-

2136 4296 2615 4368 cunquetandem
2636 4294 2768 4350 aliis
2782 4312 2968 4367 parvae
2985 4293 3436 4350 necessitudinis
3451 4293 3793 4351 nominibus

433 4541 478 4585 ’σε
510 4542 679 4598 Rom.
706 4560 763 4611 ν,
792 4545 852 4600 5.
926 4545 972 4579 ⁴⁹
1001 4547 1025 4599 Ι
1052 4544 1183 4609 Cor.
1217 4561 1295 4600 ιν.
1325 4543 1381 4607 9.
1458 4543 1504 4578 ⁵ο
1534 4543 1787 4615 Philipp.
1818 4561 1898 4614 ιν,
1931 4545 2019 4599 13.

2172 4544 2345 4607 Hebr.
2378 4563 2435 4611 ι,
2460 4546 2529 4599 54
2563 4548 2619 4600 et
2650 4560 2816 4615 seqq.

431 4801 552 4873 (89)
582 4802 809 4930 Ὑπῆἓξέ
844 4823 958 4875 μοι.
993 4807 1077 4859 Ita
1105 4803 1305 4859 Comb.
1339 4805 1512 4863 Deest
1545 4821 1659 4872 μοι.
1694 4801 1754 4857 in
1784 4802 1926 4858 edit.

432 4874 546 4930 (90)
575 4874 688 4929 "0v.
764 4876 815 4930 ic
849 4877 989 4930 Rea.
1015 4877 1057 4930 Ι.
1082 4880 1141 4930 et
1168 4875 1298 4930 Sav.
1324 4873 1452 4929 Bill.
1478 4890 1611 4929 vero
1644 4869 1713 4925 δι’
1739 4870 1820 4928 δν.
1844 4876 1926 4929 Ga

432 4869 546 4945 (90)
575 4869 815 4930 "0v.VSic
845 4869 989 4945 Reg.
1015 4877 1057 4942 Ι,
1082 4880 1141 4930 et
1168 4875 1298 4930 Sav.
1324 4873 1452 4929 Bill.
1478 4869 1611 4929 vero
1644 4869 1717 4945 δι’,
1739 4870 1820 4928 δν.
1844 4874 2018 4930 Gabr.

2053 4810 2101 4875 D
2131 4803 2265 4864 tuti.

2204 4876 2317 4947 (96)
2353 4872 2833 4946 Συνεληλύθαμεν,
2864 4878 2972 4931 etc.
3025 4879 3270 4945 Sancyg.
3325 4874 3395 4947 ad
3447 4872 3571 4947 haec
3618 4873 3794 4931 verba

356 4943 658 5017 ᾧζϐοωὶ).
693 4947 777 5019 sic
805 4943 1030 5002 reddit:
1059 4969 1087 4997 κ
1112 4946 1175 5002 In
1206 4962 1379 5017 quem
1411 4946 1497 5001 sic
1529 4945 1633 5001 tibi
1664 4944 2009 5001 dimicatum
2120 4946 2181 5001 in
2213 4943 2367 5019 mag.
2404 4943 2645 5019 scripsit
2679 4964 2691 5001 :
2720 4943 2751 4995 ἰ
2788 4948 2937 5019 Ergo
2970 4943 3383 5019 habita—estin
3412 4943 3647 5015 publico
3680 4962 3793 5019 coe-

354 5022 467 5081 est,
500 5022 564 5071 ut
595 5035 629 5071 a
656 5018 1034 5075 dimicatione
1064 5034 1412 5076 removeres.
1446 5039 1475 5068 »

2122 5025 2209 5073 tu.
2236 5040 2265 5067 »
2293 5017 2792 5093 scripta—quidem
2827 5017 3181 5093 aCregorio,
3208 5022 3274 5071 ut
3296 5017 3645 5087 haberetur;
3670 5017 3795 5073 dic-

426 5089 541 5164 (91)
572 5091 796 5164 Ὥσπερ.
850 5091 1313 5164 Prestermissum
1369 5088 1638 5164 a__Billio.
1688 5088 1781 5143 Sic
1823 5088 2018 5144 reddit
2125 5088 2843 5164 tatameninon'videtur.

352 5162 579 5233 Optime
606 5161 872 5233 Comma
908 5162 1074 5217 Velut
1104 5161 1214 5217 hoc
1245 5161 1509 5227 consilio,
1544 5178 1637 5233 ne,
1670 5164 1842 5233 aeto.

424 5234 543 5305 (9'3)
571 5233 664 5308 :Ev
695 5232 1021 5308 letiﬁca
1054 5235 1235 5308 igitur
1274 5249 1409 5288 cum
1461 5231 1779 5289 Antiochiae
1820 5248 2013 5288 versa-

353 5297 536 5368 retur,
569 5297 1017 5361 Persis'bellum
1050 5297 1343 5360 illaturus.

566 5375 954 5453 (Pstﬁoutvouq.
972 5378 1163 5453 _Savil,
1186 5372 1554 5453 φειδομένως.

427 5384 543 5512 (93)
566 5384 954 5447 Φειδομὰνους.
989 5384 1163 5447 Savil,
1187 5384 1554 5453 φειδομένως.

450 5444 942 5522 94)-ἶΑλλέ-ὁ-μέν.
972 5450 1103 5504 Bas.
1136 5449 1275 5505 edit.
1310 5448 1473 5503 addit
1514 5443 1639 5522 γάρ,
1676 5446 1832 5517 quod
1884 5445 2013 5501 Bill.

355 5520 414 5571 et
440 5517 617 5571 Savil.
648 5517 956 5589 abjiciunt.

386 5589 542 5669 _(95)
573 5587 843 5715 Ἕῗωποῦ
872 5594 1083 5667 καιροῦ.
1109 5613 1137 5641 ‹‹
1161 5592 1248 5647 Ab
1289 5607 1354 5647 eo
1394 5591 1550 5664 quod
1595 5589 1877 5662 temporis
1925 5607 2016 5644 ras

386 5676 439 5715 ιο
470 5665 642 5715 noctu
672 5665 753 5715 at.
787 5661 1125 5715 excidemus
1174 5681 1189 5715 ι
1247 5686 1268 5713 ι
1322 5662 1481 5715 aliud
1530 5660 1813 5715 nimirum
1843 5677 2016 5715 asen-

353 5660 439 5715 tio
470 5660 753 5732 postulat,
787 5660 1125 5719 excidemus
1174 5681 1189 5719 ι
1247 5686 1268 5713 ι
1322 5660 1481 5720 aliud
1530 5660 1813 5717 nimirum
1843 5677 2020 5733 agen-

355 5736 468 5802 tes,
521 5749 701 5806 quam
753 5734 909 5805 quod
947 5735 1247 5806 temporis,
1279 5733 1705 5807 praesentisque
1732 5742 1820 5789 est
1850 5733 2020 5790 iusti,

2218 5161 2311 5233 97)
2343 5162 2553 5233 Δεήσει.
2600 5162 2896 5219 Nonnulli.
2932 5158 3167 5233 δεήσεσι.

2218 5226 2309 5305 98)
2342 5226 2689 5305 Αἷτοῦμενοι.
2722 5236 2924 5290 Comb.
2972 5226 3061 5285 καὶ
3114 5226 3569 5305 ἀπεκδεχόμενοι,
3621 5253 3651 5281 ‹‹
3701 5237 3787 5295 at-

2127 5321 2240 5377 que
2271 5311 2699 5377 exspectantes.
2743 5329 2771 5356 ))

2200 5378 2306 5448 (99)
2368 5374 2788 5448 Ἐνδυναμοῦντι
2817 5417 2829 5431 .
2868 5376 2985 5448 δίο
3056 5379 3333 5448 (Ῑυειιυοῐχ
3387 5375 3590 5447 Regg.,
3627 5441 3645 5448 _
3670 5374 3785 5430 duo

2127 5441 2313 5511 Colb;
2356 5441 2762 5517 Comb.,'edit.
2813 5447 2945 5503 Ald.
2987 5450 3044 5502 et
3073 5441 3266 5501 'Herv.
3315 5447 3377 5500 In
3437 5441 3566 5501 Pa}.
3623 5441 3784 5501 δυνα-

2176 5539 2341 5573 ουντι’

2132 5540 2461 5663 μοδνῗὶὸσοι
2494 5610 2570 5663 τε,
2604 5591 2742 5663 Reg.
2778 5592 2819 5657 Ι,
2854 5585 3082 5663 addit
3112 5608 3248 5643 τινα.
3284 5589 3420 5660 Reg.
3456 5590 3575 5646 bm.
3609 5588 3787 5644 omis-

2130 5659 2215 5719 sis
2237 5659 2501 5733 vocibus,
2533 5660 2648 5715 ὅσοι
2678 5659 2759 5732 τε,
2802 5663 2995 5719 habet.
3027 5659 3065 5730 ἥ
3107 5680 3249 5714 τινα.
