4110 6404
287 368 408 427 539

1538 373 1603 433 S.
1650 370 2022 433 GREGORII
2066 372 2461 433 THEOLOGI

3588 375 3710 434 840

290 499 630 565 retinemur,
690 502 759 556 ad
823 502 997 558 breve
1051 506 1285 575 tempus
1352 504 1652 575 disjuncti,
1721 502 1935 558 Christi

2070 504 2562 579 ιαρποιρορήσαντες
2614 501 2799 575 α’ίματι
2852 503 2928 575 (2)
2977 502 3043 556 τὰ
3084 500 3218 577 ὑπὲρ
3266 503 3501 579 Χριστοῦ
3529 502 3702 575 πάθη,

293 590 569 662 sanguini
600 590 905 662 passiones
937 609 1039 663 pro
1056 591 1284 647 Christo
1306 593 1740 659 obtulerunt,ob
1766 593 1941 663 idque

292 694 451 733 nunc
480 681 790 735 commode
820 679 963 736 illud
998 681 1187 736 dicere
1217 686 1273 736 et
1304 686 1537 736 cantare
1570 686 1784 752 queant
1809 698 1821 734 :
1842 684 1943 736 Im-

288 768 527 839 posuiin
557 768 803 823 homines
843 785 1011 841 super
1051 772 1233 841 capita
1282 777 1473 825 nostra
1518 790 1536 823 :
1584 769 1943 825 transivimus

288 872 389 928 per
428 858 613 925 ignem
661 860 711 913 et
758 874 964 929 nquam
1010 876 1029 914 :
1077 864 1131 914 et
1175 858 1415 915 eduxisti
1450 875 1548 915 nos
1598 862 1658 915 in
1704 862 1943 930 refrige-

293 947 443 1001 rium
472 947 536 1001 ⁵³.

365 1034 514 1090 VIII.
565 1035 715 1101 Quin
766 1035 1007 1092 alteram
1059 1054 1290 1109 quoque
1339 1042 1563 1111 partem
1610 1039 1679 1093 ad
1729 1039 1943 1093 festum

295 1124 449 1179 diem
483 1125 824 1195 agitandum
856 1143 1016 1193 voco,
1049 1144 1148 1182 eos
1178 1127 1459 1183 nimirum
1493 1127 1593 1198 qui
1645 1144 1779 1183 eum
1814 1127 1943 1181 uni-

294 1230 597 1269 versarum
627 1214 863 1285 quidem
896 1231 1092 1271 rerum
1125 1216 1311 1273 Deum
1340 1219 1945 1288 conﬁteantur,atque

292 1304 576 1358 hactenus
606 1303 804 1359 animo
836 1304 964 1359 sani
996 1306 1136 1371 sint,
1161 1312 1431 1362 caeterum
1466 1308 1535 1362 ad
1572 1307 1945 1379 providentiae

292 1393 546 1447 rationes
578 1392 821 1448 minime
852 1393 951 1449 82
985 1400 1289 1466 penetrant
1315 1414 1327 1463 ;
1361 1413 1491 1467 quae
1513 1396 1858 1467 plerumque
1879 1412 1947 1450 ex

292 1481 598 1537 contrariis
643 1481 887 1538 meliora
934 1490 1227 1555 procurat,
1260 1502 1326 1541 ac
1377 1503 1479 1557 per
1525 1485 1944 1557 benignitatem

292 1572 363 1626 ad
389 1570 856 1642 resipiscentiam
887 1572 1098 1628 invitat
1118 1574 1162 1608 ⁵³
1188 1592 1201 1640 ;
1235 1591 1438 1631 verum
1467 1576 1537 1631 ob
1571 1577 1777 1630 anime
1801 1591 1943 1646 pau-

292 1663 579 1731 pertatem
612 1665 668 1715 et
698 1660 1016 1731 levitatem,
1050 1663 1189 1718 dum
1218 1663 1480 1735 superbit
1512 1665 1731 1735 impius
1761 1664 1818 1719 in
1851 1680 1945 1719 co-

294 1747 701 1820 gitationibus,
733 1748 1129 1806 incenduntur
1158 1753 1202 1785 5‘
1253 1756 1427 1824 atque
1476 1754 1941 1820 inﬂammantur,

293 1854 359 1893 ac
392 1841 761 1908 peccatorum
793 1854 1018 1910 pacem,
1051 1845 1116 1896 ut
1150 1858 1283 1896 cum
1328 1842 1536 1899 Davide
1569 1843 1795 1915 loquar,
1830 1860 1944 1899 non
1976 1875 2024 1939 B

293 1928 492 1983 ferunt
522 1927 585 1995 ⁵⁵,
611 1944 717 1983 nec
735 1927 836 1983 Dei
867 1928 1175 1985 consilium
1207 1936 1539 2003 exspectare
1571 1933 1944 2003 sustinent“,

295 2034 402 2073 nec
423 2018 494 2072 ad
518 2020 845 2072 extremum
869 2034 1057 2088 usque
1079 2019 1254 2074 animi
1278 2020 1611 2092 mquitatem
1637 2026 1945 2093 praestant;

292 2120 498 2161 verum
532 2122 663 2161 cum
696 2108 1084 2177 praesentibus
1115 2108 1288 2164 rebus
1317 2114 1374 2164 et
1404 2110 1462 2165 in
1514 2116 1813 2181 aspectum
1850 2130 1947 2168 ca-

294 2195 570 2251 dentibus
601 2199 880 2266 perpetuo
902 2197 1529 2269 serviant.hujusmodi
1561 2200 1865 2258 miraculis
1886 2202 1945 2257 in

297 2284 543 2340 veritate
573 2284 1017 2341 confirmantur.

366 2372 459 2429 IX.
480 2372 614 2429 Jam
636 2389 734 2428 eas
756 2389 987 2446 quoque
1016 2375 1244 2432 animas
1265 2393 1423 2443 voco,
1447 2394 1574 2450 quae
1605 2379 1947 2451 huiusmodi

295 2467 618 2533 scenam,et
644 2480 926 2535 magnum
958 2464 1069 2521 hoc
1097 2465 1395 2522 theatrum
1428 2469 1499 2523 ad
1526 2473 1824 2541 stuporem
1848 2488 1947 2526 us-

298 2570 413 2627 que
444 2553 752 2621 mirantur,
786 2557 843 2610 et
882 2554 1121 2625 quidem
1168 2555 1263 2611 his
1312 2558 1473 2613 Isaiae
1519 2559 1709 2614 verbis
1756 2576 1768 2614 :
1820 2560 1947 2615 Mu-

296 2644 469 2700 lieres
500 2662 535 2701 a
565 2642 898 2716 spectaculo
927 2645 1247 2717 venientes,
1274 2646 1389 2701 huc
1410 2648 1629 2713 adeste,
1648 2649 1950 2721 animique

296 2734 465 2791 oculo
503 2733 575 2789 ab
622 2738 860 2789 externa
906 2734 1271 2791 oberratione
1318 2738 1559 2792 reducto
1604 2743 1782 2810 atque
1831 2738 1948 2793 col-

296 2824 467 2894 lecto,
500 2828 698 2877 vacate
728 2828 785 2878 et
814 2824 1166 2894 cognoscite,
1196 2825 1475 2895 quoniam
1508 2827 1632 2898 ipse
1653 2834 1741 2883 est
1770 2828 1947 2899 Deus,

299 2912 399 2984 qui
432 2910 720 2967 exaltatur
742 2910 802 2965 in
830 2912 1125 2982 gentibus,
1174 2918 1231 2967 et
1274 2914 1561 2971 exaltatur
1591 2916 1649 2970 in
1699 2921 1852 2971 terra
1882 2918 1946 2986 ⁵⁷,

298 3017 532 3072 semper
559 2999 659 3056 ille
682 3000 920 3071 quidem
953 3000 1012 3055 in
1043 3002 1319 3058 omnibus
1346 3002 1643 3059 miraculis
1674 3009 1730 3060 et
1760 3006 1951 3077 prodi-

213 3108 220 3116 ι
296 3090 431 3162 giis,
474 3105 604 3160 quis
644 3088 799 3157 fecit,
852 3094 912 3145 at
953 3089 1013 3144 in
1062 3092 1449 3162 praesentibus
1492 3092 1708 3149 clarius
1756 3099 1815 3149 et
1860 3112 1951 3150 ex-

297 3178 581 3252 pressius.

2049 596 2135 644 νῦν
2184 591 2244 644 ἂν
2291 591 2461 647 ἐκεῖνο
2513 592 2719 667 λέγοιεν
2769 591 2858 647 καὶ
2906 589 3082 662 ᾅδοιεν
3136 593 3215 665 (3)
3268 591 3319 645 ἐν
3364 594 3559 667 καιρῷ,
3609 593 3698 661 τὸ,

2054 675 2404 742 Ἐπεϐίϐασας
2470 681 2784 756 ἀνθρώπους
2861 680 2947 736 ἐπὶ
3020 681 3115 743 τὰς
3191 680 3428 759 κεφαλὰς
3486 684 3648 755 ἡμῶν
3688 702 3701 715 ·

2053 766 2351 843 διήλθομεν
2386 768 2477 824 διὰ
2499 772 2670 847 πυρὸς
2720 770 2811 825 καὶ
2859 768 3073 833 ὕδατοςο
3115 771 3203 824 καὶ
3254 770 3513 847 ἐξήγαγες
3551 775 3701 845 ἡμᾶς

2052 858 2127 920 είς
2158 860 2465 935 ἀναψυχήν.

2127 1044 2205 1095 Η.
2231 1037 2397 1096 Καλῶ
2430 1039 2517 1093 καὶ
2559 1040 2657 1107 τήν
2708 1037 2889 1113 ἑτέραν
2949 1043 3144 1113 μοῖραν
3194 1038 3271 1099 εἷς
3316 1040 3415 1108 τὴν
3457 1042 3706 1116 πανήγυο

2057 1148 2161 1204 ριν,
2192 1126 2330 1198 ὅσοι,
2362 1128 2453 1182 τὸν
2491 1130 2583 1199 μὲν
2620 1132 2727 1182 τῶν
2778 1126 2922 1182 ὅλων
2972 1126 3378 1202 ὁμολογοῦντες
3430 1130 3580 1201 Θεὸν,
3614 1130 3704 1183 καὶ

2060 1215 2223 1292 μέχρι
2249 1216 2444 1271 τούτου
2473 1217 2600 1278 τοὺς
2644 1216 2947 1291 λογισμοὺς
2995 1220 3070 1289 (4)
3127 1216 3455 1291 ὑγιαίνοντες
3502 1223 3617 1279 τοῖς
3648 1215 3707 1272 δὲ

2053 1313 2155 1375 τῆς
2202 1306 2462 1381 προνοίας
2514 1306 2703 1381 λόγοις
2751 1305 2851 1360 οὐκ
2899 1301 3288 1377 ἐμϐατεύοντες
3337 1307 3433 1381 (5),
3485 1306 3544 1361 ἐκ
3592 1312 3702 1361 τῶν

2056 1395 2308 1450 ἐναντίων
2360 1394 2632 1457 πολλάκις
2679 1395 2746 1449 τὰ
2795 1392 2995 1470 βελτίω
3044 1392 3452 1467 διοικουμένης,
3496 1395 3585 1449 καὶ

2055 1485 2394 1560 χρηστότητι
2453 1483 2912 1557 προκαλουμένης
2973 1485 3049 1557 (6)
3116 1485 3217 1551 τήν
3286 1483 3652 1557 ἐπανόρθωσιν
3688 1533 3705 1557 ,

2056 1572 2202 1630 ἀλλὰ
2233 1573 2321 1628 διὰ
2336 1566 2610 1649 πτωχείαν
2647 1577 2831 1648 ψυχῆς
2863 1573 2951 1627 καὶ
2985 1574 3315 1651 κουφότητα,
3349 1572 3399 1627 ἐν
3430 1578 3508 1644 τῷ
3542 1574 3705 1650 ὑπερ-

2056 1663 2409 1740 ηφανεύεσθαι
2458 1663 2548 1717 τὸν
2603 1657 2766 1730 ἀσεϐῆ
2830 1661 2957 1723 τοὺς
3008 1667 3313 1736 Λογισμοὺς
3344 1707 3357 1730 ,
3409 1663 3705 1736 ἐμπυριζό-

2060 1752 2207 1825 μενοί
2258 1774 2316 1807 τε
2364 1755 2452 1806 καὶ
2501 1751 2904 1824 ἀναπτόμενοι,
2953 1750 3043 1804 καὶ
3096 1750 3312 1827 εἲρήνην
3363 1750 3707 1826 ἁμαρτωλῶν

2056 1842 2116 1896 οὐ
2153 1843 2420 1919 φέροντες,
2454 1843 2483 1896 ’ὀ
2524 1839 2590 1909 δὴ
2639 1840 2801 1919 φησὶν
2836 1842 2863 1894 6
2894 1840 3137 1913 ψαλμὸς,
3188 1838 3299 1894 οὐδ’
3343 1840 3703 1913 ὑπομένοντες

2054 1935 2156 1985 τοῦ
2208 1936 2341 1985 Θεοῦ
2384 1932 2483 1997 τὴν
2540 1929 2771 2005 βουλὴν,
2818 1930 2909 1984 καὶ
2959 1931 3094 2004 πρὸς
3124 1929 3187 1983 τὸ
3234 1929 3401 2005 πέρας
3437 1942 3706 2006 μακροθυ-

2062 2024 2303 2093 μοῦντες·
2338 2017 2529 2073 δοῦλοι
2578 2016 2635 2073 δὲ
2682 2014 2829 2080 ὄντες
2860 2017 2942 2072 ἆεί
2968 2022 3076 2073 τῶν
3131 2018 3444 2091 παρόνντων
3472 2019 3562 2073 καὶ
3590 2024 3699 2073 τῶν

2058 2108 2374 2183 ὁρωμένων,
2426 2113 2540 2170 τοῖς
2586 2107 2855 2169 τοιούτοις
2908 2108 3141 2179 θαύμασι
3196 2101 3537 2183 βεϐαιοῦνται
3565 2107 3699 2181 πρὸς

2054 2200 2155 2267 τήν
2184 2196 2462 2269 ἀλήθειαν.

2127 2378 2196 2431 Θ’.
2231 2374 2396 2431 Καλῶ
2437 2376 2525 2430 καὶ
2555 2376 2651 2438 τὰς
2701 2374 3041 2448 ἐπτοημένας
3089 2375 3269 2452 ψυχὰς
3318 2375 3443 2449 περὶ
3481 2376 3577 2443 τήν
3604 2379 3701 2429 τοῦ

2055 2465 2266 2539 κόσμου
2298 2464 2459 2519 τοῦδε
2488 2466 2693 2535 σκηνὴν
2742 2464 2831 2519 καὶ
2862 2464 2925 2518 τὸ
2960 2465 3094 2539 μέγα
3140 2464 3381 2540 θέατρον·
3415 2468 3503 2519 καί
3551 2462 3704 2518 καλῶ

2056 2577 2119 2630 γε
2174 2561 2290 2617 τοῖς
2358 2553 2576 2609 Ἠσαίου
2637 2554 2843 2630 ῥήμασι
2875 2573 2887 2585 ’
2948 2559 3201 2615 Γυναῖκες
3278 2558 3357 2626 (7)
3412 2553 3705 2629 ἐρχόμεναι

2057 2645 2163 2699 ἀπὸ
2194 2642 2334 2712 θέας,
2370 2642 2541 2715 δεῦτε,
2574 2643 2662 2698 καὶ
2709 2644 2772 2697 τὸ
2811 2649 2914 2711 τῆς
2952 2645 3136 2718 ψυχῆς
3188 2638 3345 2715 ὄμμα
3374 2642 3433 2698 ἐκ
3477 2649 3577 2711 τῆς
3608 2639 3707 2713 ἔξω

2056 2732 2507 2809 περιπλεῖν-ήσεως
2558 2731 2977 2805 ἐπιστρέψασαι,
3029 2730 3332 2807 σχολάσατε
3379 2730 3467 2786 καὶ
3514 2735 3707 2805 γνῶτε,

2058 2822 2140 2877 ὅτι
2192 2822 2351 2884 αὐτός
2400 2822 2540 2877 ἐστιν
2586 2823 2613 2876 6
2662 2822 2813 2892 Θεὸς,
2865 2820 3168 2894 ὑψούμενος
3213 2819 3264 2875 ἐν
3315 2824 3430 2875 τοῖς
3482 2818 3708 2892 ἔθνεσιν,

2059 2911 2366 2986 ὑψούμενος
2417 2913 2467 2966 ἐν
2512 2915 2580 2985 τῇ
2629 2910 2719 2987 γῇ,
2775 2910 2855 2964 ἀεί
2904 2931 3036 2965 ποτε
3085 2910 3136 2965 ἐν
3169 2916 3329 2964 πᾶσιν
3373 2911 3453 2970 οἷς
3486 2908 3712 2979 ἐποίησε

2057 3002 2377 3077 θαυμασίοις
2411 3004 2487 3076 (8)
2533 3000 2620 3055 καὶ
2670 3002 2876 3076 τέρασι,
2908 3000 2996 3055 καὶ
3026 3006 3143 3063 τοῖς
3179 3004 3271 3054 νῦν
3304 2999 3709 3076 ἐναργέστερον.

368 3272 438 3323 Χ.
470 3270 659 3340 Atque
690 3267 918 3323 utinam
948 3266 1047 3323 ille
1076 3284 1308 3340 quoque
1354 3274 1536 3327 coetus
1586 3272 1655 3328 ad
1708 3272 1950 3328 chorum

2138 3276 2197 3331 I’.
2249 3270 2374 3327 Εἴθε
2426 3292 2517 3343 μοι
2568 3272 2650 3343 (9)
2694 3272 2792 3322 τοῦ
2842 3272 3015 3343 χοροῦ
3062 3265 3222 3341 μέρος
3270 3268 3333 3333 ἦν
3381 3263 3592 3318 κάκεῖνο
3643 3264 3705 3316 τὸ

301 3361 570 3413 nostrum
605 3373 666 3413 se
696 3357 1065 3428 adjungeret,
1092 3357 1212 3428 qui,
1244 3374 1377 3414 cum
1429 3361 1591 3432 prius
1621 3363 1952 3417 cantionem

300 3448 763 3519 haudquaquam
787 3445 1175 3501 adulterinam
1209 3452 1383 3520 atque
1413 3450 1730 3521 ignobilem
1762 3452 1953 3507 nobis-

302 3553 433 3590 cum
464 3538 574 3591 Deo
606 3535 916 3605 accineret,
950 3552 1016 3590 ac
1047 3536 1248 3591 dextro
1298 3540 1594 3609 quondam
1626 3541 1832 3596 ordine
1863 3540 1950 3594 di-

301 3643 453 3699 gnus
502 3625 835 3694 haberetur,
887 3628 1063 3696 atque
1111 3627 1308 3693 etiam,
1371 3634 1437 3683 ut
1483 3630 1733 3697 confido,
1792 3630 1952 3686 brevi

300 3715 636 3780 habebitur,
656 3719 758 3769 aut
785 3712 906 3769 scio
937 3732 1053 3787 qua
1091 3732 1150 3771 re
1181 3722 1534 3785 commotus,
1558 3722 1793 3790 repente
1823 3736 1955 3775 can-

301 3805 503 3859 tumin
531 3804 828 3860 diversum
862 3805 1305 3878 mutat,alioque
1335 3808 1521 3879 gradu
1554 3813 1729 3880 atque
1750 3810 1953 3864 ordine

304 3911 432 3950 sese
454 3894 697 3949 collocat
715 3911 728 3949 :
745 3910 811 3950 ac
829 3911 901 3950 ne
921 3896 993 3951 ob
1016 3913 1390 3953 communem
1413 3899 1649 3970 quidem
1670 3898 1955 3966 laatitiam,

306 3984 461 4055 quod
493 3984 668 4038 etiam
702 3985 893 4056 magis
942 3986 1145 4053 miror,
1186 3987 1395 4042 adduci
1431 3993 1621 4059 potest
1664 3992 1729 4042 ut
1760 3987 1956 4043 nobis-

306 4088 441 4126 cum
475 4074 869 4144 conjungatur
900 4089 913 4127 :
947 4076 1087 4143 quin
1130 4076 1324 4147 potius
1367 4076 1639 4148 privatim
1685 4076 1956 4132 choream

307 4162 626 4233 quamdam
676 4179 885 4233 parum
934 4164 1295 4220 modulatam
1346 4183 1413 4222 ac
1476 4183 1849 4222 numerosam
1902 4170 1961 4221 et

306 4249 656 4305 concinnam
706 4249 969 4306 instituit
1001 4270 1013 4307 :
1049 4252 1156 4308 hoc
1188 4254 1341 4308 enim
1380 4254 1521 4309 mihi
1558 4256 1709 4310 bona
1757 4272 1959 4310 eorum

302 4339 474 4394 venia
502 4338 749 4394 fortasse
780 4340 967 4396 dicere
996 4340 1195 4397 licebit
1236 4359 1248 4398 :
1284 4360 1605 4415 quemnam
1645 4349 1863 4413 autem,
1904 4349 1962 4401 et

307 4427 539 4499 qualem
562 4427 590 4482 ?
618 4427 780 4484 zelus
810 4429 1071 4500 quidem,
1106 4435 1170 4485 ut
1199 4432 1414 4501 dicam,
1449 4451 1541 4489 me
1572 4435 1796 4501 incitat,
1818 4436 1962 4493 ﬁdes

306 4522 501 4572 autem
533 4517 744 4573 retinet
777 4535 789 4572 :
826 4535 893 4574 ac
951 4521 1240 4577 sermonis
1290 4522 1621 4579 molestiam
1664 4526 1737 4581 ob
1768 4543 1957 4598 spem,

305 4623 422 4678 qua
451 4608 1120 4681 moveor,comprimam.
1134 4602 1627 4669 Adhucmembra
1647 4630 1777 4670 mea
1797 4616 1959 4675 foveo

2064 3364 2335 3434 σύστημα,
2394 3361 2444 3431 '6,
2499 3358 2590 3413 σὺν
2645 3360 2781 3429 ἡμῖν
2840 3358 2973 3416 τέως
3024 3354 3103 3425 τῷ
3159 3358 3272 3423 Θεῷ
3320 3350 3588 3427 προσᾷδον
3642 3350 3702 3405 ού

2060 3449 2326 3522 κίϐδηλον
2379 3446 2546 3521 ᾠδὴν,
2597 3444 2723 3501 οὐδὲ
2776 3444 3056 3516 ἀδόκιμον,
3107 3440 3252 3497 ἀλλὰ
3280 3442 3369 3495 καὶ
3397 3447 3497 3509 τῆς
3530 3437 3703 3510 δεξιᾶς

2062 3563 2194 3598 ποτε
2234 3542 2469 3599 στάσεως
2520 3536 2858 3609 ἀξιούμενον,
2907 3532 3141 3587 πιστεύω
3194 3528 3269 3602 δὲ,
3319 3530 3401 3585 ὅτι
3449 3529 3539 3584 καὶ
3594 3530 3707 3602 μετ’

2064 3631 2255 3706 ὀλίγον
2290 3626 2747 3699 ἀξιωθησόμενον,
2798 3624 2896 3678 οὐκ
2943 3620 3043 3677 οἶδ’
3076 3624 3104 3676 ’ὁ
3134 3644 3184 3677 τι
3217 3621 3409 3692 παθὸν,
3457 3618 3710 3696 ἐξαίφνης

2067 3717 2459 3795 μεθαρμόζεταί
2511 3737 2569 3770 τε
2635 3715 2724 3769 καὶ
2790 3712 3167 3786 μετατάττεται
3202 3730 3216 3742 ·
3276 3709 3366 3765 καὶ
3427 3706 3551 3763 οὐδὲ
3612 3707 3714 3762 ὑπὸ

2061 3794 2163 3880 τῆς
2202 3794 2392 3876 κοινῆς
2441 3808 2554 3879 (10)
2601 3802 2953 3881 εὐφροσύνης,
2987 3802 3015 3856 ὃ
3047 3802 3136 3856 καὶ
3185 3798 3443 3872 θαυμάζω
3479 3794 3715 3870 μᾶλλον,

2067 3901 2141 3961 εἷς
2170 3898 2360 3953 ταυτὸν
2416 3894 2653 3970 ἔρχεται·
2706 3891 2833 3947 ἀλλ’
2882 3888 3020 3945 ἰδίαν
3067 3889 3282 3958 ’ίστησιν
3328 3888 3427 3943 οὐκ
3456 3884 3721 3962 εὔρυθμόν

2064 4011 2186 4045 τινα
2214 3987 2414 4054 ταύτην
2467 3982 2710 4059 χορείαν,
2766 3979 2891 4035 οὐδὲ
2941 3979 3279 4055 ἐναρμόνιον·
3314 3981 3569 4032 τοσοῦτον
3619 3976 3722 4050 γὰρ

2068 4077 2199 4139 ἴσως
2255 4075 2420 4129 ετ⁷πεῖν
2482 4080 2570 4127 καί
2627 4070 2778 4125 αὐτοὶ
2838 4068 3138 4124 δώσουσιν·
3200 4068 3326 4123 ἀλλ’
3383 4066 3573 4121 ὁποίαν
3631 4064 3720 4118 καὶ

2067 4167 2189 4222 τίνα
2223 4185 2236 4235 ;
2265 4165 2309 4218 εἷ
2358 4163 2446 4217 καὶ
2494 4166 2721 4215 κινεῖται
2776 4154 2953 4233 λέγειν
2989 4158 3016 4211 6
3052 4156 3241 4226 ζῆλος,
3290 4154 3417 4211 ἀλλ’
3454 4157 3489 4223 ἡ
3541 4152 3722 4213 πίστις

2069 4259 2273 4332 κρατεῖ·
2335 4252 2423 4307 καὶ
2474 4250 2675 4319 καθέξω
2731 4253 2827 4301 τοῦ
2886 4246 3051 4321 λόγου
3109 4246 3171 4299 τὸ
3219 4242 3382 4313 ἀηδὲς
3430 4241 3578 4298 αἰδοῖ
3624 4248 3722 4310 τῆς

2071 4329 2316 4406 ἐλπίδος.
2376 4347 2495 4395 Ἔτι
2555 4359 2659 4411 μου
2719 4335 2963 4409 περιέπω
3019 4335 3083 4388 τὰ
3139 4332 3324 4406 μέλ-η’
3386 4329 3462 4387 ἔτι
3522 4330 3725 4403 δίδωμι

2071 4435 2236 4490 πλέον
2268 4432 2337 4507 τῇ
2366 4431 2490 4502 πρὶν
2542 4426 2720 4503 ἀγάπη
2772 4432 2870 4494 τῆς
2916 4423 3195 4500 παρούσης
3246 4422 3582 4497 ὑπεροψίαςο
3633 4420 3724 4474 καὶ

2076 4524 2166 4581 διὰ
2192 4526 2354 4578 τοῦτο
2394 4520 2616 4595 γίνομαι
2667 4513 3167 4591 μακροθυμότερος,
3194 4510 3264 4565 τίν’
3318 4509 3568 4565 ὀνειδίσω
3600 4522 3727 4583 θερ-

2074 4614 2323 4688 μότερον.

304 4700 481 4768 atque
513 4696 909 4769 complector:
939 4698 1130 4754 adhuc
1160 4701 1442 4771 majorem
1495 4703 1758 4774 pristina;
1796 4705 2127 4772 charitatis,
2160 4716 2337 4773 quam
2387 4696 2691 4771 praesentis
2741 4697 3115 4766 contemptus
3167 4690 3455 4747 rationem
3484 4690 3670 4745 habeo
3704 4706 3718 4756 ;

303 4791 479 4859 atque
506 4786 723 4842 idcirco
758 4786 1036 4843 leniorem
1068 4804 1163 4843 me
1192 4790 1443 4862 praebeo,
1477 4796 1543 4846 ut
1568 4793 1762 4849 acrius
1797 4801 2000 4866 postea
2027 4800 2085 4852 et
2111 4788 2429 4849 ferventius
2460 4789 2791 4858 objurgem.

374 4922 418 4957 ⁶²
448 4919 603 4977 Psal.
638 4939 764 4990 va,
801 4922 886 4977 12.
964 4924 1009 4958 ⁵³
1040 4923 1199 4979 Rom.
1235 4941 1297 4992 ιι,
1332 4926 1383 4979 4.
1463 4925 1506 4961 ⁵⁸
1538 4926 1686 4982 Psal.
1717 4945 1792 4992 IX,
1825 4928 1915 4983 23.

2070 4924 2218 4982 Psal.
2254 4939 2424 4988 Lxxn,
2456 4921 2510 4975 3.
2588 4919 2631 4953 ⁵⁸
2664 4915 2816 4972 Psal.
2849 4933 2940 4984 cv,
2975 4916 3063 4969 13.
3141 4914 3184 4948 ⁵⁷
3225 4911 3376 4968 Psal.
3408 4929 3535 4981 XLV,
3568 4914 3656 4968 11.

483 5060 727 5143 ςᾼῖίματι.
760 5067 1045 5143 Quilibet,
1069 5072 1137 5143 et
1166 5067 1224 5121 in
1256 5085 1357 5123 ora
1389 5070 1522 5143 Reg.
1556 5070 1598 5136 Ι,
1632 5070 1882 5143 ὀνόματι.

374 5138 453 5214 (3.)
476 5133 740 5214 ξᾼδοιενᾷ
758 5141 943 5214 ᾔδεε..
969 5133 1037 5205 a,
1068 5141 1123 5206 b,
1157 5144 1214 5214 et
1400 5144 1450 5209 1,
1473 5133 1743 5214 “habent,
1784 5139 1961 5196 ἅδοιεν

374 5156 453 5203 (ό)
509 5156 723 5204 ᾼοοιεν.
758 5156 875 5211 ueg
924 5157 1021 5205 .a,
1068 5156 1123 5206 ι),
1157 5156 1214 5195 et
1260 5156 1355 5197 UI‘.
1400 5156 1450 5209 1,

305 5205 674 5285 και-λέγοιενζ
702 5210 850 5264 Edit.
879 5156 1096 5285 ﬁéymsv
1118 5211 1218 5285 ,καὶ
1252 5208 1451 5281 ᾅδοιεν.

309 5347 333 5401 ἐ
376 5276 615 5363 (4)133»:
658 5276 982 5353 λογισμούςί
1035 5283 1196 5338 Colb.
1228 5276 1271 5338 6'
1311 5290 1368 5340 et
1415 5286 1799 5342 Combeﬁsius
1846 5289 1963 5346 τοῖς

341 5370 625 5409 μγισμοις.

341 5371 625 5424 μγισμοις.

488 5414 930 5499 Ἐμϐατεύοντες.
993 5426 1132 5499 Reg.
1182 5428 1303 5495 bm,
1364 5427 1526 5485 Colb.
1577 5430 1610 5483 3
1658 5434 1713 5483 et
1761 5430 1961 5484 Comb.

305 5489 332 5542 ἒ
341 5486 732 5560 μϐοἱτεύσαντες
744 5533 755 5545 .

384 5564 457 5632 (6)
516 5560 1001 5635 Προκαλουμένης.
1075 5568 1318 5625 Videtur
1381 5571 1671 5643 interpres
1728 5570 1960 5642 legisse,

390 5629 821 5698 οσκαλουμένης,
854 5644 917 5692 ut
946 5639 1121 5694 habet
1151 5641 1289 5698 Reg.
1325 5644 1521 5698 codex.

310 5651 821 5702 προσκαικουμενης,
854 5651 917 5692 ut
946 5651 1121 5694 habet
1151 5651 1289 5714 Heg.
1325 5651 1521 5698 codex.

384 5703 462 5773 (7)
504 5706 775 5763 Γυναῖκες.
831 5730 858 5758 ‹‹
912 5709 1182 5767 Mulieres
1237 5714 1547 5785 opulenter,
1605 5713 1848 5786 surgite,
1908 5717 1965 5767 et

2075 5069 2273 5125 audite
2301 5079 2500 5121 vocem
2554 5078 2787 5129 meam;
2837 5060 2971 5115 ﬁlias
3021 5057 3403 5123 conﬁdentes,
3453 5057 3731 5129 percipite

2076 5141 2319 5197 auribus
2349 5134 2649 5205 eloquium
2686 5149 2900 5188 meum.
2936 5154 2964 5182 »
2999 5131 3091 5187 Sic
3124 5130 3183 5184 in
3219 5131 3328 5184 lsa.
3357 5131 3617 5205 πρίω-9.

2149 5213 2222 5282 (8)
2253 5201 2727 5282 Θαυμασίοιςκεὶο
2756 5210 2875 5260 tres
2909 5205 3112 5276 Regg.,
3136 5206 3325 5272 Pass.,
3357 5202 3495 5257 edit.
3531 5201 3731 5256 Bas.et

2074 5277 2275 5339 Comb.
2301 5277 2411 5355 βᾶ.
2446 5280 2574 5334 Bar.
2611 5277 2905 5355 θαύμασιε,
3061 5346 3074 5355 .
3108 5345 3117 5355 ,
3154 5344 3201 5355 -.
3278 5343 3289 5354 .
3488 5344 3498 5355 .

2147 5356 2223 5426 (9)
2255 5350 2382 5415 Εἴθε
2416 5371 2531 5426 μοι,
2566 5344 2814 5426 οιοηιῇα
2850 5345 3122 5403 Monachi
3154 5344 3503 5426 Nazianzeni
3533 5348 3736 5426 ttumna

2076 5414 2245 5482 Patre
2275 5414 2550 5496 Gregorio
2581 5422 2754 5497 divisi
2780 5439 2795 5489 ;
2824 5435 2956 5497 non
2980 5434 3155 5497 _ver_o_
3177 5415 3396 5497 Ariani,
3444 5417 3545 5497 qui
3588 5414 3733 5497 nulli

2075 5502 2242 5553 erant
2269 5486 2637 5566 Nazianzeni,
2670 5493 2754 5549 uti
2784 5486 3071 5565 gloriatur
3092 5486 3566 5559 Theologusfhic
3596 5494 3736 5543 sunt

2073 5567 2462 5640 intelligendi.

2146 5629 2513 5711 (1Ο)”Κοινῆς.
2566 5638 2653 5692 Ita
2700 5636 2877 5707 Regg.
2928 5633 2987 5699 b,
3040 5631 3081 5703 l,
3134 5629 3293 5687 Colb.
3345 5631 3399 5684 3.
3459 5630 3515 5698 6,
3566 5631 3730 5698 Pass,

2074 5717 2246 5769 Deest
2272 5712 2333 5767 in
2362 5712 2501 5768 edit.
2534 5714 2666 5766 Par.
