  <div class='ocr_page' id='page_1' title='image "/cluster/home/n/w/nwhite01/storage/ocr_20150623/35:no.1/coo.31924054869320/276.png"; bbox 0 0 4110 6404; ppageno 0'>
   <div class='ocr_carea' id='block_1_1' title="bbox 407 367 522 426">
    <p class='ocr_par' dir='ltr' id='par_1_1' title="bbox 407 367 522 426">
     <span class='ocr_line' id='line_1_1' title="bbox 407 367 522 426; baseline 0 -1"><span class='ocrx_word' id='word_1_1' title='bbox 407 367 522 426; x_wconf 76' lang='grc'>541</span> 
     </span>
    </p>
   </div>
   <div class='ocr_carea' id='block_1_2' title="bbox 1404 360 2838 433">
    <p class='ocr_par' dir='ltr' id='par_1_2' title="bbox 1404 360 2838 433">
     <span class='ocr_line' id='line_1_2' title="bbox 1404 360 2838 433; baseline 0.002 -8"><span class='ocrx_word' id='word_1_2' title='bbox 1404 364 1697 427; x_wconf 75' lang='lat' dir='ltr'>ORATIO</span> <span class='ocrx_word' id='word_1_3' title='bbox 1739 366 1847 428; x_wconf 78' lang='lat' dir='ltr'>IV.</span> <span class='ocrx_word' id='word_1_4' title='bbox 1884 395 1955 411; x_wconf 75' lang='grc' dir='ltr'>-ο</span> <span class='ocrx_word' id='word_1_5' title='bbox 1987 360 2299 430; x_wconf 81' lang='lat' dir='ltr'>CONTRA</span> <span class='ocrx_word' id='word_1_6' title='bbox 2340 367 2746 433; x_wconf 83' lang='lat' dir='ltr'><strong>JULIANUM</strong></span> <span class='ocrx_word' id='word_1_7' title='bbox 2789 368 2838 429; x_wconf 92' lang='grc' dir='ltr'>Ι.</span> 
     </span>
    </p>
   </div>
   <div class='ocr_carea' id='block_1_3' title="bbox 3715 363 3835 422">
    <p class='ocr_par' dir='ltr' id='par_1_3' title="bbox 3715 363 3835 422">
     <span class='ocr_line' id='line_1_3' title="bbox 3715 363 3835 422; baseline 0 0"><span class='ocrx_word' id='word_1_8' title='bbox 3715 363 3835 422; x_wconf 80' lang='lat'>542</span> 
     </span>
    </p>
   </div>
   <div class='ocr_carea' id='block_1_4' title="bbox 478 492 2067 569">
    <p class='ocr_par' dir='ltr' id='par_1_4' title="bbox 478 492 2064 569">
     <span class='ocr_line' id='line_1_4' title="bbox 478 492 2064 569; baseline 0 -17"><span class='ocrx_word' id='word_1_9' title='bbox 478 495 588 554; x_wconf 79' lang='lat' dir='ltr'>IA&#39;.</span> <span class='ocrx_word' id='word_1_10' title='bbox 622 492 766 551; x_wconf 92' lang='grc' dir='ltr'>Μίαν</span> <span class='ocrx_word' id='word_1_11' title='bbox 805 497 1021 568; x_wconf 81' lang='grc' dir='ltr'>μοῖραν,</span> <span class='ocrx_word' id='word_1_12' title='bbox 1053 492 1107 547; x_wconf 82' lang='grc' dir='ltr'>ἓν</span> <span class='ocrx_word' id='word_1_13' title='bbox 1140 495 1331 569; x_wconf 76' lang='grc' dir='ltr'>ψυχῶν</span> <span class='ocrx_word' id='word_1_14' title='bbox 1372 495 1528 569; x_wconf 72' lang='grc' dir='ltr'>γένος</span> <span class='ocrx_word' id='word_1_15' title='bbox 1571 494 1934 569; x_wconf 88' lang='grc' dir='ltr'>ἀποκηρύττω</span> <span class='ocrx_word' id='word_1_16' title='bbox 1964 501 2064 567; x_wconf 74' lang='grc' dir='ltr'>τῆς</span> 
     </span>
    </p>
   </div>
   <div class='ocr_carea' id='block_1_5' title="bbox 2185 492 3831 569">
    <p class='ocr_par' dir='ltr' id='par_1_5' title="bbox 2252 496 3831 568">
     <span class='ocr_line' id='line_1_5' title="bbox 2252 496 3831 568; baseline -0.003 -12"><span class='ocrx_word' id='word_1_17' title='bbox 2252 501 2342 557; x_wconf 88' lang='lat' dir='ltr'>XI.</span> <span class='ocrx_word' id='word_1_18' title='bbox 2378 502 2565 559; x_wconf 95' lang='lat' dir='ltr'>Unam</span> <span class='ocrx_word' id='word_1_19' title='bbox 2597 502 2868 567; x_wconf 82' lang='lat' dir='ltr'>classem,</span> <span class='ocrx_word' id='word_1_20' title='bbox 2899 514 3085 554; x_wconf 91' lang='lat' dir='ltr'>unum</span> <span class='ocrx_word' id='word_1_21' title='bbox 3134 497 3471 552; x_wconf 89' lang='lat' dir='ltr'>animarum</span> <span class='ocrx_word' id='word_1_22' title='bbox 3519 513 3706 568; x_wconf 91' lang='lat' dir='ltr'>genus</span> <span class='ocrx_word' id='word_1_23' title='bbox 3758 496 3831 551; x_wconf 93' lang='lat' dir='ltr'>ab</span> 
     </span>
    </p>
   </div>
   <div class='ocr_carea' id='block_1_6' title="bbox 407 581 2069 659">
    <p class='ocr_par' dir='ltr' id='par_1_6' title="bbox 407 581 2069 659">
     <span class='ocr_line' id='line_1_6' title="bbox 407 581 2069 659; baseline 0.001 -20"><span class='ocrx_word' id='word_1_24' title='bbox 407 583 794 659; x_wconf 76' lang='grc' dir='ltr'>πανηγύρεως,</span> <span class='ocrx_word' id='word_1_25' title='bbox 829 581 1026 636; x_wconf 81' lang='grc' dir='ltr'>στένων</span> <span class='ocrx_word' id='word_1_26' title='bbox 1065 582 1157 655; x_wconf 68' lang='grc' dir='ltr'>μὲν</span> <span class='ocrx_word' id='word_1_27' title='bbox 1189 582 1276 636; x_wconf 72' lang='grc' dir='ltr'>καὶ</span> <span class='ocrx_word' id='word_1_28' title='bbox 1325 582 1527 657; x_wconf 82' lang='grc' dir='ltr'>ἀλγῶν,</span> <span class='ocrx_word' id='word_1_29' title='bbox 1558 584 1647 638; x_wconf 85' lang='grc' dir='ltr'>καὶ</span> <span class='ocrx_word' id='word_1_30' title='bbox 1692 583 1819 639; x_wconf 75' lang='grc' dir='ltr'>οὐδὲ</span> <span class='ocrx_word' id='word_1_31' title='bbox 1848 586 2069 641; x_wconf 70' lang='grc' dir='ltr'>ἐπαῖον-</span> 
     </span>
    </p>
   </div>
   <div class='ocr_carea' id='block_1_7' title="bbox 406 668 2070 747">
    <p class='ocr_par' dir='ltr' id='par_1_7' title="bbox 406 668 2070 747">
     <span class='ocr_line' id='line_1_7' title="bbox 406 668 2070 747; baseline 0.008 -28"><span class='ocrx_word' id='word_1_32' title='bbox 406 695 503 736; x_wconf 79' lang='grc' dir='ltr'>τας</span> <span class='ocrx_word' id='word_1_33' title='bbox 532 675 645 747; x_wconf 78' lang='grc'>(11)</span> <span class='ocrx_word' id='word_1_34' title='bbox 688 669 825 732; x_wconf 67' lang='grc' dir='ltr'>’ίσως</span> <span class='ocrx_word' id='word_1_35' title='bbox 874 672 1106 744; x_wconf 85' lang='grc' dir='ltr'>πενθῶν,</span> <span class='ocrx_word' id='word_1_36' title='bbox 1161 668 1274 725; x_wconf 81' lang='grc' dir='ltr'>οὐδ’</span> <span class='ocrx_word' id='word_1_37' title='bbox 1325 671 1745 745; x_wconf 70' lang='grc' dir='ltr'>αἰσθανομένους</span> <span class='ocrx_word' id='word_1_38' title='bbox 1792 683 1894 745; x_wconf 78' lang='grc' dir='ltr'>τῆς</span> <span class='ocrx_word' id='word_1_39' title='bbox 1949 677 2070 731; x_wconf 76' lang='grc' dir='ltr'>ἐαυ-</span> 
     </span>
    </p>
   </div>
   <div class='ocr_carea' id='block_1_8' title="bbox 411 757 2067 841">
    <p class='ocr_par' dir='ltr' id='par_1_8' title="bbox 411 757 2067 841">
     <span class='ocr_line' id='line_1_8' title="bbox 411 757 2067 841; baseline 0 -23"><span class='ocrx_word' id='word_1_40' title='bbox 411 769 519 819; x_wconf 91' lang='grc' dir='ltr'>τῶν</span> <span class='ocrx_word' id='word_1_41' title='bbox 554 759 829 823; x_wconf 82' lang='grc' dir='ltr'>ἀπωλείας</span> <span class='ocrx_word' id='word_1_42' title='bbox 880 757 1309 836; x_wconf 81' lang='grc' dir='ltr'>ἀποδυρόμενος·</span> <span class='ocrx_word' id='word_1_43' title='bbox 1343 765 1505 815; x_wconf 73' lang='grc' dir='ltr'>τοῦτο</span> <span class='ocrx_word' id='word_1_44' title='bbox 1556 762 1657 839; x_wconf 77' lang='grc' dir='ltr'>γὰρ</span> <span class='ocrx_word' id='word_1_45' title='bbox 1707 771 1807 832; x_wconf 85' lang='grc' dir='ltr'>τῆς</span> <span class='ocrx_word' id='word_1_46' title='bbox 1846 762 2067 841; x_wconf 77' lang='grc' dir='ltr'>πληγῆς</span> 
     </span>
    </p>
   </div>
   <div class='ocr_carea' id='block_1_9' title="bbox 413 848 2066 927">
    <p class='ocr_par' dir='ltr' id='par_1_9' title="bbox 413 848 2066 927">
     <span class='ocr_line' id='line_1_9' title="bbox 413 848 2066 927; baseline 0.001 -20"><span class='ocrx_word' id='word_1_47' title='bbox 413 853 589 907; x_wconf 77' lang='grc' dir='ltr'>αὐτῶν</span> <span class='ocrx_word' id='word_1_48' title='bbox 646 851 707 906; x_wconf 86' lang='grc' dir='ltr'>τὸ</span> <span class='ocrx_word' id='word_1_49' title='bbox 757 848 1146 923; x_wconf 78' lang='grc' dir='ltr'>ἐλεεινότατον·</span> <span class='ocrx_word' id='word_1_50' title='bbox 1208 850 1570 926; x_wconf 84' lang='grc' dir='ltr'>ἀποκηρύττω</span> <span class='ocrx_word' id='word_1_51' title='bbox 1629 849 1676 906; x_wconf 85' lang='grc' dir='ltr'>δ’</span> <span class='ocrx_word' id='word_1_52' title='bbox 1733 851 1911 925; x_wconf 82' lang='grc' dir='ltr'>ὅμως,</span> <span class='ocrx_word' id='word_1_53' title='bbox 1972 856 2066 927; x_wconf 83' lang='grc' dir='ltr'>οἳ,</span> 
     </span>
    </p>
   </div>
   <div class='ocr_carea' id='block_1_10' title="bbox 414 937 2067 1016">
    <p class='ocr_par' dir='ltr' id='par_1_10' title="bbox 414 937 2067 1016">
     <span class='ocr_line' id='line_1_10' title="bbox 414 937 2067 1016; baseline 0 -20"><span class='ocrx_word' id='word_1_54' title='bbox 414 939 697 1016; x_wconf 79' lang='grc' dir='ltr'>σπαρέντες</span> <span class='ocrx_word' id='word_1_55' title='bbox 728 938 829 993; x_wconf 84' lang='grc' dir='ltr'>οὐκ</span> <span class='ocrx_word' id='word_1_56' title='bbox 877 937 965 993; x_wconf 84' lang='grc' dir='ltr'>ἐπὶ</span> <span class='ocrx_word' id='word_1_57' title='bbox 1014 938 1115 1007; x_wconf 77' lang='grc' dir='ltr'>τὴν</span> <span class='ocrx_word' id='word_1_58' title='bbox 1158 937 1373 1013; x_wconf 80' lang='grc' dir='ltr'>στερεὰν</span> <span class='ocrx_word' id='word_1_59' title='bbox 1432 938 1629 1014; x_wconf 74' lang='grc' dir='ltr'>πέτραν</span> <span class='ocrx_word' id='word_1_60' title='bbox 1680 940 1769 993; x_wconf 79' lang='grc' dir='ltr'>καὶ</span> <span class='ocrx_word' id='word_1_61' title='bbox 1803 938 2067 1013; x_wconf 80' lang='grc' dir='ltr'>ἄσειστον,</span> 
     </span>
    </p>
   </div>
   <div class='ocr_carea' id='block_1_11' title="bbox 417 1024 2071 1105">
    <p class='ocr_par' dir='ltr' id='par_1_11' title="bbox 417 1024 2071 1105">
     <span class='ocr_line' id='line_1_11' title="bbox 417 1024 2071 1105; baseline 0 -20"><span class='ocrx_word' id='word_1_62' title='bbox 417 1028 542 1085; x_wconf 86' lang='grc' dir='ltr'>ἀλλ’</span> <span class='ocrx_word' id='word_1_63' title='bbox 574 1030 659 1085; x_wconf 77' lang='grc' dir='ltr'>ἐπὶ</span> <span class='ocrx_word' id='word_1_64' title='bbox 688 1030 788 1098; x_wconf 80' lang='grc' dir='ltr'>τὴν</span> <span class='ocrx_word' id='word_1_65' title='bbox 822 1028 988 1103; x_wconf 82' lang='grc' dir='ltr'>ξηράν</span> <span class='ocrx_word' id='word_1_66' title='bbox 1016 1048 1074 1082; x_wconf 91' lang='grc' dir='ltr'>τε</span> <span class='ocrx_word' id='word_1_67' title='bbox 1103 1027 1194 1082; x_wconf 83' lang='grc' dir='ltr'>καὶ</span> <span class='ocrx_word' id='word_1_68' title='bbox 1244 1024 1463 1102; x_wconf 76' lang='grc' dir='ltr'>ἄγονον·</span> <span class='ocrx_word' id='word_1_69' title='bbox 1500 1026 1599 1082; x_wconf 81' lang='grc' dir='ltr'>εἷ’σὶ</span> <span class='ocrx_word' id='word_1_70' title='bbox 1637 1026 1694 1083; x_wconf 74' lang='grc' dir='ltr'>δὲ</span> <span class='ocrx_word' id='word_1_71' title='bbox 1724 1030 1776 1083; x_wconf 78' lang='grc' dir='ltr'>οἱ</span> <span class='ocrx_word' id='word_1_72' title='bbox 1804 1033 1884 1100; x_wconf 78' lang='grc' dir='ltr'>τῷ</span> <span class='ocrx_word' id='word_1_73' title='bbox 1915 1029 2071 1105; x_wconf 85' lang='grc' dir='ltr'>λόγῳ</span> 
     </span>
    </p>
   </div>
   <div class='ocr_carea' id='block_1_12' title="bbox 413 1115 2069 1195">
    <p class='ocr_par' dir='ltr' id='par_1_12' title="bbox 413 1115 2069 1195">
     <span class='ocr_line' id='line_1_12' title="bbox 413 1115 2069 1195; baseline 0.001 -21"><span class='ocrx_word' id='word_1_74' title='bbox 413 1117 802 1195; x_wconf 77' lang='grc' dir='ltr'>προσελθόντες</span> <span class='ocrx_word' id='word_1_75' title='bbox 845 1115 1185 1179; x_wconf 81' lang='grc' dir='ltr'>ἐπιπολαίως</span> <span class='ocrx_word' id='word_1_76' title='bbox 1232 1117 1321 1172; x_wconf 82' lang='grc' dir='ltr'>καὶ</span> <span class='ocrx_word' id='word_1_77' title='bbox 1374 1116 1736 1193; x_wconf 82' lang='grc' dir='ltr'>ὀλιγόπιστοι,</span> <span class='ocrx_word' id='word_1_78' title='bbox 1769 1120 1859 1173; x_wconf 81' lang='grc' dir='ltr'>καὶ</span> <span class='ocrx_word' id='word_1_79' title='bbox 1891 1116 1979 1174; x_wconf 75' lang='grc' dir='ltr'>διὰ</span> <span class='ocrx_word' id='word_1_80' title='bbox 2009 1122 2069 1175; x_wconf 90' lang='grc' dir='ltr'>τὸ</span> 
     </span>
    </p>
   </div>
   <div class='ocr_carea' id='block_1_13' title="bbox 416 1204 2069 1283">
    <p class='ocr_par' dir='ltr' id='par_1_13' title="bbox 416 1204 2069 1283">
     <span class='ocr_line' id='line_1_13' title="bbox 416 1204 2069 1283; baseline 0.001 -20"><span class='ocrx_word' id='word_1_81' title='bbox 416 1211 491 1282; x_wconf 83' lang='grc' dir='ltr'>μὴ</span> <span class='ocrx_word' id='word_1_82' title='bbox 551 1205 700 1283; x_wconf 76' lang='grc' dir='ltr'>ἔχειν</span> <span class='ocrx_word' id='word_1_83' title='bbox 762 1206 926 1283; x_wconf 84' lang='grc' dir='ltr'>βάθος</span> <span class='ocrx_word' id='word_1_84' title='bbox 990 1212 1118 1282; x_wconf 79' lang='grc' dir='ltr'>γῆς,</span> <span class='ocrx_word' id='word_1_85' title='bbox 1183 1204 1379 1269; x_wconf 76' lang='grc' dir='ltr'>εὐθέως</span> <span class='ocrx_word' id='word_1_86' title='bbox 1442 1206 1874 1277; x_wconf 80' lang='grc' dir='ltr'>ἐξανατείλαντες</span> <span class='ocrx_word' id='word_1_87' title='bbox 1908 1254 1921 1279; x_wconf 91' lang='grc'>,</span> <span class='ocrx_word' id='word_1_88' title='bbox 1979 1209 2069 1264; x_wconf 80' lang='grc' dir='ltr'>καὶ</span> 
     </span>
    </p>
   </div>
   <div class='ocr_carea' id='block_1_14' title="bbox 411 1292 2067 1373">
    <p class='ocr_par' dir='ltr' id='par_1_14' title="bbox 411 1292 2067 1373">
     <span class='ocr_line' id='line_1_14' title="bbox 411 1292 2067 1373; baseline 0.001 -20"><span class='ocrx_word' id='word_1_89' title='bbox 411 1298 788 1373; x_wconf 72' lang='grc' dir='ltr'>προκύψαντες</span> <span class='ocrx_word' id='word_1_90' title='bbox 838 1298 971 1369; x_wconf 82' lang='grc'>(12),</span> <span class='ocrx_word' id='word_1_91' title='bbox 1014 1292 1108 1349; x_wconf 73' lang='grc' dir='ltr'>’ίνα</span> <span class='ocrx_word' id='word_1_92' title='bbox 1154 1301 1270 1357; x_wconf 84' lang='grc' dir='ltr'>τοῖς</span> <span class='ocrx_word' id='word_1_93' title='bbox 1316 1293 1549 1363; x_wconf 81' lang='grc' dir='ltr'>πλησίον</span> <span class='ocrx_word' id='word_1_94' title='bbox 1619 1297 1880 1373; x_wconf 82' lang='grc' dir='ltr'>ἀρέσωσιν</span> <span class='ocrx_word' id='word_1_95' title='bbox 1932 1301 2067 1372; x_wconf 78' lang='grc'>(43),</span> 
     </span>
    </p>
   </div>
   <div class='ocr_carea' id='block_1_15' title="bbox 415 1381 2068 1461">
    <p class='ocr_par' dir='ltr' id='par_1_15' title="bbox 415 1381 2068 1461">
     <span class='ocr_line' id='line_1_15' title="bbox 415 1381 2068 1461; baseline -0.001 -21"><span class='ocrx_word' id='word_1_96' title='bbox 415 1384 601 1441; x_wconf 79' lang='grc' dir='ltr'>ἔπειτα</span> <span class='ocrx_word' id='word_1_97' title='bbox 653 1385 755 1439; x_wconf 83' lang='grc' dir='ltr'>ὑπὸ</span> <span class='ocrx_word' id='word_1_98' title='bbox 818 1382 1076 1460; x_wconf 85' lang='grc' dir='ltr'>βραχείας</span> <span class='ocrx_word' id='word_1_99' title='bbox 1131 1387 1229 1439; x_wconf 75' lang='grc' dir='ltr'>τοῦ</span> <span class='ocrx_word' id='word_1_100' title='bbox 1303 1389 1546 1460; x_wconf 75' lang='grc' dir='ltr'>πονηροῦ</span> <span class='ocrx_word' id='word_1_101' title='bbox 1602 1381 1922 1461; x_wconf 81' lang='grc' dir='ltr'>προσϐολῆς</span> <span class='ocrx_word' id='word_1_102' title='bbox 1979 1386 2068 1440; x_wconf 88' lang='grc' dir='ltr'>καὶ</span> 
     </span>
    </p>
   </div>
   <div class='ocr_carea' id='block_1_16' title="bbox 420 1472 2070 1549">
    <p class='ocr_par' dir='ltr' id='par_1_16' title="bbox 420 1472 2070 1549">
     <span class='ocr_line' id='line_1_16' title="bbox 420 1472 2070 1549; baseline 0 -20"><span class='ocrx_word' id='word_1_103' title='bbox 420 1473 614 1549; x_wconf 81' lang='grc' dir='ltr'>ὀλίγου</span> <span class='ocrx_word' id='word_1_104' title='bbox 671 1477 987 1549; x_wconf 81' lang='grc' dir='ltr'>πειρασμῶν</span> <span class='ocrx_word' id='word_1_105' title='bbox 1031 1472 1309 1535; x_wconf 75' lang='grc' dir='ltr'>καύσωνος</span> <span class='ocrx_word' id='word_1_106' title='bbox 1368 1476 1502 1547; x_wconf 87' lang='grc'>(14),</span> <span class='ocrx_word' id='word_1_107' title='bbox 1563 1473 1919 1549; x_wconf 83' lang='grc' dir='ltr'>ἐξηράνθησαν</span> <span class='ocrx_word' id='word_1_108' title='bbox 1980 1475 2070 1531; x_wconf 81' lang='grc' dir='ltr'>καὶ</span> 
     </span>
    </p>
   </div>
   <div class='ocr_carea' id='block_1_17' title="bbox 420 1560 2069 1639">
    <p class='ocr_par' dir='ltr' id='par_1_17' title="bbox 420 1560 2069 1639">
     <span class='ocr_line' id='line_1_17' title="bbox 420 1560 2069 1639; baseline 0 -20"><span class='ocrx_word' id='word_1_109' title='bbox 420 1564 708 1621; x_wconf 83' lang='grc' dir='ltr'>ἀπέθανον.</span> <span class='ocrx_word' id='word_1_110' title='bbox 762 1562 859 1616; x_wconf 83' lang='grc' dir='ltr'>Καὶ</span> <span class='ocrx_word' id='word_1_111' title='bbox 906 1562 1112 1617; x_wconf 87' lang='grc' dir='ltr'>τούτων</span> <span class='ocrx_word' id='word_1_112' title='bbox 1165 1560 1243 1617; x_wconf 80' lang='grc' dir='ltr'>ἔτι</span> <span class='ocrx_word' id='word_1_113' title='bbox 1274 1561 1518 1639; x_wconf 79' lang='grc' dir='ltr'>χείρους,</span> <span class='ocrx_word' id='word_1_114' title='bbox 1550 1563 1639 1618; x_wconf 82' lang='grc' dir='ltr'>καὶ</span> <span class='ocrx_word' id='word_1_115' title='bbox 1685 1562 1896 1636; x_wconf 74' lang='grc' dir='ltr'>μάλλον</span> <span class='ocrx_word' id='word_1_116' title='bbox 1930 1564 2069 1619; x_wconf 85' lang='grc' dir='ltr'>ἀπο-</span> 
     </span>
    </p>
   </div>
   <div class='ocr_carea' id='block_1_18' title="bbox 417 1649 2071 1729">
    <p class='ocr_par' dir='ltr' id='par_1_18' title="bbox 417 1649 2071 1729">
     <span class='ocr_line' id='line_1_18' title="bbox 417 1649 2071 1729; baseline 0.001 -22"><span class='ocrx_word' id='word_1_117' title='bbox 417 1651 707 1729; x_wconf 80' lang='grc' dir='ltr'>κηρυκτὲοι</span> <span class='ocrx_word' id='word_1_118' title='bbox 754 1658 854 1721; x_wconf 82' lang='grc' dir='ltr'>τῆς</span> <span class='ocrx_word' id='word_1_119' title='bbox 906 1650 1289 1725; x_wconf 76' lang='grc' dir='ltr'>πανηγύρεως,</span> <span class='ocrx_word' id='word_1_120' title='bbox 1342 1651 1459 1706; x_wconf 80' lang='grc' dir='ltr'>ὅσοι</span> <span class='ocrx_word' id='word_1_121' title='bbox 1513 1649 1655 1724; x_wconf 73' lang='grc' dir='ltr'>μηδὲ</span> <span class='ocrx_word' id='word_1_122' title='bbox 1696 1654 1833 1729; x_wconf 85' lang='grc' dir='ltr'>πρὸς</span> <span class='ocrx_word' id='word_1_123' title='bbox 1883 1653 2071 1729; x_wconf 79' lang='grc' dir='ltr'>ὀλίγον</span> 
     </span>
    </p>
   </div>
   <div class='ocr_carea' id='block_1_19' title="bbox 416 1736 2071 1818">
    <p class='ocr_par' dir='ltr' id='par_1_19' title="bbox 416 1736 2071 1818">
     <span class='ocr_line' id='line_1_19' title="bbox 416 1736 2071 1818; baseline 0.001 -21"><span class='ocrx_word' id='word_1_124' title='bbox 416 1736 714 1811; x_wconf 74' lang='grc' dir='ltr'>ἀντέϐησαν</span> <span class='ocrx_word' id='word_1_125' title='bbox 769 1745 849 1812; x_wconf 78' lang='grc' dir='ltr'>τῷ</span> <span class='ocrx_word' id='word_1_126' title='bbox 898 1744 1093 1815; x_wconf 81' lang='grc' dir='ltr'>καιρῷ,</span> <span class='ocrx_word' id='word_1_127' title='bbox 1144 1740 1381 1802; x_wconf 84' lang='grc' dir='ltr'>καὶτοῖς</span> <span class='ocrx_word' id='word_1_128' title='bbox 1420 1741 1518 1810; x_wconf 76' lang='grc' dir='ltr'>τὴν</span> <span class='ocrx_word' id='word_1_129' title='bbox 1568 1743 1738 1810; x_wconf 80' lang='grc' dir='ltr'>κακὴν</span> <span class='ocrx_word' id='word_1_130' title='bbox 1773 1741 2071 1818; x_wconf 74' lang='grc' dir='ltr'>αἰχμαλω-</span> 
     </span>
    </p>
   </div>
   <div class='ocr_carea' id='block_1_20' title="bbox 415 1826 2070 1906">
    <p class='ocr_par' dir='ltr' id='par_1_20' title="bbox 415 1826 2070 1906">
     <span class='ocr_line' id='line_1_20' title="bbox 415 1826 2070 1906; baseline 0.001 -20"><span class='ocrx_word' id='word_1_131' title='bbox 415 1831 529 1886; x_wconf 85' lang='grc' dir='ltr'>σίαν</span> <span class='ocrx_word' id='word_1_132' title='bbox 586 1833 735 1903; x_wconf 77' lang='grc' dir='ltr'>ἡμᾶς</span> <span class='ocrx_word' id='word_1_133' title='bbox 786 1828 1290 1906; x_wconf 82' lang='grc' dir='ltr'>αίχμαλωτίζουσιν</span> <span class='ocrx_word' id='word_1_134' title='bbox 1348 1831 1452 1885; x_wconf 86' lang='grc' dir='ltr'>ἀπὸ</span> <span class='ocrx_word' id='word_1_135' title='bbox 1508 1836 1605 1885; x_wconf 77' lang='grc' dir='ltr'>τοῦ</span> <span class='ocrx_word' id='word_1_136' title='bbox 1653 1826 1944 1894; x_wconf 89' lang='grc' dir='ltr'>ἀναϐάντος</span> <span class='ocrx_word' id='word_1_137' title='bbox 1996 1833 2070 1895; x_wconf 81' lang='grc' dir='ltr'>εἰς</span> 
     </span>
    </p>
   </div>
   <div class='ocr_carea' id='block_1_21' title="bbox 416 1917 2071 1995">
    <p class='ocr_par' dir='ltr' id='par_1_21' title="bbox 416 1917 2071 1995">
     <span class='ocr_line' id='line_1_21' title="bbox 416 1917 2071 1995; baseline 0.001 -20"><span class='ocrx_word' id='word_1_138' title='bbox 416 1920 573 1995; x_wconf 68' lang='grc' dir='ltr'>ὕψος,</span> <span class='ocrx_word' id='word_1_139' title='bbox 632 1920 723 1974; x_wconf 83' lang='grc' dir='ltr'>καὶ</span> <span class='ocrx_word' id='word_1_140' title='bbox 780 1918 964 1980; x_wconf 86' lang='grc' dir='ltr'>καλῶς</span> <span class='ocrx_word' id='word_1_141' title='bbox 1023 1919 1168 1992; x_wconf 78' lang='grc' dir='ltr'>ἡμὰς</span> <span class='ocrx_word' id='word_1_142' title='bbox 1227 1917 1783 1995; x_wconf 79' lang='grc' dir='ltr'>αἰχμαλωτίσαντος·</span> <span class='ocrx_word' id='word_1_143' title='bbox 1837 1920 1962 1977; x_wconf 85' lang='grc' dir='ltr'>ἀλλ’</span> <span class='ocrx_word' id='word_1_144' title='bbox 2012 1923 2071 1977; x_wconf 86' lang='grc' dir='ltr'>ἐκ</span> 
     </span>
    </p>
   </div>
   <div class='ocr_carea' id='block_1_22' title="bbox 415 2006 2072 2085">
    <p class='ocr_par' dir='ltr' id='par_1_22' title="bbox 415 2006 2072 2085">
     <span class='ocr_line' id='line_1_22' title="bbox 415 2006 2072 2085; baseline 0.002 -22"><span class='ocrx_word' id='word_1_145' title='bbox 415 2009 725 2083; x_wconf 79' lang='grc' dir='ltr'>περιουσίας</span> <span class='ocrx_word' id='word_1_146' title='bbox 757 2006 1019 2085; x_wconf 74' lang='grc' dir='ltr'>ἐφάνησαν</span> <span class='ocrx_word' id='word_1_147' title='bbox 1053 2009 1287 2084; x_wconf 87' lang='grc' dir='ltr'>πονηροί</span> <span class='ocrx_word' id='word_1_148' title='bbox 1318 2030 1375 2064; x_wconf 88' lang='grc' dir='ltr'>τε</span> <span class='ocrx_word' id='word_1_149' title='bbox 1405 2010 1493 2064; x_wconf 82' lang='grc' dir='ltr'>καὶ</span> <span class='ocrx_word' id='word_1_150' title='bbox 1524 2006 1716 2066; x_wconf 63' lang='grc' dir='ltr'>εὔωνοι</span> <span class='ocrx_word' id='word_1_151' title='bbox 1761 2014 1895 2085; x_wconf 87' lang='grc'>(15),</span> <span class='ocrx_word' id='word_1_152' title='bbox 1946 2012 2072 2068; x_wconf 75' lang='grc' dir='ltr'>οὐδὲ</span> 
     </span>
    </p>
   </div>
   <div class='ocr_carea' id='block_1_23' title="bbox 416 2095 2071 2174">
    <p class='ocr_par' dir='ltr' id='par_1_23' title="bbox 416 2095 2071 2174">
     <span class='ocr_line' id='line_1_23' title="bbox 416 2095 2071 2174; baseline 0.002 -21"><span class='ocrx_word' id='word_1_153' title='bbox 416 2100 553 2174; x_wconf 86' lang='grc' dir='ltr'>πρὸς</span> <span class='ocrx_word' id='word_1_154' title='bbox 586 2097 777 2173; x_wconf 87' lang='grc' dir='ltr'>ὀλίγον</span> <span class='ocrx_word' id='word_1_155' title='bbox 814 2096 1177 2173; x_wconf 83' lang='grc' dir='ltr'>ἀντισχόντες,</span> <span class='ocrx_word' id='word_1_156' title='bbox 1213 2095 1339 2152; x_wconf 71' lang='grc' dir='ltr'>οὐδὲ</span> <span class='ocrx_word' id='word_1_157' title='bbox 1370 2100 1669 2174; x_wconf 69' lang='grc' dir='ltr'>γενομένης</span> <span class='ocrx_word' id='word_1_158' title='bbox 1707 2101 1853 2162; x_wconf 86' lang='grc' dir='ltr'>τινὸς</span> <span class='ocrx_word' id='word_1_159' title='bbox 1885 2102 2071 2164; x_wconf 75' lang='grc' dir='ltr'>αὐτοῖς</span> 
     </span>
    </p>
   </div>
   <div class='ocr_carea' id='block_1_24' title="bbox 414 2184 2071 2264">
    <p class='ocr_par' dir='ltr' id='par_1_24' title="bbox 414 2184 2071 2264">
     <span class='ocr_line' id='line_1_24' title="bbox 414 2184 2071 2264; baseline 0.001 -21"><span class='ocrx_word' id='word_1_160' title='bbox 414 2187 678 2261; x_wconf 83' lang='grc' dir='ltr'>θλίψεως,</span> <span class='ocrx_word' id='word_1_161' title='bbox 711 2187 746 2256; x_wconf 72' lang='grc' dir='ltr'>ἢ</span> <span class='ocrx_word' id='word_1_162' title='bbox 780 2191 1105 2261; x_wconf 77' lang='grc' dir='ltr'>πειρασμοῦ,</span> <span class='ocrx_word' id='word_1_163' title='bbox 1141 2184 1230 2241; x_wconf 76' lang='grc' dir='ltr'>διὰ</span> <span class='ocrx_word' id='word_1_164' title='bbox 1257 2187 1347 2241; x_wconf 88' lang='grc' dir='ltr'>τὸν</span> <span class='ocrx_word' id='word_1_165' title='bbox 1396 2188 1571 2264; x_wconf 90' lang='grc' dir='ltr'>Λόγον</span> <span class='ocrx_word' id='word_1_166' title='bbox 1622 2192 1734 2264; x_wconf 84' lang='grc'>(16)</span> <span class='ocrx_word' id='word_1_167' title='bbox 1782 2188 2071 2246; x_wconf 85' lang='grc' dir='ltr'>σκανδαλι-</span> 
     </span>
    </p>
   </div>
   <div class='ocr_carea' id='block_1_25' title="bbox 416 2274 2069 2355">
    <p class='ocr_par' dir='ltr' id='par_1_25' title="bbox 416 2274 2069 2355">
     <span class='ocr_line' id='line_1_25' title="bbox 416 2274 2069 2355; baseline 0.002 -24"><span class='ocrx_word' id='word_1_168' title='bbox 416 2278 651 2345; x_wconf 85' lang='grc' dir='ltr'>σθέντες,</span> <span class='ocrx_word' id='word_1_169' title='bbox 698 2274 845 2331; x_wconf 83' lang='grc' dir='ltr'>ἀλλά</span> <span class='ocrx_word' id='word_1_170' title='bbox 892 2275 1229 2352; x_wconf 82' lang='grc' dir='ltr'>προσκαίρου</span> <span class='ocrx_word' id='word_1_171' title='bbox 1275 2275 1532 2351; x_wconf 82' lang='grc' dir='ltr'>κέρδους,</span> <span class='ocrx_word' id='word_1_172' title='bbox 1580 2280 1615 2348; x_wconf 83' lang='grc' dir='ltr'>ἢ</span> <span class='ocrx_word' id='word_1_173' title='bbox 1673 2279 1976 2355; x_wconf 85' lang='grc' dir='ltr'>θεραπείας,</span> <span class='ocrx_word' id='word_1_174' title='bbox 2034 2281 2069 2349; x_wconf 75' lang='grc' dir='ltr'><strong>ἢ</strong></span> 
     </span>
    </p>
   </div>
   <div class='ocr_carea' id='block_1_26' title="bbox 421 2362 2071 2445">
    <p class='ocr_par' dir='ltr' id='par_1_26' title="bbox 421 2362 2071 2445">
     <span class='ocr_line' id='line_1_26' title="bbox 421 2362 2071 2445; baseline 0.002 -25"><span class='ocrx_word' id='word_1_175' title='bbox 421 2364 731 2427; x_wconf 83' lang='grc' dir='ltr'>δυναστείας</span> <span class='ocrx_word' id='word_1_176' title='bbox 768 2370 986 2441; x_wconf 77' lang='grc' dir='ltr'>μικρᾶς,</span> <span class='ocrx_word' id='word_1_177' title='bbox 1037 2366 1091 2420; x_wconf 80' lang='grc' dir='ltr'>οἱ</span> <span class='ocrx_word' id='word_1_178' title='bbox 1141 2362 1372 2421; x_wconf 85' lang='grc' dir='ltr'>δείλαιοι</span> <span class='ocrx_word' id='word_1_179' title='bbox 1411 2368 1511 2436; x_wconf 75' lang='grc' dir='ltr'>τὴν</span> <span class='ocrx_word' id='word_1_180' title='bbox 1563 2368 1766 2423; x_wconf 73' lang='grc' dir='ltr'>ἑαυτῶν</span> <span class='ocrx_word' id='word_1_181' title='bbox 1801 2368 2071 2445; x_wconf 87' lang='grc' dir='ltr'>σωτηρίαν</span> 
     </span>
    </p>
   </div>
   <div class='ocr_carea' id='block_1_27' title="bbox 422 2452 930 2527">
    <p class='ocr_par' dir='ltr' id='par_1_27' title="bbox 422 2452 930 2527">
     <span class='ocr_line' id='line_1_27' title="bbox 422 2452 930 2527; baseline -0.004 -18"><span class='ocrx_word' id='word_1_182' title='bbox 422 2452 720 2527; x_wconf 80' lang='grc' dir='ltr'>ἀπεμπολή</span> <span class='ocrx_word' id='word_1_183' title='bbox 730 2474 930 2515; x_wconf 91' lang='grc' dir='ltr'>σαντες.</span> 
     </span>
    </p>
   </div>
   <div class='ocr_carea' id='block_1_28' title="bbox 2181 586 3831 658">
    <p class='ocr_par' dir='ltr' id='par_1_28' title="bbox 2181 586 3831 658">
     <span class='ocr_line' id='line_1_28' title="bbox 2181 586 3831 658; baseline -0.002 -13"><span class='ocrx_word' id='word_1_184' title='bbox 2181 590 2290 646; x_wconf 91' lang='lat' dir='ltr'>hac</span> <span class='ocrx_word' id='word_1_185' title='bbox 2317 590 2443 647; x_wconf 71' lang='lat' dir='ltr'>laeta</span> <span class='ocrx_word' id='word_1_186' title='bbox 2476 590 2811 646; x_wconf 83' lang='lat' dir='ltr'>celebritate</span> <span class='ocrx_word' id='word_1_187' title='bbox 2842 587 3048 644; x_wconf 86' lang='lat' dir='ltr'>abdico</span> <span class='ocrx_word' id='word_1_188' title='bbox 3077 590 3252 658; x_wconf 89' lang='lat' dir='ltr'>atque</span> <span class='ocrx_word' id='word_1_189' title='bbox 3284 586 3561 657; x_wconf 89' lang='lat' dir='ltr'>propello,</span> <span class='ocrx_word' id='word_1_190' title='bbox 3589 602 3831 657; x_wconf 84' lang='lat' dir='ltr'>gemens</span> 
     </span>
    </p>
   </div>
   <div class='ocr_carea' id='block_1_29' title="bbox 2181 676 3835 750">
    <p class='ocr_par' dir='ltr' id='par_1_29' title="bbox 2181 676 3835 750">
     <span class='ocr_line' id='line_1_29' title="bbox 2181 676 3835 750; baseline -0.003 -16"><span class='ocrx_word' id='word_1_191' title='bbox 2181 681 2419 750; x_wconf 87' lang='lat' dir='ltr'>quidem</span> <span class='ocrx_word' id='word_1_192' title='bbox 2450 685 2506 736; x_wconf 91' lang='lat' dir='ltr'>et</span> <span class='ocrx_word' id='word_1_193' title='bbox 2536 680 2758 745; x_wconf 83' lang='lat' dir='ltr'>dolens,</span> <span class='ocrx_word' id='word_1_194' title='bbox 2795 694 2899 734; x_wconf 91' lang='lat' dir='ltr'>nec</span> <span class='ocrx_word' id='word_1_195' title='bbox 2929 677 3214 749; x_wconf 82' lang='lat' dir='ltr'>gemitum</span> <span class='ocrx_word' id='word_1_196' title='bbox 3270 676 3414 731; x_wconf 89' lang='lat' dir='ltr'>forte</span> <span class='ocrx_word' id='word_1_197' title='bbox 3461 677 3700 745; x_wconf 91' lang='lat' dir='ltr'>(meum)</span> <span class='ocrx_word' id='word_1_198' title='bbox 3732 691 3835 729; x_wconf 84' lang='lat' dir='ltr'>au-</span> 
     </span>
    </p>
   </div>
   <div class='ocr_carea' id='block_1_30' title="bbox 2179 764 3839 837">
    <p class='ocr_par' dir='ltr' id='par_1_30' title="bbox 2179 764 3839 837">
     <span class='ocr_line' id='line_1_30' title="bbox 2179 764 3839 837; baseline -0.002 -14"><span class='ocrx_word' id='word_1_199' title='bbox 2179 769 2427 837; x_wconf 85' lang='lat' dir='ltr'>dientes,</span> <span class='ocrx_word' id='word_1_200' title='bbox 2463 786 2568 824; x_wconf 91' lang='lat' dir='ltr'>nec</span> <span class='ocrx_word' id='word_1_201' title='bbox 2599 769 2842 824; x_wconf 83' lang='lat' dir='ltr'>exitium</span> <span class='ocrx_word' id='word_1_202' title='bbox 2875 784 3051 822; x_wconf 90' lang='lat' dir='ltr'>suum</span> <span class='ocrx_word' id='word_1_203' title='bbox 3095 765 3413 821; x_wconf 81' lang='lat' dir='ltr'>sentientes</span> <span class='ocrx_word' id='word_1_204' title='bbox 3446 764 3687 819; x_wconf 87' lang='lat' dir='ltr'>deﬂens.</span> <span class='ocrx_word' id='word_1_205' title='bbox 3722 764 3839 819; x_wconf 91' lang='lat' dir='ltr'>Hoc</span> 
     </span>
    </p>
   </div>
   <div class='ocr_carea' id='block_1_31' title="bbox 2180 852 3838 929">
    <p class='ocr_par' dir='ltr' id='par_1_31' title="bbox 2180 852 3838 929">
     <span class='ocr_line' id='line_1_31' title="bbox 2180 852 3838 929; baseline -0.003 -17"><span class='ocrx_word' id='word_1_206' title='bbox 2180 857 2335 912; x_wconf 91' lang='lat' dir='ltr'>enim</span> <span class='ocrx_word' id='word_1_207' title='bbox 2369 862 2545 913; x_wconf 72' lang='lat' dir='ltr'>totius</span> <span class='ocrx_word' id='word_1_208' title='bbox 2572 876 2775 913; x_wconf 87' lang='lat' dir='ltr'>eorum</span> <span class='ocrx_word' id='word_1_209' title='bbox 2808 857 2989 929; x_wconf 70' lang='lat' dir='ltr'>plagas</span> <span class='ocrx_word' id='word_1_210' title='bbox 3033 855 3287 911; x_wconf 82' lang='lat' dir='ltr'>maxime</span> <span class='ocrx_word' id='word_1_211' title='bbox 3337 852 3671 908; x_wconf 85' lang='lat' dir='ltr'>miserabile</span> <span class='ocrx_word' id='word_1_212' title='bbox 3704 857 3792 908; x_wconf 88' lang='lat' dir='ltr'>est</span> <span class='ocrx_word' id='word_1_213' title='bbox 3824 870 3838 921; x_wconf 91' lang='lat'><strong>;</strong></span> 
     </span>
    </p>
   </div>
   <div class='ocr_carea' id='block_1_32' title="bbox 2184 941 3835 1017">
    <p class='ocr_par' dir='ltr' id='par_1_32' title="bbox 2184 941 3835 1017">
     <span class='ocr_line' id='line_1_32' title="bbox 2184 941 3835 1017; baseline -0.002 -16"><span class='ocrx_word' id='word_1_214' title='bbox 2184 948 2287 1002; x_wconf 89' lang='lat' dir='ltr'>sed</span> <span class='ocrx_word' id='word_1_215' title='bbox 2311 952 2508 1003; x_wconf 89' lang='lat' dir='ltr'>tamen</span> <span class='ocrx_word' id='word_1_216' title='bbox 2533 948 2866 1014; x_wconf 87' lang='lat' dir='ltr'>abdico,eos</span> <span class='ocrx_word' id='word_1_217' title='bbox 2894 943 3234 1017; x_wconf 89' lang='lat' dir='ltr'>nempe,qui</span> <span class='ocrx_word' id='word_1_218' title='bbox 3259 960 3375 998; x_wconf 93' lang='lat' dir='ltr'>non</span> <span class='ocrx_word' id='word_1_219' title='bbox 3399 959 3578 1014; x_wconf 84' lang='lat' dir='ltr'>supra</span> <span class='ocrx_word' id='word_1_220' title='bbox 3601 941 3835 997; x_wconf 86' lang='lat' dir='ltr'>ﬁrmam</span> 
     </span>
    </p>
   </div>
   <div class='ocr_carea' id='block_1_33' title="bbox 2180 1030 3837 1108">
    <p class='ocr_par' dir='ltr' id='par_1_33' title="bbox 2180 1030 3837 1108">
     <span class='ocr_line' id='line_1_33' title="bbox 2180 1030 3837 1108; baseline -0.003 -18"><span class='ocrx_word' id='word_1_221' title='bbox 2180 1041 2238 1090; x_wconf 88' lang='lat' dir='ltr'>et</span> <span class='ocrx_word' id='word_1_222' title='bbox 2267 1037 2539 1092; x_wconf 84' lang='lat' dir='ltr'>stabilem</span> <span class='ocrx_word' id='word_1_223' title='bbox 2572 1042 2819 1108; x_wconf 88' lang='lat' dir='ltr'>petram,</span> <span class='ocrx_word' id='word_1_224' title='bbox 2854 1036 2953 1091; x_wconf 90' lang='lat' dir='ltr'>sed</span> <span class='ocrx_word' id='word_1_225' title='bbox 2983 1050 3163 1105; x_wconf 88' lang='lat' dir='ltr'>supra</span> <span class='ocrx_word' id='word_1_226' title='bbox 3210 1032 3428 1088; x_wconf 88' lang='lat' dir='ltr'>siccam</span> <span class='ocrx_word' id='word_1_227' title='bbox 3474 1036 3531 1085; x_wconf 91' lang='lat' dir='ltr'>et</span> <span class='ocrx_word' id='word_1_228' title='bbox 3578 1030 3837 1086; x_wconf 88' lang='lat' dir='ltr'>sterilem</span> 
     </span>
    </p>
   </div>
   <div class='ocr_carea' id='block_1_34' title="bbox 2181 1120 3837 1193">
    <p class='ocr_par' dir='ltr' id='par_1_34' title="bbox 2181 1120 3837 1193">
     <span class='ocr_line' id='line_1_34' title="bbox 2181 1120 3837 1193; baseline -0.005 -11"><span class='ocrx_word' id='word_1_229' title='bbox 2181 1127 2454 1182; x_wconf 86' lang='lat' dir='ltr'>seminati</span> <span class='ocrx_word' id='word_1_230' title='bbox 2485 1127 2548 1181; x_wconf 82' lang='grc'>⁵⁸.</span> <span class='ocrx_word' id='word_1_231' title='bbox 2584 1126 2649 1181; x_wconf 85' lang='lat' dir='ltr'>Hi</span> <span class='ocrx_word' id='word_1_232' title='bbox 2680 1132 2876 1181; x_wconf 92' lang='lat' dir='ltr'>autem</span> <span class='ocrx_word' id='word_1_233' title='bbox 2911 1133 3049 1179; x_wconf 87' lang='lat' dir='ltr'>sunt</span> <span class='ocrx_word' id='word_1_234' title='bbox 3078 1124 3178 1177; x_wconf 76' lang='lat'>88</span> <span class='ocrx_word' id='word_1_235' title='bbox 3229 1121 3331 1193; x_wconf 88' lang='lat' dir='ltr'>qui</span> <span class='ocrx_word' id='word_1_236' title='bbox 3373 1120 3577 1175; x_wconf 88' lang='lat' dir='ltr'>leviter</span> <span class='ocrx_word' id='word_1_237' title='bbox 3623 1137 3688 1175; x_wconf 91' lang='lat' dir='ltr'>ac</span> <span class='ocrx_word' id='word_1_238' title='bbox 3736 1124 3837 1175; x_wconf 89' lang='lat' dir='ltr'>de-</span> 
     </span>
    </p>
   </div>
   <div class='ocr_carea' id='block_1_35' title="bbox 2182 1213 3836 1287">
    <p class='ocr_par' dir='ltr' id='par_1_35' title="bbox 2182 1213 3836 1287">
     <span class='ocr_line' id='line_1_35' title="bbox 2182 1213 3836 1287; baseline -0.002 -18"><span class='ocrx_word' id='word_1_239' title='bbox 2182 1215 2469 1271; x_wconf 89' lang='lat' dir='ltr'>functorie</span> <span class='ocrx_word' id='word_1_240' title='bbox 2501 1216 2571 1271; x_wconf 88' lang='lat' dir='ltr'>ad</span> <span class='ocrx_word' id='word_1_241' title='bbox 2596 1215 2831 1287; x_wconf 88' lang='lat' dir='ltr'>pietatis</span> <span class='ocrx_word' id='word_1_242' title='bbox 2863 1213 3193 1269; x_wconf 85' lang='lat' dir='ltr'>doctrinam</span> <span class='ocrx_word' id='word_1_243' title='bbox 3218 1214 3615 1275; x_wconf 86' lang='lat' dir='ltr'>accesserunt,</span> <span class='ocrx_word' id='word_1_244' title='bbox 3658 1214 3836 1281; x_wconf 89' lang='lat' dir='ltr'>atque</span> 
     </span>
    </p>
   </div>
   <div class='ocr_carea' id='block_1_36' title="bbox 2180 1298 3839 1377">
    <p class='ocr_par' dir='ltr' id='par_1_36' title="bbox 2180 1298 3839 1377">
     <span class='ocr_line' id='line_1_36' title="bbox 2180 1298 3839 1377; baseline -0.004 -18"><span class='ocrx_word' id='word_1_245' title='bbox 2180 1304 2390 1376; x_wconf 87' lang='lat' dir='ltr'>exigua</span> <span class='ocrx_word' id='word_1_246' title='bbox 2420 1304 2533 1359; x_wconf 81' lang='lat' dir='ltr'>ﬁde</span> <span class='ocrx_word' id='word_1_247' title='bbox 2565 1303 2791 1377; x_wconf 82' lang='lat' dir='ltr'>praediti</span> <span class='ocrx_word' id='word_1_248' title='bbox 2823 1307 2979 1370; x_wconf 90' lang='lat' dir='ltr'>sunt,</span> <span class='ocrx_word' id='word_1_249' title='bbox 3000 1303 3139 1373; x_wconf 91' lang='lat' dir='ltr'>quia</span> <span class='ocrx_word' id='word_1_250' title='bbox 3168 1300 3315 1355; x_wconf 89' lang='lat' dir='ltr'>altas</span> <span class='ocrx_word' id='word_1_251' title='bbox 3337 1300 3398 1354; x_wconf 91' lang='lat' dir='ltr'>in</span> <span class='ocrx_word' id='word_1_252' title='bbox 3429 1303 3584 1354; x_wconf 88' lang='lat' dir='ltr'>terra</span> <span class='ocrx_word' id='word_1_253' title='bbox 3615 1298 3839 1353; x_wconf 88' lang='lat' dir='ltr'>radices</span> 
     </span>
    </p>
   </div>
   <div class='ocr_carea' id='block_1_37' title="bbox 2182 1387 3839 1466">
    <p class='ocr_par' dir='ltr' id='par_1_37' title="bbox 2182 1387 3839 1466">
     <span class='ocr_line' id='line_1_37' title="bbox 2182 1387 3839 1466; baseline -0.005 -18"><span class='ocrx_word' id='word_1_254' title='bbox 2182 1410 2296 1449; x_wconf 91' lang='lat' dir='ltr'>non</span> <span class='ocrx_word' id='word_1_255' title='bbox 2343 1398 2601 1466; x_wconf 86' lang='lat' dir='ltr'>egerant,</span> <span class='ocrx_word' id='word_1_256' title='bbox 2654 1392 2961 1448; x_wconf 85' lang='lat' dir='ltr'>confestim</span> <span class='ocrx_word' id='word_1_257' title='bbox 3013 1389 3196 1446; x_wconf 82' lang='lat' dir='ltr'>exorti</span> <span class='ocrx_word' id='word_1_258' title='bbox 3266 1392 3425 1459; x_wconf 86' lang='lat' dir='ltr'>sunt,</span> <span class='ocrx_word' id='word_1_259' title='bbox 3485 1404 3551 1443; x_wconf 87' lang='lat' dir='ltr'>ac</span> <span class='ocrx_word' id='word_1_260' title='bbox 3610 1387 3839 1458; x_wconf 87' lang='lat' dir='ltr'>prospi-</span> 
     </span>
    </p>
   </div>
   <div class='ocr_carea' id='block_1_38' title="bbox 2181 1473 3838 1552">
    <p class='ocr_par' dir='ltr' id='par_1_38' title="bbox 2181 1473 3838 1552">
     <span class='ocr_line' id='line_1_38' title="bbox 2181 1473 3838 1552; baseline -0.004 -17"><span class='ocrx_word' id='word_1_261' title='bbox 2181 1481 2421 1552; x_wconf 85' lang='lat' dir='ltr'>cientes,</span> <span class='ocrx_word' id='word_1_262' title='bbox 2454 1485 2520 1535; x_wconf 88' lang='lat' dir='ltr'>ut</span> <span class='ocrx_word' id='word_1_263' title='bbox 2552 1480 2678 1535; x_wconf 89' lang='lat' dir='ltr'>aliis</span> <span class='ocrx_word' id='word_1_264' title='bbox 2708 1479 3024 1552; x_wconf 89' lang='lat' dir='ltr'>placerent,</span> <span class='ocrx_word' id='word_1_265' title='bbox 3057 1481 3258 1549; x_wconf 89' lang='lat' dir='ltr'>postea</span> <span class='ocrx_word' id='word_1_266' title='bbox 3279 1476 3350 1531; x_wconf 91' lang='lat' dir='ltr'>ad</span> <span class='ocrx_word' id='word_1_267' title='bbox 3381 1476 3614 1530; x_wconf 90' lang='lat' dir='ltr'>brevem</span> <span class='ocrx_word' id='word_1_268' title='bbox 3634 1478 3691 1529; x_wconf 92' lang='lat' dir='ltr'>et</span> <span class='ocrx_word' id='word_1_269' title='bbox 3720 1473 3838 1529; x_wconf 80' lang='lat' dir='ltr'>exi-</span> 
     </span>
    </p>
   </div>
   <div class='ocr_carea' id='block_1_39' title="bbox 2181 1564 3835 1643">
    <p class='ocr_par' dir='ltr' id='par_1_39' title="bbox 2181 1564 3835 1643">
     <span class='ocr_line' id='line_1_39' title="bbox 2181 1564 3835 1643; baseline -0.005 -18"><span class='ocrx_word' id='word_1_270' title='bbox 2181 1586 2363 1643; x_wconf 91' lang='lat' dir='ltr'>guum</span> <span class='ocrx_word' id='word_1_271' title='bbox 2396 1569 2611 1625; x_wconf 89' lang='lat' dir='ltr'>diaboli</span> <span class='ocrx_word' id='word_1_272' title='bbox 2666 1570 2981 1635; x_wconf 86' lang='lat' dir='ltr'>assultum,</span> <span class='ocrx_word' id='word_1_273' title='bbox 3034 1582 3397 1639; x_wconf 86' lang='lat' dir='ltr'>parvumque</span> <span class='ocrx_word' id='word_1_274' title='bbox 3446 1564 3835 1620; x_wconf 86' lang='lat' dir='ltr'>tentationum</span> 
     </span>
    </p>
   </div>
   <div class='ocr_carea' id='block_1_40' title="bbox 2182 1653 3835 1725">
    <p class='ocr_par' dir='ltr' id='par_1_40' title="bbox 2182 1653 3835 1725">
     <span class='ocr_line' id='line_1_40' title="bbox 2182 1653 3835 1725; baseline -0.005 -10"><span class='ocrx_word' id='word_1_275' title='bbox 2182 1664 2389 1715; x_wconf 66' lang='lat' dir='ltr'>aestum</span> <span class='ocrx_word' id='word_1_276' title='bbox 2421 1663 2774 1715; x_wconf 60' lang='lat' dir='ltr'>eraruerunt</span> <span class='ocrx_word' id='word_1_277' title='bbox 2794 1662 2852 1713; x_wconf 91' lang='lat' dir='ltr'>et</span> <span class='ocrx_word' id='word_1_278' title='bbox 2874 1657 3121 1713; x_wconf 86' lang='lat' dir='ltr'>emortui</span> <span class='ocrx_word' id='word_1_279' title='bbox 3154 1659 3313 1711; x_wconf 88' lang='lat' dir='ltr'>sunt.</span> <span class='ocrx_word' id='word_1_280' title='bbox 3337 1657 3523 1725; x_wconf 88' lang='lat' dir='ltr'>Atque</span> <span class='ocrx_word' id='word_1_281' title='bbox 3546 1653 3638 1708; x_wconf 87' lang='lat' dir='ltr'>his</span> <span class='ocrx_word' id='word_1_282' title='bbox 3658 1653 3835 1709; x_wconf 89' lang='lat' dir='ltr'>etiam</span> 
     </span>
    </p>
   </div>
   <div class='ocr_carea' id='block_1_41' title="bbox 2184 1741 3827 1819">
    <p class='ocr_par' dir='ltr' id='par_1_41' title="bbox 2184 1741 3827 1819">
     <span class='ocr_line' id='line_1_41' title="bbox 2184 1741 3827 1819; baseline -0.005 -16"><span class='ocrx_word' id='word_1_283' title='bbox 2184 1748 2373 1803; x_wconf 91' lang='lat' dir='ltr'>adhuc</span> <span class='ocrx_word' id='word_1_284' title='bbox 2421 1749 2674 1819; x_wconf 88' lang='lat' dir='ltr'>pejores,</span> <span class='ocrx_word' id='word_1_285' title='bbox 2717 1747 3026 1819; x_wconf 82' lang='lat' dir='ltr'>magisque</span> <span class='ocrx_word' id='word_1_286' title='bbox 3078 1745 3150 1799; x_wconf 87' lang='lat' dir='ltr'>ab</span> <span class='ocrx_word' id='word_1_287' title='bbox 3199 1743 3307 1799; x_wconf 89' lang='lat' dir='ltr'>hoc</span> <span class='ocrx_word' id='word_1_288' title='bbox 3355 1743 3545 1797; x_wconf 90' lang='lat' dir='ltr'>fausto</span> <span class='ocrx_word' id='word_1_289' title='bbox 3594 1746 3651 1797; x_wconf 91' lang='lat' dir='ltr'>et</span> <span class='ocrx_word' id='word_1_290' title='bbox 3697 1741 3827 1795; x_wconf 73' lang='lat' dir='ltr'>laeto</span> 
     </span>
    </p>
   </div>
   <div class='ocr_carea' id='block_1_42' title="bbox 2182 1830 3838 1909">
    <p class='ocr_par' dir='ltr' id='par_1_42' title="bbox 2182 1830 3838 1909">
     <span class='ocr_line' id='line_1_42' title="bbox 2182 1830 3838 1909; baseline -0.005 -17"><span class='ocrx_word' id='word_1_291' title='bbox 2182 1841 2468 1892; x_wconf 90' lang='lat' dir='ltr'>conventu</span> <span class='ocrx_word' id='word_1_292' title='bbox 2501 1836 2901 1909; x_wconf 89' lang='lat' dir='ltr'>proscribendi</span> <span class='ocrx_word' id='word_1_293' title='bbox 2934 1840 3091 1905; x_wconf 86' lang='lat' dir='ltr'>sunt,</span> <span class='ocrx_word' id='word_1_294' title='bbox 3117 1834 3217 1905; x_wconf 90' lang='lat' dir='ltr'>qui</span> <span class='ocrx_word' id='word_1_295' title='bbox 3250 1833 3518 1905; x_wconf 89' lang='lat' dir='ltr'>tempori,</span> <span class='ocrx_word' id='word_1_296' title='bbox 3554 1836 3729 1903; x_wconf 92' lang='lat' dir='ltr'>atque</span> <span class='ocrx_word' id='word_1_297' title='bbox 3762 1830 3838 1884; x_wconf 89' lang='lat' dir='ltr'>iis</span> 
     </span>
    </p>
   </div>
   <div class='ocr_carea' id='block_1_43' title="bbox 2181 1919 3839 1998">
    <p class='ocr_par' dir='ltr' id='par_1_43' title="bbox 2181 1919 3839 1998">
     <span class='ocr_line' id='line_1_43' title="bbox 2181 1919 3839 1998; baseline -0.004 -17"><span class='ocrx_word' id='word_1_298' title='bbox 2181 1926 2283 1998; x_wconf 91' lang='lat' dir='ltr'>qui</span> <span class='ocrx_word' id='word_1_299' title='bbox 2316 1942 2421 1981; x_wconf 85' lang='lat' dir='ltr'>nos</span> <span class='ocrx_word' id='word_1_300' title='bbox 2449 1926 2521 1981; x_wconf 90' lang='lat' dir='ltr'>ab</span> <span class='ocrx_word' id='word_1_301' title='bbox 2549 1942 2614 1981; x_wconf 94' lang='lat' dir='ltr'>eo</span> <span class='ocrx_word' id='word_1_302' title='bbox 2647 1926 2747 1997; x_wconf 90' lang='lat' dir='ltr'>qui</span> <span class='ocrx_word' id='word_1_303' title='bbox 2774 1926 2832 1980; x_wconf 90' lang='lat' dir='ltr'>in</span> <span class='ocrx_word' id='word_1_304' title='bbox 2866 1924 3049 1979; x_wconf 89' lang='lat' dir='ltr'>altum</span> <span class='ocrx_word' id='word_1_305' title='bbox 3081 1924 3445 1986; x_wconf 89' lang='lat' dir='ltr'>ascenderat,</span> <span class='ocrx_word' id='word_1_306' title='bbox 3478 1919 3839 1993; x_wconf 88' lang='lat' dir='ltr'>pulchreque</span> 
     </span>
    </p>
   </div>
   <div class='ocr_carea' id='block_1_44' title="bbox 2182 2010 3835 2085">
    <p class='ocr_par' dir='ltr' id='par_1_44' title="bbox 2182 2010 3835 2085">
     <span class='ocr_line' id='line_1_44' title="bbox 2182 2010 3835 2085; baseline -0.004 -14"><span class='ocrx_word' id='word_1_307' title='bbox 2182 2016 2438 2085; x_wconf 89' lang='lat' dir='ltr'>captivos</span> <span class='ocrx_word' id='word_1_308' title='bbox 2471 2032 2576 2070; x_wconf 88' lang='lat' dir='ltr'>nos</span> <span class='ocrx_word' id='word_1_309' title='bbox 2608 2016 2875 2083; x_wconf 83' lang='lat' dir='ltr'>duxerat,</span> <span class='ocrx_word' id='word_1_310' title='bbox 2908 2014 2967 2069; x_wconf 93' lang='lat' dir='ltr'>in</span> <span class='ocrx_word' id='word_1_311' title='bbox 3003 2013 3219 2068; x_wconf 88' lang='lat' dir='ltr'>malam</span> <span class='ocrx_word' id='word_1_312' title='bbox 3252 2018 3309 2067; x_wconf 89' lang='lat' dir='ltr'>et</span> <span class='ocrx_word' id='word_1_313' title='bbox 3339 2012 3631 2066; x_wconf 88' lang='lat' dir='ltr'>funestam</span> <span class='ocrx_word' id='word_1_314' title='bbox 3654 2010 3835 2081; x_wconf 88' lang='lat' dir='ltr'>capti-</span> 
     </span>
    </p>
   </div>
   <div class='ocr_carea' id='block_1_45' title="bbox 2181 2099 3838 2172">
    <p class='ocr_par' dir='ltr' id='par_1_45' title="bbox 2181 2099 3838 2172">
     <span class='ocr_line' id='line_1_45' title="bbox 2181 2099 3838 2172; baseline -0.004 -13"><span class='ocrx_word' id='word_1_315' title='bbox 2181 2104 2419 2159; x_wconf 87' lang='lat' dir='ltr'>vitatem</span> <span class='ocrx_word' id='word_1_316' title='bbox 2452 2104 2827 2160; x_wconf 88' lang='lat' dir='ltr'>abducebant</span> <span class='ocrx_word' id='word_1_317' title='bbox 2857 2104 2920 2171; x_wconf 74' lang='lat'>59,</span> <span class='ocrx_word' id='word_1_318' title='bbox 2954 2120 3025 2158; x_wconf 90' lang='lat' dir='ltr'>ne</span> <span class='ocrx_word' id='word_1_319' title='bbox 3056 2100 3352 2157; x_wconf 88' lang='lat' dir='ltr'>tantillum</span> <span class='ocrx_word' id='word_1_320' title='bbox 3384 2101 3621 2172; x_wconf 91' lang='lat' dir='ltr'>quidem</span> <span class='ocrx_word' id='word_1_321' title='bbox 3654 2099 3838 2154; x_wconf 90' lang='lat' dir='ltr'>obsti-</span> 
     </span>
    </p>
   </div>
   <div class='ocr_carea' id='block_1_46' title="bbox 2182 2187 3841 2265">
    <p class='ocr_par' dir='ltr' id='par_1_46' title="bbox 2182 2187 3841 2265">
     <span class='ocr_line' id='line_1_46' title="bbox 2182 2187 3841 2265; baseline -0.004 -16"><span class='ocrx_word' id='word_1_322' title='bbox 2182 2198 2400 2265; x_wconf 88' lang='lat' dir='ltr'>terunt,</span> <span class='ocrx_word' id='word_1_323' title='bbox 2430 2211 2635 2249; x_wconf 91' lang='lat' dir='ltr'>verum</span> <span class='ocrx_word' id='word_1_324' title='bbox 2667 2193 2822 2249; x_wconf 89' lang='lat' dir='ltr'>ultro</span> <span class='ocrx_word' id='word_1_325' title='bbox 2852 2210 2918 2247; x_wconf 89' lang='lat' dir='ltr'>ac</span> <span class='ocrx_word' id='word_1_326' title='bbox 2948 2196 3155 2263; x_wconf 90' lang='lat' dir='ltr'>sponte</span> <span class='ocrx_word' id='word_1_327' title='bbox 3184 2190 3484 2263; x_wconf 90' lang='lat' dir='ltr'>improbos</span> <span class='ocrx_word' id='word_1_328' title='bbox 3510 2206 3575 2244; x_wconf 91' lang='lat' dir='ltr'>ac</span> <span class='ocrx_word' id='word_1_329' title='bbox 3604 2187 3841 2244; x_wconf 88' lang='lat' dir='ltr'>venales</span> 
     </span>
    </p>
   </div>
   <div class='ocr_carea' id='block_1_47' title="bbox 2183 2280 3839 2355">
    <p class='ocr_par' dir='ltr' id='par_1_47' title="bbox 2183 2280 3839 2355">
     <span class='ocr_line' id='line_1_47' title="bbox 2183 2280 3839 2355; baseline -0.005 -16"><span class='ocrx_word' id='word_1_330' title='bbox 2183 2300 2247 2339; x_wconf 90' lang='lat' dir='ltr'>se</span> <span class='ocrx_word' id='word_1_331' title='bbox 2278 2285 2669 2355; x_wconf 70' lang='lat' dir='ltr'>praebuerunt,</span> <span class='ocrx_word' id='word_1_332' title='bbox 2712 2287 2776 2337; x_wconf 91' lang='lat' dir='ltr'>ut</span> <span class='ocrx_word' id='word_1_333' title='bbox 2806 2284 2902 2354; x_wconf 91' lang='lat' dir='ltr'>qui</span> <span class='ocrx_word' id='word_1_334' title='bbox 2936 2299 3008 2337; x_wconf 90' lang='lat' dir='ltr'>ne</span> <span class='ocrx_word' id='word_1_335' title='bbox 3052 2281 3351 2353; x_wconf 90' lang='lat' dir='ltr'>paulisper</span> <span class='ocrx_word' id='word_1_336' title='bbox 3394 2280 3631 2350; x_wconf 90' lang='lat' dir='ltr'>quidem</span> <span class='ocrx_word' id='word_1_337' title='bbox 3664 2294 3839 2349; x_wconf 88' lang='lat' dir='ltr'>repu-</span> 
     </span>
    </p>
   </div>
   <div class='ocr_carea' id='block_1_48' title="bbox 2184 2366 3850 2445">
    <p class='ocr_par' dir='ltr' id='par_1_48' title="bbox 2184 2366 3850 2445">
     <span class='ocr_line' id='line_1_48' title="bbox 2184 2366 3850 2445; baseline -0.004 -18"><span class='ocrx_word' id='word_1_338' title='bbox 2184 2372 2442 2445; x_wconf 85' lang='lat' dir='ltr'>gnarint,</span> <span class='ocrx_word' id='word_1_339' title='bbox 2474 2377 2577 2427; x_wconf 91' lang='lat' dir='ltr'>aut</span> <span class='ocrx_word' id='word_1_340' title='bbox 2607 2373 2811 2427; x_wconf 89' lang='lat' dir='ltr'>oborta</span> <span class='ocrx_word' id='word_1_341' title='bbox 2840 2372 2987 2444; x_wconf 92' lang='lat' dir='ltr'>ipsis</span> <span class='ocrx_word' id='word_1_342' title='bbox 3038 2372 3109 2426; x_wconf 94' lang='lat' dir='ltr'>ob</span> <span class='ocrx_word' id='word_1_343' title='bbox 3162 2371 3411 2426; x_wconf 88' lang='lat' dir='ltr'>Verbum</span> <span class='ocrx_word' id='word_1_344' title='bbox 3446 2369 3643 2440; x_wconf 87' lang='lat' dir='ltr'>aliqua</span> <span class='ocrx_word' id='word_1_345' title='bbox 3693 2366 3850 2422; x_wconf 84' lang='lat' dir='ltr'>cala-</span> 
     </span>
    </p>
   </div>
   <div class='ocr_carea' id='block_1_49' title="bbox 2186 2458 3833 2531">
    <p class='ocr_par' dir='ltr' id='par_1_49' title="bbox 2186 2458 3833 2531">
     <span class='ocr_line' id='line_1_49' title="bbox 2186 2458 3833 2531; baseline -0.003 -16"><span class='ocrx_word' id='word_1_346' title='bbox 2186 2461 2389 2517; x_wconf 87' lang='lat' dir='ltr'>mitate</span> <span class='ocrx_word' id='word_1_347' title='bbox 2421 2466 2523 2517; x_wconf 90' lang='lat' dir='ltr'>aut</span> <span class='ocrx_word' id='word_1_348' title='bbox 2555 2462 2874 2517; x_wconf 88' lang='lat' dir='ltr'>tentatione</span> <span class='ocrx_word' id='word_1_349' title='bbox 2904 2460 3250 2516; x_wconf 89' lang='lat' dir='ltr'>scandalum</span> <span class='ocrx_word' id='word_1_350' title='bbox 3282 2458 3441 2531; x_wconf 91' lang='lat' dir='ltr'>passi</span> <span class='ocrx_word' id='word_1_351' title='bbox 3472 2458 3833 2524; x_wconf 88' lang='lat' dir='ltr'>sint,verum</span> 
     </span>
    </p>
   </div>
   <div class='ocr_carea' id='block_1_50' title="bbox 424 2544 3833 2621">
    <p class='ocr_par' dir='ltr' id='par_1_50' title="bbox 424 2544 3833 2621">
     <span class='ocr_line' id='line_1_50' title="bbox 424 2544 3833 2621; baseline 0 -23"><span class='ocrx_word' id='word_1_352' title='bbox 424 2559 557 2598; x_wconf 90' lang='lat' dir='ltr'>cum</span> <span class='ocrx_word' id='word_1_353' title='bbox 588 2544 749 2598; x_wconf 89' lang='lat' dir='ltr'>brevi</span> <span class='ocrx_word' id='word_1_354' title='bbox 777 2544 1031 2615; x_wconf 87' lang='lat' dir='ltr'>quodam</span> <span class='ocrx_word' id='word_1_355' title='bbox 1061 2548 1120 2600; x_wconf 89' lang='lat' dir='ltr'>et</span> <span class='ocrx_word' id='word_1_356' title='bbox 1152 2545 1369 2601; x_wconf 85' lang='lat' dir='ltr'>caduco</span> <span class='ocrx_word' id='word_1_357' title='bbox 1400 2549 1651 2617; x_wconf 62' lang='lat' dir='ltr'>questu,</span> <span class='ocrx_word' id='word_1_358' title='bbox 1686 2550 1786 2601; x_wconf 89' lang='lat' dir='ltr'>aut</span> <span class='ocrx_word' id='word_1_359' title='bbox 1814 2547 2120 2620; x_wconf 89' lang='lat' dir='ltr'>obsequio,</span> <span class='ocrx_word' id='word_1_360' title='bbox 2152 2552 2253 2605; x_wconf 89' lang='lat' dir='ltr'>aut</span> <span class='ocrx_word' id='word_1_361' title='bbox 2276 2549 2486 2621; x_wconf 89' lang='lat' dir='ltr'>exigua</span> <span class='ocrx_word' id='word_1_362' title='bbox 2516 2549 2776 2621; x_wconf 92' lang='lat' dir='ltr'>potentia</span> <span class='ocrx_word' id='word_1_363' title='bbox 2806 2548 3056 2604; x_wconf 87' lang='lat' dir='ltr'>salutem</span> <span class='ocrx_word' id='word_1_364' title='bbox 3103 2564 3269 2604; x_wconf 90' lang='lat' dir='ltr'>suam</span> <span class='ocrx_word' id='word_1_365' title='bbox 3318 2546 3517 2602; x_wconf 89' lang='lat' dir='ltr'>miseri</span> <span class='ocrx_word' id='word_1_366' title='bbox 3566 2561 3833 2601; x_wconf 88' lang='lat' dir='ltr'>commu-</span> 
     </span>
    </p>
   </div>
   <div class='ocr_carea' id='block_1_51' title="bbox 418 2633 664 2688">
    <p class='ocr_par' dir='ltr' id='par_1_51' title="bbox 418 2633 664 2688">
     <span class='ocr_line' id='line_1_51' title="bbox 418 2633 664 2688; baseline -0.004 0"><span class='ocrx_word' id='word_1_367' title='bbox 418 2633 664 2688; x_wconf 89' lang='lat' dir='ltr'>tuarint.</span> 
     </span>
    </p>
   </div>
   <div class='ocr_carea' id='block_1_52' title="bbox 488 2715 2063 2801">
    <p class='ocr_par' dir='ltr' id='par_1_52' title="bbox 488 2715 2063 2801">
     <span class='ocr_line' id='line_1_52' title="bbox 488 2715 2063 2801; baseline 0.002 -24"><span class='ocrx_word' id='word_1_368' title='bbox 488 2715 580 2777; x_wconf 70' lang='lat' dir='ltr'>I5&quot;.</span> <span class='ocrx_word' id='word_1_369' title='bbox 614 2719 762 2775; x_wconf 80' lang='grc' dir='ltr'>Ἐπεὶ</span> <span class='ocrx_word' id='word_1_370' title='bbox 795 2717 853 2775; x_wconf 76' lang='grc' dir='ltr'>δὲ</span> <span class='ocrx_word' id='word_1_371' title='bbox 900 2721 1309 2799; x_wconf 81' lang='grc' dir='ltr'>ἀνεκαθήραμεν</span> <span class='ocrx_word' id='word_1_372' title='bbox 1358 2721 1436 2796; x_wconf 81' lang='grc' dir='ltr'>τῷ</span> <span class='ocrx_word' id='word_1_373' title='bbox 1488 2721 1642 2799; x_wconf 86' lang='grc' dir='ltr'>λόγῳ</span> <span class='ocrx_word' id='word_1_374' title='bbox 1671 2729 1766 2778; x_wconf 75' lang='grc' dir='ltr'>τοῦ</span> <span class='ocrx_word' id='word_1_375' title='bbox 1799 2729 1973 2801; x_wconf 78' lang='grc' dir='ltr'>χοροῦ</span> <span class='ocrx_word' id='word_1_376' title='bbox 2002 2726 2063 2780; x_wconf 87' lang='grc' dir='ltr'>τὸ</span> 
     </span>
    </p>
   </div>
   <div class='ocr_carea' id='block_1_53' title="bbox 412 2808 2062 2889">
    <p class='ocr_par' dir='ltr' id='par_1_53' title="bbox 412 2808 2062 2889">
     <span class='ocr_line' id='line_1_53' title="bbox 412 2808 2062 2889; baseline 0.002 -24"><span class='ocrx_word' id='word_1_377' title='bbox 412 2808 717 2884; x_wconf 78' lang='grc' dir='ltr'>πλήρωμα,</span> <span class='ocrx_word' id='word_1_378' title='bbox 770 2809 926 2889; x_wconf 73' lang='grc' dir='ltr'>φέρε,</span> <span class='ocrx_word' id='word_1_379' title='bbox 981 2809 1079 2881; x_wconf 79' lang='grc' dir='ltr'>ὅση</span> <span class='ocrx_word' id='word_1_380' title='bbox 1134 2810 1382 2886; x_wconf 82' lang='grc' dir='ltr'>δύναμις,</span> <span class='ocrx_word' id='word_1_381' title='bbox 1435 2813 1780 2889; x_wconf 82' lang='grc' dir='ltr'>ἁγνισάμενοι</span> <span class='ocrx_word' id='word_1_382' title='bbox 1820 2814 1910 2869; x_wconf 81' lang='grc' dir='ltr'>καὶ</span> <span class='ocrx_word' id='word_1_383' title='bbox 1955 2815 2062 2869; x_wconf 88' lang='grc' dir='ltr'>σώ-</span> 
     </span>
    </p>
   </div>
   <div class='ocr_carea' id='block_1_54' title="bbox 418 2898 2064 2983">
    <p class='ocr_par' dir='ltr' id='par_1_54' title="bbox 418 2898 2064 2983">
     <span class='ocr_line' id='line_1_54' title="bbox 418 2898 2064 2983; baseline 0.003 -30"><span class='ocrx_word' id='word_1_384' title='bbox 418 2920 579 2972; x_wconf 87' lang='grc' dir='ltr'>ματα,</span> <span class='ocrx_word' id='word_1_385' title='bbox 609 2899 701 2954; x_wconf 84' lang='grc' dir='ltr'>καὶ</span> <span class='ocrx_word' id='word_1_386' title='bbox 749 2900 952 2975; x_wconf 77' lang='grc' dir='ltr'>ψυχὰς,</span> <span class='ocrx_word' id='word_1_387' title='bbox 1006 2900 1097 2955; x_wconf 84' lang='grc' dir='ltr'>καὶ</span> <span class='ocrx_word' id='word_1_388' title='bbox 1151 2902 1275 2974; x_wconf 87' lang='grc' dir='ltr'>μίαν</span> <span class='ocrx_word' id='word_1_389' title='bbox 1316 2898 1677 2965; x_wconf 78' lang='grc' dir='ltr'>ἀναλαϐόντες</span> <span class='ocrx_word' id='word_1_390' title='bbox 1727 2905 1937 2983; x_wconf 74' lang='grc' dir='ltr'>φωνὴν,</span> <span class='ocrx_word' id='word_1_391' title='bbox 1987 2904 2064 2958; x_wconf 70' lang='grc' dir='ltr'>ἐνὶ</span> 
     </span>
    </p>
   </div>
   <div class='ocr_carea' id='block_1_55' title="bbox 416 2988 2066 3067">
    <p class='ocr_par' dir='ltr' id='par_1_55' title="bbox 416 2988 2066 3067">
     <span class='ocr_line' id='line_1_55' title="bbox 416 2988 2066 3067; baseline 0.004 -26"><span class='ocrx_word' id='word_1_392' title='bbox 416 2989 867 3064; x_wconf 70' lang='grc' dir='ltr'>συναρμοσθέντες</span> <span class='ocrx_word' id='word_1_393' title='bbox 945 2988 1215 3064; x_wconf 83' lang='grc' dir='ltr'>Πνεύματι</span> <span class='ocrx_word' id='word_1_394' title='bbox 1266 3038 1281 3064; x_wconf 97' lang='grc'>,</span> <span class='ocrx_word' id='word_1_395' title='bbox 1340 2993 1441 3061; x_wconf 74' lang='grc' dir='ltr'>τήν</span> <span class='ocrx_word' id='word_1_396' title='bbox 1520 2991 1779 3047; x_wconf 87' lang='grc' dir='ltr'>ἐπινίκιον</span> <span class='ocrx_word' id='word_1_397' title='bbox 1850 2992 2066 3067; x_wconf 82' lang='grc' dir='ltr'>ᾄδωμεν</span> 
     </span>
    </p>
   </div>
   <div class='ocr_carea' id='block_1_56' title="bbox 421 3075 2063 3158">
    <p class='ocr_par' dir='ltr' id='par_1_56' title="bbox 421 3075 2063 3158">
     <span class='ocr_line' id='line_1_56' title="bbox 421 3075 2063 3158; baseline 0.004 -27"><span class='ocrx_word' id='word_1_398' title='bbox 421 3076 627 3148; x_wconf 87' lang='grc' dir='ltr'>ἐκείνην</span> <span class='ocrx_word' id='word_1_399' title='bbox 679 3075 845 3151; x_wconf 78' lang='grc' dir='ltr'>ᾠδὴν,</span> <span class='ocrx_word' id='word_1_400' title='bbox 896 3078 961 3148; x_wconf 72' lang='grc' dir='ltr'>ἦν</span> <span class='ocrx_word' id='word_1_401' title='bbox 1013 3100 1144 3134; x_wconf 89' lang='grc' dir='ltr'>ποτε</span> <span class='ocrx_word' id='word_1_402' title='bbox 1193 3078 1316 3154; x_wconf 78' lang='grc' dir='ltr'>ᾖσεν</span> <span class='ocrx_word' id='word_1_403' title='bbox 1350 3082 1378 3135; x_wconf 86' lang='grc' dir='ltr'>ὁ</span> <span class='ocrx_word' id='word_1_404' title='bbox 1410 3081 1633 3158; x_wconf 75' lang='grc' dir='ltr'>Ἰσραὴλ</span> <span class='ocrx_word' id='word_1_405' title='bbox 1682 3082 1769 3137; x_wconf 81' lang='grc' dir='ltr'>ἐπὶ</span> <span class='ocrx_word' id='word_1_406' title='bbox 1818 3087 1933 3145; x_wconf 85' lang='grc' dir='ltr'>τοῖς</span> <span class='ocrx_word' id='word_1_407' title='bbox 1968 3082 2063 3137; x_wconf 76' lang='grc' dir='ltr'>Δί’-</span> 
     </span>
    </p>
   </div>
   <div class='ocr_carea' id='block_1_57' title="bbox 418 3165 2066 3249">
    <p class='ocr_par' dir='ltr' id='par_1_57' title="bbox 418 3165 2066 3249">
     <span class='ocr_line' id='line_1_57' title="bbox 418 3165 2066 3249; baseline 0.004 -29"><span class='ocrx_word' id='word_1_408' title='bbox 418 3165 687 3241; x_wconf 84' lang='grc' dir='ltr'>γυπτίοις,</span> <span class='ocrx_word' id='word_1_409' title='bbox 721 3171 789 3241; x_wconf 83' lang='grc' dir='ltr'>τῇ</span> <span class='ocrx_word' id='word_1_410' title='bbox 820 3169 1049 3243; x_wconf 86' lang='grc' dir='ltr'>Ἐρυθρᾷ</span> <span class='ocrx_word' id='word_1_411' title='bbox 1092 3168 1412 3247; x_wconf 78' lang='grc' dir='ltr'>καλυφθιῖσι</span> <span class='ocrx_word' id='word_1_412' title='bbox 1465 3169 1705 3246; x_wconf 79' lang='grc' dir='ltr'>θαλάσσῃ</span> <span class='ocrx_word' id='word_1_413' title='bbox 1747 3174 1882 3247; x_wconf 88' lang='grc'>(17),</span> <span class='ocrx_word' id='word_1_414' title='bbox 1916 3171 2066 3249; x_wconf 81' lang='grc' dir='ltr'>ἐξαρ-</span> 
     </span>
    </p>
   </div>
   <div class='ocr_carea' id='block_1_58' title="bbox 416 3255 2063 3334">
    <p class='ocr_par' dir='ltr' id='par_1_58' title="bbox 416 3255 2063 3334">
     <span class='ocr_line' id='line_1_58' title="bbox 416 3255 2063 3334; baseline 0.004 -26"><span class='ocrx_word' id='word_1_415' title='bbox 416 3255 625 3331; x_wconf 82' lang='grc' dir='ltr'>χούσης</span> <span class='ocrx_word' id='word_1_416' title='bbox 679 3255 918 3331; x_wconf 83' lang='grc' dir='ltr'>Μαρίας,</span> <span class='ocrx_word' id='word_1_417' title='bbox 970 3256 1060 3311; x_wconf 81' lang='grc' dir='ltr'>καὶ</span> <span class='ocrx_word' id='word_1_418' title='bbox 1119 3259 1563 3334; x_wconf 70' lang='grc' dir='ltr'>ἀνακρουομένης</span> <span class='ocrx_word' id='word_1_419' title='bbox 1621 3260 1682 3315; x_wconf 87' lang='grc' dir='ltr'>τὸ</span> <span class='ocrx_word' id='word_1_420' title='bbox 1737 3260 2017 3334; x_wconf 78' lang='grc' dir='ltr'>τύμπανον</span> <span class='ocrx_word' id='word_1_421' title='bbox 2050 3281 2063 3293; x_wconf 72' lang='grc' dir='ltr'><strong><em>ο</em></strong></span> 
     </span>
    </p>
   </div>
   <div class='ocr_carea' id='block_1_59' title="bbox 415 3345 2066 3424">
    <p class='ocr_par' dir='ltr' id='par_1_59' title="bbox 415 3345 2066 3424">
     <span class='ocr_line' id='line_1_59' title="bbox 415 3345 2066 3424; baseline 0.004 -26"><span class='ocrx_word' id='word_1_422' title='bbox 415 3345 669 3419; x_wconf 77' lang='grc' dir='ltr'>’ᾼσωμεν</span> <span class='ocrx_word' id='word_1_423' title='bbox 746 3350 824 3417; x_wconf 80' lang='grc' dir='ltr'>τῷ</span> <span class='ocrx_word' id='word_1_424' title='bbox 909 3346 1092 3420; x_wconf 83' lang='grc' dir='ltr'>Κυρίῳ</span> <span class='ocrx_word' id='word_1_425' title='bbox 1144 3368 1155 3381; x_wconf 90' lang='grc'><strong>·</strong></span> <span class='ocrx_word' id='word_1_426' title='bbox 1219 3345 1446 3419; x_wconf 78' lang='grc' dir='ltr'>ἐνδόξως</span> <span class='ocrx_word' id='word_1_427' title='bbox 1518 3349 1621 3424; x_wconf 80' lang='grc' dir='ltr'>γὰρ</span> <span class='ocrx_word' id='word_1_428' title='bbox 1701 3347 2011 3420; x_wconf 79' lang='grc' dir='ltr'>δεδόξασται</span> <span class='ocrx_word' id='word_1_429' title='bbox 2053 3370 2066 3385; x_wconf 76' lang='grc' dir='ltr'><strong>ο</strong></span> 
     </span>
    </p>
   </div>
   <div class='ocr_carea' id='block_1_60' title="bbox 409 3430 2067 3512">
    <p class='ocr_par' dir='ltr' id='par_1_60' title="bbox 409 3430 2067 3512">
     <span class='ocr_line' id='line_1_60' title="bbox 409 3430 2067 3512; baseline 0.005 -26"><span class='ocrx_word' id='word_1_430' title='bbox 409 3431 579 3488; x_wconf 65' lang='grc' dir='ltr'>’ίππον</span> <span class='ocrx_word' id='word_1_431' title='bbox 638 3435 729 3489; x_wconf 78' lang='grc' dir='ltr'>καὶ</span> <span class='ocrx_word' id='word_1_432' title='bbox 787 3430 1058 3504; x_wconf 82' lang='grc' dir='ltr'>ἀναϐάτην</span> <span class='ocrx_word' id='word_1_433' title='bbox 1120 3434 1333 3512; x_wconf 72' lang='grc' dir='ltr'>ἔῤῥιψεν</span> <span class='ocrx_word' id='word_1_434' title='bbox 1368 3484 1383 3509; x_wconf 91' lang='grc'>,</span> <span class='ocrx_word' id='word_1_435' title='bbox 1445 3437 1543 3492; x_wconf 78' lang='grc' dir='ltr'>οὐκ</span> <span class='ocrx_word' id='word_1_436' title='bbox 1614 3438 1689 3500; x_wconf 68' lang='grc' dir='ltr'>εἷς</span> <span class='ocrx_word' id='word_1_437' title='bbox 1749 3438 2016 3502; x_wconf 88' lang='grc' dir='ltr'>θάλασσαν</span> <span class='ocrx_word' id='word_1_438' title='bbox 2052 3485 2067 3512; x_wconf 96' lang='grc'>,</span> 
     </span>
    </p>
   </div>
   <div class='ocr_carea' id='block_1_61' title="bbox 413 3523 2067 3607">
    <p class='ocr_par' dir='ltr' id='par_1_61' title="bbox 413 3523 2067 3607">
     <span class='ocr_line' id='line_1_61' title="bbox 413 3523 2067 3607; baseline 0.004 -30"><span class='ocrx_word' id='word_1_439' title='bbox 413 3527 574 3578; x_wconf 77' lang='grc' dir='ltr'>τοῦτο</span> <span class='ocrx_word' id='word_1_440' title='bbox 607 3525 711 3598; x_wconf 75' lang='grc' dir='ltr'>γὰρ</span> <span class='ocrx_word' id='word_1_441' title='bbox 748 3524 1077 3600; x_wconf 81' lang='grc' dir='ltr'>μεθαρμόζω</span> <span class='ocrx_word' id='word_1_442' title='bbox 1108 3532 1208 3595; x_wconf 84' lang='grc' dir='ltr'>τῆς</span> <span class='ocrx_word' id='word_1_443' title='bbox 1230 3523 1400 3598; x_wconf 76' lang='grc' dir='ltr'>ᾠδῆς,</span> <span class='ocrx_word' id='word_1_444' title='bbox 1436 3524 1562 3581; x_wconf 84' lang='grc' dir='ltr'>ἀλλ’</span> <span class='ocrx_word' id='word_1_445' title='bbox 1594 3526 1721 3582; x_wconf 75' lang='grc' dir='ltr'>ὅποι</span> <span class='ocrx_word' id='word_1_446' title='bbox 1752 3532 1865 3602; x_wconf 81' lang='lat'><strong>(18)</strong></span> <span class='ocrx_word' id='word_1_447' title='bbox 1907 3528 2067 3607; x_wconf 75' lang='grc' dir='ltr'>φίλον</span> 
     </span>
    </p>
   </div>
   <div class='ocr_carea' id='block_1_62' title="bbox 415 3611 2067 3684">
    <p class='ocr_par' dir='ltr' id='par_1_62' title="bbox 415 3611 2067 3684">
     <span class='ocr_line' id='line_1_62' title="bbox 415 3611 2067 3684; baseline 0.004 -18"><span class='ocrx_word' id='word_1_448' title='bbox 415 3612 481 3681; x_wconf 79' lang='grc' dir='ltr'>ἦν</span> <span class='ocrx_word' id='word_1_449' title='bbox 543 3611 726 3684; x_wconf 78' lang='grc' dir='ltr'>αὐτῷ,</span> <span class='ocrx_word' id='word_1_450' title='bbox 786 3614 875 3666; x_wconf 81' lang='grc' dir='ltr'>καὶ</span> <span class='ocrx_word' id='word_1_451' title='bbox 950 3611 1097 3676; x_wconf 77' lang='grc' dir='ltr'>ὅπως</span> <span class='ocrx_word' id='word_1_452' title='bbox 1153 3614 1314 3678; x_wconf 75' lang='grc' dir='ltr'>αὐτὸς</span> <span class='ocrx_word' id='word_1_453' title='bbox 1370 3612 1717 3670; x_wconf 80' lang='grc' dir='ltr'>ἐδικαίωσεν’</span> <span class='ocrx_word' id='word_1_454' title='bbox 1779 3618 1835 3671; x_wconf 88' lang='grc' dir='ltr'>Ὁ</span> <span class='ocrx_word' id='word_1_455' title='bbox 1893 3623 2067 3673; x_wconf 88' lang='grc' dir='ltr'>ποιῶν</span> 
     </span>
    </p>
   </div>
   <div class='ocr_carea' id='block_1_63' title="bbox 414 3702 2067 3782">
    <p class='ocr_par' dir='ltr' id='par_1_63' title="bbox 414 3702 2067 3782">
     <span class='ocr_line' id='line_1_63' title="bbox 414 3702 2067 3782; baseline 0.004 -26"><span class='ocrx_word' id='word_1_456' title='bbox 414 3702 587 3756; x_wconf 82' lang='grc' dir='ltr'>πάντα</span> <span class='ocrx_word' id='word_1_457' title='bbox 634 3703 723 3757; x_wconf 82' lang='grc' dir='ltr'>καὶ</span> <span class='ocrx_word' id='word_1_458' title='bbox 777 3702 1207 3775; x_wconf 78' lang='grc' dir='ltr'>μετασκευάζων,</span> <span class='ocrx_word' id='word_1_459' title='bbox 1250 3703 1365 3759; x_wconf 81' lang='grc' dir='ltr'>εἶπέ</span> <span class='ocrx_word' id='word_1_460' title='bbox 1416 3726 1520 3759; x_wconf 90' lang='grc' dir='ltr'>που</span> <span class='ocrx_word' id='word_1_461' title='bbox 1566 3713 1666 3774; x_wconf 81' lang='grc' dir='ltr'>τῆς</span> <span class='ocrx_word' id='word_1_462' title='bbox 1701 3708 1891 3761; x_wconf 70' lang='grc' dir='ltr'>ἑαυτοῦ</span> <span class='ocrx_word' id='word_1_463' title='bbox 1931 3727 2067 3782; x_wconf 91' lang='grc' dir='ltr'>προ-</span> 
     </span>
    </p>
   </div>
   <div class='ocr_carea' id='block_1_64' title="bbox 413 3790 2065 3871">
    <p class='ocr_par' dir='ltr' id='par_1_64' title="bbox 413 3790 2065 3871">
     <span class='ocr_line' id='line_1_64' title="bbox 413 3790 2065 3871; baseline 0.004 -27"><span class='ocrx_word' id='word_1_464' title='bbox 413 3790 631 3869; x_wconf 75' lang='grc' dir='ltr'>φητείας</span> <span class='ocrx_word' id='word_1_465' title='bbox 691 3792 875 3864; x_wconf 81' lang='grc' dir='ltr'>Ἀμὼς</span> <span class='ocrx_word' id='word_1_466' title='bbox 935 3792 1249 3869; x_wconf 72' lang='grc' dir='ltr'>φιλοσοφῶν</span> <span class='ocrx_word' id='word_1_467' title='bbox 1305 3793 1601 3856; x_wconf 82' lang='grc' dir='ltr'>ἐνθεώτατα</span> <span class='ocrx_word' id='word_1_468' title='bbox 1636 3814 1647 3826; x_wconf 92' lang='grc'><strong>·</strong></span> <span class='ocrx_word' id='word_1_469' title='bbox 1710 3797 1736 3848; x_wconf 88' lang='grc' dir='ltr'>ὁ</span> <span class='ocrx_word' id='word_1_470' title='bbox 1796 3796 2065 3871; x_wconf 73' lang='grc' dir='ltr'>ἐκτρέπων</span> 
     </span>
    </p>
   </div>
   <div class='ocr_carea' id='block_1_65' title="bbox 414 3878 2067 3961">
    <p class='ocr_par' dir='ltr' id='par_1_65' title="bbox 414 3878 2067 3961">
     <span class='ocr_line' id='line_1_65' title="bbox 414 3878 2067 3961; baseline 0.002 -26"><span class='ocrx_word' id='word_1_471' title='bbox 414 3880 488 3942; x_wconf 81' lang='grc' dir='ltr'>εἷς</span> <span class='ocrx_word' id='word_1_472' title='bbox 538 3882 601 3935; x_wconf 85' lang='grc' dir='ltr'>τὸ</span> <span class='ocrx_word' id='word_1_473' title='bbox 660 3878 807 3954; x_wconf 75' lang='grc' dir='ltr'>πρωί</span> <span class='ocrx_word' id='word_1_474' title='bbox 865 3882 1014 3935; x_wconf 74' lang='grc' dir='ltr'>σκιὰν</span> <span class='ocrx_word' id='word_1_475' title='bbox 1076 3881 1304 3945; x_wconf 81' lang='grc' dir='ltr'>θανάτου</span> <span class='ocrx_word' id='word_1_476' title='bbox 1362 3885 1517 3955; x_wconf 87' lang='grc'>(19),</span> <span class='ocrx_word' id='word_1_477' title='bbox 1572 3883 1661 3938; x_wconf 79' lang='grc' dir='ltr'>καὶ</span> <span class='ocrx_word' id='word_1_478' title='bbox 1720 3886 1929 3961; x_wconf 68' lang='grc' dir='ltr'>ἡμέραν</span> <span class='ocrx_word' id='word_1_479' title='bbox 1990 3886 2067 3948; x_wconf 85' lang='grc' dir='ltr'>εἷς</span> 
     </span>
    </p>
   </div>
   <div class='ocr_carea' id='block_1_66' title="bbox 415 3969 2067 4039">
    <p class='ocr_par' dir='ltr' id='par_1_66' title="bbox 415 3969 2067 4039">
     <span class='ocr_line' id='line_1_66' title="bbox 415 3969 2067 4039; baseline 0.004 -16"><span class='ocrx_word' id='word_1_480' title='bbox 415 3970 581 4024; x_wconf 87' lang='grc' dir='ltr'>νύκτα</span> <span class='ocrx_word' id='word_1_481' title='bbox 629 3972 971 4039; x_wconf 76' lang='grc' dir='ltr'>συσκοτάζων</span> <span class='ocrx_word' id='word_1_482' title='bbox 1023 3971 1112 4025; x_wconf 83' lang='grc' dir='ltr'>καὶ</span> <span class='ocrx_word' id='word_1_483' title='bbox 1165 3971 1330 4026; x_wconf 73' lang='grc' dir='ltr'>οἱονεὶ</span> <span class='ocrx_word' id='word_1_484' title='bbox 1399 3969 1487 4026; x_wconf 79' lang='grc' dir='ltr'>διά</span> <span class='ocrx_word' id='word_1_485' title='bbox 1532 3972 1737 4027; x_wconf 83' lang='grc' dir='ltr'>κύκλου</span> <span class='ocrx_word' id='word_1_486' title='bbox 1786 3975 1929 4037; x_wconf 90' lang='grc' dir='ltr'>τινὸς</span> <span class='ocrx_word' id='word_1_487' title='bbox 1981 3974 2067 4029; x_wconf 78' lang='grc' dir='ltr'>εύ-</span> 
     </span>
    </p>
   </div>
   <div class='ocr_carea' id='block_1_67' title="bbox 419 4058 2069 4137">
    <p class='ocr_par' dir='ltr' id='par_1_67' title="bbox 419 4058 2069 4137">
     <span class='ocr_line' id='line_1_67' title="bbox 419 4058 2069 4137; baseline 0.005 -26"><span class='ocrx_word' id='word_1_488' title='bbox 419 4058 589 4113; x_wconf 84' lang='grc' dir='ltr'>θύνων</span> <span class='ocrx_word' id='word_1_489' title='bbox 622 4062 852 4133; x_wconf 79' lang='grc' dir='ltr'>(20)καὶ</span> <span class='ocrx_word' id='word_1_490' title='bbox 901 4058 1159 4136; x_wconf 82' lang='grc' dir='ltr'>διεξάγων</span> <span class='ocrx_word' id='word_1_491' title='bbox 1208 4063 1299 4115; x_wconf 88' lang='grc' dir='ltr'>τὸν</span> <span class='ocrx_word' id='word_1_492' title='bbox 1348 4062 1552 4116; x_wconf 77' lang='grc' dir='ltr'>ἅπαντα</span> <span class='ocrx_word' id='word_1_493' title='bbox 1602 4063 1831 4137; x_wconf 82' lang='grc' dir='ltr'>κόσμον,</span> <span class='ocrx_word' id='word_1_494' title='bbox 1880 4064 2069 4119; x_wconf 76' lang='grc' dir='ltr'>καὶτὰ</span> 
     </span>
    </p>
   </div>
   <div class='ocr_carea' id='block_1_68' title="bbox 418 4147 2065 4226">
    <p class='ocr_par' dir='ltr' id='par_1_68' title="bbox 418 4147 2065 4226">
     <span class='ocr_line' id='line_1_68' title="bbox 418 4147 2065 4226; baseline 0.004 -25"><span class='ocrx_word' id='word_1_495' title='bbox 418 4150 677 4224; x_wconf 71' lang='grc' dir='ltr'>ἡμέτερα,</span> <span class='ocrx_word' id='word_1_496' title='bbox 730 4147 1069 4222; x_wconf 80' lang='grc' dir='ltr'>σαλευόμενά</span> <span class='ocrx_word' id='word_1_497' title='bbox 1137 4170 1194 4204; x_wconf 85' lang='grc' dir='ltr'>τε</span> <span class='ocrx_word' id='word_1_498' title='bbox 1242 4152 1383 4223; x_wconf 71' lang='grc' dir='ltr'>ὁμοῦ</span> <span class='ocrx_word' id='word_1_499' title='bbox 1433 4151 1521 4205; x_wconf 79' lang='grc' dir='ltr'>καὶ</span> <span class='ocrx_word' id='word_1_500' title='bbox 1578 4154 1651 4225; x_wconf 80' lang='grc' dir='ltr'>μὴ</span> <span class='ocrx_word' id='word_1_501' title='bbox 1706 4152 2065 4226; x_wconf 86' lang='grc' dir='ltr'>σαλευόμενα,</span> 
     </span>
    </p>
   </div>
   <div class='ocr_carea' id='block_1_69' title="bbox 410 4233 2069 4317">
    <p class='ocr_par' dir='ltr' id='par_1_69' title="bbox 410 4233 2069 4317">
     <span class='ocr_line' id='line_1_69' title="bbox 410 4233 2069 4317; baseline 0.002 -25"><span class='ocrx_word' id='word_1_502' title='bbox 410 4244 529 4299; x_wconf 87' lang='grc' dir='ltr'>ταῖς</span> <span class='ocrx_word' id='word_1_503' title='bbox 593 4233 928 4311; x_wconf 83' lang='grc' dir='ltr'>μεταϐολαῖς</span> <span class='ocrx_word' id='word_1_504' title='bbox 977 4238 1267 4311; x_wconf 84' lang='grc' dir='ltr'>κινούμενα</span> <span class='ocrx_word' id='word_1_505' title='bbox 1321 4239 1410 4293; x_wconf 85' lang='grc' dir='ltr'>καὶ</span> <span class='ocrx_word' id='word_1_506' title='bbox 1468 4241 1920 4317; x_wconf 88' lang='grc' dir='ltr'>περιτρεπόμενα,</span> <span class='ocrx_word' id='word_1_507' title='bbox 1979 4243 2069 4296; x_wconf 76' lang='grc' dir='ltr'>καὶ</span> 
     </span>
    </p>
   </div>
   <div class='ocr_carea' id='block_1_70' title="bbox 414 4324 2065 4407">
    <p class='ocr_par' dir='ltr' id='par_1_70' title="bbox 414 4324 2065 4407">
     <span class='ocr_line' id='line_1_70' title="bbox 414 4324 2065 4407; baseline 0.002 -25"><span class='ocrx_word' id='word_1_508' title='bbox 414 4326 617 4383; x_wconf 77' lang='grc' dir='ltr'>ἄλλοτε</span> <span class='ocrx_word' id='word_1_509' title='bbox 661 4324 850 4389; x_wconf 76' lang='grc' dir='ltr'>ἄλλως</span> <span class='ocrx_word' id='word_1_510' title='bbox 899 4326 1114 4403; x_wconf 78' lang='grc' dir='ltr'>ἔχοντα·</span> <span class='ocrx_word' id='word_1_511' title='bbox 1148 4333 1217 4402; x_wconf 78' lang='grc' dir='ltr'>τῇ</span> <span class='ocrx_word' id='word_1_512' title='bbox 1266 4329 1407 4399; x_wconf 80' lang='grc' dir='ltr'>τάξει</span> <span class='ocrx_word' id='word_1_513' title='bbox 1460 4327 1515 4383; x_wconf 74' lang='grc' dir='ltr'>δὲ</span> <span class='ocrx_word' id='word_1_514' title='bbox 1546 4338 1645 4399; x_wconf 80' lang='grc' dir='ltr'>τῆς</span> <span class='ocrx_word' id='word_1_515' title='bbox 1677 4333 1931 4407; x_wconf 83' lang='grc' dir='ltr'>προνοίας</span> <span class='ocrx_word' id='word_1_516' title='bbox 1964 4331 2065 4386; x_wconf 86' lang='grc' dir='ltr'>πά-</span> 
     </span>
    </p>
   </div>
   <div class='ocr_carea' id='block_1_71' title="bbox 409 4414 2067 4495">
    <p class='ocr_par' dir='ltr' id='par_1_71' title="bbox 409 4414 2067 4495">
     <span class='ocr_line' id='line_1_71' title="bbox 409 4414 2067 4495; baseline 0.004 -26"><span class='ocrx_word' id='word_1_517' title='bbox 409 4438 500 4491; x_wconf 90' lang='grc' dir='ltr'>για</span> <span class='ocrx_word' id='word_1_518' title='bbox 547 4416 636 4470; x_wconf 71' lang='lat' dir='ltr'>xui</span> <span class='ocrx_word' id='word_1_519' title='bbox 687 4418 934 4486; x_wconf 87' lang='grc' dir='ltr'>ἀκίνητα,</span> <span class='ocrx_word' id='word_1_520' title='bbox 985 4416 1080 4471; x_wconf 70' lang='grc' dir='ltr'>κᾶν</span> <span class='ocrx_word' id='word_1_521' title='bbox 1136 4414 1224 4471; x_wconf 74' lang='grc' dir='ltr'>διὰ</span> <span class='ocrx_word' id='word_1_522' title='bbox 1269 4422 1378 4472; x_wconf 86' lang='grc' dir='ltr'>τῶν</span> <span class='ocrx_word' id='word_1_523' title='bbox 1437 4418 1689 4473; x_wconf 82' lang='grc' dir='ltr'>ἐναντίων</span> <span class='ocrx_word' id='word_1_524' title='bbox 1750 4418 1930 4495; x_wconf 82' lang='grc' dir='ltr'>ὀδεύῃ,</span> <span class='ocrx_word' id='word_1_525' title='bbox 1989 4427 2067 4493; x_wconf 80' lang='grc' dir='ltr'>τῷ</span> 
     </span>
    </p>
   </div>
   <div class='ocr_carea' id='block_1_72' title="bbox 416 4502 2065 4584">
    <p class='ocr_par' dir='ltr' id='par_1_72' title="bbox 416 4502 2065 4584">
     <span class='ocr_line' id='line_1_72' title="bbox 416 4502 2065 4584; baseline 0.006 -28"><span class='ocrx_word' id='word_1_526' title='bbox 416 4505 575 4579; x_wconf 80' lang='grc' dir='ltr'>Λόγῳ</span> <span class='ocrx_word' id='word_1_527' title='bbox 602 4506 695 4575; x_wconf 73' lang='grc' dir='ltr'>μὶν</span> <span class='ocrx_word' id='word_1_528' title='bbox 722 4502 929 4577; x_wconf 81' lang='grc' dir='ltr'>δήλων,</span> <span class='ocrx_word' id='word_1_529' title='bbox 955 4508 1089 4579; x_wconf 77' lang='grc' dir='ltr'>ἡμῖν</span> <span class='ocrx_word' id='word_1_530' title='bbox 1112 4503 1169 4560; x_wconf 76' lang='grc' dir='ltr'>δέ</span> <span class='ocrx_word' id='word_1_531' title='bbox 1186 4506 1582 4582; x_wconf 59' lang='grc' dir='ltr'>ἀγνοουμένων</span> <span class='ocrx_word' id='word_1_532' title='bbox 1609 4509 1636 4561; x_wconf 85' lang='grc' dir='ltr'>ὁ</span> <span class='ocrx_word' id='word_1_533' title='bbox 1658 4512 1929 4584; x_wconf 80' lang='grc' dir='ltr'>καθαίρων</span> <span class='ocrx_word' id='word_1_534' title='bbox 1950 4514 2065 4582; x_wconf 80' lang='grc'>(21)</span> 
     </span>
    </p>
   </div>
   <div class='ocr_carea' id='block_1_73' title="bbox 2245 2727 3828 2801">
    <p class='ocr_par' dir='ltr' id='par_1_73' title="bbox 2245 2727 3828 2801">
     <span class='ocr_line' id='line_1_73' title="bbox 2245 2727 3828 2801; baseline -0.003 -18"><span class='ocrx_word' id='word_1_535' title='bbox 2245 2728 2689 2801; x_wconf 85' lang='lat' dir='ltr'>Xll.Postquam</span> <span class='ocrx_word' id='word_1_536' title='bbox 2710 2733 2904 2785; x_wconf 90' lang='lat' dir='ltr'>autem</span> <span class='ocrx_word' id='word_1_537' title='bbox 2928 2728 3171 2784; x_wconf 90' lang='lat' dir='ltr'>chorum</span> <span class='ocrx_word' id='word_1_538' title='bbox 3196 2727 3534 2783; x_wconf 91' lang='lat' dir='ltr'>universum</span> <span class='ocrx_word' id='word_1_539' title='bbox 3558 2740 3828 2781; x_wconf 89' lang='lat' dir='ltr'>sermone</span> 
     </span>
    </p>
   </div>
   <div class='ocr_carea' id='block_1_74' title="bbox 2176 2814 3826 2891">
    <p class='ocr_par' dir='ltr' id='par_1_74' title="bbox 2176 2814 3826 2891">
     <span class='ocr_line' id='line_1_74' title="bbox 2176 2814 3826 2891; baseline -0.002 -19"><span class='ocrx_word' id='word_1_540' title='bbox 2176 2819 2639 2890; x_wconf 84' lang='lat' dir='ltr'>repurgavimus,</span> <span class='ocrx_word' id='word_1_541' title='bbox 2666 2834 2790 2891; x_wconf 89' lang='lat' dir='ltr'>age,</span> <span class='ocrx_word' id='word_1_542' title='bbox 2812 2818 3154 2890; x_wconf 90' lang='lat' dir='ltr'>corporibus</span> <span class='ocrx_word' id='word_1_543' title='bbox 3186 2821 3360 2888; x_wconf 91' lang='lat' dir='ltr'>atque</span> <span class='ocrx_word' id='word_1_544' title='bbox 3392 2814 3826 2885; x_wconf 89' lang='lat' dir='ltr'>animis,quoad</span> 
     </span>
    </p>
   </div>
   <div class='ocr_carea' id='block_1_75' title="bbox 2175 2907 3829 2980">
    <p class='ocr_par' dir='ltr' id='par_1_75' title="bbox 2175 2907 3829 2980">
     <span class='ocr_line' id='line_1_75' title="bbox 2175 2907 3829 2980; baseline -0.004 -17"><span class='ocrx_word' id='word_1_545' title='bbox 2175 2908 2303 2977; x_wconf 89' lang='lat' dir='ltr'>ejus</span> <span class='ocrx_word' id='word_1_546' title='bbox 2335 2908 2459 2963; x_wconf 71' lang='lat' dir='ltr'>fieri</span> <span class='ocrx_word' id='word_1_547' title='bbox 2492 2908 2721 2980; x_wconf 89' lang='lat' dir='ltr'>poterit,</span> <span class='ocrx_word' id='word_1_548' title='bbox 2757 2907 3103 2979; x_wconf 80' lang='lat' dir='ltr'>purificatis,</span> <span class='ocrx_word' id='word_1_549' title='bbox 3138 2921 3387 2976; x_wconf 89' lang='lat' dir='ltr'>voceque</span> <span class='ocrx_word' id='word_1_550' title='bbox 3426 2922 3545 2959; x_wconf 90' lang='lat' dir='ltr'>una</span> <span class='ocrx_word' id='word_1_551' title='bbox 3591 2920 3829 2959; x_wconf 88' lang='lat' dir='ltr'>assum-</span> 
     </span>
    </p>
   </div>
   <div class='ocr_carea' id='block_1_76' title="bbox 2175 2993 3828 3069">
    <p class='ocr_par' dir='ltr' id='par_1_76' title="bbox 2175 2993 3828 3069">
     <span class='ocr_line' id='line_1_76' title="bbox 2175 2993 3828 3069; baseline -0.003 -18"><span class='ocrx_word' id='word_1_552' title='bbox 2175 3000 2293 3067; x_wconf 87' lang='lat' dir='ltr'>pta,</span> <span class='ocrx_word' id='word_1_553' title='bbox 2327 3001 2502 3069; x_wconf 85' lang='lat' dir='ltr'>atque</span> <span class='ocrx_word' id='word_1_554' title='bbox 2524 3015 2639 3052; x_wconf 91' lang='lat' dir='ltr'>uno</span> <span class='ocrx_word' id='word_1_555' title='bbox 2662 2998 2987 3069; x_wconf 90' lang='lat' dir='ltr'>eodemque</span> <span class='ocrx_word' id='word_1_556' title='bbox 3012 2996 3235 3067; x_wconf 87' lang='lat' dir='ltr'>Spiritu</span> <span class='ocrx_word' id='word_1_557' title='bbox 3256 2995 3574 3050; x_wconf 89' lang='lat' dir='ltr'>concordes</span> <span class='ocrx_word' id='word_1_558' title='bbox 3596 2993 3828 3061; x_wconf 85' lang='lat' dir='ltr'>redditi,</span> 
     </span>
    </p>
   </div>
   <div class='ocr_carea' id='block_1_77' title="bbox 2173 3082 3829 3158">
    <p class='ocr_par' dir='ltr' id='par_1_77' title="bbox 2173 3082 3829 3158">
     <span class='ocr_line' id='line_1_77' title="bbox 2173 3082 3829 3158; baseline -0.003 -17"><span class='ocrx_word' id='word_1_559' title='bbox 2173 3086 2533 3158; x_wconf 86' lang='lat' dir='ltr'>triumphale</span> <span class='ocrx_word' id='word_1_560' title='bbox 2562 3086 2705 3141; x_wconf 90' lang='lat' dir='ltr'>illud</span> <span class='ocrx_word' id='word_1_561' title='bbox 2740 3104 2973 3142; x_wconf 90' lang='lat' dir='ltr'>carmen</span> <span class='ocrx_word' id='word_1_562' title='bbox 3021 3102 3322 3153; x_wconf 86' lang='lat' dir='ltr'>canamus,</span> <span class='ocrx_word' id='word_1_563' title='bbox 3356 3084 3513 3155; x_wconf 91' lang='lat' dir='ltr'>quod</span> <span class='ocrx_word' id='word_1_564' title='bbox 3569 3082 3708 3139; x_wconf 90' lang='lat' dir='ltr'>olim</span> <span class='ocrx_word' id='word_1_565' title='bbox 3744 3083 3829 3137; x_wconf 85' lang='lat' dir='ltr'>Is-</span> 
     </span>
    </p>
   </div>
   <div class='ocr_carea' id='block_1_78' title="bbox 2183 3173 3834 3248">
    <p class='ocr_par' dir='ltr' id='par_1_78' title="bbox 2183 3173 3834 3248">
     <span class='ocr_line' id='line_1_78' title="bbox 2183 3173 3834 3248; baseline -0.002 -19"><span class='ocrx_word' id='word_1_566' title='bbox 2183 3175 2397 3231; x_wconf 66' lang='lat' dir='ltr'>raelitze</span> <span class='ocrx_word' id='word_1_567' title='bbox 2440 3181 2677 3248; x_wconf 87' lang='lat' dir='ltr'>propter</span> <span class='ocrx_word' id='word_1_568' title='bbox 2731 3175 3029 3247; x_wconf 59' lang='lat' dir='ltr'>ngyptios</span> <span class='ocrx_word' id='word_1_569' title='bbox 3087 3174 3232 3229; x_wconf 89' lang='lat' dir='ltr'>mari</span> <span class='ocrx_word' id='word_1_570' title='bbox 3287 3173 3482 3228; x_wconf 82' lang='lat' dir='ltr'>Rubro</span> <span class='ocrx_word' id='word_1_571' title='bbox 3530 3175 3834 3243; x_wconf 90' lang='lat' dir='ltr'>coopertos</span> 
     </span>
    </p>
   </div>
   <div class='ocr_carea' id='block_1_79' title="bbox 2182 3264 3834 3337">
    <p class='ocr_par' dir='ltr' id='par_1_79' title="bbox 2182 3264 3834 3337">
     <span class='ocr_line' id='line_1_79' title="bbox 2182 3264 3834 3337; baseline -0.002 -18"><span class='ocrx_word' id='word_1_572' title='bbox 2182 3269 2359 3336; x_wconf 89' lang='lat' dir='ltr'>atque</span> <span class='ocrx_word' id='word_1_573' title='bbox 2411 3265 2671 3331; x_wconf 90' lang='lat' dir='ltr'>obrutos,</span> <span class='ocrx_word' id='word_1_574' title='bbox 2722 3264 3065 3337; x_wconf 90' lang='lat' dir='ltr'>auspicante</span> <span class='ocrx_word' id='word_1_575' title='bbox 3113 3264 3315 3326; x_wconf 85' lang='lat' dir='ltr'>Maria,</span> <span class='ocrx_word' id='word_1_576' title='bbox 3370 3268 3834 3335; x_wconf 81' lang='lat' dir='ltr'>tympanumque</span> 
     </span>
    </p>
   </div>
   <div class='ocr_carea' id='block_1_80' title="bbox 2179 3352 3834 3425">
    <p class='ocr_par' dir='ltr' id='par_1_80' title="bbox 2179 3352 3834 3425">
     <span class='ocr_line' id='line_1_80' title="bbox 2179 3352 3834 3425; baseline -0.002 -18"><span class='ocrx_word' id='word_1_577' title='bbox 2179 3353 2473 3425; x_wconf 86' lang='lat' dir='ltr'>pulsante,</span> <span class='ocrx_word' id='word_1_578' title='bbox 2523 3355 2861 3409; x_wconf 88' lang='lat' dir='ltr'>cecinerunt</span> <span class='ocrx_word' id='word_1_579' title='bbox 2916 3371 2927 3409; x_wconf 93' lang='lat'><strong>:</strong></span> <span class='ocrx_word' id='word_1_580' title='bbox 2981 3354 3268 3408; x_wconf 76' lang='lat' dir='ltr'>Cantemus</span> <span class='ocrx_word' id='word_1_581' title='bbox 3290 3353 3518 3407; x_wconf 78' lang='lat' dir='ltr'>Domino</span> <span class='ocrx_word' id='word_1_582' title='bbox 3549 3368 3567 3404; x_wconf 92' lang='lat'><em>:</em></span> <span class='ocrx_word' id='word_1_583' title='bbox 3598 3352 3834 3420; x_wconf 76' lang='lat' dir='ltr'>gloriose</span> 
     </span>
    </p>
   </div>
   <div class='ocr_carea' id='block_1_81' title="bbox 2180 3441 3832 3515">
    <p class='ocr_par' dir='ltr' id='par_1_81' title="bbox 2180 3441 3832 3515">
     <span class='ocr_line' id='line_1_81' title="bbox 2180 3441 3832 3515; baseline -0.002 -17"><span class='ocrx_word' id='word_1_584' title='bbox 2180 3443 2327 3498; x_wconf 81' lang='lat' dir='ltr'>enim</span> <span class='ocrx_word' id='word_1_585' title='bbox 2357 3445 2747 3514; x_wconf 82' lang='lat' dir='ltr'>magniﬁcatus</span> <span class='ocrx_word' id='word_1_586' title='bbox 2778 3446 2857 3498; x_wconf 74' lang='lat' dir='ltr'>est</span> <span class='ocrx_word' id='word_1_587' title='bbox 2885 3461 2903 3497; x_wconf 89' lang='lat'><strong><em>:</em></strong></span> <span class='ocrx_word' id='word_1_588' title='bbox 2936 3460 3139 3515; x_wconf 83' lang='lat' dir='ltr'>equum</span> <span class='ocrx_word' id='word_1_589' title='bbox 3168 3446 3221 3497; x_wconf 83' lang='lat' dir='ltr'>et</span> <span class='ocrx_word' id='word_1_590' title='bbox 3263 3456 3601 3497; x_wconf 78' lang='lat' dir='ltr'>ascensorem</span> <span class='ocrx_word' id='word_1_591' title='bbox 3650 3441 3832 3510; x_wconf 84' lang='lat' dir='ltr'>proje-</span> 
     </span>
    </p>
   </div>
   <div class='ocr_carea' id='block_1_82' title="bbox 2178 3527 3830 3601">
    <p class='ocr_par' dir='ltr' id='par_1_82' title="bbox 2178 3527 3830 3601">
     <span class='ocr_line' id='line_1_82' title="bbox 2178 3527 3830 3601; baseline -0.002 -16"><span class='ocrx_word' id='word_1_592' title='bbox 2178 3533 2275 3599; x_wconf 68' lang='grc' dir='ltr'>εει,</span> <span class='ocrx_word' id='word_1_593' title='bbox 2310 3549 2424 3587; x_wconf 91' lang='lat' dir='ltr'>non</span> <span class='ocrx_word' id='word_1_594' title='bbox 2474 3534 2534 3586; x_wconf 80' lang='lat' dir='ltr'>in</span> <span class='ocrx_word' id='word_1_595' title='bbox 2564 3549 2717 3587; x_wconf 82' lang='lat' dir='ltr'>mare</span> <span class='ocrx_word' id='word_1_596' title='bbox 2758 3534 2822 3601; x_wconf 76' lang='grc' dir='ltr'>⁸ο,</span> <span class='ocrx_word' id='word_1_597' title='bbox 2860 3533 2965 3587; x_wconf 91' lang='lat' dir='ltr'>hoc</span> <span class='ocrx_word' id='word_1_598' title='bbox 2998 3530 3152 3586; x_wconf 90' lang='lat' dir='ltr'>enim</span> <span class='ocrx_word' id='word_1_599' title='bbox 3187 3548 3254 3585; x_wconf 83' lang='lat' dir='ltr'>ex</span> <span class='ocrx_word' id='word_1_600' title='bbox 3285 3530 3543 3584; x_wconf 89' lang='lat' dir='ltr'>carmine</span> <span class='ocrx_word' id='word_1_601' title='bbox 3588 3527 3687 3583; x_wconf 92' lang='lat' dir='ltr'>illo</span> <span class='ocrx_word' id='word_1_602' title='bbox 3719 3530 3830 3582; x_wconf 86' lang='lat' dir='ltr'>im-</span> 
     </span>
    </p>
   </div>
   <div class='ocr_carea' id='block_1_83' title="bbox 2181 3617 3831 3692">
    <p class='ocr_par' dir='ltr' id='par_1_83' title="bbox 2181 3617 3831 3692">
     <span class='ocr_line' id='line_1_83' title="bbox 2181 3617 3831 3692; baseline -0.002 -17"><span class='ocrx_word' id='word_1_603' title='bbox 2181 3624 2575 3687; x_wconf 88' lang='lat' dir='ltr'>muto,verum</span> <span class='ocrx_word' id='word_1_604' title='bbox 2606 3620 2706 3675; x_wconf 88' lang='lat' dir='ltr'>ubi</span> <span class='ocrx_word' id='word_1_605' title='bbox 2731 3620 2843 3692; x_wconf 88' lang='lat' dir='ltr'>ipsi</span> <span class='ocrx_word' id='word_1_606' title='bbox 2866 3624 3097 3691; x_wconf 91' lang='lat' dir='ltr'>gratum</span> <span class='ocrx_word' id='word_1_607' title='bbox 3123 3619 3233 3672; x_wconf 92' lang='lat' dir='ltr'>fuit</span> <span class='ocrx_word' id='word_1_608' title='bbox 3252 3623 3308 3672; x_wconf 90' lang='lat' dir='ltr'>et</span> <span class='ocrx_word' id='word_1_609' title='bbox 3328 3617 3831 3688; x_wconf 89' lang='lat' dir='ltr'>quemadmodum</span> 
     </span>
    </p>
   </div>
   <div class='ocr_carea' id='block_1_84' title="bbox 2180 3706 3831 3780">
    <p class='ocr_par' dir='ltr' id='par_1_84' title="bbox 2180 3706 3831 3780">
     <span class='ocr_line' id='line_1_84' title="bbox 2180 3706 3831 3780; baseline -0.003 -16"><span class='ocrx_word' id='word_1_610' title='bbox 2180 3709 2305 3780; x_wconf 89' lang='lat' dir='ltr'>ipse</span> <span class='ocrx_word' id='word_1_611' title='bbox 2329 3711 2559 3780; x_wconf 89' lang='lat' dir='ltr'>justum</span> <span class='ocrx_word' id='word_1_612' title='bbox 2593 3710 2853 3775; x_wconf 89' lang='lat' dir='ltr'>censuit;</span> <span class='ocrx_word' id='word_1_613' title='bbox 2889 3709 3079 3779; x_wconf 90' lang='lat' dir='ltr'>qui,ut</span> <span class='ocrx_word' id='word_1_614' title='bbox 3099 3708 3353 3778; x_wconf 89' lang='lat' dir='ltr'>quodam</span> <span class='ocrx_word' id='word_1_615' title='bbox 3380 3706 3689 3777; x_wconf 58' lang='lat' dir='ltr'>prophetia</span> <span class='ocrx_word' id='word_1_616' title='bbox 3714 3723 3831 3760; x_wconf 68' lang='lat' dir='ltr'>suae</span> 
     </span>
    </p>
   </div>
   <div class='ocr_carea' id='block_1_85' title="bbox 2180 3795 3835 3869">
    <p class='ocr_par' dir='ltr' id='par_1_85' title="bbox 2180 3795 3835 3869">
     <span class='ocr_line' id='line_1_85' title="bbox 2180 3795 3835 3869; baseline -0.002 -18"><span class='ocrx_word' id='word_1_617' title='bbox 2180 3796 2305 3853; x_wconf 92' lang='lat' dir='ltr'>loco</span> <span class='ocrx_word' id='word_1_618' title='bbox 2339 3801 2531 3852; x_wconf 80' lang='lat' dir='ltr'>Annos</span> <span class='ocrx_word' id='word_1_619' title='bbox 2562 3798 2929 3852; x_wconf 88' lang='lat' dir='ltr'>divinissime</span> <span class='ocrx_word' id='word_1_620' title='bbox 2972 3796 3414 3869; x_wconf 82' lang='lat' dir='ltr'>philosophans,</span> <span class='ocrx_word' id='word_1_621' title='bbox 3460 3797 3535 3849; x_wconf 81' lang='lat' dir='ltr'>ait</span> <span class='ocrx_word' id='word_1_622' title='bbox 3576 3813 3588 3849; x_wconf 91' lang='lat'>:</span> <span class='ocrx_word' id='word_1_623' title='bbox 3625 3795 3835 3849; x_wconf 87' lang='lat' dir='ltr'>Omnia</span> 
     </span>
    </p>
   </div>
   <div class='ocr_carea' id='block_1_86' title="bbox 2181 3883 3830 3957">
    <p class='ocr_par' dir='ltr' id='par_1_86' title="bbox 2181 3883 3830 3957">
     <span class='ocr_line' id='line_1_86' title="bbox 2181 3883 3830 3957; baseline -0.002 -17"><span class='ocrx_word' id='word_1_624' title='bbox 2181 3886 2320 3941; x_wconf 87' lang='lat' dir='ltr'>facit</span> <span class='ocrx_word' id='word_1_625' title='bbox 2350 3891 2525 3957; x_wconf 90' lang='lat' dir='ltr'>atque</span> <span class='ocrx_word' id='word_1_626' title='bbox 2554 3887 2830 3941; x_wconf 92' lang='lat' dir='ltr'>immutat</span> <span class='ocrx_word' id='word_1_627' title='bbox 2865 3903 2876 3940; x_wconf 92' lang='lat'><strong>:</strong></span> <span class='ocrx_word' id='word_1_628' title='bbox 2912 3885 3011 3957; x_wconf 92' lang='lat' dir='ltr'>qui</span> <span class='ocrx_word' id='word_1_629' title='bbox 3044 3885 3251 3940; x_wconf 89' lang='lat' dir='ltr'>mortis</span> <span class='ocrx_word' id='word_1_630' title='bbox 3284 3886 3556 3939; x_wconf 91' lang='lat' dir='ltr'>umbram</span> <span class='ocrx_word' id='word_1_631' title='bbox 3588 3885 3647 3938; x_wconf 90' lang='lat' dir='ltr'>in</span> <span class='ocrx_word' id='word_1_632' title='bbox 3680 3883 3830 3937; x_wconf 81' lang='lat' dir='ltr'>dilu-</span> 
     </span>
    </p>
   </div>
   <div class='ocr_carea' id='block_1_87' title="bbox 2180 3973 3829 4031">
    <p class='ocr_par' dir='ltr' id='par_1_87' title="bbox 2180 3973 3829 4031">
     <span class='ocr_line' id='line_1_87' title="bbox 2180 3973 3829 4031; baseline -0.003 0"><span class='ocrx_word' id='word_1_633' title='bbox 2180 3974 2378 4031; x_wconf 88' lang='lat' dir='ltr'>culum</span> <span class='ocrx_word' id='word_1_634' title='bbox 2412 3974 2584 4029; x_wconf 90' lang='lat' dir='ltr'>vertit</span> <span class='ocrx_word' id='word_1_635' title='bbox 2613 3978 2667 4028; x_wconf 92' lang='lat' dir='ltr'>et</span> <span class='ocrx_word' id='word_1_636' title='bbox 2708 3974 2863 4029; x_wconf 92' lang='lat' dir='ltr'>diem</span> <span class='ocrx_word' id='word_1_637' title='bbox 2910 3975 2970 4028; x_wconf 92' lang='lat' dir='ltr'>in</span> <span class='ocrx_word' id='word_1_638' title='bbox 3021 3978 3337 4029; x_wconf 89' lang='lat' dir='ltr'>nocturnas</span> <span class='ocrx_word' id='word_1_639' title='bbox 3387 3973 3657 4028; x_wconf 88' lang='lat' dir='ltr'>tenebras</span> <span class='ocrx_word' id='word_1_640' title='bbox 3699 3989 3829 4027; x_wconf 89' lang='lat' dir='ltr'>mu-</span> 
     </span>
    </p>
   </div>
   <div class='ocr_carea' id='block_1_88' title="bbox 2179 4062 3831 4135">
    <p class='ocr_par' dir='ltr' id='par_1_88' title="bbox 2179 4062 3831 4135">
     <span class='ocr_line' id='line_1_88' title="bbox 2179 4062 3831 4135; baseline -0.001 -17"><span class='ocrx_word' id='word_1_641' title='bbox 2179 4068 2265 4120; x_wconf 88' lang='lat' dir='ltr'>tat</span> <span class='ocrx_word' id='word_1_642' title='bbox 2289 4066 2355 4133; x_wconf 85' lang='grc'>⁶¹,</span> <span class='ocrx_word' id='word_1_643' title='bbox 2392 4081 2457 4119; x_wconf 89' lang='lat' dir='ltr'>ac</span> <span class='ocrx_word' id='word_1_644' title='bbox 2490 4062 2647 4118; x_wconf 89' lang='lat' dir='ltr'>velut</span> <span class='ocrx_word' id='word_1_645' title='bbox 2704 4080 2806 4135; x_wconf 89' lang='lat' dir='ltr'>per</span> <span class='ocrx_word' id='word_1_646' title='bbox 2846 4064 3131 4119; x_wconf 89' lang='lat' dir='ltr'>circulum</span> <span class='ocrx_word' id='word_1_647' title='bbox 3184 4064 3501 4134; x_wconf 89' lang='lat' dir='ltr'>quemdam</span> <span class='ocrx_word' id='word_1_648' title='bbox 3541 4063 3831 4116; x_wconf 91' lang='lat' dir='ltr'>mundum</span> 
     </span>
    </p>
   </div>
   <div class='ocr_carea' id='block_1_89' title="bbox 2180 4154 3831 4225">
    <p class='ocr_par' dir='ltr' id='par_1_89' title="bbox 2180 4154 3831 4225">
     <span class='ocr_line' id='line_1_89' title="bbox 2180 4154 3831 4225; baseline -0.001 -17"><span class='ocrx_word' id='word_1_649' title='bbox 2180 4154 2337 4209; x_wconf 92' lang='lat' dir='ltr'>hunc</span> <span class='ocrx_word' id='word_1_650' title='bbox 2385 4154 2721 4208; x_wconf 89' lang='lat' dir='ltr'>universum</span> <span class='ocrx_word' id='word_1_651' title='bbox 2768 4154 3055 4225; x_wconf 86' lang='lat' dir='ltr'>gubernat</span> <span class='ocrx_word' id='word_1_652' title='bbox 3100 4170 3164 4207; x_wconf 93' lang='lat' dir='ltr'>ac</span> <span class='ocrx_word' id='word_1_653' title='bbox 3224 4154 3581 4218; x_wconf 88' lang='lat' dir='ltr'>moderatur,</span> <span class='ocrx_word' id='word_1_654' title='bbox 3619 4167 3831 4221; x_wconf 82' lang='lat' dir='ltr'>resque</span> 
     </span>
    </p>
   </div>
   <div class='ocr_carea' id='block_1_90' title="bbox 2180 4240 3830 4312">
    <p class='ocr_par' dir='ltr' id='par_1_90' title="bbox 2180 4240 3830 4312">
     <span class='ocr_line' id='line_1_90' title="bbox 2180 4240 3830 4312; baseline -0.002 -14"><span class='ocrx_word' id='word_1_655' title='bbox 2180 4260 2380 4298; x_wconf 91' lang='lat' dir='ltr'>omnes</span> <span class='ocrx_word' id='word_1_656' title='bbox 2413 4247 2665 4309; x_wconf 89' lang='lat' dir='ltr'>nostras,</span> <span class='ocrx_word' id='word_1_657' title='bbox 2702 4242 3054 4298; x_wconf 87' lang='lat' dir='ltr'>fluctuantes</span> <span class='ocrx_word' id='word_1_658' title='bbox 3094 4242 3272 4296; x_wconf 90' lang='lat' dir='ltr'>simul</span> <span class='ocrx_word' id='word_1_659' title='bbox 3325 4242 3685 4312; x_wconf 90' lang='lat' dir='ltr'>minimeque</span> <span class='ocrx_word' id='word_1_660' title='bbox 3717 4240 3830 4294; x_wconf 89' lang='lat' dir='ltr'>flu-</span> 
     </span>
    </p>
   </div>
   <div class='ocr_carea' id='block_1_91' title="bbox 2179 4332 3831 4404">
    <p class='ocr_par' dir='ltr' id='par_1_91' title="bbox 2179 4332 3831 4404">
     <span class='ocr_line' id='line_1_91' title="bbox 2179 4332 3831 4404; baseline -0.003 -16"><span class='ocrx_word' id='word_1_661' title='bbox 2179 4337 2539 4397; x_wconf 87' lang='lat' dir='ltr'>ctuantes,ut</span> <span class='ocrx_word' id='word_1_662' title='bbox 2560 4349 2686 4403; x_wconf 72' lang='lat' dir='ltr'>quae</span> <span class='ocrx_word' id='word_1_663' title='bbox 2708 4349 2808 4404; x_wconf 93' lang='lat' dir='ltr'>per</span> <span class='ocrx_word' id='word_1_664' title='bbox 2830 4333 3187 4387; x_wconf 89' lang='lat' dir='ltr'>mutationes</span> <span class='ocrx_word' id='word_1_665' title='bbox 3210 4332 3448 4403; x_wconf 89' lang='lat' dir='ltr'>quidem</span> <span class='ocrx_word' id='word_1_666' title='bbox 3469 4334 3831 4396; x_wconf 83' lang='lat' dir='ltr'>moveantur,</span> 
     </span>
    </p>
   </div>
   <div class='ocr_carea' id='block_1_92' title="bbox 2179 4419 3832 4493">
    <p class='ocr_par' dir='ltr' id='par_1_92' title="bbox 2179 4419 3832 4493">
     <span class='ocr_line' id='line_1_92' title="bbox 2179 4419 3832 4493; baseline -0.004 -15"><span class='ocrx_word' id='word_1_667' title='bbox 2179 4440 2245 4478; x_wconf 90' lang='lat' dir='ltr'>ac</span> <span class='ocrx_word' id='word_1_668' title='bbox 2275 4439 2513 4477; x_wconf 89' lang='lat' dir='ltr'>sursum</span> <span class='ocrx_word' id='word_1_669' title='bbox 2536 4421 2931 4492; x_wconf 90' lang='lat' dir='ltr'>deorsumque</span> <span class='ocrx_word' id='word_1_670' title='bbox 2962 4421 3277 4493; x_wconf 88' lang='lat' dir='ltr'>agitentur,</span> <span class='ocrx_word' id='word_1_671' title='bbox 3302 4420 3561 4491; x_wconf 89' lang='lat' dir='ltr'>aliasque</span> <span class='ocrx_word' id='word_1_672' title='bbox 3582 4419 3750 4474; x_wconf 88' lang='lat' dir='ltr'>aliter</span> <span class='ocrx_word' id='word_1_673' title='bbox 3771 4435 3832 4473; x_wconf 87' lang='lat' dir='ltr'>se</span> 
     </span>
    </p>
   </div>
   <div class='ocr_carea' id='block_1_93' title="bbox 2180 4506 3831 4580">
    <p class='ocr_par' dir='ltr' id='par_1_93' title="bbox 2180 4506 3831 4580">
     <span class='ocr_line' id='line_1_93' title="bbox 2180 4506 3831 4580; baseline -0.004 -13"><span class='ocrx_word' id='word_1_674' title='bbox 2180 4512 2468 4567; x_wconf 91' lang='lat' dir='ltr'>habeant:</span> <span class='ocrx_word' id='word_1_675' title='bbox 2505 4516 2565 4564; x_wconf 89' lang='lat' dir='ltr'>at</span> <span class='ocrx_word' id='word_1_676' title='bbox 2594 4515 2883 4580; x_wconf 90' lang='lat' dir='ltr'>quantum</span> <span class='ocrx_word' id='word_1_677' title='bbox 2914 4511 2986 4564; x_wconf 92' lang='lat' dir='ltr'>ad</span> <span class='ocrx_word' id='word_1_678' title='bbox 3028 4511 3235 4564; x_wconf 59' lang='lat' dir='ltr'>divinas</span> <span class='ocrx_word' id='word_1_679' title='bbox 3268 4510 3643 4580; x_wconf 75' lang='lat' dir='ltr'>providentiae</span> <span class='ocrx_word' id='word_1_680' title='bbox 3675 4506 3831 4563; x_wconf 92' lang='lat' dir='ltr'>ordi-</span> 
     </span>
    </p>
   </div>
   <div class='ocr_carea' id='block_1_94' title="bbox 416 4587 2067 4671">
    <p class='ocr_par' dir='ltr' id='par_1_94' title="bbox 416 4589 2063 4671">
     <span class='ocr_line' id='line_1_94' title="bbox 416 4589 2063 4671; baseline 0.005 -25"><span class='ocrx_word' id='word_1_681' title='bbox 416 4589 674 4654; x_wconf 82' lang='grc' dir='ltr'>ὃυνάστας</span> <span class='ocrx_word' id='word_1_682' title='bbox 708 4593 811 4648; x_wconf 74' lang='grc' dir='ltr'>ἀπὸ</span> <span class='ocrx_word' id='word_1_683' title='bbox 856 4595 1083 4667; x_wconf 83' lang='grc' dir='ltr'>θρόνων,</span> <span class='ocrx_word' id='word_1_684' title='bbox 1126 4594 1215 4648; x_wconf 84' lang='grc' dir='ltr'>καὶ</span> <span class='ocrx_word' id='word_1_685' title='bbox 1264 4595 1634 4666; x_wconf 89' lang='grc' dir='ltr'>ἀνυπονόητον</span> <span class='ocrx_word' id='word_1_686' title='bbox 1682 4604 1899 4671; x_wconf 86' lang='grc' dir='ltr'>κοσμῶν</span> <span class='ocrx_word' id='word_1_687' title='bbox 1949 4596 2063 4653; x_wconf 84' lang='grc' dir='ltr'>δια-</span> 
     </span>
    </p>
   </div>
   <div class='ocr_carea' id='block_1_95' title="bbox 2185 4587 3832 4671">
    <p class='ocr_par' dir='ltr' id='par_1_95' title="bbox 2185 4596 3832 4663">
     <span class='ocr_line' id='line_1_95' title="bbox 2185 4596 3832 4663; baseline -0.004 -7"><span class='ocrx_word' id='word_1_688' title='bbox 2185 4617 2308 4656; x_wconf 84' lang='lat' dir='ltr'>nem</span> <span class='ocrx_word' id='word_1_689' title='bbox 2340 4605 2397 4655; x_wconf 93' lang='lat' dir='ltr'>et</span> <span class='ocrx_word' id='word_1_690' title='bbox 2425 4598 2899 4654; x_wconf 88' lang='lat' dir='ltr'>constitutionem</span> <span class='ocrx_word' id='word_1_691' title='bbox 2928 4599 3050 4652; x_wconf 73' lang='lat' dir='ltr'>lixas</span> <span class='ocrx_word' id='word_1_692' title='bbox 3083 4603 3139 4654; x_wconf 88' lang='lat' dir='ltr'>et</span> <span class='ocrx_word' id='word_1_693' title='bbox 3170 4599 3409 4655; x_wconf 87' lang='lat' dir='ltr'>stabiles</span> <span class='ocrx_word' id='word_1_694' title='bbox 3431 4598 3568 4663; x_wconf 80' lang='lat' dir='ltr'>sint,</span> <span class='ocrx_word' id='word_1_695' title='bbox 3600 4596 3832 4652; x_wconf 88' lang='lat' dir='ltr'>etiamsi</span> 
     </span>
    </p>
   </div>
   <div class='ocr_carea' id='block_1_96' title="bbox 481 4791 2067 4868">
    <p class='ocr_par' dir='ltr' id='par_1_96' title="bbox 481 4791 2067 4868">
     <span class='ocr_line' id='line_1_96' title="bbox 481 4791 2067 4868; baseline 0.004 -22"><span class='ocrx_word' id='word_1_696' title='bbox 481 4791 526 4825; x_wconf 72' lang='grc'>⁵⁸</span> <span class='ocrx_word' id='word_1_697' title='bbox 555 4793 754 4848; x_wconf 86' lang='lat' dir='ltr'>Matth.</span> <span class='ocrx_word' id='word_1_698' title='bbox 787 4811 889 4863; x_wconf 86' lang='lat' dir='ltr'>vn,</span> <span class='ocrx_word' id='word_1_699' title='bbox 918 4796 1006 4850; x_wconf 81' lang='grc'>24.</span> <span class='ocrx_word' id='word_1_700' title='bbox 1087 4798 1131 4831; x_wconf 71' lang='grc'>⁵9</span> <span class='ocrx_word' id='word_1_701' title='bbox 1162 4794 1311 4851; x_wconf 89' lang='lat' dir='ltr'>Psal.</span> <span class='ocrx_word' id='word_1_702' title='bbox 1348 4811 1517 4864; x_wconf 85' lang='lat' dir='ltr'>vau,</span> <span class='ocrx_word' id='word_1_703' title='bbox 1554 4795 1658 4863; x_wconf 85' lang='lat'>19;</span> <span class='ocrx_word' id='word_1_704' title='bbox 1691 4796 1903 4868; x_wconf 88' lang='lat' dir='ltr'>Ephes.</span> <span class='ocrx_word' id='word_1_705' title='bbox 1938 4814 2012 4866; x_wconf 84' lang='lat' dir='ltr'>Iv,</span> <span class='ocrx_word' id='word_1_706' title='bbox 2045 4800 2067 4854; x_wconf 78' lang='grc' dir='ltr'>ε</span> 
     </span>
    </p>
   </div>
   <div class='ocr_carea' id='block_1_97' title="bbox 2185 4791 3151 4868">
    <p class='ocr_par' dir='ltr' id='par_1_97' title="bbox 2185 4794 3151 4861">
     <span class='ocr_line' id='line_1_97' title="bbox 2185 4794 3151 4861; baseline -0.006 -7"><span class='ocrx_word' id='word_1_707' title='bbox 2185 4798 2220 4833; x_wconf 80' lang='grc' dir='ltr'><strong>⁵ο</strong></span> <span class='ocrx_word' id='word_1_708' title='bbox 2250 4797 2426 4853; x_wconf 83' lang='lat' dir='ltr'>Exod.</span> <span class='ocrx_word' id='word_1_709' title='bbox 2478 4813 2569 4861; x_wconf 87' lang='lat' dir='ltr'>xv,</span> <span class='ocrx_word' id='word_1_710' title='bbox 2606 4797 2655 4849; x_wconf 84' lang='lat'><strong>1.</strong></span> <span class='ocrx_word' id='word_1_711' title='bbox 2732 4796 2774 4829; x_wconf 80' lang='grc'>⁶¹</span> <span class='ocrx_word' id='word_1_712' title='bbox 2808 4796 2985 4849; x_wconf 91' lang='lat' dir='ltr'>Amos</span> <span class='ocrx_word' id='word_1_713' title='bbox 3012 4811 3065 4861; x_wconf 90' lang='lat' dir='ltr'>v,</span> <span class='ocrx_word' id='word_1_714' title='bbox 3097 4794 3151 4848; x_wconf 91' lang='lat'>8.</span> 
     </span>
    </p>
   </div>
   <div class='ocr_carea' id='block_1_98' title="bbox 479 4985 1708 5059">
    <p class='ocr_par' dir='ltr' id='par_1_98' title="bbox 479 4985 1708 5059">
     <span class='ocr_line' id='line_1_98' title="bbox 479 4985 1708 5059; baseline 0.005 -18"><span class='ocrx_word' id='word_1_715' title='bbox 479 4988 593 5059; x_wconf 90' lang='lat'><strong>(11)</strong></span> <span class='ocrx_word' id='word_1_716' title='bbox 651 4986 746 5039; x_wconf 78' lang='grc' dir='ltr'>Καὶ</span> <span class='ocrx_word' id='word_1_717' title='bbox 808 4985 932 5041; x_wconf 70' lang='grc' dir='ltr'>οὐδὲ</span> <span class='ocrx_word' id='word_1_718' title='bbox 990 4988 1273 5049; x_wconf 67' lang='grc' dir='ltr'>ἐπαίοντας</span> <span class='ocrx_word' id='word_1_719' title='bbox 1330 4995 1439 5045; x_wconf 96' lang='lat' dir='ltr'>etc.</span> <span class='ocrx_word' id='word_1_720' title='bbox 1502 4989 1708 5047; x_wconf 89' lang='lat' dir='ltr'>Billius</span> 
     </span>
    </p>
   </div>
   <div class='ocr_carea' id='block_1_99' title="bbox 408 5060 1591 5134">
    <p class='ocr_par' dir='ltr' id='par_1_99' title="bbox 408 5060 1591 5134">
     <span class='ocr_line' id='line_1_99' title="bbox 408 5060 1591 5134; baseline -0.002 -21"><span class='ocrx_word' id='word_1_721' title='bbox 408 5061 713 5134; x_wconf 88' lang='lat' dir='ltr'>audientes</span> <span class='ocrx_word' id='word_1_722' title='bbox 745 5060 982 5134; x_wconf 83' lang='lat' dir='ltr'>quidem</span> <span class='ocrx_word' id='word_1_723' title='bbox 1018 5062 1265 5117; x_wconf 88' lang='lat' dir='ltr'>fortasse</span> <span class='ocrx_word' id='word_1_724' title='bbox 1297 5062 1524 5134; x_wconf 91' lang='lat' dir='ltr'>lugens.</span> <span class='ocrx_word' id='word_1_725' title='bbox 1564 5085 1591 5111; x_wconf 87' lang='grc'><strong>››</strong></span> 
     </span>
    </p>
   </div>
   <div class='ocr_carea' id='block_1_100' title="bbox 476 5128 2062 5209">
    <p class='ocr_par' dir='ltr' id='par_1_100' title="bbox 476 5128 2062 5209">
     <span class='ocr_line' id='line_1_100' title="bbox 476 5128 2062 5209; baseline 0.001 -24"><span class='ocrx_word' id='word_1_726' title='bbox 476 5133 590 5209; x_wconf 77' lang='grc'>(12)</span> <span class='ocrx_word' id='word_1_727' title='bbox 622 5128 1049 5209; x_wconf 33' lang='grc' dir='ltr'>ΙΙροξύψαντες.-</span> <span class='ocrx_word' id='word_1_728' title='bbox 1086 5128 1574 5209; x_wconf 71' lang='lat' dir='ltr'>«__Erumpentes,</span> <span class='ocrx_word' id='word_1_729' title='bbox 1623 5133 1780 5190; x_wconf 90' lang='lat' dir='ltr'>velut</span> <span class='ocrx_word' id='word_1_730' title='bbox 1827 5128 2062 5209; x_wconf 78' lang='grc' dir='ltr'>ἔμϐρυον</span> 
     </span>
    </p>
   </div>
   <div class='ocr_carea' id='block_1_101' title="bbox 403 5201 1476 5277">
    <p class='ocr_par' dir='ltr' id='par_1_101' title="bbox 403 5201 1476 5277">
     <span class='ocr_line' id='line_1_101' title="bbox 403 5201 1476 5277; baseline 0 -19"><span class='ocrx_word' id='word_1_731' title='bbox 403 5201 577 5277; x_wconf 87' lang='lat' dir='ltr'>vulva</span> <span class='ocrx_word' id='word_1_732' title='bbox 604 5201 958 5277; x_wconf 71' lang='grc' dir='ltr'>προκύπτειν,</span> <span class='ocrx_word' id='word_1_733' title='bbox 998 5205 1081 5277; x_wconf 84' lang='lat' dir='ltr'>ait</span> <span class='ocrx_word' id='word_1_734' title='bbox 1112 5201 1476 5260; x_wconf 83' lang='lat' dir='ltr'>Plutarchus.</span> 
     </span>
    </p>
   </div>
   <div class='ocr_carea' id='block_1_102' title="bbox 478 5273 2063 5349">
    <p class='ocr_par' dir='ltr' id='par_1_102' title="bbox 478 5273 2063 5349">
     <span class='ocr_line' id='line_1_102' title="bbox 478 5273 2063 5349; baseline 0.001 -19"><span class='ocrx_word' id='word_1_735' title='bbox 478 5273 956 5349; x_wconf 30' lang='grc' dir='ltr'>(13),Ἅρὲσωσιν.</span> <span class='ocrx_word' id='word_1_736' title='bbox 1010 5276 1103 5332; x_wconf 91' lang='lat' dir='ltr'>Sic</span> <span class='ocrx_word' id='word_1_737' title='bbox 1162 5278 1301 5349; x_wconf 82' lang='lat' dir='ltr'>Reg.</span> <span class='ocrx_word' id='word_1_738' title='bbox 1362 5278 1645 5349; x_wconf 91' lang='lat' dir='ltr'>quinque,</span> <span class='ocrx_word' id='word_1_739' title='bbox 1709 5277 1895 5343; x_wconf 88' lang='lat' dir='ltr'>Pass.,</span> <span class='ocrx_word' id='word_1_740' title='bbox 1954 5282 2063 5333; x_wconf 90' lang='lat' dir='ltr'>etc.</span> 
     </span>
    </p>
   </div>
   <div class='ocr_carea' id='block_1_103' title="bbox 409 5343 880 5421">
    <p class='ocr_par' dir='ltr' id='par_1_103' title="bbox 409 5343 880 5421">
     <span class='ocr_line' id='line_1_103' title="bbox 409 5343 880 5421; baseline 0.006 -23"><span class='ocrx_word' id='word_1_741' title='bbox 409 5343 559 5421; x_wconf 64' lang='lat' dir='ltr'>Edit.</span> <span class='ocrx_word' id='word_1_742' title='bbox 593 5343 880 5421; x_wconf 79' lang='grc' dir='ltr'>ἀρέσκωσι.</span> 
     </span>
    </p>
   </div>
   <div class='ocr_carea' id='block_1_104' title="bbox 481 5416 2062 5491">
    <p class='ocr_par' dir='ltr' id='par_1_104' title="bbox 481 5416 2062 5491">
     <span class='ocr_line' id='line_1_104' title="bbox 481 5416 2062 5491; baseline 0.002 -17"><span class='ocrx_word' id='word_1_743' title='bbox 481 5417 589 5491; x_wconf 70' lang='grc'>(14)</span> <span class='ocrx_word' id='word_1_744' title='bbox 620 5416 941 5491; x_wconf 85' lang='grc' dir='ltr'>Πειρασμῶν</span> <span class='ocrx_word' id='word_1_745' title='bbox 966 5416 1266 5491; x_wconf 80' lang='grc' dir='ltr'>καύσωνος.</span> <span class='ocrx_word' id='word_1_746' title='bbox 1301 5420 1395 5475; x_wconf 89' lang='lat' dir='ltr'>Sic</span> <span class='ocrx_word' id='word_1_747' title='bbox 1426 5420 1564 5491; x_wconf 78' lang='lat' dir='ltr'>Reg.</span> <span class='ocrx_word' id='word_1_748' title='bbox 1600 5419 1700 5474; x_wconf 87' lang='lat' dir='ltr'>bm</span> <span class='ocrx_word' id='word_1_749' title='bbox 1727 5425 1785 5474; x_wconf 89' lang='lat' dir='ltr'>et</span> <span class='ocrx_word' id='word_1_750' title='bbox 1815 5419 1974 5475; x_wconf 91' lang='lat' dir='ltr'>Colb.</span> <span class='ocrx_word' id='word_1_751' title='bbox 2008 5422 2062 5477; x_wconf 89' lang='grc'>5.</span> 
     </span>
    </p>
   </div>
   <div class='ocr_carea' id='block_1_105' title="bbox 411 5485 1343 5577">
    <p class='ocr_par' dir='ltr' id='par_1_105' title="bbox 411 5485 1343 5577">
     <span class='ocr_line' id='line_1_105' title="bbox 411 5485 1343 5577; baseline 0.008 -39"><span class='ocrx_word' id='word_1_752' title='bbox 411 5485 896 5577; x_wconf 24' lang='grc' dir='ltr'>Εάἱὶρνπειρασμοῦ</span> <span class='ocrx_word' id='word_1_753' title='bbox 926 5489 1016 5543; x_wconf 85' lang='grc' dir='ltr'>καὶ</span> <span class='ocrx_word' id='word_1_754' title='bbox 1047 5488 1343 5551; x_wconf 89' lang='grc' dir='ltr'>καύσωνος.</span> 
     </span>
    </p>
   </div>
   <div class='ocr_carea' id='block_1_106' title="bbox 482 5560 1860 5629">
    <p class='ocr_par' dir='ltr' id='par_1_106' title="bbox 482 5560 1860 5629">
     <span class='ocr_line' id='line_1_106' title="bbox 482 5560 1860 5629; baseline 0.003 -16"><span class='ocrx_word' id='word_1_755' title='bbox 482 5562 501 5625; x_wconf 91' lang='grc'>(</span> <span class='ocrx_word' id='word_1_756' title='bbox 540 5560 595 5629; x_wconf 86' lang='grc'>5)</span> <span class='ocrx_word' id='word_1_757' title='bbox 628 5560 862 5614; x_wconf 69' lang='grc' dir='ltr'>Εῧωνοι.</span> <span class='ocrx_word' id='word_1_758' title='bbox 899 5583 925 5610; x_wconf 87' lang='grc'><strong>‹‹</strong></span> <span class='ocrx_word' id='word_1_759' title='bbox 960 5562 1225 5617; x_wconf 82' lang='lat' dir='ltr'>Venales.</span> <span class='ocrx_word' id='word_1_760' title='bbox 1266 5588 1285 5611; x_wconf 80' lang='grc' dir='ltr'>ι</span> <span class='ocrx_word' id='word_1_761' title='bbox 1316 5562 1537 5628; x_wconf 88' lang='lat' dir='ltr'>Billius,</span> <span class='ocrx_word' id='word_1_762' title='bbox 1572 5584 1600 5611; x_wconf 88' lang='grc'>‹‹</span> <span class='ocrx_word' id='word_1_763' title='bbox 1632 5562 1794 5618; x_wconf 88' lang='lat' dir='ltr'>viles.</span> <span class='ocrx_word' id='word_1_764' title='bbox 1831 5582 1860 5611; x_wconf 81' lang='lat'><strong>»</strong></span> 
     </span>
    </p>
   </div>
   <div class='ocr_carea' id='block_1_107' title="bbox 481 5630 1893 5772">
    <p class='ocr_par' dir='ltr' id='par_1_107' title="bbox 481 5630 1893 5772">
     <span class='ocr_line' id='line_1_107' title="bbox 481 5630 1893 5772; baseline -0.001 -88"><span class='ocrx_word' id='word_1_765' title='bbox 481 5630 594 5772; x_wconf 67' lang='grc'>(16)</span> <span class='ocrx_word' id='word_1_766' title='bbox 628 5633 725 5686; x_wconf 76' lang='grc' dir='ltr'>Διά</span> <span class='ocrx_word' id='word_1_767' title='bbox 762 5630 853 5683; x_wconf 85' lang='grc' dir='ltr'>τὸν</span> <span class='ocrx_word' id='word_1_768' title='bbox 888 5630 1061 5705; x_wconf 86' lang='grc' dir='ltr'>Λόγον</span> <span class='ocrx_word' id='word_1_769' title='bbox 1096 5676 1107 5686; x_wconf 92' lang='grc'>.</span> <span class='ocrx_word' id='word_1_770' title='bbox 1144 5657 1169 5682; x_wconf 88' lang='grc'>‹‹</span> <span class='ocrx_word' id='word_1_771' title='bbox 1204 5635 1288 5690; x_wconf 89' lang='lat' dir='ltr'>Ob</span> <span class='ocrx_word' id='word_1_772' title='bbox 1323 5636 1454 5689; x_wconf 81' lang='lat' dir='ltr'>fidei</span> <span class='ocrx_word' id='word_1_773' title='bbox 1488 5634 1835 5689; x_wconf 82' lang='lat' dir='ltr'>doctrinam.</span> <span class='ocrx_word' id='word_1_774' title='bbox 1867 5656 1893 5683; x_wconf 91' lang='grc'><strong>››</strong></span> 
     </span>
     <span class='ocr_line' id='line_1_108' title="bbox 508 5701 1893 5772; baseline 0.002 -15"><span class='ocrx_word' id='word_1_775' title='bbox 508 5704 591 5767; x_wconf 90' lang='grc'>17)</span> <span class='ocrx_word' id='word_1_776' title='bbox 640 5702 967 5772; x_wconf 69' lang='grc' dir='ltr'>Καλυφθεῖσι</span> <span class='ocrx_word' id='word_1_777' title='bbox 1026 5701 1289 5772; x_wconf 84' lang='grc' dir='ltr'>θαλάσση.</span> <span class='ocrx_word' id='word_1_778' title='bbox 1351 5706 1443 5761; x_wconf 85' lang='lat' dir='ltr'>Sic</span> <span class='ocrx_word' id='word_1_779' title='bbox 1500 5704 1673 5761; x_wconf 83' lang='lat' dir='ltr'>Coisl.</span> <span class='ocrx_word' id='word_1_780' title='bbox 1734 5708 1784 5772; x_wconf 93' lang='lat'>1,</span> <span class='ocrx_word' id='word_1_781' title='bbox 1839 5710 1893 5760; x_wconf 90' lang='lat' dir='ltr'>et</span> 
     </span>
    </p>
   </div>
   <div class='ocr_carea' id='block_1_108' title="bbox 508 5701 2067 5779">
    <p class='ocr_par' dir='ltr' id='par_1_108' title="bbox 508 5701 2067 5779">
     <span class='ocr_line' id='line_1_109' title="bbox 508 5701 2067 5779; baseline 0.001 -22"><span class='ocrx_word' id='word_1_782' title='bbox 508 5704 591 5773; x_wconf 86' lang='lat'><strong>17)</strong></span> <span class='ocrx_word' id='word_1_783' title='bbox 640 5701 990 5779; x_wconf 53' lang='grc' dir='ltr'>Καλυφθεῖσί</span> <span class='ocrx_word' id='word_1_784' title='bbox 1026 5701 1289 5775; x_wconf 84' lang='grc' dir='ltr'>θαλάσση.</span> <span class='ocrx_word' id='word_1_785' title='bbox 1351 5706 1443 5761; x_wconf 87' lang='lat' dir='ltr'>Sic</span> <span class='ocrx_word' id='word_1_786' title='bbox 1500 5704 1673 5761; x_wconf 83' lang='lat' dir='ltr'>Coisl.</span> <span class='ocrx_word' id='word_1_787' title='bbox 1734 5708 1784 5776; x_wconf 93' lang='lat'>1,</span> <span class='ocrx_word' id='word_1_788' title='bbox 1839 5710 1896 5760; x_wconf 90' lang='lat' dir='ltr'>et</span> <span class='ocrx_word' id='word_1_789' title='bbox 1951 5705 2067 5760; x_wconf 86' lang='lat' dir='ltr'>duo</span> 
     </span>
    </p>
   </div>
   <div class='ocr_carea' id='block_1_109' title="bbox 1770 5008 2065 5049">
    <p class='ocr_par' dir='ltr' id='par_1_109' title="bbox 1770 5008 2065 5049">
     <span class='ocr_line' id='line_1_110' title="bbox 1770 5008 2065 5049; baseline 0.007 -2"><span class='ocrx_word' id='word_1_790' title='bbox 1770 5010 1863 5047; x_wconf 70' lang='grc' dir='ltr'>ιι(</span> <span class='ocrx_word' id='word_1_791' title='bbox 1893 5009 1959 5047; x_wconf 89' lang='lat' dir='ltr'>ac</span> <span class='ocrx_word' id='word_1_792' title='bbox 1992 5008 2065 5049; x_wconf 87' lang='lat' dir='ltr'>ne</span> 
     </span>
    </p>
   </div>
   <div class='ocr_carea' id='block_1_110' title="bbox 2174 4988 3830 5061">
    <p class='ocr_par' dir='ltr' id='par_1_110' title="bbox 2174 4988 3830 5061">
     <span class='ocr_line' id='line_1_111' title="bbox 2174 4988 3830 5061; baseline -0.001 -15"><span class='ocrx_word' id='word_1_793' title='bbox 2174 4992 2334 5047; x_wconf 86' lang='lat' dir='ltr'>Colb.</span> <span class='ocrx_word' id='word_1_794' title='bbox 2361 4992 2531 5046; x_wconf 90' lang='lat' dir='ltr'>Deest</span> <span class='ocrx_word' id='word_1_795' title='bbox 2553 4988 2791 5055; x_wconf 80' lang='grc' dir='ltr'>θαλάσση</span> <span class='ocrx_word' id='word_1_796' title='bbox 2814 4990 2876 5061; x_wconf 80' lang='lat' dir='ltr'>in</span> <span class='ocrx_word' id='word_1_797' title='bbox 2905 4989 3171 5061; x_wconf 89' lang='lat' dir='ltr'>pluribus</span> <span class='ocrx_word' id='word_1_798' title='bbox 3194 5005 3338 5043; x_wconf 88' lang='lat' dir='ltr'>mss.</span> <span class='ocrx_word' id='word_1_799' title='bbox 3372 4994 3429 5044; x_wconf 88' lang='lat' dir='ltr'>et</span> <span class='ocrx_word' id='word_1_800' title='bbox 3450 4989 3509 5044; x_wconf 91' lang='lat' dir='ltr'>in</span> <span class='ocrx_word' id='word_1_801' title='bbox 3534 4990 3662 5044; x_wconf 87' lang='lat' dir='ltr'>Par.</span> <span class='ocrx_word' id='word_1_802' title='bbox 3687 4990 3830 5061; x_wconf 86' lang='lat' dir='ltr'>edit.</span> 
     </span>
    </p>
   </div>
   <div class='ocr_carea' id='block_1_111' title="bbox 2175 5058 3831 5212">
    <p class='ocr_par' dir='ltr' id='par_1_111' title="bbox 2175 5058 3831 5212">
     <span class='ocr_line' id='line_1_112' title="bbox 2175 5058 3831 5187; baseline -0.002 -71"><span class='ocrx_word' id='word_1_803' title='bbox 2175 5081 2305 5187; x_wconf 51' lang='lat' dir='ltr'>qam?</span> <span class='ocrx_word' id='word_1_804' title='bbox 2354 5062 2550 5129; x_wconf 83' lang='lat' dir='ltr'>habet,</span> <span class='ocrx_word' id='word_1_805' title='bbox 2605 5058 3111 5138; x_wconf 57' lang='grc' dir='ltr'>κατακαλυῴθεῖσιν.</span> <span class='ocrx_word' id='word_1_806' title='bbox 3186 5062 3316 5115; x_wconf 84' lang='lat' dir='ltr'>Bas.</span> <span class='ocrx_word' id='word_1_807' title='bbox 3384 5063 3523 5115; x_wconf 83' lang='lat' dir='ltr'>edit.</span> <span class='ocrx_word' id='word_1_808' title='bbox 3587 5058 3831 5130; x_wconf 83' lang='grc' dir='ltr'>καταλη-</span> 
     </span>
     <span class='ocr_line' id='line_1_113' title="bbox 2175 5154 3707 5212; baseline 0 0"><span class='ocrx_word' id='word_1_809' title='bbox 2175 5154 2469 5212; x_wconf 48' lang='grc' dir='ltr'>φξιῗῖνκ.-</span> <span class='ocrx_word' id='word_1_810' title='bbox 2663 5207 2691 5212; x_wconf 89' lang='lat'><strong><em>_</em></strong></span> <span class='ocrx_word' id='word_1_811' title='bbox 2881 5206 2893 5212; x_wconf 95' lang='lat'>.</span> <span class='ocrx_word' id='word_1_812' title='bbox 3060 5203 3075 5212; x_wconf 81' lang='lat'>.</span> <span class='ocrx_word' id='word_1_813' title='bbox 3166 5200 3190 5212; x_wconf 91' lang='lat'>..</span> <span class='ocrx_word' id='word_1_814' title='bbox 3591 5209 3596 5212; x_wconf 89' lang='lat'><em>_</em></span> <span class='ocrx_word' id='word_1_815' title='bbox 3662 5205 3707 5212; x_wconf 87' lang='lat'>--</span> 
     </span>
    </p>
   </div>
   <div class='ocr_carea' id='block_1_112' title="bbox 2244 5200 3830 5279">
    <p class='ocr_par' dir='ltr' id='par_1_112' title="bbox 2244 5200 3830 5279">
     <span class='ocr_line' id='line_1_114' title="bbox 2244 5200 3830 5279; baseline 0.002 -22"><span class='ocrx_word' id='word_1_816' title='bbox 2244 5207 2358 5279; x_wconf 84' lang='lat' dir='ltr'><strong>(l8)</strong></span> <span class='ocrx_word' id='word_1_817' title='bbox 2417 5206 2601 5260; x_wconf 61' lang='lat' dir='ltr'>&quot;Oxon.</span> <span class='ocrx_word' id='word_1_818' title='bbox 2663 5207 2836 5277; x_wconf 83' lang='lat' dir='ltr'>Regg.</span> <span class='ocrx_word' id='word_1_819' title='bbox 2881 5206 3001 5266; x_wconf 83' lang='lat' dir='ltr'>bm.</span> <span class='ocrx_word' id='word_1_820' title='bbox 3060 5203 3100 5270; x_wconf 94' lang='lat'>1,</span> <span class='ocrx_word' id='word_1_821' title='bbox 3161 5200 3292 5270; x_wconf 79' lang='grc' dir='ltr'>ὅπη.</span> <span class='ocrx_word' id='word_1_822' title='bbox 3354 5203 3487 5259; x_wconf 85' lang='lat' dir='ltr'>Ald.</span> <span class='ocrx_word' id='word_1_823' title='bbox 3550 5209 3607 5260; x_wconf 88' lang='lat' dir='ltr'>et</span> <span class='ocrx_word' id='word_1_824' title='bbox 3662 5205 3830 5261; x_wconf 87' lang='lat' dir='ltr'>Herv.</span> 
     </span>
    </p>
   </div>
   <div class='ocr_carea' id='block_1_113' title="bbox 2176 5275 2331 5332">
    <p class='ocr_par' dir='ltr' id='par_1_113' title="bbox 2176 5275 2331 5332">
     <span class='ocr_line' id='line_1_115' title="bbox 2176 5275 2331 5332; baseline 0.006 -1"><span class='ocrx_word' id='word_1_825' title='bbox 2176 5275 2331 5332; x_wconf 72' lang='grc' dir='ltr'>ὅπερ.</span> 
     </span>
    </p>
   </div>
   <div class='ocr_carea' id='block_1_114' title="bbox 2250 5297 3831 5421">
    <p class='ocr_par' dir='ltr' id='par_1_114' title="bbox 2250 5297 3831 5421">
     <span class='ocr_line' id='line_1_116' title="bbox 2250 5297 3831 5421; baseline -0.001 -17"><span class='ocrx_word' id='word_1_826' title='bbox 2389 5346 2657 5421; x_wconf 77' lang='grc' dir='ltr'>Θανάτου.</span> <span class='ocrx_word' id='word_1_827' title='bbox 2704 5353 2834 5403; x_wconf 69' lang='lat' dir='ltr'>Haec</span> <span class='ocrx_word' id='word_1_828' title='bbox 2891 5364 2998 5401; x_wconf 88' lang='lat' dir='ltr'>vox</span> <span class='ocrx_word' id='word_1_829' title='bbox 3055 5363 3087 5400; x_wconf 89' lang='lat' dir='ltr'>a</span> <span class='ocrx_word' id='word_1_830' title='bbox 3144 5348 3336 5421; x_wconf 65' lang='lat' dir='ltr'>Graeco</span> <span class='ocrx_word' id='word_1_831' title='bbox 3388 5352 3546 5403; x_wconf 85' lang='lat' dir='ltr'>textu</span> <span class='ocrx_word' id='word_1_832' title='bbox 3595 5348 3831 5421; x_wconf 89' lang='lat' dir='ltr'>vulgato</span> 
     </span>
    </p>
   </div>
   <div class='ocr_carea' id='block_1_115' title="bbox 2176 5420 3833 5490">
    <p class='ocr_par' dir='ltr' id='par_1_115' title="bbox 2176 5420 3833 5490">
     <span class='ocr_line' id='line_1_117' title="bbox 2176 5420 3833 5490; baseline -0.001 -14"><span class='ocrx_word' id='word_1_833' title='bbox 2176 5423 2380 5487; x_wconf 84' lang='lat' dir='ltr'>abest;</span> <span class='ocrx_word' id='word_1_834' title='bbox 2414 5421 2470 5475; x_wconf 91' lang='lat' dir='ltr'>in</span> <span class='ocrx_word' id='word_1_835' title='bbox 2503 5420 2778 5475; x_wconf 87' lang='lat' dir='ltr'>omnibus</span> <span class='ocrx_word' id='word_1_836' title='bbox 2811 5426 3007 5475; x_wconf 89' lang='lat' dir='ltr'>tamen</span> <span class='ocrx_word' id='word_1_837' title='bbox 3041 5420 3297 5490; x_wconf 87' lang='lat' dir='ltr'>Gregorii</span> <span class='ocrx_word' id='word_1_838' title='bbox 3356 5437 3496 5475; x_wconf 88' lang='lat' dir='ltr'>mss.</span> <span class='ocrx_word' id='word_1_839' title='bbox 3549 5425 3606 5475; x_wconf 90' lang='lat' dir='ltr'>et</span> <span class='ocrx_word' id='word_1_840' title='bbox 3637 5420 3695 5473; x_wconf 89' lang='lat' dir='ltr'>in</span> <span class='ocrx_word' id='word_1_841' title='bbox 3747 5421 3833 5475; x_wconf 90' lang='lat' dir='ltr'>bi-</span> 
     </span>
    </p>
   </div>
   <div class='ocr_carea' id='block_1_116' title="bbox 2176 5490 3411 5562">
    <p class='ocr_par' dir='ltr' id='par_1_116' title="bbox 2176 5490 3411 5562">
     <span class='ocr_line' id='line_1_118' title="bbox 2176 5490 3411 5562; baseline -0.002 -13"><span class='ocrx_word' id='word_1_842' title='bbox 2176 5492 2763 5562; x_wconf 9' lang='lat' dir='ltr'>bliorumrcodicibus</span> <span class='ocrx_word' id='word_1_843' title='bbox 2799 5509 2913 5545; x_wconf 89' lang='lat' dir='ltr'>non</span> <span class='ocrx_word' id='word_1_844' title='bbox 2948 5491 3149 5561; x_wconf 91' lang='lat' dir='ltr'>paucis</span> <span class='ocrx_word' id='word_1_845' title='bbox 3179 5490 3411 5562; x_wconf 78' lang='lat' dir='ltr'>legitur.</span> 
     </span>
    </p>
   </div>
   <div class='ocr_carea' id='block_1_117' title="bbox 2247 5560 3827 5636">
    <p class='ocr_par' dir='ltr' id='par_1_117' title="bbox 2247 5560 3827 5636">
     <span class='ocr_line' id='line_1_119' title="bbox 2247 5560 3827 5636; baseline -0.001 -18"><span class='ocrx_word' id='word_1_846' title='bbox 2247 5566 2356 5636; x_wconf 81' lang='grc'>(20)</span> <span class='ocrx_word' id='word_1_847' title='bbox 2390 5561 2657 5625; x_wconf 76' lang='grc' dir='ltr'>Εὐθύνων.</span> <span class='ocrx_word' id='word_1_848' title='bbox 2692 5568 2831 5633; x_wconf 86' lang='lat' dir='ltr'>Reg.</span> <span class='ocrx_word' id='word_1_849' title='bbox 2865 5562 2907 5628; x_wconf 86' lang='lat'><strong>1,</strong></span> <span class='ocrx_word' id='word_1_850' title='bbox 2950 5560 3118 5617; x_wconf 81' lang='lat' dir='ltr'>Colb.</span> <span class='ocrx_word' id='word_1_851' title='bbox 3174 5560 3261 5617; x_wconf 20' lang='lat'>6.‘</span> <span class='ocrx_word' id='word_1_852' title='bbox 3285 5560 3597 5617; x_wconf 81' lang='grc' dir='ltr'>διευθύνων.</span> <span class='ocrx_word' id='word_1_853' title='bbox 3647 5562 3827 5617; x_wconf 82' lang='lat' dir='ltr'>Oxon.</span> 
     </span>
    </p>
   </div>
   <div class='ocr_carea' id='block_1_118' title="bbox 2178 5634 2375 5697">
    <p class='ocr_par' dir='ltr' id='par_1_118' title="bbox 2178 5634 2375 5697">
     <span class='ocr_line' id='line_1_120' title="bbox 2178 5634 2375 5697; baseline 0.01 -10"><span class='ocrx_word' id='word_1_854' title='bbox 2178 5634 2375 5697; x_wconf 83' lang='grc' dir='ltr'>θύνων.</span> 
     </span>
    </p>
   </div>
   <div class='ocr_carea' id='block_1_119' title="bbox 2249 5702 3279 5779">
    <p class='ocr_par' dir='ltr' id='par_1_119' title="bbox 2249 5702 3279 5779">
     <span class='ocr_line' id='line_1_121' title="bbox 2249 5702 3279 5779; baseline -0.007 -16"><span class='ocrx_word' id='word_1_855' title='bbox 2249 5710 2362 5779; x_wconf 84' lang='grc'>(21)</span> <span class='ocrx_word' id='word_1_856' title='bbox 2402 5704 2701 5775; x_wconf 84' lang='grc' dir='ltr'>Καθαίρων.</span> <span class='ocrx_word' id='word_1_857' title='bbox 2733 5705 2893 5761; x_wconf 86' lang='lat' dir='ltr'>Colb.</span> <span class='ocrx_word' id='word_1_858' title='bbox 2927 5707 2979 5776; x_wconf 85' lang='lat'>3,</span> <span class='ocrx_word' id='word_1_859' title='bbox 3014 5702 3279 5762; x_wconf 82' lang='grc' dir='ltr'>καθελών.</span> 
     </span>
    </p>
   </div>
  </div>
