4028 6394
247 360 370 419 543

1498 360 1567 420 8.
1613 357 1987 420 GBEGORII
2034 358 2433 421 THEOLOGI

3560 357 3679 416 5M

246 506 351 563 per
366 491 660 546 contraria
676 490 1239 563 gradiantur,Verho
1254 492 1489 564 quidem
1509 492 1663 548 olara
1709 495 1766 547 et
1782 506 1907 563 per-

2027 486 2225 563 Βήματι
2260 508 2275 523 ’
2338 492 2483 567 παρὰ
2533 491 2634 567 γὰρ
2689 498 2791 560 τῆς
2845 490 2987 552 θείας
3041 487 3133 544 καὶ
3188 492 3351 543 τοῦτο
3408 482 3676 561 λαμϐάνω

248 580 473 651 spicua,
525 579 697 635 nobis
758 586 957 636 autem
1019 581 1317 652 incognita
1372 584 1429 636 et
1475 582 1770 636 obscura:
1805 580 1906 649 qui

246 672 515 741 potentes
545 670 618 724 de
648 669 891 725 sedibus
928 670 1168 741 deponit
1217 671 1285 739 ‘9,
1319 674 1377 725 et
1420 668 1902 741 insuspicabilem

247 757 579 814 diademate
611 762 779 813 ornat
802 759 849 794 ⁵³
877 777 888 826 ;
919 775 1055 813 nam
1086 759 1143 813 id
1177 776 1412 830 quoque
1452 775 1486 813 a
1530 758 1727 814 divina
1752 758 1905 814 Scri-

246 851 422 919 ptura
450 848 674 920 accipio
700 865 711 901 :
740 848 839 919 qui
872 848 1114 917 inﬁrmis
1144 853 1197 905 et
1226 850 1495 903 invalidis
1521 849 1773 919 gentibus
1798 849 1909 903 lor-

246 937 560 993 titudinem
590 937 843 1009 imponit
868 938 933 1003 5‘,
968 955 1036 993 ac
1065 938 1386 1010 peccatoris
1415 943 1473 994 et
1504 938 1746 1010 maligni
1770 939 1906 994 bra-

249 1026 383 1082 chia
411 1026 725 1098 confringit
764 1026 809 1061 ⁸⁸
849 1043 862 1082 :
896 1026 1000 1081 84
1028 1027 1246 1083 etenim
1279 1027 1401 1082 haec
1432 1043 1669 1099 quoque
1697 1044 1766 1083 ex
1794 1028 1908 1083 alio

256 1133 427 1171 sumo
460 1116 705 1179 cantico.
741 1120 913 1188 prout
944 1117 1217 1188 quodque
1264 1118 1559 1173 memorias
1604 1118 1861 1173 occurrit
1891 1135 1905 1173 :

248 1205 452 1261 multis
476 1206 743 1261 videlicet
761 1205 906 1261 locis
927 1206 1261 1262 cantionem
1297 1207 1442 1262 mihi
1465 1206 1909 1263 conﬁcientibus

249 1296 426 1362 atque
459 1293 528 1346 ad
562 1295 985 1348 contexendam
1015 1295 1338 1366 gratiarum
1362 1295 1656 1350 actionem
1687 1294 1906 1367 aliquid

2016 586 2254 657 Γραφῆς⁶
2290 582 2319 635 ὁ
2344 580 2563 655 γόνασιν
2606 580 2923 635 ἀδυνατοῦσι
2971 577 3165 655 θάρσος
3215 577 3507 653 περιτιθεὶς
3536 580 3672 651 (22),

2013 670 2105 723 καὶ
2153 664 2449 744 συντρίϐων
2506 668 2841 743 ἀμαρτωλοῦ
2897 670 2986 722 καὶ
3062 672 3309 742 πονηροῦ
3371 666 3670 743 βραχίονας

2014 759 2309 815 καὶταῦτα
2355 764 2481 834 παρ’
2525 757 2704 828 ἄλλης
2754 755 2901 830 ᾠδῆς
2950 760 3085 828 (23),
3136 756 3285 817 ὅπως
3335 755 3393 810 ἂν
3445 753 3668 811 ἕκαστον

2016 845 2140 922 inin
2319 850 2530 923 μνήμῃ,
2585 846 2816 905 πολλῶν
2875 845 3353 920 συμπληρούντων
3416 866 3509 917 μοι
3568 846 3668 913 τὴν

2016 934 2191 1009 ᾠδὴν,
2236 936 2327 991 καὶ
2374 936 2825 1017 συνερανιζόντων
2860 939 2973 1010 (24)
3002 936 3092 991 τὸν
3144 936 3503 1011 χαριστήριον

2017 1026 2047 1081 δ
2078 1023 2261 1088 διδοὺς
2292 1027 2515 1102 ὁρᾶσθαι
2563 1030 2663 1081 τοῦ
2710 1020 2939 1087 ἀσεϐοῦς
2988 1026 3078 1079 καὶ
3124 1026 3223 1093 τὴν
3278 1024 3409 1096 ὑπὲρ
3456 1024 3553 1085 τὰς
3582 1022 3671 1078 κὶ-

2020 1113 2180 1191 δρους
2210 1113 2459 1192 ἓπαρσιν,
2505 1114 2595 1170 καὶ
2644 1117 2742 1184 τὴν
2794 1116 2870 1178 εἷς
2916 1115 2980 1169 τὸ
3034 1113 3227 1187 μηκέτι
3260 1114 3393 1168 εῖναι
3429 1112 3674 1187 καθαίρε-

2020 1225 2123 1260 σινι
2176 1205 2301 1261 ὅταν
2351 1205 2518 1260 αὐτοῦ
2564 1204 2853 1282 παρελθεῖν
2902 1202 3222 1277 δυνηθῶμεν
3269 1202 3426 1277 τάχει
3457 1201 3547 1260 καὶ
3580 1203 3673 1258 ἀσ-

2020 1293 2219 1375 φαλείᾳ
2247 1293 2420 1358 ποδὸς
2443 1293 2547 1364 τήδ
2581 1290 2848 1351 ἆσᾶὄειαν.

248 1382 648 1453 erogantibus.
683 1382 791 1445 Qui
824 1383 925 1438 dat
954 1389 1019 1438 ut
1046 1384 1267 1456 impius
1301 1400 1457 1439 nunc
1490 1401 1669 1456 supra
1699 1386 1903 1440 cedros
1932 1385 2123 1442 elatus
2163 1387 2582 1461 conspiciatur,
2630 1387 2696 1455 ⁸⁸,
2748 1401 2904 1441 nunc
2951 1386 3237 1455 dejectus,
3287 1386 3463 1455 atque
3495 1382 3553 1437 in
3586 1383 3675 1437 ni-

247 1470 435 1525 hilum
468 1472 741 1526 redactus
776 1490 788 1526 :
826 1472 875 1527 si
916 1472 1153 1544 quidem
1185 1473 1375 1544 ipsius
1404 1474 1767 1545 impietatem
1802 1478 1973 1531 cauto
2006 1492 2072 1531 ac
2102 1476 2273 1532 celeri
2307 1477 2451 1550 pede
2482 1476 2773 1548 praeterire
2803 1474 3123 1547 possimus.

321 1559 461 1614 XIII.
499 1560 713 1631 Ecquis
741 1577 963 1630 eorum,
999 1562 1099 1635 qui
1124 1578 1216 1617 res
1237 1562 1465 1618 divinas
1496 1566 1757 1632 narrant,
1790 1562 1910 1618 haao

248 1665 355 1720 pro
386 1649 672 1720 dignitate
700 1650 1054 1719 decantabit,
1090 1656 1264 1723 atque
1320 1652 1631 1707 narrabit?
1662 1652 1793 1720 Qui:
1826 1653 1909 1707 lo-

249 1740 446 1809 quetur
473 1741 742 1809 potentias
772 1741 1010 1808 Domini,
1044 1742 1265 1796 auditas
1307 1744 1473 1813 faciet
1502 1758 1688 1799 omne:
1717 1741 1909 1797 laudes

247 1828 373 1898 ejus
400 1827 490 1881 “7‘?
538 1829 664 1893 Qua
709 1845 867 1900 voce,
909 1835 1011 1885 aut
1057 1847 1175 1901 qua
1215 1832 1445 1886 dicendi
1495 1830 1758 1887 facultate
1797 1831 1907 1886 hoc

251 1916 604 1972 miraculum
638 1919 1013 1990 adesquabit‘?
1044 1920 1185 1983 Quis
1218 1937 1402 1986 arma,
1448 1924 1505 1975 et
1542 1920 1823 1989 gladium,
1855 1926 1912 1976 et

250 2004 470 2061 bellum
494 2007 778 2080 confregit
806 2008 896 2063 53?
926 2009 1067 2075 Quis
1099 2010 1291 2080 capita
1312 2011 1630 2064 draconum
1664 2009 1725 2063 in
1756 2025 1911 2080 aqua

250 2096 522 2150 contrivit
550 2095 639 2150 ‘9?
671 2098 810 2163 Quis
843 2113 978 2153 eum
1019 2099 1254 2170 populis
1295 2098 1433 2164 illis,
1466 2100 1683 2170 quibus
1725 2099 1908 2153 tradi-

250 2189 347 2240 tus
378 2189 486 2249 est,
519 2185 577 2239 in
607 2202 784 2241 escam
820 2188 1021 2243 dedit?
1049 2188 1190 2251 Quis
1234 2187 1548 2258 procellam
1602 2189 1661 2241 in
1701 2203 1907 2246 auram

251 2275 569 2329 statuit”?
612 2277 753 2340 Quis
785 2278 932 2333 dixit
979 2278 1147 2347 mari,
1196 2279 1323 2333 Tace
1369 2278 1672 2332 obmutesce
1701 2278 1744 2317 τί
1772 2276 1799 2331 ?
1827 2281 1906 2342 et,

248 2363 314 2419 In
346 2368 402 2418 te
433 2364 880 2438 confringentur
908 2367 1123 2422 ﬂuctus
1153 2367 1241 2422 tui
1271 2368 1316 2402 τί
1352 2384 1364 2422 :
1395 2372 1569 2437 atque
1599 2367 1742 2422 adeo
1765 2382 1904 2422 cou-

249 2452 581 2524 fregit,cum
609 2456 762 2510 haud
796 2457 891 2512 diu
925 2456 1353 2512 intumuissent
1381 2460 1560 2527 atque
1588 2456 1904 2511 inferbuis-

247 2543 594 2607 sentPQuis
647 2544 755 2600 hoc
796 2547 966 2601 nobis
1019 2546 1200 2614 dedit,
1254 2552 1317 2601 ut
1370 2545 1665 2601 calcemus
1723 2562 1905 2617 supra

246 2637 545 2703 serpentes
584 2639 642 2688 et
688 2635 1026 2707 scorpiones
1082 2636 1147 2701 τε,
1210 2650 1324 2691 non
1374 2636 1502 2705 jam
1560 2634 1899 2691 calcaneum

246 2720 471 2777 occulte
501 2722 877 2779 observantes
900 2725 1225 2795 7‘,quemad
1237 2725 1475 2779 modum
1496 2725 1605 2783 fert
1625 2726 1900 2780 condem-

248 2810 428 2881 natio,
484 2828 687 2865 verum
750 2814 1057 2885 perspicue
1110 2814 1527 2885 insurgentes,
1586 2819 1899 2885 caputque,

245 2899 417 2967 cujus
442 2899 873 2969 proculcatione
901 2902 1163 2957 damnati
1190 2902 1689 2970 sunt,attollentes
1708 2902 1736 2957 ?
1760 2904 1901 2969 Quis

240 2987 531 3056 judicium
554 2994 613 3044 et
628 2991 922 3060 justitiam
945 2992 1246 3063 inopinato
1272 2992 1498 3047 fecit"?
1515 2991 1656 3056 Quis
1676 2992 1899 3065 virgam

248 3081 622 3148 peccatorum
656 3096 773 3136 non
805 3097 1048 3151 prorsus
1099 3081 1318 3146 emisit,
1352 3082 1769 3141 audendumne
1812 3087 1902 3137 est

245 3166 457 3235 dicere,
490 3168 549 3221 in
584 3173 799 3225 sortem
822 3172 1123 3241 justorum
1153 3171 1240 3225 ἐθῖ
1272 3188 1368 3237 an,
1400 3171 1555 3242 quod
1600 3188 1666 3228 eo
1701 3174 1899 3227 mode-

246 3255 433 3311 ratius
463 3262 572 3327 est,
606 3258 667 3312 in
694 3263 911 3314 sortem
943 3276 1077 3315 eum
1109 3260 1585 3331 cognoscentium
1607 3260 1636 3313 ?

320 3345 463 3403 XIV.
498 3347 623 3403 Non
658 3348 814 3403 enim
847 3353 913 3403 ut
955 3348 1098 3419 justi
1129 3348 1331 3404 traditi
1361 3354 1538 3421 atque
1577 3348 1777 3404 afﬂicti
1809 3368 1910 3406 su-

248 3452 383 3491 mus
418 3454 431 3492 :
468 3437 573 3491 hoc
615 3438 771 3493 enim
804 3439 1009 3510 paucis
1039 3444 1095 3493 et
1137 3456 1266 3494 raro
1297 3440 1584 3511 contigit;
1636 3444 1721 3505 ut,
1752 3440 1911 3496 velut

249 3526 450 3593 fortes,
486 3527 741 3591 athletas,
768 3533 1118 3584 tentatorem
1148 3528 1475 3600 ignominia
1511 3529 1869 3600 perfundant
1899 3547 1913 3585 :

248 3632 453 3671 verum
486 3623 550 3671 ut
581 3623 890 3689 peccantes
920 3618 1317 3686 condemnati,
1352 3635 1417 3673 ac
1452 3622 1653 3690 postea
1684 3619 1915 3675 miseri-

248 3705 508 3760 cordiam
543 3708 845 3763 consecuti
879 3724 1108 3773 sumus,
1152 3708 1389 3778 provide
1420 3707 1699 3762 nimirum
1732 3712 1790 3763 et
1819 3724 1917 3779 pa-

247 3798 410 3849 terno
456 3794 743 3851 hactenus
791 3799 1077 3869 percussi,
1107 3802 1173 3853 ut
1215 3796 1626 3868 prudentiores
1658 3795 1913 3852 efficere-

248 3899 399 3954 mur,
422 3888 593 3955 atque
619 3884 907 3941 hactenus
930 3887 1296 3959 castigati,ut
1327 3887 1397 3941 ad
1431 3902 1564 3940 eum
1599 3902 1706 3941 nos
1751 3886 1913 3957 ipsos

250 3977 679 4030 convertamus.
711 3977 919 4047 Arguit
949 3976 1129 4042 enim,
1181 3977 1282 4031 sed
1328 3992 1444 4031 non
1491 3975 1551 4029 in
1586 3975 1779 4029 furore
1812 3993 1824 4029 :
1856 3979 1913 4030 et

252 4063 557 4135 corripuit,
580 4068 680 4120 sed
717 4082 833 4120 non
867 4067 927 4120 in
960 4066 1049 4120 ira
1064 4067 1107 4101 ’Π
1131 4083 1143 4119 :
1168 4083 1271 4137 per
1300 4071 1617 4136 utrumque
1644 4064 1916 4119 videlicet

251 4152 674 4225 benignitatem
704 4171 873 4209 suam
906 4155 1245 4223 ostendens,
1275 4154 1383 4209 hoc
1419 4160 1530 4224 est,
1563 4159 1619 4209 et
1651 4170 1753 4225 per
1772 4153 1911 4208 sub-

255 4240 664 4309 moniticnem,
699 4248 757 4297 et
786 4260 890 4315 per
920 4243 1523 4316 indulgentiam.0uis
1554 4242 1655 4297 ille
1685 4243 1913 4314 est,qui

248 4328 571 4385 vindictam
606 4331 741 4385 fecit
768 4330 826 4386 in
860 4332 1221 4401 nationibus,
1255 4332 1689 4405 inorepationes
1720 4332 1777 4386 in
1810 4348 1911 4403 po-

2092 1564 2189 1617 II“.
2224 1564 2313 1625 Τίς
2359 1568 2528 1618 ταῦτα
2573 1563 2711 1638 πρὸς
2763 1562 2907 1634 ἀξίαν
2959 1560 3164 1633 ᾅσεται,
3213 1559 3302 1615 καὶ
3356 1557 3676 1635 διηγήσεται

2016 1656 2125 1706 τῶν
2184 1653 2251 1707 τὰ
2305 1654 2423 1709 θεῖα
2480 1649 2860 1726 διηγουμένων
2905 1670 2918 1720 ;
2969 1650 3057 1712 Τίς
3116 1647 3347 1720 λαλήσει
3404 1650 3501 1710 τὰς
3561 1646 3622 1703 δυ
3656 1682 3678 1691 -

2016 1742 2255 1803 ναστείας
2336 1745 2434 1795 τοῦ
2505 1740 2707 1816 Κυρίου
2756 1788 2772 1813 ,
2851 1740 3116 1801 ἆκουστὰς
3191 1740 3412 1808 ποιήσει
3496 1739 3673 1800 πάσας

2014 1830 2112 1892 τὰς
2170 1830 2395 1892 αἱνὲσεις
2432 1830 2597 1885 αὐτοῦ
2630 1849 2644 1899 ;
2677 1829 2796 1885 τίνα
2854 1831 3063 1907 φωνήν,
3120 1830 3155 1898 ἢ
3204 1828 3326 1885 τίνα
3374 1826 3543 1904 λόγου
3584 1826 3672 1883 δύ-

2018 1940 2176 1993 ναμιν
2212 1919 2453 1989 ἐξισώσει
2482 1918 2562 1993 τῷ
2580 1919 2814 1991 θαύματι
2840 1938 2855 1987 ;
2877 1919 2971 1981 Τίς
3002 1919 3311 1994 συνέτριψεν
3332 1915 3508 1971 ὅπλον
3532 1919 3667 1991 (26),

2018 2010 2108 2063 καὶ
2152 2009 2446 2089 ῥομφαίαν,
2500 2009 2589 2063 καὶ
2636 2008 2883 2082 πόλεμον
2918 2008 3048 2073 ςΤίς
3098 2006 3388 2064 ωνὲθλασε
3430 2009 3528 2069 τὰς
3578 2029 3666 2063 κε-

2019 2097 2195 2175 φαλᾶς
2241 2102 2350 2152 τῶν
2402 2094 2709 2173 δρακόντων
2753 2096 2841 2152 ἐπὶ
2887 2102 2983 2151 τοῦ
3031 2094 3227 2158 ὕδατος
3274 2114 3288 2166 ;
3331 2095 3424 2157 Τίς
3475 2092 3669 2153 ἔδωκεν

2017 2187 2176 2242 αὐτὸν
2208 2189 2404 2267 βρῶμα
2454 2186 2633 2260 λαοῖς,
2681 2189 2763 2249 οἷς
2812 2187 2901 2241 καὶ
2955 2184 3236 2261 παρὲδωκε
3268 2204 3282 2259 ;
3316 2185 3415 2247 Τίς
3451 2184 3657 2254 ἔστησεν

2017 2276 2092 2339 εἲς
2142 2273 2306 2353 αὔραν
2356 2275 2675 2352 καταιγίδα;
2706 2276 2797 2338 Τίς
2851 2278 2970 2331 εἷπε
3138 2273 3403 2349 Θαλάσσῃ,
3455 2275 3659 2351 Σιώπα,

2014 2365 2303 2443 πεφίμωσο
2336 2385 2350 2434 ;
2382 2365 2509 2439 καὶ,
2567 2371 2654 2420 Ἐν
2706 2365 2791 2420 σοὶ
2842 2360 3258 2440 συντριϐήσεταί
3307 2385 3403 2419 σου
3458 2364 3525 2418 τὰ
3566 2361 3665 2417 κύ-

2018 2475 2178 2528 ματα·
2230 2456 2318 2509 καὶ
2361 2458 2543 2528 μέντοι
2591 2453 2680 2509 καὶ
2732 2454 3047 2530 συντρίψας,
3100 2453 3200 2508 ούκ
3246 2452 3332 2508 ἐπὶ
3381 2451 3527 2507 πολὺ
3576 2473 3670 2525 με·

2010 2545 2369 2619 τεωρισθὲντα
2418 2543 2507 2599 καὶ
2559 2543 2883 2613 ἀνάξεσαντα
2934 2562 2948 2613 ;
2988 2542 3080 2605 Τίς
3131 2542 3308 2597 ἐπάνω
3357 2538 3531 2621 ὅφεων
3580 2542 3669 2598 καὶ

2014 2633 2286 2708 σκορπίων
2318 2638 2503 2688 πατεῖν
2539 2631 2882 2710 ἐδωρήσατο,
2915 2633 3014 2687 οὐκ
3061 2630 3139 2687 ἔτι
3171 2632 3343 2710 λάθρα
3372 2634 3469 2700 τὴν
3502 2631 3668 2705 πτερ-

2010 2744 2103 2776 ναν
2129 2723 2465 2798 τηρούντων,
2516 2724 2593 2785 ὡς
2640 2726 2676 2793 ἢ
2725 2724 3061 2801 κατάκρισις,
3093 2720 3240 2777 ἀλλὰ
3280 2726 3527 2799 φανερῶς
3558 2724 3671 2796 (27)

2011 2810 2448 2886 ἐπανισταμένων
2496 2813 2588 2867 καὶ
2638 2808 2959 2891 δ.αιρόντων
2992 2813 3099 2880 ,τήν
3148 2808 3415 2888 κεφαλήν,
3447 2813 3510 2880 ἦν
3561 2831 3663 2865 πα-

2008 2907 2215 2965 τεῖσθαι
2273 2900 2731 2972 κατεδικάσθησαν
2768 2901 2907 2971 ;Τίς
2965 2902 2994 2955 ὁ
3051 2903 3287 2971 ποιήσας
3342 2906 3519 2977 κρῖμα
3573 2900 3663 2954 καὶ

2012 2989 2357 3062 δικαιοσύνην
2409 2986 2676 3062 ἀδόκητον
2711 3010 2725 3062 ;
2758 2992 2847 3053 Τίς
2895 2992 2924 3045 ὁ
2971 2992 3047 3063 μὴ
3101 2987 3385 3051 παντελῶς
3442 2988 3664 3068 ἐπαφεὶς

2009 3081 2108 3149 τήν
2152 3076 2350 3157 ῥάϐδον
2395 3086 2504 3135 τῶν
2558 3079 2920 3156 ἁμαρτωλῶν,
2969 3082 3073 3157 ἂρα
3116 3079 3382 3156 θαρρῆσαι
3432 3080 3545 3154 χρὴ
3584 3083 3663 3151 τῷ

2008 3168 2207 3245 κλήρῳ
2253 3174 2359 3224 τῶν
2411 3168 2635 3226 δικαίων
2683 3171 2853 3227 εἰπεῖν
2893 3170 3000 3240 ;ἧ,
3049 3171 3079 3225 ὃ
3126 3168 3329 3224 τούτου
3377 3169 3664 3244 μετριώτε-

1936 3264 1978 3330 ρ
2020 3280 2133 3335 ρον,
2166 3264 2245 3331 τῷ
2275 3258 2473 3337 κλήρῳ
2501 3259 2659 3314 αὑτὸν
2684 3262 2797 3334 (28)
2826 3258 3203 3336 γινωσκόντων
3236 3275 3251 3325 ;

2093 3350 2193 3403 IA'.
2244 3348 2321 3406 Ού
2370 3349 2475 3426 γὰρ
2525 3349 2601 3409 ὡς
2651 3346 2848 3403 δίκαιοι
2887 3346 3303 3424 παρεδόθημεν,
3351 3348 3511 3399 τοῦτο
3559 3343 3660 3419 γὰρ

2024 3437 2200 3517 ὀλίγοι
2240 3437 2332 3492 καὶ
2382 3436 2635 3514 ὀλιγάκις
2684 3440 2819 3512 (29)’
2867 3436 2963 3506 ’ίν’,
3014 3438 3088 3499 ὡς
3136 3433 3367 3505 ἀθληταὶ
3412 3438 3669 3512 γενναῖοι,

2023 3526 2114 3580 τὸν
2162 3528 2455 3601 πειραστήν
2505 3526 2941 3601 καταισχύνωσιν
2990 3528 3126 3601 (30)·
3185 3522 3311 3580 ἀλλ’
3363 3524 3436 3585 ὡς
3497 3524 3672 3597 ἀμαρ-

2024 3616 2273 3679 τάνοντες
2320 3616 2719 3692 κατεκρίθημεν
2758 3659 2772 3684 ,
2826 3616 2939 3671 εἶτα
2982 3616 3307 3688 ἠλεήθημεν
3364 3611 3677 3685 κηδεμονι-

2023 3710 2134 3768 κῶς
2187 3709 2303 3778 (31)
2358 3726 2418 3760 τε
2474 3706 2563 3760 καὶ
2621 3710 2900 3780 πατρικῶς
2942 3747 2956 3772 ,
3011 3704 3135 3759 ὅσον
3192 3709 3678 3781 σωφρονισθῆναι,

2022 3792 2341 3871 πληγέντες,
2373 3796 2464 3850 καὶ
2522 3794 2648 3849 ὅσον
2693 3794 2833 3871 πρὸς
2883 3794 3041 3849 αύνὸν
3074 3792 3393 3869 ἐπιπρέψαι
3418 3794 3678 3860 νουθετηη

2026 3885 2220 3948 θέντες.
2269 3882 2496 3960 ’Πλεγξε
2547 3885 2641 3957 μὲν
2692 3885 2793 3960 γὰρ
2824 3928 2838 3949 ,
2890 3883 2951 3938 ού
2994 3887 3073 3954 τῷ
3115 3885 3274 3959 θυμῷ
3326 3880 3401 3937 δὲ’
3454 3880 3541 3936 καὶ
3589 3900 3679 3934 πε-

2024 3972 2279 4029 παίδευκε
2314 3974 2431 4047 μὶν,
2462 3973 2525 4028 ού
2690 3974 2832 4049 ὀργῇ
2881 3971 2957 4027 δέ*
2995 3970 3063 4027 δι’
3108 3971 3432 4050 ἀμφοτέρων
3466 3968 3675 4031 δεικνὺς

2020 4064 2085 4118 τὸ
2142 4062 2531 4131 φιλάνθρωπον
2582 4063 2673 4117 καὶ
2721 4065 2822 4131 τῆς
2874 4063 3258 4135 ὑπομνήσεως,
3307 4060 3396 4116 καὶ
3445 4067 3545 4129 τῆς
3592 4059 3682 4113 ἀν-

2024 4152 2208 4215 έσεως.
2241 4148 2389 4213 Τίςό
2437 4155 2671 4222 ποιήσας
2718 4150 2996 4222 ἰκδίκησιν
3037 4150 3089 4205 ἐν
3138 4157 3253 4212 τοῖς
3295 4146 3517 4219 ἔθνεσιν,
3570 4147 3683 4203 ll:-

2022 4238 2198 4315 γμοὺς
2247 4239 2297 4293 ἐν
2346 4244 2463 4301 τοῖς
2512 4238 2691 4310 λαοῖς,
2743 4238 2943 4315 Κύριος
2990 4238 3247 4315 κραταιὸς
3297 4236 3388 4291 καὶ
3431 4233 3678 4306 δυνατὸς,

2026 4330 2222 4405 Κύριος
2253 4327 2480 4391 δυνατὸς
2513 4327 2564 4383 ἐν
2591 4326 2849 4402 πολέμῳ.

251 4416 466 4490 ριιΙίετθ
485 4418 513 4473 ‘I
544 4419 831 4477 Dominus
860 4420 1024 4476 fortis
1058 4427 1116 4477 et
1140 4426 1368 4494 potens,
1404 4423 1683 4477 Dominus
1716 4426 1925 4493 potens
1959 4420 2018 4475 in
2043 4418 2198 4477 bello
2223 4420 2287 4474 ⁷⁸.

320 4564 367 4597 σε
400 4566 537 4619 Luc.
569 4580 609 4629 I,
636 4564 730 4620 52.
805 4566 852 4600 ⁵³
883 4564 1035 4623 Eccl.
1068 4582 1148 4631 τι,
1179 4566 1233 4621 5.
1310 4566 1356 4599 ⁶⁴
1381 4565 1511 4621 Job.
1542 4582 1619 4633 ιν,
1646 4565 1697 4622 4.
1774 4565 1819 4599 ⁸⁵
1844 4568 1907 4623 Ps

2035 4580 2110 4629 1x,
2134 4564 2224 4618 36.
2301 4563 2345 4597 ⁵⁸
2371 4561 2524 4619 Psal.
2557 4578 2748 4633 xxxvr,
2770 4562 2859 4619 55.
2934 4562 2978 4595 ⁶⁷
3009 4559 3164 4619 Psal.
3198 4576 3294 4633 ovi
3321 4561 3376 4613 2.
3452 4559 3496 4593 ⁸⁸
3528 4558 3678 4633 Psal.

400 4604 537 4619 μυ...
569 4604 586 4619 ι
636 4604 730 4620 υ...
883 4604 1035 4623 μιν..
1071 4604 1125 4621 ..ι
1179 4604 1233 4621 υ.
1381 4604 1511 4621 νυν.
1544 4604 1590 4621 ,ν
1646 4604 1697 4622 τ.
1844 4604 1907 4623 ι.

251 4652 415 4703 Lxxv,
448 4636 501 4689 4.
579 4607 623 4669 δέ)
648 4635 801 4692 Psal.
844 4654 1038 4707 Lxxm,
1074 4608 1160 4700 13,,
1195 4638 1281 4691 14.
1376 4638 1421 4671 7°
1450 4608 1750 4692 Psal.,cv1.
1793 4637 1884 4690 29.

2075 4606 2249 4690 liliarc.
2300 4652 2376 4707 1v,
2421 4635 2509 4689 39.
2587 4634 2633 4669 79
2660 4604 2790 4688 Job.
2824 4649 3059 4707 xxxviii,
3090 4633 3195 4707 11.7
3255 4631 3311 4707 73_
3334 4635 3465 4685 Luc.
3500 4647 3555 4692 κ,
3590 4631 3678 4707 19.

249 4710 295 4741 7‘
324 4708 467 4764 Gen.
501 4725 587 4772 III,
622 4710 707 4763 15.

248 4781 294 4815 7°
323 4780 478 4836 Psal.
512 4797 672 4847 xxul,
707 4782 762 4835 8.

804 4710 848 4743 τε
895 4709 1052 4764 Psal.
1096 4726 1290 4775 cxvm,
1324 4709 1449 4763 121.

321 4925 427 4995 (22)
462 4922 781 4996 Περιτιθείς.
809 4946 837 4975 ‹‹
869 4922 1291 4996 Circumponit,
1327 4926 1584 4996 praestat.
1624 4946 1645 4971 υ

321 4942 427 4995 (zz;
465 4942 781 5047 υεὲιτιθεις.
809 4946 837 4975 ‹‹
869 4942 1291 4996 uxrcumponit,
1327 4942 1584 4995 pPIBSIBE.
1624 4946 1645 4971 ι»

319 4994 646 5079 ἧς.
710 4996 805 5051 Sic
839 5011 997 5079 regg.
1032 4998 1152 5079 ium,
1206 4996 1245 5063 Ι,
1295 4994 1817 5079 tresﬂGolaneest
1848 4994 1906 5079 in

248 5050 386 5122 edit.
413 5050 647 5132 [Billiu'sn
691 5050 735 5117 «ί
773 5050 1076 5138 script-um
1118 5050 1260 5122 loco.
1317 5089 1344 5117 »
1397 5065 1908 5138 CombeilsiusAqui

248 5139 449 5211 varias
489 5138 768 5193 lectiones
816 5132 1057 5211 colligit,
1104 5138 1256 5193 hanc
1304 5138 1417 5193 sibi
1458 5154 1678 5205 vocem,
1733 5132 1907 5211 ᾠδῆς,

250 5227 364 5265 non
398 5208 626 5279 placere
656 5216 925 5277 testatur,
960 5208 1063 5265 nec
1096 5226 1415 5283 congruere
1445 5214 1613 5280 putat
1650 5226 1783 5283 cum
1815 5209 1910 5283 his

250 5298 380 5351 quae
409 5298 478 5336 ex
511 5282 679 5347 isaia,
706 5287 769 5335 ut
791 5283 900 5353 ipsi
920 5282 1171 5351 videtur,
1196 5280 1565 5353 praecedunt;
1601 5281 1701 5353 sed
1756 5280 1906 5335 falli-

249 5358 364 5407 tur.
399 5352 551 5425 Nihil
588 5354 681 5425 hic
711 5352 1070 5425 deseriptum
1112 5371 1179 5409 ex
1200 5352 1382 5419 iisaia,
1415 5355 1515 5408 sed
1562 5369 1630 5425 ex
1669 5352 1780 5406 Job
1826 5369 1907 5425 νιν,

250 5425 304 5486 Ιι,
335 5423 423 5477 vel
456 5426 514 5477 in
547 5423 693 5493 psal.
728 5423 920 5488 xxxvr,
953 5427 1039 5491 17,
1075 5431 1248 5495 atque
1278 5426 1400 5479 haec
1422 5440 1492 5478 ex
1537 5424 1651 5478 alio
1683 5424 1909 5479 cantico

253 5495 440 5567 petita
464 5495 667 5567 scribit
694 5496 1027 5567 Gregorius,
1063 5498 1382 5567 respiciens
1432 5497 1503 5550 ad
1551 5496 1727 5550 verba
1776 5512 1909 5549 oan-

253 5565 369 5639 ticik
389 5565 601 5639 Moysis
634 5570 693 5639 et_
733 5565 947 5639 Mariae.
989 5565 1200 5639 Sicque
1247 5586 1316 5624 ex
1362 5568 1608 5623 diversis
1662 5567 1908 5639 canticis

254 5641 312 5688 et
340 5633 649 5705 Scriptura;
680 5633 847 5699 locis,
880 5644 1052 5704 prout
1081 5633 1483 5703 occurrebant,
1517 5656 1690 5694 suum
1725 5654 1787 5692 se
1828 5638 1909 5693 ait

256 5706 543 5760 conficere
569 5706 945 5777 χαριστήριον.

1544 4710 1588 4743 ⁷⁸
1617 4708 1767 4765 Psal.
1801 4723 1969 4762 cxxIv
1997 4708 2050 4764 3.

2150 4708 2193 4741 ⁷⁷
2224 4706 2381 4762 Psal.
2424 4723 2507 4774 vr,
2550 4709 2586 4761 2
2623 4731 2637 4774 ;
2686 4721 2901 4772 xxxvn,
2942 4706 2996 4759 2.
3044 4703 3047 4704 ⁷
3089 4704 3133 4738 ⁷⁸
3182 4703 3339 4758 Psal.
3386 4718 3575 4765 cxux,
3622 4703 3678 4755 7.

2091 4922 2203 4993 (24)
2236 4917 2700 4993 Συνερανιζόντων
2720 4940 2789 4993 λι(
2815 4916 3017 4993 Simul
3037 4915 3497 4973 conferentibus.
3542 4937 3570 4965 ››

2093 4987 2202 5064 (25)
2233 4987 2619 5064 Χαριστήριον.
2654 4990 2916 5045 Subaud.
2953 4987 3136 5064 λόγον.

2090 5060 2200 5135 (26)
2229 5060 2490 5117 Ὅπλονζ
2522 5084 2549 5112 ‹‹
2583 5063 2853 5135 Lcutum.
2886 5081 2913 5113 ι
2952 5060 3181 5127 ΒίΙΙίυε,
3221 5083 3242 5109 ιι
3278 5074 3462 5115 arma.
3500 5079 3527 5107 n

2234 5133 2828 5209 d>av§pG>c_.__«‘_Palam_,
2863 5138 3081 5209 aperte.
3118 5155 3146 5209 ξ)

2112 5208 2201 5279 28)
2234 5203 2429 5263 Αὐτόν.
2475 5205 2721 5261 Vitiiose
2768 5205 2860 5258 τὸν
2904 5203 3086 5276 αὐτόν,
3116 5204 3176 5258 in
3230 5204 3395 5258 Herv.
3447 5204 3506 5257 et
3549 5204 3682 5257 Par.

2020 5280 2200 5423 ed(gi?)
2235 5348 2539 5423 Ὀλιγάκις.
2565 5348 2693 5404 Par.
2716 5348 2775 5404 in
2807 5347 2958 5404 notis
2988 5364 3058 5407 ex
3087 5347 3270 5402 Oxon.
3302 5348 3361 5401 et
3390 5343 3521 5399 aliis
3543 5344 3687 5400 duo-

2019 5420 2131 5478 bus
2164 5420 2408 5477 addunt.
2441 5420 2738 5513 πάσχουσι.

2094 5495 2202 5513 Inn\
2289 5499 2327 5513 vr
2426 5512 2429 5513 ,
2496 5511 2528 5513 η
2668 5512 2675 5513 ,
2838 5492 2959 5513 n-..
3063 5491 3095 5513 ι.
3201 5508 3353 5513 --μ-,η
3369 5487 3468 5513 ...1

2091 5495 2205 5577 (ΞΟ)
2289 5491 2756 5567 Καταισχύνωσιν,
2838 5492 2978 5564 Reg.
3063 5491 3123 5560 b,
3200 5491 3681 5563 καταισχύνωμεν,

2018 5565 2249 5620 melius.
2499 5565 2532 5567 "

2020 5637 2203 5765 te£31”)
2234 5633 2644 5711 Κηδεμονιγῶς.
2695 5658 2726 5686 ‹‹

2049 5723 2128 5764 er.
2166 5730 2194 5758 ››

2786 5634 3048 5701 Provide,
3098 5633 3374 5707 benigne,
3425 5630 3682 5687 salubri-
