4028 6402
346 436 466 495 διο

1250 504 1257 509 ,
1336 426 1636 489 ORATIO
1678 424 1885 488 1V.--
1919 423 2237 485 CONTRA
2279 425 2684 489 JULIANUM
2729 429 2781 488 Ι.

3656 434 3775 493 546

412 562 512 622 ῙΕ’.
553 560 694 618 Μίαν
747 560 979 637 εὑρίσκω
1030 560 1239 637 φωνὴ),
1286 558 1339 613 ἓν
1396 557 1585 632 μέλος,
1634 576 1743 613 των
1793 556 2003 633 παρόν-

2186 557 2297 615 XV.
2332 558 2521 614 Unam
2561 575 2781 629 vocem,
2839 576 3021 616 unum
3070 578 3328 632 carmen,
3381 567 3770 636 praesentibus

333 676 443 711 των
495 673 613 714 πως
666 649 835 723 ἄξιον,
881 649 942 718 ἣν
991 650 1207 712 Ἠσαῒας
1256 650 1362 725 πρὸ
1409 652 1570 721 ἡμῶν
1622 648 1997 727 ἀνεφθέγξατο,

337 742 549 821 σφόδρα
602 746 680 813 τῷ
736 745 828 794 νῦν
883 744 1058 813 καιρῷ
1114 740 1444 815 πρέπουσαν,
1502 739 1591 792 καὶ
1646 743 1725 809 τῷ
1786 738 1999 812 μεγέθει

336 842 439 903 τῆς
518 830 818 907 εὐεργεσίας
894 827 1295 903 ἀμιλλωμένην
1334 848 1348 861 ·
1427 826 1806 905 Εὐφραινέσθω
1884 829 1999 899 (32)

345 925 374 978 ὁ
408 921 631 999 οὐρανὸς
670 919 888 993 ἄνωθεν,
938 918 1028 973 καὶ
1069 920 1124 973 αἱ
1174 916 1394 996 νεφέλαι
1446 916 1753 993 ρανάτωσαν
1789 913 1999 970 δικαιο-

348 1012 533 1083 σύνην’
571 1010 784 1087 ῥηξάτω
813 1011 927 1083 (33)
957 1009 1024 1063 τὰ
1070 1003 1171 1085 ὅρη
1206 1005 1565 1085 εὐφροσύνην,
1595 1006 1683 1060 καὶ
1730 1007 1781 1059 οἱ
1817 1005 2000 1080 βουνοὶ

348 1099 688 1178 ἀγαλλίασιν’
739 1098 855 1154 ἐπεὶ
903 1098 992 1153 καὶ
1042 1097 1215 1159 κτίσις
1257 1103 1421 1164 πᾶσα,
1471 1097 1560 1151 καὶ
1614 1093 1867 1169 δυνάμεις
1909 1094 2000 1149 of»-

348 1193 540 1267 ράνιοι,
581 1190 672 1245 καὶ
723 1194 830 1243 τῶν
880 1188 1165 1259 τοιούτων,
1214 1186 1287 1248 ὥς
1334 1208 1398 1262 γε
1442 1184 1508 1255 δὴ
1562 1186 1589 1240 ὁ
1638 1184 1769 1259 έμὸς
1812 1184 1999 1261 λόγος,

346 1280 871 1344 συνεπαισθάνονται*
920 1277 980 1332 οὐ
1029 1277 1134 1353 γὰρ
1181 1278 1481 1345 συστενάζει
1534 1275 1698 1349 μόνον
1747 1275 1837 1330 καὶ
1878 1294 1999 1328 συν-

346 1368 528 1425 ωδίνει
563 1367 896 1424 δουλεύουσα
945 1371 1011 1441 τῇ
1062 1369 1256 1445 φθορᾷ,
1306 1372 1423 1427 τοῖς
1470 1365 1617 1421 κάτω
1667 1365 1810 1442 λέγω
1849 1384 1999 1439 γινο-

354 1461 537 1532 μένοις
590 1478 649 1513 τε
722 1457 808 1512 καὶ
865 1456 1335 1531 ἀπογινομένοις,
1389 1452 1877 1529 ἀποκαραδοκοῦσα
1940 1454 2001 1508 τὸ

345 1548 508 1611 τέλος
560 1546 766 1603 τούτων
827 1545 916 1601 καὶ
972 1547 1073 1615 τὴν
1134 1543 1514 1619 ἀποκάλυψιν,
1567 1543 1661 1599 ’ίνα
1716 1544 1805 1598 καὶ
1864 1541 1999 1611 αὐτὴ

342 1638 469 1694 τότε
495 1637 639 1714 τύχῃ
668 1644 765 1707 τῆς
798 1634 1167 1709 ἐλπιζομένης
1201 1633 1527 1712 ἐλευθερίας,
1560 1635 1635 1697 ὡς
1680 1638 1773 1688 νῦν
1804 1631 2005 1687 ἄκουσα

343 1728 559 1789 τούτοις
609 1723 1011 1803 προσδεδεμένη
1067 1723 1155 1780 διὰ
1200 1726 1299 1794 τὴν
1347 1730 1444 1780 τοῦ
1494 1721 2005 1799 δημιουργήσαντος

348 1815 600 1891 δύναμιν,
653 1814 800 1871 ἀλλά
841 1816 931 1870 καὶ
977 1811 1285 1886 συνδοξάζει
1326 1813 1416 1869 καὶ
1465 1810 1858 1888 συναγάλλεται
1890 1816 2006 1872 τοῖς

350 1912 447 1963 τοῦ
479 1910 615 1961 Οεοῦ
639 1906 849 1968 τέκνοις
882 1904 1350 1983 εύφραινομένοις.

428 1998 516 2065 1ζ’.
547 2000 869 2072 Τοιγαροῦν,
893 1992 955 2049 οὗ
987 1996 1089 2071 γὰρ
1122 1994 1387 2071 ἀφέξομαι
1417 1993 1574 2049 θείων
1616 1993 1811 2071 φωνῶν
1858 1993 2002 2056 θείαν

357 2084 722 2162 ἐξηγούμενος
773 2082 999 2158 δύναμιν
1028 2128 1041 2155 ,
1097 2082 1449 2160 ἀγαλλιάσθω
1498 2082 1729 2159 ἔρημος,
1778 2081 1868 2136 καὶ
1918 2083 2005 2135 ἀν-

357 2176 517 2241 θείνω
576 2176 652 2237 ὡς
706 2173 982 2251 κρίνον,ἡ
1014 2176 1165 2251 χήρα
1220 2175 1353 2250 χθὲς
1409 2174 1498 2228 καὶ
1559 2173 1778 2246 πρώην,
1828 2170 1902 2232 ὥς
1947 2189 2009 2246 γε

356 2262 555 2338 ἐδόκει,
602 2264 692 2319 καὶ
742 2262 1000 2341 ἄνανδρος
1044 2262 1363 2336 Ἐκκλησία,
1412 2262 1503 2318 καὶ
1552 2268 1655 2324 πᾶς
1688 2263 1716 2316 ὁ
1765 2262 1846 2333 τῷ
1878 2262 2009 2339 φθο-

356 2360 497 2429 νερῷ
545 2355 635 2409 καὶ
680 2354 903 2430 ἀτερπεῖ
950 2358 1187 2430 χειμῶνι
1249 2361 1349 2423 τῆς
1398 2347 1639 2414 ἀσεϐείας
1696 2350 1833 2413 τέως
1887 2370 2010 2403 συν-

361 2441 710 2516 εσταλμένος·
765 2443 850 2498 ὅτι
894 2443 1102 2514 ἠλέησε
1152 2442 1355 2518 Κύριος
1404 2444 1493 2498 τὸν
1529 2441 1659 2497 λαὸν
1706 2440 1891 2510 αὐτοῦ,
1921 2436 2011 2494 καὶ

361 2533 460 2601 τήν
519 2530 893 2609 κληρονομίαν
969 2533 1132 2587 αὐτοῦ
1200 2532 1299 2587 οὐκ
1354 2528 1808 2609 ἐγκαταλέλοιπεν
1853 2548 1865 2562 '
1928 2528 2011 2583 ὅτι

365 2621 585 2693 έποίησε
640 2622 919 2695 θαυμαστὰ
962 2624 1279 2699 πράγματα,
1330 2620 1538 2698 βουλὴν
1585 2619 1815 2697 ἀρχαίαν
1879 2618 2017 2686 ἀλη-

362 2715 534 2782 θινήνυ
568 2714 602 2782 ἡ
650 2709 708 2766 δὲ
748 2712 839 2784 ἦν,
888 2709 1129 2767 εὐδοκεῖν
1185 2711 1272 2766 ἐπὶ
1316 2710 1445 2774 τοὺς
1496 2706 1870 2788 φοϐουμένους
1918 2706 2014 2761 αύ-

357 2802 469 2871 τὸν,
500 2802 593 2856 καὶ
620 2801 751 2863 τοὺς
781 2799 1102 2870 ἐλπίζοντας
1132 2800 1220 2856 ἐπὶ
1249 2797 1496 2876 τᾲέλεος
1534 2800 1716 2854 αὐτοῦ·
1762 2797 1844 2853 ὅτι
1894 2818 2017 2852 συν-

368 2892 555 2964 έτριψε
602 2889 780 2953 πύλας
831 2888 1045 2966 χαλκᾶς
1076 2900 1097 2960 ,λ
1138 2890 1227 2946 καὶ
1280 2888 1537 2966 μοχλοὺς
1588 2886 1846 2965 σιδηροῦς
1896 2909 2017 2942 συν-

366 2980 611 3035 έθλασεν’
648 2980 729 3034 ὅτι
782 2978 871 3035 διὰ
915 2981 1013 3043 τὰς
1064 2980 1293 3054 ἀνομίας
1325 2982 1485 3052 ἡμῶν
1540 2979 1978 3051 έταπεινώθημεν
2005 3021 2018 3046 ,

374 3067 502 3125 ἀλλ’
551 3067 930 3144 ἀνεκλήθημεν
978 3072 1112 3144 (34),
1161 3070 1271 3139 καὶ,
1322 3077 1420 3140 τῆς
1466 3067 1696 3145 παγίδος
1729 3062 2024 3143 συντριϐεί-

373 3180 493 3229 σης,
530 3157 757 3236 ἐρρώσθη
773 3180 865 3233 μεν
894 3158 945 3213 ἐν
979 3160 1165 3236 χάριτι
1212 3164 1309 3215 τοῦ
1358 3158 1685 3221 καλέσαντος
1733 3160 1901 3231 ἡμᾶς,
1933 3156 2023 3211 καὶ

368 3251 494 3311 τοὺς
526 3248 808 3311 ταπεινοὺς
839 3253 909 3322 τῇ
940 3246 1134 3324 καρδίᾳ
1162 3249 1608 3327 παρακαλοῦντος
1639 3253 1795 3307 Θεοῦ.

436 3422 529 3476 ΙΖ’.
564 3421 752 3493 Ὁρᾶτε
782 3416 1153 3481 ὅπως-πλέκω
1180 3420 1280 3487 τὴν
1321 3417 1467 3492 ᾠδὴν
1496 3418 1662 3484 θείοις
1694 3419 1783 3473 καὶ
1816 3417 2018 3495 ῥήμασι

363 3508 451 3563 καὶ
486 3506 818 3583 διανοήμασι
851 3528 864 3579 ;
897 3508 985 3563 καὶ
1038 3510 1137 3564 ούκ
1184 3507 1286 3564 οἷδ’
1317 3508 1466 3571 ὅπως
1518 3507 1836 3582 ἀλλοτρίοις
1868 3507 2019 3563 ἐπαί-

363 3598 534 3672 ρομαί
578 3617 638 3653 τε
686 3598 775 3653 καὶ
830 3596 1284 3671 καλλωπίζομσι,
1334 3599 1423 3653 καὶ
1468 3593 1651 3674 ὥσπερ
1700 3595 1888 3661 ἔνθους
1938 3597 2021 3673 ὑφ’

364 3685 570 3758 ἡδονῆς
604 3687 849 3763 γίνομαι’
901 3687 1149 3761 ἀτιμάζω
1200 3685 1258 3741 δὲ
1306 3689 1443 3741 ἅπαν
1495 3687 1744 3741 ταπεινὸν
1791 3698 1880 3740 και
1928 3686 2022 3740 ἀν-

368 3778 663 3851 θρώπινον,
695 3775 841 3832 ἄλλα
885 3776 1081 3839 ἄλλοις
1133 3771 1484 3849 συμϐιϐἀζων
1525 3776 1613 3831 καὶ
1647 3774 2019 3851 συναρμόζων,

363 3866 455 3921 καὶ
487 3866 561 3929 εἰς
593 3866 648 3921 ’ἐν
683 3864 829 3941 ἄγων
854 3866 923 3921 τὰ
950 3870 1046 3921 τοῦ
1080 3864 1243 3921 αὐτοῦ
1274 3864 1588 3939 Πνεύματος
1619 3883 1634 3935 ;

442 4048 541 4103 lE’.
570 4044 841 4123 Πρότερον
888 4046 982 4118 μὲν
1025 4041 1118 4101 οὗν
1165 4044 1371 4101 ἐδείκνυ
1414 4050 1513 4101 τοῦ
1546 4049 1680 4101 Θεοῦ
1715 4045 1784 4100 τὰ
1814 4046 2023 4117 θαυμά-

377 4155 464 4189 σια
505 4136 683 4211 Ἑνὼχ
734 4134 1149 4209 μετατιθέμενος
1180 4183 1194 4207 ,
1241 4135 1431 4199 Ἠλίας
1479 4130 2023 4209 ἀντιλαμϐανόμενος,

372 4231 491 4281 Νῶε
539 4224 964 4300 διασωζόμενος,
1012 4226 1101 4281 καὶ
1144 4223 1425 4295 διασώζων
1473 4227 1540 4281 τὰ
1590 4227 1872 4302 σπέρματα
1917 4229 2025 4279 τῶν

369 4321 535 4394 γενῶν
588 4318 723 4391 (35),
776 4314 827 4370 έν
883 4320 1063 4394 μικρῷ
1108 4316 1256 4390 ξύλῳ
1305 4316 1397 4372 τὸν
1444 4316 1691 4389 κόσμον,
1741 4313 2023 4394 φυγόντων

369 4407 700 4480 οἷγουμένης
744 4405 1048 4474 ἐπίκλυσιν,
1074 4404 1147 4460 ’ίν’
1178 4408 1213 4476 ἡ
1244 4413 1316 4481 γῆ
1367 4406 1623 4480 κοσμηθῂ
1671 4404 1837 4461 πάλιν
1879 4405 2026 4462 εὐσε-

371 4490 645 4570 ϐεστέροις
680 4496 1015 4571 οἰκήτορσιν·
1052 4491 1308 4571 Ἀϐραὰμ
1354 4494 1714 4569 καλούμενος,
1751 4496 1840 4550 καὶ
1870 4493 2025 4550 παιδὶ

365 4590 498 4660 παρ’
530 4582 749 4653 ἡλικίαν
799 4587 1142 4660 τιμώμενος,
1175 4585 1251 4647 είς
1301 4584 1477 4639 πίστιν
1512 4585 1696 4661 ἑτέρου
1737 4590 1832 4641 τοῦ
1866 4585 2029 4662 ἐπηγ-

2110 650 2410 706 beneﬁciis
2443 653 2876 723 quodammodo
2909 652 3153 725 dignum
3201 656 3445 727 reperio,
3478 658 3621 713 illud
3654 660 3770 714 sci-

2108 738 2265 806 licet,
2298 741 2453 811 quod
2490 742 2671 796 Isaias
2700 748 2833 797 ante
2855 759 2961 798 nos
2993 745 3424 815 pronuntiavit,
3458 746 3595 802 huic
3626 752 3773 802 tem-

2110 828 2237 901 pori
2266 829 2507 884 miriﬁce
2538 847 2887 901 congruens,
2922 836 2979 886 et
3010 847 3144 887 cum
3176 833 3442 890 beneﬁcii
3476 837 3774 908 magnitu-

2109 917 2247 973 dine
2277 918 2373 975 85
2413 921 2790 985 contendens,
2842 921 3090 975 Laetetur
3144 922 3358 977 ccelum
3402 926 3675 997 desuper,
3710 930 3766 981 et

2111 1009 2300 1063 nubes
2333 1008 3212 1082 stillentjustitiam.Erumpant
3234 1019 3463 1069 montes
3482 1013 3766 1070 laetitiam.

2111 1101 2169 1152 et
2197 1096 2373 1154 colles
2401 1098 2850 1154 exsultationem
2872 1100 2918 1134 ⁸ο
2942 1118 2953 1155 :
2980 1101 3459 1173 quandoquidem
3483 1105 3658 1160 etiam
3681 1120 3771 1160 res

2111 1203 2317 1243 omnes
2349 1188 2615 1257 condite,
2648 1193 2704 1243 et
2733 1189 2997 1245 caelestes
3043 1190 3315 1260 virtutes,
3362 1209 3492 1249 mea
3543 1194 3778 1266 quidem

2112 1279 2423 1347 sententia,
2454 1278 2799 1349 hujusmodi
2831 1297 3025 1335 rerum
3049 1296 3225 1336 sensu
3251 1283 3592 1339 afﬁciuntur
3620 1300 3640 1339 .·
3675 1302 3777 1341 ne-

2112 1384 2227 1440 que
2254 1368 2414 1423 enim
2438 1372 2706 1423 creatura
2737 1368 2913 1423 simul
2934 1373 3167 1425 tantum
3202 1371 3625 1443 ingemiscit,et
3647 1390 3779 1445 par-

2111 1455 2276 1524 turit,
2310 1458 2667 1528 corruptioni
2701 1458 2961 1513 serviens
2992 1457 3176 1529 “,hoc
3198 1461 3387 1529 est,iis
3410 1462 3510 1533 qui
3545 1462 3602 1516 in
3624 1467 3783 1518 terra

2113 1552 2458 1615 nascuntur,
2493 1552 2550 1602 et
2579 1547 2894 1616 intereunt,
2932 1547 3109 1603 ﬁnem
3141 1565 3342 1605 eorum
3394 1556 3451 1606 et
3482 1552 3781 1608 revelatio-

2114 1651 2249 1691 nem
2282 1640 2720 1707 exspectans,ut
2750 1637 2878 1708 ipsa
2909 1654 3145 1709 quoque
3176 1642 3319 1695 tunc
3338 1647 3571 1711 sperata
3599 1640 3776 1696 liber-

2114 1728 2236 1780 tate
2268 1726 2547 1797 potiatur,
2579 1725 2739 1781 velut
2773 1742 2928 1781 nunc
2971 1726 3060 1782 his
3110 1728 3296 1783 invita
3343 1734 3577 1800 propter
3607 1732 3780 1787 Crea-

2113 1816 2260 1870 toris
2290 1815 2615 1887 potentiam
2642 1815 2884 1887 alligata
2917 1832 2929 1871 :
2965 1816 3067 1871 sed
3102 1816 3279 1871 simul
3303 1818 3479 1874 etiam
3512 1835 3645 1875 cum
3677 1819 3780 1876 Dei

2036 1934 2086 2003 B
2118 1904 2255 1959 ﬁliis
2280 1905 2613 1960 laetantibus
2635 1904 2883 1976 gloriam
2906 1904 3096 1977 ipsius
3124 1905 3488 1979 przedicat,et
3511 1909 3780 1965 exsultat.

2187 1994 2333 2051 XVI.
2369 1994 2867 2067 Quocirca,neque
2898 1995 3051 2050 enim
3086 2013 3119 2050 a
3150 1995 3366 2052 divinis
3386 1997 3628 2054 vocibus
3652 2000 3784 2055 abs-

2114 2084 2335 2151 tinebo,
2368 2084 2628 2138 divinam
2662 2085 2981 2156 potentiam
3039 2101 3531 2157 commemorans,
3593 2086 3784 2144 exsul-

2115 2178 2199 2229 tet
2227 2174 2476 2243 deserta,
2510 2179 2566 2228 et
2598 2174 2799 2228 ﬂoreat
2830 2173 2983 2229 sicut
3012 2173 3200 2229 lilium
3242 2176 3311 2229 ⁸2.
3363 2175 3470 2231 hoc
3524 2182 3631 2243 est,
3685 2181 3783 2233 Ec-

2119 2263 2314 2331 clesia,
2343 2262 2465 2318 heri
2498 2266 2557 2318 et
2586 2264 2804 2317 nudius
2850 2262 3085 2330 tertius,
3140 2268 3201 2319 ut
3250 2265 3487 2335 quidem
3539 2266 3783 2323 videba-

2118 2358 2236 2422 tur,
2268 2352 2466 2421 vidua,
2500 2356 2556 2408 et
2583 2353 2707 2408 viro
2740 2369 2965 2421 carens,
3000 2359 3174 2425 atque
3205 2370 3431 2423 omnes,
3489 2372 3637 2427 quos
3695 2358 3783 2411 in-

2120 2442 2256 2497 vida
2284 2445 2341 2497 et
2371 2443 2666 2497 inamoena
2697 2441 3022 2513 impietatis
3055 2442 3245 2497 hiems
3279 2448 3450 2499 antea
3479 2449 3787 2500 contraxe-

2121 2536 2251 2588 rat:
2285 2532 2563 2604 quoniam
2602 2533 2752 2586 Deus
2783 2529 3016 2602 plebem
3049 2548 3219 2587 suam
3252 2532 3570 2588 miseratus
3602 2539 3691 2591 est
3720 2536 3786 2603 ⁸³,

2124 2626 2181 2678 et
2209 2621 2609 2677 haereditatem
2641 2636 2809 2676 suam
2841 2635 2955 2675 non
3006 2619 3320 2693 dereliquit
3372 2621 3419 2656 ⁸⁴
3451 2638 3464 2676 :
3520 2623 3788 2694 quoniam

2126 2726 2219 2767 res
2252 2710 2552 2766 mirabiles
2584 2710 2739 2778 fecit,
2773 2708 3087 2765 consilium
3122 2710 3432 2783 antiquum
3465 2728 3667 2767 verum
3700 2715 3783 2781 85;

2127 2801 2237 2857 hoc
2267 2804 2375 2869 est,
2409 2805 2475 2856 ut
2503 2799 2941 2871 beneplacitum
2974 2806 3126 2855 esset
3154 2799 3268 2871 ipsi
3304 2817 3482 2870 super
3512 2801 3788 2858 timentes

2130 2907 2266 2947 eum
2296 2895 2353 2946 et
2386 2891 2444 2945 in
2476 2890 2550 2944 iis
2583 2889 2682 2960 qui
2715 2894 2957 2961 sperant
2986 2888 3045 2943 in
3079 2888 3501 2946 misericordiis
3535 2892 3664 2963 ejus
3697 2893 3741 2928 ¹⁶
3774 2910 3784 2946 :

2132 2981 2409 3052 quoniam
2459 2978 2733 3034 contrivit
2780 2984 2978 3050 portas
3029 2996 3228 3048 aereas,
3263 2984 3319 3035 et
3348 2986 3543 3036 vectes
3578 2980 3791 3038 ferreos

2133 3068 2417 3141 confregit
2443 3069 2487 3103 ⁸⁷
2522 3084 2535 3123 :
2571 3068 2852 3139 quoniam
2902 3071 3140 3139 propter
3184 3068 3507 3140 inquitates
3558 3074 3791 3126 nostras

2134 3158 2429 3214 humiliati
2459 3174 2666 3213 sumus
2695 3158 2759 3228 ⁸⁸,
2794 3158 2894 3212 sed
2928 3158 3178 3212 revocati
3219 3174 3449 3224 sumus,
3488 3175 3553 3214 ac
3585 3158 3791 3230 laqueo

2137 3245 2387 3301 contrito
2425 3245 2490 3311 ⁸9,
2525 3261 2627 3317 per
2654 3245 2903 3316 gratiam
2938 3244 3035 3299 Dei
3066 3245 3165 3316 qui
3200 3262 3306 3301 nos
3335 3246 3581 3314 vocavit,
3604 3252 3660 3303 et
3690 3248 3795 3303 hu~

2057 3314 2102 3381 (ἶ
2141 3334 2307 3391 miles
2337 3314 2895 3403 corde‘consolatur,
2927 3314 3152 3389 liberati
3185 3350 3391 3390 sumus
3420 3337 3465 3372 9°

2203 3425 2377 3479 XVII.
2410 3424 2708 3479 Videtisne
2740 3440 2855 3495 quo
2898 3428 3067 3495 pacto
3098 3423 3313 3480 divinis
3346 3426 3537 3481 verbis
3572 3443 3638 3481 ac
3670 3444 3796 3481 sen-

2130 3514 2329 3570 tentiis
2359 3514 2654 3568 canticum
2684 3517 2875 3567 texam
2897 3512 2925 3567 ?
2950 3516 3124 3583 atque
3156 3512 3310 3568 haud
3364 3514 3483 3569 scio
3537 3532 3793 3585 quonam

2133 3604 2306 3659 modo
2353 3602 2560 3658 alienis
2610 3618 2703 3656 me
2750 3602 2986 3656 efferam
3017 3606 3072 3656 et
3103 3605 3415 3668 ostentem,
3452 3621 3517 3658 ac
3552 3621 3666 3675 prae
3697 3622 3795 3660 vo-

2132 3693 2356 3764 luptate
2386 3690 2547 3746 velut
2577 3691 2818 3745 numine
2847 3690 3161 3761 corripiar;
3197 3690 3485 3763 quidquid
3519 3710 3651 3748 vero
3684 3694 3793 3749 hu-

2133 3782 2270 3837 mile
2316 3785 2490 3852 atque
2539 3780 2866 3835 humanum
2910 3783 3018 3845 est,
3070 3784 3469 3853 contemnam,
3517 3781 3631 3837 alia
3661 3800 3795 3839 cum

2134 3871 2264 3927 aliis
2282 3871 2666 3942 compingens
2683 3874 2853 3940 atque
2872 3869 3251 3937 concinnans,
3271 3886 3376 3941 eaq
3388 3888 3477 3939 ue,
3500 3888 3627 3944 quae
3646 3874 3799 3943 ejus-

2140 3962 2273 4017 dem
2312 3964 2451 4015 sunt
2482 3957 2761 4029 Spiritus,
2797 3957 2855 4012 in
2889 3975 3073 4013 unum
3108 3958 3390 4030 colligens
3412 3960 3440 4015 ?

2206 4048 2405 4105 XVIII.
2434 4052 2511 4103 Ac
2544 4048 2707 4118 prius
2742 4045 2980 4118 quidem
3013 4047 3113 4102 Dei
3167 4048 3453 4104 miracula
3501 4052 3798 4107 testaban-

2133 4145 2232 4196 tur
2270 4157 2281 4195 :
2333 4139 2547 4205 Enoch,
2602 4138 2744 4192 dum
2788 4137 3208 4192 transferretur
3236 4138 3318 4207 91;
3354 4138 3528 4204 Elias,
3563 4141 3705 4195 dum
3740 4141 3798 4195 in

2136 4228 2390 4284 sublime
2421 4228 2827 4281 assumeretur
2855 4226 2899 4258 92
2937 4242 2948 4279 :
2982 4224 3123 4291 Noe,
3158 4227 3299 4281 dum
3334 4234 3799 4299 conservaretur,

2137 4335 2202 4373 ac
2233 4333 2513 4389 generum
2560 4313 2789 4370 semina
2835 4319 3222 4385 conservaret,
3273 4315 3333 4369 in
3384 4315 3591 4388 exiguo
3639 4315 3799 4389 ligno

2136 4408 2450 4473 mundum,
2500 4404 2661 4460 orbis
2710 4404 2966 4460 universi
2996 4404 3287 4460 diluvium
3330 4406 3703 4478 fugientium,
3737 4410 3803 4462 ut

2136 4502 2292 4553 terra
2322 4511 2527 4550 rursus
2550 4492 2943 4549 sanctioribus
2965 4493 3173 4548 incolis
3198 4499 3506 4549 ornaretur
3526 4496 3571 4529 93
3592 4510 3605 4550 :
3626 4496 3805 4551 Abra-

2138 4588 2299 4653 ham,
2329 4586 2470 4639 dum
2503 4587 2806 4637 vocaretur
2836 4583 2899 4648 9‘,
2935 4599 3001 4636 ac
3033 4582 3151 4637 ﬁlio
3183 4588 3394 4652 prmter
3433 4586 3661 4639 aetatem
3694 4585 3802 4639 do-

365 4672 639 4749 γελμένου
685 4674 1029 4752 σπέρματος,
1080 4673 1169 4730 καὶ
1225 4674 1315 4729 τὸν
1381 4681 1643 4750 μονογενῆ
1704 4673 2024 4751 προσφέρων

2138 4680 2377 4733 naretur
2433 4672 2499 4737 95,
2544 4672 2615 4726 ad
2657 4669 3163 4725 conﬁrmationem
3196 4687 3406 4742 nempe
3438 4671 3678 4727 alterius
3711 4691 3801 4729 se-

366 4762 550 4818 θυσίαν
584 4764 889 4840 πρόθυμον,
924 4764 1012 4820 καὶ
1061 4765 1259 4840 ἱερεῖον
1308 4762 1448 4835 ξένον
1483 4766 1596 4836 (36)
1638 4762 1755 4817 ἀντί
1786 4767 1901 4837 (37)
1928 4772 2030 4821 τοῦ

364 4850 561 4916 παιδὸς
588 4855 977 4929 κομιζόμενος’
1034 4849 1339 4931 παράδοξος
1370 4854 1484 4927 (38)
1521 4847 1728 4908 ἀσεϐῶν
1757 4853 2027 4933 ἀπώλεια,

435 4998 481 5035 ⁸ο
514 5000 624 5056 Isa.
658 5015 786 5055 τιν.
817 5000 893 5066 8;
924 5015 1079 5069 χιιι,
1112 4999 1217 5066 13;
1253 4998 1407 5055 Psal.
1445 5014 1592 5069 uiv,
1619 5000 1707 5053 13.
1788 5000 1831 5036 εί
1869 4998 2015 5057 Rom

2137 5017 2196 5065 ιι,
2228 4999 2319 5051 22.

2054 5073 2097 5107 ⁸⁷
2129 5070 2282 5128 Psal.
2316 5084 2424 5133 ενι,
2458 5067 2542 5121 16.

1970 5146 2014 5180 ⁹²
2044 5144 2119 5201 IV
2147 5143 2286 5214 Reg.
2321 5156 2383 5207 ιι,
2416 5139 2503 5194 11.

366 5088 521 5140 xcm,
554 5072 645 5127 44.
784 5071 829 5105 ⁸⁵
860 5071 971 5127 Isa.
1006 5087 1138 5136 xxv,
1172 5072 1222 5125 1.
1337 5071 1382 5105 ⁸⁸
1413 5069 1570 5125 Psal.
1608 5087 1792 5139 CXLVI,
1828 5073 1913 5127 11.

365 5144 409 5178 ⁸⁸
437 5141 626 5200 Galat.
663 5160 702 5198 ι.
739 5144 843 5211 15;
877 5143 926 5199 II
958 5142 1087 5198 Cor.
1120 5157 1221 5198 vn.
1256 5142 1311 5196 6.
1426 5143 1469 5179 θι
1502 5141 1647 5209 Gen,
1677 5159 1732 5207 ν,
1764 5144 1854 5198 24.

364 5219 423 5271 et
451 5231 574 5289 seq.
673 5215 719 5251 ⁸⁸
749 5215 893 5271 Gen.
924 5228 1091 5283 xvm,
1126 5215 1213 5269 10.
1292 5214 1336 5248 ³⁸
1364 5213 1554 5270 Galat.
1588 5230 1674 5281 ιιι,
1711 5216 1796 5270 16.

372 5357 555 5496 Θήξὲ)
619 5356 1025 5435 Εὐφραινέσθω.
1097 5358 1162 5413 In
1228 5356 1382 5414 Isaia
1449 5356 1666 5430 legitur
1702 5404 1716 5426 ,
1782 5355 2032 5437 Εὖφραν-

444 5500 559 5642 (33)
588 5498 847 5569 Ῥηεάτω.
879 5500 1087 5557 Billius
1120 5517 1134 5557 :
1167 5521 1199 5552 «
1230 5501 1552 5557 effundant.
1589 5522 1618 5549 ι)

444 5570 534 5641 (34
587 5569 1021 5642 Ἀνεκλήθημεν.
1086 5593 1113 5623 ‹‹
1146 5572 1418 5631 Revocati
1468 5589 1697 5629 sumus.
1735 5597 1762 5624 ››
1797 5578 1844 5628 Α
1868 5574 1995 5629 Billi

374 5657 407 5697 0
443 5569 555 5651 (34)
587 5569 1021 5644 Ἀνεκλήθημεν.
1086 5593 1113 5623 ‹‹
1146 5572 1418 5631 Revocati
1468 5589 1697 5629 sumus.
1735 5597 1762 5624 ››
1797 5578 1844 5628 Α
1868 5574 2034 5631 Billio

414 5658 686 5699 missum.

445 5713 559 5858 (35)
590 5716 789 5769 Γενῶν.
820 5714 935 5770 Alii
968 5730 982 5770 :
1016 5712 1207 5773 έθνῶν.

469 5786 560 5858 36)
600 5790 799 5858 Ιερεῖον
835 5784 1007 5857 ξένον,
1060 5793 1171 5846 etc.

469 5784 560 5859 36)
600 5790 799 5863 Ιερεῖον
835 5784 1007 5857 ξένον,
1060 5793 1171 5846 etc.
1232 5809 1262 5839 «
1319 5788 1588 5845 Alienum
1646 5787 1970 5860 victimam,
2003 5809 2034 5838 »

2143 4765 2320 4821 minis
2354 4760 2627 4834 promissi
2650 4760 2714 4830 ’5,
2738 4764 2916 4830 atque
2951 4759 3320 4827 unigenitum
3353 4760 3607 4825 oﬁ‘erret,
3630 4762 3804 4816 sacri-

2140 4856 2338 4911 ﬁcium
2372 4855 2709 4925 promptum
2742 4853 2798 4904 et
2828 4848 3039 4915 alacre,
3090 4848 3457 4918 alienamque
3503 4848 3801 4905 victimam

3574 4992 3618 5026 ⁸⁴
3648 4992 3801 5049 Psal.

3264 5062 3310 5097 ⁸⁸
3340 5063 3487 5118 Psal.
3523 5079 3714 5132 cxxm,
3747 5066 3800 5120 7.

3369 5135 3414 5170 ⁰⁴
3463 5135 3605 5191 Gen.
3638 5153 3742 5209 χιι,
3773 5138 3795 5192 1

2424 4994 2470 5029 39
2502 4994 2613 5050 Isa.
2646 5009 2811 5057 xxxv,
2852 5000 2895 5046 ι.
2973 4992 3018 5024 ⁸⁸
3049 4990 3199 5045 Psal.
3242 5007 3338 5057 cu,
3382 4990 3468 5045 43.

2458 5067 2542 5120 16.
2685 5064 2728 5099 ⁸⁸
2764 5064 2911 5120 Psal.
2940 5079 3025 5117 cv.
3060 5064 3151 5117 43.
3264 5062 3310 5097 ⁸⁸
3340 5063 3468 5118 Psal

2618 5138 2664 5174 ⁸³
2694 5136 2839 5192 Gen.
2883 5152 2985 5201 v11,
3033 5136 3058 5189 1
3095 5151 3226 5207 sqq.

2145 5360 2203 5415 in
2238 5354 2677 5439 comparatione
2700 5351 3380 5439 ﬁlii,«inexspectatam“;
3412 5374 3439 5401 »
3464 5350 3626 5408 nulla
3648 5354 3803 5439 enim

2149 5434 2274 5487 erat
2306 5424 2576 5484 usitatior
2619 5424 2855 5479 victima
2901 5439 3079 5495 quam
3131 5424 3301 5481 aries.
3331 5424 3458 5480 Non
3489 5441 3627 5497 ergo
3659 5426 3806 5482 bene

2148 5500 2278 5558 Bill.
2320 5521 2343 5549 α
2376 5500 2742 5554 inusitatam.
2782 5518 2810 5545 ››

2219 5539 2341 5641 ἱΞὴ
2364 5539 2940 5638 ’Κνέῖζ”λὶἓῗξίιὲνν.,
2972 5566 3103 5625 Par.
3126 5565 3214 5619 καὶ
3275 5564 3411 5623 ἀντί.
3469 5568 3582 5624 Sed
3640 5568 3807 5625 abest

2220 5645 2235 5694 ί
2265 5645 2338 5694 ab
2370 5641 2646 5694 omnibus
2678 5639 2844 5694 codd.

2144 5645 2235 5698 καί
2265 5645 2338 5699 ab
2370 5641 2646 5698 omnibus
2678 5641 2844 5694 codd.

2145 5709 2711 5843 1ῄξῇξξ)»ΙΙοιρεπὶδοΕοις.
2783 5731 2813 5761 ‹‹
2864 5710 3221 5782 Stupendus,
3274 5727 3461 5767 novus
3507 5726 3574 5767 ac
3622 5710 3800 5767 mira-

2188 5804 2305 5843 lllS.
2342 5808 2370 5836 υ
