4028 6420
302 409 419 467 549

1297 402 1595 463 ORATIO
1638 403 1847 465 IV.—
1878 403 2193 464 CONTRA
2239 401 2648 463 JULIANUM
2691 403 2741 462 Ι.

3610 404 3730 465 550

295 538 446 597 ’ὁπως
524 534 583 589 ἂν
658 538 774 609 γνῷ
829 532 986 608 γενεᾶ
1044 532 1219 608 ἑτέρα,
1286 532 1377 587 καὶ
1436 530 1694 609 διαδοχαὶ
1746 538 1960 610 γενεῶν,

2093 534 2271 589 :entiae
2304 533 2591 589 miracula
2621 537 2937 606 cognoscat
2988 536 3282 607 generatio
3336 537 3519 593 altera
3575 538 3640 606 “,
3675 541 3731 593 et

291 633 392 695 τῆς
424 628 522 680 τοῦ
578 626 715 678 Θεοῦ
778 619 1086 684 δυναστείας
1136 621 1204 675 τὰ
1251 621 1519 694 θαύματα.
1570 622 1721 678 Ἐπεὶ
1774 621 1831 678 δὲ
1862 622 1967 700 οὐχ

302 714 414 768 οἶόν
453 734 512 768 τε
556 709 724 767 ταῦτα
776 709 1053 783 δηλῶσαι,
1108 711 1183 784 μὴ
1214 712 1277 765 τὸ
1333 716 1428 765 τοῦ
1486 712 1737 767 κινδύνου
1793 734 1968 789 παρα-

303 806 596 873 στήσαντας
649 800 871 876 μέγεθος
898 818 910 831 ·
963 805 1127 855 τοῦτο
1179 797 1237 854 δὲ
1277 800 1383 876 οὐχ
1414 802 1529 855 οἷόν
1558 823 1636 871 τε,
1675 803 1748 875 μή
1776 802 1839 856 τὸ
1870 804 1968 857 τοῦ

305 892 512 969 τρόπου
577 890 838 958 κακόηθες
913 886 1302 965 διελέγξαντας,
1362 890 1451 944 καὶ
1503 890 1553 961 ἐξ
1604 888 1731 944 οἵων
1782 891 1965 965 ἀρχῶν

309 983 397 1036 καὶ
449 986 545 1049 τῆς
602 978 790 1040 κακίας
862 977 1186 1053 σπερμάτων
1248 978 1335 1032 ἐπὶ
1388 980 1487 1047 τήν
1542 976 1967 1051 κακοδαιμονίαν

310 1070 572 1139 τοσαύτην
608 1066 837 1139 ἐξέπεσε,
870 1067 1006 1122 κατὰ
1039 1068 1229 1141 μικρὸν
1264 1070 1375 1140 (54)
1404 1070 1502 1136 τήν
1551 1063 1794 1123 ἀσέϐειαν
1847 1089 1969 1121 συν-

313 1160 566 1231 αυξήσας,
619 1157 797 1232 ὥσπερ
841 1158 934 1212 τὸν
984 1156 1063 1211 ἷὸν
1112 1161 1220 1211 τῶν
1273 1157 1510 1231 ἑρπετῶν
1558 1158 1647 1212 καὶ
1714 1162 1820 1211 τῶν
1881 1158 1972 1226 θη-

313 1251 443 1327 ρίων
478 1248 578 1303 ὅσα
607 1247 929 1318 πικρότατα,
952 1247 1125 1301 πάντα
1160 1246 1252 1319 μὶν
1298 1245 1387 1301 οῦν
1424 1249 1535 1320 (55)
1568 1243 1967 1325 ἐκτραγφῳδεῖν

308 1341 376 1395 τὰ
424 1338 627 1392 ἐκείνου
680 1332 896 1412 βίϐλοις
945 1336 1033 1391 καὶ
1077 1336 1341 1412 ἱστορίαις
1380 1338 1722 1412 παρήσομεν·
1777 1335 1839 1390 οὐ
1869 1336 1970 1411 γὰρ

312 1430 449 1499 ἡμῖν
500 1448 563 1502 γε
612 1424 792 1502 σχολὴ
848 1425 1152 1502 μακρότερα
1199 1432 1296 1494 τῆς
1335 1426 1613 1502 παρούσης
1673 1424 1973 1485 ὑποθέσεως

316 1515 587 1591 ῥαψῳδεῖν
620 1532 631 1547 °
672 1513 827 1569 αὐτοὶ
857 1512 913 1569 δὲ
947 1513 1105 1591 ὀλίγα
1132 1514 1191 1569 ἐκ
1214 1514 1442 1571 πολλῶν
1478 1512 1806 1581 διελθόντες,
1839 1535 1973 1583 στη-

316 1603 611 1682 λογραφίαν
662 1602 842 1680 ὣσπερ
887 1603 1007 1658 τινὰ
1052 1608 1171 1665 τοῖς
1234 1605 1349 1677 μεθ’
1394 1606 1542 1676 ἡμᾶς
1572 1602 1971 1677 καταλείψομεν

313 1693 400 1749 ἐπὶ
446 1695 514 1748 τὰ
560 1695 869 1769 κυριώτατα
917 1691 1005 1747 καί
1063 1694 1493 1769 περιφανέστατα
1540 1696 1654 1766 (56)
1699 1697 1807 1747 τῶν
1861 1712 1976 1747 κατ’

310 1782 510 1839 ἐκεῖνον
539 1788 617 1855 τῷ
650 1780 806 1856 λόγῳ
836 1784 1210 1858 χωρήσαντες.

384 1962 491 2017 KA'
533 1966 769 2022 Ἐκεῖνος
818 1959 871 2015 ἓν
928 1961 1022 2034 μὲν
1072 1962 1161 2015 καὶ
1224 1964 1438 2034 πρῶτον
1515 1963 1649 2035 (57),
1712 1958 1815 2015 ὑπὸ
1872 1964 1972 2014 τοῦ

319 2050 560 2127 μεγάλου
609 2050 986 2107 Κωνσταντίου
1035 2050 1245 2118 σωθεὶς,
1296 2048 1417 2125 ἄρτι
1468 2052 1614 2122 παρὰ
1639 2054 1737 2104 τοῦ
1768 2050 1972 2125 πατρὸς

315 2137 699 2212 διαδεξαμένου
744 2140 807 2194 τὸ
855 2138 1050 2215 κράτος
1110 2138 1294 2211 (ἡνίκα
1338 2139 1400 2193 τὸ
1452 2138 1837 2214 στρατιωτικὸν
1893 2137 1973 2209 ἒξ-

314 2227 567 2298 ωπλίσθη
602 2228 737 2283 κατὰ
764 2232 871 2282 τῶν
911 2228 961 2283 ἐν
992 2226 1157 2298 τὲλει,
1190 2232 1551 2300 καινοτομοῦν
1599 2223 1755 2305 φόϐῳ
1799 2248 1976 2282 καινο-

314 2317 532 2389 τομίας.
590 2316 680 2370 καὶ
741 2313 829 2370 διὰ
886 2314 1015 2370 νέων
1070 2320 1390 2390 προστατῶν
1451 2316 1740 2380 καθίστατο
1778 2316 1845 2369 τὰ
1880 2317 1974 2389 βα-

317 2404 536 2477 σίλεια)·
570 2405 658 2459 καὶ
697 2403 889 2468 σωθείς
957 2426 1020 2480 γε
1224 2404 1315 2459 σὺν
1350 2410 1427 2475 τῷ
1456 2402 1675 2482 ἀδελφῷ
1705 2403 1977 2480 σωτηρίαν

320 2496 541 2548 ἄπιστον
574 2494 661 2548 καὶ
712 2491 1029 2569 παράδοξον,
1085 2494 1208 2548 οὒτε
1254 2499 1333 2565 τῷ
1382 2499 1497 2566 Θεῷ
1526 2496 1687 2569 χάριν
1722 2492 1850 2569 ἔσχε
1877 2500 1976 2562 τῆς

320 2583 612 2659 σωτηρίας,
648 2581 769 2637 οὕτε
797 2588 873 2654 τῷ
917 2582 1151 2657 βασιλεῖ,
1204 2580 1272 2636 δι’
1305 2580 1367 2637 οὗ
1400 2584 1661 2638 σὲσωστῡ·
1718 2581 1841 2639 ἀλλ’
1872 2583 1976 2655 ἆμ-

318 2670 571 2750 φοτὲροις
605 2671 759 2750 ὤφθη
791 2673 975 2741 κακὸς,
1005 2677 1083 2744 τῷ
1119 2672 1212 2745 μὲν
1237 2671 1564 2727 ἀποστασίαν
1618 2670 1852 2740 ὠδίνων,
1901 2675 1978 2743 τῷ

313 2760 371 2816 δὲ
402 2761 778 2820 ἐπανάστασιν.

390 3030 488 3083 ΚΒ¹
517 3030 582 3081 "0
640 3024 695 3083 δὲ
753 3049 843 3100 μοι
901 3028 1008 3103 πρὸ
1066 3028 1273 3083 τούτων
1316 3029 1426 3102 (59)
1468 3028 1634 3083 εἰπεῖν
1668 3028 1977 3103 ἀναγκαῖον,

325 3116 538 3187 διαίτης
573 3118 667 3189 μὲν
694 3116 782 3172 καὶ
814 3116 1101 3187 θεραπείας
1141 3116 1192 3172 ἕν
1221 3139 1323 3172 τινι
1352 3122 1459 3172 τῶν
1516 3115 1814 3192 βασιλικῶν
1868 3120 1979 3191 (60)

326 3205 549 3281 χωρίων
600 3206 848 3276 ἠξιοῦντο
906 3206 1196 3281 βασιλικῆς
1228 3208 1373 3282 παρὰ
1400 3210 1498 3261 τοῦ
1530 3205 1977 3284 φιλανθρωποτά-

324 3316 419 3351 του
470 3294 759 3369 βασιλέως,
807 3296 881 3358 ὡς
926 3294 1023 3350 τοῦ
1064 3298 1251 3373 γένους
1298 3296 1526 3370 λείψανα
1589 3299 1657 3370 τῇ
1732 3295 1980 3372 βασιλείᾳ

324 3385 706 3460 τηρούμενοι·
770 3385 911 3457 ὁμοῦ
965 3386 1056 3457 μὲν
1128 3385 1426 3460 ἀπολογίαν
1506 3385 1819 3447 ἐπινοοῦτος
1874 3390 1983 3440 τῶν

325 3472 782 3547 νεωτερισθέντων
831 3472 882 3527 ἐν
936 3475 1082 3549 ἀρχῇ
1130 3482 1232 3543 τῆς
1277 3473 1574 3549 βασιλείας,
1625 3474 1699 3535 ὡς
1750 3474 1811 3528 ού
1869 3475 1986 3528 κατ’

324 3559 529 3616 ἐκείνου
575 3562 800 3637 γνώμην
838 3562 1267 3636 τετολμημένων
1295 3582 1307 3595 ⁸
1356 3565 1497 3636 ὁμοῦ
1528 3559 1587 3617 δὲ
1624 3562 1714 3616 καὶ
1770 3563 1832 3616 τὸ
1896 3584 1986 3636 με-

321 3648 644 3726 γαλόψυχον
701 3647 1061 3720 ἐπιδείξασθαι
1123 3655 1411 3720 ζητοῦντος
1456 3654 1525 3724 τῇ
1578 3650 1839 3721 κοινωνίᾳ
1881 3658 1984 3720 τῆς

326 3737 603 3813 βασιλείας
638 3758 650 3771 ·
727 3739 816 3793 καὶ
884 3740 1088 3814 τρίτον,
1152 3741 1250 3807 τὴν
1314 3740 1492 3815 ἀρχὴν
1549 3741 1983 3809 καταστήσασθαι

318 3834 436 3890 ταῖς
492 3830 832 3901 προσθήκαις
885 3824 1254 3904 βεϐαιοτέραν,
1305 3827 1438 3905 ὅπερ
1487 3831 1551 3898 ἦν
1596 3830 1708 3903 (61)
1735 3826 1979 3884 διανοου-

324 3918 508 3991 μὲνου,
546 3916 848 3993 ρηστότερα
875 3918 911 3987 ἢ
945 3919 1248 3994 σοφώτερα.

391 4189 483 4241 ΚΓ
486 4190 520 4243 ’.
560 4184 707 4241 Ἐπεὶ
759 4182 816 4239 δὲ
859 4186 996 4260 ἦγον
1038 4185 1147 4241 ἀπὸ
1190 4185 1407 4240 πάντων
1436 4187 1548 4259 (62)
1580 4181 1818 4260 σχολὴν,
1874 4193 1976 4257 τῆς

391 4286 436 4321 ³⁸
475 4283 630 4343 Psal.
661 4302 876 4352 Lxxvn,
906 4287 961 4340 6.

407 4392 501 4466 54)
531 4389 677 4466 Κοιτᾶ
711 4390 945 4466 μικρόνζ
968 4392 1107 4464 Reg.
1138 4393 1261 4461 bm,
1285 4388 1383 4466 καὶ
1412 4389 1792 4466 κατὰ-μικρόντ

385 4392 503 4535 (54)
531 4392 677 4445 Κατά
711 4392 924 4466 μικρόν.
968 4392 1107 4464 Reg.
1138 4393 1261 4461 bm,
1292 4392 1383 4444 καὶ
1412 4392 1549 4443 κατὰ
1575 4392 1792 4462 μικρόν.

410 4466 479 4518 55
536 4464 713 4517 Πάντα
748 4463 840 4535 μὲν
883 4460 999 4520 οὖν.
1058 4470 1146 4521 lta
1204 4463 1364 4520 Colb.
1426 4462 1484 4518 k.
1549 4463 1722 4519 Deest
1750 4461 1863 4533 οὖν,
1912 4463 1975 4519 in

314 4538 448 4591 Par.

386 4606 500 4687 (56)
559 4608 1008 4687 ῌεριφανεστατα.
1064 4630 1091 4657 ‹‹
1150 4604 1492 4687 Notissima,
1546 4604 1968 4687 famosissima.

312 4676 716 4733 atrocissima."
742 4702 769 4728 ››
801 4680 1074 4745 Billius,«
1110 4678 1541 4733 nobilissima.»
1570 4676 1768 4731 Minus
1800 4683 1975 4746 recte,

311 4765 451 4804 cum
481 4748 578 4804 hic
611 4755 830 4832 agatur
859 4753 931 4807 de
962 4750 1205 4824 ﬂagitiis
1234 4749 1364 4821 viri,
1395 4750 1496 4821 qui
1528 4747 1677 4803 nihil
1724 4749 1972 4821 dignum

309 4820 487 4876 laude
518 4828 724 4876 neseit.

337 4828 487 4876 aude
518 4828 724 4877 gessit.

384 4837 487 4875 [106
559 4837 724 4877 688113.

384 4892 500 4963 (57)
518 4837 769 4953 εΕκεῖνος
819 4888 871 4946 ἕν
906 4891 999 4966 μὲν
1032 4891 1122 4946 καὶ
1153 4895 1392 4966 πρῶτον.
1444 4891 1533 4946 Sic
1583 4906 1797 4966 magno
1844 4907 1975 4947 con-

311 4980 493 5020 sensu
516 4965 744 5023 codices
779 4983 791 5020 :
828 4988 856 5016 «
893 4963 1450 5037 Ille,quod'quidem
1484 4979 1669 5019 unum
1690 4963 1977 5037 primum-

314 5042 564 5110 que__est,
597 5056 631 5093 a
663 5053 878 5110 magno
909 5033 1252 5094 Constantio
1295 5040 1583 5096 servatus.
1619 5057 1647 5084 ››
1683 5033 1857 5091 Savil.
1891 5034 1971 5091 le-

352 5108 398 5163 it
427 5108 626 5163 ἄκεῖνο.

313 5125 398 5178 git
427 5128 626 5163 ακεινο.

313 5247 348 5255 __
387 5182 497 5255 (58)
524 5180 627 5255 Kai
688 5178 879 5255 σωθείς
932 5199 1037 5255 γε.-
1073 5180 1195 5244 Quo
1232 5185 1535 5255 _tempore_,
1575 5193 1767 5255 anno.
1814 5177 1974 5255 vide-

310 5247 601 5324 licet7338,
634 5253 821 5308 caedes
853 5247 1187 5324 principum
1220 5247 1718 5324 Constantiniana
1741 5248 1973 5324 familiae

313 5322 917 5395 contigit,’Julianu'm
950 5322 1078 5395 tum
1112 5323 1413 5395 septennia
1446 5326 1711 5395 servatus
1743 5326 1851 5387 est,
1883 5322 1972 5378 vel

312 5394 629 5465 annuente,
661 5395 748 5451 vel
807 5394 1222 5451 dissimulante
1250 5394 1637 5465 Constantio,
1673 5397 1788 5447 Nec
1818 5395 1973 5450 enim

302 5463 550 5534 jubente
580 5462 655 5539 eo
676 5470 969 5539 servatum
1002 5467 1326 5539 Julianum,
1371 5467 1561 5539 dicere
1594 5462 1798 5539 sinunt
1828 5466 1971 5521 scri-

308 5540 529 5618 ptores,
561 5537 659 5609 qui
692 5538 911 5618 eadem
954 5536 1413 5618 _pri_ncipumlin_
1443 5536 1851 5618 qonstantium
1884 5554 1974 5618 re:

301 5607 522 5691 j‘ic‘iunt
555 5607 719 5676 {non
748 5610 930 5691 ωορδ
952 5607 1239 5681 Zozimus,
1280 5614 1337 5691 e_t
1387 5607 1662 5691 Julianus
1724 5608 1852 5691 ipse

308 5680 687 5750 Athenienses,
722 5697 775 5751 p.
828 5681 949 5735 497.
998 5700 1197 5739 verum
1227 5678 1423 5737 etiam
1480 5678 1837 5751 Athanasius
1895 5680 1973 5735 Ad

307 5751 622 5822 monachos,
656 5750 1046 5826 Hieronymus
1087 5753 1148 5810 in
1202 5754 1488 5823 Chronico,
1538 5756 1646 5808 etc.
1696 5750 1971 5809 Servatus

2004 1898 2053 1962 B

2079 624 2522 696 generationum
2584 622 3007 679 successiones.
3067 625 3352 689 Quoniam
3412 632 3607 682 autem
3640 644 3728 694 ea,

2080 712 2192 767 nisi
2226 711 2466 783 periculi
2503 712 2913 783 magnitudine
2943 710 3101 766 velut
3148 712 3219 767 ob
3278 712 3477 768 oculos
3518 714 3726 785 posita,

2080 800 2363 856 declarari
2398 801 2494 855 87
2530 804 2833 871 nequeunt
2869 818 2882 868 ;
2912 800 3020 855 hoc
3046 818 3180 856 vero
3212 801 3338 856 ﬁeri
3370 819 3486 857 non
3516 806 3730 874 potest,

2081 890 2195 945 nisi
2224 906 2453 945 morum
2485 890 2659 945 istius
2682 890 3029 961 pravitatem
3054 891 3733 962 ostenderimus,quibus

2084 996 2197 1051 que
2227 995 2294 1034 ex
2324 979 2651 1051 principiis,
2674 978 2917 1051 Vitiique
2968 979 3315 1047 seminibus,
3350 980 3408 1035 in
3444 981 3733 1052 perditam

2082 1069 2233 1124 hanc
2264 1074 2320 1124 et
2352 1068 2719 1141 proﬂigatam
2751 1069 3067 1124 amentiam
3096 1069 3405 1141 prolapsus
3430 1069 3736 1137 fuerit,im-

2083 1158 2359 1228 pietatem
2392 1174 2706 1227 suam,non
2739 1174 2909 1213 secus
2942 1174 3006 1213 ac
3028 1159 3334 1214 saevissimi
3359 1158 3581 1230 quique
3611 1175 3733 1214 ser-

2082 1252 2285 1318 pentes
2317 1251 2372 1303 et
2402 1248 2535 1302 Ierze
2564 1264 2878 1313 venenum,
2923 1247 3205 1319 paulatim
3259 1264 3504 1321 augens,
3538 1247 3737 1303 omnia

2084 1335 2496 1407 quidemillius
2521 1336 2741 1391 scelera
2761 1336 3001 1409 tragicis
3023 1338 3212 1393 verbis
3235 1338 3637 1410 exaggeranda
3661 1337 3734 1392 ad

2082 1424 2232 1480 libro
2257 1424 2651 1496 historiaeque
2675 1425 3106 1480 remmittemus
3129 1443 3143 1494 ;
3178 1442 3369 1497 neque
3385 1427 3542 1481 enim
3564 1424 3736 1481 nobis

2082 1518 2249 1569 vacat
2278 1514 2513 1586 longius
2544 1531 2722 1586 quam
2756 1515 3062 1586 praesentis
3091 1515 3351 1571 instituti
3383 1516 3532 1571 ratio
3564 1515 3733 1582 ferat,

2085 1619 2417 1659 sermonem
2432 1604 2772 1675 producere;
2789 1602 2901 1674 ipsi
2914 1608 3109 1658 autem
3126 1621 3235 1676 pan
3246 1621 3349 1659 cae
3363 1604 3563 1660 multis
3582 1620 3736 1659 com-

2087 1699 2523 1763 memorantes,,
2558 1693 2726 1764 quasi
2757 1691 2817 1746 in
2849 1692 3126 1749 columna
3156 1693 3516 1765 insculptam
3546 1693 3737 1765 ipsius

2086 1782 2473 1854 ignominiam
2506 1782 2756 1853 posteris
2787 1781 3213 1853 relinquemus,
3247 1784 3319 1837 ad
3352 1783 3645 1855 praecipua
3666 1781 3737 1835 il-

2088 1870 2204 1927 lius
2239 1872 2669 1943 notissimaque
2698 1870 2925 1943 ﬂagitia
2955 1888 3285 1927 sermonem
3319 1873 3701 1928 conferentes.

2155 1962 2295 2017 XXI.
2328 1961 2520 2016 Unum
2553 1961 2734 2032 igitur
2763 1966 2821 2016 et
2871 1960 3143 2032 princeps
3179 1960 3338 2016 illius
3371 1961 3601 2017 facinus
3632 1961 3741 2016 hoc

2084 2056 2195 2117 est,
2230 2052 2385 2123 quod
2416 2068 2448 2105 a
2478 2066 2691 2122 magno
2724 2050 3087 2118 Constantio,
3122 2050 3222 2123 qui
3282 2050 3434 2122 patri
3464 2067 3651 2122 nuper
3679 2051 3741 2104 in

2086 2141 2331 2213 imperio
2365 2142 2746 2207 successerat,
2782 2137 3033 2195 salutem
3065 2145 3417 2195 consecutus
3444 2140 3596 2211 (tum
3627 2138 3739 2194 sci-

2084 2229 2242 2296 licet,
2275 2246 2410 2284 cum
2442 2228 2988 2296 excercitus,rerum
3020 2245 3301 2283 novarum
3326 2233 3486 2283 metu
3519 2244 3611 2284 res
3644 2245 3741 2283 no-

2084 2335 2188 2373 vas
2222 2318 2490 2385 moliens,
2523 2317 2800 2372 adversus
2825 2333 3091 2387 proceres
3125 2334 3290 2372 arma
3321 2317 3495 2389 cepit,
3520 2334 3586 2372 ac
3609 2333 3739 2389 per-

2086 2424 2268 2463 novos
2317 2406 2621 2477 praefectos
2670 2405 2871 2461 aulicaa
2921 2422 3011 2461 res
3061 2408 3635 2475 constituebantur);
3686 2409 3744 2461 et

2087 2496 2329 2567 quidem
2345 2495 2592 2551 salutem
2607 2495 2969 2565 inopinatam
2984 2500 3042 2550 et
3057 2494 3460 2550 incredibilem
3481 2512 3616 2550 cum
3630 2496 3718 2549 fra
3731 2525 3743 2536 -

2086 2590 2175 2641 tre
2205 2590 2689 2649 consecutus,nec
2724 2584 2842 2639 Deo
2874 2585 2945 2639 ob
2979 2584 3372 2651 salutem,nec
3403 2583 3742 2655 imperatori

2090 2692 2189 2747 per
2221 2691 2395 2745 quem
2430 2673 2680 2729 salutem
2711 2678 3031 2743 acceperat,
3072 2673 3323 2743 gratiam
3357 2672 3564 2728 habuit
3597 2690 3610 2728 :
3643 2689 3738 2728 ve-

2087 2780 2219 2818 rum
2253 2763 2486 2833 utrique
2520 2779 2773 2833 nequam
2806 2768 2863 2817 et
2892 2761 3230 2832 improbum
3263 2778 3325 2817 se
3358 2761 3629 2833 praebuit,
3657 2760 3742 2816 illi

2089 2853 2369 2907 nimirum
2430 2852 2833 2920 defectionem,
2916 2851 3053 2907 huic
3126 2850 3505 2907 rebellionem
3537 2854 3742 2923 partu-

2087 2943 2264 2997 riens.

2158 3031 2328 3085 XXII.
2361 3031 2523 3094 Quod
2558 3036 2751 3085 autem
2797 3030 3127 3085 necessario
3179 3029 3327 3084 mihi
3374 3029 3537 3102 prius
3568 3046 3740 3100 expo-

2087 3121 2347 3175 nendum
2380 3118 2987 3191 est,splendidissimo
3019 3119 3252 3190 quidem
3279 3119 3433 3174 victu
3460 3118 3741 3189 cultuque

2090 3210 2150 3265 in
2183 3209 2559 3282 imperatoria
2588 3209 2843 3280 quadam
2878 3209 3049 3265 domo
3081 3209 3154 3263 ab
3170 3209 3605 3264 humanissimo
3634 3208 3744 3262 im-

2096 3302 2362 3369 peratore
2382 3296 2543 3368 digni
2568 3296 3033 3363 habebantur,ac
3053 3295 3212 3351 velut
3233 3296 3465 3368 generis
3487 3296 3751 3367 reliquiae

2098 3387 2169 3442 ad
2204 3385 2518 3458 imperium
2554 3385 3027 3440 servabantur.Id
3051 3389 3246 3440 autem
3266 3402 3333 3441 ea
3356 3388 3551 3441 mente
3574 3385 3748 3439 facie.

2096 3477 2216 3547 bat,
2250 3474 2508 3546 primum
2542 3478 2606 3528 ut
2637 3490 2698 3529 se
2728 3474 2799 3529 de
2829 3474 2903 3529 iis
2933 3474 3109 3529 rebus
3141 3491 3267 3545 quae
3300 3474 3361 3529 in
3392 3474 3623 3545 imperii
3656 3472 3749 3528 sui

2097 3564 2377 3635 auspiciis
2403 3563 2720 3634 designatas
2752 3563 3002 3631 fuerant,
3038 3566 3334 3634 purgaret,
3362 3566 3645 3633 tanquam
3678 3562 3749 3616 de

2098 3653 2286 3724 ipsius
2320 3651 2567 3707 consilio
2601 3667 2666 3706 ac
2695 3651 2996 3707 voluntate
3025 3652 3489 3723 haudquaquam
3543 3666 3747 3722 perpe-

2092 3742 2261 3797 tratis
2296 3759 2308 3808 ;
2343 3741 2553 3795 deinde
2584 3744 2648 3794 ut
2677 3756 2775 3796 eos
2826 3740 2896 3793 ad
2944 3740 3174 3811 imperii
3226 3741 3563 3795 societatem
3597 3740 3747 3795 asci-

2092 3830 2308 3886 scendo
2337 3829 2765 3901 magnitudinis
2788 3829 2973 3883 animi
3004 3834 3420 3901 argumentum
3441 3830 3744 3901 praeberet;

2091 3924 2411 3993 postremo,
2443 3922 2508 3972 ut
2538 3918 2934 3990 principatum
2967 3918 3063 3973 his
3112 3918 3491 3974 incrementis
3524 3918 3744 3973 ﬁrmio-

2089 4025 2212 4065 rem
2244 4008 2510 4063 redderet
2544 4025 2556 4063 :
2589 4008 2747 4079 quod
2780 4008 3019 4079 quidem
3051 4007 3311 4064 hominis
3341 4012 3469 4064 erat
3497 4007 3749 4079 benigne

2089 4098 2280 4171 magis
2310 4114 2490 4169 quam
2518 4097 2815 4169 sapienter
2844 4096 3181 4169 cogitantis.

2160 4188 2354 4244 XXIII.
2388 4191 2531 4243 Cum
2565 4191 2763 4243 autem
2793 4186 2954 4243 omni
3003 4186 3235 4255 negotio
3284 4190 3579 4259 vacarent,
3614 4190 3746 4242 tum

2084 4409 2258 4466 porro
2288 4391 2562 4466 Julianus
2593 4390 2653 4445 in
2695 4392 3084 4466 primis_c_ura
3115 4392 3295 4466 Marci
3336 4390 3631 4466 Arethusi,
3678 4391 3749 4445 de

2086 4464 2203 4536 quo
2233 4464 2548 4536 Gregorius
2580 4470 2784 4536 postea
2811 4482 2870 4520 n.
2902 4464 2967 4536 9i
2998 4507 3010 4532 ,
3045 4464 3139 4519 cui
3189 4464 3570 4536 consentiunt
3621 4467 3751 4536 acte.

2084 4534 2286 4609 Basilii
2327 4534 2651 4609 presbyteri
2682 4534 2995 4609 Ancyrani,
3042 4552 3169 4609 quae
3197 4534 3543 4609 ‘Bollandus
3574 4535 3751 4589 refert

2083 4608 2144 4662 in
2176 4605 2345 4662 diem‘
2364 4605 2556 4661 Martii
2586 4608 2676 4671 22,
2706 4605 3123 4678 υὺῖελῐιωθιγῐ·
3151 4605 3244 4662 his
3274 4607 3470 4664 verbis
3501 4610 3749 4678 Aposta-

2086 4684 2211 4760 tam
2266 4678 2532 4760 increpat
2563 4695 2638 4760 ιζ(
2674 4678 2798 4760 Non
2827 4695 2895 4760 es.
2916 4676 3201 4760 reveritus
3254 4680 3459 4760 altare,
3477 4676 3599 4760 quo
3631 4676 3745 4760 sal-

2085 4754 2255 4807 vatus
2290 4749 2475 4805 fuisti.
2531 4772 2557 4797 »
2592 4749 2811 4805 Deinde
2856 4750 3236 4804 Frumentino
3289 4749 3491 4804 comiti
3538 4752 3746 4802 Scuta-

2086 4822 2407 4889 riorum,de
2435 4820 2669 4876 Juliano
2704 4838 2717 4875 :
2754 4843 2781 4873 ‹‹
2815 4821 2938 4876 Non
2970 4828 3058 4876 est
3088 4820 3747 4891 recordatus,quomodo

2086 4894 2284 4965 (Deus)
2316 4893 2534 4948 eruerit
2568 4909 2702 4948 eum
2733 4910 2766 4947 a
2798 4897 2985 4948 morte
3033 4909 3134 4964 per
3166 4898 3402 4947 sanctos
3453 4906 3591 4965 suos
3638 4908 3747 4965 se;

2085 4962 2747 5034 cerdotes,abscondens
2776 4981 2910 5020 eum
2943 4962 3053 5021 sub
3084 4968 3286 5020 sancto
3321 4969 3378 5020 et
3408 4962 3743 5019 admirabili

2086 5036 2346 5094 ecclesias
2373 5036 2567 5092 altari.
2600 5059 2629 5088 »

2178 5109 2269 5182 59)
2303 5108 2416 5182 ῌρὸ
2445 5106 2674 5163 τούτων.
2708 5109 2862 5182 Reg._
2883 5108 3004 5182 bin,
3037 5106 3161 5182 περὶ
3190 5104 3423 5182 τούτων.

2178 5110 2247 5162 59
2303 5110 2416 5182 Πρὸ
2445 5110 2674 5163 τούτων.
2708 5110 2848 5181 Reg.
2883 5110 3004 5173 bm,
3037 5110 3161 5182 περὶ
3190 5110 3423 5160 τούτων.

2156 5110 2269 5252 (6οί
2318 5180 2410 5233 Ἔν
2465 5200 2573 5234 τινι
2616 5223 2629 5236 .
2687 5223 2699 5236 .
2754 5222 2766 5235 .
2840 5176 3151 5252 βασιλικῆς.
3214 5178 3390 5235 Deest
3454 5173 3748 5252 βασιλικῆς

2085 5247 2318 5323 ἱῐιἨεε.
2354 5252 2473 5307 bm.
2506 5253 2719 5307 Vocem
2751 5247 2903 5306 hanc
2934 5251 3076 5323 legit
3105 5251 3350 5318 Socrat.,
3384 5247 3549 5323 sua,
3582 5247 3746 5323 lib._v.

2038 5382 2043 5387 _
2085 5341 2134 5379 c.
2165 5325 2220 5391 2,
2252 5319 2532 5395 additque
2564 5346 2592 5373 ‹‹
2650 5325 2891 5379 domum
2942 5319 3105 5395 illam
3138 5323 3320 5378 fuisse
3350 5319 3636 5395 palatium
3680 5319 3748 5395 _in

2086 5395 2329 5450 macello
2361 5392 2729 5468 adArgasum
2760 5398 3017 5450 montem
3053 5394 3210 5450 haud
3245 5392 3451 5466 procul
3502 5394 3573 5449 ab
3605 5392 3751 5447 urbe

2084 5471 2362 5522 Cassarea.
2398 5488 2427 5515 »
3550 5492 3553 5493 ν

2157 5540 2269 5611 (61)
2299 5538 2471 5611 Ὅπερ
2503 5543 2568 5611 ᾖν
2589 5580 2615 5611 _.
2650 5537 2743 5611 Sic
2775 5537 2943 5592 codd.
2978 5534 3177 5591 Mallet
3210 5542 3452 5611 Montac.
3487 5532 3745 5611 ἅπερ-ἦν.

2157 5541 2241 5605 (61
2299 5541 2471 5611 Ὅπερ
2503 5543 2568 5604 ῆν
2602 5580 2615 5592 .
2650 5541 2743 5593 Sic
2775 5541 2943 5592 codd.
2979 5541 3177 5591 Mallet
3210 5542 3452 5594 Montac.
3487 5541 3621 5608 ἅπερ
3653 5541 3745 5601 ἦν.

2157 5541 2269 5682 (62)
2299 5610 2469 5682 Ἦγον
2504 5608 2610 5662 ἀπὸ
2640 5607 3026 5682 πάντωνλειο.
3063 5628 3091 5655 (ί
3144 5613 3286 5664 Cum
3332 5610 3510 5665 vitam
3561 5606 3751 5677 priva-

2083 5679 2200 5736 tam
2236 5679 2436 5753 procul
2468 5682 2541 5754 ab
2568 5681 2728 5735 omni
2761 5679 2995 5753 publico
3040 5696 3283 5738 munere
3326 5682 3586 5754 agerent,
3616 5682 3747 5732 tum

2088 5752 2251 5825 quod
2276 5752 2590 5826 imperium
2613 5752 2866 5821 abesset,
2900 5774 2928 5804 ››
2972 5755 3082 5808 etc.
