4028 6414
331 380 444 440 551

1585 375 1649 434 S.
1700 369 2074 433 GREGORII
2118 370 2518 432 THEOLOGI

3653 377 3794 438 552

333 510 488 581 quod
523 507 843 579 imperium
873 523 973 564 eos
993 507 1185 562 adhuc
1217 510 1566 575 moraretur,
1602 509 1778 575 atque
1807 505 1866 558 in
1898 519 1989 559 co-

2113 500 2202 574 μὲν
2236 499 2517 576 βασιλείας
2559 500 2876 574 μελλούσης
2919 499 2995 558 ἔτι
3055 504 3144 559 καὶ
3209 502 3629 580 μελετωμένης,
3687 513 3792 578 τῆς

331 598 619 671 gitatione
649 597 935 651 duntaxat
965 601 1021 651 et
1052 597 1433 651 meditatione
1471 598 1646 663 esset,
1679 599 1806 649 tum
1837 594 1993 664 quod

333 692 471 742 aetas
501 690 561 740 et
591 702 725 757 spes
755 686 1017 739 nondum
1050 702 1149 739 eos
1181 684 1459 740 secundis
1485 683 1876 755 dignitatibus
1900 683 1995 737 ad-

335 776 722 841 moveret,88
757 774 1179 830 utebanturilli
1204 775 1444 845 quidem
1479 775 1730 828 aliarum
1759 788 1996 844 quoque

334 866 551 923 artium
602 864 1072 938 praeceptoribus,
1125 879 1336 935 nempe
1381 869 1589 934 patruo
1640 862 1994 934 imperatore

333 956 494 1011 omni
517 955 865 1011 orbicularis
897 951 1221 1023 disciplinis
1244 968 1456 1024 genere
1479 951 1638 1024 ipsos
1664 952 1989 1019 erudiente,

334 1046 552 1101 Verum
585 1049 794 1098 nostra
829 1041 1215 1114 philosophia
1252 1042 1584 1113 impensius
1613 1057 1849 1112 operam
1884 1042 1991 1094 da-

328 1136 485 1202 bant,
522 1151 638 1188 non
672 1133 809 1187 huic
841 1133 1058 1199 solum,
1103 1147 1232 1203 qua:
1282 1132 1341 1184 in
1392 1132 1586 1186 verbis
1635 1135 1692 1186 et
1725 1130 1993 1185 doctrina

325 1229 613 1288 versatur,
646 1223 748 1277 sed
783 1221 866 1275 illi
918 1222 1094 1276 etiam
1143 1237 1272 1291 quas
1304 1221 1582 1291 pietatem
1632 1220 1692 1274 in
1727 1218 1993 1274 moribus

323 1314 578 1385 positam
611 1312 802 1367 habet.
837 1313 1020 1380 Atque
1045 1316 1254 1364 etcum
1277 1309 1520 1380 optimis
1547 1307 1887 1379 quibusque
1907 1308 1989 1361 vi-

323 1403 402 1459 ris
427 1402 916 1458 consuetudinem
939 1400 1319 1466 habebant,et
1337 1397 1798 1469 elegantissimis
1820 1398 1994 1452 actio-

324 1494 520 1563 nibus,
555 1490 980 1546 aluculentum
1012 1489 1252 1543 virtutis
1286 1487 1586 1560 specimen
1645 1503 1758 1558 prae
1816 1503 1879 1541 se
1910 1488 1990 1541 fe-

323 1582 614 1646 rentibus,
648 1579 1097 1635 incumbebant.
1145 1577 1481 1642 Quinetiam
1528 1577 1587 1631 in
1639 1577 1864 1632 clerum
1895 1593 1989 1632 se-

321 1673 484 1744 ipsos
518 1669 944 1741 ascripserunt,
978 1668 1122 1722 adeo
1159 1671 1224 1721 ut
1257 1666 1490 1721 divinos
1525 1682 1764 1737 quoque
1810 1665 1989 1722 libros

323 1761 478 1834 plebi
512 1759 860 1828 lectitarent,
894 1773 1010 1811 non
1044 1756 1247 1811 minus
1277 1755 1330 1810 id
1361 1755 1473 1811 sibi
1505 1755 1770 1827 amplum
1805 1759 1863 1810 et
1892 1755 1992 1811 ho-

2106 588 2165 645 δὶ
2210 590 2433 660 ἡλικίας
2498 592 2612 664 ἅμα
2658 594 2878 661 καὶτῆς
2931 591 3154 656 ἐλπίδος
3182 599 3301 656 ταῖς
3335 592 3618 671 δευτέραις
3675 603 3788 653 τῶν

2104 680 2293 756 ἀρχῶν
2511 681 2571 735 οὐ
2622 680 3025 757 προσαγούσης,
3076 683 3323 759 ἐχρῶντο
3382 686 3477 758 μὲν
3530 687 3620 741 καὶ
3671 692 3784 743 τῶν

2107 768 2293 824 ἄλλων
2344 767 2658 832 παιδευταῖς
2703 774 2818 844 (64)
2870 774 3224 844 μαθημάτων,
3252 780 3423 828 πᾶσαν
3478 777 3583 844 τήν
3619 776 3778 852 ἐγκύ-

2103 856 2262 913 κλιον
2333 857 2606 914 παίδευσιν
2698 863 2810 934 (65)
2898 859 3310 925 ἰκπαιδεύοντος
3387 863 3588 927 αὐτοὺς
3678 873 3779 921 τοῦ

2106 948 2257 1011 θείου
2485 948 2574 1004 καὶ
2637 948 2944 1025 βασιλέως·
3010 951 3255 1027 ἐχρῶντο
3318 948 3376 1006 δὲ
3433 954 3525 1009 καὶ
3556 959 3626 1029 τῇ
3659 959 3777 1010 καθ’

2104 1041 2255 1110 ἡμᾶς
2308 1036 2607 1117 φιλοσοφίᾳ
2646 1038 2836 1110 πλέον,
2885 1039 2948 1094 οὐ
3004 1039 3073 1114 τῇ
3129 1041 3252 1116 περὶ
3313 1039 3515 1118 λόγους
3581 1044 3776 1116 μόνον,

2103 1127 2230 1182 ἀλλ’
2278 1127 2374 1198 ’ὀοη
2422 1128 2511 1182 καὶ
2563 1126 2654 1183 διὰ
2683 1134 2791 1183 τῶν
2827 1130 2971 1198 ⁹ἠθῶν
3007 1131 3135 1204 ἠχει
3165 1131 3229 1185 τὸ
3261 1126 3476 1194 εὐσεϐές
3513 1151 3526 1166 ·
3560 1132 3776 1211 ἀνδρῶν

2100 1235 2160 1271 τε
2189 1223 2304 1278 τοῖς
2336 1214 2781 1279 σπονδαιοτάτοις
2815 1220 2927 1291 (67)
2958 1218 3450 1293 προσομιλοῦντες,
3511 1223 3601 1275 καὶ
3633 1225 3776 1298 πρά-

2103 1305 2234 1375 ξεων
2293 1311 2412 1368 ταῖς
2465 1307 2846 1382 χαριεστάταις
2911 1310 3044 1380 (68),
3095 1308 3186 1361 καὶ
3243 1305 3466 1377 πολλὴν
3516 1307 3775 1386 ἕχούσαις

2099 1403 2202 1464 τῆς
2237 1395 2433 1469 ἀρετῆς
2463 1397 2562 1464 τὴν
2607 1393 2860 1468 ἐπίδειξιν
2895 1415 2909 1429 ο
2950 1402 3028 1468 τῷ
3076 1396 3170 1470 μέν
3202 1419 3266 1472 γε
3293 1396 3494 1473 κλήρῳ
3520 1400 3774 1476 φέροντες

2101 1485 2326 1547 ἑαυτοὺς
2357 1483 2732 1559 έγκατέλεξαν,
2766 1485 2904 1541 ὥστε
2941 1485 3030 1541 καὶ
3078 1487 3174 1548 τὰς
3227 1486 3370 1551 θείας
3419 1489 3774 1565 ὑπαναγενώ-

2102 1594 2245 1630 σχειν
2275 1574 2357 1645 τῷ
2390 1574 2507 1646 λαῷ
2545 1570 2794 1650 βίϐλους,
2832 1573 3053 1637 οὐδενὸς
3079 1574 3302 1631 ἓλαττον
3333 1575 3411 1640 εἷς
3463 1575 3621 1649 δόξαν
3675 1580 3772 1635 αὑ-

2097 1671 2214 1725 τοῖς
2269 1669 2431 1718 τοῦτο
2462 1665 2594 1718 εἶναι
2621 1670 2954 1737 ννμιζοντες,
3017 1664 3162 1720 ἀλλὰ
3206 1665 3295 1721 καί
3330 1670 3548 1722 πάντων
3585 1674 3771 1742 μεῖζον

2100 1753 2473 1825 καλλώπισμα
2501 1755 2598 1822 τὴν
2634 1749 2927 1810 εὐσέϐειαν.

321 1851 634 1907 noriﬁcum
667 1863 794 1904 esse
827 1848 1257 1913 existimantes,
1292 1862 1472 1917 quam
1524 1844 1945 1915 aliudquidvis,
1977 1845 2094 1902 imo
2126 1844 2394 1901 omnium
2446 1849 2930 1899 ornamentorum
2976 1845 3297 1901 maximum
3349 1849 3770 1918 praestantissi-

323 1956 611 2011 mumque
639 1939 915 2010 pietatem
949 1952 1077 1992 esse
1109 1941 1441 1991 censentes.

394 2028 592 2085 XXIV.
624 2027 758 2082 Jam
811 2025 1354 2096 sumptuosissimis
1400 2040 1634 2095 quoque
1667 2028 1994 2095 martyrum

2178 2027 2274 2076 KA’
2326 2026 2624 2095 Μαρτυρων
2676 2039 2737 2075 τε
2796 2022 3044 2093 μνήμασι
3094 2025 3209 2095 (69)
3254 2021 3765 2095 πολυτελεστάτοις,

331 2117 733 2176 monumentis
768 2121 826 2171 et
854 2116 1183 2170 votivorum
1216 2115 1504 2170 donorum
1548 2113 1990 2185 muniﬁcentiis,

337 2209 732 2278 omnibusque
754 2205 886 2261 aliis
914 2206 1112 2271 rebus,
1146 2203 1363 2276 quibus
1388 2203 1622 2259 divinus
1652 2204 1828 2257 timor
1858 2202 1998 2257 insi-

337 2295 869 2371 gnitur,sapientiae
887 2293 1150 2349 studium
1174 2293 1505 2363 Christique
1526 2308 1785 2347 amorem
1808 2293 1995 2347 decla-

338 2389 552 2444 rabant
583 2401 596 2439 :
631 2385 780 2439 alter
810 2383 1047 2455 quidem
1078 2399 1209 2438 vere
1239 2387 1298 2436 et
1318 2382 1469 2436 serio
1511 2382 1784 2453 pietatem
1819 2381 1991 2452 proﬁ-

335 2482 465 2533 tens
495 2501 508 2543 ;
544 2473 814 2547 quamvis
863 2471 1020 2527 enim
1070 2475 1284 2525 natura
1316 2471 1564 2525 ferocior
1619 2486 1685 2525 ac
1718 2469 1991 2525 fervidior

336 2573 649 2634 esset,vere
673 2569 869 2619 tamen
903 2567 961 2617 at
992 2563 1216 2617 sincere
1249 2562 1524 2633 pietatem
1551 2560 1810 2627 colebat;
1845 2560 1992 2615 alter

335 2664 532 2714 autem
564 2661 799 2725 tempus
824 2652 1214 2717 redimens,ac
1231 2651 1341 2705 sub
1369 2649 1839 2705 mansuetudinis
1865 2665 1990 2720 spe-

335 2749 419 2802 cie
441 2752 619 2815 atque
669 2744 913 2799 obtentu
982 2757 1212 2795 morum
1263 2741 1609 2810 pravitatem
1661 2738 1984 2793 occultans.

337 2836 499 2903 Quod
537 2833 776 2904 quidem
812 2848 880 2885 ex
908 2847 972 2885 eo
1005 2829 1291 2900 conjicere
1332 2828 1550 2893 licebit,
1580 2844 1770 2899 neque
1828 2828 1985 2882 enim

337 2922 711 2989 miraculum,
743 2921 896 2991 quod
930 2924 1054 2974 tum
1110 2917 1339 2984 accidit,
1403 2916 1633 2972 silentio
1690 2917 1986 2987 praeterire

2108 2111 2196 2166 καὶ
2247 2109 2608 2182 ἀναθημάτων
2659 2109 3025 2187 φιλοτιμίαις,
3077 2112 3166 2166 καὶ
3224 2119 3386 2166 πᾶσιν
3441 2114 3522 2177 οἷς
3572 2115 3762 2174 ὁθεῖος

2105 2196 2277 2279 φόϐος
2309 2202 2798 2276 χαρακτηρίζεται,
2847 2201 2912 2254 τὸ
2957 2199 3256 2278 φιλόσοφον
3291 2201 3381 2256 καὶ
3415 2203 3751 2280 φιλόχριστον

2104 2291 2465 2362 κατεμήνυον
2529 2289 2556 2342 ὁ
2611 2289 2728 2360 μὲν,
2777 2289 2866 2343 καὶ
2897 2290 3013 2343 κάτ’
3072 2289 3332 2360 ἀλήθειαν
3363 2288 3586 2346 εὐσεϐῶν
3618 2310 3630 2322 ·
3664 2293 3755 2345 καὶ

2089 2380 2205 2453 ,ᾼᾷρ
2236 2381 2322 2450 ἦν,
2373 2378 2420 2432 εἴ
2466 2377 2556 2432 καὶ
2605 2380 2703 2446 τήν
2758 2379 2916 2455 φύσιν
2961 2379 3310 2452 θερμότερος,
3356 2379 3486 2435 ἀλλ’
3517 2380 3602 2436 οὖν
3630 2384 3761 2455 γνή-

2101 2489 2218 2530 σιος
2249 2469 2323 2529 είς
2357 2463 2625 2522 εὐσέϐειαν
2665 2487 2677 2501 ·
2713 2470 2739 2522 ὁ
2785 2466 2861 2538 δὲ,
2893 2469 2984 2521 τὸν
3036 2469 3223 2543 καιρὸν
3254 2469 3639 2544 ἐξωνούμενος,
3671 2471 3759 2524 καὶ

2099 2557 2350 2631 κρύπτων
2407 2556 2457 2610 έν
2500 2554 2787 2619 ἐπιεικείας
2845 2554 3128 2630 πλάσματι
3185 2561 3299 2630 (70)
3349 2559 3414 2613 τὸ
3470 2560 3755 2629 κακόηθες.

2097 2649 2404 2722 Τεκμήριον
2465 2644 2566 2700 δέ·
2625 2647 2715 2700 καὶ
2772 2647 2874 2722 γὰρ
2931 2649 3029 2701 οὐκ
3087 2646 3146 2700 ἂν
3185 2644 3454 2720 δυναίμην
3487 2647 3760 2724 παραδρα-

2102 2736 2221 2809 μεῇ
2275 2736 2337 2790 τὸ
2388 2731 2596 2808 συμϐὰν
2657 2738 2855 2809 θαῦμα,
2917 2734 3123 2813 σφόδρα
3178 2757 3236 2791 τε
3288 2736 3346 2790 δν
3378 2741 3493 2810 (71)
3529 2741 3752 2812 μνήμης

2098 2823 2266 2895 ἄξιον,
2320 2824 2410 2879 καί
2469 2823 2716 2887 πολλοὺς
2775 2823 3058 2880 παιδεῦσαι
3115 2847 3223 2880 των
3282 2822 3488 2881 ἀσεϐῶν
3519 2825 3752 2900 δυνάμε-

2095 2937 2209 2971 νον.

333 3027 566 3085 queam,
602 3013 801 3080 utpote
850 3006 1134 3062 memoria
1186 3005 1480 3077 imprimis
1537 3004 1805 3076 dignum,
1866 3009 2041 3076 atque
2089 3004 2402 3077 ejusmodi,
2465 3008 2528 3060 ut
2581 3003 2900 3078 impiorum
2951 3003 3157 3062 multis
3214 3007 3566 3063 documento
3625 3024 3759 3064 esse

337 3099 544 3174 possit.

404 3187 564 3242 XXV.
598 3184 976 3256 Martyribus,
1009 3187 1074 3237 ut
1101 3182 1382 3253 diximus,
1435 3183 1609 3237 ambo
1641 3182 1988 3237 laborabant
2021 3187 2062 3253 α

335 3274 865 3342 muniﬁcentiaque
918 3276 975 3326 ct
1032 3270 1377 3326 liberalitate
1425 3271 1699 3341 praeclare
1747 3271 1903 3326 inter
1931 3288 1994 3326 se

338 3365 789 3431 contendebant,
821 3367 946 3415 tum
984 3359 1302 3414 multarum
1343 3377 1629 3414 manuum
1661 3367 1990 3432 opera,tum

338 3455 543 3511 multis
567 3450 854 3524 impensis
885 3451 1066 3505 aedem
1101 3465 1328 3504 sacram
1361 3454 1746 3505 exstruentes.
1773 3450 1989 3505 Verum

338 3547 619 3619 quoniam
652 3558 768 3596 non
801 3540 925 3612 pari
956 3540 1257 3594 voluntate
1300 3539 1599 3609 animique
1631 3541 1898 3595 instituto
1929 3541 1990 3595 in

337 3636 447 3691 hoc
479 3649 627 3705 opus
657 3629 1295 3694 incumbebant,idirco
1329 3645 1434 3683 nec
1468 3630 1526 3682 in
1549 3631 1819 3684 eumdem
1854 3646 1991 3700 quo-

336 3742 444 3797 que
477 3725 654 3777 finem
683 3721 847 3776 labor
878 3719 1112 3790 utrique
1145 3718 1882 3790 progrediebatur.Etenim
1906 3720 1988 3774 al-

336 3815 544 3881 terius,
578 3812 687 3866 hoc
720 3815 828 3880 est,
860 3809 1059 3864 fratris
1092 3812 1232 3863 natu
1267 3808 1530 3879 majoris,
1559 3825 1705 3880 opus
1727 3809 1991 3880 perficie-

336 3904 530 3971 batur,
565 3904 740 3971 atque
771 3915 840 3953 ex
871 3898 1096 3953 ratione
1144 3897 1514 3968 procedebat,
1562 3898 1678 3953 Deo
1723 3898 1994 3954 videlicet

338 4008 559 4047 munus
589 3989 734 4043 illud
768 3988 1018 4042 libenter
1046 3986 1418 4053 admittente,
1469 3985 1628 4041 velut
1672 3986 1868 4042 Abelis
1899 4004 1994 4043 sa-

338 4080 649 4147 crificium,
682 4080 835 4131 recte
868 4080 925 4130 et
972 4073 1239 4129 oblatum
1295 4079 1353 4130 et
1402 4075 1658 4131 divisum
1694 4077 1734 4110 ”
1768 4093 1780 4130 :
1819 4082 1993 4147 atque

337 4171 460 4225 haec
489 4166 706 4224 oblatio
725 4163 905 4220 veluti
943 4164 1210 4235 quaedam
1232 4165 1610 4236 primogeniti
1631 4165 1993 4223 consecratio

410 4305 450 4337 ¹⁷
483 4301 626 4358 Gen.
660 4316 739 4366 1v,
773 4298 826 4351 4.

411 4443 524 4516 (63)
574 4438 859 4516 Aeurépaic
902 4441 1010 4516 τῶν
1059 4436 1269 4516 ᾀρχῶν.
1334 4441 1577 4516 Cmsaris
1625 4441 1998 4516 dignitatem,

336 4511 425 4572 vel
455 4511 1012 4584 militaria‘imperia
1040 4511 1351 4586 significat,
1385 4513 1601 4584 quibus
1633 4511 1718 4570 ob
1735 4511 1999 4571 teneram

340 4594 567 4644 {etatem
601 4588 680 4656 im
693 4601 862 4656 pares
895 4588 1082 4639 erant.

409 4662 522 4732 (64)
553 4654 895 4732 Παιδευταῐς.
930 4654 1159 4732 Nicocle
1191 4654 1248 4709 in
1274 4655 1671 4732 grammatico,
1726 4659 1994 4714 Ecebolio

337 4727 938 4800 in'Rhetoﬁca,,juxta
990 4727 1242 4800 βοοκ-ειη
1273 4727 1374 4782 lib.
1411 4745 1494 4793 Ill,
1529 4746 1576 4782 c.
1613 4730 1664 4783 4.

408 4806 517 4876 (65)
550 4796 874 4876 Ἐγκύέιλ-ιον
904 4796 1200 4876 παίδευσιν..
1254 4800 1711 4871 Disciplinarum
1772 4803 1993 4870 orbem,

336 4899 365 4925 ι(
398 4871 904 4948 Ευογοιορξθᾷὶᾶηι
941 4894 968 4920 ››
1002 4871 1319 4942 appellant.

407 4941 859 5017 (66)’Τοῦ’θείου.
898 4965 926 4993 ί(
957 4941 1232 4997 Patrue.»
1265 4959 1378 4997 non
1407 4965 1440 5017 ι(
1476 4943 1767 4998 avunculo
1801 4967 1828 4993 η
1861 4961 1997 5000 cum

336 5015 466 5071 Bill.
498 5015 802 5089 Siquidem
837 5032 954 5070 non
987 5021 1274 5089 materna,
1324 5015 1424 5069 sed
1471 5021 1715 5086 paterna
1743 5022 1870 5089 erat
1898 5034 1998 5072 co-

337 5087 930 5158 gnatiofUtriusque
973 5087 1151 5158 enim,
1178 5091 1450 5156 parentes
1496 5087 1760 5158 germani
1795 5089 2000 5146 fratres

338 5157 545 5227 erant;
597 5174 811 5227 nempe
852 5157 1274 5214 Constantinus
1339 5157 1520 5227 pater,
1551 5158 1894 5227 Constantii,
1945 5165 2003 5216 et

339 5228 534 5286 Julius
601 5229 984 5301 Constantius
1050 5235 1217 5301 pater
1263 5228 1487 5301 Juliani
1523 5247 1536 5295 ;
1573 5229 1740 5300 sique
1792 5233 2001 5289 fratres

340 5303 638 5369 patrueles
669 5304 838 5369 erant
863 5299 1136 5369 Julian—us
1167 5305 1223 5356 et
1252 5300 1650 5356 Constantius.

414 5374 526 5453 (67)
579 5366 1064 5460 Σπουδαιοτάτοις.
1131 5394 1182 5460 ᾗ
1211 5373 1355 5426 Cum
1435 5373 1677 5460 optimis
1749 5396 1778 5422 »
1827 5379 2003 5460 atque

353 5442 532 5498 etiam
565 5467 593 5494 ‹‹
628 5442 1013 5498 doctissimis.
1079 5467 1105 5491 »
1139 5442 1488 5514 Utrumque,
1528 5445 1726 5498 Graeca
1778 5442 2004 5518 signiti-

343 5519 498 5569 cant.

415 5581 977 5662 (68),}‘19‘5ﬂéﬁ9lﬁ-
1017 5585 1170 5662 _Tres
1227 5582 1864 5662 901b._'xpi,0101&t0t¢,
1917 5590 2003 5644 id-

345 5653 465 5729 que
485 5653 672 5729 etiam
703 5653 982 5729 scribitur
1012 5655 1072 5708 in
1098 5672 1201 5729 ora
1231 5657 1370 5729 Reg.
1404 5653 1526 5713 bin.

418 5724 531 5797 (69)
597 5720 898 5799 Μαρτύρων
965 5744 1024 5778 τε
1094 5720 1362 5798 μνήμασζ
1443 5730 1506 5784 In
1569 5743 1672 5784 ora
1738 5729 1877 5802 Reg.
1947 5747 2003 5802 γ,

2175 3183 2275 3238 KE'
2333 3188 2606 3254 ’Έκαμνον
2671 3182 2764 3255 μὲν
2815 3187 2934 3245 τοῖς
3014 3182 3290 3259 μάρτυσιν,
3369 3180 3500 3255 ὅπερ
3577 3183 3754 3252 εἷπον,

2101 3271 2422 3349 ἀμφότεροι,
2472 3270 2563 3326 καὶ
2603 3270 3123 3350 ἀντεφιλοτιμοῦντο
3157 3272 3417 3343 λαμπρῶς
3448 3267 3748 3338 ἀλλήλοις,

2100 3361 2189 3415 καὶ
2222 3361 2370 3436 χειρὶ
2426 3357 2614 3434 πολλῇ
2663 3365 2774 3434 (72)
2823 3362 2912 3416 καὶ
2965 3360 3166 3433 δαπάνῃ
3210 3359 3299 3412 τὸν
3331 3357 3474 3411 οἶκον
3509 3356 3746 3432 ἐγείρον-

2096 3470 2185 3513 τες
2221 3469 2232 3480 ·
2293 3449 2407 3504 ἐπεὶ
2461 3448 2519 3504 δὶ
2568 3449 2667 3504 οὐκ
2717 3450 2776 3504 ἐκ
2822 3457 2922 3520 τῆς
2969 3449 3134 3519 αὐτῆς
3193 3447 3573 3523 προαιρέσεως,
3625 3442 3758 3500 οὐδὲ

2101 3540 2178 3602 εἷς
2235 3538 2428 3613 ὅμοιον
2493 3540 2660 3614 πέρας
2727 3534 3043 3612 προέϐαινεν
3095 3537 3420 3616 ἀμφοτέροις
3458 3536 3486 3589 ὁ
3534 3530 3703 3597 πόνος
3740 3554 3752 3565 '

2097 3634 2196 3684 τοῦ
2259 3630 2353 3702 μὲν
2401 3631 2500 3704 γὰρ
2549 3631 2611 3683 τὸ
2653 3627 2805 3705 ἔργον
2852 3629 3067 3699 ἠνύετο,
3118 3628 3208 3682 καὶ
3255 3626 3390 3680 κατᾶ
3419 3624 3584 3700 λόγον
3618 3625 3760 3700 ἐχώ-

2101 3739 2206 3794 ρει,
2261 3724 2357 3773 τοῦ
2413 3713 2779 3793 πρεσϐυτέρου
2838 3718 2982 3793 λέγω
3037 3721 3144 3771 τῶν
3203 3714 3468 3793 ἀδελφῶν,
3515 3715 3603 3769 οἷα
3657 3718 3755 3768 τοῦ

2100 3807 2235 3864 Θεοῦ
2289 3809 2388 3877 τὴν
2448 3805 2686 3863 ἐπίδοσιν
2746 3807 2978 3880 ετοίμως
3032 3806 3416 3881 προσιεμένου,
3477 3806 3609 3859 κατὰ
3657 3806 3759 3873 τήν

2101 3893 2271 3954 ’Δϐελ
2322 3898 2529 3967 θυσίαν,
2584 3897 2759 3971 ὀρθῶς
2808 3897 2898 3951 καὶ
2949 3898 3399 3972 προσενεχθεῖσαν
3442 3895 3531 3950 καὶ
3563 3893 3760 3969 διαιρε-

2101 3990 2279 4043 θεῖσαν
2315 4007 2328 4019 ·
2359 3987 2448 4041 καὶ
2478 3987 2544 4055 ἦν
2578 3985 2758 4064 ᾣσπερ
2792 3984 3146 4061 πρωτοτόκου
3185 3987 3299 4058 (73)
3355 4005 3439 4046 τις
3497 3982 3757 4059 καθιέρω-

2102 4097 2184 4136 σις
2223 4072 2557 4152 ἐπιδοσις
2593 4091 2606 4103 ·
2653 4078 2750 4127 τοῦ
2799 4071 2876 4144 δὲ,
2928 4077 3024 4149 φεῦ
3071 4079 3172 4142 τῆς
3224 4072 3463 4129 ἐντεῦθεν
3493 4071 3603 4142 ἤδη
3652 4076 3758 4126 τῶν

2103 4144 2313 4219 ἀσεϐῶν
2376 4161 2600 4236 ἀτιμίας
2642 4164 2752 4236 (74)
2807 4163 2876 4217 τὰ
2933 4144 3130 4216 ἐκεῖθεν
3185 4163 3607 4238 μαρτυρομένης
3650 4163 3761 4234 (75)

2114 4441 2380 4514 μνήμαις.
2402 4439 3015 4510 Tbeod.,Hist.,lib.m,
3043 4458 3094 4496 ο.
3126 4443 3183 4514 2,
3215 4441 3382 4510 σηκὸν
3431 4436 3766 4514 ἰδομήσατο,

2113 4511 2142 4565 ξι
2178 4511 2489 4590 Basilicam
2519 4516 2793 4590 extruxit.
2817 4537 2846 4565 »
2869 4519 3118 4581 Sozom.,
3143 4512 3246 4569 lib.
3269 4517 3384 4590 v,2,
3405 4511 3568 4590 τάφον
3596 4512 3768 4584 Μάμα

2025 4617 2074 4680 D
2105 4589 2206 4680 τοῦ
2240 4583 2530 4680 μάρτυρος,
2564 4609 2593 4636 ‹‹
2623 4586 2962 4680 sepulcrum
2986 4590 3211 4654 Marum,
3235 4609 3259 4639 ι
3291 4583 3402 4657 vel,
3441 4608 3463 4636 α
3485 4583 3764 4642 'Maman-

2105 4661 2182 4714 tis
2213 4657 2512 4724 martyris,
2548 4681 2576 4708 n
2609 4657 2717 4714 etc.

2179 4731 2292 4801 (70)
2324 4726 2636 4800 Πλάσματι.
2679 4731 2901 4786 Juliani
2950 4728 3309 4802 hypocrisim
3355 4745 3472 4786 non
3528 4731 3764 4802 tantum

2109 4800 2445 4875 GregOrius,
2488 4803 2776 4873 Socrates,
2811 4800 3190 4867 Sozomenus,
3226 4818 3430 4875 verum
3462 4800 3766 4875 etiamipsi

2108 4873 2328 4931 Juliani
2357 4875 2694 4929 laudatores
2725 4879 3037 4942 testantur,
3081 4879 3145 4930 ut
3164 4873 3515 4929 Ammianus
3539 4873 3767 4928 lib.xxu

2111 4965 2168 5019 p.
2200 4947 2328 5016 208,
2361 4944 2736 5019 et_I_4ibanius.
2762 4946 2857 5002 Or.
2893 4948 2980 5000 12.

2181 5012 2550 5092 (71)ίΣφόδρα
2602 5035 2669 5092 τε,
2708 5012 2789 5092 ὅν.
2848 5019 2939 5092 Sic
2993 5017 3176 5092 ﬂegg.
3224 5017 3330 5092 _hu,
3389 5015 3650 5092 1,
3711 5015 3766 5069 3.

2110 5084 2283 5146 Deest
2312 5084 2707 5145 in'nonnullis
2736 5084 2821 5161 ὅν,
2865 5091 2926 5145 in
2956 5084 3192 5158 aliis'Ee,
3221 5089 3279 5143 in
3313 5089 3517 5160 paucis
3548 5091 3775 5144 utrum-

2112 5177 2297 5303 qu(9‘1":2)
2327 5228 2480 5304 Χειρὶ
2516 5230 2728 5306 πολλῇ.
2777 5233 2982 5291 Comb.
3035 5253 3066 5282 ‹‹
3115 5232 3440 5305 Operarum
3497 5230 3667 5304 copia
3716 5232 3774 5285 et

2112 5320 2244 5360 sum
2291 5308 2377 5358 tu.

2334 5373 2714 5450 Πρωτοτόκου.
2751 5377 2892 5448 Reg.
2927 5376 2966 5432 l.
2999 5374 3164 5431 Colb.
3196 5375 3250 5444 3,
3283 5373 3457 5432 Coisl.
3512 5374 3566 5443 4,
3613 5391 3774 5448 πρω-

2112 5444 2394 5502 τοτόκων(
2837 5444 2866 5448 “

2187 5519 2301 5660 (74)
2327 5516 2606 5589 Ἀτιμίας.
2647 5519 2808 5575 Colb.
2839 5521 2894 5600 3,
2926 5517 3219 5589 τιμωρίας.

2185 5591 2277 5659 (75
2329 5587 2784 5660 Μαρτυρομένης.
2833 5594 2926 5644 Sic
2972 5589 3152 5660 Regg.
3201 5589 3218 5643 1

2185 5587 2298 5660 (75)
2329 5587 2784 5665 Μαρτυρομένης.
2833 5590 2926 5644 Sic
2972 5587 3152 5665 Regg.
3201 5589 3240 5644 1.
3290 5589 3413 5656 bm,
3439 5594 3586 5665 _etc.
3620 5589 3775 5647 Editl

2114 5676 2248 5716 vero
2278 5660 2507 5730 omnes,
2525 5660 2595 5716 ὀι
2623 5662 2851 5718 codices
2880 5660 3077 5732 pauci,
3102 5660 3582 5736 μαρτυρουμένης.
