4028 6398
255 396 381 460 553

1261 392 1551 457 ORATIO
1595 394 1700 458 IV.
1734 429 1813 443 -
1843 394 2155 459 CONTRA
2205 394 2607 463 JULIANUM
2649 397 2700 462 Ι.

3575 411 3697 471 554

251 529 344 584 καὶ
406 530 627 601 μικροῖς
690 522 973 599 μηνύμασι
1028 525 1093 579 τὰ
1146 524 1352 601 μεγάλα
1410 526 1915 603 προκηρυττούσης,

2052 536 2173 585 arat.
2206 533 2459 589 Alterius
2493 539 2691 590 autem
2726 550 2964 603 munus,
2985 538 3131 609 proh
3154 539 3470 613 impiorum
3501 542 3561 597 in
3594 541 3706 599 hac

255 619 440 693 ὥσπερ
492 617 592 686 την
658 615 787 670 Κάῖν
848 614 1028 669 θυσίαν
1090 616 1118 669 ὁ
1170 619 1277 669 τῶν
1343 616 1626 694 μαρτύρων
1663 618 1790 680 Θεὸς
1825 618 1929 672 ἀπ-

258 710 354 765 επέ
362 726 539 783 μπετυ
549 749 562 762 .

344 977 451 1043 KC.
488 973 586 1031 Καὶ
644 974 672 1027 ὁ
725 973 818 1045 μὲν
870 966 1071 1041 ἐπόνει,
1121 974 1156 1041 ἠ
1211 969 1269 1026 δὲ
1303 978 1372 1048 γῆ
1427 974 1539 1046 (76)
1588 974 1649 1027 τὸ
1694 974 1924 1042 πονηθὲν

274 1063 565 1119 ἆπεσείετο.
617 1062 711 1116 Καὶ
767 1062 795 1115 ὁ
854 1062 946 1135 μὲν
1000 1059 1322 1139 ἐφιλονείκει
1381 1060 1616 1134 μᾶλλον,
1667 1064 1700 1132 ἡ
1749 1060 1807 1116 δὲ
1833 1063 1931 1117 ἀπ-

275 1153 424 1226 ηξίου
471 1150 722 1228 δέχεσθαι
771 1150 1057 1224 θεμελίους
1104 1155 1200 1205 τοῦ
1247 1152 1443 1226 σαθροῦ
1620 1153 1755 1228 πρὸς
1786 1152 1931 1207 εὐσέ-

271 1237 438 1311 ϐειαν,
472 1242 560 1296 οἶα
595 1242 777 1316 βοῶσα
805 1241 896 1295 τὸν
931 1239 1186 1313 ἐσόμενον
1210 1240 1260 1311 ἐξ
1294 1240 1497 1295 ἐκείνου
1543 1243 1761 1315 σεισμὸν
1795 1244 1928 1316 (78),

272 1330 363 1385 καὶ
413 1335 632 1402 τιμῶσα
677 1328 811 1397 τοὺς
851 1331 1126 1404 μάρτυρας
1168 1334 1235 1403 τῇ
1277 1330 1521 1406 περί-τὸν
1578 1328 1928 1387 ἀσεϐέστατον

270 1418 481 1492 ἀτιμίᾳ.
531 1422 701 1473 Τοῦτο
751 1419 813 1473 τὸ
864 1414 1018 1495 ἔργον
1066 1419 1375 1497 προφητεία
1414 1441 1497 1481 τις
1539 1420 1607 1489 ἦν
1658 1427 1755 1490 τῆς
1786 1420 1935 1475 ὕστε-

275 1528 366 1583 ρον
400 1511 514 1581 (79)
543 1512 640 1563 τοῦ
688 1505 881 1581 ἀνδρὸς
928 1506 1210 1570 αὐθαδείας
1261 1509 1353 1563 καὶ
1406 1508 1688 1579 ἀπονοίας,
1718 1511 1936 1580 καὶτῆς

275 1596 351 1658 εἷς
404 1596 681 1673 μάρτυρας
729 1596 970 1670 ἀτιμίας,
1024 1598 1114 1651 καὶ
1162 1598 1287 1674 περὶ
1337 1598 1465 1660 τοὺς
1513 1599 1701 1675 ἁγίους
1754 1597 1935 1663 οἷϐιους

272 1705 655 1762 παρανομιας·
715 1685 841 1749 τοὺς
906 1687 1003 1760 μὶν
1060 1684 1264 1751 ἄλλους
1327 1687 1676 1762 λανθάνουσα,
1733 1690 1824 1745 τὸν
1883 1687 1941 1744 δὲ

275 1775 515 1845 διώκτην
562 1774 845 1857 πόρρωθεν
897 1773 1304 1853 προδιώκουσα,
1336 1777 1424 1833 καὶ
1469 1779 1536 1833 τὰ
1562 1785 1662 1849 τῆς
1695 1774 1939 1842 ἀσεϐείας

285 1864 544 1942 ἐπίχειρα
572 1856 751 1941 προση
762 1865 1029 1939 μαίνουσα
1059 1868 1193 1941 (80).

358 2046 450 2100 ΚΖ¹
486 2050 553 2099 ’Ὠ
612 2047 797 2120 ψυχῆς
855 2052 1028 2123 σοφῆς
1080 2044 1155 2107 εἷς
1209 2046 1272 2100 τὸ
1320 2053 1704 2119 κακοποιῆσαι,
1753 2048 1852 2117 τὴν
1887 2045 1944 2103 δὲ

288 2133 431 2189 ΐδίαν
462 2135 528 2189 οὐ
577 2133 885 2213 φευγούσης
938 2133 1201 2210 βάσανονί
1254 2136 1318 2189 Ὤ
1349 2141 1481 2191 Θεοῦ
1510 2137 1572 2191 τὸ
1607 2135 1810 2211 μέλλον
1842 2159 1943 2209 κη-

276 2224 584 2298 ρύττοντος,
627 2222 717 2279 ἵνα
847 2223 1090 2298 ἀνακόψῃ
1141 2226 1253 2298 (81)
1300 2226 1398 2294 τὴν
1430 2220 1701 2297 ἀσέϐειαν,
1732 2228 1765 2295 ἢ
1802 2224 1943 2301 δείξῃ

275 2316 375 2383 τὴν
426 2313 774 2389 πρόγνωσινί
824 2314 889 2367 Ὠ
944 2310 1252 2389 παραδόξου
1308 2315 1425 2387 μὲν,
1468 2306 1798 2386 ἀληθοῢςῗδὶ
1830 2318 1941 2391 (82)

280 2401 449 2456 πλέον
479 2405 514 2471 ἢ
566 2401 869 2479 παραδόξου
919 2404 1226 2477 θαύματοςι
1280 2410 1346 2458 ’Ὠ
1383 2408 1482 2474 τῆς
1511 2410 1619 2459 τῶν
1654 2405 1939 2481 μαρτύρων

282 2489 643 2569 φιλαδελφίας
688 2494 837 2565 (83)!
893 2492 1006 2550 Οὐκ
1055 2491 1299 2564 ἐδέξαντο
1338 2495 1505 2567 τιμὴν
1552 2499 1649 2549 τοῦ
1693 2492 1941 2557 πολλοὺς

289 2580 563 2656 μάρτυρας
614 2580 1009 2653 ἀτιμάσοντνς.
1063 2581 1124 2636 οὐ
1192 2585 1537 2657 προσήκαντο
1596 2586 1709 2658 (84)
1766 2581 1938 2657 δῶρον

278 2675 375 2724 τοῦ
402 2669 649 2733 πολλοὺς
680 2668 918 2741 ἀθλητὰς
951 2669 1349 2743 ἀποδείξοντος,
1388 2671 1600 2758 pingi;
1634 2670 1690 2728 δὶ
1740 2676 1943 2752 φθονή-

277 2781 465 2821 σοντος
676 2760 767 2814 καὶ
815 2760 980 2830 αὐτῆς
1026 2764 1139 2835 (86)
1186 2768 1287 2831 τῆς
1341 2761 1646 2833 ἀθλήσεως·
1699 2764 1757 2831 ἢ,
1791 2763 1852 2817 τό
1882 2785 1941 2839 γε

275 2847 637 2924 ἀληθέστερον
694 2848 886 2920 εἰπεῖν,
955 2850 1053 2905 οὐκ
1118 2848 1346 2928 ἤνεγκαν
1420 2852 1577 2924 μόνοι
1651 2852 1939 2928 μαρτύρων

276 2933 611 3012 ὑϐρίζεσθαι,
656 2944 763 2993 τῶν
816 2937 1001 2995 ἄλλων
1052 2942 1165 3014 (87)
1215 2941 1388 3002 ὁσίαις
1432 2942 1590 3017 χερσὶ
1638 2945 1939 3015 τεθησομέ-

277 3048 385 3080 νων
429 3046 489 3081 τε
535 3027 622 3081 καὶ
673 3027 1247 3104 θεραπευθησομένων,
1298 3027 1424 3085 οὐδὲ
1486 3028 1669 3086 δοῦναι
1720 3036 1799 3104 τῷ
1846 3052 1940 3087 σο-

282 3119 447 3193 φιστῇ
497 3118 594 3185 τῆς
644 3116 832 3179 κακίας
877 3123 996 3181 ταῖς
1047 3114 1261 3194 ὕϐρεσιν
1310 3119 1755 3195 ἐγκαυχήσασθαι
1789 3140 1801 3154 ⁸
1851 3119 1941 3176 τίνα

289 3206 365 3278 μὴ
400 3212 543 3280 παρᾶ
588 3212 688 3276 τῆς
736 3206 902 3277 αὐτῆς
954 3209 1141 3284 χειρὸς
1179 3209 1246 3263 τὰ
1281 3209 1374 3282 μὲν
1410 3210 1690 3279 ἀνιστῆται
1727 3210 1938 3287 μαρτύ-

286 3315 393 3370 ρων
451 3297 729 3368 μνήματα,
779 3296 847 3351 τὰ
894 3294 951 3352 δὲ
975 3296 1313 3369 καταλύηται
1350 3320 1362 3332 ·
1398 3298 1486 3353 καὶ
1520 3300 1570 3353 οἱ
1606 3300 1700 3372 μὲν
1731 3305 1938 3373 τιμῶν-

281 3405 370 3439 ται
424 3387 714 3460 μάρτυρες,
755 3386 806 3440 οἱ
858 3384 913 3441 δὲ
965 3386 1332 3461 ἀτιμάζωνται
1385 3390 1520 3462 (88),
1586 3390 1777 3464 μικρὸν
1810 3403 1939 3468 φθα-

274 3473 473 3542 νούσης
506 3481 603 3543 τῆς
637 3474 689 3529 έν
722 3477 967 3551 σχήματι
997 3483 1166 3549 τιμῆς
1210 3479 1308 3547 τὴν
1361 3476 1625 3548 ἀληθινὴν
1673 3478 1892 3552 ἀτιμίαν
1923 3497 1938 3513 ·

282 3560 425 3635 μηδὶ
472 3564 608 3638 πρὸς
654 3568 732 3635 τῷ
785 3566 997 3640 μεγέθει
1050 3572 1151 3635 τῆς
1203 3563 1411 3642 ὕϐρεως
1467 3568 1557 3621 καὶ
1607 3569 1772 3643 σοφὸς
1803 3569 1933 3623 εἶναι

270 3652 474 3726 νομίσῃ
530 3654 656 3729 παρ’
706 3652 901 3726 ὲαυτῷ,
965 3652 1263 3725 λανθάνων,
1334 3654 1515 3729 ὥσπερ
1592 3657 1930 3732 ἀνθρώπους,

270 3740 417 3795 οὕτω
467 3741 555 3796 καὶ
604 3743 733 3796 Θεὸν
779 3743 869 3798 τὸν
921 3743 1135 3798 πάντων
1174 3743 1427 3814 ὀξύτατον
1476 3744 1564 3797 καὶ
1598 3746 1929 3823 σοφώτατον.

268 3831 357 3885 καὶ
408 3828 771 3905 δρασσόμενον
822 3832 949 3895 τοὺς
999 3831 1199 3910 σοφοὺς
1246 3832 1299 3887 ιν
1356 3836 1425 3906 τῇ
1470 3834 1771 3910 πανουργίᾳ
1836 3836 1930 3891 αὖ-

263 3924 399 3990 τῶν,
432 3918 522 3975 διὰ
548 3924 644 3975 τοῦ
676 3923 1003 3998 φαινομένου
1038 3920 1454 3998 προϐλήματος·
1502 3920 1648 3977 ἀλλὰ
1693 3924 1929 3999 γινώσκῃ

267 4009 591 4083 νορύμενος,
676 4010 765 4065 καὶ
856 4012 931 4083 μὴ
994 4011 1344 4088 ὑπεραίρηται
1442 4008 1930 4087 καταλαμϐανόμε-

269 4118 387 4159 νος.

2042 637 2277 693 quoque
2304 623 2421 680 vita
2438 625 2844 697 ignominiam,
2870 626 3085 682 futuris
3102 629 3277 687 rebus
3295 631 3699 688 testimonium

2040 708 2138 764 89
2189 712 2562 783 prabentem,
2597 732 2663 771 ac
2708 732 2808 788 per
2838 732 3019 788 parva
3067 716 3287 777 indicia
3334 736 3427 777 res
3458 736 3704 792 magnas

2039 802 2553 874 pranuntiantem,
2605 821 2720 861 non
2776 821 2948 861 secus
2999 822 3065 862 ac
3115 806 3277 865 Caini
3329 808 3705 876 sacriﬁcium,

2038 886 2193 944 Deus
2224 895 2546 964 martyrum
2582 894 2952 966 repudiabat.

2109 978 2296 1035 XXVI.
2328 981 2532 1053 Itaque
2577 982 2673 1039 ille
2719 985 2958 1055 quidem
3012 984 3338 1058 laborabat,
3372 987 3475 1043 sed
3526 989 3703 1055 terra,

2040 1069 2192 1137 quod
2222 1068 2582 1127 elaboratum
2634 1073 2843 1138 fuerat,
2876 1074 3223 1131 excutiebat.
3260 1075 3360 1132 Ille
3393 1075 3703 1132 vehemen-

2039 1155 2158 1211 tius
2204 1158 2392 1215 adhuc
2441 1160 2850 1231 obtinebatur;
2901 1162 3021 1219 hac
3071 1164 3327 1221 hominis
3376 1164 3435 1220 in
3490 1165 3707 1237 pietate

2042 1248 2300 1319 corrupti
2353 1249 2736 1307 fundamenta
2765 1269 2971 1325 capere
3010 1254 3386 1323 detrectabat,
3418 1258 3704 1327 tanquam

2044 1341 2271 1392 motum
2322 1354 2479 1407 eum,
2515 1357 2689 1413 quem
2724 1340 2912 1413 ipsius
2958 1342 3150 1399 scelus
3196 1344 3516 1401 allaturum
3558 1348 3703 1414 erat,

2044 1425 2437 1496 proclamans,
2488 1445 2554 1484 ac
2602 1446 2704 1500 per
2751 1430 3089 1502 impiissimi
3140 1432 3400 1489 hominis
3448 1432 3706 1491 dedecus

2047 1519 2334 1587 martyres
2372 1516 2590 1574 honore
2638 1518 2920 1575 afﬁciens.
2972 1520 3091 1575 Hoc
3141 1538 3290 1593 opus
3341 1521 3708 1589 insequentis

2046 1603 2236 1676 ipsius
2268 1606 2611 1679 arrogantia
2642 1612 2700 1664 et
2729 1609 3131 1680 contumacia,
3165 1610 3620 1684 ignominiaque
3650 1612 3709 1667 in

2050 1697 2356 1767 martyres,
2392 1695 2746 1769 scelerisque
2799 1697 2856 1752 in
2889 1698 3040 1754 ades
3092 1702 3327 1756 sanctas
3369 1700 3713 1757 vaticinium

2053 1783 2346 1853 quoddam
2378 1788 2502 1840 erat
2533 1803 2545 1841 :
2577 1784 2709 1842 aliis
2739 1786 2978 1858 quidem
3007 1787 3400 1862 incognitum,
3433 1793 3708 1847 caterum

1973 1910 2022 1975 B
2053 1877 2487 1943 persecutorem
2514 1875 2749 1930 eminus
2779 1892 3162 1950 persequens,
3186 1882 3363 1951 atque
3394 1878 3719 1952 impietatis

2054 1977 2257 2033 parias
2286 1968 2421 2018 ante
2452 1963 2813 2036 significans.

2124 2051 2343 2107 XXVII.
2378 2053 2421 2108 Ο
2453 2054 2777 2125 sapientem
2803 2053 3061 2111 animam
3094 2056 3167 2111 ad
3201 2056 3715 2129 malefaciendum,

2054 2165 2229 2205 suum
2250 2154 2444 2205 autem
2464 2151 2789 2207 cruciatum
2810 2152 3056 2208 minime
3083 2153 3404 2226 fugientem
3422 2152 3434 2210 ί
3451 2154 3494 2212 Ο
3518 2155 3719 2229 singu-

2052 2237 2234 2293 larem
2269 2237 2367 2294 Dei
2417 2240 2841 2310 providentiam
2886 2242 3087 2298 futura
3134 2242 3624 2316 proclamantem,
3653 2248 3720 2302 ut

2052 2336 2140 2391 vel
2172 2337 2534 2408 impietatem
2554 2340 3071 2411 compesceret,vel
3095 2341 3523 2412 praseientiam
3547 2360 3719 2400 suam

2052 2437 2513 2492 demonstraret!
2545 2437 2588 2493 Ο
2621 2437 2996 2503 miraculum,
3029 2455 3246 2495 novum
3293 2439 3442 2495 illud
3476 2441 3718 2512 quidem

2051 2532 2109 2580 et
2139 2524 2499 2593 mirandum,
2533 2528 2635 2581 sed
2667 2531 2863 2581 tamen
2892 2528 3087 2582 verius
3119 2545 3294 2599 quam
3330 2528 3667 2586 mirabilius
3699 2527 3714 2584 ι

2052 2621 2095 2677 Ο
2124 2621 2416 2693 insignem
2450 2628 2773 2693 martyrum
2806 2623 2960 2678 inter
3009 2641 3071 2680 se
3101 2625 3446 2681 charitatem
3473 2626 3485 2682 l
3522 2629 3719 2683 Hono-

2052 2728 2174 2766 rem
2207 2710 2497 2783 illius,qui
2530 2710 2747 2767 multos
2780 2718 3065 2784 martyres
3096 2714 3422 2785 ignominia
3451 2721 3507 2771 et
3539 2718 3717 2772 dede-

2051 2816 2183 2856 core
2214 2800 2528 2855 aifecturus
2558 2807 2699 2870 erat,
2736 2808 3083 2857 recusarunt
3114 2820 3127 2857 :
3162 2805 3382 2858 donum
3417 2803 3718 2876 illius,qui

2053 2889 2271 2944 multos
2320 2888 2570 2944 athletas
2619 2890 2934 2945 efi‘ecturus
2980 2896 3126 2962 erat,
3176 2891 3261 2947 vel
3312 2894 3505 2964 potius
3554 2893 3719 2965 ipsos

2052 3004 2282 3059 quoque
2314 2987 2584 3058 palastra
2612 2992 2668 3042 et
2698 2988 3089 3044 decertatione
3119 3004 3222 3061 per
3265 2989 3551 3046 invidiam
3582 3007 3717 3062 pro-

2050 3077 2351 3131 hibiturus
2403 3082 2547 3142 erat,
2600 3092 2715 3130 non
2767 3077 3183 3132 admiserunt:
3217 3078 3357 3145 imo,
3407 3083 3472 3133 ut
3516 3079 3719 3135 verius

2049 3166 2276 3237 loquar,
2311 3181 2425 3219 non
2458 3165 2723 3220 tulerunt
2749 3164 2860 3218 sibi
2896 3164 3037 3220 solis
3090 3182 3160 3221 ex
3192 3166 3350 3221 omni
3386 3172 3715 3240 martyrum

1973 3274 2016 3342 ρ
2056 3280 2303 3319 numero
2335 3261 2752 3317 contumeliam
2783 3262 3004 3329 inferri,
3026 3279 3162 3319 cum
3194 3263 3319 3319 alia
3351 3265 3503 3321 ades
3536 3282 3715 3322 sacra

2056 3354 2168 3425 piis
2200 3353 2475 3408 manibus
2529 3352 2935 3406 construenda
2963 3357 3140 3423 atque
3192 3351 3446 3409 colenda
3494 3360 3714 3426 essent,

2047 3468 2151 3507 nec
2182 3451 2486 3523 pravitatis
2504 3449 2711 3505 artifici
2730 3466 2935 3506 ansam
2968 3451 3226 3522 praebere
3247 3452 3318 3507 de
3335 3450 3713 3509 contumeliis

2045 3543 2157 3598 sibi
2178 3540 2392 3595 inustis
2410 3538 2699 3612 gloriandi
2725 3556 2737 3593 :
2761 3556 2831 3594 ne
2854 3540 2925 3594 ab
2947 3540 3151 3595 eadem
3176 3557 3353 3595 manu
3379 3545 3704 3612 martyrum

2045 3644 2429 3695 monumenta
2458 3636 2669 3708 partim
2716 3635 3097 3707 erigerentur,
3132 3637 3346 3708 partim
3376 3642 3706 3693 everteren-

2040 3733 2173 3796 tur;
2210 3744 2277 3782 ac
2307 3731 2630 3795 martyrum
2684 3724 2779 3780 alii
2813 3726 3052 3795 quidem
3103 3725 3343 3795 honore,
3378 3726 3477 3782 alii
3509 3731 3707 3783 autem

2040 3828 2381 3895 contemptu
2414 3826 2470 3878 et
2499 3822 2781 3878 dedecore
2826 3822 3218 3891 afﬁcerentur,
3255 3823 3387 3880 ﬁcto
3420 3823 3704 3879 nimirum

2040 3933 2104 3971 ac
2153 3913 2429 3971 simulato
2478 3911 2698 3966 honore
2768 3928 2964 3966 veram
3018 3911 3407 3985 ignominiam
3461 3912 3704 3985 paulum

2038 4012 2471 4076 antevertentei
2505 4024 2645 4064 neve
2676 4013 2883 4080 prater
2929 4009 3299 4065 contumelia
3341 4011 3706 4082 magnitudi-

2038 4121 2169 4161 nem
2202 4101 2314 4157 sibi
2338 4097 2704 4171 quoqueipsi
2727 4096 2961 4169 sapiens
2983 4098 3298 4167 videretur,
3315 4104 3381 4155 ut
3404 4099 3706 4184 homines,

268 4187 352 4245 ita
380 4189 585 4255 Deum,
621 4190 721 4262 qui
750 4190 1018 4246 omnium
1072 4191 1449 4249 acutissimus
1481 4196 1540 4248 et
1588 4193 2063 4265 sapientissimus
2095 4198 2207 4259 est,
2240 4207 2305 4246 ac
2335 4189 2631 4261 sapientes
2663 4188 2723 4242 in
2767 4187 2985 4243 astutia
3015 4205 3124 4244 sua
3150 4188 3596 4261 comprehendit
3626 4191 3702 4259 ¹⁶,

263 4295 369 4351 per
396 4285 697 4336 externam
728 4281 985 4352 speciem
1020 4279 1226 4337 fallens
1259 4299 1272 4338 :
1308 4298 1508 4338 verum
1542 4284 1783 4339 consilia
1814 4302 1923 4342 sua
1950 4292 2148 4359 patere
2180 4280 2551 4352 intelligeret,
2586 4277 2949 4350 minimeque
2979 4278 3176 4335 animo
3208 4280 3530 4351 eﬂ‘erretur,
3553 4280 3707 4337 frau-

274 4371 409 4427 dem
441 4388 612 4427 suam
639 4371 822 4427 teneri
855 4371 1135 4428 sentiens.

338 4497 381 4532 ¹⁸
408 4497 519 4552 Job
549 4516 608 4567 v,
640 4499 730 4554 l3.

336 4621 429 4697 (7f?
454 4622 516 4677 Ἥ
550 4618 607 4676 δὲ
637 4629 726 4697 γῆ.
779 4626 871 4682 Sic
921 4624 1183 4681 melioris
1237 4630 1386 4681 nota
1436 4625 1687 4682 codices.
1730 4626 1858 4683 Par.
1890 4628 1925 4696 ἡ
1960 4631 2006 4695 D
2036 4624 2213 4697 vitate
2242 4620 2735 4679 existimationem
2757 4620 3055 4693 ﬁdemque
3071 4619 3381 4680 hominum
3406 4624 3705 4682 excedat.»

259 4714 448 4840 “(7075)
483 4765 714 4840 Σαθροῦ.
770 4766 998 4833 Billius,
1034 4790 1079 4840 γ‹‹
1125 4783 1280 4839 agra
1329 4765 1542 4840 pietate
1589 4767 1837 4838 praediti,
1898 4790 1927 4818 ››

257 4836 521 4911 Comb._«
550 4836 865 4895 exulcerati
896 4840 954 4893 in
988 4836 1288 4910 pietatem.
1324 4836 1351 4889 ὖ
1386 4836 1677 4908 Mallem,«
1712 4836 1929 4911 pietate

260 4907 538 4963 carentis.
573 4929 599 4960 ι)

332 4979 447 5053 (78)
480 4978 735 5052 Σεισμόν.
788 4981 912 5037 Non
965 4981 1153 5050 video,
1206 4981 1288 5036 ait
1338 4982 1561 5049 Comb.,
1597 4983 1738 5053 quid
1788 4980 1927 5037 velit

260 5050 470 5125 Billius
515 5050 621 5122 qui
658 5053 849 5122 vertit,
882 5074 909 5103 ‹‹
943 5057 1106 5107 terra
1162 5058 1403 5108 motum.
1441 5075 1469 5102 »
1502 5050 1769 5109 Ecclesia
1820 5072 1926 5125 po-

257 5122 400 5189 tius,
436 5140 611 5197 quam
646 5131 812 5180 terra
847 5130 1041 5197 motus
1076 5126 1184 5197 fuit
1213 5125 1421 5197 ingens
1449 5126 1547 5181 illa
1575 5122 1922 5197 tempestas.

259 5211 439 5268 quam
486 5196 762 5252 Julianus
795 5196 1085 5251 excitavit.
1115 5195 1331 5268 Melius
1374 5213 1509 5268 ergo
1543 5198 1626 5251 sic
1659 5195 1922 5253 reddide-

258 5266 337 5320 ris
387 5283 400 5321 :
456 5289 481 5315 «
537 5269 714 5333 Quasi
763 5268 1031 5323 futurum
1085 5266 1187 5323 illo
1233 5266 1470 5323 auctore
1522 5275 1747 5325 motum
1805 5270 1920 5326 cla-

260 5353 451 5391 mans.
490 5360 518 5385 η
1546 5355 1562 5366 “

470 5412 576 5483 Τῆς
608 5407 847 5483 ὕστερον.
884 5409 1042 5465 Colb.
1076 5410 1265 5483 6,737];
1296 5407 1371 5469 είς
1404 5405 1650 5483 ὕστερον.

472 5478 952 5552 ῌροσημσίίνουσα.
984 5505 1010 5531 ι(
1047 5481 1270 5537 Indicio
1303 5478 1575 5551 prodens.
1612 5504 1641 5531 »

327 5549 441 5620 (8!)
472 5549 586 5623 Ἵνα
615 5549 959 5623 savum-tn.
1010 5553 1102 5607 Sic
1153 5549 1414 5623 melioris
1444 5559 1610 5623 nota
1665 5553 1916 5610 codices.

253 5618 526 5698 Begg,_a,
562 5622 618 5677 b.
644 5618 897 5698 quatuor
916 5618 1098 5698 Colb.,
1119 5628 1307 5698 Pass,
1334 5618 1404 5698 τίνζ
1433 5621 1487 5693 ᾖ.
1523 5628 1662 5698 Reg.
1696 5626 1816 5683 bm.
1848 5624 1919 5679 ’ἶν’

252 5666 541 5771 ἆῖςῗκῗψῆζ,
562 5666 1262 5771 ὖέὀῗέίῖῖέιῖιῖεἱιξ-”ί³ἶέςῖἔᾶῗ
1271 5666 1359 5748 iv"
1372 5666 1641 5771 ἆνῖιὶεὲἱιῖῗ

327 5763 731 5843 (82)-Ᾱληθοῠς
784 5763 860 5837 δέ,
884 5763 1002 5823 etc.
1037 5788 1065 5818 ‹‹
1096 5766 1326 5837 Verius,
1359 5784 1536 5841 quam
1562 5763 1649 5826 'ut
1678 5785 1785 5826 sua
1814 5786 1918 5827 no-

548 5896 809 5959 PATBOL.
845 5898 956 5960 Gs.
1002 5894 1245 5959 XXXV.

2040 4696 2652 4839 0068);).édaashptac.
2687 4784 2715 4814 ‹‹
2750 4762 2792 4818 0
2824 4763 3140 4819 fraternam
3191 4768 3517 4836 martyrum
3563 4766 3701 4823 cha-

2038 4839 2273 4894 ritatem
2300 4837 2312 4891 ι
2345 4859 2373 4887 ››

2130 4912 2223 4982 84)
2260 4907 2633 4982 Προσήκαντο.
2667 4906 2808 4982 Reg.
2846 4922 2908 4973 Π,
2940 4911 3221 4982 προσῆκαν
3253 4906 3316 4959 τὸ
3341 4901 3543 4982 δῶρον.

2130 4977 2220 5052 85)
2247 4977 2646 5052 Φθον-ήσοντος.
2696 4977 2782 5033 Ita
2831 4977 3116 5052 Regg'._b,
3146 4979 3287 5052 _bm,
3340 4977 3442 5045 hu,
3496 4980 3535 5048 1,
3583 4982 3700 5038 duo

2036 5050 2501 5125 Colb.'Nonnulli
2535 5067 2833 5125 vero_cu_m
2867 5052 2957 5104 ed.
2988 5050 3375 5125 φθονήσαντος.

2106 5125 2219 5195 (86)
2252 5124 2349 5176 Καὶ
2382 5122 2570 5189 αὐτῆς.
2620 5121 2737 5195 Alii
2752 5120 2970 5195 legunt
2991 5119 3220 5195 Δαὐτοῖς.
3254 5122 3415 5195 Idem
3458 5139 3694 5195 sensus,

2036 5191 2165 5251 utro
2200 5191 2369 5250 modo
2419 5195 2597 5265 legas.
2636 5191 2847 5267 Billius
2892 5192 3031 5263 legit
3062 5191 3268 5267 αὐτοῖς.
3298 5194 3357 5249 Si
3387 5194 3546 5267 legas
3598 5191 3698 5249 an;

2031 5272 2151 5335 τῆς,
2186 5264 2529 5323 vertendum
2554 5283 2565 5321 :
2588 5289 2614 5315 «
2650 5265 2840 5337 Ipsius
2870 5281 3106 5335 quoque
3136 5264 3415 5337 palastra
3446 5264 3695 5339 gloriam

2034 5339 2340 5395 invideret.
2376 5363 2397 5392 ι

2106 5412 2212 5479 (87)
2243 5414 2359 5463 Τῶν
2394 5404 2605 5473 σόλων,
2654 5411 2763 5482 etc.
2799 5426 2826 5455 ‹‹
2856 5409 2999 5482 cum
3030 5404 3155 5482 __alii
3204 5411 3535 5481 (martyres)
3583 5410 3695 5482 piis

2032 5476 2308 5537 manibus
2364 5479 2693 5552 deponendi
2744 5482 2800 5531 et
2846 5476 3070 5552 colendi
3120 5489 3335 5552 essent,
3381 5476 3692 5538 exstructis

2031 5553 2254 5609 scilicet
2284 5548 2517 5609 illorum
2551 5548 3289 5622 monumentis,illatisque
3320 5548 3380 5607 in
3414 5569 3481 5607 ea
3510 5556 3693 5610 sacris

2030 5625 2397 5697 pignoribus.
2434 5648 2459 5673 ››
2496 5623 2580 5678 Ita
2610 5621 2811 5678 Comb.
2853 5620 3027 5676 Recte
3057 5620 3317 5693 quidem,
3351 5640 3420 5680 ex
3450 5629 3572 5680 tota
3602 5642 3689 5681 re-

2029 5714 2159 5753 rum
2194 5698 2362 5767 serie,
2396 5697 2645 5767 constat.

2099 5768 2212 5841 (88)
2242 5759 2660 5842 Ἀτίμάζωνται.
2701 5761 2831 5836 Alii,
2865 5759 3241 5837 ἀτιμάζονται.

3332 5892 3409 5985 ιι
