4028 6420
399 357 517 418 555

1646 359 1707 419 S.
1759 357 2132 420 GREGORII
2183 357 2581 424 'I‘IIEOLOGI

3719 365 3856 437 556

469 488 718 545 XXVIII.
753 489 873 544 Etsi.
904 487 1060 544 enim
1093 487 1189 543 ille
1222 493 1543 561 martyrum
1595 490 1748 546 Deus
1778 492 1881 546 90
1939 493 2054 546 im-

2245 494 2365 547 KU'.
2404 494 2464 547 Εἰ
2513 496 2612 570 γᾷιρ
2663 495 2751 549 καὶ
2799 498 2898 564 τὴν
2957 487 3204 553 ἀσέϐειαν
3259 498 3359 554 οὐκ
3407 501 3633 578 ἐπέσχεν
3675 507 3705 560 ὁ
3739 513 3864 562 τῶν

400 580 675 651 pietatem
712 595 824 634 non
869 579 1171 650 repressit,
1204 596 1308 634 nec
1363 579 1574 651 scelus,
1609 581 1761 652 quod
1816 581 2064 636 medita-

399 670 573 724 batur
606 672 780 740 atque
831 668 1025 722 animo
1057 669 1377 738 premebat,
1410 668 1567 724 velut
1609 671 1834 732 malum
1881 672 2064 743 quod-

400 759 537 814 dam
570 758 918 830 proﬂuvium
954 758 1149 812 statim
1187 758 1512 824 exsiccavit,
1539 764 1639 813 aut
1685 760 1961 820 inhibuit.
1994 761 2066 815 ob

403 866 501 906 eas
551 865 761 904 causas
810 865 956 918 quas
1012 847 1133 918 ipse
1173 864 1275 918 pro
1329 848 1602 902 ineffabili
1656 867 1764 905 sua
1813 851 2068 922 potentia

404 937 893 1011 gubernandiquc
912 936 1134 991 ratione
1153 936 1416 1008 cognitas
1433 943 1488 992 ct
1515 939 1846 1010 exploratas
1868 940 2066 1011 habet,

404 1045 508 1101 per
535 1044 708 1100 quam
735 1025 1202 1081 Amorrhazorum
1224 1043 1454 1098 quoque
1475 1027 1841 1100 iniquitatem
1863 1046 2068 1085 eumu-

404 1117 511 1174 lari
565 1121 739 1188 atque
791 1114 1006 1186 expleri
1057 1120 1212 1170 certo
1259 1115 1501 1171 consilio
1552 1117 1928 1187 permittebat
1979 1120 2064 1187 ¹⁹;

402 1212 600 1262 tamen
634 1210 698 1261 ut
726 1203 1022 1277 plerisque
1072 1204 1494 1273 consuleretur,
1530 1207 1872 1277 pravitatem
1908 1206 2065 1262 illam

403 1296 536 1351 odio
567 1299 626 1350 et
657 1293 1031 1350 detestationi
1064 1309 1193 1349 esse
1234 1293 1633 1365 conveniebat,
1665 1295 2070 1367 honoremque

400 1385 558 1440 hunc
589 1383 854 1454 rejici,ac
886 1383 985 1438 Dei
1019 1399 1156 1454 erga
1184 1384 1382 1438 omnia
1411 1399 1538 1454 quae
1572 1385 1684 1456 ipsi
1718 1385 2068 1460 offeruntur,

400 1474 740 1546 aequitatem
772 1478 828 1529 et
855 1472 1169 1544 puritatem
1203 1471 1615 1527 demonstrari.

469 1562 656 1620 XXIX.
691 1567 837 1617 Nam
871 1562 971 1633 qui
1021 1560 1223 1616 lsraeli
1279 1562 1458 1633 impie
1510 1579 1570 1617 ee
1623 1563 1845 1635 gerenti
1898 1565 2066 1633 dixit,

398 1656 462 1710 Si
493 1654 753 1709 obtuteris
797 1652 1097 1722 siliginem,
1150 1668 1353 1706 vanum
1377 1656 1456 1706 est
1477 1669 1497 1713 ;
1527 1654 1911 1725 sufﬁmentum
1937 1656 2068 1710 abo-

400 1742 638 1798 minatio
683 1741 827 1796 mihi
855 1745 934 1795 est
965 1742 1009 1774 ²⁰
1043 1757 1055 1795 :
1091 1739 1308 1811 quippe
1353 1741 1531 1795 etiam
1576 1759 1774 1797 eorum
1829 1748 2068 1800 Neome-

2183 581 2471 655 μαρτύρων
2517 585 2668 654 Θεὸς,
2720 582 2845 640 οὐδὲ
2890 588 2989 654 τήν
3046 587 3431 662 μελετωμένην
3480 592 3569 646 καὶ
3599 614 3860 666 κρυπτο-

2182 671 2347 741 μένην
2403 673 2588 727 κακίαν
2642 673 2821 747 ὥσπερ
2876 675 3047 750 ῥεῦμα
3093 681 3206 750 (89)
3259 681 3499 752 πονηρὸν
3545 682 3704 747 εὐθὺς
3748 687 3858 740 ἆν-

2180 760 2448 833 εξῆρανεν,
2604 763 2881 836 ἀνέκοψεν,
2935 766 3014 827 οἷς
3074 765 3231 829 αὐτὸς
3301 769 3566 838 ἠπίστατο
3626 771 3852 848 λόγοις,

2178 850 2313 903 κατὰ
2368 853 2464 919 τὴν
2527 851 2759 927 asiam
2812 853 2975 908 αὐτοῦ
3025 856 3212 932 σοφίαν
3257 879 3316 912 τε
3363 859 3450 913 καὶ
3484 856 3851 935 κυϐερνησιν,

2177 941 2295 1002 καθ’
2325 943 2390 1008 ἣν
2420 941 2505 994 καὶ
2555 942 2647 1002 τὰς
2695 943 3038 1018 ’Δμορραίων
3086 946 3314 1018 ἀνομίας
3367 947 3850 1025 ἀναπληρωθῆναι

2179 1027 2448 1100 ᾠκονόμει
2485 1049 2496 1060 ·
2533 1028 2658 1084 ἀλλ’
2690 1027 2795 1084 ἔδει
2825 1035 2924 1102 τήν
2955 1053 3013 1087 τε
3059 1037 3170 1106 (90)
3221 1038 3544 1106 κακοήθειαν
3595 1042 3848 1110 μισηθῆ-

2177 1137 2285 1185 ναι,
2335 1115 2423 1171 καὶ
2469 1119 2566 1186 τήν
2613 1119 2780 1191 τιμὴν
2829 1119 3143 1191 ἀπωσθῆναι
3174 1128 3280 1178 τῶν
3309 1123 3535 1181 πολλῶν
3573 1130 3689 1201 (91)
3725 1127 3848 1185 ἔνε-

2178 1226 2289 1275 κεν,
2323 1206 2411 1260 καὶ
2443 1204 2727 1282 δειχθῆναι
2757 1213 2855 1263 τοῦ
2887 1215 3020 1264 Θεοῦ
3049 1212 3146 1280 τήν
3180 1214 3304 1288 περὶ
3333 1213 3506 1270 πάντα
3551 1218 3619 1271 τὰ
3659 1238 3848 1294 προσ-

2180 1295 2450 1370 φερόμενα
2485 1297 2707 1368 ἶσότητά
2733 1319 2792 1354 τε
2819 1300 2909 1354 καὶ
2929 1297 3298 1376 καθαρότητα,

2252 1566 2435 1621 ΚΘ’Ὁ
2491 1566 2590 1640 γὰρ
2650 1565 2815 1620 εἰπὼν
2867 1564 3149 1623 ἀσεϐοῦντι
3215 1567 3294 1641 τῷ
3368 1569 3632 1644 Ἰσραήλ·
3713 1575 3840 1630 Ἐάν

2179 1652 2521 1730 προσφέρητε
2625 1658 2736 1729 (9‘3)
2830 1654 3133 1728 σεμίδαλιν,
3239 1659 3486 1732 μάταιον·
3588 1664 3841 1737 θυμίαμα

2183 1740 2466 1817 βδέλυγμα
2525 1743 2618 1816 μοί
2667 1744 2799 1798 ἐστι’
2856 1746 2951 1807 τάς
3009 1767 3067 1800 τε
3137 1748 3449 1820 Νουμηνίας
3508 1749 3682 1806 αὐτῶν
3746 1754 3838 1808 καὶ

404 1832 532 1888 nias
565 1836 621 1888 et
653 1831 907 1887 Sabbata
937 1834 994 1885 et
1022 1830 1177 1884 diem
1213 1846 1490 1901 magnum
1527 1832 1797 1903 repudiat
1831 1851 1842 1889 :
1879 1851 2054 1906 neque

2175 1832 2241 1885 τὰ
2301 1828 2573 1904 Σάϐϐατα,
2629 1833 2717 1887 καὶ
2776 1834 2986 1908 ἡμέραν
3033 1834 3274 1912 μεγάλην
3309 1837 3370 1892 οὐ
3427 1844 3789 1914 προσιέμενος
3821 1863 3836 1874 ·

403 1921 559 1976 enim
602 1937 685 1988 se,
719 1935 852 1974 cum
887 1919 1098 1990 plenus
1144 1919 1240 1985 sit,
1275 1917 1393 1973 ulla
1419 1936 1478 1973 re
1510 1919 1770 1976 humana
1801 1929 1857 1977 et
1888 1941 2064 1994 parva

403 2026 551 2082 opus
582 2010 814 2076 habere,
849 2013 913 2062 ut
965 2009 1202 2079 indigne
1233 2007 1407 2063 etiam
1460 2009 1674 2064 oblatis
1718 2013 2064 2067 muneribus

401 2100 722 2156 delectetur
755 2114 767 2153 :
802 2103 858 2153 et
887 2097 1070 2168 iniqui
1105 2097 1361 2152 hominis
1393 2098 1770 2167 sacrificium,
1792 2102 2064 2172 quamvis

400 2190 575 2246 etiam
607 2188 858 2244 vitulum
893 2190 1126 2256 mactet,
1162 2186 1335 2258 quasi
1385 2203 1588 2242 canem
1632 2196 1968 2245 exsecratur
1998 2192 2064 2261 ²¹,

398 2284 456 2336 et
502 2278 642 2334 thus
674 2276 842 2350 quasi
875 2275 1330 2347 blasphemiam,
1363 2293 1428 2331 ac
1483 2279 1809 2334 meretricis
1841 2297 2059 2335 merce-

398 2371 528 2425 dem
563 2386 597 2424 a
645 2365 863 2438 templo
895 2365 1247 2421 exterminat
1278 2369 1448 2436 atque
1482 2367 1719 2436 excutit,
1755 2385 2060 2442 unumque

394 2461 540 2517 illud
573 2455 1006 2515 sacrificiumin
1042 2455 1223 2527 pretio
1241 2455 1605 2526 habet,quod
1633 2475 1791 2527 purae
1826 2478 2036 2516 manus

393 2556 451 2609 et
482 2567 648 2607 mens
682 2546 909 2604 excelsa
939 2549 996 2601 et
1025 2545 1096 2599 ab
1129 2545 1287 2598 omni
1316 2544 1586 2600 vitiorum
1644 2545 1773 2601 labe
1807 2528 2060 2631 expiata:

396 2641 716 2715 purissimo
749 2635 976 2692 numini
1000 2635 1252 2689 olferunt
1275 2634 1443 2704 ;quid
1479 2635 1781 2702 mirum,si
1810 2640 1960 2694 idem
1989 2658 2061 2697 ne

394 2734 676 2787 honorem
713 2726 950 2798 quidem
985 2737 1327 2792 eum,quem
1362 2724 1471 2777 iste
1495 2723 1771 2780 scelerate
1802 2744 1868 2782 ac
1887 2729 2064 2802 scele_

395 2825 523 2876 rata
554 2821 748 2874 mente
795 2815 1094 2879 offerebat,
1141 2811 1438 2884 suscepit;
1473 2812 1588 2880 ille,
1646 2813 1913 2886 inquam,
1959 2834 2062 2890 qui

395 2927 514 2965 non
546 2908 808 2962 humano
842 2918 1002 2958 more
1028 2901 1335 2972 conspicit,
1358 2917 1462 2955 nec
1483 2903 1735 2973 speciem
1760 2911 2060 2964 externam

396 3002 650 3070 spectat,
681 3011 881 3050 verum
916 2991 1210 3048 occultum
1244 2990 1543 3045 hominem
1578 2993 1642 3063 9’,
1678 2999 1853 3064 atque
1883 2997 2060 3052 inter-

396 3105 534 3144 nam
566 3085 690 3141 vitii
721 3083 808 3138 vel
831 3081 1066 3138 virtutis
1096 3081 1391 3135 officinam
1424 3080 1922 3155 intuetur?Atque
1953 3085 2062 3142 hoe

393 3177 630 3249 quidem
678 3172 793 3229 tale
848 3175 954 3226 est.
990 3171 1150 3236 Quod
1203 3169 1251 3224 si
1303 3169 1436 3240 quis
1486 3169 1631 3224 mihi
1680 3171 1874 3228 minus
1926 3161 2059 3230 fidei

2180 1919 2446 1996 μηδὲγὰρ
2499 1919 2723 1991 δεῖσθαι,
2774 1920 3016 1998 πλήρης,
3062 1924 3157 1997 ὥν,
3203 1923 3440 1998 μηδενὸς
3486 1934 3592 1983 τῶν
3633 1930 3839 2008 ἀνθρω-

2175 2010 2344 2064 πίνων
2403 2031 2461 2065 τε
2518 2009 2605 2065 καί
2670 2015 2898 2087 μικρῶν,
2952 2011 3042 2067 ’ίνα
3094 2015 3263 2090 χαίρῃ
3313 2015 3404 2070 καὶ
3461 2023 3576 2080 τοῖς
3612 2020 3840 2091 ἀναξίως

2174 2102 2676 2178 προσφερομένοις·
2726 2104 2824 2171 τήν
2872 2123 2931 2156 τε
2976 2107 3072 2157 τοῦ
3129 2103 3334 2177 ἀνόμου
3396 2107 3601 2180 θυσίαν,
3660 2110 3758 2164 κᾶν

2179 2189 2411 2264 μόσίος,
2494 2190 2567 2252 ὡς
2639 2191 2796 2252 κυνὸς
2863 2194 2975 2265 (93)
3053 2190 3507 2269 βδελυττόμενος,
3583 2197 3665 2251 καί
3752 2199 3836 2261 ὡς

2179 2277 2530 2356 βλασφημίαν
2580 2279 2670 2334 τὸν
2736 2275 2980 2348 λίϐανον,
3025 2282 3115 2336 καὶ
3167 2280 3430 2360 ἄλλαγμα
3485 2286 3678 2361 πόρνης
3741 2285 3827 2359 ἐξ-

2174 2368 2370 2443 ορίζων
2401 2374 2496 2423 τοῦ
2528 2370 2675 2445 ἰεροῦ
2723 2369 2812 2423 καὶ
2863 2367 3274 2445 ἀποσειόμενος,
3329 2374 3499 2446 μόνην
3551 2373 3605 2430 δὲ
3645 2375 3833 2439 θυσίαν

2170 2462 2370 2530 τιμῶν,
2431 2457 2496 2525 ἦν
2561 2457 2790 2528 καθαραὶ
2863 2463 2943 2530 τῷ
3016 2461 3381 2536 καθαρωτάτῳ
3465 2463 3831 2542 προσφέρουσι

2172 2553 2376 2622 χεῖρες,
2424 2545 2514 2600 καί
2562 2551 2688 2608 νοῦς
2739 2545 2950 2620 ὑψηλός
2999 2569 3057 2603 τε
3085 2549 3175 2604 καὶ
3201 2551 3529 2626 ἡγνισμένος
3571 2572 3585 2588 ⁸
3621 2553 3671 2608 τί
3704 2566 3831 2618 θαυ-

2174 2638 2394 2708 μαστὸν,
2441 2635 2485 2690 εἷ
2535 2633 2674 2708 μηδὲ
2715 2638 2814 2705 τήν
2865 2636 3067 2693 ἐκείνου
3113 2641 3280 2712 τιμήν
3327 2641 3679 2718 προσεδέξατο
3718 2666 3825 2700 πο-

2168 2730 2353 2800 νηρῶς
2407 2747 2464 2781 τε
2519 2724 2608 2780 καὶ
2663 2727 2796 2798 μετὰ
2837 2735 3079 2803 πονηρᾶς
3125 2736 3225 2799 τῆς
3277 2726 3516 2795 διανοίας
3544 2753 3824 2808 προσαγοσ

2174 2817 2360 2888 μένην,
2408 2817 2435 2869 ὁ
2487 2817 2561 2887 μή
2606 2817 2850 2890 καθορῶν
2883 2817 2956 2878 ὡς
2990 2815 3266 2892 ἅνθρωπος
3297 2823 3431 2892 (94),
3487 2819 3627 2894 μηδὲ
3658 2821 3735 2884 εἷς
3760 2823 3824 2877 τὸ

2171 2904 2494 2982 φαινόμενον
2530 2903 2770 2977 βλέπων,
2803 2903 2928 2959 ἀλλ’
2974 2905 3048 2968 είς
3098 2906 3188 2961 τὸν
3237 2909 3472 2980 κρυπτὸν
3513 2911 3824 2986 ἄνθρωπον,

2169 2993 2259 3046 καὶ
2311 2992 2386 3054 εἰς
2437 2993 2498 3047 τὸ
2547 2989 2696 3047 ἔνδον
2746 3000 2844 3062 τῆς
2892 2993 3081 3056 κακίας
3128 2995 3162 3064 ἢ
3195 3002 3295 3066 τῆς
3325 2997 3520 3072 ἀρετῆς
3555 2998 3824 3074 ἐργαστή-

2172 3103 2284 3156 ριον
2313 3101 2324 3150 ;
2358 3087 2526 3136 Τοῦτο
2564 3082 2655 3154 μὶν
2690 3079 2755 3150 δὴ
2789 3087 3007 3137 τοιοῦτο
3033 3101 3046 3116 ο
3091 3084 3180 3138 καὶ
3231 3083 3283 3140 εἴ
3322 3107 3400 3148 τις
3431 3087 3662 3160 ἀπιστεῖ,
3696 3088 3826 3149 τοὺς

2168 3172 2517 3243 τεθεαμένους
2552 3169 2746 3232 αὐτοὺς
2777 3168 3253 3246 ἐπιμαρτυρόμεθά
3279 3192 3290 3204 ·
3322 3173 3522 3230 πολλοὶ
3556 3172 3613 3229 δέ
3660 3175 3823 3248 εἷ’σιν,

391 3240 730 3321 habendum
781 3263 968 3334 putat,
1001 3275 1098 3314 eos
1147 3258 1326 3329 ipsos,
1362 3258 1458 3328 qui
1511 3262 1841 3330 spectaculo
1873 3263 2051 3320 inter-

2171 3259 2216 3313 οἳ
2246 3259 2334 3314 καὶ
2387 3261 2521 3332 ἡμῖν
2555 3259 2643 3314 καὶ
2671 3264 2787 3321 τοῖς
2827 3255 3022 3315 ἔπειτα
3050 3261 3111 3316 τὸ
3147 3263 3320 3334 θαῦμα
3343 3265 3500 3316 τοῦτο
3530 3262 3819 3336 παρέπεμ-

391 3357 572 3422 fuere,
603 3356 782 3410 testes
814 3350 1133 3422 producam
1169 3365 1182 3403 :
1219 3363 1353 3401 nam
1380 3347 1595 3402 multos
1627 3349 1831 3418 habeo,
1865 3353 1963 3423 qui
1997 3358 2055 3410 et

393 3445 464 3503 ad
496 3460 604 3499 nos
620 3442 729 3498 hoc
747 3438 1098 3496 miraculum
1117 3436 1595 3506 transmiserunt,
1615 3443 1672 3494 et
1687 3441 1757 3494 ad
1784 3447 2051 3511 posteros

391 3531 817 3593 transmittent.

464 3622 625 3678 XXX.
661 3623 1046 3690 Posteaquam
1081 3620 1275 3673 autem
1309 3616 1378 3672 ad
1411 3615 1631 3672 virilem
1667 3623 1895 3676 aetatem
1921 3622 2049 3692 jam

393 3710 712 3786 progressi,
746 3707 1130 3782 philosophiae
1182 3705 1395 3778 placita
1443 3706 1831 3777 degustarunt
1874 3713 2048 3781 (quod

394 3802 623 3858 utinam
643 3813 948 3868 nunquam
967 3795 1244 3851 fecissent
1269 3791 1305 3865 Ι)
1321 3794 1670 3866 dicendique
1689 3796 2048 3866 facultatem,

396 3907 525 3964 quas
555 3894 620 3945 ut
651 3887 849 3961 probis
871 3890 928 3941 et
947 3885 1208 3941 honestis
1236 3882 1468 3938 virtutis
1499 3882 1956 3942 instrumentum
1983 3905 2049 3943 ac

396 3978 732 4038 subsidium
763 3980 870 4044 est,
901 3975 982 4030 ita
1029 3972 1313 4045 improbis
1344 3976 1402 4028 et
1449 3972 1755 4044 flagitiosis
1783 3975 1908 4030 vitii
1939 3976 2048 4031 sti-

393 4069 596 4127 mulus
627 4066 898 4134 efficitur,
917 4064 1158 4135 insuper
1178 4063 2048 4136 assumpserunt,minimejam

393 4159 554 4214 omni
584 4174 651 4213 ex
683 4160 848 4228 parte
878 4153 1148 4209 morbum
1179 4151 1375 4206 animo
1408 4151 1672 4206 clausum
1706 4157 1923 4220 tenere,
1945 4171 2050 4211 nec

391 4245 715 4320 impietatis
746 4244 1012 4300 fraudem
1044 4257 1284 4313 prorsus
1303 4257 1500 4296 secum
1536 4241 1659 4312 ipse
1677 4242 1838 4297 solus
1871 4245 2049 4299 rnedi-

390 4336 500 4392 tari
533 4338 777 4408 poterat.
813 4333 961 4395 Quin
988 4331 1200 4403 potius,
1231 4329 1726 4401 quemadmodum
1760 4332 1951 4403 ignem
1988 4333 2046 4386 in

389 4425 638 4481 materia
684 4423 987 4487 latentem,
1020 4419 1249 4476 etiamsi
1301 4418 1563 4475 nondum
1597 4419 1654 4473 in
1686 4418 2046 4477 luculentam

391 4516 691 4571 ﬂammam
715 4508 1370 4581 attollatur,emicantes
1397 4514 1590 4564 tamen
1610 4509 1877 4565 scintillae
1901 4529 2050 4582 quae-

2163 3349 2265 3424 ψάν
2297 3371 2354 3404 τε
2383 3350 2469 3404 καὶ
2504 3349 2980 3425 παραπέμψουσιν.

2232 3619 2310 3674 Λ’.
2339 3616 2489 3672 Ἐπεὶ
2531 3613 2587 3670 δὲ
2637 3615 2711 3679 εἷς
2763 3613 2956 3692 ἄνδρας
3001 3613 3281 3691 προϊόντες
3327 3613 3435 3688 ἤδη
3484 3620 3591 3670 τῶν
3639 3615 3690 3672 ἓν
3721 3639 3816 3694 φι-

2161 3705 2395 3784 λοσοφίᾳ
2426 3703 2715 3781 δογμάτων
2761 3707 2964 3778 ἥψαντο
3013 3706 3110 3777 (ὡς
3161 3708 3374 3778 μήποτε
3414 3702 3626 3783 ὤφελον
3653 3707 3690 3775 Ῑ)
3719 3706 3817 3761 καὶ

2157 3797 2254 3866 τὴν
2292 3796 2350 3850 ἐκ
2376 3799 2472 3850 τοῦ
2515 3793 2685 3869 λόγου
2729 3790 3178 3870 προσελάμϐανον
3230 3793 3472 3868 δύναμιν,
3511 3794 3686 3863 ἣτοῖς
3715 3795 3816 3867 μὲν

2163 3886 2447 3941 ἐπιεικέσιν
2477 3885 2674 3960 ἀρετῆς
2722 3882 2916 3953 ὅπλον,
2953 3889 3071 3945 τοῖς
3122 3881 3178 3938 δὲ
3231 3885 3667 3960 μοχθηροτέρως
3698 3885 3821 3939 κέν-

2159 3996 2284 4050 τρον
2313 3973 2502 4035 κακίας
2556 3972 2785 4048 γίνεται,
2836 3971 3012 4028 οὐκέτι
3057 3973 3307 4049 κατέχειν
3359 3971 3495 4044 ὅλην
3526 3975 3624 4042 τὴν
3655 3973 3815 4029 νόσον

2161 4063 2271 4125 οἶός
2301 4084 2360 4117 τε
2389 4065 2476 4134 ἦν,
2511 4059 2636 4116 οὐδὲ
2667 4060 2945 4123 παντελῶς
2971 4064 3060 4116 τὸν
3105 4069 3206 4132 τῆς
3257 4058 3499 4124 ἀσεϐείας
3543 4060 3705 4118 δόλον
3758 4063 3816 4118 ἐν

2159 4153 2332 4224 ἑαυτῷ
2385 4152 2536 4224 μόνῳ
2581 4149 2900 4229 φιλοσοφεῖν
2924 4170 2936 4184 ⁶
2975 4150 3098 4207 ἀλλ’
3130 4150 3310 4226 ὥσπερ
3350 4156 3456 4226 πῦρ
3491 4152 3817 4229 ἐμφωλεῦον

2161 4240 2286 4313 ὕλῃ.
2317 4242 2410 4296 κᾶν
2467 4243 2635 4314 μήπω
2687 4243 2824 4316 πρὸς
2857 4240 3034 4318 φλόγα
3086 4239 3340 4318 λαμπρὰν
3389 4241 3547 4317 ἀρθῇ,
3585 4249 3819 4312 σπινθῆ-

2161 4329 2246 4406 ρὲς
2293 4349 2435 4390 τινες
2484 4329 2800 4399 ἐξάπτοντες
2852 4333 2965 4403 (95)
3014 4331 3046 4399 ἦ
3096 4331 3299 4392 καπνὸς
3349 4328 3408 4385 ἐκ
3441 4331 3638 4406 βάθους
3679 4331 3817 4385 imo-

2158 4419 2539 4491 σημαίνουσινο
2597 4417 2642 4472 εἰ
2697 4417 2886 4492 βοῦλει
2934 4417 3012 4490 δὲ,
3062 4423 3168 4474 τῶν
3229 4424 3424 4494 πηγῶν
3451 4417 3507 4473 αἶ
3537 4422 3817 4496 σήραγγάς

2157 4529 2306 4570 τινας
2357 4506 2755 4582 ὑποτρέχουσαι
2815 4508 2948 4581 μετά
3007 4507 3338 4581 πνεύματος,
3406 4508 3499 4563 εἶτ’
3570 4510 3818 4584 εὐρυχω-

387 4605 547 4674 dam,
580 4607 685 4660 aut
734 4604 934 4658 fumus
965 4615 995 4655 e
1039 4599 1326 4668 profundo
1376 4598 1790 4666 subindicant;
1825 4607 1946 4668 aut,
1998 4602 2046 4656 si

2171 4598 2274 4652 >ίαν
2303 4598 2403 4654 οὐκ
2433 4597 2678 4674 ἔχουσαι,
2713 4595 2838 4652 οὐδὲ
2883 4594 3120 4670 διέξοδον
3178 4597 3482 4674 ἐλευθέραν,
3515 4596 3816 4672 πολλαχοῦ

387 4694 590 4765 mavis,
626 4691 1124 4767 quemadmodum
1178 4689 1365 4744 fontes
1396 4687 1503 4754 illi,
1536 4687 1632 4758 qui
1686 4704 1788 4760 per
1835 4707 2046 4761 specus

382 4787 476 4842 9|
513 4783 800 4856 quosdam
835 4797 968 4836 cum
994 4779 1134 4834 ﬂatu
1169 4778 1574 4841 volvuntur,ac
1606 4777 1813 4833 deinde
1845 4781 2046 4834 arctis-

381 4876 529 4932 sime
552 4871 899 4947 compressi,
919 4886 1023 4925 nec
1051 4869 1298 4923 liberum
1325 4869 1542 4922 exitum
1576 4866 1879 4934 habentes,
1900 4869 2045 4923 mul-

379 4960 454 5016 tis
485 4966 648 5016 terrae
680 4960 822 5017 locis
869 4972 1144 5028 vaporem
1192 4955 1249 5007 in
1304 4953 1553 5007 sublime
1604 4953 1864 5024 mittunt,
1901 4957 2042 5009 taei-

454 5084 497 5120 ¹⁹
529 5083 666 5141 Gen.
703 5100 798 5152 xv,
826 5083 913 5137 16.
993 5081 1038 5116 ³ο
1070 5080 1181 5136 Isa.
1216 5079 1257 5148 Ι,
1290 5080 1376 5133 13.
1455 5078 1497 5112 ²¹
1533 5077 1887 5149 Deul.xx1u,
1923 5079 2011 5135 l8.

450 5218 562 5289 (89)
593 5217 809 5289 Ῥεῦμα.
845 5213 1271 5289 Montae._legit
1303 5210 1547 5289 ῥεύματι.

719 5285 962 5368 τεκῌίμ.
999 5285 1246 5368 inprat;
1279 5289 1409 5340 Bas.
1442 5285 1649 5368 “C'rjv‘el'e.

374 5355 558 5483 t.693)
587 5355 698 5441 ’ζῶν
734 5356 1018 5414 πολλῶν.‹‹
1054 5359 1126 5414 Ut
1157 5357 1328 5430 vulgo
1360 5355 1760 5412 consuleretur
1788 5373 1853 5412 ac
1884 5356 2032 5412 mul-

405 5445 420 5480 ι
452 5447 485 5482 u
539 5448 636 5484 Im.
670 5454 696 5480 ››

444 5473 958 5590 (θῖξῖίίροσξὲρῃτε.
1012 5501 1150 5590 ξὶες.
1183 5518 1236 5568 a,
1287 5499 1344 5568 b,
1396 5495 1724 5573 προσφέρῃς,
1774 5498 2024 5556 Montac.

372 5571 711 5659 προσφέρεις.
743 5571 805 5624 In
839 5571 947 5625 Isa.
977 5571 1194 5646 φέρητε.
1441 5571 1447 5573 ⁷
1552 5571 1558 5572 ί
1610 5571 1613 5572 ν

585 5651 671 5713 -Ως
703 5639 884 5713 κυνός.
921 5641 1059 5713 Reg.
1093 5644 1137 5713 1,
1169 5647 1227 5701 et
1254 5642 1454 5700 Comb.
1488 5639 1562 5700 ὡς
1594 5635 1747 5713 κύνα.

440 5710 550 5792 (94)
582 5711 667 5776 Ὠς
701 5709 1176 5789 ἅνθρωπος-Ἴως.
1231 5716 1350 5785 bm,
1383 5715 1584 5770 Comb.
1619 5711 1834 5786 aliique
1877 5729 2022 5770 non.

2155 4693 2252 4757 τῆς
2295 4695 2400 4762 γῆς
2451 4688 2754 4765 ἀναφυσῶσι
2805 4685 2893 4741 καὶ
2938 4687 3217 4762 ὑπηχοῦσι
3263 4687 3524 4756 κάτωθεν,
3579 4687 3680 4742 ὑπὸ
3717 4689 3815 4760 μὲν

2153 4783 2253 4846 τῆς
2302 4781 2412 4852 (96)
2467 4781 2563 4831 τοῦ
2621 4777 2923 4849 πνεύματος
2979 4775 3376 4849 ἀνωθούμεναι,
3437 4776 3537 4830 ὑπὸ
3595 4773 3651 4830 δὲ
3706 4783 3811 4844 τῆς

2157 4865 2355 4922 ἄνωθεν
2421 4867 2540 4942 βίας
2597 4865 2957 4940 κατεχόμεναί
3029 4886 3087 4919 τε
3149 4865 3239 4919 καὶ
3320 4865 3751 4937 ἀνακοπτόμεναι
3793 4886 3805 4896 ο

2155 4956 2296 5011 οὕτω
2356 4956 2442 5011 οιαὶ
2518 4954 2676 5016 αὐτὸς
2749 4955 2812 5009 τὸ
2873 4954 2966 5028 μὲν
3036 4951 3180 5010 πολὺ
3231 4961 3333 5024 τῆς
3390 4950 3632 5016 ἀσεϐείας
3681 4975 3814 5008 κατ-

2090 5082 2135 5116 ²²
2166 5084 2185 5137 Ι
2219 5081 2370 5137 Pctr.
2405 5097 2491 5146 III,
2526 5081 2576 5135 4.

2147 5215 2293 5270 nulli
2325 5216 2550 5270 addunt
2580 5211 2810 5273 κα,ίδοι.
2853 5237 2879 5268 α
2909 5217 3016 5283 Qui
3053 5232 3164 5271 non
3199 5215 3279 5271 ita
3325 5215 3501 5283 videt,
3536 5219 3600 5270 ut
3630 5213 3810 5270 homo

2146 5288 2478 5360 perviderit.
2517 5310 2544 5336 ››

2215 5361 2326 5430 (95)
2361 5358 2830 5430 ’Egaimovrstta
2859 5360 3126 5431 quinque,
3141 5356 3299 5429 Regii
3335 5358 3551 5431 allique
3581 5356 3806 5429 plures.

2140 5428 2228 5486 Rev
2269 5473 2279 5484 .
2311 5428 2503 5486 'bmet
2534 5431 2690 5487 Colb.
2727 5433 2764 5486 k
2795 5428 3379 5498 habent'éﬁinro’wat.

2212 5448 2324 5572 ($6)
2353 5503 2476 5569 Τῆς.
2513 5507 2635 5558 ΝΟῐὶ
2669 5503 2968 5572 inelegans
3002 5502 3095 5556 hic
3127 5501 3376 5558 articulu

2309 5504 2324 5573 )
2353 5503 2476 5569 Τῆς.
2513 5507 2635 5558 ΝΟῐὶ
2669 5503 2968 5573 inelegans
3002 5496 3095 5556 hic
3127 5501 3414 5574 articulus
3445 5500 3546 5574 qui
3579 5499 3650 5555 ad
3683 5496 3806 5574 βίας

2138 5572 2336 5628 referri
2372 5580 2598 5647 potest;
2633 5574 2789 5628 hunc
2836 5572 3034 5630 tamen
3065 5574 3123 5629 in
3159 5573 3319 5630 nullo
3351 5572 3551 5631 codice
3583 5572 3803 5648 reperi-

2137 5661 2291 5704 IDUS.
