  <div class='ocr_page' id='page_1' title='image "/cluster/home/n/w/nwhite01/storage/ocr_20150623/35:no.1/coo.31924054869320/285.png"; bbox 0 0 4028 6430; ppageno 0'>
   <div class='ocr_carea' id='block_1_1' title="bbox 397 395 516 454">
    <p class='ocr_par' dir='ltr' id='par_1_1' title="bbox 397 395 516 454">
     <span class='ocr_line' id='line_1_1' title="bbox 397 395 516 454; baseline -0.017 0"><span class='ocrx_word' id='word_1_1' title='bbox 397 395 516 454; x_wconf 80' lang='lat'>559</span> 
     </span>
    </p>
   </div>
   <div class='ocr_carea' id='block_1_2' title="bbox 397 607 2058 681">
    <p class='ocr_par' dir='ltr' id='par_1_2' title="bbox 397 607 2058 681">
     <span class='ocr_line' id='line_1_2' title="bbox 397 607 2058 681; baseline -0.007 -10"><span class='ocrx_word' id='word_1_2' title='bbox 397 631 760 671; x_wconf 81' lang='lat' dir='ltr'>conservare.</span> <span class='ocrx_word' id='word_1_3' title='bbox 795 615 975 681; x_wconf 87' lang='lat' dir='ltr'>Atque</span> <span class='ocrx_word' id='word_1_4' title='bbox 1026 611 1439 665; x_wconf 87' lang='lat' dir='ltr'>contritionem</span> <span class='ocrx_word' id='word_1_5' title='bbox 1494 607 1729 678; x_wconf 85' lang='lat' dir='ltr'>quidem</span> <span class='ocrx_word' id='word_1_6' title='bbox 1784 608 2058 678; x_wconf 65' lang='lat' dir='ltr'>praecedit</span> 
     </span>
    </p>
   </div>
   <div class='ocr_carea' id='block_1_3' title="bbox 400 695 2052 769">
    <p class='ocr_par' dir='ltr' id='par_1_3' title="bbox 400 695 2052 769">
     <span class='ocr_line' id='line_1_3' title="bbox 400 695 2052 769; baseline -0.005 -10"><span class='ocrx_word' id='word_1_7' title='bbox 400 702 757 759; x_wconf 76' lang='lat' dir='ltr'>contumelia</span> <span class='ocrx_word' id='word_1_8' title='bbox 789 703 852 769; x_wconf 65' lang='grc'>³³,</span> <span class='ocrx_word' id='word_1_9' title='bbox 880 713 942 754; x_wconf 84' lang='grc' dir='ltr'>ιιι</span> <span class='ocrx_word' id='word_1_10' title='bbox 994 699 1263 769; x_wconf 73' lang='lat' dir='ltr'>prteclure</span> <span class='ocrx_word' id='word_1_11' title='bbox 1315 698 1561 752; x_wconf 89' lang='lat' dir='ltr'>habetur</span> <span class='ocrx_word' id='word_1_12' title='bbox 1608 696 1667 749; x_wconf 90' lang='lat' dir='ltr'>in</span> <span class='ocrx_word' id='word_1_13' title='bbox 1700 695 2052 766; x_wconf 82' lang='lat' dir='ltr'>Proverbiis,</span> 
     </span>
    </p>
   </div>
   <div class='ocr_carea' id='block_1_4' title="bbox 399 785 2054 865">
    <p class='ocr_par' dir='ltr' id='par_1_4' title="bbox 399 785 2054 865">
     <span class='ocr_line' id='line_1_4' title="bbox 399 785 2054 865; baseline -0.004 -18"><span class='ocrx_word' id='word_1_14' title='bbox 399 794 648 865; x_wconf 79' lang='lat' dir='ltr'>gloriam</span> <span class='ocrx_word' id='word_1_15' title='bbox 681 798 877 847; x_wconf 88' lang='lat' dir='ltr'>autem</span> <span class='ocrx_word' id='word_1_16' title='bbox 910 788 1213 844; x_wconf 76' lang='lat' dir='ltr'>humilitas</span> <span class='ocrx_word' id='word_1_17' title='bbox 1246 790 1290 820; x_wconf 56' lang='lat'>2&quot;</span> <span class='ocrx_word' id='word_1_18' title='bbox 1323 805 1334 841; x_wconf 93' lang='lat'><strong>:</strong></span> <span class='ocrx_word' id='word_1_19' title='bbox 1372 792 1491 854; x_wconf 88' lang='lat' dir='ltr'>aut,</span> <span class='ocrx_word' id='word_1_20' title='bbox 1524 791 1587 841; x_wconf 94' lang='lat' dir='ltr'>ut</span> <span class='ocrx_word' id='word_1_21' title='bbox 1618 785 1939 840; x_wconf 91' lang='lat' dir='ltr'>dilucidius</span> <span class='ocrx_word' id='word_1_22' title='bbox 1966 785 2054 840; x_wconf 83' lang='lat' dir='ltr'>lo-</span> 
     </span>
    </p>
   </div>
   <div class='ocr_carea' id='block_1_5' title="bbox 403 874 2057 953">
    <p class='ocr_par' dir='ltr' id='par_1_5' title="bbox 403 874 2057 953">
     <span class='ocr_line' id='line_1_5' title="bbox 403 874 2057 953; baseline -0.004 -17"><span class='ocrx_word' id='word_1_23' title='bbox 403 898 572 953; x_wconf 91' lang='lat' dir='ltr'>quar,</span> <span class='ocrx_word' id='word_1_24' title='bbox 623 878 1118 951; x_wconf 80' lang='lat' dir='ltr'>quemadmodum</span> <span class='ocrx_word' id='word_1_25' title='bbox 1170 877 1475 932; x_wconf 79' lang='lat' dir='ltr'>calamitas</span> <span class='ocrx_word' id='word_1_26' title='bbox 1526 874 1921 941; x_wconf 86' lang='lat' dir='ltr'>insolentiam,</span> <span class='ocrx_word' id='word_1_27' title='bbox 1976 876 2057 929; x_wconf 88' lang='lat' dir='ltr'>ita</span> 
     </span>
    </p>
   </div>
   <div class='ocr_carea' id='block_1_6' title="bbox 407 964 2056 1041">
    <p class='ocr_par' dir='ltr' id='par_1_6' title="bbox 407 964 2056 1041">
     <span class='ocr_line' id='line_1_6' title="bbox 407 964 2056 1041; baseline -0.005 -15"><span class='ocrx_word' id='word_1_28' title='bbox 407 970 681 1041; x_wconf 90' lang='lat' dir='ltr'>splendor</span> <span class='ocrx_word' id='word_1_29' title='bbox 709 974 765 1023; x_wconf 89' lang='lat' dir='ltr'>et</span> <span class='ocrx_word' id='word_1_30' title='bbox 795 968 979 1039; x_wconf 84' lang='lat' dir='ltr'>gloria</span> <span class='ocrx_word' id='word_1_31' title='bbox 1002 965 1396 1019; x_wconf 75' lang='lat' dir='ltr'>humilitatem</span> <span class='ocrx_word' id='word_1_32' title='bbox 1421 964 1757 1019; x_wconf 82' lang='lat' dir='ltr'>comitatur.</span> <span class='ocrx_word' id='word_1_33' title='bbox 1797 964 2056 1019; x_wconf 82' lang='lat' dir='ltr'>Dominus</span> 
     </span>
    </p>
   </div>
   <div class='ocr_carea' id='block_1_7' title="bbox 407 1052 2053 1129">
    <p class='ocr_par' dir='ltr' id='par_1_7' title="bbox 407 1052 2053 1129">
     <span class='ocr_line' id='line_1_7' title="bbox 407 1052 2053 1129; baseline -0.004 -15"><span class='ocrx_word' id='word_1_34' title='bbox 407 1060 557 1115; x_wconf 80' lang='lat' dir='ltr'>enim</span> <span class='ocrx_word' id='word_1_35' title='bbox 609 1059 856 1129; x_wconf 69' lang='lat' dir='ltr'>superbis</span> <span class='ocrx_word' id='word_1_36' title='bbox 910 1058 1132 1122; x_wconf 63' lang='lat' dir='ltr'>resistit,</span> <span class='ocrx_word' id='word_1_37' title='bbox 1194 1054 1497 1109; x_wconf 77' lang='lat' dir='ltr'>humilibus</span> <span class='ocrx_word' id='word_1_38' title='bbox 1544 1057 1726 1107; x_wconf 77' lang='lat' dir='ltr'>autem</span> <span class='ocrx_word' id='word_1_39' title='bbox 1784 1052 1876 1108; x_wconf 86' lang='lat' dir='ltr'>dat</span> <span class='ocrx_word' id='word_1_40' title='bbox 1924 1069 2053 1123; x_wconf 82' lang='lat' dir='ltr'>gra-</span> 
     </span>
    </p>
   </div>
   <div class='ocr_carea' id='block_1_8' title="bbox 411 1141 2052 1219">
    <p class='ocr_par' dir='ltr' id='par_1_8' title="bbox 411 1141 2052 1219">
     <span class='ocr_line' id='line_1_8' title="bbox 411 1141 2052 1219; baseline -0.005 -15"><span class='ocrx_word' id='word_1_41' title='bbox 411 1152 548 1204; x_wconf 79' lang='lat' dir='ltr'>tiam</span> <span class='ocrx_word' id='word_1_42' title='bbox 580 1149 825 1219; x_wconf 73' lang='lat' dir='ltr'>2&quot;,atque</span> <span class='ocrx_word' id='word_1_43' title='bbox 857 1144 1167 1200; x_wconf 84' lang='lat' dir='ltr'>contrariis</span> <span class='ocrx_word' id='word_1_44' title='bbox 1196 1143 1493 1198; x_wconf 89' lang='lat' dir='ltr'>contraria</span> <span class='ocrx_word' id='word_1_45' title='bbox 1515 1141 1775 1198; x_wconf 86' lang='lat' dir='ltr'>vicissim</span> <span class='ocrx_word' id='word_1_46' title='bbox 1810 1142 2052 1213; x_wconf 89' lang='lat' dir='ltr'>inducit,</span> 
     </span>
    </p>
   </div>
   <div class='ocr_carea' id='block_1_9' title="bbox 409 1232 2053 1309">
    <p class='ocr_par' dir='ltr' id='par_1_9' title="bbox 409 1232 2053 1309">
     <span class='ocr_line' id='line_1_9' title="bbox 409 1232 2053 1309; baseline -0.004 -16"><span class='ocrx_word' id='word_1_47' title='bbox 409 1240 508 1309; x_wconf 91' lang='lat' dir='ltr'>qui</span> <span class='ocrx_word' id='word_1_48' title='bbox 540 1237 917 1304; x_wconf 80' lang='lat' dir='ltr'>omniajuste</span> <span class='ocrx_word' id='word_1_49' title='bbox 950 1235 1287 1289; x_wconf 86' lang='lat' dir='ltr'>admetitur.</span> <span class='ocrx_word' id='word_1_50' title='bbox 1322 1232 1484 1297; x_wconf 86' lang='lat' dir='ltr'>Quod</span> <span class='ocrx_word' id='word_1_51' title='bbox 1517 1232 1640 1302; x_wconf 88' lang='lat' dir='ltr'>ipse</span> <span class='ocrx_word' id='word_1_52' title='bbox 1673 1248 1906 1303; x_wconf 89' lang='lat' dir='ltr'>quoque</span> <span class='ocrx_word' id='word_1_53' title='bbox 1938 1232 2053 1287; x_wconf 86' lang='lat' dir='ltr'>Da-</span> 
     </span>
    </p>
   </div>
   <div class='ocr_carea' id='block_1_10' title="bbox 405 1320 2057 1397">
    <p class='ocr_par' dir='ltr' id='par_1_10' title="bbox 405 1320 2057 1397">
     <span class='ocr_line' id='line_1_10' title="bbox 405 1320 2057 1397; baseline -0.004 -16"><span class='ocrx_word' id='word_1_54' title='bbox 405 1328 499 1381; x_wconf 86' lang='lat' dir='ltr'>vid</span> <span class='ocrx_word' id='word_1_55' title='bbox 534 1328 905 1397; x_wconf 84' lang='lat' dir='ltr'>perspectum</span> <span class='ocrx_word' id='word_1_56' title='bbox 925 1330 981 1377; x_wconf 88' lang='lat' dir='ltr'>et</span> <span class='ocrx_word' id='word_1_57' title='bbox 1002 1322 1365 1393; x_wconf 86' lang='lat' dir='ltr'>exploratum</span> <span class='ocrx_word' id='word_1_58' title='bbox 1386 1320 1759 1388; x_wconf 86' lang='lat' dir='ltr'>habens,boc</span> <span class='ocrx_word' id='word_1_59' title='bbox 1791 1322 1848 1375; x_wconf 89' lang='lat' dir='ltr'>in</span> <span class='ocrx_word' id='word_1_60' title='bbox 1882 1321 2057 1376; x_wconf 87' lang='lat' dir='ltr'>bono-</span> 
     </span>
    </p>
   </div>
   <div class='ocr_carea' id='block_1_11' title="bbox 404 1410 2057 1482">
    <p class='ocr_par' dir='ltr' id='par_1_11' title="bbox 404 1410 2057 1482">
     <span class='ocr_line' id='line_1_11' title="bbox 404 1410 2057 1482; baseline -0.002 -13"><span class='ocrx_word' id='word_1_61' title='bbox 404 1432 532 1471; x_wconf 87' lang='lat' dir='ltr'>rum</span> <span class='ocrx_word' id='word_1_62' title='bbox 567 1431 813 1470; x_wconf 90' lang='lat' dir='ltr'>numero</span> <span class='ocrx_word' id='word_1_63' title='bbox 867 1412 1133 1476; x_wconf 83' lang='lat' dir='ltr'>collocat,</span> <span class='ocrx_word' id='word_1_64' title='bbox 1186 1411 1339 1482; x_wconf 89' lang='lat' dir='ltr'>quod</span> <span class='ocrx_word' id='word_1_65' title='bbox 1392 1410 1587 1465; x_wconf 89' lang='lat' dir='ltr'>animo</span> <span class='ocrx_word' id='word_1_66' title='bbox 1639 1416 1975 1465; x_wconf 90' lang='lat' dir='ltr'>contractus</span> <span class='ocrx_word' id='word_1_67' title='bbox 2000 1415 2057 1465; x_wconf 88' lang='lat' dir='ltr'>et</span> 
     </span>
    </p>
   </div>
   <div class='ocr_carea' id='block_1_12' title="bbox 400 1499 2055 1576">
    <p class='ocr_par' dir='ltr' id='par_1_12' title="bbox 400 1499 2055 1576">
     <span class='ocr_line' id='line_1_12' title="bbox 400 1499 2055 1576; baseline -0.004 -15"><span class='ocrx_word' id='word_1_68' title='bbox 400 1508 717 1576; x_wconf 85' lang='lat' dir='ltr'>depressus</span> <span class='ocrx_word' id='word_1_69' title='bbox 750 1502 922 1557; x_wconf 86' lang='lat' dir='ltr'>fuerit</span> <span class='ocrx_word' id='word_1_70' title='bbox 958 1519 969 1555; x_wconf 94' lang='lat'>:</span> <span class='ocrx_word' id='word_1_71' title='bbox 1005 1502 1377 1572; x_wconf 85' lang='lat' dir='ltr'>gratiamque</span> <span class='ocrx_word' id='word_1_72' title='bbox 1410 1500 1586 1553; x_wconf 86' lang='lat' dir='ltr'>habet</span> <span class='ocrx_word' id='word_1_73' title='bbox 1637 1499 1710 1565; x_wconf 90' lang='lat' dir='ltr'>ei,</span> <span class='ocrx_word' id='word_1_74' title='bbox 1747 1515 1779 1553; x_wconf 89' lang='lat' dir='ltr'>a</span> <span class='ocrx_word' id='word_1_75' title='bbox 1812 1516 1924 1569; x_wconf 92' lang='lat' dir='ltr'>quo</span> <span class='ocrx_word' id='word_1_76' title='bbox 1955 1500 2055 1555; x_wconf 85' lang='lat' dir='ltr'>de-</span> 
     </span>
    </p>
   </div>
   <div class='ocr_carea' id='block_1_13' title="bbox 402 1588 2053 1661">
    <p class='ocr_par' dir='ltr' id='par_1_13' title="bbox 402 1588 2053 1661">
     <span class='ocr_line' id='line_1_13' title="bbox 402 1588 2053 1661; baseline -0.005 -11"><span class='ocrx_word' id='word_1_77' title='bbox 402 1612 639 1661; x_wconf 88' lang='lat' dir='ltr'>pressus</span> <span class='ocrx_word' id='word_1_78' title='bbox 652 1598 1051 1661; x_wconf 88' lang='lat' dir='ltr'>est,tanquam</span> <span class='ocrx_word' id='word_1_79' title='bbox 1071 1589 1207 1643; x_wconf 91' lang='lat' dir='ltr'>hinc</span> <span class='ocrx_word' id='word_1_80' title='bbox 1222 1588 1333 1642; x_wconf 90' lang='lat' dir='ltr'>divi</span> <span class='ocrx_word' id='word_1_81' title='bbox 1346 1588 1702 1657; x_wconf 85' lang='lat' dir='ltr'>uarumjusti</span> <span class='ocrx_word' id='word_1_82' title='bbox 1715 1588 2053 1642; x_wconf 76' lang='lat' dir='ltr'>ticationum</span> 
     </span>
    </p>
   </div>
   <div class='ocr_carea' id='block_1_14' title="bbox 403 1678 2051 1755">
    <p class='ocr_par' dir='ltr' id='par_1_14' title="bbox 403 1678 2051 1755">
     <span class='ocr_line' id='line_1_14' title="bbox 403 1678 2051 1755; baseline -0.004 -16"><span class='ocrx_word' id='word_1_83' title='bbox 403 1683 656 1755; x_wconf 81' lang='lat' dir='ltr'>cognitio</span> <span class='ocrx_word' id='word_1_84' title='bbox 687 1681 800 1753; x_wconf 88' lang='lat' dir='ltr'>ipsi</span> <span class='ocrx_word' id='word_1_85' title='bbox 833 1678 1162 1735; x_wconf 89' lang='lat' dir='ltr'>accesserit.</span> <span class='ocrx_word' id='word_1_86' title='bbox 1198 1678 2051 1748; x_wconf 73' lang='lat' dir='ltr'>Priusquam,inquit,humilia-</span> 
     </span>
    </p>
   </div>
   <div class='ocr_carea' id='block_1_15' title="bbox 404 1768 2055 1844">
    <p class='ocr_par' dir='ltr' id='par_1_15' title="bbox 404 1768 2055 1844">
     <span class='ocr_line' id='line_1_15' title="bbox 404 1768 2055 1844; baseline -0.003 -18"><span class='ocrx_word' id='word_1_87' title='bbox 404 1789 513 1839; x_wconf 72' lang='grc' dir='ltr'><em>νιν,</em></span> <span class='ocrx_word' id='word_1_88' title='bbox 563 1788 670 1844; x_wconf 74' lang='lat' dir='ltr'>ego</span> <span class='ocrx_word' id='word_1_89' title='bbox 720 1770 929 1840; x_wconf 80' lang='lat' dir='ltr'>deliqui</span> <span class='ocrx_word' id='word_1_90' title='bbox 962 1786 975 1823; x_wconf 86' lang='lat'>:</span> <span class='ocrx_word' id='word_1_91' title='bbox 1008 1772 1299 1839; x_wconf 80' lang='lat' dir='ltr'>propterea.</span> <span class='ocrx_word' id='word_1_92' title='bbox 1341 1768 1619 1838; x_wconf 82' lang='lat' dir='ltr'>eloquium</span> <span class='ocrx_word' id='word_1_93' title='bbox 1686 1776 1839 1821; x_wconf 78' lang='lat' dir='ltr'>tuum</span> <span class='ocrx_word' id='word_1_94' title='bbox 1885 1776 2055 1821; x_wconf 78' lang='lat' dir='ltr'>custo-</span> 
     </span>
    </p>
   </div>
   <div class='ocr_carea' id='block_1_16' title="bbox 406 1854 2054 1929">
    <p class='ocr_par' dir='ltr' id='par_1_16' title="bbox 406 1854 2054 1929">
     <span class='ocr_line' id='line_1_16' title="bbox 406 1854 2054 1929; baseline -0.004 -12"><span class='ocrx_word' id='word_1_95' title='bbox 406 1864 521 1917; x_wconf 81' lang='lat' dir='ltr'>divi</span> <span class='ocrx_word' id='word_1_96' title='bbox 550 1862 594 1897; x_wconf 79' lang='grc'>²⁶</span> <span class='ocrx_word' id='word_1_97' title='bbox 627 1878 640 1916; x_wconf 93' lang='lat'>:</span> <span class='ocrx_word' id='word_1_98' title='bbox 675 1858 1063 1929; x_wconf 84' lang='lat' dir='ltr'>dejectionem</span> <span class='ocrx_word' id='word_1_99' title='bbox 1096 1856 1316 1911; x_wconf 84' lang='lat' dir='ltr'>scilicet</span> <span class='ocrx_word' id='word_1_100' title='bbox 1366 1858 1518 1911; x_wconf 88' lang='lat' dir='ltr'>inter</span> <span class='ocrx_word' id='word_1_101' title='bbox 1569 1854 1849 1910; x_wconf 89' lang='lat' dir='ltr'>delictum</span> <span class='ocrx_word' id='word_1_102' title='bbox 1882 1861 1938 1910; x_wconf 88' lang='lat' dir='ltr'>et</span> <span class='ocrx_word' id='word_1_103' title='bbox 1969 1872 2054 1911; x_wconf 88' lang='lat' dir='ltr'>re-</span> 
     </span>
    </p>
   </div>
   <div class='ocr_carea' id='block_1_17' title="bbox 407 1943 2054 2022">
    <p class='ocr_par' dir='ltr' id='par_1_17' title="bbox 407 1943 2054 2022">
     <span class='ocr_line' id='line_1_17' title="bbox 407 1943 2054 2022; baseline -0.005 -15"><span class='ocrx_word' id='word_1_104' title='bbox 407 1950 808 2022; x_wconf 83' lang='lat' dir='ltr'>sipiscentiam</span> <span class='ocrx_word' id='word_1_105' title='bbox 832 1948 1442 2017; x_wconf 86' lang='lat' dir='ltr'>interponens,utpote</span> <span class='ocrx_word' id='word_1_106' title='bbox 1470 1943 1658 1998; x_wconf 90' lang='lat' dir='ltr'>abillo</span> <span class='ocrx_word' id='word_1_107' title='bbox 1692 1944 1925 2015; x_wconf 91' lang='lat' dir='ltr'>quidem</span> <span class='ocrx_word' id='word_1_108' title='bbox 1960 1962 2054 2013; x_wconf 73' lang='lat' dir='ltr'>ge-</span> 
     </span>
    </p>
   </div>
   <div class='ocr_carea' id='block_1_18' title="bbox 407 2034 2059 2107">
    <p class='ocr_par' dir='ltr' id='par_1_18' title="bbox 407 2034 2059 2107">
     <span class='ocr_line' id='line_1_18' title="bbox 407 2034 2059 2107; baseline -0.005 -11"><span class='ocrx_word' id='word_1_109' title='bbox 407 2041 615 2107; x_wconf 88' lang='lat' dir='ltr'>nitam,</span> <span class='ocrx_word' id='word_1_110' title='bbox 650 2039 799 2093; x_wconf 89' lang='lat' dir='ltr'>hanc</span> <span class='ocrx_word' id='word_1_111' title='bbox 831 2041 1027 2091; x_wconf 89' lang='lat' dir='ltr'>autem</span> <span class='ocrx_word' id='word_1_112' title='bbox 1060 2034 1736 2105; x_wconf 84' lang='lat' dir='ltr'>parientem.Peccatum</span> <span class='ocrx_word' id='word_1_113' title='bbox 1771 2034 1926 2087; x_wconf 88' lang='lat' dir='ltr'>enim</span> <span class='ocrx_word' id='word_1_114' title='bbox 1958 2034 2059 2089; x_wconf 88' lang='lat' dir='ltr'>de-</span> 
     </span>
    </p>
   </div>
   <div class='ocr_carea' id='block_1_19' title="bbox 399 2122 2055 2200">
    <p class='ocr_par' dir='ltr' id='par_1_19' title="bbox 399 2122 2055 2200">
     <span class='ocr_line' id='line_1_19' title="bbox 399 2122 2055 2200; baseline -0.005 -15"><span class='ocrx_word' id='word_1_115' title='bbox 399 2129 673 2200; x_wconf 88' lang='lat' dir='ltr'>jectionis</span> <span class='ocrx_word' id='word_1_116' title='bbox 706 2142 917 2199; x_wconf 88' lang='lat' dir='ltr'>parens</span> <span class='ocrx_word' id='word_1_117' title='bbox 948 2130 1068 2192; x_wconf 87' lang='lat' dir='ltr'>est;</span> <span class='ocrx_word' id='word_1_118' title='bbox 1104 2123 1350 2193; x_wconf 84' lang='lat' dir='ltr'>dejectio</span> <span class='ocrx_word' id='word_1_119' title='bbox 1384 2122 2055 2193; x_wconf 68' lang='lat' dir='ltr'>autem,resipiscentia.</span> 
     </span>
    </p>
   </div>
   <div class='ocr_carea' id='block_1_20' title="bbox 406 2210 2027 2290">
    <p class='ocr_par' dir='ltr' id='par_1_20' title="bbox 406 2210 2027 2290">
     <span class='ocr_line' id='line_1_20' title="bbox 406 2210 2027 2290; baseline -0.006 -16"><span class='ocrx_word' id='word_1_120' title='bbox 406 2219 524 2274; x_wconf 89' lang='lat' dir='ltr'>Nos</span> <span class='ocrx_word' id='word_1_121' title='bbox 554 2218 972 2290; x_wconf 88' lang='lat' dir='ltr'>quipppe,cum</span> <span class='ocrx_word' id='word_1_122' title='bbox 1006 2212 1170 2283; x_wconf 88' lang='lat' dir='ltr'>probi</span> <span class='ocrx_word' id='word_1_123' title='bbox 1203 2217 1259 2266; x_wconf 90' lang='lat' dir='ltr'>et</span> <span class='ocrx_word' id='word_1_124' title='bbox 1293 2210 1572 2266; x_wconf 85' lang='lat' dir='ltr'>moderati</span> <span class='ocrx_word' id='word_1_125' title='bbox 1596 2211 1951 2279; x_wconf 86' lang='lat' dir='ltr'>essemus,ln</span> <span class='ocrx_word' id='word_1_126' title='bbox 1972 2212 2027 2266; x_wconf 94' lang='lat' dir='ltr'>al</span> 
     </span>
    </p>
   </div>
   <div class='ocr_carea' id='block_1_21' title="bbox 404 2302 2057 2375">
    <p class='ocr_par' dir='ltr' id='par_1_21' title="bbox 404 2302 2057 2375">
     <span class='ocr_line' id='line_1_21' title="bbox 404 2302 2057 2375; baseline -0.005 -12"><span class='ocrx_word' id='word_1_127' title='bbox 404 2313 531 2363; x_wconf 85' lang='lat' dir='ltr'>tum</span> <span class='ocrx_word' id='word_1_128' title='bbox 572 2306 1001 2375; x_wconf 89' lang='lat' dir='ltr'>sublati,eoque</span> <span class='ocrx_word' id='word_1_129' title='bbox 1033 2302 1312 2374; x_wconf 90' lang='lat' dir='ltr'>paulatim</span> <span class='ocrx_word' id='word_1_130' title='bbox 1339 2303 1592 2372; x_wconf 91' lang='lat' dir='ltr'>provecti</span> <span class='ocrx_word' id='word_1_131' title='bbox 1623 2305 1686 2354; x_wconf 90' lang='lat' dir='ltr'>ut</span> <span class='ocrx_word' id='word_1_132' title='bbox 1708 2302 1767 2355; x_wconf 91' lang='lat' dir='ltr'>in</span> <span class='ocrx_word' id='word_1_133' title='bbox 1799 2302 1949 2355; x_wconf 88' lang='lat' dir='ltr'>hanc</span> <span class='ocrx_word' id='word_1_134' title='bbox 1974 2318 2057 2355; x_wconf 91' lang='lat' dir='ltr'>re-</span> 
     </span>
    </p>
   </div>
   <div class='ocr_carea' id='block_1_22' title="bbox 405 2389 2059 2467">
    <p class='ocr_par' dir='ltr' id='par_1_22' title="bbox 405 2389 2059 2467">
     <span class='ocr_line' id='line_1_22' title="bbox 405 2389 2059 2467; baseline -0.004 -16"><span class='ocrx_word' id='word_1_135' title='bbox 405 2414 533 2451; x_wconf 90' lang='lat' dir='ltr'>rum</span> <span class='ocrx_word' id='word_1_136' title='bbox 570 2396 824 2467; x_wconf 89' lang='lat' dir='ltr'>speciem</span> <span class='ocrx_word' id='word_1_137' title='bbox 858 2392 1286 2461; x_wconf 86' lang='lat' dir='ltr'>hominumque</span> <span class='ocrx_word' id='word_1_138' title='bbox 1344 2389 1786 2444; x_wconf 84' lang='lat' dir='ltr'>multitudinem</span> <span class='ocrx_word' id='word_1_139' title='bbox 1824 2392 1917 2445; x_wconf 85' lang='lat' dir='ltr'>Dei</span> <span class='ocrx_word' id='word_1_140' title='bbox 1952 2407 2059 2462; x_wconf 82' lang='lat' dir='ltr'>0pc</span> 
     </span>
    </p>
   </div>
   <div class='ocr_carea' id='block_1_23' title="bbox 404 2480 2062 2555">
    <p class='ocr_par' dir='ltr' id='par_1_23' title="bbox 404 2480 2062 2555">
     <span class='ocr_line' id='line_1_23' title="bbox 404 2480 2062 2555; baseline -0.004 -13"><span class='ocrx_word' id='word_1_141' title='bbox 404 2502 472 2542; x_wconf 84' lang='lat' dir='ltr'>ac</span> <span class='ocrx_word' id='word_1_142' title='bbox 503 2486 665 2540; x_wconf 85' lang='lat' dir='ltr'>favor</span> <span class='ocrx_word' id='word_1_143' title='bbox 692 2488 1184 2555; x_wconf 88' lang='lat' dir='ltr'>epervenerimus,</span> <span class='ocrx_word' id='word_1_144' title='bbox 1221 2487 1603 2551; x_wconf 86' lang='lat' dir='ltr'>posteaquam</span> <span class='ocrx_word' id='word_1_145' title='bbox 1626 2480 1933 2535; x_wconf 89' lang='lat' dir='ltr'>incrassati</span> <span class='ocrx_word' id='word_1_146' title='bbox 1969 2498 2062 2536; x_wconf 84' lang='lat' dir='ltr'>su-</span> 
     </span>
    </p>
   </div>
   <div class='ocr_carea' id='block_1_24' title="bbox 406 2569 2058 2641">
    <p class='ocr_par' dir='ltr' id='par_1_24' title="bbox 406 2569 2058 2641">
     <span class='ocr_line' id='line_1_24' title="bbox 406 2569 2058 2641; baseline -0.005 -10"><span class='ocrx_word' id='word_1_147' title='bbox 406 2592 566 2641; x_wconf 89' lang='lat' dir='ltr'>mus,</span> <span class='ocrx_word' id='word_1_148' title='bbox 600 2572 1099 2628; x_wconf 87' lang='lat' dir='ltr'>recalcitravimus</span> <span class='ocrx_word' id='word_1_149' title='bbox 1133 2586 1147 2625; x_wconf 89' lang='lat'><strong>:</strong></span> <span class='ocrx_word' id='word_1_150' title='bbox 1182 2574 1239 2623; x_wconf 90' lang='lat' dir='ltr'>et</span> <span class='ocrx_word' id='word_1_151' title='bbox 1272 2576 1651 2639; x_wconf 86' lang='lat' dir='ltr'>posteaquam</span> <span class='ocrx_word' id='word_1_152' title='bbox 1686 2569 1913 2623; x_wconf 82' lang='lat' dir='ltr'>dilatati</span> <span class='ocrx_word' id='word_1_153' title='bbox 1948 2570 2058 2624; x_wconf 80' lang='lat' dir='ltr'>fui-</span> 
     </span>
    </p>
   </div>
   <div class='ocr_carea' id='block_1_25' title="bbox 403 2659 1579 2721">
    <p class='ocr_par' dir='ltr' id='par_1_25' title="bbox 403 2659 1579 2721">
     <span class='ocr_line' id='line_1_25' title="bbox 403 2659 1579 2721; baseline -0.005 -2"><span class='ocrx_word' id='word_1_154' title='bbox 403 2682 534 2721; x_wconf 89' lang='lat' dir='ltr'>mus</span> <span class='ocrx_word' id='word_1_155' title='bbox 584 2665 648 2721; x_wconf 73' lang='lat'>&quot;.</span> <span class='ocrx_word' id='word_1_156' title='bbox 702 2662 762 2718; x_wconf 92' lang='lat' dir='ltr'>in</span> <span class='ocrx_word' id='word_1_157' title='bbox 812 2666 1041 2717; x_wconf 90' lang='lat' dir='ltr'>arctum</span> <span class='ocrx_word' id='word_1_158' title='bbox 1089 2659 1309 2714; x_wconf 88' lang='lat' dir='ltr'>redacti</span> <span class='ocrx_word' id='word_1_159' title='bbox 1370 2675 1579 2713; x_wconf 91' lang='lat' dir='ltr'>sumus</span> 
     </span>
    </p>
   </div>
   <div class='ocr_carea' id='block_1_26' title="bbox 1644 378 2567 446">
    <p class='ocr_par' dir='ltr' id='par_1_26' title="bbox 1644 378 2567 446">
     <span class='ocr_line' id='line_1_26' title="bbox 1644 378 2567 446; baseline 0.002 -2"><span class='ocrx_word' id='word_1_160' title='bbox 1644 386 1703 444; x_wconf 91' lang='lat' dir='ltr'>S.</span> <span class='ocrx_word' id='word_1_161' title='bbox 1757 378 2127 444; x_wconf 71' lang='lat' dir='ltr'>GREGURII</span> <span class='ocrx_word' id='word_1_162' title='bbox 2175 386 2277 443; x_wconf 85' lang='lat' dir='ltr'>TH</span> <span class='ocrx_word' id='word_1_163' title='bbox 2293 386 2567 446; x_wconf 75' lang='lat' dir='ltr'>EULOGI</span> 
     </span>
    </p>
   </div>
   <div class='ocr_carea' id='block_1_27' title="bbox 400 514 2048 593">
    <p class='ocr_par' dir='ltr' id='par_1_27' title="bbox 400 520 2048 593">
     <span class='ocr_line' id='line_1_27' title="bbox 400 520 2048 593; baseline -0.005 -15"><span class='ocrx_word' id='word_1_164' title='bbox 400 530 577 581; x_wconf 83' lang='lat' dir='ltr'>tatem</span> <span class='ocrx_word' id='word_1_165' title='bbox 611 523 805 579; x_wconf 89' lang='lat' dir='ltr'>studio</span> <span class='ocrx_word' id='word_1_166' title='bbox 837 532 893 576; x_wconf 88' lang='lat' dir='ltr'>et</span> <span class='ocrx_word' id='word_1_167' title='bbox 923 538 1063 575; x_wconf 87' lang='lat' dir='ltr'>cura</span> <span class='ocrx_word' id='word_1_168' title='bbox 1096 534 1459 593; x_wconf 84' lang='lat' dir='ltr'>recuperare,</span> <span class='ocrx_word' id='word_1_169' title='bbox 1494 534 1669 588; x_wconf 88' lang='lat' dir='ltr'>quam</span> <span class='ocrx_word' id='word_1_170' title='bbox 1704 520 2048 587; x_wconf 76' lang='lat' dir='ltr'>prcesentem</span> 
     </span>
    </p>
   </div>
   <div class='ocr_carea' id='block_1_28' title="bbox 2168 514 3675 593">
    <p class='ocr_par' dir='ltr' id='par_1_28' title="bbox 2168 514 3675 593">
     <span class='ocr_line' id='line_1_28' title="bbox 2168 514 3675 593; baseline 0.006 -25"><span class='ocrx_word' id='word_1_171' title='bbox 2168 514 2508 587; x_wconf 75' lang='grc' dir='ltr'>ἐπιμελείας,</span> <span class='ocrx_word' id='word_1_172' title='bbox 2662 520 2759 586; x_wconf 70' lang='grc' dir='ltr'>τὴν</span> <span class='ocrx_word' id='word_1_173' title='bbox 2840 518 3186 593; x_wconf 74' lang='grc' dir='ltr'>ὑπάρχουσαν</span> <span class='ocrx_word' id='word_1_174' title='bbox 3255 517 3622 586; x_wconf 72' lang='grc' dir='ltr'>διασώσασθαι</span> <span class='ocrx_word' id='word_1_175' title='bbox 3660 542 3675 556; x_wconf 84' lang='grc'><em>’</em></span> 
     </span>
    </p>
   </div>
   <div class='ocr_carea' id='block_1_29' title="bbox 3701 388 3844 457">
    <p class='ocr_par' dir='ltr' id='par_1_29' title="bbox 3701 388 3844 457">
     <span class='ocr_line' id='line_1_29' title="bbox 3701 388 3844 457; baseline -0.014 0"><span class='ocrx_word' id='word_1_176' title='bbox 3701 388 3844 457; x_wconf 74' lang='grc'>860</span> 
     </span>
    </p>
   </div>
   <div class='ocr_carea' id='block_1_30' title="bbox 3736 545 3839 579">
    <p class='ocr_par' dir='ltr' id='par_1_30' title="bbox 3736 545 3839 579">
     <span class='ocr_line' id='line_1_30' title="bbox 3736 545 3839 579; baseline -0.019 0"><span class='ocrx_word' id='word_1_177' title='bbox 3736 545 3839 579; x_wconf 71' lang='grc' dir='ltr'>ιιαι</span> 
     </span>
    </p>
   </div>
   <div class='ocr_carea' id='block_1_31' title="bbox 2165 602 3841 685">
    <p class='ocr_par' dir='ltr' id='par_1_31' title="bbox 2165 602 3841 685">
     <span class='ocr_line' id='line_1_31' title="bbox 2165 602 3841 685; baseline 0.007 -28"><span class='ocrx_word' id='word_1_178' title='bbox 2165 604 2269 677; x_wconf 78' lang='grc' dir='ltr'>πρὸ</span> <span class='ocrx_word' id='word_1_179' title='bbox 2304 605 2398 677; x_wconf 75' lang='grc' dir='ltr'>μὶν</span> <span class='ocrx_word' id='word_1_180' title='bbox 2429 602 2719 682; x_wconf 78' lang='grc' dir='ltr'>συντριϐἦς</span> <span class='ocrx_word' id='word_1_181' title='bbox 2761 609 2979 681; x_wconf 70' lang='grc' dir='ltr'>ἡγεῖται</span> <span class='ocrx_word' id='word_1_182' title='bbox 3038 607 3191 684; x_wconf 75' lang='grc' dir='ltr'>ὕορις</span> <span class='ocrx_word' id='word_1_183' title='bbox 3250 612 3386 683; x_wconf 92' lang='grc'>(11),</span> <span class='ocrx_word' id='word_1_184' title='bbox 3438 612 3491 665; x_wconf 75' lang='grc' dir='ltr'>αἱ</span> <span class='ocrx_word' id='word_1_185' title='bbox 3550 614 3841 685; x_wconf 75' lang='grc' dir='ltr'>Παροιμῖα</span> 
     </span>
    </p>
   </div>
   <div class='ocr_carea' id='block_1_32' title="bbox 2164 690 3837 772">
    <p class='ocr_par' dir='ltr' id='par_1_32' title="bbox 2164 690 3837 772">
     <span class='ocr_line' id='line_1_32' title="bbox 2164 690 3837 772; baseline 0.006 -26"><span class='ocrx_word' id='word_1_186' title='bbox 2164 690 2346 754; x_wconf 80' lang='grc' dir='ltr'>καλῶς</span> <span class='ocrx_word' id='word_1_187' title='bbox 2408 716 2555 772; x_wconf 75' lang='grc' dir='ltr'>φασι,</span> <span class='ocrx_word' id='word_1_188' title='bbox 2615 697 2719 770; x_wconf 82' lang='grc' dir='ltr'>πρὸ</span> <span class='ocrx_word' id='word_1_189' title='bbox 2780 694 2837 750; x_wconf 74' lang='grc' dir='ltr'>δὲ</span> <span class='ocrx_word' id='word_1_190' title='bbox 2897 695 3055 770; x_wconf 77' lang='grc' dir='ltr'>δόξης</span> <span class='ocrx_word' id='word_1_191' title='bbox 3108 698 3451 762; x_wconf 81' lang='grc' dir='ltr'>ταπείνωσις·</span> <span class='ocrx_word' id='word_1_192' title='bbox 3496 702 3555 771; x_wconf 72' lang='grc' dir='ltr'>ἢ,</span> <span class='ocrx_word' id='word_1_193' title='bbox 3608 700 3701 756; x_wconf 68' lang='grc' dir='ltr'>’ἶνα</span> <span class='ocrx_word' id='word_1_194' title='bbox 3734 724 3837 757; x_wconf 85' lang='grc' dir='ltr'>σα-</span> 
     </span>
    </p>
   </div>
   <div class='ocr_carea' id='block_1_33' title="bbox 2166 780 3837 866">
    <p class='ocr_par' dir='ltr' id='par_1_33' title="bbox 2166 780 3837 866">
     <span class='ocr_line' id='line_1_33' title="bbox 2166 780 3837 866; baseline 0.005 -29"><span class='ocrx_word' id='word_1_195' title='bbox 2166 782 2418 860; x_wconf 72' lang='grc' dir='ltr'>φεστερον</span> <span class='ocrx_word' id='word_1_196' title='bbox 2466 783 2602 838; x_wconf 69' lang='grc' dir='ltr'>ε’ίπω</span> <span class='ocrx_word' id='word_1_197' title='bbox 2653 780 2803 861; x_wconf 63' lang='grc' dir='ltr'>ὕϐρει</span> <span class='ocrx_word' id='word_1_198' title='bbox 2854 787 2946 859; x_wconf 67' lang='grc' dir='ltr'>μὲν</span> <span class='ocrx_word' id='word_1_199' title='bbox 3000 784 3185 843; x_wconf 66' lang='grc' dir='ltr'>ἕπεται</span> <span class='ocrx_word' id='word_1_200' title='bbox 3243 785 3523 866; x_wconf 74' lang='grc' dir='ltr'>συντριῦἡ,</span> <span class='ocrx_word' id='word_1_201' title='bbox 3554 794 3837 846; x_wconf 76' lang='grc' dir='ltr'>ταπεινώο</span> 
     </span>
    </p>
   </div>
   <div class='ocr_carea' id='block_1_34' title="bbox 2166 870 3837 957">
    <p class='ocr_par' dir='ltr' id='par_1_34' title="bbox 2166 870 3837 957">
     <span class='ocr_line' id='line_1_34' title="bbox 2166 870 3837 957; baseline 0.008 -32"><span class='ocrx_word' id='word_1_202' title='bbox 2166 892 2243 925; x_wconf 84' lang='grc' dir='ltr'>σει</span> <span class='ocrx_word' id='word_1_203' title='bbox 2304 870 2361 926; x_wconf 65' lang='grc' dir='ltr'>δὲ</span> <span class='ocrx_word' id='word_1_204' title='bbox 2418 871 2663 943; x_wconf 59' lang='grc' dir='ltr'>εὐδοξίαν</span> <span class='ocrx_word' id='word_1_205' title='bbox 2727 874 2921 950; x_wconf 79' lang='grc' dir='ltr'>Κύριος</span> <span class='ocrx_word' id='word_1_206' title='bbox 2970 876 3073 951; x_wconf 79' lang='grc' dir='ltr'>γὰρ</span> <span class='ocrx_word' id='word_1_207' title='bbox 3138 878 3503 957; x_wconf 72' lang='grc' dir='ltr'>ὑπερηφάνοις</span> <span class='ocrx_word' id='word_1_208' title='bbox 3578 882 3837 937; x_wconf 73' lang='grc' dir='ltr'>ἀντιτάσ-</span> 
     </span>
    </p>
   </div>
   <div class='ocr_carea' id='block_1_35' title="bbox 2166 961 3835 1047">
    <p class='ocr_par' dir='ltr' id='par_1_35' title="bbox 2166 961 3835 1047">
     <span class='ocr_line' id='line_1_35' title="bbox 2166 961 3835 1047; baseline 0.008 -33"><span class='ocrx_word' id='word_1_209' title='bbox 2166 982 2333 1031; x_wconf 81' lang='grc' dir='ltr'>σεται,</span> <span class='ocrx_word' id='word_1_210' title='bbox 2408 968 2683 1025; x_wconf 74' lang='grc' dir='ltr'>ταπεινοῖς</span> <span class='ocrx_word' id='word_1_211' title='bbox 2758 961 2815 1017; x_wconf 71' lang='grc' dir='ltr'>δὲ</span> <span class='ocrx_word' id='word_1_212' title='bbox 2874 962 3062 1020; x_wconf 82' lang='grc' dir='ltr'>δίδωσι</span> <span class='ocrx_word' id='word_1_213' title='bbox 3131 968 3315 1043; x_wconf 81' lang='grc' dir='ltr'>χάριν,</span> <span class='ocrx_word' id='word_1_214' title='bbox 3378 968 3469 1023; x_wconf 81' lang='grc' dir='ltr'>καὶ</span> <span class='ocrx_word' id='word_1_215' title='bbox 3525 970 3835 1047; x_wconf 69' lang='grc' dir='ltr'>ἀντεισάγεο</span> 
     </span>
    </p>
   </div>
   <div class='ocr_carea' id='block_1_36' title="bbox 2162 1048 3837 1133">
    <p class='ocr_par' dir='ltr' id='par_1_36' title="bbox 2162 1048 3837 1133">
     <span class='ocr_line' id='line_1_36' title="bbox 2162 1048 3837 1133; baseline 0.007 -30"><span class='ocrx_word' id='word_1_216' title='bbox 2162 1050 2229 1103; x_wconf 77' lang='grc' dir='ltr'>τὰ</span> <span class='ocrx_word' id='word_1_217' title='bbox 2285 1048 2493 1111; x_wconf 75' lang='grc' dir='ltr'>ἐναντία</span> <span class='ocrx_word' id='word_1_218' title='bbox 2542 1058 2659 1114; x_wconf 87' lang='grc' dir='ltr'>τοῖς</span> <span class='ocrx_word' id='word_1_219' title='bbox 2724 1052 2983 1117; x_wconf 76' lang='grc' dir='ltr'>ἐναντίοις</span> <span class='ocrx_word' id='word_1_220' title='bbox 3036 1056 3063 1110; x_wconf 98' lang='lat'>6</span> <span class='ocrx_word' id='word_1_221' title='bbox 3122 1058 3296 1112; x_wconf 85' lang='grc' dir='ltr'>πάντα</span> <span class='ocrx_word' id='word_1_222' title='bbox 3354 1055 3581 1121; x_wconf 83' lang='grc' dir='ltr'>δικαίως</span> <span class='ocrx_word' id='word_1_223' title='bbox 3637 1058 3837 1133; x_wconf 75' lang='grc' dir='ltr'>ἐπιμε-</span> 
     </span>
    </p>
   </div>
   <div class='ocr_carea' id='block_1_37' title="bbox 2163 1140 3833 1220">
    <p class='ocr_par' dir='ltr' id='par_1_37' title="bbox 2163 1140 3833 1220">
     <span class='ocr_line' id='line_1_37' title="bbox 2163 1140 3833 1220; baseline 0.008 -28"><span class='ocrx_word' id='word_1_224' title='bbox 2163 1144 2304 1215; x_wconf 81' lang='grc' dir='ltr'>τρῶν</span> <span class='ocrx_word' id='word_1_225' title='bbox 2331 1142 2463 1214; x_wconf 84' lang='grc'>(12).</span> <span class='ocrx_word' id='word_1_226' title='bbox 2512 1146 2686 1197; x_wconf 85' lang='grc' dir='ltr'>Ταῦτα</span> <span class='ocrx_word' id='word_1_227' title='bbox 2717 1140 2875 1206; x_wconf 73' lang='grc' dir='ltr'>εἰδὼς</span> <span class='ocrx_word' id='word_1_228' title='bbox 2908 1144 2996 1199; x_wconf 88' lang='grc' dir='ltr'>καὶ</span> <span class='ocrx_word' id='word_1_229' title='bbox 3029 1145 3057 1199; x_wconf 90' lang='lat'>6</span> <span class='ocrx_word' id='word_1_230' title='bbox 3108 1147 3254 1209; x_wconf 86' lang='grc' dir='ltr'>θεῖος</span> <span class='ocrx_word' id='word_1_231' title='bbox 3301 1142 3490 1220; x_wconf 78' lang='grc' dir='ltr'>Δαόὶδ,</span> <span class='ocrx_word' id='word_1_232' title='bbox 3521 1146 3576 1203; x_wconf 68' lang='grc' dir='ltr'>ἓν</span> <span class='ocrx_word' id='word_1_233' title='bbox 3614 1170 3666 1204; x_wconf 88' lang='grc' dir='ltr'>τι</span> <span class='ocrx_word' id='word_1_234' title='bbox 3718 1154 3833 1205; x_wconf 81' lang='grc' dir='ltr'>τῶν</span> 
     </span>
    </p>
   </div>
   <div class='ocr_carea' id='block_1_38' title="bbox 2166 1229 3833 1314">
    <p class='ocr_par' dir='ltr' id='par_1_38' title="bbox 2166 1229 3833 1314">
     <span class='ocr_line' id='line_1_38' title="bbox 2166 1229 3833 1314; baseline 0.007 -32"><span class='ocrx_word' id='word_1_235' title='bbox 2166 1229 2377 1304; x_wconf 80' lang='grc' dir='ltr'>ἀγαθῶν</span> <span class='ocrx_word' id='word_1_236' title='bbox 2428 1231 2517 1284; x_wconf 77' lang='grc' dir='ltr'>καὶ</span> <span class='ocrx_word' id='word_1_237' title='bbox 2565 1232 2627 1285; x_wconf 84' lang='grc' dir='ltr'>τὸ</span> <span class='ocrx_word' id='word_1_238' title='bbox 2678 1232 3025 1297; x_wconf 76' lang='grc' dir='ltr'>συνεστάλθαι</span> <span class='ocrx_word' id='word_1_239' title='bbox 3077 1234 3299 1290; x_wconf 83' lang='grc' dir='ltr'>τίθεται·</span> <span class='ocrx_word' id='word_1_240' title='bbox 3351 1236 3443 1291; x_wconf 83' lang='grc' dir='ltr'>καὶ</span> <span class='ocrx_word' id='word_1_241' title='bbox 3492 1239 3653 1314; x_wconf 77' lang='grc' dir='ltr'>χάριν</span> <span class='ocrx_word' id='word_1_242' title='bbox 3692 1239 3833 1311; x_wconf 84' lang='grc' dir='ltr'>ὁμο-</span> 
     </span>
    </p>
   </div>
   <div class='ocr_carea' id='block_1_39' title="bbox 2165 1316 3832 1400">
    <p class='ocr_par' dir='ltr' id='par_1_39' title="bbox 2165 1316 3832 1400">
     <span class='ocr_line' id='line_1_39' title="bbox 2165 1316 3832 1400; baseline 0.007 -29"><span class='ocrx_word' id='word_1_243' title='bbox 2165 1316 2321 1393; x_wconf 72' lang='grc' dir='ltr'>λογεῖ</span> <span class='ocrx_word' id='word_1_244' title='bbox 2368 1324 2444 1390; x_wconf 79' lang='grc' dir='ltr'>τῷ</span> <span class='ocrx_word' id='word_1_245' title='bbox 2494 1318 2850 1393; x_wconf 76' lang='grc' dir='ltr'>συστείλαντι,</span> <span class='ocrx_word' id='word_1_246' title='bbox 2901 1322 2975 1385; x_wconf 82' lang='grc' dir='ltr'>ὡς</span> <span class='ocrx_word' id='word_1_247' title='bbox 3034 1328 3133 1378; x_wconf 89' lang='grc' dir='ltr'>τοῦ</span> <span class='ocrx_word' id='word_1_248' title='bbox 3161 1326 3229 1379; x_wconf 74' lang='grc' dir='ltr'>τὰ</span> <span class='ocrx_word' id='word_1_249' title='bbox 3259 1321 3604 1399; x_wconf 82' lang='grc' dir='ltr'>δικαιώματα</span> <span class='ocrx_word' id='word_1_250' title='bbox 3638 1330 3832 1400; x_wconf 81' lang='grc' dir='ltr'>μαθεῖν</span> 
     </span>
    </p>
   </div>
   <div class='ocr_carea' id='block_1_40' title="bbox 2166 1406 3835 1489">
    <p class='ocr_par' dir='ltr' id='par_1_40' title="bbox 2166 1406 3835 1489">
     <span class='ocr_line' id='line_1_40' title="bbox 2166 1406 3835 1489; baseline 0.008 -29"><span class='ocrx_word' id='word_1_251' title='bbox 2166 1406 2399 1463; x_wconf 80' lang='grc' dir='ltr'>ἐντεῦθεν</span> <span class='ocrx_word' id='word_1_252' title='bbox 2447 1412 2919 1484; x_wconf 76' lang='grc' dir='ltr'>προσγινομὲνου·</span> <span class='ocrx_word' id='word_1_253' title='bbox 2973 1412 3086 1485; x_wconf 83' lang='grc' dir='ltr'>καὶ,</span> <span class='ocrx_word' id='word_1_254' title='bbox 3146 1414 3261 1489; x_wconf 87' lang='grc' dir='ltr'>Πρὸ</span> <span class='ocrx_word' id='word_1_255' title='bbox 3308 1418 3407 1469; x_wconf 88' lang='grc' dir='ltr'>τοῦ</span> <span class='ocrx_word' id='word_1_256' title='bbox 3463 1436 3528 1489; x_wconf 85' lang='grc' dir='ltr'>με</span> <span class='ocrx_word' id='word_1_257' title='bbox 3558 1436 3835 1473; x_wconf 83' lang='grc' dir='ltr'>ταπεινω-</span> 
     </span>
    </p>
   </div>
   <div class='ocr_carea' id='block_1_41' title="bbox 2164 1498 3835 1576">
    <p class='ocr_par' dir='ltr' id='par_1_41' title="bbox 2164 1498 3835 1576">
     <span class='ocr_line' id='line_1_41' title="bbox 2164 1498 3835 1576; baseline 0.008 -27"><span class='ocrx_word' id='word_1_258' title='bbox 2164 1498 2342 1568; x_wconf 78' lang='grc' dir='ltr'>θῆναι,</span> <span class='ocrx_word' id='word_1_259' title='bbox 2420 1499 2606 1576; x_wconf 72' lang='grc' dir='ltr'>φησὶν,</span> <span class='ocrx_word' id='word_1_260' title='bbox 2675 1498 2785 1575; x_wconf 71' lang='grc' dir='ltr'>ἆγὼ</span> <span class='ocrx_word' id='word_1_261' title='bbox 2863 1500 3314 1576; x_wconf 70' lang='grc' dir='ltr'>ἰπλημμέλησα·</span> <span class='ocrx_word' id='word_1_262' title='bbox 3388 1502 3479 1559; x_wconf 80' lang='grc' dir='ltr'>διὰ</span> <span class='ocrx_word' id='word_1_263' title='bbox 3547 1510 3710 1561; x_wconf 81' lang='grc' dir='ltr'>τοῦτο</span> <span class='ocrx_word' id='word_1_264' title='bbox 3766 1510 3835 1563; x_wconf 77' lang='grc' dir='ltr'>τὸ</span> 
     </span>
    </p>
   </div>
   <div class='ocr_carea' id='block_1_42' title="bbox 2165 1584 3831 1671">
    <p class='ocr_par' dir='ltr' id='par_1_42' title="bbox 2165 1584 3831 1671">
     <span class='ocr_line' id='line_1_42' title="bbox 2165 1584 3831 1671; baseline 0.008 -32"><span class='ocrx_word' id='word_1_265' title='bbox 2165 1584 2355 1660; x_wconf 84' lang='grc' dir='ltr'>λόγιόν</span> <span class='ocrx_word' id='word_1_266' title='bbox 2412 1608 2506 1641; x_wconf 85' lang='grc' dir='ltr'>σου</span> <span class='ocrx_word' id='word_1_267' title='bbox 2567 1587 2843 1665; x_wconf 67' lang='grc' dir='ltr'>ὶιρύλαξαι</span> <span class='ocrx_word' id='word_1_268' title='bbox 2923 1590 3090 1663; x_wconf 68' lang='grc' dir='ltr'>μέσην</span> <span class='ocrx_word' id='word_1_269' title='bbox 3147 1591 3541 1665; x_wconf 75' lang='grc' dir='ltr'>πλημμελείας</span> <span class='ocrx_word' id='word_1_270' title='bbox 3599 1616 3655 1650; x_wconf 87' lang='grc' dir='ltr'>τε</span> <span class='ocrx_word' id='word_1_271' title='bbox 3714 1599 3831 1671; x_wconf 84' lang='grc'>(13)</span> 
     </span>
    </p>
   </div>
   <div class='ocr_carea' id='block_1_43' title="bbox 2163 1674 3834 1758">
    <p class='ocr_par' dir='ltr' id='par_1_43' title="bbox 2163 1674 3834 1758">
     <span class='ocr_line' id='line_1_43' title="bbox 2163 1674 3834 1758; baseline 0.007 -29"><span class='ocrx_word' id='word_1_272' title='bbox 2163 1676 2251 1729; x_wconf 81' lang='grc' dir='ltr'>καὶ</span> <span class='ocrx_word' id='word_1_273' title='bbox 2312 1674 2652 1751; x_wconf 78' lang='grc' dir='ltr'>διορθώσεως</span> <span class='ocrx_word' id='word_1_274' title='bbox 2709 1680 2873 1741; x_wconf 79' lang='grc' dir='ltr'>τιθεὶς</span> <span class='ocrx_word' id='word_1_275' title='bbox 2933 1682 3032 1749; x_wconf 73' lang='grc' dir='ltr'>τὴν</span> <span class='ocrx_word' id='word_1_276' title='bbox 3090 1682 3441 1753; x_wconf 84' lang='grc' dir='ltr'>ταπείνωσιν,</span> <span class='ocrx_word' id='word_1_277' title='bbox 3495 1684 3568 1746; x_wconf 84' lang='grc' dir='ltr'>ὡς</span> <span class='ocrx_word' id='word_1_278' title='bbox 3615 1683 3673 1738; x_wconf 82' lang='grc' dir='ltr'>ἐκ</span> <span class='ocrx_word' id='word_1_279' title='bbox 3736 1687 3834 1758; x_wconf 73' lang='grc' dir='ltr'>μὲν</span> 
     </span>
    </p>
   </div>
   <div class='ocr_carea' id='block_1_44' title="bbox 2162 1765 3834 1851">
    <p class='ocr_par' dir='ltr' id='par_1_44' title="bbox 2162 1765 3834 1851">
     <span class='ocr_line' id='line_1_44' title="bbox 2162 1765 3834 1851; baseline 0.006 -32"><span class='ocrx_word' id='word_1_280' title='bbox 2162 1765 2364 1835; x_wconf 75' lang='grc' dir='ltr'>ταύτης</span> <span class='ocrx_word' id='word_1_281' title='bbox 2412 1768 2757 1841; x_wconf 75' lang='grc' dir='ltr'>γεννωμένην</span> <span class='ocrx_word' id='word_1_282' title='bbox 2808 1772 2824 1842; x_wconf 94' lang='grc'>(</span> <span class='ocrx_word' id='word_1_283' title='bbox 2867 1772 2943 1843; x_wconf 86' lang='grc'>4),</span> <span class='ocrx_word' id='word_1_284' title='bbox 3001 1772 3100 1840; x_wconf 77' lang='grc' dir='ltr'>τήν</span> <span class='ocrx_word' id='word_1_285' title='bbox 3151 1768 3208 1825; x_wconf 72' lang='grc' dir='ltr'>δὲ</span> <span class='ocrx_word' id='word_1_286' title='bbox 3264 1775 3606 1847; x_wconf 70' lang='grc' dir='ltr'>γεννήσασαν·</span> <span class='ocrx_word' id='word_1_287' title='bbox 3658 1774 3834 1851; x_wconf 76' lang='grc' dir='ltr'>ἀμαρ-</span> 
     </span>
    </p>
   </div>
   <div class='ocr_carea' id='block_1_45' title="bbox 2160 1854 3832 1939">
    <p class='ocr_par' dir='ltr' id='par_1_45' title="bbox 2160 1854 3832 1939">
     <span class='ocr_line' id='line_1_45' title="bbox 2160 1854 3832 1939; baseline 0.006 -30"><span class='ocrx_word' id='word_1_288' title='bbox 2160 1854 2250 1909; x_wconf 88' lang='grc' dir='ltr'>τία</span> <span class='ocrx_word' id='word_1_289' title='bbox 2287 1856 2378 1927; x_wconf 70' lang='grc' dir='ltr'>μὲν</span> <span class='ocrx_word' id='word_1_290' title='bbox 2429 1856 2529 1931; x_wconf 71' lang='grc' dir='ltr'>γὰρ</span> <span class='ocrx_word' id='word_1_291' title='bbox 2577 1859 2959 1921; x_wconf 82' lang='grc' dir='ltr'>ταπεινώσεως</span> <span class='ocrx_word' id='word_1_292' title='bbox 3011 1862 3216 1935; x_wconf 68' lang='grc' dir='ltr'>μήτηρ,</span> <span class='ocrx_word' id='word_1_293' title='bbox 3250 1860 3609 1939; x_wconf 71' lang='grc' dir='ltr'>ἐπιστροφῆς,</span> <span class='ocrx_word' id='word_1_294' title='bbox 3644 1861 3702 1917; x_wconf 76' lang='grc' dir='ltr'>δὲ</span> <span class='ocrx_word' id='word_1_295' title='bbox 3732 1886 3832 1919; x_wconf 85' lang='grc' dir='ltr'>τα-</span> 
     </span>
    </p>
   </div>
   <div class='ocr_carea' id='block_1_46' title="bbox 2164 1943 3831 2025">
    <p class='ocr_par' dir='ltr' id='par_1_46' title="bbox 2164 1943 3831 2025">
     <span class='ocr_line' id='line_1_46' title="bbox 2164 1943 3831 2025; baseline 0.007 -28"><span class='ocrx_word' id='word_1_296' title='bbox 2164 1943 2440 2005; x_wconf 83' lang='grc' dir='ltr'>πείνωσις.</span> <span class='ocrx_word' id='word_1_297' title='bbox 2501 1946 2691 2017; x_wconf 84' lang='grc' dir='ltr'>Ἡμεῖς</span> <span class='ocrx_word' id='word_1_298' title='bbox 2748 1952 2895 2021; x_wconf 72' lang='grc' dir='ltr'>γοῦν,</span> <span class='ocrx_word' id='word_1_299' title='bbox 2959 1948 3283 2022; x_wconf 79' lang='grc' dir='ltr'>ὑψωθέντες,</span> <span class='ocrx_word' id='word_1_300' title='bbox 3342 1950 3432 2006; x_wconf 74' lang='grc' dir='ltr'>ὅτε</span> <span class='ocrx_word' id='word_1_301' title='bbox 3476 1954 3613 2025; x_wconf 73' lang='grc' dir='ltr'>ἦμεν</span> <span class='ocrx_word' id='word_1_302' title='bbox 3656 1952 3831 2009; x_wconf 76' lang='grc' dir='ltr'>ἐπιει-</span> 
     </span>
    </p>
   </div>
   <div class='ocr_carea' id='block_1_47' title="bbox 2165 2033 3827 2114">
    <p class='ocr_par' dir='ltr' id='par_1_47' title="bbox 2165 2033 3827 2114">
     <span class='ocr_line' id='line_1_47' title="bbox 2165 2033 3827 2114; baseline 0.008 -28"><span class='ocrx_word' id='word_1_303' title='bbox 2165 2038 2276 2095; x_wconf 90' lang='grc' dir='ltr'>κεῖς</span> <span class='ocrx_word' id='word_1_304' title='bbox 2335 2053 2393 2087; x_wconf 89' lang='grc' dir='ltr'>τε</span> <span class='ocrx_word' id='word_1_305' title='bbox 2448 2033 2537 2087; x_wconf 86' lang='grc' dir='ltr'>καὶ</span> <span class='ocrx_word' id='word_1_306' title='bbox 2600 2036 2835 2111; x_wconf 76' lang='grc' dir='ltr'>μέτριοι,</span> <span class='ocrx_word' id='word_1_307' title='bbox 2887 2038 2975 2092; x_wconf 82' lang='grc' dir='ltr'>καὶ</span> <span class='ocrx_word' id='word_1_308' title='bbox 3025 2039 3161 2094; x_wconf 76' lang='grc' dir='ltr'>κατὰ</span> <span class='ocrx_word' id='word_1_309' title='bbox 3233 2042 3425 2114; x_wconf 88' lang='grc' dir='ltr'>μικρὸν</span> <span class='ocrx_word' id='word_1_310' title='bbox 3486 2042 3827 2113; x_wconf 73' lang='grc' dir='ltr'>αὐξηθέντες,</span> 
     </span>
    </p>
   </div>
   <div class='ocr_carea' id='block_1_48' title="bbox 2167 2120 3825 2207">
    <p class='ocr_par' dir='ltr' id='par_1_48' title="bbox 2167 2120 3825 2207">
     <span class='ocr_line' id='line_1_48' title="bbox 2167 2120 3825 2207; baseline 0.007 -32"><span class='ocrx_word' id='word_1_311' title='bbox 2167 2122 2242 2184; x_wconf 85' lang='grc' dir='ltr'>ὡς</span> <span class='ocrx_word' id='word_1_312' title='bbox 2278 2122 2351 2184; x_wconf 85' lang='grc' dir='ltr'>εἷς</span> <span class='ocrx_word' id='word_1_313' title='bbox 2392 2120 2518 2177; x_wconf 85' lang='grc' dir='ltr'>τόδε</span> <span class='ocrx_word' id='word_1_314' title='bbox 2563 2124 2624 2178; x_wconf 90' lang='grc' dir='ltr'>τὸ</span> <span class='ocrx_word' id='word_1_315' title='bbox 2672 2132 2867 2201; x_wconf 73' lang='grc' dir='ltr'>σχῆμα</span> <span class='ocrx_word' id='word_1_316' title='bbox 2912 2130 3023 2199; x_wconf 82' lang='grc'>(15)</span> <span class='ocrx_word' id='word_1_317' title='bbox 3059 2128 3147 2183; x_wconf 82' lang='grc' dir='ltr'>καὶ</span> <span class='ocrx_word' id='word_1_318' title='bbox 3180 2128 3393 2198; x_wconf 77' lang='grc' dir='ltr'>πλῆθος</span> <span class='ocrx_word' id='word_1_319' title='bbox 3428 2129 3518 2184; x_wconf 82' lang='grc' dir='ltr'>σῦν</span> <span class='ocrx_word' id='word_1_320' title='bbox 3552 2150 3825 2207; x_wconf 83' lang='grc' dir='ltr'>χειραγω-</span> 
     </span>
    </p>
   </div>
   <div class='ocr_carea' id='block_1_49' title="bbox 2166 2209 3813 2295">
    <p class='ocr_par' dir='ltr' id='par_1_49' title="bbox 2166 2209 3813 2295">
     <span class='ocr_line' id='line_1_49' title="bbox 2166 2209 3813 2295; baseline 0.007 -32"><span class='ocrx_word' id='word_1_321' title='bbox 2166 2209 2257 2286; x_wconf 76' lang='grc' dir='ltr'>γία</span> <span class='ocrx_word' id='word_1_322' title='bbox 2308 2216 2440 2265; x_wconf 88' lang='grc' dir='ltr'>Θεοῦ</span> <span class='ocrx_word' id='word_1_323' title='bbox 2493 2215 2801 2287; x_wconf 72' lang='grc' dir='ltr'>προελθεῖν,</span> <span class='ocrx_word' id='word_1_324' title='bbox 2852 2216 3008 2284; x_wconf 76' lang='grc' dir='ltr'>ἡνίκα</span> <span class='ocrx_word' id='word_1_325' title='bbox 3056 2215 3452 2292; x_wconf 79' lang='grc' dir='ltr'>ἐλιπάνθημεν,</span> <span class='ocrx_word' id='word_1_326' title='bbox 3514 2218 3813 2295; x_wconf 73' lang='grc' dir='ltr'>ἐσκιρτήσα-</span> 
     </span>
    </p>
   </div>
   <div class='ocr_carea' id='block_1_50' title="bbox 2174 2300 3825 2385">
    <p class='ocr_par' dir='ltr' id='par_1_50' title="bbox 2174 2300 3825 2385">
     <span class='ocr_line' id='line_1_50' title="bbox 2174 2300 3825 2385; baseline 0.005 -30"><span class='ocrx_word' id='word_1_327' title='bbox 2174 2322 2287 2373; x_wconf 87' lang='grc' dir='ltr'>μεν·</span> <span class='ocrx_word' id='word_1_328' title='bbox 2320 2300 2408 2355; x_wconf 80' lang='grc' dir='ltr'>καὶ</span> <span class='ocrx_word' id='word_1_329' title='bbox 2458 2301 2614 2370; x_wconf 76' lang='grc' dir='ltr'>ἡνίκα</span> <span class='ocrx_word' id='word_1_330' title='bbox 2659 2302 3096 2376; x_wconf 80' lang='grc' dir='ltr'>ἐπλατύνθημεν,</span> <span class='ocrx_word' id='word_1_331' title='bbox 3146 2305 3679 2385; x_wconf 76' lang='grc' dir='ltr'>ἐστενοχωρήθημεν“</span> <span class='ocrx_word' id='word_1_332' title='bbox 3724 2311 3825 2364; x_wconf 77' lang='grc' dir='ltr'>καὶ</span> 
     </span>
    </p>
   </div>
   <div class='ocr_carea' id='block_1_51' title="bbox 2167 2388 3830 2471">
    <p class='ocr_par' dir='ltr' id='par_1_51' title="bbox 2167 2388 3830 2471">
     <span class='ocr_line' id='line_1_51' title="bbox 2167 2388 3830 2471; baseline 0.007 -28"><span class='ocrx_word' id='word_1_333' title='bbox 2167 2390 2234 2459; x_wconf 71' lang='grc' dir='ltr'>ἦν</span> <span class='ocrx_word' id='word_1_334' title='bbox 2278 2389 2328 2443; x_wconf 84' lang='grc' dir='ltr'>ἐν</span> <span class='ocrx_word' id='word_1_335' title='bbox 2382 2396 2498 2453; x_wconf 87' lang='grc' dir='ltr'>τοῖς</span> <span class='ocrx_word' id='word_1_336' title='bbox 2551 2388 2819 2468; x_wconf 79' lang='grc' dir='ltr'>διωγμοῖς</span> <span class='ocrx_word' id='word_1_337' title='bbox 2867 2394 2957 2448; x_wconf 88' lang='grc' dir='ltr'>καὶ</span> <span class='ocrx_word' id='word_1_338' title='bbox 3008 2401 3127 2458; x_wconf 84' lang='grc' dir='ltr'>ταῖς</span> <span class='ocrx_word' id='word_1_339' title='bbox 3169 2396 3384 2470; x_wconf 79' lang='grc' dir='ltr'>θλίψεσι</span> <span class='ocrx_word' id='word_1_340' title='bbox 3436 2396 3830 2471; x_wconf 77' lang='grc' dir='ltr'>συνελεξάμεθα</span> 
     </span>
    </p>
   </div>
   <div class='ocr_carea' id='block_1_52' title="bbox 2171 2476 3829 2561">
    <p class='ocr_par' dir='ltr' id='par_1_52' title="bbox 2171 2476 3829 2561">
     <span class='ocr_line' id='line_1_52' title="bbox 2171 2476 3829 2561; baseline 0.007 -29"><span class='ocrx_word' id='word_1_341' title='bbox 2171 2476 2325 2549; x_wconf 78' lang='grc' dir='ltr'>δόξαν</span> <span class='ocrx_word' id='word_1_342' title='bbox 2370 2479 2459 2533; x_wconf 79' lang='grc' dir='ltr'>καὶ</span> <span class='ocrx_word' id='word_1_343' title='bbox 2507 2476 2765 2553; x_wconf 74' lang='grc' dir='ltr'>δύναμιν,</span> <span class='ocrx_word' id='word_1_344' title='bbox 2810 2482 3012 2554; x_wconf 73' lang='grc' dir='ltr'>ταύτην</span> <span class='ocrx_word' id='word_1_345' title='bbox 3064 2483 3119 2539; x_wconf 83' lang='grc' dir='ltr'>εῦ</span> <span class='ocrx_word' id='word_1_346' title='bbox 3169 2486 3494 2561; x_wconf 85' lang='grc' dir='ltr'>πράττοντες</span> <span class='ocrx_word' id='word_1_347' title='bbox 3532 2486 3829 2543; x_wconf 78' lang='grc' dir='ltr'>κατελύσαο</span> 
     </span>
    </p>
   </div>
   <div class='ocr_carea' id='block_1_53' title="bbox 2175 2565 3287 2650">
    <p class='ocr_par' dir='ltr' id='par_1_53' title="bbox 2175 2565 3287 2650">
     <span class='ocr_line' id='line_1_53' title="bbox 2175 2565 3287 2650; baseline 0.009 -29"><span class='ocrx_word' id='word_1_348' title='bbox 2175 2590 2267 2641; x_wconf 86' lang='grc' dir='ltr'>μεν</span> <span class='ocrx_word' id='word_1_349' title='bbox 2308 2590 2318 2601; x_wconf 95' lang='grc'><strong>·</strong></span> <span class='ocrx_word' id='word_1_350' title='bbox 2355 2565 2595 2638; x_wconf 74' lang='grc' dir='ltr'>δηλώσει</span> <span class='ocrx_word' id='word_1_351' title='bbox 2629 2568 2687 2624; x_wconf 74' lang='grc' dir='ltr'>δὲ</span> <span class='ocrx_word' id='word_1_352' title='bbox 2714 2572 2781 2626; x_wconf 78' lang='grc' dir='ltr'>τὰ</span> <span class='ocrx_word' id='word_1_353' title='bbox 2812 2572 2936 2642; x_wconf 72' lang='grc' dir='ltr'>ἑξῆς</span> <span class='ocrx_word' id='word_1_354' title='bbox 2964 2578 3061 2627; x_wconf 89' lang='grc' dir='ltr'>τοῦ</span> <span class='ocrx_word' id='word_1_355' title='bbox 3094 2571 3287 2650; x_wconf 84' lang='grc' dir='ltr'>λόγου.</span> 
     </span>
    </p>
   </div>
   <div class='ocr_carea' id='block_1_54' title="bbox 635 2658 3837 2742">
    <p class='ocr_par' dir='ltr' id='par_1_54' title="bbox 635 2658 3837 2742">
     <span class='ocr_line' id='line_1_54' title="bbox 635 2658 3837 2742; baseline 0.002 -24"><span class='ocrx_word' id='word_1_356' title='bbox 635 2706 648 2733; x_wconf 91' lang='grc'>,</span> <span class='ocrx_word' id='word_1_357' title='bbox 702 2662 762 2718; x_wconf 91' lang='lat' dir='ltr'>in</span> <span class='ocrx_word' id='word_1_358' title='bbox 812 2666 1041 2717; x_wconf 89' lang='lat' dir='ltr'>arctum</span> <span class='ocrx_word' id='word_1_359' title='bbox 1089 2659 1309 2714; x_wconf 89' lang='lat' dir='ltr'>redacti</span> <span class='ocrx_word' id='word_1_360' title='bbox 1370 2675 1579 2713; x_wconf 91' lang='lat' dir='ltr'>sumus</span> <span class='ocrx_word' id='word_1_361' title='bbox 1641 2677 1653 2713; x_wconf 95' lang='lat'><strong>:</strong></span> <span class='ocrx_word' id='word_1_362' title='bbox 1706 2675 2007 2731; x_wconf 86' lang='lat' dir='ltr'>quamque</span> <span class='ocrx_word' id='word_1_363' title='bbox 2064 2658 2123 2714; x_wconf 90' lang='lat' dir='ltr'>in</span> <span class='ocrx_word' id='word_1_364' title='bbox 2182 2660 2692 2731; x_wconf 82' lang='lat' dir='ltr'>persecutionibus</span> <span class='ocrx_word' id='word_1_365' title='bbox 2746 2668 2803 2718; x_wconf 90' lang='lat' dir='ltr'>et</span> <span class='ocrx_word' id='word_1_366' title='bbox 2864 2664 3128 2722; x_wconf 88' lang='lat' dir='ltr'>adversis</span> <span class='ocrx_word' id='word_1_367' title='bbox 3178 2666 3425 2739; x_wconf 85' lang='lat' dir='ltr'>gloriam</span> <span class='ocrx_word' id='word_1_368' title='bbox 3484 2670 3837 2742; x_wconf 88' lang='lat' dir='ltr'>potentiam-</span> 
     </span>
    </p>
   </div>
   <div class='ocr_carea' id='block_1_55' title="bbox 399 2747 3830 2829">
    <p class='ocr_par' dir='ltr' id='par_1_55' title="bbox 399 2747 3830 2829">
     <span class='ocr_line' id='line_1_55' title="bbox 399 2747 3830 2829; baseline 0.003 -20"><span class='ocrx_word' id='word_1_369' title='bbox 399 2772 513 2826; x_wconf 90' lang='lat' dir='ltr'>que</span> <span class='ocrx_word' id='word_1_370' title='bbox 558 2753 1003 2825; x_wconf 81' lang='lat' dir='ltr'>collegeramus,</span> <span class='ocrx_word' id='word_1_371' title='bbox 1090 2766 1220 2804; x_wconf 83' lang='lat' dir='ltr'>eam</span> <span class='ocrx_word' id='word_1_372' title='bbox 1279 2748 1338 2802; x_wconf 91' lang='lat' dir='ltr'>in</span> <span class='ocrx_word' id='word_1_373' title='bbox 1396 2748 1673 2803; x_wconf 87' lang='lat' dir='ltr'>secundis</span> <span class='ocrx_word' id='word_1_374' title='bbox 1731 2747 1907 2804; x_wconf 90' lang='lat' dir='ltr'>rebus</span> <span class='ocrx_word' id='word_1_375' title='bbox 1984 2748 2435 2820; x_wconf 88' lang='lat' dir='ltr'>dissipavimus,</span> <span class='ocrx_word' id='word_1_376' title='bbox 2496 2752 2997 2822; x_wconf 87' lang='lat' dir='ltr'>quemadmodum</span> <span class='ocrx_word' id='word_1_377' title='bbox 3051 2755 3328 2829; x_wconf 88' lang='lat' dir='ltr'>deinceps</span> <span class='ocrx_word' id='word_1_378' title='bbox 3386 2759 3574 2816; x_wconf 90' lang='lat' dir='ltr'>oratio</span> <span class='ocrx_word' id='word_1_379' title='bbox 3629 2761 3830 2817; x_wconf 88' lang='lat' dir='ltr'>decla-</span> 
     </span>
    </p>
   </div>
   <div class='ocr_carea' id='block_1_56' title="bbox 402 2842 572 2898">
    <p class='ocr_par' dir='ltr' id='par_1_56' title="bbox 402 2842 572 2898">
     <span class='ocr_line' id='line_1_56' title="bbox 402 2842 572 2898; baseline 0 0"><span class='ocrx_word' id='word_1_380' title='bbox 402 2842 572 2898; x_wconf 87' lang='lat' dir='ltr'>rabit.</span> 
     </span>
    </p>
   </div>
   <div class='ocr_carea' id='block_1_57' title="bbox 475 2927 2050 2999">
    <p class='ocr_par' dir='ltr' id='par_1_57' title="bbox 475 2927 2050 2999">
     <span class='ocr_line' id='line_1_57' title="bbox 475 2927 2050 2999; baseline -0.003 -12"><span class='ocrx_word' id='word_1_381' title='bbox 475 2931 722 2987; x_wconf 82' lang='lat' dir='ltr'>XXXIII.</span> <span class='ocrx_word' id='word_1_382' title='bbox 755 2932 833 2985; x_wconf 90' lang='lat' dir='ltr'>Ac</span> <span class='ocrx_word' id='word_1_383' title='bbox 866 2929 1076 2985; x_wconf 60' lang='lat' dir='ltr'>Caesari</span> <span class='ocrx_word' id='word_1_384' title='bbox 1104 2928 1363 2999; x_wconf 89' lang='lat' dir='ltr'>quidem,</span> <span class='ocrx_word' id='word_1_385' title='bbox 1399 2933 1456 2981; x_wconf 92' lang='lat' dir='ltr'>et</span> <span class='ocrx_word' id='word_1_386' title='bbox 1488 2927 1823 2998; x_wconf 88' lang='lat' dir='ltr'>imperium,</span> <span class='ocrx_word' id='word_1_387' title='bbox 1853 2933 1911 2983; x_wconf 87' lang='lat' dir='ltr'>et</span> <span class='ocrx_word' id='word_1_388' title='bbox 1934 2927 2050 2982; x_wconf 87' lang='lat' dir='ltr'>vita</span> 
     </span>
    </p>
   </div>
   <div class='ocr_carea' id='block_1_58' title="bbox 408 3016 2052 3093">
    <p class='ocr_par' dir='ltr' id='par_1_58' title="bbox 408 3016 2052 3093">
     <span class='ocr_line' id='line_1_58' title="bbox 408 3016 2052 3093; baseline -0.005 -15"><span class='ocrx_word' id='word_1_389' title='bbox 408 3024 583 3077; x_wconf 84' lang='lat' dir='ltr'>ﬁnem</span> <span class='ocrx_word' id='word_1_390' title='bbox 615 3021 860 3093; x_wconf 87' lang='lat' dir='ltr'>accipit;</span> <span class='ocrx_word' id='word_1_391' title='bbox 895 3036 1020 3091; x_wconf 66' lang='lat' dir='ltr'>quae</span> <span class='ocrx_word' id='word_1_392' title='bbox 1051 3016 1206 3073; x_wconf 89' lang='lat' dir='ltr'>enim</span> <span class='ocrx_word' id='word_1_393' title='bbox 1240 3018 1463 3071; x_wconf 88' lang='lat' dir='ltr'>interea</span> <span class='ocrx_word' id='word_1_394' title='bbox 1485 3018 1843 3083; x_wconf 86' lang='lat' dir='ltr'>acciderunt,</span> <span class='ocrx_word' id='word_1_395' title='bbox 1879 3016 2052 3072; x_wconf 90' lang='lat' dir='ltr'>silen-</span> 
     </span>
    </p>
   </div>
   <div class='ocr_carea' id='block_1_59' title="bbox 2234 2928 3833 3014">
    <p class='ocr_par' dir='ltr' id='par_1_59' title="bbox 2234 2928 3833 3014">
     <span class='ocr_line' id='line_1_59' title="bbox 2234 2928 3833 3014; baseline 0.01 -37"><span class='ocrx_word' id='word_1_396' title='bbox 2381 2928 2542 3000; x_wconf 69' lang='grc' dir='ltr'>Ὃρον</span> <span class='ocrx_word' id='word_1_397' title='bbox 2610 2929 2704 2999; x_wconf 76' lang='grc' dir='ltr'>μὲν</span> <span class='ocrx_word' id='word_1_398' title='bbox 2761 2930 2794 2998; x_wconf 85' lang='grc' dir='ltr'>ἡ</span> <span class='ocrx_word' id='word_1_399' title='bbox 2846 2930 3094 3005; x_wconf 86' lang='grc' dir='ltr'>βασιλεία</span> <span class='ocrx_word' id='word_1_400' title='bbox 3136 2936 3216 3004; x_wconf 82' lang='grc' dir='ltr'>τῷ</span> <span class='ocrx_word' id='word_1_401' title='bbox 3266 2934 3492 3011; x_wconf 83' lang='grc' dir='ltr'>Καίσαρι</span> <span class='ocrx_word' id='word_1_402' title='bbox 3518 2936 3609 2991; x_wconf 83' lang='grc' dir='ltr'>καὶ</span> <span class='ocrx_word' id='word_1_403' title='bbox 3646 2938 3675 2991; x_wconf 88' lang='lat'>6</span> <span class='ocrx_word' id='word_1_404' title='bbox 3710 2937 3833 3014; x_wconf 78' lang='grc' dir='ltr'>βίος</span> 
     </span>
    </p>
   </div>
   <div class='ocr_carea' id='block_1_60' title="bbox 2164 3008 3824 3104">
    <p class='ocr_par' dir='ltr' id='par_1_60' title="bbox 2164 3008 3824 3104">
     <span class='ocr_line' id='line_1_60' title="bbox 2164 3008 3824 3104; baseline 0.01 -38"><span class='ocrx_word' id='word_1_405' title='bbox 2164 3008 2468 3087; x_wconf 71' lang='grc' dir='ltr'>λαμϐάνει·</span> <span class='ocrx_word' id='word_1_406' title='bbox 2518 3017 2584 3071; x_wconf 67' lang='grc' dir='ltr'>τὰ</span> <span class='ocrx_word' id='word_1_407' title='bbox 2624 3018 2726 3091; x_wconf 72' lang='grc' dir='ltr'>γὰρ</span> <span class='ocrx_word' id='word_1_408' title='bbox 2780 3018 2831 3073; x_wconf 80' lang='grc' dir='ltr'>ἐν</span> <span class='ocrx_word' id='word_1_409' title='bbox 2882 3019 3030 3093; x_wconf 80' lang='grc' dir='ltr'>μὲσῳ</span> <span class='ocrx_word' id='word_1_410' title='bbox 3084 3008 3449 3097; x_wconf 75' lang='grc' dir='ltr'>σιωπήσομαι</span> <span class='ocrx_word' id='word_1_411' title='bbox 3490 3029 3601 3098; x_wconf 88' lang='grc'>(16)</span> <span class='ocrx_word' id='word_1_412' title='bbox 3643 3008 3824 3104; x_wconf 70' lang='grc' dir='ltr'>φειδοῖ</span> 
     </span>
    </p>
   </div>
   <div class='ocr_carea' id='block_1_61' title="bbox 406 3102 2048 3207">
    <p class='ocr_par' dir='ltr' id='par_1_61' title="bbox 406 3106 2048 3183">
     <span class='ocr_line' id='line_1_61' title="bbox 406 3106 2048 3183; baseline -0.004 -16"><span class='ocrx_word' id='word_1_413' title='bbox 406 3113 486 3168; x_wconf 88' lang='lat' dir='ltr'>tio</span> <span class='ocrx_word' id='word_1_414' title='bbox 521 3127 806 3183; x_wconf 88' lang='lat' dir='ltr'>premam,</span> <span class='ocrx_word' id='word_1_415' title='bbox 840 3115 958 3165; x_wconf 89' lang='lat' dir='ltr'>tam</span> <span class='ocrx_word' id='word_1_416' title='bbox 988 3109 1117 3178; x_wconf 87' lang='lat' dir='ltr'>ejus</span> <span class='ocrx_word' id='word_1_417' title='bbox 1149 3106 1337 3178; x_wconf 86' lang='lat' dir='ltr'>gratia</span> <span class='ocrx_word' id='word_1_418' title='bbox 1363 3106 1460 3175; x_wconf 91' lang='lat' dir='ltr'>qui</span> <span class='ocrx_word' id='word_1_419' title='bbox 1513 3106 1666 3172; x_wconf 75' lang='lat' dir='ltr'>fecit,</span> <span class='ocrx_word' id='word_1_420' title='bbox 1714 3123 1893 3176; x_wconf 88' lang='lat' dir='ltr'>quam</span> <span class='ocrx_word' id='word_1_421' title='bbox 1926 3107 2048 3177; x_wconf 85' lang='lat' dir='ltr'>ejus</span> 
     </span>
    </p>
   </div>
   <div class='ocr_carea' id='block_1_62' title="bbox 2168 3102 3832 3207">
    <p class='ocr_par' dir='ltr' id='par_1_62' title="bbox 2168 3102 3832 3207">
     <span class='ocr_line' id='line_1_62' title="bbox 2168 3102 3832 3196; baseline 0.01 -41"><span class='ocrx_word' id='word_1_422' title='bbox 2168 3102 2256 3156; x_wconf 82' lang='grc' dir='ltr'>καὶ</span> <span class='ocrx_word' id='word_1_423' title='bbox 2303 3108 2400 3158; x_wconf 86' lang='grc' dir='ltr'>τοῦ</span> <span class='ocrx_word' id='word_1_424' title='bbox 2451 3107 2817 3175; x_wconf 83' lang='grc' dir='ltr'>πεποιηκότος</span> <span class='ocrx_word' id='word_1_425' title='bbox 2866 3109 2953 3163; x_wconf 85' lang='grc' dir='ltr'>καὶ</span> <span class='ocrx_word' id='word_1_426' title='bbox 3002 3114 3097 3164; x_wconf 89' lang='grc' dir='ltr'>τοῦ</span> <span class='ocrx_word' id='word_1_427' title='bbox 3146 3114 3498 3177; x_wconf 82' lang='grc' dir='ltr'>πεπονθότος.</span> <span class='ocrx_word' id='word_1_428' title='bbox 3543 3116 3615 3168; x_wconf 85' lang='grc' dir='ltr'>ὦν</span> <span class='ocrx_word' id='word_1_429' title='bbox 3651 3116 3832 3196; x_wconf 73' lang='grc' dir='ltr'>ἀμερο·</span> 
     </span>
     <span class='ocr_line' id='line_1_63' title="bbox 2214 3190 3485 3207; baseline 0 0"><span class='ocrx_word' id='word_1_430' title='bbox 2214 3190 2223 3207; x_wconf 85' lang='grc'><em>.</em></span> <span class='ocrx_word' id='word_1_431' title='bbox 2436 3192 2484 3207; x_wconf 66' lang='grc' dir='ltr'>η</span> <span class='ocrx_word' id='word_1_432' title='bbox 2538 3195 2547 3207; x_wconf 90' lang='grc'><strong><em>,</em></strong></span> <span class='ocrx_word' id='word_1_433' title='bbox 2823 3199 2833 3207; x_wconf 91' lang='grc'>.</span> <span class='ocrx_word' id='word_1_434' title='bbox 2981 3198 2992 3207; x_wconf 90' lang='grc'>.</span> <span class='ocrx_word' id='word_1_435' title='bbox 3048 3194 3097 3207; x_wconf 70' lang='grc' dir='ltr'>,η</span> <span class='ocrx_word' id='word_1_436' title='bbox 3350 3201 3363 3207; x_wconf 84' lang='grc'>-</span> <span class='ocrx_word' id='word_1_437' title='bbox 3472 3202 3485 3207; x_wconf 84' lang='grc'>-</span> 
     </span>
    </p>
   </div>
   <div class='ocr_carea' id='block_1_63' title="bbox 406 3194 2054 3273">
    <p class='ocr_par' dir='ltr' id='par_1_63' title="bbox 406 3194 2054 3273">
     <span class='ocr_line' id='line_1_64' title="bbox 406 3194 2054 3273; baseline -0.005 -16"><span class='ocrx_word' id='word_1_438' title='bbox 406 3202 507 3272; x_wconf 89' lang='lat' dir='ltr'>qui</span> <span class='ocrx_word' id='word_1_439' title='bbox 539 3217 750 3273; x_wconf 89' lang='lat' dir='ltr'>passus</span> <span class='ocrx_word' id='word_1_440' title='bbox 781 3203 871 3254; x_wconf 86' lang='lat' dir='ltr'>est</span> <span class='ocrx_word' id='word_1_441' title='bbox 902 3215 915 3252; x_wconf 86' lang='lat'><strong>:</strong></span> <span class='ocrx_word' id='word_1_442' title='bbox 949 3212 1196 3268; x_wconf 91' lang='lat' dir='ltr'>quorum</span> <span class='ocrx_word' id='word_1_443' title='bbox 1235 3196 1540 3265; x_wconf 88' lang='lat' dir='ltr'>utriusque</span> <span class='ocrx_word' id='word_1_444' title='bbox 1571 3194 1845 3265; x_wconf 85' lang='lat' dir='ltr'>pietatem</span> <span class='ocrx_word' id='word_1_445' title='bbox 1879 3211 2054 3249; x_wconf 87' lang='lat' dir='ltr'>vene-</span> 
     </span>
    </p>
   </div>
   <div class='ocr_carea' id='block_1_64' title="bbox 414 3284 2060 3357">
    <p class='ocr_par' dir='ltr' id='par_1_64' title="bbox 414 3284 2060 3357">
     <span class='ocr_line' id='line_1_65' title="bbox 414 3284 2060 3357; baseline -0.005 -11"><span class='ocrx_word' id='word_1_446' title='bbox 414 3308 573 3357; x_wconf 88' lang='lat' dir='ltr'>rans,</span> <span class='ocrx_word' id='word_1_447' title='bbox 607 3288 994 3345; x_wconf 86' lang='lat' dir='ltr'>temeritatem</span> <span class='ocrx_word' id='word_1_448' title='bbox 1030 3286 1481 3355; x_wconf 87' lang='lat' dir='ltr'>haudquaquam</span> <span class='ocrx_word' id='word_1_449' title='bbox 1530 3284 1724 3339; x_wconf 90' lang='lat' dir='ltr'>laudo.</span> <span class='ocrx_word' id='word_1_450' title='bbox 1776 3284 2060 3346; x_wconf 89' lang='lat' dir='ltr'>Quoniam</span> 
     </span>
    </p>
   </div>
   <div class='ocr_carea' id='block_1_65' title="bbox 413 3373 2063 3451">
    <p class='ocr_par' dir='ltr' id='par_1_65' title="bbox 413 3373 2063 3451">
     <span class='ocr_line' id='line_1_66' title="bbox 413 3373 2063 3451; baseline -0.005 -15"><span class='ocrx_word' id='word_1_451' title='bbox 413 3381 569 3436; x_wconf 85' lang='lat' dir='ltr'>enim</span> <span class='ocrx_word' id='word_1_452' title='bbox 602 3378 931 3451; x_wconf 81' lang='lat' dir='ltr'>Oportebat,</span> <span class='ocrx_word' id='word_1_453' title='bbox 966 3394 1034 3431; x_wconf 79' lang='lat' dir='ltr'>UL</span> <span class='ocrx_word' id='word_1_454' title='bbox 1062 3391 1195 3430; x_wconf 90' lang='lat' dir='ltr'>cum</span> <span class='ocrx_word' id='word_1_455' title='bbox 1238 3373 1507 3429; x_wconf 80' lang='lat' dir='ltr'>homines</span> <span class='ocrx_word' id='word_1_456' title='bbox 1564 3380 1780 3443; x_wconf 88' lang='lat' dir='ltr'>essent,</span> <span class='ocrx_word' id='word_1_457' title='bbox 1842 3373 2063 3444; x_wconf 84' lang='lat' dir='ltr'>peccati</span> 
     </span>
    </p>
   </div>
   <div class='ocr_carea' id='block_1_66' title="bbox 409 3463 2061 3541">
    <p class='ocr_par' dir='ltr' id='par_1_66' title="bbox 409 3463 2061 3541">
     <span class='ocr_line' id='line_1_67' title="bbox 409 3463 2061 3541; baseline -0.004 -18"><span class='ocrx_word' id='word_1_458' title='bbox 409 3470 629 3541; x_wconf 92' lang='lat' dir='ltr'>aliquid</span> <span class='ocrx_word' id='word_1_459' title='bbox 653 3464 1169 3532; x_wconf 77' lang='lat' dir='ltr'>adznittereut,hoc</span> <span class='ocrx_word' id='word_1_460' title='bbox 1190 3463 1333 3517; x_wconf 89' lang='lat' dir='ltr'>illud</span> <span class='ocrx_word' id='word_1_461' title='bbox 1359 3464 1612 3533; x_wconf 89' lang='lat' dir='ltr'>estquod</span> <span class='ocrx_word' id='word_1_462' title='bbox 1632 3464 1877 3517; x_wconf 77' lang='lat' dir='ltr'>fortasse</span> <span class='ocrx_word' id='word_1_463' title='bbox 1902 3463 2061 3533; x_wconf 90' lang='lat' dir='ltr'>quis-</span> 
     </span>
    </p>
   </div>
   <div class='ocr_carea' id='block_1_67' title="bbox 406 3551 2062 3630">
    <p class='ocr_par' dir='ltr' id='par_1_67' title="bbox 406 3551 2062 3630">
     <span class='ocr_line' id='line_1_68' title="bbox 406 3551 2062 3630; baseline -0.004 -16"><span class='ocrx_word' id='word_1_464' title='bbox 406 3559 563 3630; x_wconf 89' lang='lat' dir='ltr'>piam</span> <span class='ocrx_word' id='word_1_465' title='bbox 611 3559 669 3612; x_wconf 91' lang='lat' dir='ltr'>in</span> <span class='ocrx_word' id='word_1_466' title='bbox 732 3563 980 3627; x_wconf 90' lang='lat' dir='ltr'>utroque</span> <span class='ocrx_word' id='word_1_467' title='bbox 1041 3552 1530 3625; x_wconf 86' lang='lat' dir='ltr'>reprehenderit:</span> <span class='ocrx_word' id='word_1_468' title='bbox 1564 3551 1676 3606; x_wconf 89' lang='lat' dir='ltr'>nisi</span> <span class='ocrx_word' id='word_1_469' title='bbox 1737 3557 1933 3606; x_wconf 89' lang='lat' dir='ltr'>tamen</span> <span class='ocrx_word' id='word_1_470' title='bbox 1967 3551 2062 3607; x_wconf 91' lang='lat' dir='ltr'>hic</span> 
     </span>
    </p>
   </div>
   <div class='ocr_carea' id='block_1_68' title="bbox 401 3641 2061 3720">
    <p class='ocr_par' dir='ltr' id='par_1_68' title="bbox 401 3641 2061 3720">
     <span class='ocr_line' id='line_1_69' title="bbox 401 3641 2061 3720; baseline -0.004 -16"><span class='ocrx_word' id='word_1_471' title='bbox 401 3665 652 3720; x_wconf 79' lang='lat' dir='ltr'>quoque,</span> <span class='ocrx_word' id='word_1_472' title='bbox 686 3647 827 3701; x_wconf 90' lang='lat' dir='ltr'>dum</span> <span class='ocrx_word' id='word_1_473' title='bbox 861 3647 1114 3700; x_wconf 83' lang='lat' dir='ltr'>alterum</span> <span class='ocrx_word' id='word_1_474' title='bbox 1148 3641 1781 3709; x_wconf 87' lang='lat' dir='ltr'>accusamus,alterum</span> <span class='ocrx_word' id='word_1_475' title='bbox 1814 3641 2061 3697; x_wconf 89' lang='lat' dir='ltr'>crimine</span> 
     </span>
    </p>
   </div>
   <div class='ocr_carea' id='block_1_69' title="bbox 396 3730 2055 3801">
    <p class='ocr_par' dir='ltr' id='par_1_69' title="bbox 396 3730 2055 3801">
     <span class='ocr_line' id='line_1_70' title="bbox 396 3730 2055 3801; baseline -0.003 -10"><span class='ocrx_word' id='word_1_476' title='bbox 396 3736 1027 3793; x_wconf 86' lang='lat' dir='ltr'>liberemus.Julianus</span> <span class='ocrx_word' id='word_1_477' title='bbox 1059 3738 1256 3788; x_wconf 88' lang='lat' dir='ltr'>autem</span> <span class='ocrx_word' id='word_1_478' title='bbox 1286 3732 1483 3786; x_wconf 89' lang='lat' dir='ltr'>statim</span> <span class='ocrx_word' id='word_1_479' title='bbox 1514 3732 1674 3785; x_wconf 77' lang='lat' dir='ltr'>fratri</span> <span class='ocrx_word' id='word_1_480' title='bbox 1706 3732 1761 3785; x_wconf 92' lang='lat' dir='ltr'>in</span> <span class='ocrx_word' id='word_1_481' title='bbox 1789 3730 2055 3801; x_wconf 86' lang='lat' dir='ltr'>imperio,</span> 
     </span>
    </p>
   </div>
   <div class='ocr_carea' id='block_1_70' title="bbox 395 3821 2057 3896">
    <p class='ocr_par' dir='ltr' id='par_1_70' title="bbox 395 3821 2057 3896">
     <span class='ocr_line' id='line_1_71' title="bbox 395 3821 2057 3896; baseline -0.004 -14"><span class='ocrx_word' id='word_1_482' title='bbox 395 3828 497 3883; x_wconf 87' lang='lat' dir='ltr'>sed</span> <span class='ocrx_word' id='word_1_483' title='bbox 530 3845 645 3882; x_wconf 88' lang='lat' dir='ltr'>non</span> <span class='ocrx_word' id='word_1_484' title='bbox 676 3826 735 3880; x_wconf 90' lang='lat' dir='ltr'>in</span> <span class='ocrx_word' id='word_1_485' title='bbox 770 3825 979 3896; x_wconf 87' lang='lat' dir='ltr'>pietate</span> <span class='ocrx_word' id='word_1_486' title='bbox 1008 3849 1021 3891; x_wconf 86' lang='lat'><strong>;</strong></span> <span class='ocrx_word' id='word_1_487' title='bbox 1060 3822 1232 3895; x_wconf 77' lang='grc' dir='ltr'>ραυιο</span> <span class='ocrx_word' id='word_1_488' title='bbox 1269 3828 1461 3876; x_wconf 82' lang='lat' dir='ltr'>autem</span> <span class='ocrx_word' id='word_1_489' title='bbox 1496 3827 1628 3892; x_wconf 88' lang='lat' dir='ltr'>post</span> <span class='ocrx_word' id='word_1_490' title='bbox 1659 3821 1707 3874; x_wconf 93' lang='lat' dir='ltr'>ei</span> <span class='ocrx_word' id='word_1_491' title='bbox 1741 3838 1999 3890; x_wconf 85' lang='lat' dir='ltr'>quoque,</span> <span class='ocrx_word' id='word_1_492' title='bbox 2025 3838 2057 3875; x_wconf 89' lang='lat' dir='ltr'>a</span> 
     </span>
    </p>
   </div>
   <div class='ocr_carea' id='block_1_71' title="bbox 391 3911 2054 3988">
    <p class='ocr_par' dir='ltr' id='par_1_71' title="bbox 391 3911 2054 3988">
     <span class='ocr_line' id='line_1_72' title="bbox 391 3911 2054 3988; baseline -0.005 -16"><span class='ocrx_word' id='word_1_493' title='bbox 391 3934 501 3988; x_wconf 86' lang='lat' dir='ltr'>qus</span> <span class='ocrx_word' id='word_1_494' title='bbox 533 3916 849 3987; x_wconf 90' lang='lat' dir='ltr'>imperator</span> <span class='ocrx_word' id='word_1_495' title='bbox 876 3920 1107 3969; x_wconf 87' lang='lat' dir='ltr'>creatus</span> <span class='ocrx_word' id='word_1_496' title='bbox 1152 3911 1631 3979; x_wconf 77' lang='lat' dir='ltr'>l‘uerat,succedit</span> <span class='ocrx_word' id='word_1_497' title='bbox 1662 3935 1674 3977; x_wconf 87' lang='lat'><strong>;</strong></span> <span class='ocrx_word' id='word_1_498' title='bbox 1711 3912 1922 3981; x_wconf 89' lang='lat' dir='ltr'>partim</span> <span class='ocrx_word' id='word_1_499' title='bbox 1957 3927 2054 3964; x_wconf 87' lang='lat' dir='ltr'>vo-</span> 
     </span>
    </p>
   </div>
   <div class='ocr_carea' id='block_1_72' title="bbox 390 4000 2055 4077">
    <p class='ocr_par' dir='ltr' id='par_1_72' title="bbox 390 4000 2055 4077">
     <span class='ocr_line' id='line_1_73' title="bbox 390 4000 2055 4077; baseline -0.005 -15"><span class='ocrx_word' id='word_1_500' title='bbox 390 4007 553 4073; x_wconf 78' lang='lat' dir='ltr'>l&#39;enti,</span> <span class='ocrx_word' id='word_1_501' title='bbox 586 4005 799 4077; x_wconf 91' lang='lat' dir='ltr'>partim</span> <span class='ocrx_word' id='word_1_502' title='bbox 830 4021 864 4057; x_wconf 86' lang='lat' dir='ltr'>a</span> <span class='ocrx_word' id='word_1_503' title='bbox 893 4004 1193 4058; x_wconf 88' lang='lat' dir='ltr'>communi</span> <span class='ocrx_word' id='word_1_504' title='bbox 1233 4002 1347 4055; x_wconf 82' lang='lat' dir='ltr'>ﬁne</span> <span class='ocrx_word' id='word_1_505' title='bbox 1379 4005 1600 4066; x_wconf 90' lang='lat' dir='ltr'>coacto,</span> <span class='ocrx_word' id='word_1_506' title='bbox 1636 4005 1809 4069; x_wconf 82' lang='lat' dir='ltr'>atque</span> <span class='ocrx_word' id='word_1_507' title='bbox 1849 4000 1928 4053; x_wconf 85' lang='lat' dir='ltr'>ita</span> <span class='ocrx_word' id='word_1_508' title='bbox 1959 4016 2055 4055; x_wconf 90' lang='lat' dir='ltr'>su-</span> 
     </span>
    </p>
   </div>
   <div class='ocr_carea' id='block_1_73' title="bbox 393 4089 2054 4167">
    <p class='ocr_par' dir='ltr' id='par_1_73' title="bbox 393 4089 2054 4167">
     <span class='ocr_line' id='line_1_74' title="bbox 393 4089 2054 4167; baseline -0.004 -16"><span class='ocrx_word' id='word_1_509' title='bbox 393 4100 766 4167; x_wconf 87' lang='lat' dir='ltr'>perato,utea</span> <span class='ocrx_word' id='word_1_510' title='bbox 788 4092 981 4148; x_wconf 85' lang='lat' dir='ltr'>clades</span> <span class='ocrx_word' id='word_1_511' title='bbox 1004 4091 1128 4146; x_wconf 91' lang='lat' dir='ltr'>orbi</span> <span class='ocrx_word' id='word_1_512' title='bbox 1146 4091 1419 4145; x_wconf 90' lang='lat' dir='ltr'>universo</span> <span class='ocrx_word' id='word_1_513' title='bbox 1441 4090 1670 4144; x_wconf 82' lang='lat' dir='ltr'>funesta</span> <span class='ocrx_word' id='word_1_514' title='bbox 1720 4095 1777 4143; x_wconf 88' lang='lat' dir='ltr'>et</span> <span class='ocrx_word' id='word_1_515' title='bbox 1807 4089 2054 4144; x_wconf 80' lang='lat' dir='ltr'>exitiosa</span> 
     </span>
    </p>
   </div>
   <div class='ocr_carea' id='block_1_74' title="bbox 394 4183 597 4239">
    <p class='ocr_par' dir='ltr' id='par_1_74' title="bbox 394 4183 597 4239">
     <span class='ocr_line' id='line_1_75' title="bbox 394 4183 597 4239; baseline -0.015 0"><span class='ocrx_word' id='word_1_516' title='bbox 394 4183 597 4239; x_wconf 80' lang='lat' dir='ltr'>fuerit.</span> 
     </span>
    </p>
   </div>
   <div class='ocr_carea' id='block_1_75' title="bbox 463 4266 2047 4337">
    <p class='ocr_par' dir='ltr' id='par_1_75' title="bbox 463 4266 2047 4337">
     <span class='ocr_line' id='line_1_76' title="bbox 463 4266 2047 4337; baseline -0.006 -9"><span class='ocrx_word' id='word_1_517' title='bbox 463 4274 566 4327; x_wconf 76' lang='lat'>93</span> <span class='ocrx_word' id='word_1_518' title='bbox 597 4270 835 4327; x_wconf 75' lang='lat' dir='ltr'><strong>XXXIV.</strong></span> <span class='ocrx_word' id='word_1_519' title='bbox 899 4269 1047 4335; x_wconf 77' lang='lat' dir='ltr'>Quid</span> <span class='ocrx_word' id='word_1_520' title='bbox 1099 4268 1202 4323; x_wconf 89' lang='lat' dir='ltr'>tibi</span> <span class='ocrx_word' id='word_1_521' title='bbox 1251 4267 1486 4332; x_wconf 88' lang='lat' dir='ltr'>accidit,</span> <span class='ocrx_word' id='word_1_522' title='bbox 1543 4284 1574 4321; x_wconf 98' lang='lat' dir='ltr'>o</span> <span class='ocrx_word' id='word_1_523' title='bbox 1625 4266 2047 4337; x_wconf 86' lang='lat' dir='ltr'>imperatorum</span> 
     </span>
    </p>
   </div>
   <div class='ocr_carea' id='block_1_76' title="bbox 393 4355 2051 4428">
    <p class='ocr_par' dir='ltr' id='par_1_76' title="bbox 393 4355 2051 4428">
     <span class='ocr_line' id='line_1_77' title="bbox 393 4355 2051 4428; baseline -0.004 -11"><span class='ocrx_word' id='word_1_524' title='bbox 393 4357 1120 4428; x_wconf 80' lang='lat' dir='ltr'>divinissime,Christique</span> <span class='ocrx_word' id='word_1_525' title='bbox 1137 4356 1547 4411; x_wconf 87' lang='lat' dir='ltr'>amantissime</span> <span class='ocrx_word' id='word_1_526' title='bbox 1568 4356 1594 4410; x_wconf 84' lang='lat'>?</span> <span class='ocrx_word' id='word_1_527' title='bbox 1626 4362 1715 4424; x_wconf 91' lang='lat' dir='ltr'>(eo</span> <span class='ocrx_word' id='word_1_528' title='bbox 1738 4355 1893 4409; x_wconf 87' lang='lat' dir='ltr'>enim</span> <span class='ocrx_word' id='word_1_529' title='bbox 1922 4372 2051 4425; x_wconf 80' lang='lat' dir='ltr'>pro-</span> 
     </span>
    </p>
   </div>
   <div class='ocr_carea' id='block_1_77' title="bbox 388 4445 2049 4517">
    <p class='ocr_par' dir='ltr' id='par_1_77' title="bbox 388 4445 2049 4517">
     <span class='ocr_line' id='line_1_78' title="bbox 388 4445 2049 4517; baseline -0.002 -13"><span class='ocrx_word' id='word_1_530' title='bbox 388 4451 662 4517; x_wconf 90' lang='lat' dir='ltr'>vehor,ut</span> <span class='ocrx_word' id='word_1_531' title='bbox 691 4455 888 4505; x_wconf 88' lang='lat' dir='ltr'>tecum</span> <span class='ocrx_word' id='word_1_532' title='bbox 919 4446 1076 4502; x_wconf 85' lang='lat' dir='ltr'>velut</span> <span class='ocrx_word' id='word_1_533' title='bbox 1105 4462 1235 4501; x_wconf 88' lang='lat' dir='ltr'>cum</span> <span class='ocrx_word' id='word_1_534' title='bbox 1264 4450 1551 4517; x_wconf 83' lang='lat' dir='ltr'>praesente</span> <span class='ocrx_word' id='word_1_535' title='bbox 1578 4449 1750 4514; x_wconf 88' lang='lat' dir='ltr'>atque</span> <span class='ocrx_word' id='word_1_536' title='bbox 1775 4445 2049 4500; x_wconf 86' lang='lat' dir='ltr'>audiente</span> 
     </span>
    </p>
   </div>
   <div class='ocr_carea' id='block_1_78' title="bbox 2172 3190 3826 3275">
    <p class='ocr_par' dir='ltr' id='par_1_78' title="bbox 2172 3190 3826 3275">
     <span class='ocr_line' id='line_1_79' title="bbox 2172 3190 3826 3275; baseline 0.009 -31"><span class='ocrx_word' id='word_1_537' title='bbox 2172 3190 2341 3264; x_wconf 77' lang='grc' dir='ltr'>τέρων</span> <span class='ocrx_word' id='word_1_538' title='bbox 2398 3192 2722 3267; x_wconf 73' lang='grc' dir='ltr'>αἰδούμενος</span> <span class='ocrx_word' id='word_1_539' title='bbox 2776 3199 2875 3267; x_wconf 78' lang='grc' dir='ltr'>τὴν</span> <span class='ocrx_word' id='word_1_540' title='bbox 2945 3194 3237 3272; x_wconf 70' lang='grc' dir='ltr'>εὐσέϐειαν,</span> <span class='ocrx_word' id='word_1_541' title='bbox 3306 3201 3405 3257; x_wconf 85' lang='grc' dir='ltr'>οὐκ</span> <span class='ocrx_word' id='word_1_542' title='bbox 3467 3202 3665 3257; x_wconf 71' lang='grc' dir='ltr'>ἐπαινῶ</span> <span class='ocrx_word' id='word_1_543' title='bbox 3720 3208 3826 3275; x_wconf 79' lang='grc' dir='ltr'>τήν</span> 
     </span>
    </p>
   </div>
   <div class='ocr_carea' id='block_1_79' title="bbox 2174 3281 3827 3364">
    <p class='ocr_par' dir='ltr' id='par_1_79' title="bbox 2174 3281 3827 3364">
     <span class='ocr_line' id='line_1_80' title="bbox 2174 3281 3827 3364; baseline 0.007 -30"><span class='ocrx_word' id='word_1_544' title='bbox 2174 3282 2499 3356; x_wconf 76' lang='grc' dir='ltr'>θρασύτητα.</span> <span class='ocrx_word' id='word_1_545' title='bbox 2558 3281 2778 3353; x_wconf 78' lang='grc' dir='ltr'>Ἐπειδὴ</span> <span class='ocrx_word' id='word_1_546' title='bbox 2829 3287 2929 3361; x_wconf 82' lang='grc' dir='ltr'>γὰρ</span> <span class='ocrx_word' id='word_1_547' title='bbox 2975 3284 3079 3342; x_wconf 80' lang='grc' dir='ltr'>ἔδει</span> <span class='ocrx_word' id='word_1_548' title='bbox 3139 3310 3192 3343; x_wconf 92' lang='grc' dir='ltr'>τι</span> <span class='ocrx_word' id='word_1_549' title='bbox 3253 3288 3341 3344; x_wconf 74' lang='grc' dir='ltr'>καί</span> <span class='ocrx_word' id='word_1_550' title='bbox 3400 3291 3671 3364; x_wconf 79' lang='grc' dir='ltr'>ἁμαρτεῖν,</span> <span class='ocrx_word' id='word_1_551' title='bbox 3734 3289 3827 3346; x_wconf 77' lang='grc' dir='ltr'>ὅν-</span> 
     </span>
    </p>
   </div>
   <div class='ocr_carea' id='block_1_80' title="bbox 2170 3371 3816 3456">
    <p class='ocr_par' dir='ltr' id='par_1_80' title="bbox 2170 3371 3816 3456">
     <span class='ocr_line' id='line_1_81' title="bbox 2170 3371 3816 3456; baseline 0.007 -33"><span class='ocrx_word' id='word_1_552' title='bbox 2170 3391 2265 3432; x_wconf 83' lang='grc' dir='ltr'>τας</span> <span class='ocrx_word' id='word_1_553' title='bbox 2329 3372 2665 3447; x_wconf 79' lang='grc' dir='ltr'>ἀνθρώπους,</span> <span class='ocrx_word' id='word_1_554' title='bbox 2724 3371 2885 3431; x_wconf 80' lang='grc' dir='ltr'>τοῦτό</span> <span class='ocrx_word' id='word_1_555' title='bbox 2937 3376 3077 3432; x_wconf 82' lang='grc' dir='ltr'>ἐστιν</span> <span class='ocrx_word' id='word_1_556' title='bbox 3120 3375 3151 3431; x_wconf 80' lang='lat'>6&#39;</span> <span class='ocrx_word' id='word_1_557' title='bbox 3191 3377 3335 3453; x_wconf 81' lang='grc' dir='ltr'>τάχα</span> <span class='ocrx_word' id='word_1_558' title='bbox 3377 3376 3434 3431; x_wconf 78' lang='grc' dir='ltr'>ἂν</span> <span class='ocrx_word' id='word_1_559' title='bbox 3463 3399 3541 3439; x_wconf 89' lang='grc' dir='ltr'>τις</span> <span class='ocrx_word' id='word_1_560' title='bbox 3574 3379 3816 3456; x_wconf 63' lang='grc' dir='ltr'>ἀμφοτέ-</span> 
     </span>
    </p>
   </div>
   <div class='ocr_carea' id='block_1_81' title="bbox 2172 3460 3825 3539">
    <p class='ocr_par' dir='ltr' id='par_1_81' title="bbox 2172 3460 3825 3539">
     <span class='ocr_line' id='line_1_82' title="bbox 2172 3460 3825 3539; baseline 0.006 -26"><span class='ocrx_word' id='word_1_561' title='bbox 2172 3479 2279 3533; x_wconf 90' lang='grc' dir='ltr'>ρων</span> <span class='ocrx_word' id='word_1_562' title='bbox 2336 3460 2438 3515; x_wconf 85' lang='grc' dir='ltr'>οὐκ</span> <span class='ocrx_word' id='word_1_563' title='bbox 2494 3461 2838 3518; x_wconf 70' lang='grc' dir='ltr'>ἐπαινέσειεν*</span> <span class='ocrx_word' id='word_1_564' title='bbox 2910 3465 2956 3520; x_wconf 83' lang='grc' dir='ltr'>εἷ’</span> <span class='ocrx_word' id='word_1_565' title='bbox 3018 3468 3091 3539; x_wconf 79' lang='grc' dir='ltr'>μη</span> <span class='ocrx_word' id='word_1_566' title='bbox 3149 3468 3407 3522; x_wconf 80' lang='grc' dir='ltr'>κάνταῦθα</span> <span class='ocrx_word' id='word_1_567' title='bbox 3467 3464 3532 3522; x_wconf 81' lang='grc' dir='ltr'>δι’</span> <span class='ocrx_word' id='word_1_568' title='bbox 3588 3469 3660 3523; x_wconf 82' lang='grc' dir='ltr'>ὧν</span> <span class='ocrx_word' id='word_1_569' title='bbox 3721 3475 3825 3523; x_wconf 88' lang='grc' dir='ltr'>τοῦ</span> 
     </span>
    </p>
   </div>
   <div class='ocr_carea' id='block_1_82' title="bbox 2172 3549 3828 3636">
    <p class='ocr_par' dir='ltr' id='par_1_82' title="bbox 2172 3549 3828 3636">
     <span class='ocr_line' id='line_1_83' title="bbox 2172 3549 3828 3636; baseline 0.007 -33"><span class='ocrx_word' id='word_1_570' title='bbox 2172 3549 2355 3622; x_wconf 77' lang='grc' dir='ltr'>ἑτέρου</span> <span class='ocrx_word' id='word_1_571' title='bbox 2431 3555 2907 3627; x_wconf 76' lang='grc' dir='ltr'>κατηγορήσομεν,</span> <span class='ocrx_word' id='word_1_572' title='bbox 2980 3556 3070 3611; x_wconf 87' lang='grc' dir='ltr'>τὸν</span> <span class='ocrx_word' id='word_1_573' title='bbox 3146 3554 3324 3624; x_wconf 79' lang='grc' dir='ltr'>ἕτερον</span> <span class='ocrx_word' id='word_1_574' title='bbox 3393 3557 3563 3620; x_wconf 79' lang='grc' dir='ltr'>αἰτίας</span> <span class='ocrx_word' id='word_1_575' title='bbox 3618 3558 3828 3636; x_wconf 73' lang='grc' dir='ltr'>ἀφήσο-</span> 
     </span>
    </p>
   </div>
   <div class='ocr_carea' id='block_1_83' title="bbox 2173 3639 3827 3721">
    <p class='ocr_par' dir='ltr' id='par_1_83' title="bbox 2173 3639 3827 3721">
     <span class='ocr_line' id='line_1_84' title="bbox 2173 3639 3827 3721; baseline 0.006 -29"><span class='ocrx_word' id='word_1_576' title='bbox 2173 3660 2267 3712; x_wconf 88' lang='grc' dir='ltr'>μεν</span> <span class='ocrx_word' id='word_1_577' title='bbox 2299 3642 2434 3713; x_wconf 87' lang='grc'>(17).</span> <span class='ocrx_word' id='word_1_578' title='bbox 2494 3642 2549 3695; x_wconf 84' lang='grc' dir='ltr'><strong>Ὀ</strong></span> <span class='ocrx_word' id='word_1_579' title='bbox 2599 3639 2657 3695; x_wconf 76' lang='grc' dir='ltr'>δὲ</span> <span class='ocrx_word' id='word_1_580' title='bbox 2705 3642 2860 3706; x_wconf 77' lang='grc' dir='ltr'>εὐθὺς</span> <span class='ocrx_word' id='word_1_581' title='bbox 2908 3645 3002 3717; x_wconf 74' lang='grc' dir='ltr'>μὶν</span> <span class='ocrx_word' id='word_1_582' title='bbox 3035 3642 3389 3721; x_wconf 85' lang='grc' dir='ltr'>κληρονόμος</span> <span class='ocrx_word' id='word_1_583' title='bbox 3416 3649 3514 3716; x_wconf 83' lang='grc' dir='ltr'>τῆς</span> <span class='ocrx_word' id='word_1_584' title='bbox 3542 3651 3639 3701; x_wconf 87' lang='grc' dir='ltr'>τοῦ</span> <span class='ocrx_word' id='word_1_585' title='bbox 3670 3644 3827 3702; x_wconf 84' lang='grc' dir='ltr'>ἁδελ-</span> 
     </span>
    </p>
   </div>
   <div class='ocr_carea' id='block_1_84' title="bbox 2169 3729 3825 3811">
    <p class='ocr_par' dir='ltr' id='par_1_84' title="bbox 2169 3729 3825 3811">
     <span class='ocr_line' id='line_1_85' title="bbox 2169 3729 3825 3811; baseline 0.005 -29"><span class='ocrx_word' id='word_1_586' title='bbox 2169 3734 2271 3805; x_wconf 81' lang='grc' dir='ltr'>φοῦ</span> <span class='ocrx_word' id='word_1_587' title='bbox 2308 3729 2609 3805; x_wconf 80' lang='grc' dir='ltr'>βασιλείας,</span> <span class='ocrx_word' id='word_1_588' title='bbox 2644 3730 2770 3786; x_wconf 82' lang='grc' dir='ltr'>ἀλλ’</span> <span class='ocrx_word' id='word_1_589' title='bbox 2800 3731 2899 3787; x_wconf 89' lang='grc' dir='ltr'>οὐκ</span> <span class='ocrx_word' id='word_1_590' title='bbox 2929 3729 3219 3796; x_wconf 57' lang='grc' dir='ltr'>εὐσεϐείας</span> <span class='ocrx_word' id='word_1_591' title='bbox 3257 3735 3450 3811; x_wconf 86' lang='grc' dir='ltr'>μικρὸν</span> <span class='ocrx_word' id='word_1_592' title='bbox 3500 3732 3556 3791; x_wconf 78' lang='grc' dir='ltr'>δὶ</span> <span class='ocrx_word' id='word_1_593' title='bbox 3604 3735 3825 3811; x_wconf 75' lang='grc' dir='ltr'>ὕστερον</span> 
     </span>
    </p>
   </div>
   <div class='ocr_carea' id='block_1_85' title="bbox 2164 3816 3820 3898">
    <p class='ocr_par' dir='ltr' id='par_1_85' title="bbox 2164 3816 3820 3898">
     <span class='ocr_line' id='line_1_86' title="bbox 2164 3816 3820 3898; baseline 0.005 -27"><span class='ocrx_word' id='word_1_594' title='bbox 2164 3817 2253 3873; x_wconf 78' lang='grc' dir='ltr'>καὶ</span> <span class='ocrx_word' id='word_1_595' title='bbox 2308 3817 2405 3873; x_wconf 88' lang='grc' dir='ltr'>τοῦ</span> <span class='ocrx_word' id='word_1_596' title='bbox 2456 3816 2869 3892; x_wconf 72' lang='grc' dir='ltr'>βασιλεύσαντος</span> <span class='ocrx_word' id='word_1_597' title='bbox 2919 3821 3077 3876; x_wconf 85' lang='grc' dir='ltr'>αὐτὸν</span> <span class='ocrx_word' id='word_1_598' title='bbox 3128 3822 3357 3898; x_wconf 85' lang='grc' dir='ltr'>γίνεται,</span> <span class='ocrx_word' id='word_1_599' title='bbox 3408 3825 3469 3878; x_wconf 86' lang='grc' dir='ltr'>τὸ</span> <span class='ocrx_word' id='word_1_600' title='bbox 3520 3824 3613 3898; x_wconf 71' lang='grc' dir='ltr'>μὲν</span> <span class='ocrx_word' id='word_1_601' title='bbox 3668 3820 3820 3879; x_wconf 84' lang='grc' dir='ltr'>ἐκόν-</span> 
     </span>
    </p>
   </div>
   <div class='ocr_carea' id='block_1_86' title="bbox 2162 3905 3820 3985">
    <p class='ocr_par' dir='ltr' id='par_1_86' title="bbox 2162 3905 3820 3985">
     <span class='ocr_line' id='line_1_87' title="bbox 2162 3905 3820 3985; baseline 0.005 -26"><span class='ocrx_word' id='word_1_602' title='bbox 2162 3926 2254 3968; x_wconf 88' lang='grc' dir='ltr'>τος</span> <span class='ocrx_word' id='word_1_603' title='bbox 2304 3910 2438 3981; x_wconf 86' lang='grc'>(18),</span> <span class='ocrx_word' id='word_1_604' title='bbox 2486 3909 2547 3962; x_wconf 89' lang='grc' dir='ltr'>τὸ</span> <span class='ocrx_word' id='word_1_605' title='bbox 2598 3905 2655 3963; x_wconf 81' lang='grc' dir='ltr'>δὶ</span> <span class='ocrx_word' id='word_1_606' title='bbox 2706 3911 3015 3983; x_wconf 73' lang='grc' dir='ltr'>βιασθέντος</span> <span class='ocrx_word' id='word_1_607' title='bbox 3071 3915 3150 3984; x_wconf 79' lang='grc' dir='ltr'>τῷ</span> <span class='ocrx_word' id='word_1_608' title='bbox 3198 3917 3365 3985; x_wconf 87' lang='grc' dir='ltr'>κοινῷ</span> <span class='ocrx_word' id='word_1_609' title='bbox 3408 3910 3576 3983; x_wconf 81' lang='grc' dir='ltr'>τέλει,</span> <span class='ocrx_word' id='word_1_610' title='bbox 3606 3912 3694 3967; x_wconf 86' lang='grc' dir='ltr'>καὶ</span> <span class='ocrx_word' id='word_1_611' title='bbox 3724 3915 3820 3983; x_wconf 76' lang='grc' dir='ltr'>ἡτ-</span> 
     </span>
    </p>
   </div>
   <div class='ocr_carea' id='block_1_87' title="bbox 2160 3996 3818 4074">
    <p class='ocr_par' dir='ltr' id='par_1_87' title="bbox 2160 3996 3818 4074">
     <span class='ocr_line' id='line_1_88' title="bbox 2160 3996 3818 4074; baseline 0.006 -26"><span class='ocrx_word' id='word_1_612' title='bbox 2160 3996 2415 4066; x_wconf 74' lang='grc' dir='ltr'>τηθέντος</span> <span class='ocrx_word' id='word_1_613' title='bbox 2468 3999 2630 4066; x_wconf 70' lang='grc' dir='ltr'>ἧτταν</span> <span class='ocrx_word' id='word_1_614' title='bbox 2689 3999 2843 4054; x_wconf 83' lang='grc' dir='ltr'>παντὶ</span> <span class='ocrx_word' id='word_1_615' title='bbox 2901 4005 2981 4073; x_wconf 81' lang='grc' dir='ltr'>τῷ</span> <span class='ocrx_word' id='word_1_616' title='bbox 3038 4001 3231 4074; x_wconf 86' lang='grc' dir='ltr'>κόσμῳ</span> <span class='ocrx_word' id='word_1_617' title='bbox 3290 4004 3459 4072; x_wconf 70' lang='grc' dir='ltr'>κακὴν</span> <span class='ocrx_word' id='word_1_618' title='bbox 3521 4002 3609 4057; x_wconf 87' lang='grc' dir='ltr'>καὶ</span> <span class='ocrx_word' id='word_1_619' title='bbox 3690 4001 3818 4058; x_wconf 73' lang='grc' dir='ltr'>ὀλι-</span> 
     </span>
    </p>
   </div>
   <div class='ocr_carea' id='block_1_88' title="bbox 2161 4086 2331 4160">
    <p class='ocr_par' dir='ltr' id='par_1_88' title="bbox 2161 4086 2331 4160">
     <span class='ocr_line' id='line_1_89' title="bbox 2161 4086 2331 4160; baseline 0 -21"><span class='ocrx_word' id='word_1_620' title='bbox 2161 4086 2331 4160; x_wconf 90' lang='grc' dir='ltr'>θριον.</span> 
     </span>
    </p>
   </div>
   <div class='ocr_carea' id='block_1_89' title="bbox 2230 4263 3822 4348">
    <p class='ocr_par' dir='ltr' id='par_1_89' title="bbox 2230 4263 3822 4348">
     <span class='ocr_line' id='line_1_90' title="bbox 2230 4263 3822 4348; baseline 0.006 -31"><span class='ocrx_word' id='word_1_621' title='bbox 2230 4266 2347 4318; x_wconf 55' lang='grc' dir='ltr'>ΛΔᾭ</span> <span class='ocrx_word' id='word_1_622' title='bbox 2385 4263 2442 4317; x_wconf 83' lang='grc' dir='ltr'>Τί</span> <span class='ocrx_word' id='word_1_623' title='bbox 2472 4269 2653 4338; x_wconf 83' lang='grc' dir='ltr'>τοῦτο,</span> <span class='ocrx_word' id='word_1_624' title='bbox 2685 4264 2728 4319; x_wconf 83' lang='grc' dir='ltr'><strong>ὦ</strong></span> <span class='ocrx_word' id='word_1_625' title='bbox 2762 4267 3000 4331; x_wconf 84' lang='grc' dir='ltr'>θειότατε</span> <span class='ocrx_word' id='word_1_626' title='bbox 3048 4268 3316 4344; x_wconf 73' lang='grc' dir='ltr'>βασιλέων</span> <span class='ocrx_word' id='word_1_627' title='bbox 3366 4274 3479 4345; x_wconf 82' lang='grc'>(19)</span> <span class='ocrx_word' id='word_1_628' title='bbox 3518 4271 3608 4326; x_wconf 83' lang='grc' dir='ltr'>καὶ</span> <span class='ocrx_word' id='word_1_629' title='bbox 3661 4269 3822 4348; x_wconf 68' lang='grc' dir='ltr'>φιλο-</span> 
     </span>
    </p>
   </div>
   <div class='ocr_carea' id='block_1_90' title="bbox 2158 4352 3818 4436">
    <p class='ocr_par' dir='ltr' id='par_1_90' title="bbox 2158 4352 3818 4436">
     <span class='ocr_line' id='line_1_91' title="bbox 2158 4352 3818 4436; baseline 0.005 -29"><span class='ocrx_word' id='word_1_630' title='bbox 2158 4352 2483 4429; x_wconf 83' lang='grc' dir='ltr'>χριστότατε</span> <span class='ocrx_word' id='word_1_631' title='bbox 2568 4354 2902 4431; x_wconf 83' lang='grc' dir='ltr'>(προάγομαι</span> <span class='ocrx_word' id='word_1_632' title='bbox 2976 4362 3089 4434; x_wconf 74' lang='grc'>(20)</span> <span class='ocrx_word' id='word_1_633' title='bbox 3146 4360 3251 4436; x_wconf 78' lang='grc' dir='ltr'>γὰρ</span> <span class='ocrx_word' id='word_1_634' title='bbox 3309 4360 3384 4422; x_wconf 84' lang='grc' dir='ltr'>ὡς</span> <span class='ocrx_word' id='word_1_635' title='bbox 3438 4362 3665 4436; x_wconf 85' lang='grc' dir='ltr'>παρόντι</span> <span class='ocrx_word' id='word_1_636' title='bbox 3723 4360 3818 4415; x_wconf 76' lang='grc' dir='ltr'>καὶ</span> 
     </span>
    </p>
   </div>
   <div class='ocr_carea' id='block_1_91' title="bbox 2157 4441 3818 4525">
    <p class='ocr_par' dir='ltr' id='par_1_91' title="bbox 2157 4441 3818 4525">
     <span class='ocr_line' id='line_1_92' title="bbox 2157 4441 3818 4525; baseline 0.006 -31"><span class='ocrx_word' id='word_1_637' title='bbox 2157 4441 2405 4497; x_wconf 68' lang='grc' dir='ltr'>ἀκούοντι</span> <span class='ocrx_word' id='word_1_638' title='bbox 2461 4441 2793 4517; x_wconf 67' lang='grc' dir='ltr'>μέμψασθαι,</span> <span class='ocrx_word' id='word_1_639' title='bbox 2842 4447 2931 4502; x_wconf 89' lang='grc' dir='ltr'>καὶ</span> <span class='ocrx_word' id='word_1_640' title='bbox 2984 4448 3029 4502; x_wconf 82' lang='grc' dir='ltr'>εἰ</span> <span class='ocrx_word' id='word_1_641' title='bbox 3076 4447 3221 4503; x_wconf 80' lang='grc' dir='ltr'>πολὺ</span> <span class='ocrx_word' id='word_1_642' title='bbox 3250 4450 3527 4525; x_wconf 86' lang='grc' dir='ltr'>κρείττονα</span> <span class='ocrx_word' id='word_1_643' title='bbox 3558 4450 3818 4525; x_wconf 86' lang='grc' dir='ltr'>γινώσκω</span> 
     </span>
    </p>
   </div>
   <div class='ocr_carea' id='block_1_92' title="bbox 388 4520 2048 4614">
    <p class='ocr_par' dir='ltr' id='par_1_92' title="bbox 388 4534 2035 4612">
     <span class='ocr_line' id='line_1_93' title="bbox 388 4534 2035 4612; baseline -0.005 -17"><span class='ocrx_word' id='word_1_644' title='bbox 388 4538 776 4612; x_wconf 84' lang='lat' dir='ltr'>expostulem,</span> <span class='ocrx_word' id='word_1_645' title='bbox 809 4537 916 4592; x_wconf 89' lang='lat' dir='ltr'>etsi</span> <span class='ocrx_word' id='word_1_646' title='bbox 952 4536 1136 4591; x_wconf 90' lang='lat' dir='ltr'>multo</span> <span class='ocrx_word' id='word_1_647' title='bbox 1166 4534 1635 4607; x_wconf 67' lang='lat' dir='ltr'>praestantiorem</span> <span class='ocrx_word' id='word_1_648' title='bbox 1662 4539 1718 4588; x_wconf 91' lang='lat' dir='ltr'>te</span> <span class='ocrx_word' id='word_1_649' title='bbox 1738 4550 1865 4588; x_wconf 86' lang='lat' dir='ltr'>esse</span> <span class='ocrx_word' id='word_1_650' title='bbox 1896 4534 2035 4603; x_wconf 86' lang='lat' dir='ltr'>scio,</span> 
     </span>
    </p>
   </div>
   <div class='ocr_carea' id='block_1_93' title="bbox 2168 4520 3816 4614">
    <p class='ocr_par' dir='ltr' id='par_1_93' title="bbox 2168 4520 3816 4614">
     <span class='ocr_line' id='line_1_94' title="bbox 2168 4520 3816 4614; baseline 0.005 -29"><span class='ocrx_word' id='word_1_651' title='bbox 2168 4538 2245 4600; x_wconf 78' lang='grc' dir='ltr'>τῆς</span> <span class='ocrx_word' id='word_1_652' title='bbox 2290 4530 2558 4605; x_wconf 70' lang='grc' dir='ltr'>ἡμετέρας</span> <span class='ocrx_word' id='word_1_653' title='bbox 2610 4532 2890 4608; x_wconf 74' lang='grc' dir='ltr'>μέμψεως,</span> <span class='ocrx_word' id='word_1_654' title='bbox 2942 4537 3079 4610; x_wconf 81' lang='grc' dir='ltr'>μετὰ</span> <span class='ocrx_word' id='word_1_655' title='bbox 3123 4543 3259 4595; x_wconf 88' lang='grc' dir='ltr'>Θεοῦ</span> <span class='ocrx_word' id='word_1_656' title='bbox 3288 4520 3430 4613; x_wconf 36' lang='grc'>’(21)</span> <span class='ocrx_word' id='word_1_657' title='bbox 3457 4520 3816 4614; x_wconf 72' lang='grc' dir='ltr'>τεταγμένον,</span> 
     </span>
    </p>
   </div>
   <div class='ocr_carea' id='block_1_94' title="bbox 1039 4652 1533 4717">
    <p class='ocr_par' dir='ltr' id='par_1_94' title="bbox 1039 4652 1533 4717">
     <span class='ocr_line' id='line_1_95' title="bbox 1039 4652 1533 4717; baseline -0.004 -11"><span class='ocrx_word' id='word_1_658' title='bbox 1039 4654 1085 4687; x_wconf 63' lang='grc'>9⁵</span> <span class='ocrx_word' id='word_1_659' title='bbox 1120 4657 1283 4706; x_wconf 25' lang='lat' dir='ltr'>Prov.</span> <span class='ocrx_word' id='word_1_660' title='bbox 1318 4667 1413 4717; x_wconf 83' lang='lat' dir='ltr'>xv,</span> <span class='ocrx_word' id='word_1_661' title='bbox 1445 4652 1533 4705; x_wconf 92' lang='lat'>33.</span> 
     </span>
    </p>
   </div>
   <div class='ocr_carea' id='block_1_95' title="bbox 452 4766 2036 4849">
    <p class='ocr_par' dir='ltr' id='par_1_95' title="bbox 452 4766 2036 4849">
     <span class='ocr_line' id='line_1_96' title="bbox 452 4766 2036 4849; baseline -0.004 -22"><span class='ocrx_word' id='word_1_662' title='bbox 452 4774 565 4849; x_wconf 71' lang='grc'>(11)</span> <span class='ocrx_word' id='word_1_663' title='bbox 595 4766 801 4849; x_wconf 79' lang='grc' dir='ltr'>Ὕϐρις.</span> <span class='ocrx_word' id='word_1_664' title='bbox 835 4770 1085 4842; x_wconf 82' lang='lat' dir='ltr'>Vulgata</span> <span class='ocrx_word' id='word_1_665' title='bbox 1118 4771 1316 4824; x_wconf 84' lang='lat' dir='ltr'>minus</span> <span class='ocrx_word' id='word_1_666' title='bbox 1348 4767 1640 4840; x_wconf 85' lang='lat' dir='ltr'>aequivoce</span> <span class='ocrx_word' id='word_1_667' title='bbox 1672 4766 1908 4833; x_wconf 81' lang='lat' dir='ltr'>vertit,«</span> <span class='ocrx_word' id='word_1_668' title='bbox 1937 4784 2036 4822; x_wconf 87' lang='lat' dir='ltr'>su-</span> 
     </span>
    </p>
   </div>
   <div class='ocr_carea' id='block_1_96' title="bbox 374 4846 663 4921">
    <p class='ocr_par' dir='ltr' id='par_1_96' title="bbox 374 4846 663 4921">
     <span class='ocr_line' id='line_1_97' title="bbox 374 4846 663 4921; baseline -0.007 -20"><span class='ocrx_word' id='word_1_669' title='bbox 374 4846 607 4921; x_wconf 50' lang='lat' dir='ltr'>perbia.</span> <span class='ocrx_word' id='word_1_670' title='bbox 637 4867 663 4894; x_wconf 75' lang='grc' dir='ltr'>ι)</span> 
     </span>
    </p>
   </div>
   <div class='ocr_carea' id='block_1_97' title="bbox 450 4912 1602 4989">
    <p class='ocr_par' dir='ltr' id='par_1_97' title="bbox 450 4912 1602 4989">
     <span class='ocr_line' id='line_1_98' title="bbox 450 4912 1602 4989; baseline -0.01 -17"><span class='ocrx_word' id='word_1_671' title='bbox 450 4920 561 4989; x_wconf 78' lang='grc'>(12)</span> <span class='ocrx_word' id='word_1_672' title='bbox 598 4918 959 4987; x_wconf 73' lang='grc' dir='ltr'>Ἐπινετρῶν.</span> <span class='ocrx_word' id='word_1_673' title='bbox 998 4914 1138 4982; x_wconf 71' lang='lat' dir='ltr'>Reg.</span> <span class='ocrx_word' id='word_1_674' title='bbox 1175 4914 1211 4977; x_wconf 80' lang='grc' dir='ltr'>Ι,</span> <span class='ocrx_word' id='word_1_675' title='bbox 1246 4912 1602 4989; x_wconf 73' lang='grc' dir='ltr'>ἀντιμετρῶν.</span> 
     </span>
    </p>
   </div>
   <div class='ocr_carea' id='block_1_98' title="bbox 450 4981 2029 5059">
    <p class='ocr_par' dir='ltr' id='par_1_98' title="bbox 450 4981 2029 5059">
     <span class='ocr_line' id='line_1_99' title="bbox 450 4981 2029 5059; baseline -0.005 -16"><span class='ocrx_word' id='word_1_676' title='bbox 450 4981 562 5059; x_wconf 78' lang='grc'>(13)</span> <span class='ocrx_word' id='word_1_677' title='bbox 598 4981 995 5059; x_wconf 73' lang='grc' dir='ltr'>Πλημμέλείας</span> <span class='ocrx_word' id='word_1_678' title='bbox 1026 4981 1103 5059; x_wconf 79' lang='grc' dir='ltr'>τε.</span> <span class='ocrx_word' id='word_1_679' title='bbox 1146 4986 1312 5059; x_wconf 63' lang='lat' dir='ltr'>peest</span> <span class='ocrx_word' id='word_1_680' title='bbox 1341 5004 1397 5035; x_wconf 87' lang='grc' dir='ltr'>τε</span> <span class='ocrx_word' id='word_1_681' title='bbox 1430 4981 1504 5059; x_wconf 82' lang='lat' dir='ltr'>iu_</span> <span class='ocrx_word' id='word_1_682' title='bbox 1534 4981 1827 5059; x_wconf 70' lang='lat' dir='ltr'>plerisque</span> <span class='ocrx_word' id='word_1_683' title='bbox 1862 4983 2029 5036; x_wconf 71' lang='lat' dir='ltr'>codd.</span> 
     </span>
    </p>
   </div>
   <div class='ocr_carea' id='block_1_99' title="bbox 379 5054 2034 5116">
    <p class='ocr_par' dir='ltr' id='par_1_99' title="bbox 379 5054 2034 5116">
     <span class='ocr_line' id='line_1_100' title="bbox 379 5054 2034 5116; baseline -0.004 -1"><span class='ocrx_word' id='word_1_684' title='bbox 379 5054 553 5116; x_wconf 27' lang='lat' dir='ltr'>Hunc.</span> <span class='ocrx_word' id='word_1_685' title='bbox 577 5054 885 5114; x_wconf 38' lang='lat' dir='ltr'>locu&#39;m&#39;sic</span> <span class='ocrx_word' id='word_1_686' title='bbox 918 5058 1107 5113; x_wconf 88' lang='lat' dir='ltr'>reddit</span> <span class='ocrx_word' id='word_1_687' title='bbox 1137 5056 1337 5111; x_wconf 84' lang='lat' dir='ltr'>Comb.</span> <span class='ocrx_word' id='word_1_688' title='bbox 1376 5071 1389 5109; x_wconf 86' lang='lat'><strong>:</strong></span> <span class='ocrx_word' id='word_1_689' title='bbox 1426 5079 1447 5101; x_wconf 79' lang='grc' dir='ltr'>(ι</span> <span class='ocrx_word' id='word_1_690' title='bbox 1490 5055 1643 5107; x_wconf 78' lang='lat' dir='ltr'>Inter</span> <span class='ocrx_word' id='word_1_691' title='bbox 1676 5054 1946 5107; x_wconf 84' lang='lat' dir='ltr'>delictum</span> <span class='ocrx_word' id='word_1_692' title='bbox 1978 5062 2034 5109; x_wconf 88' lang='lat' dir='ltr'>et</span> 
     </span>
    </p>
   </div>
   <div class='ocr_carea' id='block_1_100' title="bbox 379 5126 2033 5198">
    <p class='ocr_par' dir='ltr' id='par_1_100' title="bbox 379 5126 2033 5198">
     <span class='ocr_line' id='line_1_101' title="bbox 379 5126 2033 5198; baseline -0.004 -11"><span class='ocrx_word' id='word_1_693' title='bbox 379 5132 848 5187; x_wconf 89' lang='lat' dir='ltr'>emendationem</span> <span class='ocrx_word' id='word_1_694' title='bbox 922 5128 1174 5185; x_wconf 90' lang='lat' dir='ltr'>mediam</span> <span class='ocrx_word' id='word_1_695' title='bbox 1243 5128 1619 5198; x_wconf 89' lang='lat' dir='ltr'>interponens</span> <span class='ocrx_word' id='word_1_696' title='bbox 1688 5126 2033 5196; x_wconf 86' lang='lat' dir='ltr'>resipiscen-</span> 
     </span>
    </p>
   </div>
   <div class='ocr_carea' id='block_1_101' title="bbox 379 5204 609 5258">
    <p class='ocr_par' dir='ltr' id='par_1_101' title="bbox 379 5204 609 5258">
     <span class='ocr_line' id='line_1_102' title="bbox 379 5204 609 5258; baseline -0.009 0"><span class='ocrx_word' id='word_1_697' title='bbox 379 5204 543 5258; x_wconf 87' lang='lat' dir='ltr'>tiam.</span> <span class='ocrx_word' id='word_1_698' title='bbox 581 5225 609 5251; x_wconf 88' lang='grc'><strong>››</strong></span> 
     </span>
    </p>
   </div>
   <div class='ocr_carea' id='block_1_102' title="bbox 450 5266 2028 5345">
    <p class='ocr_par' dir='ltr' id='par_1_102' title="bbox 450 5266 2028 5345">
     <span class='ocr_line' id='line_1_103' title="bbox 450 5266 2028 5345; baseline -0.004 -16"><span class='ocrx_word' id='word_1_699' title='bbox 450 5275 563 5345; x_wconf 79' lang='grc'>(14)</span> <span class='ocrx_word' id='word_1_700' title='bbox 598 5270 966 5341; x_wconf 74' lang='grc' dir='ltr'>Γεννωμὲνην.</span> <span class='ocrx_word' id='word_1_701' title='bbox 1020 5271 1219 5325; x_wconf 83' lang='lat' dir='ltr'>Comb.</span> <span class='ocrx_word' id='word_1_702' title='bbox 1258 5292 1283 5318; x_wconf 89' lang='grc'>‹‹</span> <span class='ocrx_word' id='word_1_703' title='bbox 1321 5285 1444 5339; x_wconf 69' lang='lat' dir='ltr'>qua‘</span> <span class='ocrx_word' id='word_1_704' title='bbox 1495 5284 1560 5321; x_wconf 79' lang='lat' dir='ltr'>rx</span> <span class='ocrx_word' id='word_1_705' title='bbox 1610 5266 1708 5321; x_wconf 90' lang='lat' dir='ltr'>illo</span> <span class='ocrx_word' id='word_1_706' title='bbox 1756 5270 1883 5322; x_wconf 88' lang='lat' dir='ltr'>orta</span> <span class='ocrx_word' id='word_1_707' title='bbox 1928 5268 2028 5335; x_wconf 82' lang='lat' dir='ltr'>sit,</span> 
     </span>
    </p>
   </div>
   <div class='ocr_carea' id='block_1_103' title="bbox 450 4650 2005 4723">
    <p class='ocr_par' dir='ltr' id='par_1_103' title="bbox 450 4650 2005 4723">
     <span class='ocr_line' id='line_1_104' title="bbox 450 4650 2005 4723; baseline -0.003 -12"><span class='ocrx_word' id='word_1_708' title='bbox 450 4658 496 4691; x_wconf 70' lang='grc'>2³</span> <span class='ocrx_word' id='word_1_709' title='bbox 525 4660 692 4711; x_wconf 86' lang='lat' dir='ltr'>Prov.</span> <span class='ocrx_word' id='word_1_710' title='bbox 726 4671 841 4723; x_wconf 79' lang='lat' dir='ltr'><strong>XVI,</strong></span> <span class='ocrx_word' id='word_1_711' title='bbox 871 4655 961 4709; x_wconf 86' lang='grc'>18.</span> <span class='ocrx_word' id='word_1_712' title='bbox 1039 4654 1085 4687; x_wconf 65' lang='lat'>9&quot;</span> <span class='ocrx_word' id='word_1_713' title='bbox 1120 4657 1283 4706; x_wconf 28' lang='lat' dir='ltr'>Prov.</span> <span class='ocrx_word' id='word_1_714' title='bbox 1318 4667 1413 4717; x_wconf 84' lang='lat' dir='ltr'>xv,</span> <span class='ocrx_word' id='word_1_715' title='bbox 1445 4652 1533 4705; x_wconf 93' lang='lat'>33.</span> <span class='ocrx_word' id='word_1_716' title='bbox 1614 4650 1659 4683; x_wconf 69' lang='grc'>³⁵</span> <span class='ocrx_word' id='word_1_717' title='bbox 1687 4652 1803 4705; x_wconf 85' lang='lat' dir='ltr'>Jac.</span> <span class='ocrx_word' id='word_1_718' title='bbox 1840 4668 1916 4717; x_wconf 86' lang='lat' dir='ltr'>1v,</span> <span class='ocrx_word' id='word_1_719' title='bbox 1949 4652 2005 4706; x_wconf 89' lang='lat'>6.</span> 
     </span>
    </p>
   </div>
   <div class='ocr_carea' id='block_1_104' title="bbox 2082 4650 2656 4718">
    <p class='ocr_par' dir='ltr' id='par_1_104' title="bbox 2082 4650 2656 4718">
     <span class='ocr_line' id='line_1_105' title="bbox 2082 4650 2656 4718; baseline 0.005 -11"><span class='ocrx_word' id='word_1_720' title='bbox 2082 4652 2125 4686; x_wconf 79' lang='grc'>²⁶</span> <span class='ocrx_word' id='word_1_721' title='bbox 2156 4650 2307 4707; x_wconf 83' lang='lat' dir='ltr'>Psal.</span> <span class='ocrx_word' id='word_1_722' title='bbox 2341 4668 2535 4718; x_wconf 83' lang='lat' dir='ltr'>cxvm,</span> <span class='ocrx_word' id='word_1_723' title='bbox 2565 4656 2656 4711; x_wconf 85' lang='lat'>67.</span> 
     </span>
    </p>
   </div>
   <div class='ocr_carea' id='block_1_105' title="bbox 2733 4655 3302 4724">
    <p class='ocr_par' dir='ltr' id='par_1_105' title="bbox 2733 4655 3302 4724">
     <span class='ocr_line' id='line_1_106' title="bbox 2733 4655 3302 4724; baseline 0.004 -14"><span class='ocrx_word' id='word_1_724' title='bbox 2733 4657 2775 4691; x_wconf 79' lang='grc'>³⁷</span> <span class='ocrx_word' id='word_1_725' title='bbox 2808 4655 2976 4711; x_wconf 92' lang='lat' dir='ltr'>Deut.</span> <span class='ocrx_word' id='word_1_726' title='bbox 3010 4672 3186 4724; x_wconf 82' lang='lat' dir='ltr'>xxxn,</span> <span class='ocrx_word' id='word_1_727' title='bbox 3216 4658 3302 4713; x_wconf 87' lang='grc'>15.</span> 
     </span>
    </p>
   </div>
   <div class='ocr_carea' id='block_1_106' title="bbox 2149 4766 3804 4849">
    <p class='ocr_par' dir='ltr' id='par_1_106' title="bbox 2149 4766 3804 4849">
     <span class='ocr_line' id='line_1_107' title="bbox 2149 4766 3804 4849; baseline 0.007 -29"><span class='ocrx_word' id='word_1_728' title='bbox 2149 4766 2349 4849; x_wconf 58' lang='lat' dir='ltr'>gallus</span> <span class='ocrx_word' id='word_1_729' title='bbox 2379 4785 2687 4849; x_wconf 72' lang='lat' dir='ltr'>resnovas</span> <span class='ocrx_word' id='word_1_730' title='bbox 2715 4770 3189 4849; x_wconf 70' lang='lat' dir='ltr'>est_moli_tus,_et</span> <span class='ocrx_word' id='word_1_731' title='bbox 3232 4774 3301 4849; x_wconf 78' lang='lat' dir='ltr'>ad</span> <span class='ocrx_word' id='word_1_732' title='bbox 3337 4778 3583 4829; x_wconf 90' lang='lat' dir='ltr'>mortem</span> <span class='ocrx_word' id='word_1_733' title='bbox 3620 4790 3804 4846; x_wconf 87' lang='lat' dir='ltr'>quam</span> 
     </span>
    </p>
   </div>
   <div class='ocr_carea' id='block_1_107' title="bbox 2148 4839 3808 4902">
    <p class='ocr_par' dir='ltr' id='par_1_107' title="bbox 2148 4839 3808 4902">
     <span class='ocr_line' id='line_1_108' title="bbox 2148 4839 3808 4902; baseline 0.005 -9"><span class='ocrx_word' id='word_1_734' title='bbox 2148 4839 2285 4893; x_wconf 92' lang='lat' dir='ltr'>huic</span> <span class='ocrx_word' id='word_1_735' title='bbox 2308 4842 2507 4895; x_wconf 90' lang='lat' dir='ltr'>intulit</span> <span class='ocrx_word' id='word_1_736' title='bbox 2522 4844 3018 4899; x_wconf 73' lang='lat' dir='ltr'>(Ionstantius.Sic</span> <span class='ocrx_word' id='word_1_737' title='bbox 3033 4845 3185 4899; x_wconf 84' lang='lat' dir='ltr'>enim</span> <span class='ocrx_word' id='word_1_738' title='bbox 3204 4846 3451 4900; x_wconf 86' lang='lat' dir='ltr'>alterum</span> <span class='ocrx_word' id='word_1_739' title='bbox 3468 4839 3808 4902; x_wconf 57' lang='lat' dir='ltr'>accusasset</span> 
     </span>
    </p>
   </div>
   <div class='ocr_carea' id='block_1_108' title="bbox 2147 4913 3805 4985">
    <p class='ocr_par' dir='ltr' id='par_1_108' title="bbox 2147 4913 3805 4985">
     <span class='ocr_line' id='line_1_109' title="bbox 2147 4913 3805 4985; baseline 0.005 -20"><span class='ocrx_word' id='word_1_740' title='bbox 2147 4913 2737 4981; x_wconf 80' lang='lat' dir='ltr'>Gregorius,alterum</span> <span class='ocrx_word' id='word_1_741' title='bbox 2772 4916 2944 4985; x_wconf 88' lang='lat' dir='ltr'>culpa</span> <span class='ocrx_word' id='word_1_742' title='bbox 2975 4915 3207 4971; x_wconf 88' lang='lat' dir='ltr'>liberari</span> <span class='ocrx_word' id='word_1_743' title='bbox 3238 4934 3475 4973; x_wconf 86' lang='lat' dir='ltr'>necesse</span> <span class='ocrx_word' id='word_1_744' title='bbox 3502 4924 3805 4984; x_wconf 76' lang='lat' dir='ltr'>erat.Qua-</span> 
     </span>
    </p>
   </div>
   <div class='ocr_carea' id='block_1_109' title="bbox 2148 4986 3804 5061">
    <p class='ocr_par' dir='ltr' id='par_1_109' title="bbox 2148 4986 3804 5061">
     <span class='ocr_line' id='line_1_110' title="bbox 2148 4986 3804 5061; baseline 0.004 -24"><span class='ocrx_word' id='word_1_745' title='bbox 2148 4986 2591 5061; x_wconf 71' lang='lat' dir='ltr'>prOpter,misso</span> <span class='ocrx_word' id='word_1_746' title='bbox 2619 4989 2931 5061; x_wconf 75' lang='lat' dir='ltr'>utriusque</span> <span class='ocrx_word' id='word_1_747' title='bbox 2966 4987 3374 5061; x_wconf 71' lang='lat' dir='ltr'>facinore,quae</span> <span class='ocrx_word' id='word_1_748' title='bbox 3410 4992 3466 5043; x_wconf 89' lang='lat' dir='ltr'>in</span> <span class='ocrx_word' id='word_1_749' title='bbox 3505 4990 3692 5044; x_wconf 85' lang='lat' dir='ltr'>medio</span> <span class='ocrx_word' id='word_1_750' title='bbox 3716 4991 3804 5044; x_wconf 86' lang='lat' dir='ltr'>di-</span> 
     </span>
    </p>
   </div>
   <div class='ocr_carea' id='block_1_110' title="bbox 2148 5056 3618 5132">
    <p class='ocr_par' dir='ltr' id='par_1_110' title="bbox 2148 5056 3618 5132">
     <span class='ocr_line' id='line_1_111' title="bbox 2148 5056 3618 5132; baseline 0.004 -23"><span class='ocrx_word' id='word_1_751' title='bbox 2148 5056 2331 5132; x_wconf 69' lang='lat' dir='ltr'>cenda</span> <span class='ocrx_word' id='word_1_752' title='bbox 2359 5060 2527 5132; x_wconf 77' lang='lat' dir='ltr'>erant</span> <span class='ocrx_word' id='word_1_753' title='bbox 2583 5057 2815 5132; x_wconf 85' lang='lat' dir='ltr'>silentio</span> <span class='ocrx_word' id='word_1_754' title='bbox 2844 5076 2905 5113; x_wconf 88' lang='lat' dir='ltr'>se</span> <span class='ocrx_word' id='word_1_755' title='bbox 2935 5075 3201 5129; x_wconf 88' lang='lat' dir='ltr'>premere</span> <span class='ocrx_word' id='word_1_756' title='bbox 3228 5056 3554 5132; x_wconf 78' lang='lat' dir='ltr'>proﬁtetur.</span> <span class='ocrx_word' id='word_1_757' title='bbox 3592 5083 3618 5109; x_wconf 72' lang='grc' dir='ltr'><strong>η</strong></span> 
     </span>
    </p>
   </div>
   <div class='ocr_carea' id='block_1_111' title="bbox 2207 5126 3801 5207">
    <p class='ocr_par' dir='ltr' id='par_1_111' title="bbox 2207 5126 3801 5207">
     <span class='ocr_line' id='line_1_112' title="bbox 2207 5126 3801 5207; baseline 0.007 -29"><span class='ocrx_word' id='word_1_758' title='bbox 2207 5126 2691 5207; x_wconf 24' lang='grc' dir='ltr'>,(³17),ἈερτςσρμΞν-.</span> <span class='ocrx_word' id='word_1_759' title='bbox 2727 5126 3049 5207; x_wconf 33' lang='grc' dir='ltr'>ΫῘΧΔΠΠἾΠῘΠ</span> <span class='ocrx_word' id='word_1_760' title='bbox 3084 5126 3340 5204; x_wconf 73' lang='lat' dir='ltr'>reperias</span> <span class='ocrx_word' id='word_1_761' title='bbox 3371 5132 3653 5197; x_wconf 89' lang='lat' dir='ltr'>codicem,</span> <span class='ocrx_word' id='word_1_762' title='bbox 3686 5132 3801 5204; x_wconf 87' lang='lat' dir='ltr'>qui</span> 
     </span>
    </p>
   </div>
   <div class='ocr_carea' id='block_1_112' title="bbox 2142 5195 3056 5276">
    <p class='ocr_par' dir='ltr' id='par_1_112' title="bbox 2142 5195 3056 5276">
     <span class='ocr_line' id='line_1_113' title="bbox 2142 5195 3056 5276; baseline 0.005 -26"><span class='ocrx_word' id='word_1_763' title='bbox 2142 5195 2316 5276; x_wconf 61' lang='lat' dir='ltr'>aliter</span> <span class='ocrx_word' id='word_1_764' title='bbox 2343 5195 2584 5276; x_wconf 56' lang='lat' dir='ltr'>habeat.</span> <span class='ocrx_word' id='word_1_765' title='bbox 2612 5201 2709 5276; x_wconf 60' lang='lat' dir='ltr'>Ed.</span> <span class='ocrx_word' id='word_1_766' title='bbox 2741 5199 3056 5276; x_wconf 73' lang='grc' dir='ltr'>ἀφησωμεν.</span> 
     </span>
    </p>
   </div>
   <div class='ocr_carea' id='block_1_113' title="bbox 2210 5268 3797 5342">
    <p class='ocr_par' dir='ltr' id='par_1_113' title="bbox 2210 5268 3797 5342">
     <span class='ocr_line' id='line_1_114' title="bbox 2210 5268 3797 5342; baseline 0.005 -21"><span class='ocrx_word' id='word_1_767' title='bbox 2210 5268 2321 5338; x_wconf 80' lang='lat'>(18)</span> <span class='ocrx_word' id='word_1_768' title='bbox 2353 5270 2423 5323; x_wconf 86' lang='grc' dir='ltr'>Τὸ</span> <span class='ocrx_word' id='word_1_769' title='bbox 2477 5270 2571 5341; x_wconf 76' lang='grc' dir='ltr'>μὲν</span> <span class='ocrx_word' id='word_1_770' title='bbox 2622 5268 2860 5337; x_wconf 73' lang='grc' dir='ltr'>ἑκόντος,</span> <span class='ocrx_word' id='word_1_771' title='bbox 2908 5268 3015 5328; x_wconf 84' lang='lat' dir='ltr'>etc.</span> <span class='ocrx_word' id='word_1_772' title='bbox 3076 5296 3102 5327; x_wconf 77' lang='grc' dir='ltr'>α</span> <span class='ocrx_word' id='word_1_773' title='bbox 3145 5276 3487 5330; x_wconf 88' lang='lat' dir='ltr'>Constantio</span> <span class='ocrx_word' id='word_1_774' title='bbox 3540 5274 3797 5342; x_wconf 87' lang='lat' dir='ltr'>volente,</span> 
     </span>
    </p>
   </div>
   <div class='ocr_carea' id='block_1_114' title="bbox 2138 5341 3799 5417">
    <p class='ocr_par' dir='ltr' id='par_1_114' title="bbox 2138 5341 3799 5417">
     <span class='ocr_line' id='line_1_115' title="bbox 2138 5341 3799 5417; baseline 0.007 -26"><span class='ocrx_word' id='word_1_775' title='bbox 2138 5341 2300 5393; x_wconf 78' lang='lat' dir='ltr'>fratri</span> <span class='ocrx_word' id='word_1_776' title='bbox 2334 5359 2442 5396; x_wconf 87' lang='lat' dir='ltr'>suo</span> <span class='ocrx_word' id='word_1_777' title='bbox 2474 5345 2760 5400; x_wconf 84' lang='lat' dir='ltr'>successit</span> <span class='ocrx_word' id='word_1_778' title='bbox 2790 5345 3065 5401; x_wconf 87' lang='lat' dir='ltr'>Julianus</span> <span class='ocrx_word' id='word_1_779' title='bbox 3094 5364 3105 5413; x_wconf 93' lang='lat'><strong>;</strong></span> <span class='ocrx_word' id='word_1_780' title='bbox 3143 5346 3252 5417; x_wconf 89' lang='lat' dir='ltr'>ipsi</span> <span class='ocrx_word' id='word_1_781' title='bbox 3287 5363 3423 5402; x_wconf 89' lang='lat' dir='ltr'>vero</span> <span class='ocrx_word' id='word_1_782' title='bbox 3452 5348 3799 5402; x_wconf 88' lang='lat' dir='ltr'>Constantio</span> 
     </span>
    </p>
   </div>
   <div class='ocr_carea' id='block_1_115' title="bbox 2137 5417 3035 5487">
    <p class='ocr_par' dir='ltr' id='par_1_115' title="bbox 2137 5417 3035 5487">
     <span class='ocr_line' id='line_1_116' title="bbox 2137 5417 3035 5487; baseline 0.007 -22"><span class='ocrx_word' id='word_1_783' title='bbox 2137 5417 2325 5487; x_wconf 70' lang='lat' dir='ltr'>morte</span> <span class='ocrx_word' id='word_1_784' title='bbox 2358 5421 2556 5487; x_wconf 67' lang='lat' dir='ltr'>coacto</span> <span class='ocrx_word' id='word_1_785' title='bbox 2588 5421 2642 5469; x_wconf 90' lang='lat' dir='ltr'>et</span> <span class='ocrx_word' id='word_1_786' title='bbox 2675 5420 2969 5487; x_wconf 87' lang='lat' dir='ltr'>superato.</span> <span class='ocrx_word' id='word_1_787' title='bbox 3008 5439 3035 5465; x_wconf 85' lang='lat'>»</span> 
     </span>
    </p>
   </div>
   <div class='ocr_carea' id='block_1_116' title="bbox 2206 5482 3205 5559">
    <p class='ocr_par' dir='ltr' id='par_1_116' title="bbox 2206 5482 3205 5559">
     <span class='ocr_line' id='line_1_117' title="bbox 2206 5482 3205 5559; baseline 0.006 -23"><span class='ocrx_word' id='word_1_788' title='bbox 2358 5482 2651 5559; x_wconf 72' lang='grc' dir='ltr'>Βασιλέων.</span> <span class='ocrx_word' id='word_1_789' title='bbox 2689 5482 2827 5557; x_wconf 74' lang='lat' dir='ltr'>Reg.</span> <span class='ocrx_word' id='word_1_790' title='bbox 2866 5506 2917 5559; x_wconf 88' lang='lat' dir='ltr'>p.</span> <span class='ocrx_word' id='word_1_791' title='bbox 2956 5484 3205 5542; x_wconf 87' lang='grc' dir='ltr'>Βασιλεῦ.</span> 
     </span>
    </p>
   </div>
   <div class='ocr_carea' id='block_1_117' title="bbox 2206 5554 3355 5633">
    <p class='ocr_par' dir='ltr' id='par_1_117' title="bbox 2206 5554 3355 5633">
     <span class='ocr_line' id='line_1_118' title="bbox 2206 5554 3355 5633; baseline 0.004 -26"><span class='ocrx_word' id='word_1_792' title='bbox 2353 5557 2690 5633; x_wconf 68' lang='grc' dir='ltr'>Προᾴγομαι.</span> <span class='ocrx_word' id='word_1_793' title='bbox 2716 5554 2939 5633; x_wconf 56' lang='grc' dir='ltr'>βὲξζξὶ.</span> <span class='ocrx_word' id='word_1_794' title='bbox 2985 5559 3355 5633; x_wconf 73' lang='grc' dir='ltr'>προσάγομαι.</span> 
     </span>
    </p>
   </div>
   <div class='ocr_carea' id='block_1_118' title="bbox 2132 5628 3792 5748">
    <p class='ocr_par' dir='ltr' id='par_1_118' title="bbox 2132 5628 3792 5748">
     <span class='ocr_line' id='line_1_119' title="bbox 2132 5628 3792 5748; baseline 0.007 -69"><span class='ocrx_word' id='word_1_795' title='bbox 2132 5699 2169 5748; x_wconf 70' lang='grc' dir='ltr'>Θ</span> <span class='ocrx_word' id='word_1_796' title='bbox 2203 5628 2316 5703; x_wconf 60' lang='grc' dir='ltr'>(ζ1)</span> <span class='ocrx_word' id='word_1_797' title='bbox 2347 5629 2494 5683; x_wconf 87' lang='grc' dir='ltr'>Μετά</span> <span class='ocrx_word' id='word_1_798' title='bbox 2515 5628 2677 5685; x_wconf 74' lang='grc' dir='ltr'>Θεοῦ.</span> <span class='ocrx_word' id='word_1_799' title='bbox 2709 5628 3037 5689; x_wconf 68' lang='grc' dir='ltr'>Ξίοοιηοεέ</span> <span class='ocrx_word' id='word_1_800' title='bbox 3069 5628 3320 5689; x_wconf 83' lang='lat' dir='ltr'>codices.</span> <span class='ocrx_word' id='word_1_801' title='bbox 3355 5631 3459 5687; x_wconf 87' lang='lat' dir='ltr'>Ed.</span> <span class='ocrx_word' id='word_1_802' title='bbox 3519 5628 3655 5705; x_wconf 79' lang='grc' dir='ltr'>μετὰ</span> <span class='ocrx_word' id='word_1_803' title='bbox 3681 5635 3792 5690; x_wconf 80' lang='grc' dir='ltr'>τοῦ</span> 
     </span>
     <span class='ocr_line' id='line_1_120' title="bbox 2176 5711 2284 5748; baseline 0.009 -1"><span class='ocrx_word' id='word_1_804' title='bbox 2176 5711 2284 5748; x_wconf 76' lang='grc' dir='ltr'>εου.</span> 
     </span>
    </p>
   </div>
   <div class='ocr_carea' id='block_1_119' title="bbox 2176 5711 2284 5752">
    <p class='ocr_par' dir='ltr' id='par_1_119' title="bbox 2176 5711 2284 5752">
     <span class='ocr_line' id='line_1_121' title="bbox 2176 5711 2284 5752; baseline 0.046 -5"><span class='ocrx_word' id='word_1_805' title='bbox 2176 5711 2284 5752; x_wconf 70' lang='lat' dir='ltr'>EO&quot;).</span> 
     </span>
    </p>
   </div>
   <div class='ocr_carea' id='block_1_120' title="bbox 378 5346 948 5417">
    <p class='ocr_par' dir='ltr' id='par_1_120' title="bbox 378 5346 948 5417">
     <span class='ocr_line' id='line_1_122' title="bbox 378 5346 948 5417; baseline -0.011 -17"><span class='ocrx_word' id='word_1_806' title='bbox 378 5346 627 5417; x_wconf 79' lang='lat' dir='ltr'>ejusque</span> <span class='ocrx_word' id='word_1_807' title='bbox 662 5361 904 5417; x_wconf 81' lang='lat' dir='ltr'>pa_rens_._</span> <span class='ocrx_word' id='word_1_808' title='bbox 924 5364 948 5393; x_wconf 75' lang='grc' dir='ltr'><strong>η</strong></span> 
     </span>
    </p>
   </div>
   <div class='ocr_carea' id='block_1_121' title="bbox 447 5408 2025 5487">
    <p class='ocr_par' dir='ltr' id='par_1_121' title="bbox 447 5408 2025 5487">
     <span class='ocr_line' id='line_1_123' title="bbox 447 5408 2025 5487; baseline -0.013 -16"><span class='ocrx_word' id='word_1_809' title='bbox 447 5408 560 5487; x_wconf 84' lang='grc'>(15)</span> <span class='ocrx_word' id='word_1_810' title='bbox 594 5408 681 5474; x_wconf 72' lang='grc' dir='ltr'>Ὠς</span> <span class='ocrx_word' id='word_1_811' title='bbox 710 5414 784 5475; x_wconf 85' lang='grc' dir='ltr'>εἰς</span> <span class='ocrx_word' id='word_1_812' title='bbox 817 5412 941 5468; x_wconf 78' lang='grc' dir='ltr'>τόδε</span> <span class='ocrx_word' id='word_1_813' title='bbox 986 5412 1048 5467; x_wconf 90' lang='grc' dir='ltr'>τὸ</span> <span class='ocrx_word' id='word_1_814' title='bbox 1101 5412 1312 5486; x_wconf 71' lang='grc' dir='ltr'>σχῆμα,</span> <span class='ocrx_word' id='word_1_815' title='bbox 1348 5433 1377 5462; x_wconf 88' lang='grc'>‹‹</span> <span class='ocrx_word' id='word_1_816' title='bbox 1420 5410 1490 5466; x_wconf 87' lang='lat' dir='ltr'>Ut</span> <span class='ocrx_word' id='word_1_817' title='bbox 1538 5409 1598 5465; x_wconf 90' lang='lat' dir='ltr'>in</span> <span class='ocrx_word' id='word_1_818' title='bbox 1648 5408 1799 5464; x_wconf 89' lang='lat' dir='ltr'>hanc</span> <span class='ocrx_word' id='word_1_819' title='bbox 1834 5410 2025 5482; x_wconf 74' lang='lat' dir='ltr'>digni-</span> 
     </span>
    </p>
   </div>
   <div class='ocr_carea' id='block_1_122' title="bbox 374 5486 643 5542">
    <p class='ocr_par' dir='ltr' id='par_1_122' title="bbox 374 5486 643 5542">
     <span class='ocr_line' id='line_1_124' title="bbox 374 5486 643 5542; baseline -0.026 0"><span class='ocrx_word' id='word_1_820' title='bbox 374 5486 579 5542; x_wconf 81' lang='lat' dir='ltr'>tatem.</span> <span class='ocrx_word' id='word_1_821' title='bbox 617 5509 643 5535; x_wconf 77' lang='grc' dir='ltr'>η</span> 
     </span>
    </p>
   </div>
   <div class='ocr_carea' id='block_1_123' title="bbox 446 5552 2021 5629">
    <p class='ocr_par' dir='ltr' id='par_1_123' title="bbox 446 5552 2021 5629">
     <span class='ocr_line' id='line_1_125' title="bbox 446 5552 2021 5629; baseline -0.004 -20"><span class='ocrx_word' id='word_1_822' title='bbox 446 5557 652 5629; x_wconf 70' lang='grc' dir='ltr'>(16)Ἰ’ἆ</span> <span class='ocrx_word' id='word_1_823' title='bbox 702 5556 803 5629; x_wconf 55' lang='grc' dir='ltr'>γαρ</span> <span class='ocrx_word' id='word_1_824' title='bbox 854 5552 903 5629; x_wconf 59' lang='grc' dir='ltr'>εν</span> <span class='ocrx_word' id='word_1_825' title='bbox 965 5552 1111 5625; x_wconf 65' lang='grc' dir='ltr'>μέσῳ</span> <span class='ocrx_word' id='word_1_826' title='bbox 1145 5554 1522 5629; x_wconf 52' lang='grc' dir='ltr'>σιωπήσομαι,</span> <span class='ocrx_word' id='word_1_827' title='bbox 1559 5552 1958 5629; x_wconf 63' lang='grc' dir='ltr'>«βπρςοῐνῑυε,</span> <span class='ocrx_word' id='word_1_828' title='bbox 1992 5573 2021 5603; x_wconf 87' lang='grc'><strong>››</strong></span> 
     </span>
    </p>
   </div>
   <div class='ocr_carea' id='block_1_124' title="bbox 346 5623 2023 5698">
    <p class='ocr_par' dir='ltr' id='par_1_124' title="bbox 346 5623 2023 5698">
     <span class='ocr_line' id='line_1_126' title="bbox 346 5623 2023 5698; baseline -0.002 -17"><span class='ocrx_word' id='word_1_829' title='bbox 346 5623 595 5698; x_wconf 68' lang='grc' dir='ltr'>,ιλιόυιιι</span> <span class='ocrx_word' id='word_1_830' title='bbox 632 5623 843 5682; x_wconf 81' lang='lat' dir='ltr'>Basilio</span> <span class='ocrx_word' id='word_1_831' title='bbox 869 5623 1096 5694; x_wconf 73' lang='lat' dir='ltr'>loquar,</span> <span class='ocrx_word' id='word_1_832' title='bbox 1138 5650 1166 5677; x_wconf 91' lang='grc'>‹‹</span> <span class='ocrx_word' id='word_1_833' title='bbox 1202 5627 1281 5683; x_wconf 91' lang='lat' dir='ltr'>ait</span> <span class='ocrx_word' id='word_1_834' title='bbox 1333 5623 1413 5680; x_wconf 20' lang='lat' dir='ltr'>se.</span> <span class='ocrx_word' id='word_1_835' title='bbox 1447 5623 1678 5698; x_wconf 84' lang='lat' dir='ltr'>silentio</span> <span class='ocrx_word' id='word_1_836' title='bbox 1731 5624 2023 5692; x_wconf 62' lang='lat' dir='ltr'>praeterire</span> 
     </span>
    </p>
   </div>
   <div class='ocr_carea' id='block_1_125' title="bbox 367 5696 2020 5769">
    <p class='ocr_par' dir='ltr' id='par_1_125' title="bbox 367 5696 2020 5769">
     <span class='ocr_line' id='line_1_127' title="bbox 367 5696 2020 5769; baseline -0.001 -16"><span class='ocrx_word' id='word_1_837' title='bbox 367 5712 493 5765; x_wconf 65' lang='lat' dir='ltr'>qua:</span> <span class='ocrx_word' id='word_1_838' title='bbox 528 5699 759 5755; x_wconf 88' lang='lat' dir='ltr'>interim</span> <span class='ocrx_word' id='word_1_839' title='bbox 793 5697 1474 5769; x_wconf 80' lang='lat' dir='ltr'>contigerunt,reveritus</span> <span class='ocrx_word' id='word_1_840' title='bbox 1510 5696 2020 5769; x_wconf 79' lang='lat' dir='ltr'>amb0ru_m,utpo-</span> 
     </span>
    </p>
   </div>
   <div class='ocr_carea' id='block_1_126' title="bbox 362 5766 2017 5845">
    <p class='ocr_par' dir='ltr' id='par_1_126' title="bbox 362 5766 2017 5845">
     <span class='ocr_line' id='line_1_128' title="bbox 362 5766 2017 5845; baseline -0.004 -16"><span class='ocrx_word' id='word_1_841' title='bbox 362 5768 419 5833; x_wconf 76' lang='lat' dir='ltr'>te</span> <span class='ocrx_word' id='word_1_842' title='bbox 451 5771 936 5835; x_wconf 83' lang='lat' dir='ltr'>Christianorum,</span> <span class='ocrx_word' id='word_1_843' title='bbox 970 5766 1265 5841; x_wconf 76' lang='lat' dir='ltr'>pietatem.</span> <span class='ocrx_word' id='word_1_844' title='bbox 1292 5769 1514 5824; x_wconf 82' lang='lat' dir='ltr'>Alludit</span> <span class='ocrx_word' id='word_1_845' title='bbox 1545 5768 1614 5823; x_wconf 88' lang='lat' dir='ltr'>ad</span> <span class='ocrx_word' id='word_1_846' title='bbox 1650 5766 2017 5845; x_wconf 75' lang='lat' dir='ltr'>t&#39;acinus,quo</span> 
     </span>
    </p>
   </div>
  </div>
