4028 6434
291 459 407 521 561

1297 459 1594 520 ORATIO
1637 459 1742 519 IV.
1777 493 1854 502 ——
1887 459 2197 519 CONTRA
2244 453 2648 518 JPLIANUM
2692 454 2740 514 Ι.

3613 451 3731 515 562

287 591 380 646 καὶ
438 594 540 661 τῆς
587 587 698 644 ἐκεῖ
749 583 914 660 δόξης
971 585 1493 663 κληρονομήσαντα,
1560 589 1649 646 καὶ
1699 594 1913 646 τοσοῦτι

2033 651 2039 658 ,
2070 606 2249 662 quam
2282 592 2348 644 ut
2380 605 2412 642 a
2444 604 2536 643 me
2573 585 2922 656 reprehendi
2971 585 3203 649 debeas,
3237 589 3436 656 utpote
3463 586 3563 656 qui
3616 591 3729 641 Deo

295 680 790 756 μεταχωρήσαντα,
873 675 997 732 ὅσον
1081 676 1397 750 μεταθέσθαι
1471 680 1570 748 τὴν
1654 678 1954 755 βασιλείαν)

286 768 414 824 τίνα
447 767 649 838 ταύτην
704 762 1013 822 ἐϐουλεύσω
1068 765 1298 840 βουλὴν,
1349 769 1562 823 πάντων
1606 768 1806 824 συνέσει
1867 767 1955 823 καί

293 856 555 934 ἀγχιεοίᾳ
599 858 734 912 κατὰ
779 854 926 912 πολὺ
972 853 1261 934 διαφέρων,
1313 857 1374 912 ού
1422 862 1528 912 τῶν
1572 857 1659 912 ἐπὶ
1713 863 1808 913 σοῦ
1841 861 1954 930 (22)

297 946 568 1024 βασιλέων
605 945 791 1018 μόνον,
826 944 974 1000 ἀλλὰ
1018 945 1107 1000 καὶ
1154 950 1263 1000 τῶν
1293 943 1592 1022 ἔμπροσθεν
1621 967 1633 1014 ;
1668 949 1696 1002 6
1724 947 1787 1002 τὸ
1823 948 1952 1023 βαρ-

295 1037 514 1111 βαρικὸν
565 1034 938 1110 ἀνακαθαίρων
985 1032 1192 1106 κύκλῳ,
1241 1033 1331 1089 καὶ
1379 1034 1504 1097 τοὺς
1567 1033 1707 1090 οἶκοι
1756 1037 1950 1108 τυράν-

286 1147 414 1188 νους
462 1125 842 1202 χειρούμενος,
888 1122 1017 1185 τοὺς
1066 1123 1161 1196 μὶν
1207 1129 1324 1186 τοῖς
1358 1122 1562 1200 λόγοις,
1590 1125 1718 1188 τοὺς
1748 1123 1805 1180 δὲ
1831 1131 1950 1188 τοῖς

288 1213 505 1286 ὅπλοις,
563 1214 653 1268 καὶ
699 1213 910 1268 τούτων
958 1212 1208 1288 ἑκάτερον
1253 1213 1327 1273 ὡς
1365 1211 1532 1287 μηδὲν
1567 1215 1670 1268 ὑπὸ
1701 1219 1796 1269 τοῦ
1833 1214 1946 1268 ἑτέ-

294 1323 392 1377 ρου
453 1301 856 1378 διοχλούμενος
883 1321 896 1334 ·
951 1299 1012 1356 οῦ
1060 1300 1273 1377 μεγάλα
1326 1304 1418 1376 μὲν
1462 1303 1697 1380 τρόπαια
1733 1305 1800 1359 τὰ
1834 1305 1948 1376 μεθ’

290 1391 483 1447 ὅπλων
541 1391 632 1446 καὶ
696 1394 903 1466 μάχης,
955 1390 1123 1464 μείζω
1173 1388 1231 1445 δὲ
1279 1393 1369 1446 καὶ
1414 1393 1836 1469 περιφανέστερα
1881 1393 1948 1448 τὰ

286 1480 611 1552 ἀναίμακτα’
669 1480 805 1555 πρὸς
864 1478 920 1533 ὅν
996 1477 1086 1532 καὶ
1157 1480 1211 1533 αἱ
1268 1481 1604 1555 πανταχόθεν
1664 1475 1945 1555 πρεσϐεῖαι

285 1567 378 1624 καί
406 1569 601 1624 ἱκεσίαι
625 1588 638 1602 ⁶
673 1570 718 1640 ᾦ
747 1569 814 1624 τὰ
848 1567 941 1641 μὲν
1101 1569 1363 1640 ὑπήκουε,
1394 1570 1458 1624 τὰ
1490 1567 1547 1624 δὲ
1575 1567 1779 1642 ἔμελλε
1805 1573 1938 1643 (24)·

291 1664 397 1712 πᾶν
430 1655 487 1713 δὶ
543 1659 610 1727 ἦν
667 1658 730 1713 τὸ
788 1657 1038 1712 ἐλπισθὲν
1083 1656 1202 1712 ’ίσον
1251 1663 1330 1729 τῷ
1360 1658 1698 1734 χειρωθέντιο
1734 1659 1761 1713 6
1793 1660 1940 1734 χειρὶ

271 1751 410 1802 Θεοῦ
456 1747 594 1822 πρὸς
638 1752 811 1801 πᾶσαν
864 1749 955 1800 καὶ
1009 1746 1216 1822 βουλὴν
1267 1747 1356 1801 καὶ
1388 1749 1578 1824 πρᾶξιν
1625 1745 1937 1823 ὁδηγούμε-

265 1857 359 1897 νος
391 1856 404 1870 ·
456 1833 518 1890 οῦ
562 1833 776 1910 μᾶλλον
816 1836 909 1908 μὲν
941 1842 1042 1906 τῆς
1076 1836 1264 1912 χειρὸς
1295 1839 1330 1906 ἡ
1363 1837 1596 1908 σύνεσις,
1633 1836 1846 1911 μᾶλλον
1877 1835 1934 1892 δὲ

263 1931 368 1995 τῆς
429 1925 694 1987 συνέσεως
751 1927 786 1995 ἠ
850 1925 976 2001 χεὶρ
1027 1925 1398 1997 έθαυμάζετο’
1451 1924 1620 1981 πλέον
1655 1923 1713 1981 δὲ
1738 1933 1839 1995 τῆς
1874 1925 1925 1981 ἐν

267 2013 600 2091 ἀμφοτέροις
634 2011 1042 2086 εὖδοκιμήσεως
1075 2017 1109 2083 ή
1144 2010 1404 2071 εὐσέϐεια.

2069 680 2383 750 adjunctus
2415 678 2518 746 sis,
2553 676 2924 746 ccelestisque
2955 674 3150 746 gloria;
3203 674 3591 730 hereditatem
3633 692 3727 730 ac-

2067 768 2312 839 ceperis,
2333 772 2506 838 atque
2537 767 2596 821 in
2629 768 2861 820 tantum
2882 781 2915 819 a
2946 765 3114 818 nobis
3147 763 3520 834 migraris,ut
3548 763 3730 836 impe-

2067 856 2220 911 rium
2254 873 2386 910 cum
2421 854 2662 910 meliore
2681 851 3439 923 commutares).Quodnam
3475 852 3579 907 hoc
3595 870 3728 908 con-

2065 946 2262 1000 silium
2295 944 2628 1015 suscepisti,
2661 942 2759 1015 qui
2804 959 3030 1011 omnes,
3066 959 3182 996 non
3215 947 3322 995 tua:
3376 941 3591 1008 solum,
3625 943 3725 998 sed

2063 1033 2239 1087 etiam
2272 1031 2590 1102 superioris
2641 1030 2934 1084 memoriae
2984 1028 3372 1100 imperatores
3413 1027 3595 1082 animi
3627 1045 3725 1083 so-

2061 1121 2230 1177 lertia
2258 1127 2314 1175 et
2343 1119 2611 1176 acumine
2641 1119 2809 1188 longe
2841 1117 3232 1173 antecellebas
3254 1118 3280 1172 ?
3315 1119 3413 1187 qui
3445 1118 3726 1173 barbaras

2059 1212 2327 1266 nationes
2359 1227 2460 1280 per
2491 1226 2697 1280 gyrum
2734 1209 3110 1280 repurgabas,
3145 1214 3542 1279 tyrannosque
3573 1208 3723 1262 inte-

2058 1306 2246 1358 stinos
2277 1301 2484 1356 ditioni
2514 1307 2649 1364 tuae,
2686 1301 2897 1370 partim
2947 1299 3339 1367 sermonibus,
3379 1299 3592 1370 partim
3626 1317 3717 1353 ar-

2059 1393 2172 1448 mis
2204 1392 2582 1463 subjiciebas,
2605 1397 2664 1446 et
2693 1392 2932 1462 quidem
2966 1395 3285 1461 utrumque
3315 1391 3396 1444 ita
3427 1391 3626 1445 dextre
3657 1395 3716 1446 et

2056 1484 2308 1555 egregie,
2345 1483 2513 1553 quasi
2545 1483 2617 1538 ab
2648 1481 2827 1537 altero
2860 1481 3005 1535 nihil
3037 1480 3314 1536 molestiae
3345 1481 3451 1536 tibi
3483 1481 3714 1537 exhibe-

2053 1581 2216 1630 retur
2250 1591 2262 1629 :
2297 1575 2469 1643 cujus
2501 1590 2637 1628 cum
2669 1589 2885 1644 magna
2913 1577 2971 1627 et
3000 1573 3212 1627 eximia
3241 1572 3501 1643 trophaea
3529 1573 3710 1626 armis

2052 1668 2110 1720 et
2140 1665 2336 1736 praelio
2386 1663 2650 1735 quaesita,
2684 1668 2810 1718 tum
2862 1663 3088 1733 majora
3118 1666 3176 1716 et
3224 1661 3546 1716 illustriora
3582 1661 3711 1716 sine

2049 1751 2170 1807 ulla
2201 1753 2426 1807 cruoris
2457 1751 2794 1822 profusione
2824 1757 2991 1820 parta
3020 1768 3032 1818 ;
3067 1750 3138 1804 ad
3172 1765 3348 1820 quem
3387 1748 3711 1820 legationes

2046 1848 2103 1896 et
2135 1840 2596 1913 supplicationes
2618 1839 3030 1909 undecumque
3060 1838 3437 1892 conﬂuebant
3461 1855 3474 1894 :
3496 1837 3588 1892 cui
3612 1854 3711 1891 na-

2043 1930 2234 1985 tiones
2269 1930 2479 2002 partim
2524 1929 2649 1997 jam
2678 1928 2948 1994 subditas,
2982 1928 3197 1998 partim
3239 1928 3488 1996 jamjam
3522 1926 3707 1995 subji-

2039 2019 2256 2075 cienda:
2305 2025 2510 2084 erant;
2545 2023 2607 2072 ut
2635 2019 2692 2073 in
2728 2018 2929 2072 eadem
2981 2033 3160 2072 causa
3189 2021 3388 2070 essent
3426 2031 3632 2071 omnes
3665 2015 3703 2068 ii

266 2121 520 2176 quorum
553 2105 904 2176 expugnatio
935 2105 993 2160 in
1027 2122 1130 2177 spe
1158 2107 1349 2177 posita
1379 2113 1525 2175 erat,
1569 2123 1634 2160 ac
1665 2107 1714 2162 si
1736 2108 1864 2177 jam
1918 2109 2127 2163 domiti
2169 2114 2345 2179 atque
2394 2109 2452 2163 in
2503 2112 2851 2179 potestatem
2898 2105 3114 2161 redacti
3162 2111 3360 2160 essent
3393 2122 3405 2160 :
3441 2105 3541 2176 qui
3594 2104 3697 2162 Dei

263 2211 443 2249 manu
478 2194 549 2249 ad
583 2195 781 2249 omnia
809 2193 1058 2250 consilia
1088 2210 1296 2266 resque
1328 2212 1532 2250 omnes
1564 2198 1846 2266 gerendas
1878 2197 2138 2253 utebaris
2172 2215 2184 2253 :
2220 2199 2390 2267 cujus
2417 2198 2670 2268 denique
2699 2201 2756 2250 et
2789 2195 3100 2266 prudentia
3131 2195 3412 2264 majorem
3461 2194 3552 2249 sui
3583 2195 3689 2248 ad-

261 2283 634 2339 mirationem
670 2284 958 2349 movebat,
987 2299 1164 2354 quam
1198 2301 1480 2340 manuum
1509 2285 1700 2353 vires;
1735 2290 1793 2340 et
1821 2303 2030 2342 rursus
2060 2287 2212 2342 vires
2247 2287 2455 2357 majori
2488 2285 2862 2341 admirationi
2893 2290 3074 2355 erant,
3108 2301 3286 2354 quam
3319 2283 3632 2355 prudentia
3667 2300 3679 2338 :

263 2375 438 2442 atque
468 2380 715 2444 utroque
746 2371 1078 2444 praeclarior
1103 2372 1504 2446 illustriorque
1533 2379 1657 2430 erat
1683 2375 1917 2446 pietatis
1947 2374 2152 2448 gloria.

336 2477 456 2531 ΛΕ.
490 2481 613 2537 Πῶς
670 2476 761 2530 οῦν
820 2475 1037 2532 ἐνταῦθα
1097 2477 1260 2550 μόνον
1313 2479 1527 2552 ἀμαθὴς
1576 2477 1913 2556 ἐφάνης

259 2564 350 2618 καὶ
409 2563 832 2640 ἀπερίσκεπτοςς
891 2566 950 2621 Τί
995 2567 1058 2622 τὸ
1129 2569 1301 2643 τάχος
1367 2575 1469 2637 τῆς
1545 2568 1917 2643 ἀπανθρώπου

255 2652 712 2731 φιλανθρῶπίαςς
789 2655 881 2718 Τίς
949 2655 1261 2726 συνεισῆλθε
1340 2653 1613 2730 δαιμόνων
1669 2660 1782 2730 (26)
1838 2662 1918 2730 τῷ

250 2744 574 2816 σκέμματι;
633 2749 754 2805 Πῶς
803 2745 894 2800 τὸν
951 2746 1112 2822 μέγαν
1165 2746 1371 2822 κλῆρον
1419 2747 1509 2801 καὶ
1558 2747 1623 2801 τὸ
1665 2751 1914 2822 πατρῷον

245 2831 644 2906 καλλώπισμα,
677 2832 803 2896 τοὺς
832 2833 1148 2908 ἐπωνύμους
1183 2836 1326 2911 Λέγῳ
1375 2840 1636 2909 Χριστοῦ,
1682 2837 1743 2890 τὸ
1790 2857 1918 2890 παν-

243 2920 425 2996 ταχοῦ
453 2929 557 2992 τῆς
589 2923 916 2996 οἰκουμένης
965 2922 1248 3000 ἐκλάμψαν
1300 2925 1473 2993 ἐθνος,
1530 2926 1591 2980 τὸ
1637 2923 1911 3001 βασίλειον

248 3010 569 3085 ἱεράτευμα,
599 3012 660 3065 τὸ
713 3010 912 3084 πολλῷ
964 3014 1114 3086 πόνῳ
1165 3014 1256 3069 καὶ
1303 3012 1542 3076 πολλοῖς
1571 3011 1759 3089 ἱδρῶσι
1793 3036 1913 3068 συν-

249 3099 504 3172 αυξηθὶν,
539 3099 712 3164 οὕτως
744 3100 796 3157 ἐν
827 3101 1007 3177 ὀλίγῳ
1039 3104 1128 3157 καὶ
1159 3103 1309 3177 ἀκμῇ
1345 3104 1576 3180 βραχείᾳ
1610 3109 1802 3181 καιροῦ
1831 3109 1912 3177 τῷ

173 3241 176 3244 ,
243 3194 419 3262 κοινῷ
446 3187 776 3263 παλαμναίῳ
807 3192 982 3269 φέρων
1016 3190 1372 3268 παρέδωκας;

314 3370 409 3438 Λζ⁷
439 3369 597 3432 Ἲσως
627 3391 679 3424 τι
729 3371 820 3426 καὶ
867 3365 1078 3426 ἀσεϐεῖν
1122 3373 1270 3446 ὑμῖν,
1324 3369 1578 3450 ἀδελφοὶ,
1623 3373 1906 3450 φαίνομαι,

239 3457 334 3512 καὶ
384 3459 725 3533 ἀγνωμονεῖν
777 3460 829 3514 έν
875 3465 994 3523 τοῖς
1044 3459 1238 3537 λόγοις
1285 3462 1524 3531 τούτοις,
1573 3463 1662 3517 καὶ
1712 3464 1795 3518 ’ὁτι
1831 3465 1905 3535 μὴ

2099 2482 2580 2548 XXXV.Quonam
2614 2481 2793 2553 igitur
2823 2481 2995 2535 modo
3028 2480 3121 2534 hic
3152 2481 3343 2535 solum
3375 2479 3689 2552 imperitus

2029 2571 2388 2642 minimeque
2421 2573 2889 2642 circumspectus
2920 2569 3192 2624 exstitisti
3221 2569 3249 2623 ?
3278 2569 3413 2632 Quae
3446 2570 3566 2624 haec
3595 2570 3686 2623 in-

2026 2661 2298 2716 humanae
2331 2659 2715 2715 humanitatis
2747 2659 3014 2714 celeritas
3040 2658 3218 2721 PQuis
3247 2659 3581 2712 daemonum
3615 2662 3685 2712 ad

2026 2751 2176 2806 hanc
2208 2749 2683 2805 deliberationem
2717 2748 2896 2804 simul
2928 2746 3210 2818 irrepsit?
3232 2747 3533 2810 Quomodo
3559 2763 3686 2801 ma-

2025 2855 2201 2910 gnam
2235 2839 2393 2894 illam
2429 2839 2926 2902 haereditatem,ac
2951 2836 3205 2908 patrium
3240 2837 3418 2890 decus
3438 2839 3494 2890 et
3514 2852 3684 2890 orna-

2025 2937 2428 2998 mentum,eos
2459 2929 2609 2992 dico,
2635 2928 2734 2997 qui
2770 2945 2802 2982 a
2832 2925 3058 2981 Christo
3089 2932 3544 2997 cognomentum
3576 2925 3685 2981 ha-

2025 3016 2182 3082 bent,
2214 3021 2446 3088 gentem
2479 3015 2640 3069 illam
2673 3021 2789 3070 toto
2823 3014 3043 3086 passim
3076 3015 3213 3069 orbe
3245 3013 3559 3080 lucentem,
3589 3029 3682 3069 re-

2023 3105 2152 3177 gale
2183 3105 2574 3160 sacerdotium
2606 3105 2673 3171 93,
2707 3105 2891 3159 multo
2923 3103 3120 3158 labore
3151 3103 3474 3173 multisque
3500 3103 3681 3159 sudo-

2022 3195 2186 3250 ribus
2234 3201 2492 3261 auctum,
2544 3198 2663 3249 tam
2714 3193 2870 3248 brevi
2919 3197 3094 3263 atque
3141 3193 3348 3263 exiguo
3397 3193 3679 3262 temporis

2021 3289 2239 3357 puncto
2270 3284 2574 3339 cnmmuni
2610 3283 2744 3338 huic
2777 3285 2928 3354 pesti
2954 3287 3010 3337 et
3039 3282 3201 3337 furiae
3228 3280 3574 3337 tradidisti?

2091 3374 2320 3428 XXXVI.
2351 3374 2456 3428 Sed
2491 3374 2739 3428 fortasse
2786 3371 2968 3441 vobis,
3003 3372 3232 3440 fratres,
3269 3372 3450 3442 impie
3488 3371 3678 3427 facere

2017 3463 2417 3534 videor,atque
2448 3463 2506 3516 in
2539 3462 2648 3517 hoc
2679 3477 2946 3517 sermone
2971 3459 3157 3532 iniqui
3179 3467 3237 3516 et
3257 3460 3469 3533 ingrati
3491 3461 3676 3516 animi

234 3545 382 3622 ταχὺ
439 3548 562 3609 τοῖς
620 3554 720 3618 τῆς
777 3549 1111 3625 κατηγορίας
1172 3550 1407 3627 ῥήμασιν
1470 3550 1653 3627 ἐπάγω
1707 3553 1772 3606 τὰ
1801 3559 1900 3621 τῆς

2033 3555 2311 3623 specimen
2340 3552 2630 3618 exhibere,
2665 3552 2819 3622 quod
2874 3567 2985 3604 non
3032 3549 3233 3604 statim
3281 3549 3674 3606 accusationis

237 3633 526 3706 ἀληθείας.
588 3637 775 3693 Καίτοι
831 3659 892 3714 γε
948 3641 1148 3702 ἱκανῶς
1203 3638 1652 3715 ἀπολελόγημαι,
1710 3641 1800 3695 καὶ
1833 3638 1901 3695 δι’

233 3723 408 3780 αὐτῶν
451 3727 524 3780 ὧν
585 3725 914 3802 έγκέκληκα,
977 3726 1030 3784 εἷ’
1079 3749 1131 3784 τι
1177 3733 1246 3803 τῇ
1299 3730 1598 3804 κατηγορίᾳ
1645 3729 1736 3784 τὸν
1775 3734 1900 3784 νοῦν

231 3815 534 3891 προσέχετε
566 3835 578 3848 ⁸
625 3817 895 3872 κάνταῦθα
953 3817 1116 3892 μόνον
1182 3821 1296 3892 (27)
1357 3821 1392 3888 ἡ
1443 3817 1748 3894 κατηγορία
1801 3820 1901 3888 τὴν

233 3904 417 3981 ἄφεσιν
470 3904 607 3983 ἔχει·
666 3907 1021 3982 χρηστότητα
1062 3910 1166 3984 γὰρ
1201 3908 1390 3979 εἰπὼν,
1437 3910 1536 3976 τὴν
1597 3907 1894 3984 ἀπολογίαν

234 3990 512 4063 ἐδήλωσα.
543 3994 635 4057 Τίς
686 3995 790 4072 γὰρ
840 3995 940 4051 οὐκ
986 3995 1100 4052 οἶδε
1143 3998 1235 4052 καὶ
1280 4001 1385 4052 τῶν
1433 3995 1664 4072 μετρίως
1699 3997 1898 4051 ἐκεῖνον

233 4079 621 4154 ἐπισταμένων,
680 4082 764 4138 ὅτι
808 4081 960 4139 ἓνεκα
1022 4087 1116 4158 μὲν
1169 4080 1442 4148 εὐσεϐείας
1499 4086 1589 4139 καὶ
1644 4089 1741 4140 τοῦ
1771 4085 1894 4158 περὶ

232 4171 381 4242 ἡμᾶς
430 4169 680 4249 φίλτρου,
730 4175 820 4227 καὶ
863 4178 964 4227 τοῦ
1012 4172 1300 4249 βούλεσθαι
1351 4180 1453 4228 πᾶν
1504 4177 1639 4247 ἡμῖν
1668 4174 1891 4256 ἀγαθὸν,

230 4259 306 4331 μὴ
341 4257 424 4314 ὅτι
459 4257 660 4316 ἐκεῖνον
838 4260 1089 4330 παρεῖδεν
1120 4262 1202 4336 ἂν,
1235 4265 1269 4333 ἢ
1299 4264 1486 4339 γένους
1522 4262 1656 4318 ὅλου
1697 4265 1891 4338 τιμὴν,

220 4349 256 4418 ἢ
313 4351 638 4426 προσθήκην
695 4357 796 4420 τῆς
861 4348 1164 4427 βασιλείας,
1226 4350 1372 4407 ἀλλὰ
1425 4351 1515 4407 καὶ
1565 4352 1732 4422 αὐτῆς
1789 4360 1890 4422 τῆς

227 4436 506 4512 βασιλείας
565 4441 699 4512 (29),
759 4439 850 4494 καὶ
904 4437 1116 4495 πάντων
1177 4445 1284 4496 τῶν
1351 4435 1541 4514 ὄντων,
1623 4442 1713 4496 καὶ
1787 4449 1889 4511 τῆς

222 4528 412 4601 ψυχῆς
443 4525 635 4600 αὐτῆς,
667 4531 732 4598 ἧς
758 4527 911 4584 οὐδὲν
948 4527 1124 4585 οὐδενὶ
1153 4531 1504 4605 τιμιώτερον,
1545 4532 1643 4599 τήν
1684 4533 1888 4603 ἡμετέ-

222 4635 320 4692 ραν
382 4614 674 4692 ἀσφάλειάν
753 4639 813 4673 τε
867 4619 957 4673 καὶ
1039 4618 1311 4693 σωτηρίαν
1359 4618 1457 4673 οὐκ
1509 4619 1567 4674 ἂν
1622 4618 1884 4695 χαλεπώς

216 4703 499 4775 ἣλλάξατο
521 4724 535 4773 ;

2013 3643 2206 3697 verbis
2256 3641 2513 3696 veritatis
2563 3643 2737 3694 verba
2787 3641 3152 3695 subnectam.
3184 3641 3530 3708 Quanquam
3572 3655 3675 3709 per

2011 3747 2339 3802 eaqueque
2397 3747 2525 3801 quae
2586 3729 2795 3799 objeci,
2847 3729 2990 3783 satis
3040 3728 3227 3799 ipsius
3273 3744 3513 3782 causam
3561 3729 3674 3800 egi,

2010 3835 2264 3890 eumque
2318 3818 2585 3890 purgavi,
2619 3817 2667 3873 si
2709 3818 2881 3872 modo
2932 3816 3292 3871 accusationi
3342 3820 3550 3871 nostris
3584 3821 3669 3872 at-

2009 3913 2234 3962 tentum
2268 3907 2530 3963 animum
2557 3907 2892 3977 przebuistis
2913 3922 2925 3972 ;
2947 3911 3121 3976 atque
3155 3905 3249 3960 hic
3279 3905 3564 3962 duntaxat
3585 3922 3673 3961 ac-

2007 3996 2296 4052 cusationi
2346 3996 2636 4051 absolutio
2670 3997 2985 4066 conjuncta
3016 3999 3123 4050 est.
3157 3994 3302 4050 Nam
3334 4012 3468 4050 cum
3506 3996 3669 4051 beni-

2005 4085 2293 4158 gnitatem
2325 4086 2464 4151 dixi,
2487 4086 2541 4140 id
2576 4092 2770 4157 aperte
2788 4086 2891 4140 94
2922 4083 3038 4139 dixi
3070 4085 3226 4155 quod
3254 4101 3388 4139 eum
3421 4084 3667 4141 crimine

2005 4176 2165 4231 omni
2197 4192 2264 4230 ac
2295 4176 2466 4247 culpa
2495 4174 2720 4230 liberet.
2755 4173 2860 4230 Cui
2890 4175 3070 4241 enim,
3105 4171 3188 4229 vel
3218 4189 3288 4228 ex
3318 4173 3390 4228 iis
3443 4173 3662 4244 quibus

2003 4283 2119 4320 non
2149 4265 2387 4337 perinde
2439 4265 2708 4337 cognitus
2739 4269 2883 4331 erat,
2915 4264 3164 4320 dubium
3213 4267 3319 4331 est,
3353 4262 3495 4334 quin
3537 4261 3664 4335 ipse

2001 4355 2074 4410 ob
2102 4354 2377 4427 pietatem
2427 4371 2806 4427 amoremque
2837 4370 2974 4428 erga
3005 4371 3132 4424 nos,
3162 4370 3228 4408 ac
3269 4351 3661 4425 pr0pensissi-

2002 4461 2159 4499 mam
2191 4445 2338 4500 bene
2364 4444 2435 4500 de
2455 4445 2624 4499 nobis
2651 4444 2911 4500 merendi
2931 4443 3313 4512 voluntatem,
3339 4460 3454 4499 non
3487 4443 3661 4498 modo

1997 4535 2191 4602 illum,
2208 4541 2310 4590 aut
2330 4536 2512 4591 totius
2534 4536 2764 4609 generis
2788 4535 3451 4608 honorem,imperiique
3474 4537 3663 4591 incre-

1997 4630 2260 4680 mentum
2309 4624 2680 4696 neglexisset,
2715 4641 2912 4679 verum
2967 4624 3216 4695 imperio
3265 4641 3496 4694 quoque
3542 4623 3658 4694 ipsi

1995 4712 2387 4784 omnibusque
2447 4712 2726 4782 fortunis,
2786 4717 2962 4783 atque
3019 4712 3132 4784 ipsi
3192 4713 3446 4782 denique
3504 4711 3656 4781 vita,

215 4813 341 4869 qua
373 4795 592 4852 nemini
641 4798 967 4871 quidquam
1017 4804 1108 4855 est
1155 4798 1413 4868 charius,
1446 4797 1910 4857 incolumitatem
1963 4806 2228 4858 nostram
2283 4820 2348 4858 ac
2396 4801 2646 4858 salutem
2693 4801 2850 4858 haud
2901 4801 3149 4858 illibenti
3194 4801 3390 4858 animo
3441 4806 3657 4873 praetu-

217 4885 397 4941 lisset
421 4887 445 4940 Ρ

291 5012 337 5047 ³⁸
368 5010 392 5067 I
422 5011 575 5068 Petr.
611 5030 675 5083 ιι,
701 5014 755 5070 9.

288 5155 402 5227 (22)
461 5157 584 5213 Τῶν
642 5154 731 5211 ἐπὶ
788 5160 906 5213 σοῦ.
966 5180 996 5209 ‹‹
1054 5159 1191 5214 Tuae
1247 5159 1456 5228 aetatis,
1516 5160 1622 5215 tibi
1681 5177 1913 5232 aqua-l

2060 5160 2454 5236 (25)]Εε9ανης.
2490 5162 2665 5220 Deest
2693 5163 2752 5219 in
2807 5163 3103 5236 plerisque
3135 5179 3250 5219 non
3300 5161 3516 5219 inﬁmae
3544 5181 3648 5221 no-

214 5226 399 5371 hirtis)
421 5250 592 5373 {ipsa
621 5301 739 5373 μέν,
768 5305 876 5357 etc.
913 5302 999 5373 Ita
1031 5300 1293 5373 plerique
1326 5303 1494 5358 codd.
1527 5303 1876 5359 Paucissimi

214 5355 351 5447 tum
381 5355 589 5447 εειςῶχ.
612 5355 1494 5447 iam:{.zcmatsngs'osna
1524 5355 1880 5447 petisse

214 5439 382 5518 dicto
438 5443 744 5500 audientes
816 5449 1002 5517 erant,
1064 5446 1275 5518 partim
1343 5439 1595 5518 jamjam
1671 5439 1880 5504 futur

217 5515 410 5654 “(2%
434 5535 510 5635 ire
558 5578 615 5636 δὲ
660 5581 886 5655 ἔμελλε,
927 5591 1034 5642 etc.
1090 5588 1290 5643 Comb.
1342 5590 1427 5644 sic
1475 5588 1665 5646 locum
1723 5591 1882 5647 hunc

215 5655 390 5710 vertit
425 5672 437 5710 :
472 5677 501 5705 «
534 5655 663 5711 Mox
699 5658 964 5713 futurum
993 5663 1135 5728 erat,
1169 5665 1235 5716 ut
1262 5661 1320 5715 in
1352 5661 1557 5718 eadem
1589 5679 1768 5719 causa
1796 5681 1883 5720 es-

219 5733 370 5806 sent,
387 5731 520 5806 tum
531 5744 786 5806 quorum
811 5733 1161 5806 expugnatio
1178 5733 1234 5806 in
1259 5751 1364 5806 spe
1384 5735 1574 5805 posita
1594 5740 1738 5803 erat,
1753 5741 1878 5790 tum

219 5800 322 5874 qui
342 5800 474 5874 jam
504 5800 564 5858 in
593 5800 944 5876 potestatem
971 5800 1195 5862 redacti
1225 5800 1410 5863 erant.
1445 5827 1474 5856 »

1986 5237 2059 5289 tas
2089 5233 2410 5289 codicibus.

2081 5306 2172 5374 26)
2204 5304 2506 5378 Δαιμόνων.
2541 5306 2697 5378 Colb.
2733 5324 2785 5370 a,
2820 5302 3050 5378 δαίμων.

2082 5378 2169 5448 27)
2196 5375 2474 5451 Κάνταῦθα
2507 5377 2689 5448 μόνον,
2722 5385 2830 5432 etc.
2865 5402 2890 5427 ‹‹
2915 5375 3110 5451 ‘Atque
3145 5378 3233 5433 hic
3265 5378 3645 5448 accusationi,

1991 5449 2223 5522 etiamsi
2256 5450 2378 5505 sola
2428 5455 2601 5515 esset,
2653 5453 2942 5505 absoiutio
2991 5449 3306 5522 conjuncta
3351 5455 3458 5507 est.
3499 5451 3648 5507 Nam

1992 5535 2121 5575 cum
2155 5521 2455 5577 lenitatem
2489 5522 2627 5582 dixi.
2666 5545 2692 5570 ››
2723 5528 2831 5576 etc.

2062 5593 2173 5662 (28)
2207 5592 2464 5648 Ἐκεῖνον.
2505 5619 2525 5641 u
2567 5593 2756 5657 illum,
2791 5616 2818 5643 ››
2852 5593 3073 5648 scilicet
3107 5615 3134 5643 «
3166 5594 3486 5648 lulianum.
3520 5616 3549 5645 ››

2062 5665 2177 5739 (29)
2211 5663 2505 5739 ἀλλά-καὶ
2537 5663 2702 5739 αὐτῆς
2731 5671 2832 5731 τῆς
2869 5664 3163 5739 βασιλείαιςι
3191 5665 3322 5720 H330
3355 5667 3645 5721 desuntin

1991 5736 2222 5790 duobus
2255 5737 2450 5808 Regiis
2481 5738 2713 5808 optimae
2763 5736 2933 5794 notae.
2968 5739 3032 5795 In
3063 5738 3193 5794 aliis
3225 5739 3388 5795 deest
3416 5743 3644 5794 tantum

1988 5812 2088 5875 τῆς
2119 5813 2253 5866 ante
2286 5805 2583 5884 βασιλείας.
