4028 6396
315 407 434 473 563

318 634 400 692 rei
429 639 550 690 tam
583 635 701 691 acri
735 653 932 692 amore
963 642 1136 709 atque
1168 638 1485 708 cupiditate
1531 641 1832 708 correptus
1864 642 1974 701 est,

320 742 498 796 quam
530 725 629 780 ille
677 727 1037 782 Christianos
1072 743 1348 795 crescere,
1384 732 1556 799 atque
1587 727 1642 780 in
1679 744 1973 781 summam

320 813 517 885 gloriae
550 815 938 886 potentiaeque
966 815 1412 886 amplitudinem
1460 815 1756 886 pervenire
1780 815 1974 886 cupie-

321 903 444 958 bat.
479 909 560 958 Ac
592 921 782 974 neque
825 905 1057 958 domitae
1091 909 1146 958 et
1177 905 1430 959 subacta:
1464 911 1688 974 gentes,
1723 921 1827 959 nec
1857 921 1974 958 res-

320 992 556 1065 publica
585 993 878 1063 prmclaris
911 993 1139 1064 legibus
1171 993 1497 1048 constituta
1527 999 1584 1048 et
1628 994 1973 1063 gubernata,

319 1098 427 1138 nec
457 1081 836 1153 pecuniarum
871 1081 1054 1152 c0pia,
1090 1099 1196 1136 nec
1229 1081 1426 1153 gloriae
1471 1083 1834 1153 magnitudo,
1873 1098 1976 1136 nec

322 1171 474 1242 quod
511 1187 606 1224 rex
637 1187 837 1240 regum
870 1175 926 1224 et
972 1175 1146 1236 esset,
1181 1177 1238 1225 et
1267 1171 1680 1242 appellaretur,
1715 1187 1819 1225 nec
1851 1188 1974 1225 om-

322 1259 421 1314 nia
449 1258 582 1325 alia,
606 1259 821 1329 quibus
853 1259 1160 1314 hominum
1198 1260 1443 1315 felicitas
1471 1260 1838 1327 declaratur;
1872 1276 1978 1315 nec

321 1347 573 1418 denique
603 1348 928 1419 quidquam
974 1363 1040 1403 ex
1072 1348 1350 1402 omnibus
1396 1349 1571 1402 rebus
1604 1353 1830 1402 tantum
1867 1347 1977 1418 ipsi

319 1435 639 1507 voluptatis
671 1437 1375 1509 aiferebat,quantum,ut
1405 1443 1461 1493 et
1493 1454 1597 1491 nos
1631 1454 1730 1508 per
1760 1436 1977 1507 ipsum,

319 1530 379 1580 et
409 1541 510 1596 per
540 1541 648 1580 nos
677 1525 960 1596 ipse,tum
983 1527 1138 1599 apud
1157 1527 1364 1593 Deum,
1385 1533 1509 1582 tum
1529 1527 1682 1597 apud
1712 1525 1979 1581 homines

320 1614 719 1683 laudaremur,
753 1631 817 1670 ac
864 1616 1030 1670 ﬁrma
1063 1633 1296 1687 semper
1313 1620 1368 1671 et
1400 1616 1628 1671 stabilis
1681 1615 1847 1670 nobis
1883 1631 1978 1684 po-

321 1703 506 1758 tentia
537 1709 918 1774 permaneret.
976 1704 1123 1759 Illud
1156 1707 1312 1760 enim
1346 1705 1525 1775 probe
1573 1703 1978 1775 perspiciebat,

323 1790 501 1847 altius
530 1792 801 1848 videlicet
848 1793 1154 1865 magisque
1185 1795 1339 1865 regie
1367 1809 1542 1864 quam
1595 1791 1857 1863 plerique
1889 1808 1982 1846 so-

323 1879 502 1948 leant,
537 1881 608 1936 de
641 1881 732 1936 his
783 1883 1068 1955 cogitans,
1102 1900 1234 1937 cum
1287 1883 1750 1938 Christianorum
1807 1881 1982 1936 rebus

325 1974 724 2026 Romanorum
775 1988 1008 2043 quoque
1037 1988 1130 2026 res
1181 1973 1606 2027 incrementum
1664 1969 1842 2026 simul
1891 1987 1982 2024 ce-

323 2061 502 2133 pisse,
537 2065 712 2132 atque
741 2079 874 2116 cum
919 2063 1171 2118 adventu
1202 2063 1415 2118 Christi
1449 2062 1759 2134 imperium
1804 2059 1982 2116 simul

315 2149 653 2222 ingressum
687 2151 1036 2218 luisse,cum
1069 2153 1330 2207 nondum
1368 2152 1530 2222 prius
1553 2151 1658 2206 hoc
1687 2150 1976 2213 evicisset,

315 2244 381 2294 ut
409 2238 470 2294 in
503 2238 676 2294 unius
708 2240 1104 2312 principatum
1139 2240 1309 2313 plane
1339 2241 1652 2296 deveniret.
1674 2239 1757 2294 0b
1780 2238 1974 2308 idque,

306 2332 366 2383 et
395 2329 603 2385 merito
635 2329 1000 2400 quidem,res
1033 2336 1262 2385 nostras
1301 2331 1488 2402 magis
1521 2327 1794 2400 amplecti
1828 2327 1971 2382 mihi

301 2417 632 2474 videbatur.
668 2419 772 2485 Qui
825 2419 1083 2492 quidem,
1117 2418 1227 2474 etsi
1278 2419 1414 2490 quid
1469 2419 1639 2474 nobis
1691 2416 1970 2472 molestiae

300 2507 586 2577 exhibuit,
619 2525 733 2564 non
768 2509 951 2562 nostri
987 2513 1327 2579 contemptu
1361 2507 1417 2562 id
1449 2507 1602 2573 fecit,
1627 2523 1733 2562 nec
1765 2511 1828 2560 ut
1861 2519 1968 2562 nos

1681 415 1774 475 Cll
1794 413 2048 474 EGOltIl
2099 413 2494 475 'FHLOI.OGI

386 543 652 603 XXXVII.
685 543 886 618 Neque
915 545 1068 604 enim
1103 546 1415 621 quisquam
1449 545 1760 618 aliquando
1794 545 1974 604 ullius
2002 549 2058 616 Α

3623 416 3746 478 564

2158 550 2272 603 AZ’.
2306 542 2492 601 Οὐδενὶ
2543 546 2644 624 γὰρ
2694 544 2913 610 οὐδενὸς
2961 545 3103 603 οὕτω
3154 544 3377 604 πώποτε
3416 546 3748 624 πράγματος

2088 631 2222 710 ἔρως
2273 637 2469 711 θερμὸς
2523 635 2836 711 ἐνέσκηψεν,
2886 637 2961 700 ὡς
3010 637 3194 712 ἐκείνῳ
3243 638 3599 713 Χριστιανοὺς
3649 641 3750 695 αὖ·

2088 723 2335 794 ξηθῆναι,
2385 726 2474 779 καὶ
2524 725 2599 788 εἷς
2650 725 2903 781 πλεῖστον
2959 730 3074 798 (30)
3126 727 3215 782 καὶ
3264 726 3426 798 δόξης
3455 727 3749 802 προελθεῖν

2085 813 2175 868 ni.
2226 812 2544 887 δυνάμεως·
2604 816 2694 870 καὶ
2745 816 2868 871 οὕτε
2925 815 3048 886 ἔθνη
3100 817 3449 892 χειρούμεναι,
3503 817 3627 873 οὕτε
3684 822 3750 876 τὸ

2086 904 2262 958 κοινὸν
2298 903 2719 976 εὐνομοῦμενον,
2755 905 2815 959 οὐ
2847 904 3058 974 πλῆθος
3088 905 3416 981 χρημάτων,
3465 906 3530 961 οὐ
3581 904 3748 980 δόξης

2086 993 2369 1059 περιουσία
2415 998 2550 1067 (31),
2603 994 2667 1048 οὐ
2710 995 2772 1049 τὸ
2810 993 3035 1070 βασιλέα
3066 992 3332 1070 βασιλέων
3366 995 3454 1050 καὶ
3489 995 3620 1050 εἶναι
3655 998 3748 1051 καὶ

2089 1082 2467 1154 ὀνομάζεσθαι,
2518 1083 2624 1157 οὐχ
2677 1084 2824 1144 ὅσοις
2867 1081 3061 1145 ἄλλοις
3093 1085 3390 1157 ἀνθρώπων
3425 1082 3752 1157 εὐδαιμονία

2085 1171 2420 1246 γνωρίζεται.
2456 1169 2607 1226 οὐδὲν
2643 1171 2787 1226 οὕτω
2816 1176 2924 1228 τῶν
2959 1174 3168 1227 πάντων
3198 1173 3395 1228 ἐκεῖνον
3426 1171 3745 1252 ηῦφραινεν,

2087 1260 2160 1321 ὡς
2189 1261 2250 1314 τὸ
2280 1258 2346 1313 δι’
2382 1261 2571 1316 ἑαυτοῦ
2607 1263 2699 1334 μὲν
2735 1265 2907 1335 ἡμᾶς,
2941 1260 3029 1316 διὰ
3071 1261 3127 1317 δὲ
3176 1265 3336 1336 ἡμῶν
3384 1261 3610 1334 ἐκεῖνον,
3655 1266 3750 1320 καὶ

2087 1350 2232 1424 παρᾶ
2280 1351 2394 1422 Θεῴ
2439 1351 2526 1405 καὶ
2581 1351 2887 1427 ἀνθρώποις
2937 1354 3046 1426 (32)
3099 1349 3432 1425 εὐδοκιμεῖν,
3490 1353 3577 1408 καὶ
3610 1353 3752 1408 ἀκα-

2087 1436 2317 1492 τάλυτον
2345 1443 2479 1511 ἡμῖν
2514 1440 2588 1502 εἰς
2635 1442 2725 1494 τὸν
2779 1441 2986 1496 ἅπαντα
3033 1441 3232 1518 γρόνον
3282 1447 3613 1516 παραμεῖναι
3643 1444 3747 1512 τήν

2090 1524 2439 1582 δυναστείανο
2501 1529 2588 1583 καὶ
2649 1531 2750 1604 γὰρ
2803 1530 2939 1604 πρὸς
2997 1535 3112 1592 τοῖς
3171 1529 3367 1591 ἄλλοις
3417 1531 3592 1586 ἐκεῖνο
3622 1530 3748 1607 ᾔδει

2091 1620 2295 1690 σαφῶς,
2331 1617 2664 1693 ὑψηλότερόν
2694 1641 2751 1674 τε
2782 1622 2890 1693 (33)
2919 1620 3008 1674 καὶ
3060 1619 3484 1696 βασιλικώτερον
3614 1624 3753 1677 κατὰ

2088 1706 2215 1766 τοὺς
2274 1705 2524 1769 πολλοὺς
2579 1709 2701 1782 περὶ
2752 1707 2958 1762 τούτων
3030 1705 3440 1781 διανοούμενος,
3501 1710 3584 1767 ὅτί
3629 1715 3751 1775 τοῖς

2094 1799 2425 1870 Χριστιανῶν
2486 1797 2762 1872 πράγμασι
2820 1799 2886 1852 τὰ
2940 1799 3224 1870 Ῥωμαίων
3286 1799 3608 1871 συνηύξησε,
3659 1801 3752 1856 καὶ

2094 1883 2414 1954 συνεισῆλθε
2469 1891 2536 1959 τῇ
2597 1885 2867 1960 ἐπιδημίᾳ
2912 1889 3146 1963 Χριστοῦ
3201 1886 3264 1942 τὸ
3321 1888 3538 1963 κράτος,
3595 1889 3748 1946 οῦπω

2093 1973 2353 2050 πρότερον
2386 1975 2611 2037 τελείως
2659 1980 2768 2050 (31)
2820 1979 2892 2038 εἱς
2939 1978 3236 2054 μοναρχίαν
3286 1979 3568 2050 νενικηκός
3610 1976 3747 2054 (35)·

2091 2063 2180 2116 καὶ
2214 2061 2302 2118 διὰ
2343 2069 2502 2119 τοῦτο
2554 2065 2719 2120 πλέον
2747 2063 2921 2121 ἐδόκει
2957 2089 3050 2140 μοι
3083 2068 3354 2142 περιίπειν
3390 2065 3445 2122 εὗ
3478 2074 3644 2123 ποιῶν
3676 2069 3743 2124 τὰ

2089 2151 2366 2228 ἡμέτερα·
2426 2153 2482 2216 ὃς
2529 2175 2608 2230 γε,
2668 2155 2756 2209 καὶ
2817 2153 2863 2209 ίί
2919 2177 2971 2209 τι
3029 2155 3408 2231 παρελύπησεν
3453 2159 3618 2227 ἡμᾶς,
3672 2157 3734 2210 οὐ

2085 2245 2446 2317 περιφρονῶν,
2480 2240 2605 2297 οὐδὲ
2629 2238 2887 2318 ὑϐρίζων,
2921 2241 3045 2297 οὐδὲ
3076 2241 3271 2305 ἄλλοις
3297 2241 3403 2297 τισὶ
3438 2244 3540 2318 πρὸ
3571 2245 3732 2315 ἡμῶν

2085 2331 2447 2403 χαριζόμενος
2498 2335 2631 2405 (36),
2693 2333 2820 2388 ἀλλ’
2869 2331 3005 2388 ὥστε
3061 2335 3259 2395 πάντας
3315 2327 3364 2386 ἕν
3427 2331 3582 2400 εἶναι,
3644 2331 3736 2386 καὶ

2083 2427 2408 2497 συμφρονεῖν
2468 2419 2844 2497 παρελόπησε,
2901 2424 2991 2477 καὶ
3045 2425 3120 2495 μὴ
3171 2421 3542 2500 διακεκόφθαι,
3596 2418 3738 2494 μηδὲ

2081 2506 2345 2565 διεστάναι
2379 2516 2492 2572 τοῖς
2527 2512 2842 2588 σχίσμασιν.
3693 2511 3697 2516 ’

291 2596 654 2654 contumelia
686 2599 962 2664 afﬁceret,
997 2614 1102 2652 nec
1133 2603 1198 2652 ut
1228 2596 1358 2652 aliis
1391 2596 1744 2668 quibusdam
1783 2598 1977 2668 potius
2011 2616 2188 2670 quam
2222 2602 2392 2656 nobis
2425 2602 2793 2674 indulgeret;
2828 2606 2928 2660 sed
2962 2609 3026 2660 ut
3056 2619 3260 2660 omnes
3292 2603 3352 2659 in
3385 2619 3569 2658 unum
3610 2601 3725 2658 coi-

295 2701 518 2754 remus,
549 2686 1003 2758 animorumque
1032 2686 1418 2742 consensione
1439 2687 1851 2758 jungeremur,
1884 2704 1990 2743 nec
2023 2704 2125 2760 per
2156 2689 2481 2747 schismata
2509 2691 2662 2749 inter
2692 2709 2796 2748 nos
2835 2694 3110 2765 dirempti
3141 2698 3317 2764 atque
3366 2691 3607 2748 dissecti
3638 2707 3726 2747 es-

301 2789 524 2831 88111118.

376 2881 674 2937 XXXVIII.
709 2883 840 2953 Sed,
875 2885 940 2937 ut
970 2881 1484 2953 dicebam,parum
1518 2886 1688 2937 cauta
1717 2887 1806 2938 est
1831 2883 1964 2938 sim-

305 2969 556 3042 plicitas,
591 2987 656 3026 ac
706 2972 1052 3043 benignitati
1102 2972 1383 3041 adjuncta
1412 2976 1499 3026 est
1548 2970 1960 3040 imbecillitas;

305 3059 667 3132 minimeque
695 3061 746 3116 is
778 3061 1213 3132 improbitatem
1247 3061 1602 3132 suspicatur,
1637 3064 1807 3131 cujus
1839 3062 1964 3116 ani-

303 3165 436 3205 mus
469 3152 540 3205 ab
571 3150 941 3221 improbitate
992 3150 1138 3206 liber
1169 3168 1236 3205 ao
1267 3167 1448 3222 purus
1477 3156 1582 3206 est.
1616 3151 1960 3222 lPropterea,

301 3240 460 3310 quod
503 3241 764 3296 futurum
818 3244 961 3308 erat,
1010 3240 1344 3311 ignoratum
1392 3245 1500 3308 est,
1535 3257 1638 3295 nec
1690 3240 1858 3293 fucus
1909 3243 1968 3293 et

2145 2885 2274 2940 AH'.
2335 2882 2491 2938 Ἀλλ’
2544 2883 2676 2960 ὅπερ
2753 2885 2922 2952 εἶπον,
3000 2882 3310 2962 ἀφύλακτον
3372 2887 3404 2954 ἡ
3459 2881 3728 2954 ἁπλότης,

2074 2971 2161 3025 καὶ
2227 2975 2360 3045 μετὰ
2417 2978 2513 3028 τοῦ
2569 2977 2770 3049 σαθροῦ
2841 2977 2957 3047 (36)
3030 2976 3093 3029 τὸ
3160 2973 3567 3052 φιλάνθρωπον,
3641 2972 3730 3027 καὶ

2073 3062 2264 3127 ἣκιστα
2311 3061 2498 3115 κακίαν
2547 3062 2806 3137 ὑφορᾶται
2871 3063 2933 3118 τὸ
2983 3063 3171 3124 κακίας
3251 3062 3568 3137 ἐλεύθερον·
3645 3059 3733 3115 διὰ

2072 3151 2232 3201 τοῦτο
2277 3149 2522 3222 ἠκριοήθη
2569 3150 2632 3203 τὸ
2686 3149 2915 3220 μὲλλον,
2966 3149 3054 3204 καὶ
3101 3152 3163 3204 τὸ
3208 3149 3433 3222 πλάσμα
3466 3150 3566 3203 οὐκ
3595 3149 3732 3226 Equo-

2077 3234 2238 3305 ραθη,
2297 3235 2384 3286 καὶ
2419 3234 2751 3307 παρεισῆλθε
2807 3236 2943 3289 κατὰ
2999 3236 3189 3309 μικρὸν
3247 3239 3282 3304 ἡ
3343 3229 3578 3301 ἀσέϐεια,
3640 3235 3730 3288 καὶ

297 3327 596 3384 simulatio
628 3330 1010 3401 deprehensa,
1031 3328 1371 3400 sensimque
1387 3327 1646 3400 obrepsit
1661 3327 1956 3397 impietas,

2088 3320 2167 3374 3'30
2199 3321 2573 3395 χρηστότητες
2606 3321 2959 3392 συνεισῆλθον
2987 3320 3289 3392 ἀλλήλαις,
3322 3325 3356 3391 ἣ
3389 3343 3444 3376 τε
3491 3321 3616 3395 περὶ
3663 3320 3727 3372 τὸ

297 3434 366 3472 ac
414 3419 540 3474 duae
594 3418 982 3491 benignitates
1025 3417 1176 3473 inter
1223 3433 1285 3472 se
1334 3421 1732 3481 occurrerunt,
1777 3415 1960 3469 altera

296 3524 434 3581 erga
465 3509 625 3580 pium
657 3525 866 3580 genus,
913 3508 1095 3564 altera
1141 3524 1281 3578 erga
1329 3506 1595 3562 omnium
1650 3504 1959 3559 hominum

297 3597 1200 3669 impiissimum,maximumque
1221 3595 1399 3651 divini
1419 3596 1517 3652 95
1545 3594 1807 3649 numinis
1830 3611 1960 3648 con-

297 3691 672 3759 temptorem.
707 3687 851 3751 Quid
887 3686 1005 3756 ille,
1039 3689 1139 3758 qui
1170 3702 1304 3740 cum
1333 3684 1478 3740 nihil
1513 3685 1772 3751 haberet,
1806 3685 1962 3755 quod

300 3776 373 3830 de
428 3775 778 3832 Christianis
812 3782 1191 3847 quereretur,
1246 3773 1392 3829 nihil
1424 3774 1581 3846 quod
1635 3774 1962 3829 doctrinam

302 3871 565 3920 nostram
597 3865 975 3936 improbaret,
1027 3865 1171 3918 nihil
1216 3880 1423 3918 rursus
1477 3863 1626 3935 quod
1679 3879 1746 3918 ex
1771 3864 1964 3936 genti-

301 3953 446 4009 lium
477 3954 857 4026 dogmatibus
879 3954 1157 4009 eximium
1183 3958 1238 4007 et
1267 3951 1557 4008 excellens
1581 3953 1961 4017 existimaret,

299 4050 477 4113 atque
507 4043 820 4114 ejusmodi,
855 4047 919 4096 ut
967 4057 1236 4096 sermone
1291 4042 1384 4094 vix
1443 4041 1686 4096 convelli
1746 4046 1964 4110 posset,

303 4149 406 4187 nec
435 4131 688 4203 denique
722 4130 900 4184 ullius
923 4132 1213 4198 majorum
1235 4145 1474 4183 suorum
1504 4127 1833 4199 exemplum
1860 4129 1968 4182 hac

301 4219 359 4273 in
395 4234 455 4273 re
503 4223 871 4288 sequeretur,
899 4216 1341 4272 nobilissimum
1392 4232 1522 4271 sese
1551 4233 1619 4270 ex
1666 4217 1967 4286 impietate

299 4305 574 4374 reddidit,
609 4321 873 4375 novoque
904 4306 1077 4359 modo
1129 4320 1263 4358 cum
1294 4319 1382 4372 eo,
1415 4321 1449 4358 a
1479 4319 1597 4374 quo
1648 4303 1838 4358 Caesar
1868 4305 1966 4358 de-

301 4395 570 4466 signatus
621 4395 830 4461 fuerat,
874 4392 1339 4448 certavit?’Nam
1389 4408 1522 4448 eum
1572 4408 1706 4447 eum
1756 4393 1968 4447 virtute

302 4483 599 4555 rebusque
628 4480 923 4555 praeclaris
954 4497 1234 4555 superare
1263 4497 1378 4537 non
1424 4485 1642 4554 posset,
1676 4482 1968 4538 contrario

2071 3404 2284 3470 εὐσεϐὲς
2359 3411 2515 3484 γένος
2584 3410 2674 3466 καί
2751 3410 2844 3466 τόν
2923 3406 3275 3466 ἀσεϐέστατον
3350 3408 3559 3465 πάντων
3637 3407 3729 3461 καὶ

2072 3497 2397 3561 ἆθεώτατον.
2455 3502 2572 3570 Ὅς,
2629 3499 2682 3554 τί
2735 3505 2845 3572 (38)
2921 3501 3276 3578 μεμφόμενος
3361 3502 3730 3576 Χριστιανοῖς,

2072 3587 2122 3642 τί
2153 3585 2210 3642 δὲ
2268 3588 2368 3642 οὐκ
2424 3587 2659 3644 ἐπαινεῖν
2699 3589 2842 3666 ἔχων
2903 3596 3007 3645 τῶν
3067 3587 3374 3665 ἡμετέρων,
3433 3588 3484 3642 τί
3535 3585 3594 3642 δὲ
3622 3591 3728 3642 τῶν

3309 3677 3563 3751 νομίσας,
3640 3674 3731 3730 καὶ

2076 3765 2395 3838 δυσκίνητον
2430 3767 2604 3844 λόγῳ,
2657 3770 2800 3842 ποίῳ
2832 3767 2888 3823 δὲ
2918 3769 3007 3824 καὶ
3043 3766 3362 3824 ἀκολουθῶν
3399 3763 3733 3840 ὑποδείγμα-

2073 3879 2146 3930 τι,
2207 3861 2630 3934 γνωριμώτατον
2851 3860 3034 3914 ἒαυτὸν
3091 3858 3141 3928 ἐξ
3195 3853 3438 3918 ἀσεϐείας
3467 3856 3733 3926 κατέστη-

2075 3969 2152 4015 σε,
2185 3948 2272 4001 καὶ
2303 3948 2614 4024 καινότερον
2661 3949 2860 4023 τρόπον
2907 3946 3203 4020 ἡμιλλήθη
3252 3951 3329 4018 τῷ
3360 3943 3689 4016 ἀναδείξαντι
3717 3965 3730 4014 ;

2076 4034 2296 4106 Ἐπειδτί
2349 4058 2408 4111 γε
2458 4031 2820 4111 ὑπερϐάλλειν
2867 4037 2966 4092 οὐκ
3012 4041 3123 4110 (40)
3171 4039 3234 4105 ἦν
3292 4036 3456 4112 ἀρετῇ
3498 4036 3587 4090 καὶ
3618 4041 3735 4097 τοῖς

2075 4123 2367 4197 κρείττοσι,
2417 4121 2505 4179 διὰ
2530 4129 2628 4179 τοῦ
2676 4124 2918 4180 ἐναντίου
2951 4133 3177 4202 φανῆναι
3209 4125 3591 4201 φιλονεικήσας
3622 4125 3738 4198 (41)

2075 4215 2174 4280 τῆς
2217 4212 2294 4273 εἰς
2344 4208 2651 4267 δυσσέϐειαν
2686 4214 2967 4288 ἀμετρίας.
3017 4215 3107 4268 καὶ
3155 4216 3253 4283 τῆς
3299 4214 3422 4290 περὶ
3452 4213 3514 4270 τὸ
3547 4219 3733 4289 χεῖρον

2077 4300 2417 4372 φιλοτιμίας.
2475 4303 2537 4355 Ἡ
2603 4303 2695 4372 μὶν
2758 4300 2847 4356 οὖν
2910 4303 3040 4376 ὑπὲρ
3090 4305 3424 4376 Χριστιανῶν
3485 4308 3582 4358 τοῦ
3644 4303 3736 4356 ἀν-

2079 4386 2228 4464 δρὸς,
2283 4389 2371 4442 καὶ
2430 4389 2566 4464 πρὸς
2616 4390 2968 4464 Χριστιανοὺς
3020 4391 3298 4468 ἀπολογία
3347 4392 3598 4465 τοιαύτη,
3645 4390 3737 4446 καὶ

2084 4478 2227 4533 οὕτω
2251 4476 2432 4534 δικαία
2460 4484 2576 4543 τοῖς
2606 4502 2666 4558 γε
2694 4485 2818 4536 νοῦν
2849 4481 3092 4557 ἔχουσιν.

2072 3679 2198 3753 παρ’
2273 3680 2509 3748 Ἕλλησι
2590 3677 2873 3756 δογμάτων
2945 3679 3209 3756 ὑπερφυὲς

379 4689 496 4763 (30)
533 4687 621 4751 Εἷς
661 4691 939 4744 πλεῖστον.
989 4688 1083 4744 Sic
1114 4687 1376 4761 plerique
1425 4689 1674 4745 codices.
1730 4688 1830 4744 Ed.
1882 4686 1968 4742 ἐπὶ

2088 4687 2151 4759 le,
2179 4692 2357 4763 sete.

307 4759 563 4817 πλεῖστον
575 4805 588 4817 .

379 4836 494 4908 (31)
551 4832 623 4887 Οὐ
671 4830 883 4908 πλῇ-Οος
941 4832 1270 4908 χρημᾴτων,
1322 4830 1384 4885 οὐ
1445 4830 1604 4901 δόξης
1664 4830 1965 4906 περιουσία.

310 4907 442 4963 Haec
471 4905 732 4964 excidere
766 4905 891 4960 Par.
926 4905 1270 4960 editoribus.

382 4980 493 5050 (3‘2)
561 4975 659 5031 Καί
727 4976 1056 5051 ἀνθρώποις.
1123 4977 1325 5032 Comb.
1398 4972 1487 5028 καὶ
1554 4973 1698 5050 παρᾶ
1763 4973 1965 5049 ἀνθρώ-

307 5068 450 5110 ποις.

376 5122 490 5190 (33)
518 5125 604 5174 Τε.
641 5125 807 5175 Deest
837 5120 893 5172 in
927 5118 1228 5174 codicibus
1264 5134 1377 5172 non
1411 5118 1633 5190 paucis.

376 5186 488 5260 (34)
513 5190 766 5251 Τελείως.
803 5191 1041 5246 Codices
1075 5186 1466 5244 communitér
1496 5186 1714 5249 τελέως.

374 5265 486 5333 (35)
519 5261 839 5331 Νενικηκός.
873 5265 1076 5318 Comb.
1108 5260 1414 5330 κεκινηκός.

379 5337 493 5405 (36)
526 5333 920 5404 Χαριζόμενος.
956 5333 1182 5396 Billius,
1221 5334 1424 5404 primis
1472 5333 1650 5396 curis,
1683 5355 1710 5382 «
1745 5333 1965 5404 gratifi-

309 5405 446 5463 cari.
483 5427 513 5455 »
545 5406 760 5459 rectius
807 5423 984 5475 quam
1039 5407 1096 5461 in
1154 5407 1294 5460 edit.
1360 5405 1537 5471 Paris,
1589 5423 1710 5474 qua:
1771 5405 1967 5472 habet,

313 5499 337 5524 ‹‹
371 5475 803 5532 commendare.
841 5499 867 5524 »

379 5550 493 5621 (ΒΤ)
539 5546 852 5621 ’Μετὰ--.τοῦ
930 5548 1151 5621 σαθροῦ.
1230 5549 1361 5621 Ηὶο
1406 5546 1624 5621 optime
1694 5547 1968 5621 convenit

311 5619 466 5686 quod
500 5617 583 5670 ait
610 5615 858 5679 Tullius,
893 5635 932 5672 ιι
965 5615 1112 5673 Τυζςσ.
1143 5636 1198 5672 n.
1228 5615 1480 5685 21,4’7;’‹‹
1517 5620 1578 5673 In
1613 5619 1823 5673 animis
1841 5635 1966 5673 om-

313 5688 480 5760 nium
508 5691 598 5742 est
618 5686 732 5742 fere
753 5693 960 5744 natura
987 5690 1158 5745 molle
1183 5691 1846 5760 quiddam,demissum,
1864 5690 1968 5746 hu-

314 5756 477 5824 mile,
508 5761 844 5813 enervatum
874 5756 1302 5831 quodammodo
1332 5767 1385 5818 et
1418 5756 1784 5834 languidum,
1810 5756 1963 5818 seni-

2149 4761 2266 4834 (38)
2294 4762 2409 4827 "Oc,
2437 4757 2503 4815 τί.
2529 4761 2646 4834 llic,
2662 4765 2718 4816 et
2744 4761 2805 4816 in
2836 4762 3106 4834 sequenti
3139 4761 3424 4830 membro,
3453 4759 3504 4814 τί
3537 4757 3593 4834 δὲ
3615 4758 3736 4834 οὐκ,

2079 4832 2296 4888 habent
2327 4831 2592 4888 nonnulli
2624 4830 2874 4902 Codices,
2906 4830 2971 4889 ut
3022 4833 3161 4891 alibi
3195 4852 3310 4890 non
3344 4850 3494 4899 raro,
3527 4833 3576 4885 τί
3626 4830 3736 4888 δαί.

2079 4904 2276 4960 (ὶιιωοθ.
2309 4905 2428 4958 ι]ωο
2460 4905 3122 4977 ροτίὶῐιίθιιιυοεαίίοηθῐη
3171 4906 3446 4962 videntur
3491 4908 3740 4961 redden-

2080 4977 2197 5029 da:
2235 5000 2262 5026 «
2299 4977 2425 5040 Qui,
2460 4976 2597 5046 quid
2646 4977 2704 5030 in
2737 4976 3081 5032 Christianis
3132 4979 3456 5034 causatus?
3487 4979 3634 5041 Quid
3676 4977 3739 5031 in

2080 5049 2298 5102 nostris
2332 5065 2445 5102 non
2480 5049 2840 5102 laudandum
2873 5051 3176 5105 inveniens
3201 5051 3227 5104 ἱ)
3249 5050 3390 5114 Quid
3426 5051 3485 5104 in
3517 5050 3745 5104 Grayco-

2079 5135 2209 5174 rum
2260 5120 2636 5190 dogmatibus
2683 5121 2963 5176 eximium
3023 5129 3080 5177 et
3129 5139 3244 5176 non
3299 5120 3451 5176 facili
3507 5122 3740 5191 negotio

2080 5208 2348 5245 sermone
2407 5192 2849 5247 convellendum
2909 5193 3224 5248 arbitratus
3261 5193 3288 5247 ?
3346 5194 3504 5257 Quod
3571 5210 3742 5262 porro

2079 5263 2408 5333 exemplum
2461 5271 2719 5331 secutus,
2757 5265 3220 5320 famosissimum
3253 5282 3380 5320 sese
3411 5281 3478 5320 ex
3526 5265 3741 5336 impie-

2078 5339 2194 5389 tate
2227 5336 2529 5390 eonstituit
2551 5336 2577 5388 ‘2
2607 5354 2631 5386 ι

2149 5407 2260 5477 (liii)
2296 5407 2746 5479 Γνωριμώτατον.
2808 5408 3306 5479 Superseriptum,
3371 5405 3737 5478 ὀνομαστότα-

2075 5496 2189 5544 τον,
2225 5499 2251 5529 ‹‹
2285 5478 2746 5534 celeberrimum.
2783 5501 2810 5528 ›)

2148 5549 2258 5620 (40)
2292 5545 2693 5622 ’Υπερϐἀλλειν
2733 5549 2829 5602 οὐκ
2871 5549 2959 5616 ἦν.
2997 5551 3054 5622 lu
3082 5567 3229 5622 mss.
3283 5569 3394 5606 non
3447 5551 3649 5622 paucis
3679 5556 3739 5606 et

2075 5619 2133 5674 in
2157 5618 2341 5675 'Basil.
2372 5618 2608 5695 legitur,
2645 5620 2741 5674 οὐκ
2770 5623 2834 5689 ἦν
2872 5618 3217 5695 ὑπερβαλεῖν.

2149 5695 2261 5763 (il)
2295 5691 2713 5762 Φιλονεικήσας.
2752 5695 2888 5766 Reg.
2928 5691 3393 5771 ΐ.’ἐνριλονείκησε.
