4028 6408
275 398 394 459 i567

1531 401 1595 462 S.
1645 401 1686 461 G
1702 401 2017 463 REGORII
2062 400 2456 465 THEOLOGI

3585 400 3708 462 568

282 530 460 588 etiam
492 530 811 604 superato?
840 530 1068 589 Etenim
1099 530 1148 588 si
1179 530 1231 589 is
1262 530 1456 589 malus
1487 536 1595 601 est,
1625 532 1723 605 qui
1758 532 1935 589 credi-

2055 530 2104 588 τί
2134 533 2256 588 ποτ’
2308 534 2367 588 ἄν
2415 530 2497 603 ein
2548 538 2673 609 παρ’
2710 531 2911 589 ἐκεῖνον
2959 532 2985 589 ὁ
3034 528 3338 597 πιστευθείς
3371 549 3384 602 ;
3420 530 3519 588 Καὶ
3570 531 3709 589 εἰτὸ

274 621 383 688 dit,
412 620 554 693 quid
589 623 828 678 tandem
859 640 973 693 prae
1016 638 1081 677 eo
1125 621 1243 693 ille,
1278 624 1372 678 cui
1404 622 1547 678 ﬁdes
1578 622 1778 678 habita
1808 623 1940 679 est?

276 711 367 777 Et,
404 710 454 766 si
488 727 683 767 mores
718 711 879 767 illius
912 728 1025 767 non
1059 711 1416 783 prazvidisse,
1450 712 1506 767 in
1557 712 1802 767 crimine
1834 729 1938 784 po-

279 800 542 857 nendum
576 804 685 867 est,
720 801 925 855 vitium
958 801 1151 872 ipsum
1202 801 1299 855 ubi
1352 802 1589 856 tandem
1623 801 1940 856 collocabi-

279 890 459 945 mus?
506 890 617 945 Sed
671 890 927 962 profecto
983 907 1074 945 res
1125 891 1392 962 quaedam
1452 890 1940 947 considerationis

279 995 490 1052 expers
521 984 609 1036 est
656 979 1003 1050 improbitas
1040 995 1050 1033 :
1087 995 1189 1034 nec
1225 978 1344 1035 ulla
1375 980 1521 1035 ratio
1554 980 1689 1035 iniri
1730 984 1938 1053 potest,

279 1085 401 1141 qua
431 1068 697 1124 homines
748 1085 1000 1139 nequam
1033 1073 1090 1124 et
1117 1068 1417 1139 improbos
1448 1070 1764 1143 quisquam
1817 1087 1938 1125 me-

276 1157 454 1214 liores
503 1157 739 1213 efficiat.
774 1156 997 1230 Quippe
1028 1174 1162 1213 cum
1213 1158 1344 1226 iste,
1378 1158 1592 1231 quibus
1641 1176 1710 1215 ex
1764 1159 1941 1215 rebus

279 1247 566 1318 majorem
602 1246 1065 1303 benevolentiam
1107 1248 1433 1320 concipere,
1464 1265 1528 1304 ac
1562 1248 1609 1304 si
1645 1265 1790 1321 quos
1822 1248 1937 1303 im-

2054 623 2129 695 μή
2180 620 2492 698 προϊδέσθαι
2538 624 2628 677 τὸν
2686 623 2886 699 τρόπον
2948 621 3220 695 ὑπαίτιον,
3275 621 3440 692 αὐτήν
3495 643 3555 698 γε
3602 624 3707 693 τὴν

2047 711 2234 767 κακίαν
2269 717 2373 766 ποῦ
2413 714 2649 786 θήσομεν
2688 730 2701 780 ;
2739 710 2896 766 Ἀλλ’
2945 707 3116 773 ὄντως
3159 709 3556 785 ἀσυλλόγιστόν
3591 714 3710 786 (49)

2046 822 2098 855 τι
2131 806 2355 877 πρᾶγμα
2385 804 2419 871 ἡ
2471 801 2724 875 πονηρία’
2778 801 2867 855 καὶ
2915 801 3013 855 οὐκ
3063 800 3203 855 ἔστιν
3237 802 3282 872 ᾧ
3311 799 3437 863 τοὺς
3489 804 3711 876 μοχθη-

2051 891 2175 967 ροὺς
2208 892 2267 945 ἄν
2298 913 2380 953 τις
2418 890 2668 966 βελτίους
2716 892 3015 961 ποιήσειεν·
3052 889 3215 944 ὁπότε
3262 890 3507 951 κάκεῖνος
3547 890 3595 962 ἐξ
3628 893 3708 945 ὧν

2049 979 2393 1054 εὐνούστερος
2424 986 2654 1058 φανῆναι
2708 976 2915 1041 δίκαιος
2948 982 3065 1051 (50)
3096 982 3181 1048 ἦν,
3214 978 3303 1032 καὶ
3351 975 3404 1033 εἶ’
3427 999 3476 1032 τι
3517 979 3711 1043 κακίας

2050 1069 2193 1143 εἶχεν
2246 1067 2570 1142 ἐμπῦρευμα
2614 1069 2762 1123 τοῦτ’
2819 1067 3048 1137 ἀνελεῖν,
3102 1068 3159 1122 ἐκ
3204 1066 3412 1122 τούτων
3467 1071 3580 1139 (51)
3628 1070 3711 1133 εἰς

2053 1161 2237 1230 μεῖζον
2274 1156 2483 1234 ἀνήφθη
2524 1162 2704 1229 μῖσος,
2738 1156 2827 1211 καὶ
2859 1155 3010 1219 ὅπως
3064 1155 3119 1210 ἂν
3164 1155 3439 1230 ἀμύνηται
3470 1158 3584 1231 (52)
3613 1159 3711 1214 τὸν

2051 1244 2336 1321 εὐεργέτην
2371 1244 2610 1303 ἐσκόπει.

272 1335 583 1408 probitatis
614 1334 904 1408 igniculos
953 1335 1226 1403 habebat,
1260 1353 1358 1392 eos
1390 1338 1761 1409 exstinguere
1795 1337 2067 1408 debebat,
2101 1354 2171 1392 ex
2203 1336 2291 1392 his
2323 1338 2393 1392 ad
2427 1338 2620 1408 majus
2665 1336 2868 1393 odium
2915 1336 3193 1393 incensus
3242 1335 3342 1405 sit,
3373 1335 3547 1409 idque
3576 1355 3711 1411 spe-

274 1424 469 1495 ctarit,
503 1428 568 1481 ut
595 1425 745 1481 bene
776 1426 848 1481 de
878 1442 941 1481 se
970 1426 1248 1481 meritum
1280 1425 1681 1483 ulcisceretur.

344 1513 534 1572 XLIII.
575 1515 707 1571 Haec
768 1516 963 1587 ipsum
1019 1514 1315 1584 Platones,
1376 1521 1432 1572 et
1488 1516 1817 1591 Chrysippi,
1882 1520 1940 1572 et

268 1604 464 1661 clarus
516 1604 845 1677 Peripatus,
880 1609 938 1661 et
984 1606 1314 1662 veneranda
1343 1606 1501 1675 Stoa,
1537 1610 1594 1662 et
1643 1606 1789 1662 scita
1838 1605 1941 1660 illa

266 1696 520 1749 venusta
551 1710 766 1750 sonoro
789 1698 1026 1766 gutture
1058 1694 1371 1750 fundentes
1403 1696 1782 1751 edocuerunt.
1812 1697 1938 1750 Haec

270 1784 609 1856 geometriae
641 1783 947 1855 aequalitas
975 1788 1031 1839 et
1057 1784 1127 1838 de
1151 1784 1387 1855 justitia
1418 1801 1740 1853 sermones,
1770 1783 1941 1840 illud-

271 1889 408 1944 que,
470 1872 807 1944 eligendum
866 1873 1059 1944 potius
1120 1889 1250 1929 esse
1314 1873 1596 1944 injuriam
1655 1875 1935 1945 accipere,

2121 1516 2247 1571 Ml".
2281 1518 2459 1569 Ταῦτα
2506 1512 2794 1576 Πλάτωνες
2845 1512 3027 1585 αὐτὸν,
3074 1512 3163 1567 καὶ
3210 1512 3523 1589 Χρύσιπποι
3551 1560 3566 1587 ,
3620 1518 3713 1573 καὶ

2051 1602 2079 1657 ὀ
2113 1600 2369 1679 λαμπρὸς
2402 1602 2708 1679 ΙΙερίπατος
2738 1605 2852 1677 (53)
2881 1602 2969 1657 καὶ
3001 1604 3034 1673 ἡ
3074 1603 3246 1675 σεμνὴ
3281 1604 3425 1658 Στοὰ
3455 1606 3590 1680 (54),
3621 1608 3712 1662 καὶ

2049 1692 2105 1746 οἱ
2163 1694 2229 1747 τὰ
2284 1693 2473 1766 κομψὰ
2522 1691 2937 1769 λαρυγγίζοντες
2998 1688 3368 1763 ἐξεπαίδευσαν
3399 1712 3410 1725 ·
3461 1698 3627 1749 ταῦτα
3670 1698 3706 1767 ἠ

2047 1789 2146 1853 τῆς
2176 1781 2517 1859 γεωμετρίας
2568 1781 2778 1852 ἰσότης,
2811 1783 2901 1836 καὶ
2942 1782 2994 1836 οἳ
3042 1781 3165 1857 περὶ
3219 1778 3563 1854 δικαιοσύνης
3612 1784 3707 1841 λό-

2047 1893 2159 1947 γοι,
2192 1870 2279 1925 καί
2310 1871 2373 1926 τὸ
2423 1874 2626 1947 χρῆναι
2678 1869 2976 1935 ἀδικεῖσθαι
3027 1872 3141 1943 (55)
3194 1868 3408 1944 μῖιλλον
3441 1872 3701 1948 αἱρεῖσθαι

276 1976 456 2034 quam
515 1961 748 2017 inferre.
803 1962 935 2018 Haec
994 1962 1211 2034 egregii
1270 1963 1560 2034 magistri,
1593 1966 1650 2018 et
1706 1963 1935 2035 imperii

2055 1958 2330 2031 ἧάδικεῖν·
2364 1965 2529 2016 ταῦτα
2578 1961 2630 2016 οἱ
2679 1966 2917 2036 γενναῖοι
2970 1958 3307 2025 διδάσκαλοι,
3350 1961 3567 2033 καὶτῆς
3604 1966 3701 2039 βα-

273 2051 613 2107 defensores
645 2055 701 2107 et
727 2049 1114 2124 legislatores,
1146 2068 1296 2123 quos
1345 2069 1413 2107 ex
1462 2052 1646 2107 triviis
1677 2057 1732 2107 et
1764 2054 1932 2108 bara—

275 2139 429 2197 thris
462 2140 574 2196 sibi
605 2139 946 2213 collegerat;
1000 2157 1253 2211 quorum
1285 2159 1400 2195 non
1431 2140 1612 2197 vitam
1645 2158 1711 2197 ac
1742 2158 1932 2196 mores

275 2227 641 2298 laudaverat,
675 2229 777 2284 sed
810 2229 1145 2285 facundiam
1179 2235 1556 2301 suspexerat:
1587 2246 1651 2285 ac
1684 2246 1752 2285 ne
1784 2231 1934 2285 hanc

281 2318 521 2391 quidem
553 2319 824 2387 fortasse,
850 2319 950 2375 sed
982 2318 1345 2391 impietatem
1369 2318 1575 2390 solam,
1600 2324 1664 2374 ut
1695 2324 1787 2374 sat
1816 2319 1937 2374 ido-

281 2423 456 2463 neam
489 2409 585 2465 97
622 2407 1039 2477 consiliariam,
1075 2424 1389 2480 rerumque
1421 2409 1813 2480 gerendarum
1846 2407 1936 2464 vel

285 2498 746 2556 omittendarum
779 2498 1147 2570 magistram.

351 2586 537 2643 XLIV.
573 2587 786 2651 Quidni
820 2594 1013 2643 autem
1064 2586 1169 2643 hos
1221 2586 1499 2643 admirari
1537 2604 1642 2659 par
1690 2592 1799 2657 est,
1834 2589 1935 2658 qui

276 2677 543 2735 civitates
593 2676 803 2743 etiam,
853 2693 979 2747 quas
1027 2677 1220 2748 reipsa
1269 2675 1586 2731 consistere
1634 2693 1750 2732 non
1800 2694 1933 2749 pos-

278 2770 438 2834 sunt,
473 2781 743 2821 sermone
773 2765 1029 2837 ﬁngunt,
1060 2765 1280 2837 quique
1308 2764 1650 2836 splendidas
1680 2768 1936 2838 tyranni-

277 2856 385 2911 des
416 2856 588 2910 modo
621 2871 735 2910 non
777 2855 1047 2925 adorant,
1081 2859 1137 2910 et
1167 2871 1302 2909 cum
1351 2855 1607 2927 superba
1654 2857 1935 2927 gravitate

275 2961 459 3017 supra
489 2945 629 2999 deos
650 2943 887 3000 obolum
922 2945 1201 3012 efferunt;
1231 2960 1481 3016 quorum
1506 2943 1627 3016 alii,
1651 2961 1723 3001 ne
1750 2945 1933 3001 Deum

273 3033 517 3106 quidem
551 3033 791 3090 omnino
822 3050 970 3105 esse,
1005 3033 1102 3089 alii
1135 3050 1331 3089 rerum
1362 3033 1758 3089 humanarum
1794 3052 1935 3092 cura

278 3139 393 3179 non
430 3122 617 3195 tangi,
650 3123 753 3178 sed
792 3126 1011 3178 temere
1040 3127 1097 3177 et
1126 3122 1368 3177 fortuito
1401 3122 1598 3178 omnia
1629 3123 1761 3179 ferri
1793 3141 1933 3182 cen—

274 3216 437 3280 sent;
474 3211 571 3267 alii
616 3216 812 3267 autem
859 3211 1152 3267 sideribus
1204 3212 1339 3266 duci
1388 3212 1851 3285 necessariisque
1880 3220 1933 3270 et

2044 2051 2251 2114 σιλείας
2327 2050 2715 2127 συναγωνισταί
2792 2072 2851 2106 τε
2926 2052 3016 2105 καὶ
3090 2050 3431 2124 νομοθέται,
3492 2053 3587 2116 οὓς
3643 2054 3701 2109 ἐκ

2042 2145 2148 2195 τῶν
2191 2142 2297 2215 (56)
2346 2139 2577 2216 τριόδων
2630 2138 2721 2194 καὶ
2768 2146 2876 2195 τῶν
2933 2140 3216 2216 βαράθρων
3269 2139 3440 2213 ἐαυτῷ
3489 2141 3693 2196 συνελέ-

2046 2230 2195 2300 ξατο·
2224 2230 2298 2283 ὧν
2349 2229 2415 2284 οὐ
2464 2230 2554 2284 τὸν
2604 2228 2804 2304 τρόπον
2841 2228 3117 2303 ἐπῄνεσεν,
3152 2227 3298 2285 ἀλλὰ
3325 2248 3419 2298 την
3457 2229 3688 2305 εὐγλωτ-

2042 2319 2156 2373 τίαν
2190 2317 2476 2392 ἐθαῦμασε’
2525 2317 2615 2373 καὶ
2661 2316 2786 2374 οὐδὲ
2830 2319 3032 2390 ταύτην
3084 2316 3238 2392 ἴσως,
3271 2316 3415 2374 ἀλλὰ
3456 2314 3692 2375 ἀσέϐειαν

2048 2408 2242 2481 μόνην,
2286 2408 2361 2470 ὡς
2402 2402 2718 2481 σύμϐουλον
2758 2409 2947 2478 ἱκανὴν
2987 2408 3078 2463 καὶ
3123 2413 3231 2463 τῶν
3282 2406 3558 2483 πρακτέων
3612 2410 3701 2465 καὶ

2048 2499 2149 2570 μὴ,
2184 2494 2511 2553 διδάσκαλον
2542 2500 2678 2571 (57).

2118 2588 2247 2643 ΜΔ’.
2301 2591 2425 2649 Πῶς
2472 2583 2529 2641 δὲ
2580 2586 2641 2641 οὐ
2691 2586 2981 2662 Θαυμάζειν
3045 2586 3189 2658 ἀξιον
3233 2609 3485 2661 τουτους,
3518 2588 3571 2644 οἳ
3617 2590 3705 2643 καὶ

2045 2673 2198 2753 λόγῳ
2246 2673 2548 2732 πλάττουσι
2590 2676 2805 2744 πόλεις,
2854 2677 2946 2738 τὰς
2995 2671 3143 2752 ἔργῳ
3194 2685 3450 2748 συστῆναι
3506 2679 3579 2752 μή
3614 2675 3702 2731 δυ-

2042 2764 2298 2839 ναμένας,
2359 2766 2449 2819 καὶ
2507 2766 2603 2827 τὰς
2669 2766 2867 2838 σεμνὰς
2923 2762 3241 2841 τυραννίδας
3469 2763 3703 2841 μονονοὺ

2043 2859 2427 2930 προσκυνοῦσι,
2476 2856 2566 2909 καὶ
2613 2855 2705 2909 τὸν
2758 2849 2959 2909 ὀϐολὸν
2997 2854 3128 2930 ὑπὲρ
3160 2854 3285 2916 τοὺς
3328 2856 3482 2917 θεοὺς
3516 2854 3701 2933 ἄγουσι

2048 2945 2182 3018 μετὰ
2209 2952 2308 3015 τῆς
2356 2944 2559 3022 ὀφρύος
2583 2946 2715 3018 (59)
2767 2944 2855 2998 καὶ
2909 2944 2961 2997 οἱ
3019 2944 3110 3016 μὶν
3147 2941 3273 2999 οὐδέ
3307 2944 3438 2999 εἶναι
3481 2945 3610 3001 Θεὸν
3642 2945 3704 2999 τὸ

2042 3036 2316 3111 παράπαν,
2345 3036 2397 3088 οἱ
2449 3031 2506 3086 δὲ
2547 3036 2653 3104 (60)
2700 3032 2761 3087 οὐ
2807 3038 3059 3107 προνοεῖν
3104 3037 3211 3087 τῶν
3258 3031 3393 3107 τῇδε
3443 3032 3706 3110 δογματί-

2046 3130 2247 3196 ζουσιν,
2282 3121 2408 3178 ἀλλ’
2438 3121 2554 3189 εἰκῆ
2609 3120 2695 3175 καὶ
2745 3120 2819 3182 ὡς
2864 3118 3027 3196 ἔτυχε
3074 3122 3135 3175 τὸ
3189 3128 3292 3175 πᾶν
3346 3124 3618 3198 φέρεσθαι,
3652 3124 3703 3178 οἱ

2044 3210 2102 3267 δὲ
2132 3212 2383 3287 ἀστράσιν
2431 3208 2651 3283 ἄγεσθαι
2703 3206 2791 3261 καὶ
2839 3214 3257 3282 σχηματισμοῖς
3288 3208 3533 3283 ἀνάγκης
3564 3211 3701 3282 (61),

264 3300 552 3358 fatalibus
584 3300 814 3373 ﬁguris,
850 3300 1003 3356 haud
1058 3300 1178 3356 scio
1221 3301 1377 3356 unde
1408 3305 1464 3356 et
1495 3318 1526 3355 a
1558 3318 1672 3374 quo
1705 3304 1929 3359 ductis:

2055 3301 2145 3355 οὐκ
2175 3297 2276 3353 οἶδ’
2309 3299 2410 3351 ὑπὸ
2440 3296 2585 3357 τίνος
2618 3295 2909 3370 ἀγομένοις
2956 3300 3047 3348 καὶ
3095 3293 3237 3357 ὅθεν.
3272 3297 3323 3349 οἱ
3356 3293 3414 3349 δὲ
3459 3296 3534 3356 εἲς
3567 3292 3699 3364 ἠδο-

268 3389 371 3449 alii
424 3406 561 3446 vero
611 3390 810 3446 omnia
854 3388 1215 3462 voluptatem
1268 3394 1557 3462 appetere,
1590 3392 1765 3462 idque
1804 3393 1931 3447 vitae

268 3481 548 3537 humanae
572 3479 747 3536 ﬁdem
774 3478 1174 3535 arbitrantur?
1197 3479 1398 3535 Virtus
1429 3497 1599 3553 porro
1630 3481 1775 3552 ipsis
1808 3498 1931 3552 spe-

270 3571 497 3627 ciosum
532 3570 818 3626 duntaxat
848 3586 1061 3624 nomen
1099 3574 1207 3635 est,
1243 3585 1347 3624 nec
1379 3568 1535 3624 ultra
1567 3569 1719 3625 hanc
1750 3570 1927 3624 vitam

270 3659 727 3734 porrigitur,nec
751 3656 872 3714 ulla
902 3663 1105 3731 postea
1138 3675 1334 3714 rerum
1368 3658 1425 3713 in
1461 3658 1570 3714 hac
1594 3659 1715 3713 vita
1736 3663 1929 3730 gesta-

342 3827 456 3900 (49)
514 3822 1129 3900 ’Δσυλλλόγιστονμοῐα
1196 3847 1223 3880 α
1273 3826 1608 3900 Gregorius,
1672 3848 1698 3875 »
1726 3826 1924 3900 juxta:

342 3840 456 3900 (49)
515 3840 962 3899 ἈσυΛΑογιστον,
1019 3840 1129 3882 etc.
1196 3847 1223 3880 α
1273 3840 1608 3951 uregorius,
1672 3848 1698 3875 »
1726 3840 1924 3897 Juxta-

270 3899 479 3982 Eliam,
515 3921 543 3949 ιι
576 3898 723 3982 dixit
752 3898 1187 3982 improbitatem
1223 3914 1353 3982 esse
1426 3896 1809 3982 συλλογιστον,
1840 3897 1930 3982 vel

269 3972 408 4040 quia
432 3987 547 4026 non
573 3971 739 4042 facile
763 3971 1149 4025 animadverti
1176 3986 1243 4026 ac
1266 3971 1622 4042 deprehendi
1657 3976 1927 4041 potest...

270 4042 356 4097 vel
390 4045 530 4115 quia
563 4041 1113 4115 ratiocinandonon
1156 4042 1494 4115 assequitur
1525 4043 1582 4097 id
1616 4045 1770 4113 quod
1797 4045 1933 4115 jus-

270 4113 424 4171 tum'
458 4119 565 4171 est.
589 4136 617 4165 »
653 4114 745 4186 Ex,
776 4113 1108 4186 Phocylidis
1156 4113 1391 4186 scriptis
1450 4115 1763 4186 desumpta
1804 4113 1933 4170 haec

282 4186 603 4253 sententia;
637 4185 778 4239 dicit
806 4185 960 4253 enim
999 4202 1011 4240 :

625 4250 1050 4330 Ἀσυλλόγιστόν
1085 4253 1237 4330 ἔστιν
1258 4256 1293 4323 ἡ
1324 4254 1583 4330 πονηρία,

272 4349 303 4381 α
351 4327 789 4385 inconsiderata
844 4326 934 4384 est
990 4328 1360 4400 improbitas,
1402 4348 1429 4377 »
1477 4326 1535 4380 id
1587 4330 1697 4391 est,
1748 4348 1774 4376 ‹‹
1830 4340 1935 4379 nec

271 4401 387 4472 ius,
415 4416 518 4456 nec
548 4417 782 4471 aequum
815 4399 1094 4472 perspicit
1122 4399 1210 4472 vir
1240 4399 1570 4472 improbus.
1601 4421 1621 4472 ρ
1654 4401 1771 4452 Hac
1805 4413 1938 4472 seu:

275 4467 461 4528 tentia
519 4467 702 4527 utitur
749 4467 1079 4544 Theologus
1128 4471 1221 4544 ad
1266 4467 1725 4544 significandum
1778 4467 1934 4538 quod

277 4545 441 4617 prius
475 4543 734 4600 insinuat
775 4540 1047 4617 Eliasfid
1083 4540 1735 4617 nimirumuimpietatis
1784 4554 1935 4605 esse,

279 4613 345 4672 ut
374 4617 847 4673 ratiocinationes
881 4615 1041 4671 fallat
1079 4632 1304 4683 omnes,
1340 4614 1604 4686 nihilque
1634 4613 1707 4668 ab
1739 4628 1801 4686 ea
1835 4628 1935 4665 ex-

354 4690 690 4762 ectandium,
726 4688 880 4762 quod
912 4688 971 4743 in
1004 4687 1137 4743 aliis
1167 4662 1931 4762 necessariojconsequitur.
1968 4662 2012 4725 D

281 4707 309 4744 s
354 4707 690 4758 ectanaum,
726 4707 880 4762 quoa
912 4707 971 4743 1n
1004 4707 1137 4743 ams
1167 4707 1495 4743 necessario
1528 4707 1931 4756 CODSBqUILur.

280 4707 443 4818 Uiiide
493 4761 639 4816 nihil
684 4763 895 4817 mirum
930 4760 1363 4830 exspectatione
1420 4775 1529 4814 sua
1582 4758 1932 4812 frustratum

276 4832 461 4891 fuisse
490 4833 920 4890 Constantium.

367 4908 455 4975 50)
489 4904 728 4977 ΔίκαιοςἸ
766 4905 905 4977 Reg.
938 4902 978 4969 l,
1013 4897 1242 4977 δίκαιον.

367 4909 455 4975 50)
489 4909 728 4966 Δίκαιος.
766 4909 905 4977 Reg.
940 4909 978 4969 Ι,
1013 4909 1242 4957 δίκαιον.

345 4909 456 5049 (51)
492 4975 865 5051 Ἐκιτούτων.
917 4972 1269 5051 Savilius,_6
1319 4969 1363 5026 δ’
1412 4970 1471 5025 ἑκ
1526 4968 1757 5051 τούτων,
1806 4987 1933 5051 quae

274 5042 471 5118 priora
500 5048 676 5105 verba
708 5052 908 5105 censet
956 5046 1281 5115 retinenda,
1311 5042 1577 5117 quamvis
1627 5042 1822 5098 desint
1874 5043 1933 5096 in

276 5120 542 5176 melioris
575 5128 722 5176 notae
753 5120 1082 5177 codicibus.

362 5194 453 5262 52)
484 5191 804 5262 Ἀμ-ὂνηται.
847 5193 1025 5261 Regg.
1063 5207 1115 5255 8.,
1150 5188 1207 5262 Ι),
1239 5183 1672 5262 θιοπάμύναιτο.

362 5194 432 5245 52
484 5194 804 5262 Ἀμ·3νηται.
847 5194 1025 5261 Regg.
1063 5207 1115 5255 a,
1150 5194 1205 5257 b,
1239 5194 1350 5243 etc.
1385 5194 1672 5257 ἀμύναιτο.

339 5194 748 5336 (53)Λαμπρὸς
796 5262 1119 5336 Ιιερίπατος..
1154 5261 1246 5315 Sic
1278 5259 1535 5330 quinque
1567 5258 1747 5329 Regg.
1791 5256 1927 5313 alii-

270 5330 385 5405 que
425 5330 737 5406 pluresfln
770 5330 910 5406 edit.
945 5330 1157 5406 σεμνόςτ

343 5400 442 5477 (Μ
490 5405 673 5475 Σεμνή
705 5404 869 5458 Στοά.
904 5407 990 5462 Ita
1010 5400 1285 5477 plerique
1333 5402 1503 5457 codd.
1555 5400 1728 5457 Deest
1759 5407 1929 5472 σεμνή

274 5475 331 5529 in
355 5475 459 5531 ed.

346 5547 461 5615 (55)
494 5550 696 5618 Χρῇναι
745 5540 1065 5618 ἀδικεῖσθαι,
1098 5550 1210 5604 etC.
1249 5568 1276 5596 ‹‹
1312 5544 1728 5618 Eligendun‘i...
1782 5542 1931 5618 inju-

277 5614 447 5669 riam'
487 5614 625 5685 pati.
667 5638 706 5688 _»
767 5615 972 5688 Dillius
998 5687 1004 5688 ί
1032 5614 1057 5672 ;⁷
1086 5643 1114 5667 α
1176 5614 1577 5688 Optandum...
1648 5614 1929 5688 iniuriam

278 5688 450 5759 farre:
482 5680 721 5759 {Paule
753 5684 919 5759 aliter
950 5687 1108 5759 Plato
1139 5690 1199 5744 in
1226 5680 1347 5759 Iine
1379 5689 1592 5759 Gorgia:
1622 5705 1639 5740 :
1672 5680 1932 5759 Εὒλαϐη-

276 5754 398 5808 τίον
430 5751 539 5809 ἐστὶ
567 5752 631 5807 τὸ
663 5750 861 5806 ἀδικεῖν
898 5754 1108 5826 μᾶλλον
1142 5760 1175 5828 ἢ
1209 5750 1525 5835 ἀδικεῖσθρῖε
1561 5781 1580 5810 ι
1617 5758 1802 5831 Magis
1835 5750 1927 5813 Cit-

2041 3390 2139 3457 νὴν
2169 3386 2231 3440 τὸ
2279 3391 2383 3438 πᾶν
2418 3385 2595 3462 φέρειν
2647 3385 2782 3456 (62),
2812 3382 2903 3437 καὶ
2950 3387 3111 3437 τοῦτο
3166 3383 3299 3437 εἶναι
3351 3382 3519 3459 πέρας
3553 3388 3696 3452 ζωῆς

2040 3473 2384 3551 ἀνθρωπίνης
2462 3467 2994 3545 ὑπολαμϐάνουσιν;
3051 3477 3112 3526 Ἠ
3172 3472 3335 3548 ἀρετή
3398 3470 3453 3528 δὲ
3512 3472 3699 3533 αὐτοῖς

2042 3562 2228 3625 ἄλλως
2284 3557 2460 3636 ὄνομα
2517 3559 2777 3636 εὐπρεπὲς
2812 3606 2826 3633 ,
2885 3560 2975 3616 καὶ
3055 3559 3207 3616 οὐδὲν
3266 3566 3365 3616 τοῦ
3431 3561 3702 3639 παρόντος

2046 3655 2168 3732 βίου
2202 3651 2560 3729 μακρότερον,
2612 3649 2739 3706 οὐδὲ
2786 3672 2868 3713 τις
2923 3651 3158 3721 ἐξέτασις
3200 3655 3305 3706 τῶν
3359 3650 3579 3707 ἐνταόθα
3619 3652 3705 3727 βε-

2038 3824 2293 3881 vendum
2353 3826 2444 3877 est
2500 3819 2783 3892 injuriam
2844 3819 3033 3875 facere
3091 3835 3269 3892 qu_am
3334 3820 3538 3891 pati.»
3588 3819 3699 3892 Ra-

2042 3896 2261 3952 tionem
2295 3887 2581 3960 superius'
2599 3893 2909 3948 attulerat:
2937 3896 3092 3944 Δυοῖν
3106 3887 3211 3945 οὖν
3237 3887 3427 3960 ὅντῶν,
3454 3894 3551 3944 τοῦ
3585 3887 3701 3945 ἀδι-

2042 3912 2261 3952 tionem
2295 3912 2363 3949 su
2411 3912 2568 3949 enus
2599 3912 2909 3948 aumeran:
2937 3912 3092 3944 Δυοιν
3119 3912 3211 3945 ουν
3237 3912 3427 3960 οντων,
3454 3912 3551 3944 του
3585 3912 3700 3945 αοι-

2039 3972 2153 4038 κεῖν
2216 3966 2335 4038 καί.-
2363 3912 2700 4038 ξ’ὀικεῖςξίῇαι,Δ
2746 3966 2929 4038 μεῖζον
2991 3963 3084 4034 μὲν
3147 3962 3309 4038 κακόν
3384 3983 3557 4038 φαμεν
3618 3962 3700 4038 Δτὸ

2042 4037 2269 4103 ἀδικεῖν,
2295 4031 2519 4090 ἔλαττον
2553 4031 2611 4087 δὲ
2632 4030 2961 4108 ἀδικεῖσθαι.
2991 4030 3189 4108 i¢_Cum
3221 4036 3350 4090 dua:
3381 4030 3563 4108 igitur
3581 4034 3703 4090 sint

2042 4112 2129 4166 his
2164 4127 2276 4176 res,
2309 4108 2588 4179 injuriam
2621 4107 2806 4179 facere
2837 4110 2895 4160 et
2926 4106 3066 4176 pati,
3091 4107 3286 4179 majus
3313 4106 3550 4177 quidem
3584 4108 3695 4162 ma

2042 4184 2167 4238 lum
2200 4197 2330 4249 esse
2360 4179 2613 4249 dicimus
2645 4178 2832 4231 facere
2850 4192 3037 4249 quam
3073 4178 3193 4249 pati
3225 4179 3528 4249 injuriam.
3563 4199 3591 4227 n

2114 4254 2229 4321 (56)
2260 4247 2362 4309 Οὕς
2405 4248 2463 4321 ἐκ
2500 4252 2632 4311 τῶν,
2686 4254 2795 4321 etc.
2847 4248 3236 4321 Porphyrium
3281 4247 3340 4321 et
3390 4250 3699 4305 Libanium

2046 4320 2326 4392 intelligit
2356 4320 2547 4388 Elias;
2600 4320 2818 4390 quibus
2864 4326 3014 4374 recte
3047 4320 3346 4377 addideris
3377 4321 3702 4394 impietatis

2046 4395 2380 4450 magistros.

2209 4411 2235 4447 S
2268 4411 2380 4446 I‘OS.

2117 4411 2361 4533 (ἐὴιῐζαὶ
2398 4461 2472 4534 μὴ
2509 4457 2856 4517 διδάσκαλον.
2890 4461 3022 4534 Νοῃ
3048 4461 3099 4517 is
3129 4466 3219 4517 est
3255 4461 3469 4518 horum
3501 4464 3702 4518 verbo-

2047 4553 2179 4592 rum
2212 4532 2444 4603 Sensus,
2492 4550 2663 4605 quem
2698 4535 2891 4589 reddit
2921 4532 3150 4600 Billius,
3174 4538 3240 4589 ut
3268 4534 3497 4590 videtur
3526 4535 3701 4590 Tille-

2048 4608 2291 4675 montio,
2327 4607 2427 4662 sed
2461 4607 2591 4672 iste,
2617 4629 2642 4655 ‹‹
2678 4605 3044 4678 impietatem
3067 4606 3295 4678 ioperis
3330 4612 3560 4662 tantum
3609 4624 3703 4662 so-

2046 4681 2229 4748 ciam;
2253 4699 2277 4732 u
2309 4696 2423 4734 non
2455 4693 2588 4733 vero
2620 4676 2964 4751 magistram
3001 4676 3177 4734 fuisse
3205 4676 3462 4741 Juliano,
3486 4680 3703 4751 quippe

2045 4753 2147 4825 qui
2179 4769 2280 4825 per
2311 4751 2559 4825 scentis
2578 4750 2772 4807 sciret.
2805 4750 2868 4805 In
2901 4750 3078 4825 Regg.
3114 4755 3309 4825 tamen
3349 4751 3516 4825 codd.
3551 4749 3701 4821 opti-

2046 4821 2151 4880 mae
2179 4821 2353 4890 notae,
2387 4823 2511 4890 bm,
2547 4822 2648 4889 hu,
2682 4826 2818 4894 etc.,
2844 4821 3119 4894 cumbae
3151 4821 3545 4894 distinctione,
3571 4840 3701 4894 quae

2044 4897 2212 4953 Billio
2244 4888 2683 4966 favet,,legitur,
2715 4888 2811 4947 xui
2842 4892 2915 4964 μὴ
2946 4888 3292 4966 διδάσκαλον.
3534 4888 3539 4891 ⁷
3589 4888 3604 4894 ’
3714 4948 3727 4963 ρ

2116 4968 2229 5040 (58)
2260 4965 2357 5020 Καὶ
2389 4961 2482 5026 τὰς
2509 4961 3080 5040 βεμνάς-τᾲυραννίξας.
3111 4966 3214 5021 Hic
3246 4965 3541 5040 Platonem
3575 4981 3701 5040 car-

2046 5036 2152 5113 pit,
2187 5036 2283 5111 qui
2320 5036 2576 5113 pecunia:
2617 5036 2938 5113 cupiditate
2969 5037 3185 5113 ductus
3224 5038 3304 5113 ad
3357 5036 3701 5113 Dionysium

2046 5107 2361 5183 navigasse
2395 5110 2595 5175 fertur,
2628 5107 2809 5183 atque
2851 5110 2923 5164 ad
2975 5110 3311 5183 ejuspedes
3360 5126 3440 5183 se
3469 5107 3699 5183 provolf

2044 5179 2217 5247 visse:
2254 5182 2484 5253 ipsique
2525 5180 2813 5236 assentari
2836 5181 3257 5253 iconsuevisse,
3293 5187 3357 5236 ut
3388 5181 3523 5236 hinc
3556 5179 3701 5253 lucri

2045 5252 2557 5325 aliquid’referret,
2591 5258 2764 5325 atque
2797 5252 3032 5325 obolum
3080 5252 3267 5323 pluris
3299 5270 3474 5325 quam
3510 5252 3702 5325 genti-

2043 5324 2190 5383 lium
2226 5327 2364 5381 deos
2409 5326 2634 5380 fecisse.
2670 5324 2888 5379 Deinde
2919 5324 3232 5395 Epicureos
3282 5324 3504 5380 cavillis
3537 5324 3700 5395 petit,

2044 5401 2143 5471 qui
2181 5398 2602 5471 Providentiam
2637 5396 2945 5471 negabant,
2978 5403 3087 5450 etc.

2117 5472 2226 5542 (59)
2258 5469 2403 5544 Mer}
2429 5473 2528 5544 τῇς
2561 5466 3044 5544 6:99604._B_il_lius,
3078 5488 3107 5544 <§
3140 5482 3276 5544 cum
3310 5466 3645 5539 supercilio.
3672 5486 3699 5514 »

2117 5487 2226 5542 res)
2258 5487 2403 5522 Μετα
2429 5488 2528 5534 της
2561 5487 2629 5544 οφ
2672 5487 2783 5527 υος.
2817 5487 3044 5536 nuuus,
3078 5488 3107 5516 «
3140 5487 3276 5522 cum

2114 5544 2224 5612 (60)
2257 5540 2317 5593 Oi
2351 5537 2427 5595 δέ.
2464 5541 2602 5612 Reg.
2636 5487 2678 5608 Ῠ,
2708 5544 2769 5612 _et
2801 5538 3024 5612 Billiujs,
3060 5536 3110 5590 oi
3144 5534 3287 5612 ορδἒ.

2114 5560 2205 5611 (ου
2257 5560 2317 5593 Ut
2351 5560 2427 5595 οε.
2467 5560 2602 5612 Reg.
2640 5560 2678 5608 ι,
2713 5560 2769 5594 et
2803 5560 3024 5605 DllllUS,
3060 5560 3110 5590 οι
3144 5560 3287 5595 ουοε.

2112 5560 2224 5685 (iiii
2277 5613 2564 5686 ’Δνάγκτ,ς.
2625 5610 2785 5686 Colb.
2845 5612 2901 5686 ξς,
2964 5608 3299 5686 αναγκαίοις.
3360 5610 3575 5666 Eadem
3638 5608 3697 5663 in

2042 5682 2508 5740 Theodoreto'de
2544 5683 2905 5754 providentia
2937 5682 3211 5755 reperias.

2115 5759 2226 5830 (62)
2258 5757 2465 5830 Φέρειν.
2503 5752 2755 5815 Montac.
2787 5752 3028 5811 mavult.
3062 5752 3263 5831 ῥέπειν.
