4028 6396
290 428 408 489 569

1286 418 1577 480 ORATIO
1622 418 1839 478 1v.—
1870 414 2186 477 CONTRA
2232 413 2628 478 JULIANUM
2676 411 2722 473 Ι.

3598 405 3720 465 570

290 552 581 629 ϐιωμένων
630 552 851 629 ὕστερον
906 553 1006 620 τὴν
1067 548 1275 605 ἀδικίαν
1332 545 1814 605 συστέλλουσα.Ἣ
1846 545 1949 623 γὰρ

2068 564 2199 603 rum
2232 562 2482 604 censura
2505 543 2854 617 injustitiam
2888 541 3362 615 reprimens.Aut
3389 540 3545 597 enim
3570 538 3731 613 quis-

290 646 352 701 οὐ
388 642 595 700 συνεῖδε
642 664 725 705 τις
774 646 943 697 ταῦτα
988 645 1095 696 τῶν
1144 640 1269 714 παρ’
1321 638 1544 701 ἐκείνοις
1578 642 1775 714 σοφῶν,
1810 634 1955 691 ἀλλὰ

293 737 449 812 βαθεῖ
483 727 767 810 βορϐόρῳ,
824 732 887 786 τὸ
949 728 1015 799 δὴ
1064 728 1389 804 λεγόμενον,
1444 728 1534 781 καὶ
1585 728 1769 804 ἀφεγεῖ
1806 725 1953 802 ζόιρῳ

288 823 504 893 πλανης
557 821 650 877 καὶ
710 820 928 898 ἀγνοίας
997 822 1112 892 (63)
1156 816 1556 895 συνεκαὶύιρθη,
1630 813 1757 888 μηδ’
1828 814 1950 869 ὅσον

290 908 633 988 προσϐλέψαι
684 917 803 974 ταῖς
850 916 953 979 τῆς
1002 907 1264 979 ἀληθείας
1310 908 1499 983 αὐγαῖς
1542 904 1824 981 καθαρθεὶς
1854 905 1951 972 τὴν

295 1001 556 1074 διάνοιαν,
609 1000 755 1058 ἀλλὰ
802 1000 928 1077 περί
979 999 1047 1053 τὰ
1095 999 1241 1053 κάτω
1286 1000 1399 1067 (64)
1431 996 1519 1051 καὶ
1580 997 1679 1065 τὴν
1714 992 1956 1064 αἴσθησιν

297 1091 698 1165 ἰλυσπώμενος,
753 1091 841 1145 καὶ
902 1087 1070 1162 μηδὲν
1133 1088 1265 1161 ὑπὲρ
1321 1085 1448 1147 τοὺς
1507 1082 1761 1156 δαίμονας
1830 1104 1956 1160 φαν-

293 1183 551 1250 τασθῆναι
580 1178 855 1251 δυνηθεὶς,
896 1179 985 1233 καὶ
1027 1175 1305 1251 διαρθῆναι
1514 1179 1611 1229 τοῦ
1659 1172 1957 1243 πεποιηκό-

294 1292 385 1333 τος
415 1269 579 1341 ἀξίως
608 1289 619 1302 ’
671 1271 705 1339 ἢ
758 1266 811 1323 εἷ’
852 1289 933 1328 τις
985 1262 1239 1339 διέϐλεψε
1284 1264 1373 1319 καὶ
1410 1265 1623 1339 μικρὸν,
1658 1264 1730 1325 ὡς
1765 1260 1955 1337 ὁδηγῷ

296 1358 476 1435 λόγῳ,
507 1359 597 1413 καὶ
651 1360 725 1432 μὴ
775 1362 890 1429 Θεῷ
939 1357 1248 1432 χρώμενος,
1302 1353 1404 1408 ὑπὸ
1451 1357 1547 1408 τοῦ
1586 1353 1955 1427 πιθανωτέρου

296 1447 594 1523 παρεσύρη,
627 1447 716 1503 καὶ
763 1450 859 1503 τοῦ
906 1444 1117 1520 μᾶλλον
1152 1444 1279 1507 τοὺς
1312 1441 1562 1505 πολλοὺς
1596 1440 1851 1504 ἕλκοντος
1886 1438 1954 1495 δι’

297 1537 590 1614 ἐγγύτητα.

367 1846 496 1896 ME’.
528 1840 586 1893 Τί
622 1837 711 1893 οὖν
750 1837 1056 1910 θαυμαστὸν
1101 1837 1191 1890 τὸν
1244 1836 1301 1890 ἐκ
1341 1834 1605 1890 τοιούτων
1638 1834 1731 1906 μὲν
1767 1832 1955 1909 ὁρμώ-

2066 638 2223 710 piam
2257 653 2460 692 eorum
2494 635 2594 707 qui
2645 635 2798 707 apud
2831 632 2965 689 illos
2996 633 3054 687 in
3097 632 3429 703 sapientum
3480 647 3724 686 numero

2066 727 2379 792 habentur,
2412 726 2521 781 hoc
2570 741 2684 780 non
2718 722 3021 791 intellexit,
3055 722 3156 777 sed
3207 721 3263 774 in
3298 719 3413 775 alto
3446 737 3626 787 cmno,
3664 725 3729 774 ut

2065 815 2177 871 dici
2212 814 2378 880 solet,
2412 819 2588 887 atque
2621 814 2866 868 obscura
2900 811 3116 868 erroris
3146 815 3203 865 et
3232 810 3573 881 ignorantia
3596 808 3732 863 cali-

2065 905 2201 977 gine
2231 906 2476 959 obrutus
2530 904 2721 969 haesit,
2757 919 2826 958 ne
2856 906 3098 957 eatenus
3148 899 3383 970 quidem
3419 903 3727 970 purgatus,

2067 998 2133 1048 ut
2164 992 2423 1049 veritatis
2457 993 2650 1047 radios
2682 990 2895 1045 intueri
2927 996 3147 1062 posset,
3182 1005 3383 1043 verum
3417 988 3474 1041 in
3518 992 3729 1041 terres-

2064 1082 2245 1138 trium
2298 1087 2355 1137 et
2386 1081 2757 1137 sensibilium
2800 1097 2960 1136 coeno
3012 1077 3376 1149 provolutus,
3412 1093 3517 1131 nec
3549 1092 3730 1146 supra

2066 1173 2359 1227 daemones
2390 1172 2712 1243 quidquam
2747 1170 2942 1224 animo
2975 1168 3277 1239 concipere
3310 1163 3728 1234 valens,subli-

2066 1261 2362 1333 miusque,
2416 1264 2479 1315 ut
2526 1261 2791 1316 Creatore
2841 1259 3084 1330 dignum
3124 1262 3234 1325 est,
3287 1255 3420 1312 ferri
3463 1273 3475 1310 :
3529 1258 3632 1310 aut
3678 1253 3729 1310 si

2065 1350 2199 1422 quis
2228 1350 2311 1405 vel
2343 1349 2545 1405 leviter
2574 1348 2891 1420 prospexit,
2924 1348 3063 1419 quia
3095 1364 3209 1401 non
3242 1350 3451 1413 Deum,
3483 1347 3586 1401 sed
3619 1343 3725 1399 hu-

2067 1456 2303 1496 manam
2337 1439 2621 1494 rationem
2674 1438 2882 1493 ducem
2930 1440 3293 1509 sequeretur,
3330 1435 3400 1491 ab
3455 1451 3520 1490 eo
3569 1434 3726 1505 quod

2066 1528 2430 1602 probabilius
2480 1532 2626 1592 erat,
2660 1530 2958 1599 petractus
3006 1529 3114 1594 est,
3148 1525 3422 1596 quodque
3474 1524 3729 1595 promis-

2066 1636 2237 1675 cuam
2272 1618 2706 1674 multitudinem
2739 1617 2810 1672 ob
2844 1613 3341 1688 propinquitatem
3382 1614 3571 1684 magis
3599 1612 3728 1669 alli-

2069 1708 2276 1763 ciebat.

2140 1832 2299 1887 XLV.
2334 1831 2482 1895 Quid
2515 1831 2731 1887 mirum
2762 1831 2962 1903 igitur,
2994 1829 3044 1886 si
3078 1830 3146 1892 is,
3183 1827 3283 1899 qui
3315 1827 3385 1882 ab
3419 1826 3727 1897 hujusmo-

303 1950 461 2002 μενον
512 1927 826 2002 δογμάτων,
879 1927 981 1981 ὑπὸ
1045 1925 1311 1981 τοιούτων
1370 1922 1427 1979 δὲ
1479 1918 1825 1999 κυϐερνητῶν
1879 1921 1952 1976 εὐ·

2069 1924 2127 1978 di
2161 1923 2389 1993 placitis
2422 1922 2711 1990 prodibat,
2748 1926 2920 1992 atque
2952 1921 3020 1973 ab
3065 1918 3405 1988 hujusmodi
3435 1918 3728 1989 guberna-

300 2018 619 2092 θυνόμενον,
683 2016 826 2071 οὕτω
873 2016 964 2071 καὶ
1013 2020 1092 2086 τῷ
1122 2014 1496 2071 πεπιστευκότι
1530 2013 1763 2088 φανῆναι
1791 2012 1955 2066 κακὸν

299 2108 391 2161 τὸν
450 2108 799 2161 πιστευθέντα
857 2108 989 2180 (66),
1048 2105 1138 2159 καὶ
1189 2102 1269 2177 τῷ
1316 2106 1608 2176 τιμήσαντι
1638 2102 1729 2157 τὸν
1790 2122 1958 2174 τιμη-

296 2197 486 2265 θέντα;
521 2196 583 2252 Εἰ
634 2197 737 2272 γὰρ
789 2192 871 2250 δεῖ
915 2216 969 2249 τι
998 2194 1088 2249 καὶ
1134 2190 1223 2247 διὰ
1250 2200 1349 2263 τῆς
1382 2189 1715 2267 κατηγορίας
1743 2188 1955 2245 ἀπολο-

294 2287 582 2359 γήσασθαι,
642 2283 703 2339 οὐ
784 2305 878 2357 μοι
942 2281 1093 2337 δοκεῖ
1151 2286 1410 2337 τοσοῦτον
1479 2281 1800 2354 ὑπεραλγῶν
1858 2283 1956 2333 τοῦ

296 2371 559 2446 ἀδελφοῦ,
621 2372 678 2425 δν
723 2392 783 2447 γε
831 2370 917 2425 καὶ
967 2370 1236 2443 πολέμιον
1288 2370 1346 2425 ἐκ
1393 2377 1489 2438 τῆς
1521 2368 1809 2444 θρησκείας
1838 2367 1957 2442 ἐγί-

298 2482 522 2526 νωσκεν,
583 2459 707 2513 ὅσον
757 2461 826 2513 τὰ
881 2461 1214 2533 Χριστιανων
1265 2458 1326 2512 οὐ
1376 2460 1552 2535 φέρων
1603 2456 1955 2528 αὐξανόμενα,

298 2549 389 2603 καὶ
449 2547 662 2602 λυσσῶν
724 2549 861 2602 κατά
914 2554 1013 2616 τῆς
1063 2542 1359 2618 εὐσεϐείας,
1406 2552 1522 2608 τοῖς
1570 2545 1957 2614 καθεστηκόσιν

300 2636 622 2711 ἐπιτολμᾷν,
673 2636 761 2691 καὶ
818 2642 997 2706 ζητεῖν
1035 2634 1335 2707 ἐλευθερίαν
1366 2640 1434 2709 τῇ
1467 2632 1716 2705 ἀπονοίᾳ·
1751 2641 1954 2708 χρῆναι

293 2726 398 2802 γὰρ
451 2725 772 2804 φιλοσοφίαν
828 2727 916 2780 καὶ
971 2723 1272 2800 βασιλείαν,
1324 2724 1397 2786 ὡς
1447 2725 1475 2777 ὁ
1520 2723 1734 2777 ἐκείνων
1768 2722 1951 2797 λόγος,

294 2815 371 2877 εἷς
404 2816 564 2869 ταυτὸ
614 2819 731 2884 (67)
781 2814 1053 2878 συνελθεῖν
1080 2833 1092 2846 ·
1147 2812 1246 2867 οὐκ
1286 2812 1377 2867 ’ίνα
1424 2812 1731 2867 παύσωνται
1776 2816 1955 2866 κακῶν

293 2905 349 2958 αἱ
382 2900 597 2973 πόλεις,
630 2904 757 2959 ἀλλ’
784 2902 877 2958 ἵνα
906 2902 1211 2973 πλησθῶσι.

367 3208 465 3276 Μζ¹
498 3206 593 3263 Καὶ
642 3207 703 3261 τὸ
757 3207 851 3280 μὲν
899 3210 1112 3282 πρῶτον
1172 3205 1318 3279 αὐτῷ
1372 3211 1471 3277 τῆς
1530 3202 1812 3268 αὐθαδείας
1861 3206 1951 3261 καὶ

2069 2012 2296 2068 toribus
2329 2012 2658 2082 regebatur,
2688 2026 2825 2081 erga
2855 2026 2986 2064 eum
3020 2008 3117 2079 qui
3155 2008 3327 2061 fidem
3361 2006 3472 2078 ipsi
3504 2005 3729 2060 habue-

2068 2107 2176 2169 rat,
2210 2102 2544 2171 honoreque
2576 2100 2770 2170 ipsum
2804 2100 3092 2166 affecerat,
3130 2096 3348 2150 malum
3382 2112 3446 2150 ac
3488 2094 3730 2150 scelera-

2067 2194 2194 2245 tum
2228 2207 2290 2245 se
2318 2189 2613 2261 prnbuit?
2636 2189 2779 2243 Nam
2814 2188 2862 2243 si
2898 2205 3000 2259 per
3030 2186 3463 2242 accusationem
3495 2200 3730 2256 quoque

2065 2278 2253 2351 ipsius
2276 2296 2456 2334 causa
2478 2277 2744 2333 nonnihil
2772 2277 3138 2332 defendenda
3162 2280 3268 2340 est,
3287 2291 3400 2329 non
3426 2280 3544 2328 tam
3569 2273 3725 2345 quod

2067 2368 2266 2423 fratris
2296 2367 2602 2423 interitum
2628 2366 3103 2437 doleret,quippe
3126 2381 3303 2435 quem
3327 2363 3552 2418 hostem
3588 2379 3730 2433 quo-

2067 2473 2179 2529 que
2212 2464 2445 2529 propter
2475 2456 2817 2527 religionem
2851 2456 3105 2521 duceret,
3132 2471 3311 2525 quam
3342 2453 3493 2523 quod
3524 2451 3728 2507 Chris-

2065 2547 2362 2602 tianorum
2415 2562 2506 2601 res
2538 2546 2735 2613 augeri
2789 2543 3138 2615 permoleste
3191 2543 3390 2606 ferret,
3422 2547 3595 2611 atque
3627 2542 3729 2596 ad-

2064 2651 2268 2690 versus
2311 2635 2584 2705 pietatem
2635 2635 2874 2697 fureret,
2908 2649 3103 2687 rerum
3139 2636 3357 2686 statum
3406 2628 3730 2685 convellere

2065 2739 2381 2796 aggressus
2404 2739 2553 2786 esse,
2573 2739 2637 2777 ac
2665 2721 3045 2777 contumacia;
3067 2737 3185 2775 sure
3212 2720 3538 2774 libertatem
3562 2735 3727 2789 quae-

2064 2814 2271 2868 sivisse
2330 2812 2575 2873 videtur.
2627 2812 2902 2883 Oportere
2956 2810 3109 2864 enim
3176 2808 3608 2881 philosophiam
3668 2810 3724 2861 et

2063 2902 2566 2974 imperiumjuxta
2586 2900 2820 2955 illorum
2850 2898 3295 2965 sententiam,in
3320 2914 3503 2952 unum
3528 2896 3681 2952 coire
3709 2913 3723 2963 ;

2064 3008 2179 3047 non
2214 2996 2279 3046 ut
2309 2991 2570 3047 civitates
2603 2990 2826 3045 miserae
2858 3005 2986 3044 esse
3017 2988 3311 3055 desinant,
3330 2988 3432 3043 sed
3464 2990 3528 3041 ut
3558 2984 3730 3041 malis

2064 3081 2261 3153 potius
2292 3080 2669 3152 impleantur.

2134 3205 2235 3263 98
2267 3204 2447 3262 XLVI.
2480 3206 2559 3260 Ac
2610 3206 2865 3277 primum
2900 3202 3138 3277 quidem
3192 3202 3352 3257 illius
3379 3200 3723 3268 arrogantiae

291 3295 551 3358 ἀπονοίας
586 3297 771 3351 ἑαυτὸν
818 3293 1077 3365 ἀναδῆσαι
1122 3299 1255 3370 (68),
1305 3297 1394 3351 καὶ
1436 3300 1504 3370 τῇ
1541 3293 1755 3370 μεγάλῃ
1783 3316 1951 3369 προσ-

2068 3300 2241 3369 atque
2274 3295 2529 3351 audacias
2560 3294 2785 3351 facinus
2818 3294 2946 3362 fuit,
2966 3295 3121 3366 quod
3153 3293 3266 3349 sibi
3299 3292 3423 3365 ipse
3454 3291 3726 3347 diadema

286 3384 493 3461 ηγορίᾳ
520 3393 749 3460 τιμῆσαι
947 3384 1055 3461 οὐχ
1101 3388 1362 3461 ἅρπαγμα
1406 3385 1605 3461 τύχης,
1652 3383 1779 3439 ἀλλ’
1824 3385 1951 3458 ἀρε-

285 3482 391 3545 τῆς
427 3473 589 3538 ἆθλον
630 3477 662 3543 ἢ
693 3474 897 3550 χρόνος
946 3476 979 3542 ἦ
1027 3478 1206 3550 ψῆφος
1262 3473 1532 3547 βασιλέως
1582 3474 1885 3548 χαρίζεται,
1917 3474 1951 3541 ἢ

286 3572 388 3633 τῆς
440 3562 751 3636 συγκλήτου
815 3560 1046 3635 βουλῆς,
1103 3563 1176 3623 ὡς
1208 3563 1269 3616 τὸ
1298 3562 1549 3631 παλαιὸν,
1582 3562 1801 3635 κρίσις),
1860 3562 1949 3616 καὶ

287 3651 351 3707 οὐ
385 3656 619 3705 ποιεῖται
649 3655 746 3703 τοῦ
800 3650 997 3725 μέτρου
1044 3656 1142 3718 τῆς
1180 3656 1349 3721 τιμῆς
1381 3649 1565 3723 κύριον
1599 3650 1689 3703 τὸν
1717 3656 1815 3718 τῆς
1849 3651 1947 3720 βα-

287 3740 537 3802 σιλείας·
614 3736 861 3813 δεύτερον
935 3735 992 3791 δὲ
1052 3737 1163 3810 (καὶ
1248 3739 1350 3812 γὰρ
1427 3737 1716 3813 ἀναγκαίαν
1776 3739 1949 3809 ἑαυτῷ

284 3832 391 3900 τὴν
423 3832 533 3902 (69)
569 3824 824 3883 ἀπόνοιαν
860 3826 919 3881 ἐκ
951 3831 1058 3880 τῶν
1108 3824 1215 3895 ἤδη
1243 3823 1673 3899 τετολμημένων
1703 3822 1824 3901 ᾔδει
1854 3846 1949 3880 πε-

285 3920 588 3990 ποιηκὼς),
642 3916 694 3971 τί
745 3914 1079 3985 διανοεῖται;
1120 3916 1210 3969 καὶ
1260 3920 1357 3969 ποῖ
1401 3914 1643 3989 πρόεισιν
1709 3911 1951 3977 ἀσεϐειας

280 4030 343 4064 τε
403 4006 491 4061 καὶ
549 4004 924 4081 θρασύτητος;
984 4006 1048 4058 Ὦ
1092 4006 1189 4074 τῆς
1246 4003 1552 4078 μανι.ἰδους
1604 4004 1811 4077 ἐκείνης
1844 4008 1950 4079 ψυ-

280 4095 580 4173 χῆςῑἘπ¹
630 4094 789 4149 αὐτὸν
846 4092 1204 4167 ἐκστρατεύει,
1257 4093 1344 4148 καὶ
1384 4094 1486 4163 ὶ’ἑῆς
1536 4092 1736 4157 δύσεως
1787 4096 1951 4149 ἀπαν-

351 4258 467 4332 (63)
538 4254 633 4310 Καὶ
700 4254 951 4330 ἀγνοίας.
1015 4256 1189 4313 Deest
1254 4255 1313 4310 in
1376 4256 1566 4312 tribus
1638 4256 1833 4330 Regg.
1901 4262 1959 4313 et

277 4331 473 4471 02.6313
504 4398 635 4473 Περὶ
665 4398 733 4451 τὰ
762 4399 930 4473 κάτω,
965 4404 1074 4473 etc.
1108 4398 1334 4473 Billius,
1368 4422 1395 4449 ‹‹
1430 4399 1585 4455 circa
1614 4404 1846 4455 terrena
1876 4404 1957 4456 at-

282 4490 497 4548 que__1_n
531 4471 771 4548 sensum
806 4471 1075 4548 cadentia
1096 4471 1469 4548 provolutus.
1506 4493 1535 4520 ››

359 4545 475 4616 (65)
510 4541 1063 4616 Διαρθῆναικῌθὶῐιξ.
1092 4538 1401 4616 διαθρῆσαι.

359 4606 476 4708 (L66)
503 4606 998 4708 Έὸγ’μπιστεἉθίνξα.
1024 4615 1151 4667 Haec
1182 4606 1397 4668 desunt
1418 4612 1476 4665 in
1499 4616 1723 4684 septem
1746 4613 1953 4687 Regg.,
1985 4645 2032 4708 D

285 4687 481 4741 tribus
512 4682 671 4737 Colb.
704 4687 759 4737 et
791 4682 886 4737 0r.
924 4684 973 4737 1.

362 4757 476 4845 (67)
507 4752 818 4845 Εξῖςτὲαυτόζ
853 4759 962 4845 etc.
1015 4752 1292 4845 lionnuljli
1325 4752 1559 4835 codices
1602 4752 1818 4845 ταυτᾷόνς
1853 4755 1949 4845 9r.

291 4824 562 4893 4,’ταύτό.
598 4826 701 4882 Hic
747 4827 1170 4882 advertendum
1225 4826 1565 4891 discrimen,
1598 4826 1750 4896 quod
1802 4827 1955 4882 inter

288 4899 588 4954 Socratem
621 4902 676 4953 et
705 4898 1007 4954 Julianum
1061 4898 1368 4954 reperitur.
1404 4896 1642 4953 Volebat
1688 4898 1953 4953 Socrates

290 4985 456 5042 reges
509 4969 929 5041 philosophari,
962 4968 1048 5025 vel
1096 4968 1481 5042 philosOphos
1532 4986 1793 5042 regnare,
1828 4992 1856 5019 «
1889 4976 1955 5025 ut

289 5041 437 5096 bene
481 5040 636 5097 esset
684 5040 1059 5109 civitatibus;
1097 5064 1123 5091 ››
1180 5058 1210 5098 e
1257 5040 1459 5097 contra
1502 5040 1798 5109 Julianus,
1834 5061 1861 5093 α
1890 5046 1956 5098 ut

288 5112 460 5169 malis
494 5114 875 5185 replerentur.
911 5135 938 5162 ι»

358 5186 467 5257 (68)
500 5181 718 5241 Ἑαυτὸν
739 5181 1023 5253 ἀναδῆσαι.
1056 5183 1266 5257 Acrius
1298 5184 1489 5240 verbis
1522 5183 1618 5239 hic
1650 5184 1709 5239 in
1740 5187 1953 5239 Monta-

286 5258 514 5313 cutium
548 5258 907 5313 invehuntur
939 5256 1317 5326 Parisienses,
1352 5272 1418 5311 eo
1452 5257 1602 5327 quod
1652 5257 1954 5327 scripserit

288 5327 700 5401 ab_Ammiano
752 5328 949 5401 negari
1002 5329 1057 5383 id
1107 5329 1261 5399 quod
1313 5327 1950 5401 afﬁrmatﬁGregorius,

291 5421 316 5471 (ς
350 5398 623 5471 diadema
652 5400 765 5456 sibi
802 5398 1467 5470 J—ulianum’arrogasse.
1504 5422 1531 5449 ››
1564 5398 1751 5471 Maior
1796 5406 1951 5456 certe

288 5470 447 5544 ﬁdes
468 5472 736 5529 habenda
765 5472 1036 5544 scriptori
1088 5475 1181 5542 pio
1216 5472 1432 5543 pariter
1462 5476 1519 5528 et
1546 5470 1738 5542 docto,
1771 5488 1949 5544 quam

287 5540 560 5609 ethnico,
630 5545 730 5614 qui
788 5540 1106 5616 ,Apostataz:
1152 5540 1413 5616 impense
1480 5544 1662 5599 favet.
1720 5540 1948 5600 ‘Vérum

291 5617 611 5697 utrumque
632 5614 947 5697 conciliare
980 5614 1147 5697 facile
1194 5614 1320 5697 est_;_
1353 5616 1948 5697 ne_c_enim‘m_ultum

286 5686 1025 5759 dissentiunt.Ammianus
1044 5688 1166 5759 ipse
1188 5689 1397 5745 scribit
1420 5688 1521 5743 lib.
1546 5687 1947 5755 xx,Julianum

287 5764 557 5817 coactum
591 5758 793 5829 fuisse,
812 5763 877 5817 ut
905 5758 1152 5832 Augusti
1184 5777 1394 5819 nomen
1427 5765 1483 5820 et
1509 5759 1783 5819 diadema
1803 5760 1950 5818 acci-

2061 3386 2383 3457 imposuit,
2446 3401 2772 3456 magnoque
2849 3384 3086 3439 nomine
3161 3382 3419 3453 seipsum
3499 3380 3728 3436 ornavit

2061 3474 2237 3546 (quod
2274 3492 2388 3528 non
2424 3475 2666 3527 fortunas
2699 3473 3094 3545 praedam,sed
3126 3472 3358 3526 virtutis
3391 3469 3723 3541 praemium,

2059 3562 2147 3617 vel
2182 3566 2434 3633 tempus,
2469 3561 2554 3616 vel
2598 3561 2969 3632 imperatoris
2997 3559 3259 3614 calculus
3309 3558 3577 3630 largitur,
3612 3556 3723 3627 vel,

2061 3656 2125 3705 ut
2157 3651 2336 3705 moris
2370 3650 2545 3722 prisci
2578 3650 2704 3714 fuit,
2728 3654 2967 3704 senatus
2995 3649 3332 3718 judicium),
3354 3664 3458 3701 nec
3487 3646 3726 3701 honoris

2062 3739 2303 3793 modum
2336 3741 2407 3793 ad
2440 3737 2812 3809 imperatoris
2845 3737 3154 3791 arbitrium
3190 3735 3492 3791 revocavit.
3510 3736 3728 3791 Deinde

2061 3828 2376 3900 (siquidem
2411 3829 2482 3881 ob
2514 3842 2747 3897 ea,quae
2773 3826 2898 3896 jam
2933 3842 3114 3880 ausus
3148 3825 3359 3892 fuerat,
3394 3824 3453 3879 in
3488 3840 3723 3880 omnem

2061 3916 2365 3972 audaciam
2415 3914 2751 3987 providendi
2798 3914 3207 3969 necessitatem
3261 3930 3319 3969 se
3369 3914 3479 3969 sibi
3534 3913 3725 3986 impo-

2063 4006 2249 4062 suisse
2281 4009 2493 4072 norat),
2520 4004 2617 4074 qui
2669 4004 2937 4076 cogitat?
2968 4009 3023 4059 et
3055 4020 3191 4075 quo,
3220 4009 3343 4059 tum
3377 4003 3722 4075 impietatis,

2061 4101 2188 4152 tum
2223 4095 2570 4151 temeritatis
2603 4094 3018 4166 progreditur?
3047 4094 3090 4149 Ο
3124 4093 3403 4149 furiosam
3435 4098 3682 4148 mentem
3709 4093 3720 4147 l

2068 4259 2247 4328 peret.
2284 4254 2467 4326 Igitur
2494 4254 2603 4328 sibi
2637 4254 2929 4328 arrogavit
2959 4253 3095 4310 licet
3124 4258 3397 4322 coactus;
3432 4254 3651 4328 deinde
3675 4253 3724 4309 si

2068 4326 2303 4383 coactus
2334 4327 2717 4397 accepit,cogi
2752 4344 2809 4382 se
2842 4328 3121 4395 curavit,«
3146 4328 3437 4399 corruptis
3463 4326 3724 4396 largitio-

2068 4417 2162 4466 ne,
2196 4421 2225 4447 »
2257 4403 2322 4453 ut
2352 4399 2433 4453 ait
2477 4400 2750 4465 Zonaras,
2789 4423 2808 4447 υ
2846 4404 2905 4453 et
2952 4399 3321 4454 humanitate
3370 4398 3621 4453 tribunis
3669 4402 3726 4453 et

2068 4471 2511 4526 centurionibus
2534 4488 2585 4537 ;»
2611 4471 2731 4542 qui,
2748 4475 2815 4542 ut
2842 4476 3046 4542 auctor
3066 4476 3157 4526 est
3181 4470 3467 4535 Zosimus,
3490 4469 3725 4541 gentilis

2066 4544 2332 4613 scriptor,
2352 4542 2542 4611 libm,
2560 4541 2782 4612 sparsis
2807 4541 3018 4596 libellis
3040 4543 3269 4597 animos
3293 4542 3542 4596 militum
3564 4557 3724 4596 com-

2066 4614 2600 4683 moverant.Itaque
2621 4613 2895 4668 Julianus
2917 4616 3106 4684 specie
3130 4620 3302 4668 tenus
3335 4618 3568 4668 coactus
3594 4613 3721 4682 fuit,

2064 4692 2119 4765 et
2141 4703 2274 4765 eum
2299 4686 2723 4765 diademasib‘i
2744 4702 3048 4765 arrogasse
3079 4690 3231 4765 recte
3261 4700 3509 4765 vereque
3539 4685 3720 4765 scrip-

2065 4758 2140 4813 sit
2172 4756 2506 4825 Gregorius.
2542 4756 2599 4810 ld
2653 4758 2827 4811 etiam
2870 4758 3221 4811 confirmant
3252 4780 3278 4806 α
3314 4756 3725 4825 obiurgatorias

2064 4834 2119 4886 et
2150 4826 2452 4883 mordaces
2482 4827 2682 4882 litteras
2703 4850 2728 4879 η
2764 4826 2983 4883 Juliani
3018 4829 3087 4883 ad
3108 4828 3516 4883 Constantium
3542 4843 3727 4882 secre-

2063 4906 2122 4958 to
2153 4902 2454 4967 datm,non
2487 4900 2858 4972 apologeticaa
2883 4900 3109 4963 facti,et
3140 4916 3421 4970 responsa
3442 4904 3724 4972 Constan-

2061 4972 2126 5027 tii
2143 4990 2269 5043 quae
2286 4989 2479 5027 coram
2506 4977 2730 5027 armata
2750 4971 3331 5042 multitudine,quam
3349 4973 3418 5026 de
3434 4971 3531 5025 ind
3544 4972 3725 5027 ustria

2062 5042 2429 5109 convocarat,
2459 5044 2567 5115 legi
2588 5043 3118 5099 curavitJulianus.
3138 5044 3417 5115 Denique,
3437 5042 3485 5098 si
3507 5043 3725 5115 invitus

2063 5117 2334 5172 diadema
2365 5114 2605 5186 accepit,
2628 5132 2807 5187 quare
2831 5115 3063 5185 jubenti
3098 5114 3546 5183 Constantiomt
3580 5114 3723 5170 illud

2062 5190 2396 5258 deponeret,
2417 5205 2618 5259 parere
2641 5188 3032 5243 detrectavit?
3056 5187 3185 5242 Haec
3208 5188 3407 5242 omnia
3428 5188 3554 5259 ipse
3587 5193 3725 5241 Am-

2063 5262 2298 5314 mianus
2331 5260 2625 5314 memoriae
2651 5260 2950 5315 mandavit
2976 5259 3075 5314 lib.
3098 5276 3172 5313 xx
3202 5264 3259 5314 et
3279 5265 3467 5327 xx1,et
3490 5260 3727 5315 disertis

2061 5332 2251 5387 verbis
2283 5331 2574 5402 scripsit,«
2611 5332 2720 5386 sibi
2754 5330 2863 5401 ipsi
2888 5331 3187 5385 Julianum
3221 5330 3579 5401 imposuisse
3605 5330 3723 5402 dia-

2062 5405 2251 5458 dema.
2291 5426 2315 5449 ››
2352 5401 2570 5471 Ergone
2601 5403 2876 5474 Gregorio
2909 5404 3163 5457 scribere
3189 5420 3303 5458 non
3339 5403 3524 5470 licuit,
3561 5401 3719 5457 nulla

2061 5476 2264 5530 habita
2296 5476 2519 5529 ratione
2552 5492 2651 5529 seu
2688 5492 2852 5535 verae,
2887 5492 2987 5528 seu
3024 5476 3168 5529 ﬁctas
3200 5476 3581 5543 coactionis,u
3618 5478 3723 5528 Ju-

2060 5547 2605 5628 lianum_diade_ma.
2622 5546 2733 5600 sibi
2768 5563 3071 5628 arrogasse
3094 5546 3122 5601 ‘?
3154 5569 3181 5597 ››

2131 5620 2243 5685 (69)
2275 5618 2406 5685 Τήν,
2441 5622 2548 5672 etc.
2586 5617 2645 5671 In
2698 5634 2798 5671 ora
2836 5615 2980 5685 edit.
3034 5617 3371 5673 Montacutii
3424 5615 3721 5685 scribitur,

2057 5682 2156 5757 τὴν
2203 5682 2460 5757 τοιαύτην
2497 5687 2750 5761 ὑπόνοιαν
2784 5684 2904 5761 ᾔδει
2954 5691 3296 5759 πεποιηκώς.
3330 5691 3510 5746 Abest
3541 5682 3662 5759 ᾔδει
3696 5703 3727 5739 8

2061 5762 2202 5835 Reg.
2233 5761 2338 5834 hu,
2373 5778 2440 5820 ac
2470 5761 2552 5819 ita
2575 5759 2717 5834 legit
2745 5759 2947 5819 Gemb.
