4028 6420
249 402 362 467 871

254 634 486 692 cidente
517 638 726 708 pedem
779 646 972 696 movet
1009 661 1020 698 :
1057 643 1112 697 in
1147 644 1398 716 speciem
1449 644 1708 716 quidem,
1745 643 1913 716 quasi

256 740 319 780 se
376 726 447 780 de
505 732 733 799 arrepto
791 731 1121 787 diademate
1180 750 1429 806 purgare
1484 734 1677 801 vellet,
1724 734 1914 788 adhuc

255 815 410 869 enim
447 818 751 873 audaciam
802 837 968 876 suam
1021 823 1310 877 occultare
1357 824 1680 890 videbatur,
1715 841 1914 878 revera

257 910 474 975 autem,
509 910 573 961 ut
602 910 788 962 totum
818 909 1126 980 imperium
1163 912 1232 966 ad
1268 930 1328 967 se
1348 913 1780 978 traduceret,ac
1814 929 1915 984 per

255 993 695 1064 improbitatem
727 1000 778 1050 et
810 997 1294 1069 ingratitudinem
1318 1018 1487 1055 suam
1510 1001 1569 1054 in
1603 1001 1909 1055 hominum

258 1084 706 1140 admirationem
759 1087 996 1142 veniret.
1031 1091 1094 1144 In
1127 1105 1310 1161 eoque
1359 1107 1462 1162 spe
1509 1107 1618 1146 sua
1668 1090 1912 1145 minime

256 1170 442 1228 falsus
473 1177 579 1228 est.

330 1280 545 1335 XLVII.
583 1281 698 1336 Nec
727 1286 924 1339 tamen
957 1285 1067 1340 hoc
1097 1285 1405 1355 mirentur,
1439 1287 1538 1358 qui
1587 1286 1686 1342 Dei
1733 1285 1910 1342 ratio-

260 1385 423 1433 num,
472 1370 688 1442 quibus
736 1374 931 1428 omnia
979 1379 1284 1446 reguntur,
1337 1376 1707 1432 altitudinem
1753 1375 1911 1431 omni

261 1461 595 1530 conjectura
627 1462 1028 1519 sublimiorem
1064 1483 1178 1519 non
1212 1470 1630 1537 assequuntur,
1664 1483 1766 1521 nec
1789 1465 1913 1536 cpi-

259 1549 350 1604 ﬁci
386 1550 812 1620 gubernatione
861 1554 1063 1609 redere
1110 1555 1423 1627 sustinent,
1456 1555 1626 1610 nobis
1676 1556 1911 1626 quidem

256 1645 411 1693 certe
439 1639 800 1711 sapientiori,
835 1658 1082 1713 suaque,
1134 1648 1190 1698 et
1219 1661 1356 1715 quo,
1389 1648 1447 1699 et
1485 1661 1603 1715 qua
1649 1644 1790 1713 vult,
1824 1662 1914 1699 ra-

255 1728 415 1782 tione
445 1729 701 1796 ducenti,
735 1747 851 1784 non
884 1731 1129 1786 dubium
1161 1737 1356 1788 autem
1389 1734 1529 1804 quin
1564 1734 1631 1787 ad
1671 1733 1724 1787 id
1759 1733 1912 1804 quod

260 1817 472 1872 melius
504 1822 799 1889 est,atque
830 1821 900 1875 ad
934 1823 1273 1878 morborum
1305 1823 1694 1889 sanationem,
1728 1839 1913 1894 quan-

1506 418 1571 479 S.
1619 417 1985 480 GREGOllIl
2035 419 2430 482 TllEULOGl

251 543 551 601 Adversus
581 561 715 603 eum
749 548 1177 622 expeditionem
1211 552 1476 626 suscipit,
1494 557 1663 625 atque
1694 553 1765 609 ab
1797 551 1902 609 Oc-
1937 565 1986 627 Α
2022 548 2226 607 ίσταται
2261 569 2274 586 ο

3561 417 3702 479 573

2330 549 2594 631 προφάσει
2644 553 2759 626 (70)
2809 550 2925 626 μὶν,
2976 548 3052 615 ὡς
3101 551 3213 627 (71)
3254 533 3701 627 ἀπολογησόμε’

2025 663 2114 704 νος
2161 642 2292 717 ὑπὲρ
2344 647 2442 697 τοῦ
2494 641 2867 716 διαδήματος·
2924 636 2999 698 ἔτι
3049 642 3152 716 γὰρ
3199 639 3374 698 ἐδόκει
3421 641 3695 719 κρύπτειν

2025 732 2217 786 ἑαυτοῦ
2265 734 2364 800 τήν
2419 733 2715 787 ἀπόνοιαν·
2763 734 2823 786 τὸ
2878 729 2934 786 δέ
2990 729 3216 800 ἀληθές,
3283 732 3358 792 ὡς
3409 733 3694 802 μεταστή-

2026 843 2130 875 σων
2163 822 2238 883 εἷς
2287 823 2472 877 ἑαυτὸν
2523 823 2661 877 ’ἁπαν
2712 822 2775 876 τὸ
2805 820 3022 898 κράτος,
3056 821 3144 875 καὶ
3179 818 3266 874 διὰ
3295 823 3393 889 τῆς
3425 820 3694 896 ἀγνωμοο

2025 910 2190 979 σόνης
2246 911 2800 985 Θαυμασθτβόμενος·
2863 910 2952 965 καὶ
3013 909 3111 964 οὐκ
3171 907 3398 983 ἐψεύσθη
3459 930 3519 986 γε
3576 916 3694 979 τῆς

2023 997 2265 1062 ἐλπίδος.

2092 1288 2215 1343 MZ'.
2243 1287 2329 1354 Μὴ
2361 1288 2777 1360 Θαυμαζέτωσαν
2809 1287 2858 1341 οἱ
2890 1291 2996 1341 τῶν
3041 1289 3137 1341 τοῦ
3185 1288 3318 1341 Θεοῦ
3364 1281 3548 1358 λόγων
3600 1262 3696 1360 ὑφ’

2023 1374 2094 1428 ὦν
2154 1377 2215 1429 τὸ
2264 1381 2365 1430 πᾶν
2428 1376 2663 1453 φέρεται,
2725 1376 2782 1430 τὸ
2833 1375 3167 1450 ἀτέκμαρτον
3221 1375 3294 1446 μή
3331 1373 3689 1444 ἐπιστάμενοι

2028 1465 2212 1541 βάθος,
2262 1467 2351 1518 καὶ
2412 1466 2487 1538 μὴ
2546 1468 2658 1538 (72)
2707 1469 3160 1540 παραχωροῦντες
3209 1468 3284 1534 τῷ
3332 1461 3546 1536 τεχνίτῃ
3577 1468 3690 1530 τῆς

2023 1549 2419 1629 κυϐερνήσεως,
2495 1557 2654 1627 ἡμῶν
2733 1576 2792 1629 γε
2869 1557 3085 1614 πάντως
3163 1551 3530 1625 συνετωτέρῳ.
3589 1551 3687 1604 καὶ

2025 1645 2211 1718 ἄγοντι
2241 1643 2302 1698 τὸ
2336 1644 2533 1698 οἰκεῖον
2567 1644 2674 1712 ὅπη
2703 1644 2794 1698 καὶ
2825 1645 2976 1704 ’ὁπως
3019 1640 3271 1718 βούλεται
3298 1661 3309 1674 ·
3361 1641 3573 1700 πάντως
3629 1637 3690 1694 δὲ

2025 1735 2159 1808 πρὸς
2181 1735 2242 1788 τὸ
2289 1738 2534 1808 κρεῖττον
2580 1734 2670 1788 καὶ
2717 1734 2816 1802 τὴν
2867 1733 3124 1806 ἰατρείαν,
3173 1729 3267 1785 κᾶν
3311 1730 3363 1784 οἱ
3397 1728 3690 1804 θεραπευό-

2031 1843 2188 1894 μενοι
2245 1819 2707 1898 δυσχεραίνωσιν
2773 1822 2859 1898 ὑφ’
2917 1823 2989 1875 ὧν
3052 1820 3233 1894 λόγων
3291 1819 3534 1877 κάκεῖνος
3583 1816 3691 1871 οὐκ

259 1907 481 1960 tumvis
501 1907 538 1962 ii
562 1908 776 1978 quibus
801 1909 1090 1966 medicina
1112 1911 1610 1983 ﬁt,indignentur.
1634 1915 1668 1966 Δ
1699 1913 1916 1983 quibus

2046 1915 2238 1984 ιπήρθη
2297 1913 2390 1983 μέν
2453 1910 2528 1973 εἰς
2603 1913 2703 1979 τήν
2758 1911 2983 1965 κακίαν·
3038 1908 3275 1964 ἀναίτιον
3327 1908 3432 1981 γὰρ
3488 1905 3687 1960 παντά-

261 1996 592 2052 rationibus
637 2014 752 2052 non
805 1998 902 2054 ille
950 1999 1189 2071 quidem
1240 2002 1310 2055 ad
1363 2000 1583 2056 malum
1635 2001 1918 2056 excitatus

261 2091 351 2140 est
379 2102 390 2138 :
420 2085 570 2140 Deus
592 2087 746 2142 enim
780 2087 942 2144 nullo
973 2091 1148 2144 modo
1181 2089 1317 2144 mali
1351 2107 1531 2146 causa
1560 2095 1669 2157 est,
1703 2091 1921 2162 quippe

262 2178 473 2229 natura
502 2175 712 2240 bonus,
746 2177 1074 2250 vitiumque
1104 2180 1233 2250 ejus
1263 2183 1351 2234 est
1383 2179 1483 2252 qui
1516 2179 1721 2252 elegit;
1764 2179 1918 2233 haud

262 2268 463 2320 tamen
494 2265 566 2321 ab
597 2265 818 2341 impetu
854 2284 961 2323 suo
993 2286 1296 2341 repressus
1326 2270 1658 2326 est.Verum
1681 2286 1815 2324 cum
1837 2269 1922 2324 in-

268 2353 429 2425 genti
483 2340 797 2423 celeritate,
853 2361 978 2412 tum
1027 2340 1324 2429 regionem
1373 2375 1564 2428 suam,
1597 2363 1724 2413 tum
1775 2375 1921 2413 non-

268 2441 494 2497 nullam
526 2444 841 2500 barbaricae
873 2463 986 2502 orae
1019 2451 1245 2518 partem
1286 2451 1674 2520 peragrasset,
1707 2448 1921 2502 transi-

263 2535 531 2603 tumque,
565 2532 817 2590 fallendo
851 2535 1045 2606 potius
1073 2554 1246 2607 quam
1279 2538 1582 2609 vincendo,
1608 2538 1924 2607 rapuisset,

267 2620 413 2675 aula:
463 2620 774 2678 imminere
822 2623 1072 2696 incipit:
1129 2630 1194 2680 ut
1241 2628 1478 2697 quidem
1529 2631 1776 2681 narrant
1823 2625 1924 2696 qui

265 2714 466 2781 partes
497 2712 624 2782 ejus
654 2716 914 2778 tuentur,
940 2714 1121 2770 futuri
1156 2715 1510 2786 pranotione
1541 2717 1613 2771 ad
1643 2715 1794 2771 hanc
1824 2731 1924 2770 ex-

267 2799 625 2870 peditionem
646 2801 963 2858 iucundam
982 2803 1925 2877 elatus,daemonumqueimpulsu

272 2891 449 2959 atque
496 2888 756 2957 hortatu,
788 2908 1133 2964 prosperum
1179 2899 1448 2949 eventum
1497 2893 1926 2966 pollicentium,

273 2977 568 3048 rebusque
629 2981 1015 3037 mutationem
1073 2983 1560 3038 decernentium:
1613 2988 1679 3038 ut
1731 2987 1927 3038 autem

278 3065 463 3135 aiunt,
497 3066 599 3137 qui
631 3083 767 3124 vera
810 3069 1150 3139 loquuntur,
1184 3073 1284 3127 99
1319 3073 1389 3128 ad
1435 3077 1670 3144 tempus
1719 3088 1929 3127 arcano

276 3159 453 3226 atque
483 3155 708 3212 occulto
759 3158 1000 3215 facinori
1031 3163 1424 3232 praestitutum
1472 3162 1808 3226 adveniens,
1843 3163 1929 3215 at-

277 3260 392 3316 que
416 3245 488 3300 ad
513 3249 783 3318 mortem,
816 3249 986 3319 cujus
1018 3249 1144 3321 ipse
1163 3249 1517 3306 architectus
1548 3254 1692 3316 erat,
1724 3265 1930 3322 prope-

277 3349 437 3401 rans,
489 3339 763 3390 conatum
812 3337 1048 3393 interim
1097 3356 1272 3394 suum
1323 3356 1426 3411 per
1473 3340 1928 3395 domesticorum

279 3423 591 3494 quemdam
625 3425 842 3482 celans.
880 3429 963 3482 Ita
992 3427 1218 3483 facinus
1249 3427 1416 3495 illud,
1453 3446 1565 3484 non
1618 3428 1930 3500 praescien-

276 3511 381 3579 tia,
414 3515 513 3568 sed
550 3514 792 3570 scientia
819 3523 962 3586 erat,
997 3519 1351 3590 scelerisque
1383 3536 1551 3591 opus,
1577 3536 1693 3573 non
1726 3519 1935 3573 daemo-

279 3619 421 3658 num
452 3603 803 3660 beneficium
841 3623 854 3661 :
888 3606 988 3677 qui
1039 3607 1299 3678 quidem,
1333 3625 1508 3678 quam
1539 3609 1598 3662 in
1632 3607 1724 3663 bis
1758 3608 1936 3663 rebus

278 3693 411 3750 sciti
442 3709 509 3748 ac
556 3693 799 3750 solertes
847 3695 991 3762 sint,
1039 3697 1237 3752 Persia
1283 3697 1612 3752 luculenter
1657 3696 1932 3753 ostendit.

2028 2023 2157 2056 πασι
2216 2005 2394 2054 κακῶν
2453 1999 2516 2054 τὸ
2576 2004 2752 2068 Θεῖον,
2804 1999 3019 2074 ἀγαθὸν,
3066 2002 3135 2072 τῇ
3186 1997 3337 2070 φύσει
3389 1994 3685 2070 τυγχάνον,

2029 2089 2116 2144 καὶ
2171 2093 2268 2143 τοῦ
2325 2086 2700 2164 προελομένου
2754 2088 2820 2143 τὰ
2872 2095 2973 2156 τῆς
3027 2090 3139 2160 (73)
3178 2086 3404 2147 κακίας³
3458 2083 3518 2138 οὐ
3572 2086 3681 2156 μὴν

2031 2178 2295 2253 ἐπεσχέθη
2349 2199 2409 2253 γε
2454 2185 2554 2245 τῆς
2605 2179 2782 2254 ὁρμῆς
2809 2197 2820 2208 ·
2877 2175 3022 2232 ἀλλᾶ
3070 2175 3228 2250 τάχει
3272 2173 3472 2245 πολλῷ
3498 2175 3587 2242 τήν
3618 2193 3674 2225 τε

2031 2267 2254 2338 οἰκείαν,
2307 2267 2396 2322 καὶ
2453 2270 2552 2335 τῆς
2611 2262 2948 2342 βαρϐαρικῆς
3001 2262 3176 2340 ὄχθης
3229 2262 3371 2318 ἔστιν
3448 2265 3551 2336 (74)
3599 2258 3668 2328 ἧν

2033 2355 2371 2433 διαδραμὼν,
2422 2357 2509 2412 καὶ
2550 2361 2629 2428 τῷ
2679 2356 2864 2412 λαθεῖν
2910 2359 3022 2428 (75)
3075 2353 3286 2428 μᾶλλον
3318 2355 3352 2423 ἣ
3381 2353 3460 2425 τῷ
3490 2357 3683 2427 κρατῆ-

2033 2469 2117 2502 σαι
2172 2449 2264 2516 τὴν
2314 2443 2550 2522 πάροδον
2601 2447 2866 2519 ἁρπάσας,
2923 2444 3156 2515 πλησίον
3216 2449 3324 2497 τῖύν
3397 2440 3685 2516 βασιλείων

2032 2536 2231 2612 γίνεται
2267 2556 2278 2568 ·
2339 2537 2412 2597 ὡς
2473 2537 2565 2608 μέν
2618 2537 2669 2590 οἱ
2727 2537 2795 2589 τὰ
2864 2533 3070 2588 ἐκείνου
3143 2537 3484 2610 φρονοῦντες,
3552 2530 3693 2584 κατᾶ

2033 2625 2336 2700 πρόγνωσιν
2386 2623 2472 2678 ἐπὶ
2537 2626 2634 2694 τήν
2718 2623 3055 2697 ἐκστρατείαν
3127 2625 3240 2695 (76)
3315 2621 3518 2697 ἀρθεὶς,
3595 2620 3690 2672 καὶ

2035 2712 2310 2787 δαιμόνων
2359 2736 2569 2784 κινησιν
2616 2716 2678 2768 τὸ
2730 2712 2933 2787 μέλλον
2965 2711 3438 2788 ὑπισχνουμένων,
3469 2709 3558 2763 καὶ
3595 2729 3690 2782 με-

2032 2799 2276 2871 ταϐολὴν
2327 2803 2762 2876 πρυτανευόντων
2825 2808 2943 2864 τοῖς
3009 2803 3362 2876 πράγμασιν·
3414 2800 3486 2861 ὡς
3546 2795 3605 2852 δέ
3661 2801 3694 2850 ὂ

2035 2897 2142 2947 τῶν
2205 2892 2584 2962 ἀληθευόντων
2662 2891 2848 2967 λόγος,
2899 2893 3036 2946 κατὰ
3091 2889 3421 2964 προθεσμίαν
3479 2887 3692 2964 παρὼν,

2041 2980 2165 3036 ἀλλ’
2219 2984 2330 3055 (77)
2404 2979 2844 3057 ἀποῤῥητοτέραν
2921 3001 2980 3034 τε
3061 2979 3150 3034 καὶ
3233 2976 3542 3052 βαθυτέραν,
3600 2974 3692 3029 καὶ

2041 3067 2282 3123 σπεύδων
2328 3067 2414 3122 ἐπὶ
2467 3071 2707 3137 θάνατον,
2760 3066 2821 3121 οὗ
2867 3065 3206 3142 δημιουργὸς
3258 3065 3414 3126 αὐτὸς
3447 3064 3536 3132 ἦν,
3568 3060 3695 3116 κλέ-

2041 3161 2143 3232 ψας
2194 3157 2300 3212 τινὶ
2342 3163 2446 3212 τῶν
2498 3155 2647 3211 ἔνδον
2698 3158 2796 3225 τήν
2850 3155 3194 3232 ἐπιχείρησιν
3243 3157 3391 3228 (78)·
3441 3151 3576 3205 ὣστε
3609 3150 3689 3204 εἷς

2043 3269 2125 3301 ναι
2169 3249 2242 3320 μὴ
2285 3250 2394 3320 (79)
2443 3247 2772 3323 πρόγνωσιν,
2824 3244 2970 3301 ἀλλὰ
3018 3249 3234 3320 γνῶσιν,
3281 3262 3366 3296 και
3414 3236 3682 3310 πονηρίας

2044 3335 2224 3414 ἔργον,
2286 3334 2431 3392 ἀλλά
2491 3337 2566 3410 μὴ
2627 3333 2900 3408 δαιμόνων
2958 3333 3288 3409 εὖεργάτημα
3339 3329 3400 3382 τὸ
3460 3324 3672 3402 γινόμε-

2039 3447 2162 3480 νονο
2215 3423 2266 3479 o'i
2315 3447 2378 3500 γε
2423 3429 2539 3486 πῶς
2587 3421 2839 3500 εὔστοχοι
2885 3424 2953 3478 τὰ
2997 3417 3234 3486 τοιαῦτα,
3279 3416 3467 3492 Περσὶς
3497 3416 3678 3490 σαφῶς

2043 3514 2172 3585 ἔειξε
2247 3517 2380 3589 (80).
2452 3513 2548 3568 Καὶ
2607 3515 2997 3577 παυσάσθωσαν
3055 3511 3109 3565 οἱ
3157 3509 3219 3563 τὸ
3272 3506 3471 3562 ἐκείνου
3514 3503 3687 3577 τάχος

2042 3609 2160 3667 τοῖς
2196 3601 2444 3677 δαίμοσιν
2479 3601 2898 3680 ἐπιφημίζοντες
2926 3621 2937 3633 °
2974 3600 3019 3655 εἷ
3055 3601 3129 3673 μή
3163 3620 3224 3675 γε
3271 3597 3379 3671 (81)
3426 3594 3517 3649 καὶ
3562 3589 3692 3646 αὐτὸ

2045 3694 2107 3749 τὸ
2136 3693 2300 3748 κακόν
2335 3693 2466 3748 εἶναι
2497 3693 2709 3754 τούτοις
2739 3693 3141 3767 προσθήσομεν.

277 3787 360 3837 Ac
392 3782 568 3839 ﬁnem
598 3785 839 3839 tandem
871 3785 1110 3856 faciant,
1146 3786 1247 3858 qui
1279 3785 1439 3842 illius
1473 3785 1832 3843 celeritatem
1865 3787 2232 3843 daemonibus
2264 3787 2567 3842 ascribunt
2601 3801 2613 3838 :
2649 3785 2762 3839 nisi
2796 3785 2903 3839 hoc
2931 3796 3167 3854 quoque
3199 3780 3419 3852 ipsum,
3453 3773 3700 3830 scelera-

278 3870 404 3926 tum
435 3889 585 3941 esse,
617 3872 711 3928 his
741 3875 1158 3947 adjungamus.

352 3979 591 4036 XLVIII.
627 3982 788 4046 Quod
822 3983 937 4037 nisi
967 3983 1196 4054 tyranni
1236 3984 1552 4039 adventum
1584 3987 1640 4038 et
1687 3983 1936 4054 impres-

282 4070 506 4125 sionem
560 4087 718 4126 mors
775 4071 1146 4144 imperatoris
1198 4072 1627 4144 antevertisset,
1689 4071 1940 4144 plusque

283 4160 603 4215 obscurum
653 4159 892 4226 bellum,
925 4177 1100 4229 quam
1136 4166 1337 4233 aperta
1384 4177 1596 4217 manus
1628 4161 1939 4233 potuisset,

281 4247 666 4305 intellexisset
711 4250 960 4306 fortasse
988 4250 1420 4306 consceleratus
1451 4249 1548 4306 ille
1576 4267 1644 4307 ac
1682 4250 1942 4306 nefarius

503 4479 796 4556 Ilpocpgicat.
832 4479 1231 4556 Pluresuccdd.
1264 4477 1556 4556 πρόφασιν.

358 4548 473 4622 (71)
503 4548 612 4612 Ὡς.
634 4548 804 4607 "Colb.
836 4553 890 4617 3,
922 4550 995 4612 ὡς
1026 4548 1106 4604 ἄν.

359 4625 468 4696 (72)
501 4625 600 4678 Καὶ
645 4625 743 4696 μή.
779 4626 864 4681 Ita
906 4625 1047 4697 Reg.
1094 4623 1196 4694 hu,
1243 4623 1403 4679 Colb.
1457 4625 1510 4693 3,
1544 4623 1640 4680 0r.
1691 4623 1746 4694 4,
1780 4622 1943 4678 Pass.

289 4697 806 4776 Deﬂ‘ltlﬁ’iined;
1068 4768 1124 4776 -.
1208 4766 1220 4776 .
1300 4773 1325 4776 ,Α
1417 4765 1565 4776 Α..
1747 4765 1805 4776 ..

357 4770 469 4842 (73)
490 4765 568 4823 ’Τά
596 4775 717 4838 τῆς.
750 4768 951 4825 Plures
981 4768 1148 4842 codd.
1170 4766 1232 4821 τὸ
1259 4773 1378 4836 τῆς.
1410 4765 1716 4824 Calvinum
1747 4765 1841 4822 his
1863 4765 1944 4821 fe-

284 4841 382 4896 riri
420 4841 505 4897 vel
540 4844 665 4914 ipse
698 4841 1092 4914 qutacutius
1125 4844 1308 4895 notat.

281 4981 305 5036 ὲ
355 4896 934 5035 (ῗ4)”οἆὸὴςίὲστιν.
997 4913 1138 4983 Reg.
1180 4929 1240 4983 u,
1287 4918 1341 4966 et
1389 4910 1550 4966 Pass.
1610 4896 1786 4983 ἔχθης
1840 4905 1941 4976 ὅση

308 5003 368 5036 στ
395 5004 444 5036 ν.

308 5003 444 5037 στιν.

354 5056 470 5128 (75)
509 5054 596 5128 Τῷ
646 5052 851 5128 λαθεῖν.
904 5057 1044 5128 Reg.
1081 5052 1344 5128 no_nnulli
1379 5057 1446 5128 et
1473 5051 1632 5128 Colb.
1667 5051 1768 5128 0r.
1797 5053 1849 5128 I,
1882 5049 1944 5104 τὸ

286 5123 470 5204 λαβεῖν
491 5123 601 5204 ’μέν
633 5126 666 5195 ἦ
709 5128 774 5204 τὸ
804 5123 1092 5204 κρατῆᾶαι.
1145 5126 1307 5204 Pass.
1340 5123 1429 5204 τὸ-
1449 5127 1684 5204 κρατεῖν.
1717 5123 1806 5178 Sic
1826 5125 1946 5204 iter

283 5198 504 5253 Juliani
536 5196 875 5255 describunt
904 5201 1371 5266 Mammertinus,
1409 5196 1686 5252 Libanius
1717 5200 1862 5251 orat.
1885 5196 1941 5264 2,

283 5269 550 5324 Zosimus
581 5277 638 5324 et
669 5274 1010 5329 Ammianus
1034 5271 1135 5327 lib.
1169 5288 1284 5341 xxr,
1317 5287 1375 5341 p.
1409 5271 1530 5341 18_8.

357 5344 469 5411 (76)
497 5342 888 5415 Ἐκστρατείαν.
922 5345 1100 5415 Regg.
1136 5360 1187 5412 τι,
1225 5338 1281 5406 b,
1318 5338 1436 5406 bm,
1466 5338 1798 5415 έκστρατίαν.

358 5415 471 5483 (77)
494 5413 711 5484 Παρών,
747 5411 893 5470 ἀλλ’.
929 5411 1183 5486 ΙίειίΡιρᾳ.
1233 5415 1350 5469 bm.
1385 5412 1544 5469 Colb.
1583 5411 1854 5486 quatuor.
1889 5415 1948 5465 et

288 5485 387 5558 Or.
433 5487 483 5540 1.
518 5483 627 5538 Alii
662 5491 777 5540 trcs
811 5486 967 5555 Regii
1001 5483 1164 5541 ἀλλά.
1207 5491 1263 5540 In
1297 5486 1566 5558 pluribus
1599 5487 1761 5540 deest
1791 5483 1946 5538 sicut

287 5556 344 5610 in
379 5558 469 5611 Pd.

359 5631 471 5699 (78)
530 5624 740 5701 κλέψας
812 5625 1106 5701 τινὶᾼτῶν
1185 5623 1333 5682 ἔνδον
1403 5629 1503 5696 τὴν
1581 5624 1943 5701 ἆπιχείρησιν.

287 5719 316 5746 τ(
355 5697 818 5760 l)o:‘;:esticorum
871 5698 1045 5773 unius
1077 5717 1249 5773 opera
1298 5719 1418 5757 rem
1459 5697 1947 5771 furtim'aggres-

291 5785 415 5847 ευβ,
455 5797 481 5824 ν
515 5789 724 5846 nempe
754 5787 862 5845 per
908 5768 1073 5831 illum
1103 5768 1260 5833 lento
1291 5774 1696 5832 Constantium
1727 5768 1946 5830 veneno

1976 4677 2025 4744 D

2121 3986 2253 4036 MH’.
2286 3980 2349 4034 Ei
2385 3980 2477 4054 μέν
2510 3977 2600 4034 οὖν
2637 3979 2712 4052 μὴ
2745 3971 3024 4053 προῦλαϐε
3063 3977 3177 4048 (82)
3218 3974 3318 4041 τὴν
3370 3965 3560 4049 ἔφοδον
3608 3970 3701 4020 τοῦ

2049 4071 2304 4145 τυράννου
2333 4070 2394 4123 τὸ
2427 4067 2584 4129 τέλος
2614 4072 2710 4123 τοῦ
2747 4064 3036 4142 βασιλέως,
3075 4061 3215 4137 μηδὲ
3248 4063 3274 4117 ὁ
3309 4060 3515 4138 ἀφανής
3545 4055 3706 4145 πόλε-

2056 4142 2154 4230 μός
2178 4165 2279 4227 τῆς
2311 4163 2542 4234 φανερᾶς
2580 4157 2768 4232 χειρὸς
2799 4155 2989 4210 πλεῖον
3026 4151 3235 4228 ἴσχυσε,
3265 4151 3410 4225 τάχα
3460 4147 3519 4201 ἂν
3566 4142 3699 4234 ἔγνω

2052 4249 2167 4302 κατ’
2226 4248 2415 4302 ἑαυτοῦ
2471 4246 2707 4323 ταχύνας
2766 4247 2794 4301 ὁ
2862 4242 3166 4318 ἀλιτήριος·
3246 4239 3337 4294 καὶ
3403 4237 3528 4310 πρὶν
3603 4232 3704 4288 ὑπό

2055 4477 2471 4552 exstincturus,
2505 4484 2569 4532 ut
2616 4478 2689 4552 ad
2722 4476 3114 4552 praestitutum
3167 4471 3319 4552 diem
3370 4469 3498 4552 ipse
3537 4466 3708 4552 adve-

2057 4551 2246 4617 niens,
2293 4551 2350 4605 in
2402 4539 2694 4606 demortui
2722 4539 2955 4617 locum,
3006 4545 3317 4619 imperium
3354 4539 3710 4620 adiret.

2057 4608 2248 4705 Lowrﬁ
2281 4623 2440 4705 hunc
2471 4621 2754 4705 intelligit
2779 4608 2978 4705 0091!);-
3001 4608 3328 4705 De.‘v9.ne‘?9
3348 4619 3547 4705 te}???
3559 4608 3708 4705 PEEE'

2057 4695 2390 4767 Gregorius,
2426 4694 2574 4749 nihil
2606 4681 2780 4768 Elias,
2817 4690 2962 4768 nihil
3005 4689 3340 4768 scholiasta‘.
3371 4686 3486 4740 Iste
3517 4681 3712 4768 prodi-

2054 4757 2204 4823 toris
2230 4757 2456 4822 tantum
2491 4757 3019 4839 meminit'Julianc
3052 4758 3388 4839 indicantis,
3412 4771 3528 4827 quo
3557 4757 3702 4839 tem-

2056 4857 2194 4912 pore
2214 4856 2336 4894 rem
2361 4838 2595 4912 aggredi
2620 4842 2975 4912 opportuum
3001 4838 3176 4889 esset.
3210 4830 3366 4912 Elias
3387 4842 3522 4882 vero
3555 4829 3702 4912 stru-

2055 4907 2179 4969 ctas
2197 4907 2518 4968 Constantii
2537 4907 2668 4963 vitai
2685 4907 2933 4964 insidias
2954 4907 3377 4961 commemorat
3399 4917 3412 4968 ;
3441 4911 3704 4970 quanam

2055 4966 2260 5040 autem,
2309 4983 2420 5037 illa:
2473 4981 2710 5046 fuerint,
2755 4979 2903 5036 silet.
2937 4977 3062 5034 Non
3122 4975 3278 5032 aliud
3337 4966 3536 5047 forsan
3589 4966 3713 5047 vult

2055 5055 2385 5128 Gregorius,
2409 5070 2583 5128 quam
2616 5044 2852 5128 Juliapo
2883 5055 3109 5128 certum
3144 5047 3347 5116 fuisse,
3370 5044 3708 5128 Constantio

2055 5111 2254 5183 necEm
2289 5111 2670 5199 consciscere,
2695 5121 3219 5199 dolo,4prodit_io_ne,_
3242 5111 3490 5199 veneno,
3515 5111 3708 5168 aliisve

2056 5200 2248 5255 modis
2279 5187 2716 5267 occultioribu's,
2750 5201 2806 5252 et
2835 5187 2971 5266 jam
3007 5193 3079 5249 ad
3112 5191 3341 5248 facinus
3391 5187 3543 5243 diem
3575 5200 3706 5239 con-

2055 5273 2300 5326 dictum.

2126 5343 2238 5414 (79)
2271 5343 2429 5414 ’ᾩστε
2459 5340 2591 5392 εἶναι
2627 5339 2725 5414 μή.
2746 5337 3050 5414 Sic_Regg.
3079 5332 3338 5391 melioris
3369 5333 3518 5386 nota;
3545 5325 3705 5383 codd.

2056 5433 2107 5482 a,
2133 5407 2199 5482 ‘b,
2224 5407 2293 5478 'u,
2327 5413 2446 5482 lim.
2479 5417 2543 5467 In
2575 5407 2664 5467 ed.
2707 5409 2782 5482 μὴ
2815 5407 2972 5482 εἶναι,

2147 5476 3035 5554 seyssagacoibjk.mssa-
3129 5549 3205 5554 __
3367 5548 3380 5554 -
3585 5542 3595 5554 .

2147 5487 2239 5553 ιεο)
2267 5487 2494 5553 ’¹Εδειξε.
2526 5487 2685 5539 Colb.
2719 5487 2777 5546 k,
2811 5487 3035 5549 ἐδίδαξε.
3585 5542 3595 5554 .

2123 5487 2240 5628 (81)
2271 5555 2332 5610 Εἰ
2387 5557 2460 5628 μή
2516 5576 2598 5629 γε,
2651 5559 2759 5629 etc.
2815 5575 2842 5604 ‹‹
2870 5553 3039 5629 _Nam
3091 5550 3141 5605 si
3193 5549 3298 5629 hoc
3319 5543 3711 5629 vdaemombus

2058 5617 2472 5695 concedamus,
2502 5617 2679 5685 etiam
2729 5625 2838 5681 hoc
2867 5623 3064 5696 ipsum
3116 5621 3269 5693 quod
3311 5617 3585 5676 Julianus
3615 5633 3709 5672 ne-

2058 5717 2238 5775 quam
2271 5705 2327 5756 ct
2356 5701 2669 5775 im‘prpbus
2693 5697 2788 5767 sit,
2823 5695 3210 5775 ascribamus.
3235 5713 3268 5775 ,η

2131 5755 2244 5846 (82)
2275 5755 2582 5848 Προῦλαϐεξ
2601 5755 2759 5828 M88.
2774 5755 3088 5836 'nonnulli,
3115 5755 3411 5842 προέλαϐε.
