4028 6410
355 433 470 496 573

1348 433 1638 495 ORATIO
1682 430 1790 496 IV.
1825 460 1899 479 -—
1931 429 2239 493 CONTRA
2285 427 2686 495 JUl.IANUM
2732 426 2780 491 Ῑ.

3657 419 3776 481 574

355 569 570 640 Περσῶν
601 564 702 632 τὴν
731 561 1038 637 ἐμπληξίαν
1090 567 1200 637 (83)
1251 565 1681 642 σωφρονισθῆναι
1731 570 1832 636 τῆς
1872 562 2002 620 ἀπο-

2125 565 2271 623 sein
2317 563 2525 639 capitis
2573 563 2664 621 sui
2715 558 3029 636 perniciem
3079 559 3188 615 hac
3245 555 3537 614 celeritate
3594 570 3771 612 usum

353 661 527 724 νοίας,
579 650 776 710 ἔδωκεν
826 655 884 708 ἅν
938 651 1090 724 δίκην
1143 652 1192 709 ἐν
1240 653 1391 729 ὅροις
1439 655 1745 728 Ῥωμαίων,
1807 656 1879 710 ὧν
1915 675 2011 709 κα-

353 750 466 807 κῶς
547 744 964 816 κατετόλμησε·
1043 746 1340 820 τεκμήριον
1422 741 1517 799 δέ’
1585 743 1672 798 καὶ

353 834 562 909 προϊὼν
610 833 698 888 καὶ
749 832 1137 908 ἀγνοούμενος,
1190 833 1264 896 ὡς
1317 831 1582 906 ἐνόμιζεν,
1641 834 1742 888 ὑπὸ
1773 839 1869 888 τοῦ
1899 853 2016 909 γενο

354 923 639 984 ναιοτάτου
723 921 995 997 βασιΛέως
1072 924 1182 995 (84)
1258 922 1479 998 στρατίᾳ
1556 917 2014 996 περιλαμϐἀνεται

354 1012 842 1088 προϋποτεμνούσῃ
889 1011 980 1066 καὶ
1024 1013 1122 1081 τήν
1177 1013 1373 1090 φυγὴν,
1441 1012 1517 1074 ὡς
1574 1009 1744 1081 δῆλον
1802 1011 2013 1087 γέγονεν

357 1099 416 1156 ἐκ
458 1105 564 1155 τῶν
612 1101 869 1178 ὕστερον·
918 1102 1006 1154 καὶ
1054 1103 1155 1177 γὰρ
1194 1099 1303 1170 ἤδη
1354 1102 1416 1155 τὸ
1470 1100 1668 1175 κράτος
1716 1097 1922 1176 ἔχοντι,
1956 1101 2016 1154 τὸ

353 1197 613 1264 κρατῆσαι
645 1190 845 1260 ταύτης
889 1189 950 1244 οὐ
1006 1191 1197 1266 μικρὸν
1251 1189 1409 1264 ἔργον
1445 1190 1650 1266 ἐγένετο
1678 1209 1690 1221 ·
1723 1195 1814 1243 νῦν
1873 1187 1930 1244 δὲ
1987 1191 2015 1245 ὁ

355 1281 447 1352 μὲν
507 1282 664 1352 fluat}:
725 1280 855 1348 ζέων
915 1285 1050 1334 κατά
1105 1286 1205 1349 τῆς
1261 1278 1526 1342 ἀπονοίας
1585 1281 1725 1352 ὁμοῦ
1771 1283 1861 1334 καί
1911 1284 2014 1348 τῆς

354 1363 622 1440 ἀσεϐείας,
681 1369 770 1422 καὶ
826 1369 916 1422 τὸν
978 1371 1289 1446 σοφώτατον
1351 1367 1492 1445 ἔχων
1554 1369 1605 1424 έν
1666 1368 1909 1444 ἄρκυσιν,
1970 1365 2014 1421 ὣ

351 1464 454 1526 τῆς
511 1456 781 1533 ἡμετέρας
837 1456 1026 1518 κακίας
1084 1461 1237 1532 (85)Ῑ
1294 1457 1344 1513 ἐν
1408 1458 1556 1530 ἀκμῇ
1615 1465 1715 1526 τῆς
1750 1455 1878 1512 ὁδοῦ
1909 1479 2005 1512 κα-

351 1545 543 1601 ταλύει
574 1547 662 1600 τὸν
709 1545 847 1622 βίον,
881 1544 1067 1602 πολλὰ
1097 1550 1210 1620 (86)
1242 1547 1331 1601 καὶ
1380 1551 1496 1619 Θεῴ
1551 1546 1640 1601 καὶ
1701 1547 2010 1622 ἀνθρώποις

357 1636 490 1711 ὑπὲρ
545 1643 646 1705 τῆς
704 1637 894 1690 ἑαυτοῦ
943 1635 1350 1713 φιλανθρωπίας
1384 1635 1888 1712 ἀπολογησάμενος,
1919 1637 2008 1690 καὶ

352 1721 442 1779 διά
469 1732 570 1795 τῆς
603 1726 783 1802 ὁρμῆς
833 1727 943 1799 (87)
995 1724 1164 1797 δείξας
1213 1731 1549 1800 Χριστιανοῖς
1595 1726 1693 1794 τὴν
1737 1726 1868 1800 ὑπὲρ
1897 1733 1998 1794 τῆς

354 1809 622 1876 εὐσεϐείας
653 1815 736 1869 κίν
749 1836 886 1884 ησιν.

1755 746 1858 821 γάρ
1929 743 2010 798 ἓτι

2125 655 2337 724 fuisse;
2371 673 2437 711 ac
2464 654 2808 727 priusquam
2844 651 3028 707 Persas
3052 649 3121 704 de
3143 647 3331 719 ipsius
3378 645 3615 702 vesania
3637 663 3774 717 sup-

2125 745 2364 814 plicium
2396 744 2810 813 sumpsissent,
2841 738 3106 796 amentiae
3143 752 3339 808 poenas
3390 734 3449 789 in
3479 735 3769 790 Romano-

2129 852 2260 890 rum
2300 834 2538 902 ﬁnibus,
2574 834 2631 886 in
2665 830 3109 902 quosimpetum
3135 827 3322 881 facere
3345 839 3459 878 non
3478 823 3774 877 dubitarat

2129 922 2539 996 persolvisset;
2588 922 2741 992 quod
2820 918 2906 974 vel
2970 918 3108 972 hinc
3172 915 3506 984 conjectura
3580 911 3773 983 colligi

2128 1017 2336 1084 potest.
2371 1013 2516 1066 Nam
2549 1027 2682 1066 cum
2717 1009 2913 1063 adhuc
2949 1005 3413 1078 progrederetur,
3464 1004 3641 1071 atque
3671 999 3773 1055 ob-

2127 1119 2364 1158 scurum
2388 1105 2444 1157 et
2474 1100 2830 1172 incognitam
2857 1095 3288 1168 expeditionem
3306 1108 3477 1148 suam
3508 1105 3637 1146 esse
3658 1089 3774 1144 exi-

2125 1194 2410 1257 stimaret,
2448 1187 2968 1261 praestantissimus
3009 1187 3326 1257 imperator
3372 1181 3454 1236 ita
3484 1195 3619 1235 eum
3650 1182 3769 1235 toto

2124 1281 2375 1337 exercitu
2405 1277 2804 1345 circumfudit,
2840 1280 3013 1346 atque
3046 1274 3439 1344 undequatu
3469 1269 3670 1337 cinxit,
3707 1271 3772 1324 ut

2127 1372 2323 1441 fugam
2359 1384 2591 1440 quoque
2623 1382 2856 1421 omnem
2892 1365 3002 1437 ipsi
3028 1359 3773 1436 praecideret,quemadmo-

2125 1461 2264 1514 dum
2297 1475 2363 1512 ex
2396 1457 2486 1512 his
2519 1473 2645 1527 quae
2680 1459 2879 1526 postea
2900 1457 3101 1510 secuta
3117 1449 3505 1521 sunt,liquido
3527 1449 3770 1504 demon-

2122 1552 2374 1603 stratum
2407 1546 2669 1602 est.Nam
2703 1543 2969 1613 eumjam
2996 1542 3173 1598 etiam
3194 1539 3439 1611 imperio
3463 1538 3769 1610 potiretur,

2123 1637 2193 1692 ad
2226 1637 2382 1691 hunc
2406 1640 2598 1690 tamen
2632 1634 2946 1688 exercitum
2982 1630 3383 1702 superandum
3415 1643 3526 1682 non
3561 1642 3767 1698 parum

2123 1724 2337 1796 negotii
2388 1721 2608 1778 habuit.
2669 1725 2742 1776 At
2787 1736 2943 1775 nunc
2991 1717 3087 1773 ille
3134 1718 3413 1773 adversus
3461 1714 3766 1770 audaciam

2123 1812 2300 1869 simul
2332 1816 2387 1866 et
2415 1811 2782 1882 impietatem
2814 1810 3008 1864 furore
3037 1808 3271 1874 ardens,
3303 1821 3369 1860 ac
3401 1802 3768 1876 sapientissi-

356 1922 518 1959 mum
591 1906 888 1960 hominem
947 1905 1173 1976 laqueis
1238 1907 1527 1961 irretitum
1595 1911 1821 1972 tenens,
1893 1905 2036 1976 prob
2080 1903 2302 1958 malum
2362 1906 2416 1956 et
2475 1903 2774 1971 peceatum
2834 1896 3142 1953 nostrum!
3186 1895 3243 1949 in
3305 1893 3497 1950 medio
3556 1890 3768 1947 itinere

351 1994 502 2049 diem
533 1994 660 2048 vita:
699 2001 1024 2050 extremum
1056 1996 1298 2065 claudit,
1334 2013 1463 2051 cum
1545 1997 1614 2050 de
1675 1993 2034 2066 benignitate
2093 2009 2220 2060 sua,
2282 1995 2402 2045 tum
2471 1994 2580 2044 Deo
2626 1993 2751 2044 tum
2812 1987 3169 2056 hominibus,
3212 1983 3415 2040 multis
3465 1981 3655 2037 verbis
3705 1995 3767 2034 se

350 2089 706 2150 excusasset,
740 2100 806 2139 ae
837 2100 940 2156 per
962 2089 1142 2156 czepta
1173 2102 1280 2140 sua
1310 2090 1367 2140 et
1397 2090 1642 2140 conatus
1677 2088 1953 2140 testatum
1988 2080 2335 2138 Christianis
2377 2079 2729 2152 reliquisset,
2773 2082 2990 2150 quanto
3043 2075 3274 2149 pietatis
3314 2073 3541 2129 tuendae
3573 2069 3765 2129 studio

346 2172 706 2227 incitaretur.

418 2266 544 2314 MO’.
575 2258 702 2314 Ὧδε
747 2258 805 2314 δέ
851 2280 903 2314 τι
951 2264 1063 2334 (88)
1115 2258 1342 2336 δάκρυον
1404 2259 1691 2336 ἐπέρχεταί
1736 2280 1827 2332 μοι
1861 2264 2002 2336 χαρᾷ

2186 2259 2576 2329 XLIX.Atque
2598 2257 2694 2312 hic
2718 2255 2861 2311 mihi
2890 2256 2962 2312 ob
2976 2273 3042 2311 ea
3064 2271 3188 2324 quae
3211 2253 3484 2324 deinceps
3508 2266 3764 2322 sequun-

351 2350 619 2422 συμμιγὲς
663 2347 750 2402 διὰ
795 2351 862 2402 τὰ
911 2349 1029 2419 ἑξῆς
1081 2355 1174 2403 νοῦ
1224 2349 1394 2424 λόγου
1425 2369 1436 2382 ’
1489 2350 1578 2404 καὶ
1611 2349 1723 2403 οἷον
1756 2352 2007 2421 ποταμοῦ

355 2436 443 2490 καὶ
474 2435 746 2509 πελάγους
783 2436 957 2512 μάχη,
990 2437 1078 2490 καὶ
1128 2436 1291 2510 μίξις,
1343 2438 1433 2492 καὶ
1480 2439 1687 2505 στάσις,
1735 2435 2010 2505 ἀλλήλοις

359 2523 836 2595 ἀντιστατούντων,
888 2526 977 2579 καὶ
1033 2525 1351 2580 συνιόντων·
1400 2526 1459 2580 ἐκ
1511 2527 1604 2598 μὲν
1646 2527 1749 2600 γάρ
1781 2531 1888 2580 τῶν
1921 2547 2007 2580 τε-

361 2610 625 2667 λευταίων
657 2612 855 2688 πάσχω
892 2615 958 2669 τὰ
1001 2617 1112 2687 (89)
1161 2622 1260 2684 τῆς
1307 2613 1533 2685 ἡδονῆς,
1573 2614 1629 2669 ἐκ
1660 2612 1716 2668 δὲ
1749 2619 1853 2668 τῶν
1881 2634 2008 2688 προ-

355 2697 632 2756 λαϐόντων
688 2704 748 2756 τὸ
812 2701 1083 2778 δάκρυον⁸
1130 2702 1237 2778 οὐχ
1287 2705 1418 2780 ὑπὲρ
1469 2707 1796 2779 Χριστιανῶν
1843 2703 2006 2777 μόνον

353 2792 439 2845 καὶ
492 2799 593 2860 τῆς
652 2793 1033 2865 συμπεσούσης
1085 2793 1270 2855 αὐτοῖς
1319 2793 1596 2866 ἐπηρείας,
1643 2790 1679 2862 ἥ
1713 2795 1858 2870 παρά
1912 2797 2008 2848 τοῦ

353 2885 599 2956 πονηροῦ
647 2881 1082 2956 προσπεσούσης,
1130 2883 1220 2936 καὶ
1272 2886 1384 2957 (90)
1428 2883 1574 2957 παρὰ
1620 2887 1754 2938 Θεοῦ
1786 2903 2006 2959 συγχω-

353 2969 610 3037 ρηθείσης
643 2967 711 3023 δι’
743 2970 805 3032 ἀς
837 2969 978 3025 οἶδεν
1010 2971 1201 3042 αἰτίας,
1234 2973 1322 3027 καὶ
1354 2972 1522 3047 τυχὸν
1557 2969 1646 3026 διὰ
1690 2973 1788 3041 τὴν
1839 2969 2007 3048 ἔπαρ-

349 3078 429 3110 σιν
467 3060 623 3129 ἡμῶν
689 3057 950 3131 δεομένην
1009 3059 1316 3135 καθάρσεως
1374 3065 1522 3132 (91)’
1577 3060 1723 3116 ἀΛλά
1750 3063 1839 3116 καὶ
1875 3062 2005 3136 ὑπὲρ

349 3145 517 3215 αὐτῆς
549 3154 648 3216 τῆς
700 3146 904 3203 ἐκείνου
955 3152 1162 3224 ψυχῆς,
1214 3151 1301 3205 κάὶ
1351 3156 1456 3205 τῶν
1503 3152 1590 3207 ὑπ’
1620 3151 1785 3206 αὐτοῦ
1816 3173 2006 3228 συναρ-

346 3235 653 3299 πεισθέντων
691 3239 824 3313 πρὸς
849 3239 946 3307 τήν
981 3239 1145 3308 αὐτὴν
1178 3239 1476 3299 ἀπώλειαν.

415 3415 498 3468 N'-
532 3415 593 3467 Οἳ
635 3415 727 3486 μὶν
769 3437 869 3490 γαρ
899 3417 997 3479 τὰς
1055 3415 1369 3480 τελευταίας
1425 3418 1600 3473 αὐτῶν
1650 3417 1867 3493 πληγὰς
1914 3418 2004 3472 καὶ

341 3502 435 3564 τὰς
489 3501 725 3557 έπιτεῦοεν
785 3506 1044 3577 βασάνους
1104 3504 1425 3580 ὀδύρονται·
1478 3509 1562 3567 οἷς
1611 3508 1672 3560 τὸ
1717 3511 1810 3580 ζῇν
1842 3512 2004 3561 τοῦτο

2117 2352 2231 2414 tur,
2269 2348 2534 2421 lacrymee
2583 2347 2798 2419 gaudio
2850 2345 3138 2417 permistis
3187 2344 3479 2409 subeunt;
3514 2357 3578 2396 ac
3607 2338 3766 2395 velut

2118 2437 2384 2493 ﬂuminis
2413 2442 2471 2492 et
2501 2437 2682 2492 maris
2716 2452 2930 2507 pugna,
2999 2432 3448 2504 commistioque
3502 2434 3558 2485 et
3587 2427 3763 2484 dissi-

2118 2527 2302 2594 dium,
2365 2527 2517 2580 inter
2572 2542 2632 2580 se
2691 2524 3189 2593 contendentium,
3267 2538 3333 2577 ac
3407 2517 3764 2576 coeuntium.

2119 2616 2621 2682 Quemadmodum
2653 2616 2807 2669 100
2837 2614 2991 2669 enim
3023 2630 3092 2668 ex
3135 2611 3445 2683 postremis
3474 2609 3762 2681 voluptas,

2117 2707 2198 2762 ita
2228 2723 2297 2762 ex
2323 2705 2394 2760 iis
2427 2722 2553 2776 quae
2587 2708 3028 2776 praecesserunt,
3063 2701 3208 2756 mihi
3256 2700 3523 2773 lacrymae
3565 2698 3765 2753 oriun-

2119 2799 2254 2860 tur;
2290 2813 2403 2849 non
2437 2795 2508 2850 ob
2536 2794 2898 2849 Christianos
2929 2796 3589 2861 tantum,eamque,qusa
3616 2786 3764 2859 ipsis

2118 2885 2348 2952 accidit,
2383 2883 2764 2952 vexationem,
2788 2887 2889 2938 aut
2921 2900 2953 2936 a
2983 2879 3213 2936 diabolo
3247 2879 3471 2935 invecta
3501 2880 3609 2946 est,
3643 2879 3700 2932 et
3732 2893 3766 2930 a

2118 2975 2233 3030 Deo
2269 2977 2502 3045 prepter
2524 2973 2772 3044 judicia,
2806 2989 2934 3043 quae
2965 2971 3088 3042 ipse
3140 2969 3320 3035 novit,
3354 2967 3664 3040 permissa,
3697 2981 3762 3020 ac

2117 3065 2364 3120 fortasse
2418 3067 2651 3135 propter
2710 3062 3022 3118 elationem
3072 3063 3354 3125 nostram,
3419 3055 3765 3128 purgatione

2115 3153 2515 3225 indigentem;
2549 3168 2747 3207 verum
2781 3152 2958 3206 etiam
2989 3149 3061 3205 ob
3096 3149 3283 3220 ipsam
3316 3146 3478 3201 illius
3505 3145 3767 3200 animam

2116 3259 2436 3313 eorumque
2465 3241 2566 3312 qui
2597 3243 2666 3296 ad
2701 3240 2966 3296 eamdem
3002 3239 3320 3310 perniciem
3372 3236 3443 3291 ab
3489 3252 3554 3291 eo
3588 3232 3767 3290 simul

2117 3331 2342 3403 abrepti
2376 3335 2535 3386 sunt.

2189 3421 2508 3487 L.Quidam
2531 3420 2684 3475 enim
2709 3424 3000 3475 extremas
3019 3420 3516 3474 duntaxateorum
3543 3414 3766 3486 plagas,

2117 3525 2431 3580 poenasque
2490 3509 2544 3562 in
2607 3510 2711 3563 hoc
2771 3508 2978 3563 saeculo
3032 3507 3361 3578 persolutas
3421 3503 3766 3576 deplorant;

343 3589 619 3661 νομίζεται
672 3594 785 3663 (92)
833 3591 1017 3662 μόνον,
1063 3593 1151 3646 καὶ
1204 3593 1303 3646 οὐκ
1333 3592 1661 3663 ἐξικνοῦνται
1686 3599 1754 3667 τῇ
1789 3591 2002 3665 διανοίᾳ

428 3678 440 3696 κ
573 3678 585 3696 κ
644 3676 657 3696 ,
729 3682 778 3697 vn
957 3677 1027 3697 ’δῖ
1115 3682 1136 3697 γ
1211 3680 1222 3697 Ι
1517 3681 1562 3697 lu
1776 3686 1802 3696 ν
1915 3680 1975 3697 φλ

2123 3597 2402 3652 nimirum
2430 3598 2463 3650 ii
2491 3598 2590 3668 qui
2619 3598 2794 3667 hujus
2819 3601 3045 3651 tantum
3071 3596 3200 3650 vitae
3226 3596 3509 3649 rationem
3529 3593 3767 3660 habent,

344 3678 479 3751 πρὸς
529 3678 595 3731 τὰ
642 3676 863 3744 ἐκεῖθεν,
915 3677 1038 3732 οὐδὲ
1089 3680 1222 3734 εἷναί
1251 3701 1368 3734 τινα
1397 3681 1705 3753 νομίζουσι,
1736 3686 1843 3734 τῶν
1875 3680 2004 3754 τῇδε

349 3761 699 3842 βεϐιωμένων
755 3765 1020 3842 λογισμὸν
1069 3770 1182 3840 (73)
1222 3768 1311 3822 καὶ
1344 3765 1609 3822 ἀντίδοσιν
1645 3789 1657 3802 ο
1694 3768 1838 3824 ἀλλὰ
1871 3775 2000 3839 ζῶσι

350 3855 467 3928 βίον
530 3853 768 3930 ἀλόγων,
835 3855 898 3909 τὸ
957 3854 1093 3930 πρὸς
1151 3854 1358 3931 ἡμέραν
1425 3855 1513 3910 καί
1571 3857 1633 3911 τὸ
1691 3858 1861 3933 παρὸν
1920 3859 2001 3914 ἀεὶ

351 3942 710 4018 βιοτεύοντες,
781 3943 856 3998 ἑνὶ
926 3944 1123 4017 τούτῳ,
1188 3945 1256 4018 τῇ
1312 3945 1549 4008 ἐντεῦθεν
1613 3946 1856 4021 ῥᾳστώνῃ
1913 3969 2003 4019 με·

342 4035 594 4106 τροῦντες
645 4033 705 4085 τὸ
755 4031 1116 4104 εὐδαιμονεῖν,
1169 4033 1257 4086 καὶ
1306 4039 1384 4105 τῷ
1443 4032 1663 4107 ἐναντίῳ
1721 4035 1782 4089 τὸ
1839 4055 2000 4090 κακο-

346 4118 622 4192 δαιμονεῖν
653 4127 772 4184 τοῖς
804 4121 1209 4177 ἀντιπίπτουσιν
1240 4141 1251 4154 ·
1300 4122 1424 4194 ἐμοὶ
1472 4120 1529 4177 δὲ
1576 4123 1746 4179 πλέον
1782 4127 1997 4200 θρηνεῖν

342 4209 539 4272 αὐτοὺς
593 4209 765 4265 ἔπεισι
819 4216 926 4266 τῶν
987 4210 1183 4276 ἐκεῖθεν
1249 4212 1518 4288 βασάνων,
1565 4212 1654 4266 καὶ
1712 4221 1814 4283 τῆς
1870 4213 2002 4267 ἀπο-

339 4301 597 4372 κειμένης
654 4305 770 4364 τοῖς
827 4306 1097 4377 πονηροῖς
1153 4300 1451 4364 κολάσεως.
1507 4301 1604 4356 Καὶ
1664 4302 1816 4357 οὔπω
1857 4302 2001 4379 λέγω

340 4391 401 4443 τὸ
437 4391 708 4466 μέγιστον,
741 4391 870 4447 αὐτὸ
902 4393 963 4446 τὸ
1011 4391 1307 4464 ἐξωσθῆναι
1351 4396 1509 4459 Θεοῦ,
1549 4391 1784 4462 πηλίκον
1815 4391 2002 4454 αὐτοῖς

342 4478 418 4541 εἰς
449 4477 698 4534 κόλασιν.

2122 3701 2223 3739 nec
2275 3687 2344 3739 ad
2410 3687 2606 3740 futura
2664 3685 2958 3756 supplicia
3011 3689 3204 3739 mente
3282 3685 3609 3753 penetrant,
3663 3697 3768 3736 nec

2116 3772 2293 3827 ullam
2324 3790 2517 3827 rerum
2543 3773 2601 3827 in
2626 3774 2733 3827 hac
2751 3775 2864 3828 vita
2892 3776 3192 3844 gestarum
3218 3771 3575 3826 reddendam
3593 3769 3767 3825 ratio-

2114 3878 2246 3916 nem
2281 3865 2454 3933 atque
2488 3862 2812 3916 mercedem
2849 3861 2968 3916 fore
2997 3860 3360 3915 arbitrantur
3392 3885 3405 3925 ;
3439 3859 3538 3914 sed
3571 3859 3768 3914 bruto-

2114 3966 2244 4003 rum
2274 3949 2667 4004 animantium
2720 3951 2832 4004 ritu
2869 3950 2926 4003 in
2981 3949 3136 4003 diem
3188 3953 3364 4020 atque
3417 3948 3475 4002 in
3509 3963 3766 4019 praesens

2113 4055 2345 4109 semper
2377 4039 2595 4104 vivunt,
2631 4055 2695 4093 ac
2745 4041 2869 4094 sola
2919 4039 3101 4109 hujus
3157 4039 3287 4093 vitm
3338 4035 3767 4109 tranquillitate

2113 4128 2534 4182 beatitudinem
2568 4129 2910 4194 metiuntur,
2929 4133 3245 4199 contraque
3277 4127 3536 4183 adversis
3569 4142 3763 4181 rerum

2112 4217 2348 4272 casibus
2380 4216 2781 4272 infelicitatem
2824 4217 3129 4272 definiunt.
3179 4217 3318 4271 Mihi
3365 4232 3497 4272 vero
3528 4215 3764 4288 gravius

2113 4324 2210 4363 eos
2240 4305 2439 4378 lugere
2469 4307 2629 4362 subit
2660 4308 2733 4361 ob
2765 4307 3064 4378 sequentis
3087 4306 3212 4361 vitae
3244 4306 3762 4376 cruciatus,eaque

2112 4412 2239 4467 quze
2298 4395 2594 4467 improbos
2645 4401 2701 4449 et
2758 4395 3067 4451 sceleratos
3129 4401 3388 4465 manent,
3449 4393 3760 4466 supplicia.

2111 4484 2382 4540 Nondum
2416 4484 2573 4538 enim
2607 4485 2763 4554 quod
2797 4485 3119 4540 maximum
3151 4485 3629 4554 estdico,nempe
3651 4482 3760 4538 hoc

2110 4575 2372 4646 ipsum,a
2388 4573 2503 4628 Deo
2526 4573 2866 4646 ejici,quam
2889 4575 3035 4628 dura
3056 4577 3113 4628 et
3135 4574 3341 4629 acerba
3362 4573 3478 4628 illis
3498 4589 3665 4644 poena
3685 4571 3763 4627 sit

415 4772 526 4863 (8.23)
692 4768 1022 4863 ἐμπληξίαν.
1067 4771 1319 4863 §icﬂocto
1356 4773 1773 4846 Reg.,quatuor
1803 4778 1985 4843 Colb.,
2021 4800 2065 4863 ι)
2097 4779 2197 4834 tio.
2234 4779 2391 4834 Idem
2428 4778 2614 4863 potuit
2646 4779 3032 4863 nihilominus
3062 4778 3386 4863 imperi-um
3408 4775 3643 4863 Iuliano
3672 4793 3759 4832 as-

343 4846 438 4900 Or.
472 4843 524 4911 'l,
558 4849 666 4898 etc.
694 4841 800 4915 Ed.
833 4841 930 4911 τῆς
963 4841 1287 4915 ἐμπληξίας.

415 4915 527 4988 (84)
561 4911 853 4991 Βασιλέως.
887 4911 1001 4971 8οὴ
1029 4911 1206 4991 Regg.
1241 4916 1482 4991 aliique
1508 4917 1798 4986 nonnulli,
1838 4919 1988 4991 βασι-

343 4984 680 5058 mamma
711 4991 990 5059 majorem
1026 4984 1584 5059 emphasim—habet.

411 5059 520 5130 (85)
549 5057 614 5110 Ὥ
643 5065 741 5126 τῆς
773 5057 1042 5131 ἡμετέρας
1072 5057 1260 5119 κακίας
1290 5060 1300 5114 !
1337 5084 1362 5109 ‹‹
1401 5061 1546 5115 Proh
1598 5059 1818 5115 malum
1853 5079 1990 5117 nos-

337 5135 493 5185 trum
523 5131 534 5184 l
572 5153 598 5180 ››
629 5132 680 5185 id
715 5138 838 5187 est:
868 5156 893 5181 ‹‹
926 5133 1134 5187 Nostro
1156 5133 1293 5186 vitio
1317 5132 1583 5186 effectum
1611 5138 1789 5198 est,ut
1810 5135 1993 5189 Cons-

340 5204 565 5328 tantiltlis
597 5208 727 5328 atnte
760 5213 1103 5272 moreretur,
1139 5220 1315 5275 quam
1337 5203 1642 5259 Julianum
1678 5205 1902 5262 vincert
1925 5223 1994 5261 ac

340 5292 471 5328 rene
521 5291 616 5328 ere
650 5319 660 5328 .
700 5297 726 5324 »

339 5280 660 5330 repelleret.
700 5297 726 5324 ››

405 5293 762 5412 igéieiﬁ‘iia,
800 5354 907 5401 etc.
942 5346 1082 5402 Vult
1113 5346 1206 5400 hic
1239 5345 1555 5418 Gregorius
1578 5347 1988 5403 Constantium

345 5417 688 5472 morientem
723 5435 841 5472 sua:
864 5418 1168 5473 Julianum
1203 5417 1581 5488 benignitatis
1624 5420 1988 5490 paenituisse.

339 5489 686 5564 Ammianus
715 5506 848 5544 vero
881 5490 1083 5545 scribit
1103 5507 1238 5545 eum
1257 5491 1536 5546 statuisse
1571 5513 1597 5541 ‹‹
1613 5489 1751 5547 voce
1773 5509 1981 5564 supre—

341 5577 437 5615 ma
467 5566 524 5615 et
554 5559 778 5631 integro
803 5567 1074 5630 senau,ut
1105 5580 1248 5618 suus
1279 5567 1434 5619 esset
1463 5578 1772 5619 successor
1802 5559 1988 5620 Julia-

343 5648 474 5687 nus.
511 5653 539 5680 »
573 5630 824 5703 Uterque
856 5634 1051 5689 forsan
1086 5640 1175 5689 est
1221 5651 1413 5689 verax.
1470 5635 1723 5690 Promoti
1771 5636 1989 5692 Juliani

341 5703 621 5779 pcenitere
653 5704 843 5775 potuit
873 5704 1557 5777 Constantium,eumque
1588 5707 1781 5779 reipsa
1813 5708 1992 5779 poeni-

341 5777 526 5834 tuisse
557 5785 900 5850 argumento
931 5781 1019 5835 est
1047 5787 1323 5852 suscepta
1360 5782 1561 5837 contra
1590 5777 1726 5836 eum
1755 5777 1988 5852 expedi-

2101 4851 2475 4922 serere,quod
2501 4850 2618 4918 jam
2655 4852 2882 4906 auferre
2914 4869 3028 4907 non
3061 4851 3308 4920 valebat,
3331 4851 3509 4920 idque
3534 4853 3598 4922 ut
3631 4853 3755 4903 tum

2101 4921 2349 4992 publicae
2378 4922 2946 4993 tranquillitati,tum
2980 4922 3335 4994 imperatrici
3373 4921 3667 4977 Faustina:
3692 4925 3750 4976 et

2105 4994 2344 5079 fructui,
2378 4995 2773 5079 quo‘gra'vida
2795 5001 2939 5062 erat,
2974 4994 3318 5077 consuleret.

2176 5067 2288 5136 (87)
2321 5063 2416 5117 Διά
2465 5063 2564 5138 τῆς
2613 5066 2813 5138 ὁρμῆς,
2849 5091 2874 5116 ››
2910 5074 2984 5121 Ex
3036 5069 3160 5138 ipsa
3210 5063 3572 5137 egressione,
3624 5081 3755 5120 sus-

2103 5144 2269 5208 cepta
2304 5137 2540 5210 pietatis
2573 5137 2752 5194 causa
2783 5137 3171 5210 expeditione,
3208 5159 3234 5186 »
3267 5143 3375 5192 etc.

2175 5205 2460 5279 (88)":263
2492 5205 2566 5262 δέ.
2603 5211 2773 5265 Deest
2805 5205 2872 5264 δέ’
2895 5211 2950 5265 in
2987 5209 3188 5264 multis
3222 5210 3390 5263 codd.

2174 5279 2647 5356 (89λΊίελευτξῑίων
2684 5283 2882 5356 πάσχω
2913 5281 2997 5356 πάι
3034 5283 3128 5356 Sic
3159 5280 3352 5356 plures
3390 5279 3754 5356 mss-“98%;

2102 5352 2182 5406 sic
2213 5352 2384 5406 Cois].
2420 5358 2475 5406 et
2510 5355 2704 5420 Pass;
2740 5352 3028 5409 sic’etiam
3062 5355 3265 5422 legunt
3316 5354 3446 5408 Sav.
3495 5355 3552 5407 et
3595 5355 3758 5405 Corn-

2104 5425 2212 5478 bef.
2250 5425 2424 5498 Deest
2456 5424 2652 5498 πάσχω
2689 5428 2741 5480 in
2775 5426 2865 5481 ed.

2172 5494 2768 5569 (790)K1€.__Sie'ltegg.
2822 5500 3048 5567 septem
3107 5513 3208 5567 pro
3265 5495 3324 5562 "ri,
3376 5495 3533 5567 quod
3582 5507 3756 5564 prave

2101 5565 2316 5622 habent
2346 5567 2508 5621 editi.

2173 5641 2285 5709 (91)
2312 5639 2647 5711 Καθάρσειυς.
2682 5638 2951 5709 Plerique
2980 5638 3151 5711 codd:
3183 5635 3562 5711 καθαιρέσεως.

2323 5705 3104 5784 Negat-CaramMerit—scribit,
3139 5705 3430 5784 λογίζεται.

2196 5721 2287 5781 tu.)
2323 5721 2634 5782 Νομίζεται.
2671 5721 2849 5766 Mont.
2883 5721 3104 5780 SOl'lDlt,
3139 5721 3360 5784 Λογιζετς

2171 5721 2284 5856 (93)
2311 5779 2612 5858 Λογισμόν.
2645 5781 2876 5851 Billiua,
2915 5806 2935 5835 ιι
2972 5798 3304 5840 censuram.
3330 5803 3360 5832 ››
