4028 6432
288 412 406 480 377

1281 402 1572 472 ORATIO
1621 399 1724 471 Ιν.
1759 443 1835 454 -
1866 405 2176 472 CONTRA
2220 403 2620 470 JULlANUM
2666 401 2713 467 Ι.

3598 409 3716 476 5'78

294 549 478 618 στήσω
505 549 623 606 τοῖς
655 538 895 620 λέγουσι.
931 540 1024 596 Καὶ
1055 542 1160 618 γὰρ
1209 540 1369 603 αὐτος
1420 543 1495 615 (5)
1545 538 1943 612 ταλαντεύομαι
1976 570 1992 609 λ

2113 539 2328 596 nnium
2360 555 2626 596 sermone
2657 539 3006 608 celebratur,
3031 544 3329 612 mandare,
3365 562 3435 600 an
3468 563 3714 602 narran-

293 638 392 704 τὴν
444 635 699 710 γνώμην,
751 631 840 686 καὶ
892 631 992 686 οὐκ
1029 629 1146 707 ἔχω
1179 629 1487 706 ὁποτέρωσε
1523 631 1598 704 (6)
1629 627 1820 701 νεύσω,
1859 649 1956 701 με-

303 724 585 800 μιγμένων
643 727 750 776 τῶν
815 719 1037 783 δικαίως
1093 720 1152 774 ἃν
1229 720 1616 774 πιστευθὲντων
1686 724 1803 780 τοῖς
1863 718 1962 772 οὐκ

303 814 473 885 ἀξίοις
506 812 760 874 πίστεως·
791 811 854 865 τὸ
891 811 983 884 μὲν
1017 810 1122 885 γὰρ
1153 808 1488 882 ἐπισημῆναί
1529 830 1581 862 τι
1614 812 1680 881 τῇ
1728 806 1962 880 τοσαύτῃ

301 908 400 958 τοῦ
459 905 626 957 κακοῦ
683 897 1008 972 καινοτομίᾳ
1054 898 1144 953 καὶ
1201 893 1482 970 δυσσεϐείᾳ
1535 901 1643 952 τῶν
1701 896 1798 951 οὐκ
1837 896 1962 950 ἀπί-

309 1014 446 1047 στων
479 992 578 1066 (7),
612 988 759 1046 ἀλλά
786 989 875 1044 καὶ
907 986 1179 1049 πολλάκις
1207 984 1316 1058 ἤδη
1359 981 1786 1060 συμϐεϐηκότων
1840 984 1963 1059 περὶ

304 1084 400 1144 τὰς
453 1079 701 1157 μεγίστας
753 1073 1101 1153 μεταϐολάς’
1147 1077 1210 1132 τὸ
1263 1075 1320 1132 δὲ
1365 1076 1454 1132 καὶ
1487 1079 1563 1151 (8)
1613 1077 1702 1131 τὸν
1761 1074 1962 1151 τρόπον

308 1176 498 1226 τοῦτον
550 1167 758 1249 σφόδρα
798 1167 922 1242 ἐμοὶ
969 1172 1098 1244 γοῦν
1147 1166 1424 1239 θαύματος
1478 1162 1646 1236 ἄξιον,
1697 1165 1786 1219 καὶ
1836 1169 1967 1218 πᾶσι

309 1265 425 1322 τοῖς
475 1263 725 1332 καθαρῶς
769 1255 1072 1328 δηλοῦσθαι
1117 1257 1186 1311 τὰ
1236 1254 1446 1329 καθαρὰ
1499 1252 1862 1330 βουλομένοις
1911 1273 1970 1307 τε

311 1348 404 1404 καὶ
433 1347 741 1421 νομίζουσι.

2069 630 2225 686 tibus
2268 630 2441 685 (idem
2495 630 2776 701 abrogare
2820 629 3086 686 debeam.
3120 631 3348 686 Etenim
3399 633 3520 704 ipse
3552 635 3716 691 dubii

2069 723 2246 790 atque
2290 717 2560 790 ancipitis
2606 735 2738 774 sum
2773 719 2975 787 animi,
3010 736 3116 774 nec
3168 726 3357 775 utram
3391 722 3446 776 in
3490 731 3716 795 partem

2072 808 2490 879 propendeam,
2540 807 2746 877 habeo,
2782 813 2981 880 utpote
3033 809 3226 864 mistis
3257 809 3328 863 iis
3378 827 3504 880 quae
3545 813 3720 868 fidem

2073 895 2282 952 mereri
2332 901 2568 968 queant,
2605 913 2738 951 cum
2786 896 2858 951 iis
2890 914 3018 968 quae
3051 899 3162 952 ﬁde
3206 915 3402 954 carere
3432 899 3720 957 videntur.

2072 986 2218 1041 Nam
2248 985 2402 1057 quod
2433 991 2552 1042 tam
2586 1002 2730 1041 novo
2758 991 2936 1058 atque
2979 987 3260 1043 inusitato
3291 988 3494 1045 sceleri
3526 995 3582 1045 et
3613 991 3723 1047 im—

2076 1073 2277 1147 pietati
2325 1075 2562 1146 signum
2620 1074 2853 1146 aliquod
2909 1080 2962 1130 et
3007 1082 3342 1148 portentum
3395 1080 3726 1149 accesserit,

2076 1164 2186 1219 hoc
2218 1180 2332 1218 non
2381 1164 2552 1219 modo
2603 1181 2634 1219 a
2665 1180 2796 1220 vero
2828 1181 2940 1220 non
2992 1165 3288 1237 abhorret,
3319 1169 3419 1223 sed
3471 1185 3727 1242 persaepe

2071 1254 2199 1325 jam
2229 1252 2289 1308 in
2322 1253 2596 1309 maximis
2617 1254 3047 1311 mutationibus
3077 1257 3306 1312 accidit.
3333 1257 3495 1321 Quod
3529 1264 3726 1316 autem

2081 1343 2154 1398 ad
2186 1342 2342 1397 hunc
2364 1343 2601 1399 modum
2631 1342 2685 1397 id
2707 1343 3038 1416 contigerit,
3058 1345 3111 1400 id
3139 1363 3270 1401 vero
3297 1351 3385 1402 est
3413 1349 3568 1420 quod
3595 1347 3742 1405 mihi

315 1438 554 1511 quidem
587 1437 976 1494 admiratione
1005 1453 1139 1492 cum
1173 1435 1381 1509 primis
1427 1436 1673 1508 dignum
1705 1434 1954 1500 videtur,
1987 1436 2163 1504 atque
2213 1431 2510 1501 omnibus,
2545 1432 2644 1503 qui
2678 1449 2769 1487 res
2801 1450 2980 1504 puras
3024 1450 3167 1505 pure
3201 1435 3483 1492 declarari
3514 1438 3741 1506 volunt,

325 1545 392 1584 ac
423 1527 807 1582 declarandae
835 1526 1195 1584 existimant.

397 1615 513 1670 NA'.
536 1614 607 1668 Τὸ
639 1611 687 1668 δ’
743 1611 833 1668 οῦν
865 1611 1186 1688 λεγόμενον,
1219 1611 1301 1667 ὅτί
1331 1611 1578 1684 θυομένῳ
1606 1610 1674 1664 τὰ
1694 1609 1984 1684 σπλάγχνα

322 1703 413 1757 τὸν
468 1703 693 1778 σταυρὸν
739 1693 1074 1756 ἀναδείκνυσι
1120 1700 1576 1779 στεφανούμενον,
1636 1697 1668 1754 ὅ
1713 1703 1828 1760 τοῖς
1887 1697 1981 1770 μὲν

327 1789 525 1854 ἄλλοις
559 1792 756 1870 φρίκην
789 1790 1049 1867 παρέσχε,
1099 1791 1188 1846 καὶ
1239 1789 1492 1865 ἀγωνίαν,
1535 1787 1624 1843 καί
1651 1793 1750 1843 τοῦ
1781 1789 1980 1860 ἡμετε-

329 1901 425 1957 ρου
479 1883 709 1957 κράτους
767 1879 1112 1950 συναίσθησιν
1163 1880 1241 1954 (9)
1277 1898 1288 1909 ·
1345 1883 1424 1951 τῷ
1450 1876 1508 1933 δὶ
1538 1875 1854 1949 διδασκάλῳ
1883 1879 1983 1944 τῆς

329 1965 570 2032 ἀσεϐείας
640 1969 731 2024 καὶ
810 1970 1004 2045 θάρσος
1081 1966 1256 2040 δῆθεν,
1326 1968 1400 2030 ὡς
1468 1966 1986 2043 περιγεγραμμένων

329 2063 490 2133 ἡμῶν
539 2059 630 2114 καὶ
675 2058 1072 2135 συνειργμένων
1127 2061 1263 2131 (1Ο)’
1324 2056 1468 2112 οὕτω
1499 2057 1602 2132 γὰρ
1632 2056 1723 2110 τὸν
1759 2054 1985 2128 σταυρὸν

329 2149 420 2204 καὶ
463 2149 554 2204 τὸν
601 2147 803 2204 κύκλον
852 2145 1264 2224 παρεσχεδιάσε.
1307 2151 1476 2201 Τοῦτο
1541 2145 1633 2218 μὲν
1669 2142 1734 2214 δὴ
1765 2144 1827 2198 τὸ
1859 2143 1988 2216 ἐμὸν

329 2240 545 2311 θαῦμα·
605 2238 696 2293 καὶ
754 2237 801 2293 εἰ
861 2239 955 2311 μὲν
1001 2235 1215 2311 ψευδὲς,
1264 2233 1424 2312 αὖραι
1481 2235 1726 2313 φέροιεν·
1812 2233 1857 2287 εἷ
1936 2229 1994 2286 δὲ

333 2325 558 2397 ἀληθὲς,
615 2324 780 2382 πάλιν
836 2326 1064 2398 Βαλαὰμ
1136 2323 1492 2401 προφηυεύει,
1568 2325 1658 2377 καὶ
1723 2320 1993 2394 Σαμουὴλ

337 2411 573 2485 ἕλκεται,
622 2416 658 2483 ἢ
705 2412 854 2468 δοκεῖ
901 2417 944 2487 (Ι
969 2416 1036 2487 Ι),
1088 2411 1156 2467 δι’
1186 2411 1638 2488 ἐγγαστριμύθου,
1672 2410 1760 2465 καὶ
1795 2408 1996 2483 δαίμο-

337 2524 420 2565 νες
476 2501 812 2578 ὁμολογοῦσι
865 2503 955 2557 τὸν
1033 2504 1243 2572 Ἰησοῦν
1301 2500 1539 2569 ἄκοντες,
1600 2501 1688 2555 καὶ
1748 2498 1835 2554 διὰ
1890 2503 1997 2555 τῶν

342 2591 620 2663 ἐναντίων,
655 2589 748 2646 ’ίνα
806 2591 895 2646 καὶ
941 2593 1050 2666 (12)
1098 2592 1357 2664 πιστευθῇ
1411 2588 1646 2663 μᾶλλον,
1700 2591 1735 2659 ἡ
1768 2587 2000 2657 ἀλήθεια

345 2679 610 2737 δείκνυται
637 2699 650 2712 ’
708 2681 878 2757 τυχὸν
926 2683 1037 2755 (13)
1068 2680 1314 2735 κάκεῖνον
1363 2678 1715 2754 ἐπισχεθῆναι
1747 2684 1846 2746 τῆς
1876 2676 1995 2731 ἀσε-

343 2765 493 2833 ϐείας
542 2769 629 2826 διὰ
673 2770 880 2826 τούτων
932 2769 1318 2847 ἐπρυτανεύετο
1343 2788 1355 2801 ’
1398 2766 1614 2829 πολλὰς
1641 2767 1742 2844 γὰρ
1773 2766 1861 2821 καὶ
1895 2787 1996 2820 πα-

342 2858 599 2936 ραδόξους
651 2857 811 2923 ὁδοὺς
857 2860 1128 2934 σωτηρίας
1181 2857 1294 2914 οἶδε
1343 2859 1403 2914 τὸ
1446 2864 1598 2914 Θεῖον
1630 2862 1996 2928 καινοτομεῖν,

337 2953 490 3003 νεῦον
518 2949 654 3022 πρὸς
700 2947 762 3004 τὰ
812 2948 1193 3027 φιλάνθρωπον
1223 2967 1232 2980 ·
1267 2947 1297 3002 ὅ
1329 2945 1386 3003 δὲ
1428 2947 1641 3023 λέγεται
1675 2946 1777 3001 ὑπὸ
1807 2943 1998 3000 πλειό-

337 3059 469 3105 νων,
501 3037 591 3092 καὶ
624 3034 890 3093 πίστεύειν
928 3037 1026 3094 οὐκ
1054 3038 1161 3093 ἀπὸ
1193 3037 1404 3112 τρόπου
1435 3039 1570 3109 (14).

2167 1608 2304 1665 LIV.
2338 1608 2554 1664 Ferunt
2586 1609 2782 1681 igitur,
2815 1626 2948 1665 cum
3001 1611 3126 1683 ipse
3166 1617 3444 1681 sacraret,
3483 1615 3745 1672 victima-

2012 1720 2060 1785 B
2094 1715 2226 1753 rum
2259 1703 2388 1753 exta
2437 1703 2770 1753 coronatam
2804 1715 3033 1754 crucem
3085 1701 3434 1757 ostendisse.
3471 1706 3604 1770 Quae
3654 1723 3748 1761 res

2095 1786 2242 1842 alios
2276 1786 2512 1858 quidem
2537 1787 2774 1842 horrore
2805 1793 2979 1859 atque
3011 1789 3297 1844 anxietate
3320 1791 3594 1861 perfudit,
3613 1794 3748 1848 effe-

2096 1876 2288 1947 citque
2320 1881 2385 1931 ut
2414 1876 2733 1948 potentiam
2779 1881 3040 1932 nostram
3087 1885 3471 1948 agnoscerent
3501 1897 3514 1936 :
3549 1886 3605 1936 at
3636 1882 3752 1937 im-

2097 1964 2330 2036 pietatis
2347 1965 2628 2037 magistro
2644 1965 2800 2020 anim
2813 1983 2908 2019 um
2932 1966 3194 2023 videlicet
3211 1969 3455 2035 addidit,
3472 1973 3753 2041 tanquam

2099 2053 2523 2126 circumscripti
2585 2059 2762 2126 atque
2822 2055 3078 2126 undique
3143 2057 3406 2114 conclusi
3464 2075 3752 2116 essemus.

2107 2143 2255 2199 102
2301 2143 2396 2198 Sic
2444 2143 2598 2198 enim
2653 2160 2887 2198 crucem
2937 2149 2994 2198 et
3039 2145 3326 2202 circulum
3373 2163 3442 2202 ex
3491 2152 3756 2221 tempore

2104 2231 2520 2304 interpretatus
2550 2237 2657 2288 est.
2690 2237 2880 2304 Atque
2928 2233 3038 2289 hoc
3070 2251 3209 2290 sane
3240 2241 3347 2304 est,
3387 2239 3543 2308 quod
3577 2238 3756 2294 mira-

2104 2321 2220 2377 culi
2260 2321 2449 2377 instar
2499 2321 2704 2378 habeo.
2759 2323 2920 2388 Quod
2963 2323 3010 2378 si
3063 2324 3277 2380 falsum
3328 2332 3435 2396 est,
3470 2327 3527 2381 in
3581 2345 3758 2384 auras

2108 2410 2278 2466 abeat
2310 2427 2323 2466 :
2360 2409 2410 2466 si
2452 2416 2648 2466 autem
2695 2429 2920 2480 verum,
2951 2430 3157 2469 rursus
3208 2414 3441 2470 Balaam
3477 2417 3760 2473 vaticina-

2106 2503 2204 2554 tur
2233 2501 2298 2568 ³ο,
2330 2504 2387 2555 et
2439 2499 2672 2556 Samuel
2715 2517 2818 2573 per
2861 2502 3290 2574 ventriloquam
3341 2504 3619 2575 trahitur,
3655 2511 3759 2563 aut

2106 2588 2259 2645 trahi
2292 2588 2522 2644 videtur
2543 2591 2612 2658 3‘,
2646 2595 2703 2646 et
2724 2592 3016 2647 daemones
3046 2594 3245 2647 Jesum
3279 2592 3442 2648 inviti
3474 2597 3760 2651 conﬁten-

2109 2683 2207 2733 tur
2223 2679 2286 2749 θ’,
2321 2696 2386 2734 ac
2417 2696 2519 2750 per
2548 2683 2857 2749 contraria,
2883 2699 2998 2754 quo
3029 2682 3162 2753 plus
3197 2683 3326 2739 ﬁdei
3355 2689 3530 2755 atque
3560 2689 3759 2739 aucto-

2111 2768 2301 2824 ritatis
2352 2769 2580 2838 habeat,
2625 2771 2836 2826 veritas
2887 2773 3341 2827 demonstratur.
3392 2775 3468 2828 Ac
3515 2774 3763 2831 fortasse

2111 2857 2203 2912 his
2235 2857 2408 2913 rebus
2441 2859 2498 2913 id
2530 2860 2741 2931 agebat
2771 2861 3155 2931 providentia,
3192 2867 3256 2915 ut
3297 2861 3457 2918 illius
3489 2863 3760 2935 impieta-

2111 2953 2228 3002 tem
2261 2955 2674 3019 compesceret.
2712 2949 2924 3006 Multas
2950 2951 3104 3005 enim
3131 2957 3188 3006 et
3219 2951 3516 3008 mirabiles
3548 2953 3762 3010 salutis

2112 3037 2207 3092 via
2242 3042 2392 3092 Deus
2422 3037 2712 3094 inusitato
2747 3040 2918 3095 modo
2950 3040 3175 3111 aperire
3211 3041 3386 3108 novit,
3423 3043 3494 3096 ad
3547 3042 3762 3099 huma-

341 3128 585 3184 nitatem
617 3134 674 3185 et
704 3130 1165 3186 misericordiam
1198 3130 1586 3202 propendens.
1619 3129 1780 3194 Quod
1814 3132 2009 3184 autem
2042 3143 2075 3182 a
2123 3125 2394 3198 pluribus
2424 3135 2939 3196 commemoratur,
2976 3147 3078 3185 nec
3110 3147 3143 3185 a
3195 3130 3307 3186 fide
3337 3131 3596 3187 alienum
3643 3137 3754 3203 est,

345 3218 606 3274 oratione
631 3235 970 3290 persequar.

417 3311 534 3360 NE’.
571 3305 766 3380 Κατῄει
804 3307 900 3379 μὲν
950 3304 1027 3370 εἵς
1073 3328 1127 3363 τι
1156 3311 1265 3363 τῶν
1308 3304 1516 3362 ἀδύτων
1550 3310 1658 3362 τῶν
1687 3311 1802 3368 τοῖς
1860 3303 1992 3359 πολ-

2187 3306 2296 3361 LV.
2364 3307 2758 3364 Descendebat
2812 3309 2870 3363 in
2929 3311 3226 3381 quoddam
3283 3312 3522 3384 adytum
3587 3313 3767 3387 vulgo

349 3395 470 3457 λοίς
525 3390 738 3450 ἀϐάτων
793 3397 883 3450 καὶ
943 3392 1190 3474 φοϐερῶν
1237 3397 1337 3471 (ὡς
1385 3395 1596 3474 ὤφελόν
1648 3416 1709 3469 γε
1760 3397 1869 3468 (15)
1915 3393 2006 3448 καὶ

344 3485 448 3553 τὴν
523 3485 600 3546 εἷς
670 3480 802 3555 ᾅδου
877 3485 1162 3563 φέρουσαν,
1241 3486 1365 3560 πρὶν
1445 3486 1520 3546 εἷς
1596 3489 1819 3538 τοιαῦτα
1869 3483 2008 3538 κακὰ

348 3571 682 3647 προελθεῖν),
737 3574 1116 3649 συμπαρόντος
1164 3573 1311 3644 αὐτῷ
1366 3575 1455 3627 καὶ
1502 3577 1600 3627 τοῦ
1629 3570 1854 3626 πολλῶν
1884 3569 2009 3626 ἀδύ-

349 3682 460 3718 των
512 3661 681 3733 ἀξίου,
737 3665 835 3715 τοῦ
884 3665 1052 3736 σοφοῦ
1105 3661 1173 3715 τὰ
1216 3665 1459 3732 τοιαῦτα,
1510 3657 1683 3713 εἷίτουν
1735 3663 1844 3732 1116)
1912 3678 2042 3746 σο-⁴

354 3752 578 3827 φιστοῦ·
615 3745 723 3801 ἔστι
773 3749 874 3822 γὰρ
907 3745 972 3816 δὴ
1007 3744 1280 3801 καὶτοῦτο
1335 3744 1476 3807 εἶδος
1510 3745 1758 3818 μαντείας
1799 3746 2006 3819 αὐτοῖς,

359 3837 470 3910 ζόῳ
526 3838 629 3892 τινὶ
661 3835 750 3891 καὶ
783 3835 1139 3911 ὑποχθονίοις
1168 3832 1393 3908 δαίμοσι
1430 3833 1557 3908 περὶ
1601 3837 1710 3888 τῶν
1774 3833 2007 3908 μελλόν-

352 3949 462 3983 των
514 3925 887 4004 συγγίνεσθαι⁶
947 3921 1055 3980 sifts
1108 3924 1183 3987 ὡς
1227 3923 1405 3997 σκότῳ
1452 3922 1709 4000 χαίρουσι
1770 3922 2006 3997 μᾶλλον,

353 4016 470 4073 ἐπεὶ
528 4016 617 4071 καὶ
675 4015 777 4070 εἶσὶ
827 4009 1040 4082 σκότος,
1088 4013 1178 4069 καὶ
1227 4013 1452 4076 σκότους
1523 4010 1862 4090 δημιουργοὶ
1906 4020 2008 4084 τῆς

352 4105 543 4167 κακίας
569 4124 580 4136 ’
615 4101 722 4159 ait:
750 4105 824 4167 ὡς
857 4103 1113 4182 φεύγουσι
1151 4103 1245 4164 τὰς
1293 4101 1568 4176 ἐπιμιξίας
1615 4107 1722 4156 τῶν
1776 4099 2010 4158 εὐσεϐῶν

355 4195 490 4267 ὑπὲρ
534 4200 638 4270 γῆς
686 4195 820 4267 (17),
868 4192 956 4248 καὶ
1007 4189 1096 4247 διὰ
1141 4190 1338 4253 ταύτας
1378 4189 1770 4268 ἀσθενεστέροις
1797 4213 1808 4225 ’
1843 4193 1916 4255 ὡς
1953 4190 2011 4248 δὲ

351 4283 616 4362 προϊόντα
674 4286 786 4357 (18)
843 4283 934 4338 τὸν
991 4279 1245 4357 γεννάδαν
1305 4276 1643 4356 προσϐάλλει
1695 4282 1762 4336 τὰ
1819 4278 2009 4355 δείμα-

350 4395 420 4430 τα
451 4377 588 4447 (19),
619 4373 708 4428 καὶ
757 4372 837 4427 ἀεὶ
887 4370 1062 4427 πλείω
1109 4372 1199 4426 καὶ
1243 4366 1610 4449 φοϐερώτερα,
1653 4369 1831 4447 ἤχους
1859 4371 2010 4434 τινάς

351 4485 511 4542 φασιν
568 4463 750 4532 ἀήθεις
805 4463 946 4534 (20),
994 4461 1084 4514 καὶ
1133 4459 1306 4533 ὀδμὰς
1352 4464 1460 4515 τῶν
1512 4458 1716 4532 ἀηδῶν,
1762 4461 1851 4515 καὶ
1881 4481 2013 4533 πυρ-

355 4554 500 4624 αυγῆ
559 4549 831 4625 φάσματα,
888 4549 978 4602 καὶ
1023 4547 1123 4602 οὐκ
1179 4546 1280 4601 οἶδ’
1330 4549 1573 4611 οὕστινας
1647 4548 1845 4612 ὕθλους
1919 4551 2011 4605 καὶ

429 4649 474 4684 ³ο
499 4647 673 4703 Num.
705 4663 844 4712 xxn,
874 4649 928 4700 7.
1003 4646 1046 4680 δί
1079 4650 1102 4698 Ι
1133 4647 1273 4718 Reg.
1306 4663 1503 4717 xxvm,
1540 4649 1626 4702 12.

361 4819 566 4873 fuisse.
603 4818 704 4872 Hic
735 4817 912 4872 etiam
965 4832 1200 4871 cernere
1231 4821 1343 4890 est,
1371 4832 1546 4890 quam
1580 4822 1750 4890 caute
1795 4825 2009 4890 Grego-

364 4890 488 4946 rius
518 4906 579 4945 se
611 4893 872 4980 gereret,
893 4890 1185 4980 rebusque
1216 4887 1586 4980 m‘irisﬁdem
1619 4887 1940 4980 adhiberet;

436 4963 514 5035 (5)
547 4958 641 5035 Ka‘g
673 4959 776 5035 γὰρ
816 4958 994 5035 αὐτός.
1028 4958 1121 5014 Sic
1150 4959 1433 5035 _inelioris
1465 4965 1627 5035 notae
1645 4961 1874 5035 codices
1909 4962 2013 5017 Re-

364 5029 594 5106 gii'bm,
631 5029 761 5106 l,'u',
795 5039 901 5087 etc.
935 5033 1064 5106 Par.
1099 5032 1212 5106 ed.,
1250 5029 1342 5106 Καὶ
1377 5031 1478 5106 γὰρ
1511 5031 1670 5106 αὐτὸς
1704 5031 1812 5086 καί.
1957 5038 1976 5051 ’

439 5105 506 5176 (ϐ)
539 5101 900 5178 Ὁποτέρωσὲ
935 5103 1110 5178 Regg.
1145 5104 1266 5178 bm,
1298 5102 1338 5172 1,
1373 5101 1760 5178 metereaque.

433 5173 508 5249 (7)
539 5173 836 5249 ‘A‘xtio'ceov.
865 5176 1003 5248 Reg.
1024 5173 1082 5241 Ἰ,
1112 5179 1179 5249 et
1199 5175 1361 5249 Pass.
1398 5173 1637 5249 addunt,
1671 5173 1830 5229 ἐστίν.

455 5244 509 5323 8)
539 5249 609 5303 Τὸ
649 5245 724 5323 δὲ,
748 5245 865 5323 καί..
897 5244 1064 5302 Deest
1092 5244 1180 5323 καί
1211 5247 1269 5301 in
1299 5246 1589 5323 pluribus.

540 5323 643 5374 Τοῦ
701 5316 972 5391 ἡμετέρου
1027 5317 1258 5392 κράτους
1300 5316 1693 5392 συναίσθησιν.
1733 5318 2011 5392 Combef.

365 5389 639 5462 {nostris
694 5389 934 5448 sensum
985 5389 1258 5462 potentias
1308 5406 1372 5444 ac
1419 5389 1673 5462 victoriae
1728 5390 2012 5461 injecit.»

364 5458 484 5518 Hoc
513 5469 624 5530 est,
655 5461 904 5520 ominari
953 5458 1106 5532 fecit,
1141 5462 1260 5517 fore
1311 5466 1373 5515 ut
1404 5478 1497 5518 res
1545 5458 2016 5518 Christianorum

366 5541 692 5592 crescerent
722 5535 1053 5605 Graecisque
1071 5533 1295 5605 ritibus
1323 5532 1653 5605 superiores
1683 5536 2013 5590 evaderent.

365 5605 528 5670 Quod
560 5607 798 5679 quidem
832 5604 1027 5679 narrat
1055 5604 1307 5679 So_zom.,
1339 5604 1442 5660 lib.
1474 5621 1528 5673 v,
1562 5623 1611 5679 ρ.
1644 5609 1697 5660 2.

441 5674 1011 5752 (1Ο)”Συνειργμὲνων;
1047 5677 1203 5733 Colb.
1237 5677 1294 5744 3,
1319 5674 1728 5750 συνῃρημένων.

441 5746 552 5827 (11)
582 5753 652 5806 Ἦ
684 5746 854 5806 δοκεῖ.
902 5771 930 5801 ‹‹
962 5747 1106 5807 Vere
1136 5753 1238 5806 aut
1268 5746 1618 5826 apparenter
1658 5753 1949 5808 evocatur.
1985 5768 2014 5802 ››

2118 3395 2484 3451 inaccessum
2518 3402 2574 3451 et
2595 3397 2952 3453 horrendum
2983 3401 3506 3471 (quemadmodum
3541 3403 3768 3460 utinam

2117 3483 2177 3538 in
2192 3483 2485 3539 infernum
2503 3487 3181 3559 quoque,priusquamin
3198 3488 3772 3560 hujusmodiscelera

2118 3573 2588 3644 prorumperet!)
2634 3575 2909 3629 comitem
2958 3592 3091 3630 eum
3143 3576 3387 3644 habens,
3419 3580 3515 3649 qui
3569 3580 3772 3637 multis

2119 3661 2311 3727 adytis
2333 3662 2549 3731 dignus
2568 3669 2710 3729 erat,
2734 3662 2843 3718 hoc
2874 3668 2983 3732 est,
3012 3664 3307 3719 hominem
3336 3666 3394 3720 in
3428 3666 3772 3739 hujusmodi

2118 3748 2294 3802 rebus
2327 3749 2650 3819 sapientem
2675 3755 2774 3804 aut
2805 3751 3077 3820 sophum,
3104 3752 3187 3807 vel
3213 3754 3407 3824 potius
3440 3755 3769 3828 sophistam

2118 3839 2176 3891 et
2194 3835 2597 3908 impostorem.
2622 3843 2768 3894 Nam
2799 3839 2906 3894 hoc
2927 3856 3157 3911 quoque
3176 3845 3327 3913 apud
3356 3844 3515 3915 ipsos
3543 3847 3766 3904 divina-

2118 3925 2296 3980 tionis
2346 3942 2531 3998 genus
2580 3932 2690 3995 est,
2726 3932 2788 3982 ut
2819 3927 2876 3982 in
2924 3928 3243 4001 caliginoso
3294 3934 3548 4003 quodam
3591 3953 3768 4008 specu

2119 4030 2254 4068 cum
2277 4016 2675 4071 subterraneis
2693 4016 3057 4073 daemonibus
3075 4019 3146 4074 ob
3165 4036 3258 4075 res
3279 4021 3507 4078 futuras
3524 4040 3770 4096 congre-

2121 4103 2360 4159 diantur
2391 4120 2404 4159 :
2441 4103 2563 4160 sive
2595 4105 2732 4176 quia
2761 4106 3019 4162 tenebris
3051 4108 3238 4180 magis
3279 4110 3670 4184 oblectantur,
3705 4119 3772 4172 ut

2121 4193 2219 4265 qui
2255 4193 2365 4264 ipsi
2398 4194 2648 4249 tenebrae
2689 4211 2923 4266 quoque
2953 4197 3092 4262 sint,
3126 4215 3191 4252 ac
3239 4201 3614 4258 tenebrarum
3647 4205 3772 4262 vitii

2123 4282 2414 4352 artiﬁces;
2450 4282 2568 4339 sive
2599 4286 2737 4355 quia
2769 4285 2998 4356 piorum
3031 4285 3362 4356 hominum,
3398 4291 3496 4362 qui
3527 4291 3587 4348 in
3618 4297 3774 4350 terra

2122 4379 2280 4439 sunt,
2317 4373 2653 4428 societatem
2687 4379 2741 4427 et
2773 4390 3152 4447 congressum
3184 4377 3440 4451 fugiunt,
3473 4398 3542 4436 ex
3571 4383 3774 4455 eisque

2122 4461 2473 4516 infirmiores
2525 4463 2869 4518 redduntur.
2908 4464 2975 4521 Ut
3005 4473 3199 4521 autem
3251 4469 3547 4540 egregium
3585 4473 3773 4528 virum

2123 4551 2588 4624 progredientem
2614 4560 2715 4606 teri
2732 4569 2859 4608 ores
2883 4555 3096 4608 adoriri
3111 4564 3505 4626 cmperunt,ac
3523 4560 3776 4616 subinde

1701 4649 1746 4682 3’
1776 4650 1950 4705 Marc.
1983 4667 2024 4715 ι,
2060 4651 2168 4717 34;
2204 4651 2342 4703 Luc.
2377 4666 2452 4715 1v,
2486 4650 2573 4702 41.

357 4749 572 4817 potest,
597 4745 749 4801 hanc
779 4743 1104 4799 orationem
1128 4759 1324 4799 coram
1355 4743 1570 4816 populo
1601 4745 1865 4802 habitam
1899 4765 2014 4804 non
2046 4751 2090 4814 D

2197 4748 2307 4820 (1’3)
2339 4745 2588 4820 Ἵνακαί.
2623 4746 2794 4802 Deest
2827 4748 2913 4801 καί
2950 4751 3000 4800 iv:
3040 4751 3357 4807 nonnullis.

2197 4816 2306 4905 (1’3)
2338 4816 2536 4890 Τυχόν.
2585 4820 2718 4890 Heg.
2774 4823 2810 4873 1'.
2863 4824 3022 4875 Culb.
3078 4841 3126 4888 r,
3158 4823 3353 4893 Pass.,
3409 4825 3634 4896 Comb.,
3685 4826 3776 4880 καὶ

2122 4909 2224 4942 τυγ
2236 4909 2314 4942 ον.

2192 4908 2571 5037 (filium...
2610 4961 2767 5037 Pass.
2822 4966 2878 5016 et
2927 4963 3057 5029 Reg.
3097 4963 3133 5027 Ι,
3169 4967 3394 5022 addunt
3444 4963 3661 5037 δέξασθε
3692 4965 3776 5023 δι-

2125 5028 2516 5104 ηγούμενονη-ε(
2554 5035 2812 5104 accipite
2845 5051 2963 5088 rem
3000 5028 3060 5089 Ut
3091 5039 3305 5092 audivi.
3341 5062 3368 5088 ))

2196 5099 2418 5178 (15))“9;
2452 5099 2661 5178 ὥυρελύν
2803 5127 2830 5153 ‹‹
2863 5109 3049 5178 Atque
3080 5110 3304 5164 utinam
3336 5113 3650 5168 ducentem
3676 5129 3774 5167 or-

2125 5191 2257 5229 cum
2287 5177 2436 5246 viam
2473 5177 2883 5246 capessivisset
2918 5177 3098 5246 prius,
3141 5206 3159 5230 δ
3197 5187 3308 5236 etc.

2222 5249 2306 5316 16)
2340 5242 2559 5300 Εἷ¹τουνξ
2589 5249 2790 5302 Plures
2823 5242 2989 5302 codd.
3024 5245 3118 5302 εἶτ’
3150 5251 3262 5306 οὗν.

2222 5249 2306 5316 16)
2340 5248 2550 5300 Εῗτουν.
2589 5249 2790 5302 Plures
2823 5251 2989 5302 codd.
3024 5248 3086 5302 ei“:

2342 5317 2502 5394 Ὑπὲρ
2529 5319 2651 5391 γῆς.
2682 5321 2813 5394 _Sav.
2848 5318 2934 5394 ἐπὶ
2965 5323 3086 5394 γῆς.

2196 5391 2306 5460 (18)
2338 5388 2625 5462 Ιιροΐόντα.
2681 5391 2817 5466 Reg.
2854 5388 3318 5466 hqfrcpoetdvtz,
3363 5419 3389 5444 ‹‹
3415 5394 3607 5450 virum
3661 5397 3779 5451 for-

2124 5464 2238 5542 tem
2272 5478 2338 5517 ac
2378 5467 2685 5517 strenuum
2733 5465 2791 5516 in
2825 5463 3001 5534 malo,
3040 5463 3060 5514 ui
3111 5472 3176 5521 ut
3221 5467 3304 5523 ait
3334 5466 3507 5537 Elias,
3540 5467 3625 5524 vel
3659 5469 3773 5524 iro-

2126 5549 2277 5587 nice.

2196 5603 2307 5676 (19)
2339 5601 2594 5676 Δείματα.
2620 5603 2765 5676 Reg.
2799 5621 2851 5676 a,
2888 5601 3177 5676 δείγματι.

2196 5606 2286 5676 (19
2339 5603 2594 5674 Δείματα.
2627 5603 2765 5677 Reg.
2799 5621 2851 5668 a,
2888 5603 2966 5657 δεί
3014 5627 3148 5676 ματλ

2196 5603 2309 5749 (‘20)
2345 5675 2580 5745 Ἀήθεις.
2618 5675 2787 5731 Deest
2817 5675 2874 5731 in
2907 5625 3067 5737 Coit).
3099 5697 3148 5737 r.
