4028 6476
286 420 396 492 581

1284 409 1573 478 ORATIO
1616 400 1722 474 Iv.
1756 447 1834 457 —
1865 408 2178 474 CONTRA
2223 408 2622 474 JULIANUM
2673 404 2720 471 1.

3595 419 3717 480 582

285 560 535 626 πνέηται.
568 553 666 609 Καὶ
694 555 858 606 τοῦτο
891 547 992 603 οὐκ
1021 547 1079 602 ἐκ
1103 551 1211 602 τῶν
1240 545 1528 619 λογισμῶν
1572 543 1785 616 εὕρισκε
1836 545 1946 616 (30)
1979 554 1996 612 Α

2148 543 2414 616 generosi
2448 543 2652 610 animi,
2684 543 2756 614 ei,
2789 543 2891 615 qui
2921 539 3040 599 vim
3061 543 3263 601 afferre
3293 552 3479 618 parat,
3510 555 3716 608 contu-

291 649 472 724 μόνον,
523 643 670 699 ἀλλᾶ
717 641 807 696 καὶ
856 643 972 700 τοῖς
1023 630 1365 712 προλαϐοῦσι
1403 632 1686 708 διωγμοῖς
1721 633 1838 708 εἶχε
1869 653 1952 706 γι-

290 741 532 792 νώσκειν.
573 732 624 788 ο’ί
653 727 984 803 τιμιώτεάον
1017 727 1106 780 τὸν
1159 724 1578 800 Χριστιανισμὸν
1625 724 1955 790 πεποιήκασι

293 831 480 883 θᾶττον
533 823 569 892 ἢ
630 819 1029 893 ἀσθενέστερον,
1111 814 1381 889 ῥώσαντες
1455 813 1551 872 τὰς
1626 812 1804 884 ψυχὰς
1883 809 1957 872 εἷς

299 911 593 984 εὐσέϐειαν,
649 910 738 965 καὶ
801 907 983 981 ὣσπερ
1043 901 1264 976 σίδηρον
1345 900 1543 976 θερμὸν
1606 897 1781 966 ὕδατι,
1840 903 1960 959 τοῖς

299 1003 567 1066 κινδύνοις
600 999 1003 1073 στομώσαντες.
1034 993 1095 1049 Εἰ
1147 991 1204 1047 δὲ
1257 991 1392 1064 μετὰ
1436 993 1535 1058 τῆς
1566 989 1767 1064 τέχνης
1801 1009 1960 1063 στρα-

302 1094 521 1162 τεύσειε,
571 1091 661 1145 καὶ
715 1092 795 1159 τῷ
843 1085 1043 1141 πείθειν
1093 1083 1156 1136 τὸ
1205 1083 1317 1154 (31)
1373 1080 1646 1156 βιάζεσθαι
1697 1078 1960 1153 χρώσειιν

299 1185 333 1254 ἢ
365 1183 601 1254 καθάπερ
648 1175 846 1253 χαλκῴ
894 1169 1229 1248 περιϐάλλοι
1279 1172 1392 1244 (32)
1441 1167 1633 1243 δέλεαρ
1675 1172 1743 1240 τῇ
1771 1187 1964 1243 τυραν-

299 1271 401 1328 νίδι
449 1272 512 1326 τὸ
560 1266 855 1342 προσηνὲς,
902 1262 1068 1340 σοφόν
1119 1282 1179 1316 τε
1227 1259 1401 1321 οὕτως
1442 1257 1501 1312 ἂν
1550 1259 1662 1332 (33)
1714 1255 1829 1329 ἃμα
1876 1254 1965 1310 καὶ

302 1361 524 1418 δυνατὸν
557 1357 804 1433 γενέσθαι
837 1352 983 1424 αὐτῷ
1011 1353 1075 1407 τὸ
1107 1351 1414 1427 ἀγώνισμα.

2066 634 2306 688 maciter
2364 633 2681 701 obsistere;
2719 650 2831 688 non
2885 650 3054 692 secus
3106 651 3172 689 ac
3223 636 3480 705 ﬂamma,
3513 658 3642 712 quas
3691 662 3726 700 a

2065 729 2236 778 vento
2286 723 2588 789 excitatur,
2637 739 2752 793 quo
2801 723 3058 795 amplius
3108 724 3406 796 perflatur,
3439 745 3505 782 eo
3553 731 3726 788 vehe-

2070 813 2323 867 mentius
2355 811 2712 866 accenditur.
2750 812 2931 882 quue
2984 829 3099 868 non
3151 814 3503 884 cogitatione
3534 818 3727 877 solum

2072 900 2418 971 reperiebat,
2446 902 2544 955 sed
2573 918 2642 956 ex
2669 901 2938 972 pristinis
2964 919 3196 972 quoque
3223 906 3730 974 persecutionibus

2073 1006 2422 1062 cognoscere
2470 986 2716 1061 poterat,
2759 1007 2886 1061 qua:
2939 991 3333 1049 Christianam
3382 994 3729 1067 religionem

2075 1079 2271 1151 potius
2320 1078 2704 1147 illustrarant,
2739 1096 2915 1151 quam
2949 1080 3343 1150 debilitarent,
3377 1084 3608 1141 animas
3639 1086 3730 1141 ni-

2076 1167 2291 1223 mirum
2315 1168 2387 1223 ad
2411 1167 2685 1240 pietatem
2711 1169 3070 1241 roborantes,
3087 1187 3153 1226 ac
3175 1172 3474 1244 periculis,
3494 1178 3561 1230 ut
3580 1193 3732 1246 aqua

2077 1258 2338 1314 candens
2378 1256 2618 1326 ferrum,
2643 1258 3018 1315 obdurantes.
3047 1262 3120 1314 At
3168 1261 3217 1316 si
3267 1260 3475 1318 callide
3506 1267 3561 1320 et
3592 1265 3732 1320 arti~

2078 1347 2280 1402 ﬁciose
2323 1345 2545 1400 bellum
2578 1352 2822 1418 gereret,
2857 1363 2923 1402 ac
2953 1348 3069 1402 vim
3119 1350 3498 1420 persuasione
3525 1355 3732 1411 verbo-

306 1466 561 1522 rumque
588 1444 889 1503 blanditiis
920 1442 1189 1508 illineret,
1225 1444 1328 1495 aut
1360 1437 1656 1510 tyrannidi
1688 1435 2061 1491 clementiam
2093 1442 2378 1507 tauquam
2422 1434 2598 1490 hamo
2643 1451 2837 1491 escam
2869 1439 3354 1509 circumposeret,
3389 1441 3470 1497 ita
3494 1443 3734 1499 demum

313 1557 428 1597 non
461 1537 653 1594 solum
689 1534 1065 1607 prudentem,
1099 1530 1200 1586 sed
1231 1527 1480 1584 validam
1513 1542 1740 1597 quoque
1771 1525 1880 1580 sibi
1913 1524 2405 1581 concertationem
2439 1524 2580 1578 fore.

385 1628 516 1684 NH'.
558 1624 656 1678 Kui
705 1623 808 1698 γὰρ
856 1621 993 1697 πρὸς
1042 1622 1162 1679 τοῖς
1213 1613 1406 1676 ἄλλοις
1445 1614 1662 1682 καὶτῆς
1694 1617 1800 1668 τῶν
1835 1632 1972 1686 μαρ-

313 1716 490 1792 τύρων
536 1719 704 1786 τιμῆς
755 1710 966 1788 ἐφθόνει
1012 1713 1129 1768 τοῖς
1188 1703 1490 1773 ἀθληταῖς’
1542 1703 1632 1757 καὶ
1678 1699 1766 1756 διὰ
1809 1699 1972 1756 τοῦτο

323 1810 633 1880 μηχανᾶται
684 1800 844 1861 αὐτὸς
902 1799 994 1872 μὶν
1045 1795 1135 1850 καὶ
1189 1793 1484 1870 βιάζεσθαι,
1534 1790 1732 1864 καίμή
1771 1789 1974 1858 δοκεῖν,

2157 1613 2348 1670 LVIII.
2382 1613 2611 1668 Etenim
2636 1617 2699 1668 ut
2729 1613 2864 1683 alia,
2888 1614 2970 1669 ita
2999 1631 3135 1670 eum
3159 1634 3408 1689 quoque,
3437 1636 3548 1689 quo
3579 1639 3735 1678 mar-

2083 1707 2242 1774 tyres
2273 1702 2426 1757 afﬁci
2477 1701 2682 1767 solent,
2718 1703 2998 1759 honorem
3050 1706 3288 1762 athletis
3319 1710 3474 1765 104
3512 1710 3736 1767 invide-

2086 1793 2208 1847 bat.
2242 1793 2322 1848 Ac
2352 1791 2597 1862 proinde
2627 1792 2685 1846 id
2718 1792 2979 1860 molitur,
3017 1798 3080 1849 ut
3113 1795 3238 1866 ipse
3269 1797 3506 1867 quidem
3539 1804 3596 1854 et
3623 1801 3740 1855 vim

523 1889 580 1948 δὲ
626 1890 716 1945 καὶ
772 1889 1027 1962 πάσχειν,
1087 1884 1176 1939 καὶ
1231 1884 1306 1955 μή
1345 1883 1514 1955 τιμὴν
1558 1877 1702 1956 ἔχειν
1738 1882 1849 1953 (34)
1908 1879 1981 1940 ὡς

2121 1881 2313 1948 .ﬂ'erat,
2359 1886 2416 1935 et
2460 1881 2692 1936 interim
2725 1883 2928 1937 afferre
2960 1900 3076 1936 non
3109 1885 3402 1955 videatur;
3457 1905 3561 1944 nos
3609 1906 3744 1946 con-

323 1983 456 2059 ὗπὶρ
496 1983 728 2055 Χριστοῦ
760 1977 1095 2051 πάσχοντας.
1138 1977 1205 2027 ’Ὠ
1250 1975 1350 2040 τῆς
1410 1970 1690 2041 εὐηθείαςὲ
1753 1972 1972 2042 Πρῶτον

329 2073 423 2146 μὶν
484 2070 532 2126 εἴ
589 2068 865 2132 λανθάνειν
927 2063 1172 2137 ἐνόμισεν
1235 2061 1366 2134 ὑπὲρ
1414 2060 1560 2122 τίνος
1606 2061 1658 2114 οἱ
1714 2055 1977 2127 κίνδυνοι,

323 2163 413 2217 καὶ
444 2157 804 2237 συγκαλύψειν
835 2157 934 2224 τὴν
975 2152 1233 2224 ἀλήθειαν
1282 2156 1401 2212 τοῖς
1451 2149 1801 2228 σοφίσμασιν,
1854 2146 1981 2202 ἀλλ’

324 2250 432 2325 οὐχ
476 2248 588 2321 ὅσῳ
629 2248 766 2302 κατὰ
810 2249 916 2299 τῶν
961 2247 1135 2316 τιμῶν
1188 2239 1416 2302 ἐπενόει,
1465 2259 1711 2309 τοσουτῳ
1765 2235 1978 2310 μείζους

323 2340 484 2400 αὐτὰς
513 2339 761 2407 ποιήσειν
793 2333 883 2388 καὶ
916 2331 1323 2406 λαμπροτέρας.

2088 1975 2179 2025 tra
2206 1975 2264 2025 et
2295 1969 2583 2040 supplicia
2613 1971 2998 2042 perferamus,
3032 1978 3089 2027 et
3126 1990 3191 2028 eo
3233 1975 3466 2031 interim
3500 1978 3741 2052 honore,

2089 2057 2191 2130 qui
2240 2074 2344 2129 pro
2377 2057 2591 2113 Christi
2647 2059 2882 2115 nomine
2913 2059 3268 2131 patientibus
3318 2063 3518 2121 haberi
3570 2067 3747 2140 solet,

2092 2164 2417 2203 careamus.
2452 2147 2494 2202 Ο
2526 2147 2885 2220 singularem
2937 2151 3196 2206 hominis
3228 2153 3579 2210 stultitiam!
3624 2158 3746 2214 Pri-
3792 2192 3799 2201 -

2093 2253 2256 2292 mum
2290 2237 2338 2290 si
2371 2237 2539 2305 cujus
2569 2253 2748 2293 causa
2780 2238 3036 2308 pericula
3068 2257 3101 2294 a
3133 2240 3301 2296 nobis
3332 2245 3634 2300 adirentur
3663 2246 3747 2302 la-

2092 2330 2212 2380 tere
2243 2323 2634 2396 existimabat,
2669 2326 3079 2399 facturumque
3107 2347 3170 2384 se
3213 2332 3478 2402 putabat,
3513 2339 3576 2389 ut
3605 2337 3749 2391 arti-

331 2432 444 2485 bus
476 2429 600 2485 suis
631 2423 1150 2494 callidissimisque
1182 2419 1441 2476 consiliis
1472 2417 2120 2487 veritatemobtegeret,
2155 2431 2220 2469 ac
2251 2431 2364 2470 non
2415 2416 2630 2486 potius,
2663 2432 2778 2487 quo
2812 2416 2983 2488 plura
3012 2419 3292 2477 adversus
3345 2424 3591 2482 honores
3622 2426 3755 2484 ίιιο.

330 2515 904 2577 comminisceretur,
937 2510 1046 2564 hoc
1078 2525 1176 2564 eos
1208 2507 1458 2578 majores
1487 2505 1888 2575 clarioresquu
1908 2503 2194 2559 redderet.

419 2602 538 2659 ΝΘ’.
601 2598 855 2672 Δεύτερον
915 2595 990 2664 δὲ,
1055 2595 1100 2649 εἷ
1150 2592 1309 2667 δόξης
1356 2592 1616 2665 ἐπιθυμίᾳ
1675 2590 1995 2646 κινδυνεῦειν

349 2694 516 2765 ἡμᾶς,
575 2687 722 2744 ἀλλᾶ
783 2689 858 2760 μὴ
906 2693 1007 2755 τῆς
1055 2682 1332 2754 ἀληθείας,
1383 2676 1652 2736 ὑπέλαϐε·
1701 2684 1869 2734 ταῦτα
1904 2680 1996 2751 μὶν

354 2780 690 2850 παιζέτωσαν
748 2778 862 2850 (35)
917 2775 1044 2850 παρ’
1102 2771 1324 2834 ἐκείνοις
1397 2767 1788 2844 Ἐμπεδοκλεῖς
1866 2771 2001 2842 (36),

355 2871 444 2924 καὶ
475 2870 793 2944 Ἀρισταῖοι,
852 2863 940 2919 καὶ
992 2858 1388 2936 Ἐμπεδότιμοί
1436 2880 1597 2929 τινες,
1654 2858 1744 2913 καὶ
1776 2858 2002 2933 Τροφὼ-

351 2979 482 3030 νιοι,
512 2956 601 3010 καὶ
631 2953 893 3010 τοιούτων
948 2950 1227 3025 δυστυχῶν
1281 2948 1509 3025 ἀριθμός
1535 2969 1548 2982 ·
1583 2949 1656 3002 ὢν
1692 2950 1718 3003 ὁ
1759 2948 1850 3021 μὲν
1891 2952 2005 3008 τοῖς

2179 2593 2322 2647 LIX.
2350 2591 2584 2662 Deinde,
2609 2594 2659 2648 si
2686 2593 2878 2666 glorias
2901 2596 3239 2668 cupiditate,
3265 2617 3331 2655 ac
3355 2618 3468 2658 non
3493 2605 3757 2662 veritatis

2110 2681 2306 2736 studio
2337 2690 2388 2737 et
2419 2699 2617 2738 amore
2665 2701 2771 2739 nos
2820 2685 3078 2755 pericula
3125 2690 3286 2744 adire
3332 2692 3752 2752 existimabat:

2111 2771 2232 2825 haec
2263 2788 2404 2826 sane
2426 2773 2580 2842 apud
2610 2771 2742 2828 illos
2775 2775 2982 2830 ludant
3010 2776 3411 2848 Empedocles,
3435 2786 3492 2836 et
3510 2783 3758 2856 Aristaei,

2114 2865 2170 2914 et
2216 2859 2604 2931 Empedotimi
2650 2861 2911 2931 quidam,
2945 2881 3010 2917 ac
3057 2865 3392 2937 Trephonii,
3428 2875 3601 2942 atque
3650 2872 3761 2928 hu-

2106 2948 2371 3019 jusmodi
2421 2949 2770 3004 miserorum
2821 2951 3126 3008 hominum
3178 2955 3412 3012 chorus.
3440 2959 3518 3013 Ex
3548 2961 3765 3031 quibus

352 3043 665 3105 Σικελικοῖς
694 3049 987 3117 κρατῆρσιν
1044 3039 1229 3094 ἑαυτὸν
1291 3039 1514 3106 θεώσας,
1574 3038 1646 3098 ὡς
1708 3035 1868 3110 ᾤετο,
1915 3036 1996 3090 καῖ

2121 3036 2236 3102 ille,
2266 3054 2398 3092 cum
2431 3055 2534 3108 per
2573 3038 2768 3094 Sicula
2817 3040 3104 3097 foramina
3135 3045 3522 3118 divinitatem,
3559 3028 3622 3104 ut
3652 3050 3765 3106 sibi

351 3132 427 3196 εἷς
469 3134 568 3201 τὴν
620 3131 896 3207 κρείττονα
949 3128 1104 3199 λῆξιν
1155 3128 1243 3206 ἀφ’
1292 3130 1450 3200 ἡμῶν
1501 3130 1614 3201 (37)
1664 3127 2001 3200 ἀναπέμψας,

347 3227 428 3294 τῷ
461 3219 710 3299 φιλτάτῳ
760 3216 1013 3290 σανδάλῳ
1068 3217 1413 3289 κατεμηνύθη
1474 3218 1619 3292 παρὰ
1667 3221 1764 3270 τοῦ
1834 3215 2004 3291 πυρὸς

348 3310 692 3386 ἐκορασθέντι
728 3328 740 3340 ·
793 3305 883 3362 καί
928 3306 990 3361 οὐ
1043 3307 1160 3369 Θεὸς
1211 3304 1429 3382 ἐδείχθη
1487 3310 1597 3380 (38)
1651 3306 1766 3377 μετ’
1797 3303 2005 3378 ἅνθρω-

349 3421 450 3455 πον
483 3401 617 3474 (39),
668 3395 794 3454 ἀλλ’
843 3399 1126 3473 ἄνθρωπος
1180 3393 1483 3466 κενόδοξος,
1529 3395 1616 3449 καὶ
1670 3391 2006 3470 ἀφιλόσοῖιος

359 3488 492 3563 μετὰ
528 3485 776 3559 θάνατον,
825 3486 915 3540 καὶ
965 3483 1090 3539 οὐδὲ
1136 3484 1202 3538 τὰ
1237 3485 1392 3538 κοινὰ
1421 3483 1637 3544 συνετός
1660 3503 1672 3515 ·
1708 3483 1758 3536 οἳ
1791 3479 1848 3536 δὲ
1881 3480 2008 3536 ἀδύ-

351 3601 468 3640 τοις
499 3579 637 3632 τισὶν
696 3576 917 3636 ἑαυτοὺς
975 3575 1332 3649 ὲγκρύψαντες
1385 3574 1486 3627 ὑπὸ
1527 3581 1627 3642 τῆς
1657 3572 1823 3640 αὐτῆς
1853 3571 2012 3626 νόσου

354 3667 445 3723 καὶ
506 3663 791 3742 φιλαυτίας
853 3665 987 3734 (40),
1039 3662 1131 3716 εἶτ’
1181 3660 1542 3736 ἐκεγχθὲντες,
1591 3661 1651 3714 οὐ
1687 3658 1900 3731 μᾶλλον
1957 3659 2016 3714 ἐκ

358 3763 458 3825 τῆς
487 3755 700 3821 κλοπῆς
729 3751 1061 3824 ἐτιμήθησαν
1156 3748 1214 3802 ἐκ
1239 3753 1336 3802 τοῦ
1393 3749 1467 3820 μὴ
1523 3746 1702 3802 λαθεῖν
1763 3743 2018 3824 καθυϐρί-

364 3856 583 3916 σθησαν.

434 4115 517 4170 Ξ’.
549 4113 890 4186 Χριστιανοῖς
953 4107 1010 4164 δὲ
1065 4107 1218 4178 ἣδιον
1270 4112 1380 4184 (41)
1441 4105 1572 4180 ὑπὲρ
1633 4100 1904 4168 εὐσεϐείας
1957 4107 2020 4160 τὸ

365 4205 619 4278 πάσχειν,
651 4200 747 4256 κᾶν
796 4200 996 4262 πάντας
1043 4199 1397 4270 λανθάνωσιν,
1449 4197 1482 4265 ἢ
1535 4194 1728 4258 ἄλλοις
1769 4196 1832 4251 τὸ
1864 4193 2021 4250 εὐδο-

363 4294 468 4365 ξεῖν
504 4291 636 4366 μετὰ
663 4296 763 4360 τῆς
793 4285 1033 4351 ἀσεϐείας
1059 4310 1070 4321 ·
1097 4294 1194 4344 τοῦ
1229 4288 1323 4362 μὲν
1365 4287 1468 4362 γὰρ
1519 4286 1847 4362 ἀνθρώποις,
1899 4285 2021 4362 ἀρέ-

2114 3125 2388 3197 Opinione
2414 3127 2689 3198 tingebat,
2715 3137 3129 3198 comparasset,
3155 3148 3336 3204 seque
3365 3136 3436 3190 ad
3465 3137 3765 3195 meliorem

2115 3217 2312 3272 sedem
2344 3217 2792 3285 transmisisset,
2825 3218 3172 3275 charissimo
3204 3223 3397 3280 calceo
3437 3224 3592 3298 ignis
3623 3234 3770 3284 testu

2116 3307 2320 3376 ejecto,
2355 3307 2617 3376 proditus
2670 3311 2758 3363 est
2789 3324 2802 3364 :
2837 3312 3011 3380 atque
3052 3309 3133 3365 ita
3163 3329 3275 3367 non
3309 3315 3452 3369 deus
3502 3319 3635 3388 post
3663 3317 3769 3374 ho-

2120 3393 2338 3449 minem
2371 3399 2642 3450 ostensus
2695 3401 2803 3464 est,
2839 3413 3040 3452 verum
3098 3399 3270 3456 homo
3323 3403 3514 3460 inanis
3571 3405 3769 3478 glorias

2123 3483 2426 3539 studiosus
2459 3482 2962 3556 philosophiaeque
2992 3493 3123 3558 post
3169 3496 3415 3546 mortem
3447 3510 3674 3564 expers,
3709 3514 3775 3552 ac

2124 3587 2196 3625 ne
2217 3573 2516 3627 communi
2536 3573 2771 3643 quidem
2797 3590 2974 3629 sensu
2997 3578 3294 3646 praditus.
3316 3579 3382 3634 Hi
3407 3587 3774 3650 autem,cum

2125 3660 2328 3714 eodem
2362 3662 2565 3715 morbo
2596 3661 2911 3732 gloriaeque
2940 3680 3137 3719 amore
3158 3667 3367 3732 affecti,
3395 3669 3453 3723 in
3486 3673 3780 3741 penitissi-

2128 3764 2256 3802 mos
2289 3749 2574 3816 quosdam
2606 3753 2774 3803 terrae
2806 3767 3070 3805 recessus
3102 3771 3229 3808 sese
3261 3757 3645 3829 abdidissent,
3679 3763 3778 3817 de-

2128 3835 2419 3906 prehensa
2450 3840 2650 3906 postea
2701 3837 2921 3908 fraude,
2957 3857 3071 3894 non
3120 3841 3251 3912 plus
3301 3844 3539 3904 honoris
3570 3864 3639 3905 ex
3671 3851 3781 3906 hu-

2123 3924 2387 3995 jusmodi
2422 3925 2636 3980 furtivo
2667 3941 2899 3982 secessu
2945 3930 3138 4000 adepti
3186 3939 3343 4003 sunt,
3370 3951 3548 4006 quam
3582 3945 3784 3996 contu-

2131 4011 2314 4069 meliis
2344 4014 2416 4069 ob
2449 4020 2807 4086 compertam
2842 4015 3127 4074 fraudem.

2205 4103 2318 4158 LX.
2349 4105 2420 4158 At
2451 4103 2797 4159 Christianis
2829 4106 3156 4174 jucundius
3187 4116 3278 4166 est
3325 4113 3557 4184 pietatis
3607 4133 3786 4174 causa

2133 4193 2275 4284 pati,
2308 4192 2539 4284 etiamsi
2573 4210 2744 4248 nemo
2794 4193 2850 4248 id
2901 4196 3225 4255 resciturus
3273 4202 3369 4272 sit,
3403 4221 3581 4274 quam
3631 4206 3783 4276 aliis,

2134 4283 2269 4337 cum
2301 4283 2600 4354 impietate
2629 4283 2852 4352 florere,
2885 4290 3062 4358 atque
3093 4287 3152 4342 in
3184 4287 3370 4361 gloria
3398 4295 3638 4351 versari.
3677 4296 3787 4352 Ho-

365 4403 506 4438 σκειν
546 4380 752 4457 βραχὺς
783 4382 918 4452 ἡμῖν
957 4380 984 4433 ὅ
1017 4379 1182 4454 λόγος
1211 4398 1222 4409 ’
1255 4385 1355 4447 τῆς
1388 4373 1446 4430 δὲ
1483 4375 1630 4450 παρὰ
1682 4379 1815 4430 Θεοῦ
1853 4381 1988 4447 τιμῆ

2136 4372 2395 4427 minibus
2422 4372 2637 4444 quippe
2660 4373 2874 4444 pluere,
2896 4391 3104 4446 parum
3130 4378 3448 4436 admodum
3472 4401 3785 4441 curamus:

363 4474 399 4542 ἡ
430 4477 574 4526 πᾶσκ
613 4467 826 4546 ἔφεσις·
888 4467 1098 4540 μᾶλλον
1148 4466 1206 4522 δὲ
1254 4466 1341 4521 καὶ
1395 4465 1527 4540 ὑπὲρ
1577 4463 1776 4534 ταύτην
1829 4463 2020 4537 (42),’ὁ

366 4582 430 4636 γε
461 4558 684 4627 ἀληθῶς
734 4555 1026 4632 φιλόσοφοι
1074 4556 1164 4609 καὶ
1209 4553 1475 4629 φιλόθεοι,
1525 4555 1625 4622 τήν
1666 4553 1803 4627 πρὸς
1830 4553 1892 4608 τὸ
1923 4573 2020 4608 κα-

467 4774 556 4845 30)
589 4767 838 4846 Εὕρισκε.
865 4769 1079 4846 Plures
1103 4768 1267 4824 codd.
1302 4764 1549 4836 ηὕρισκε.

446 4775 556 4916 (30)
589 4775 838 4846 Εὕρισκε.
871 4775 1074 4825 Plures
1103 4787 1113 4822 ι

470 4847 558 4915 31)
586 4839 656 4896 Τό
689 4843 1113 4916 Ριςεηὺῐῐιητῷ.

471 4861 558 4915 .51)
597 4861 656 4896 I'o
690 4861 768 4899 tte
817 4887 828 4900 .
863 4861 985 4902 om,
1013 4861 1113 4911 τῳ.

471 4919 562 4983 32)
593 4861 956 4990 Περιϐςῗλλοι..
985 4914 1162 4990 Rggg.
1196 4911 1295 4990 bm
1327 4916 1383 4967 et
1410 4911 1452 4978 l,
1485 4901 1796 4983 περιϐάλοι.

472 4990 561 5060 33)
593 4983 710 5060 Ἂν.
749 4993 914 5043 Deest
944 4987 1004 5060 in
1024 4983 1174 5060 Reg.
1206 4983 1328 5060 lim.

449 5051 558 5132 (34)
591 5059 688 5113 Καὶ
725 5060 797 5132 μή
829 5057 997 5132 τιμὴν
1021 5051 1188 5129 ἔχεῦθ.
1213 5055 1470 5110 Combef.
1496 5053 1579 5132 sic
1602 5051 1789 5106 reddit
1816 5069 1828 5106 :
1851 5074 1876 5132 ει
1903 5067 2028 5132 nec,

373 5124 552 5189 velut'
577 5133 678 5203 qui
725 5124 830 5204 pro
861 5124 1089 5185 Christo
1137 5132 1491 5199 pateremur,
1526 5126 1806 5180 honorem
1855 5124 2029 5180 habe-

379 5221 602 5262 remus.
626 5227 649 5256 ι

445 5277 561 5348 (35)
591 5270 954 5342 Παιζὲτωσαν.
1011 5270 1141 5327 Bill.
1180 5291 1208 5320 ‹‹
1256 5271 1418 5324 velut
1473 5267 1653 5322 animi
1713 5283 1890 5322 causa
1949 5267 2031 5322 fa-

378 5347 559 5402 ciunt.
588 5369 615 5395 ››

449 5420 564 5489 (36)
593 5409 1009 5489 Ἐμπεδοκλεῖεῖ,
1038 5418 1161 5489 εις.Δ
1182 5409 1559 5489 Empedocles
1609 5409 1804 5489 inanis
1833 5407 2031 5489 goria;

379 5481 600 5554 studio,
626 5481 690 5543 ut
722 5487 831 5543 sibi
875 5485 1199 5541 divinitatis
1247 5481 1601 5555 opinionem,
1633 5481 1798 5555 quasi
1831 5481 1890 5535 in
1921 5498 2033 5536 eaa-

378 5564 505 5616 lum
565 5553 802 5631 raptus,
844 5557 1161 5631 colligeret,
1193 5553 1628 5631 ‘inlardentem
1687 5553 1915 5608 tEtnam
1973 5569 2036 5608 se

385 5625 743 5708 praecipitem
776 5629 953 5685 dedit.
988 5628 1082 5684 Sic
1113 5626 1272 5684 enim
1303 5626 1500 5681 Horat.
1532 5625 1659 5680 Arte
1686 5633 1829 5697 poet.
1857 5642 1876 5681 .-

947 5777 1090 5831 Deus
1119 5769 1450 5828 immortalis
1478 5766 1682 5826 haberi

2135 4463 2191 4516 id
2224 4479 2409 4516 unum
2442 4469 2796 4532 expetentes,
2831 4468 2896 4518 ut
2934 4465 3214 4522 honorem
3248 4487 3280 4524 a
3311 4471 3425 4526 Deo
3458 4490 3793 4546 consequa-

2134 4569 2324 4607 mur:
2375 4553 2492 4606 imo
2549 4552 2866 4607 sublimius
2925 4556 3102 4610 etiam
3165 4561 3657 4635 assurgimus(de
3715 4565 3788 4620 iis

2209 4769 2531 4892 funzvcupit
2571 4766 2931 4837 Empedocles,
2966 4770 3256 4827 (ualentem
3299 4775 3542 4844 frigidus
3571 4778 3792 4835 {Etnam

2235 4855 2320 4891 im
2357 4855 2372 4891 ι
2405 4881 2419 4892 .
2453 4859 2482 4891 e
2517 4854 2563 4891 c.

2235 4854 2419 4907 imm,
2453 4854 2563 4891 etc.

2139 4977 2535 5058 Trophonius.
2563 4979 3087 5058 Empedotimusret
3117 4983 3394 5039 Aristmus
3419 4987 3679 5044 Thebani
3704 5008 3797 5047 va-

2141 5055 2338 5129 tes,_in
2376 5055 2805 5129 subterraneos
2847 5057 3131 5129 quosdam
3184 5073 3392 5126 specus
3444 5076 3506 5114 se
3557 5061 3797 5119 abdide-

2143 5126 2296 5181 runt,
2331 5126 2393 5174 ut
2427 5123 2482 5174 in
2515 5123 2723 5176 coelum
2776 5126 2920 5193 rapti
2955 5123 3449 5192 existimarentur,
3483 5149 3547 5186 ac
3580 5134 3658 5188 dii
3692 5133 3798 5190 ha-

2144 5194 2453 5258 berentur;
2489 5210 2686 5247 verum
2724 5194 2839 5247 illic
2872 5198 3020 5249 fame
3052 5201 3318 5253 exstincti
3352 5209 3508 5256 sunt.

2145 5263 2480 5390 1)u(37)’A<,a’
2531 5265 2713 5335 ἡμῶν.
2747 5287 2772 5317 ‹‹
2802 5269 2848 5320 Α
2898 5269 3086 5338 uehis,
3127 5293 3154 5318 ‹‹
3207 5271 3345 5338 sive,
3376 5297 3402 5322 u
3449 5292 3480 5328 υ.
3532 5275 3795 5330 mortali-

2230 5354 2275 5387 Β.
2308 5358 2332 5382 ›)

2189 5353 2275 5389 118.
2308 5358 2332 5382 ››

2216 5408 2330 5476 (38)
2359 5401 2634 5495 Ἐδείχθη.
2668 5411 2804 5479 Reg.
2849 5408 2888 5477 l,
2921 5415 2976 5464 et
3026 5410 3202 5467 Mont.
3240 5413 3297 5468 in
3328 5431 3430 5470 ora
3476 5435 3564 5490 γρ.
3618 5415 3799 5495 ὤφθη,

2147 5502 2174 5530 ‹‹
2209 5485 2500 5556 apparuit:
2526 5501 2558 5556 :2

2218 5547 2332 5622 (39)
2363 5549 2486 5622 Μετ’
2521 5547 2826 5622 ἄνθρωπον.
2859 5571 2880 5598 σ
2916 5552 3058 5608 Cum
3103 5553 3402 5614 hominem
3433 5563 3709 5617 exuisset.
3737 5582 3767 5612 »

2219 5618 2327 5693 (40)
2363 5618 2678 5693 Φιλαυτίας.
2714 5643 2734 5668 ιι
2770 5624 2928 5677 Caeco
2961 5625 3050 5678 sui
3087 5643 3305 5682 amore.
3330 5651 3358 5680 »

2363 5688 2582 5773 Ἥδιον.
2636 5693 2916 5773 ‘Nonnulli
2967 5699 3133 5773 codd.
3170 5694 3330 5773 ἴδιον,
3368 5723 3394 5750 ‹‹
3430 5703 3746 5773 proprium.
3776 5723 3804 5754 »

2221 5765 2334 5840 (42)
2365 5762 2521 5840 Ὑπὲρ
2552 5762 2771 5836 ταύτην.
2807 5765 2936 5822 Ald.
2971 5774 3028 5824 et
3058 5769 3253 5840 Herv.,
3287 5762 3670 5850 ὑπερπαιίτης.
