4028 6476
275 410 388 474 585
1307 393 1598 457 ORATIO
1642 395 1742 454 ιν.
1781 426 1857 434 -
1886 391 1975 451 CG

2099 389 2198 448 BA
2248 389 2647 452 JULIANUM
2694 390 2742 450 Ι.
3576 388 3699 450 586

281 535 684 615 μισανθρωπίαν
759 532 1018 608 ἀπαρχῆς
1071 526 1518 603 ἀνθρωποκτόνον
1573 521 1975 615 τυγχάνονταμ

2097 525 2240 589 otas,
2272 520 2359 576 vel
2390 519 2653 592 {Ethiops
2685 524 2878 577 atrum
2911 521 3162 578 colorem
3193 521 3261 590 ³³,
3306 521 3395 579 vel
3428 521 3582 594 ignis
3605 538 3699 577 ar-

277 631 308 699 ἦ
339 629 539 684 ἐκεῖνον
593 626 692 693 τὴν
741 621 1032 696 πονηρίαν,
1088 619 1175 695 ἀφ’
1204 619 1270 686 ἧς
1300 617 1417 679 καθ’
1448 617 1481 684 ἠ
1495 619 1607 687 μῶν
1660 609 1936 686 ὥρμησεν·

2097 627 2274 677 orem,
2306 610 2394 666 vel
2425 609 2696 665 diabolus
2727 610 2825 682 qui
2855 610 3146 666 homicida
3178 615 3268 667 est
3297 612 3367 667 ab
3421 611 3586 668 initio
3628 612 3698 680 3‘,

281 697 406 774 ἀλλ’
439 712 621 790 ὥσπερ
652 713 743 768 τὸν
775 710 1153 787 χαμαιλέοντα
1201 704 1367 781 λόγος
1399 701 1653 759 παντοῖὀν
1703 702 1939 778 γίνεσθαι

2097 698 2309 754 ominis
2340 697 2563 764 odium,
2595 699 2682 755 vel
2714 699 2826 755 iste
2867 699 3320 772 improbitatem,
3355 716 3471 771 qua
3502 701 3705 757 adver-

288 804 525 884 ῥᾳδίως,
585 789 675 857 καὶ
735 802 908 861 πάσας
965 799 1058 871 μὶν
1120 789 1517 868 ἀναλαμϐάνειν
1578 795 1691 866 (59)
1745 790 1939 864 χρόας,

287 879 432 964 πλὴν
472 899 595 968 μιᾶς
627 899 726 960 τῆς
777 887 1129 958 λευκότητος,
1160 887 1250 940 τὸν
1297 885 1397 960 γὰρ
1431 880 1659 957 Ιῐρωτὲα
1703 879 1941 955 παρίημι

287 984 379 1040 τὸν
417 988 513 1038 τοῦ
566 980 737 1054 μύθου
786 978 878 1033 τὸν
923 976 1216 1052 Αίγύπτιον
1271 973 1554 1050 σοφιστὴν,
1588 969 1732 1025 οὕτω
1763 968 1944 1023 κάκεῖ-

290 1094 380 1135 νος
410 1073 580 1127 πάντα
609 1072 674 1140 ἦν
726 1069 816 1123 καὶ
866 1065 1077 1142 ἐγίνετο
1132 1066 1506 1139 Χριστιανοῖς,
1557 1057 1702 1129 πλὴν
1732 1056 1946 1133 ἡμερό-

290 1183 475 1232 τητος,
527 1159 617 1215 καὶ
667 1161 730 1228 ἦν
781 1155 905 1211 λίαν
958 1153 1320 1230 ἀπάνθρωπον
1357 1151 1502 1222 αὐτῷ
1541 1151 1602 1204 τὸ
1634 1146 1945 1227 φιλάνθρω-

292 1272 415 1323 πον,
446 1250 537 1305 καὶ
567 1250 628 1304 τὸ
658 1246 882 1311 πιθανὸν
922 1244 1121 1320 βίαιον,
1155 1243 1242 1297 καὶ
1265 1239 1542 1316 ἀπολογία
1561 1246 1662 1308 τῆς
1685 1235 1946 1313 ἀγριότη-

291 1361 382 1402 τος
431 1342 466 1409 ἡ
521 1336 858 1414 χρηστότης’
902 1331 976 1387 ’ίν’
1025 1332 1246 1394 εἷκότως
1306 1328 1442 1404 δοκῇ
1507 1328 1801 1404 βιάζεσθαι,
1851 1330 1948 1380 τοῦ

294 1430 496 1486 πείθειν
532 1424 945 1501 ἀποτυγχάνων.

2055 804 2186 843 sum
2223 805 2329 844 nos
2357 787 2787 860 impellebatur,
2830 789 3126 860 abjiceret.
3179 789 3390 845 Verum
3417 790 3706 861 quemad-

2056 879 2300 932 modum
2334 876 2787 934 cbamzeleonem
2819 879 2984 935 aiunt
3013 879 3071 934 in
3113 878 3346 952 quidvis
3377 878 3546 936 facile
3577 895 3706 935 mu-

2055 966 2372 1038 tari,atque
2391 983 2594 1023 omnes
2611 968 2862 1025 subinde
2892 968 3397 1038 colores,candore
3419 984 3536 1025 uno
3552 983 3710 1024 exce-

2057 1060 2178 1129 pto,
2236 1056 2555 1128 suscipere,
2618 1058 2884 1114 fabulum
2959 1059 3116 1114 enim
3194 1057 3362 1114 illum
3434 1062 3710 1115 Proteum

2058 1146 2392 1219 .Egyptium
2424 1147 2748 1219 sophistam
2782 1154 3077 1221 praetereo,
3109 1148 3193 1205 sic
3223 1148 3399 1204 etiam
3430 1148 3528 1205 ille
3547 1149 3712 1205 Chri-

2058 1235 2259 1302 tianis,
2294 1240 2502 1307 praeter
2547 1237 2917 1294 clementiam
2967 1239 3026 1294 in
3060 1238 3293 1311 quidvis
3340 1254 3402 1295 se
3453 1238 3716 1295 vertebat

2061 1343 2127 1382 ac
2158 1342 2443 1397 perquam
2475 1326 2731 1383 crudelis
2762 1331 2887 1383 erat
2919 1328 3105 1400 ipsius
3137 1327 3433 1395 lenitas,et
3462 1326 3717 1384 violenta

2063 1415 2392 1488 persuasio,
2425 1419 2601 1488 atque
2652 1433 2754 1487 per
2803 1417 3143 1487 hujusmodi
3190 1418 3344 1473 106
3395 1416 3720 1490 benignita-

303 1527 422 1577 tem
454 1517 738 1574 arcerbati
769 1513 1215 1584 crudelitatique
1248 1528 1364 1567 suae
1396 1508 1832 1566 excusationem
1865 1505 2164 1580 quaerebat
2197 1523 2208 1560 :
2247 1514 2307 1560 ut
2339 1522 2455 1561 non
2488 1506 2614 1562 sine
2644 1523 2824 1563 causa
2852 1507 2969 1563 vim
2999 1508 3204 1563 afferre
3231 1507 3547 1580 videretur,
3581 1523 3718 1564 cum

301 1609 654 1666 blandiendo
685 1611 740 1662 et
769 1604 1080 1661 alliciendo
1115 1601 1259 1657 nihil
1292 1601 1651 1673 profecisset.

372 1697 493 1753 ΞΓ.
529 1694 629 1752 Καὶ
661 1698 822 1748 τοῦτο
876 1691 1045 1761 δῆλον
1098 1689 1149 1760 ἐξ
1195 1691 1267 1744 ὧν
1302 1688 1479 1764 βραχὺ
1536 1689 1628 1760 μὲν
1662 1686 1788 1760 παρ’
1814 1684 1960 1756 αὐτῷ

2145 1685 2333 1751 LXIII,
2377 1685 2558 1758 idque
2604 1702 2673 1742 ex
2721 1701 2787 1742 eo
2829 1687 3206 1759 perspicuum
3255 1691 3363 1759 est,
3417 1689 3571 1760 quod
3603 1703 3720 1744 non

302 1788 364 1842 τὸ
419 1791 520 1854 τῆς
576 1785 818 1848 πειθοῦς,
878 1780 1069 1836 πλεῖον
1123 1782 1235 1853 (60)
1287 1776 1344 1832 δὲ
1389 1779 1452 1832 τὸ
1501 1783 1600 1846 τῆς
1652 1775 1770 1850 βίας
1804 1771 1959 1835 εὐθὺς

2097 1773 2330 1830 nultum
2364 1775 2638 1830 suasione
2670 1775 3075 1843 utebatur,sed
3107 1775 3240 1849 plus
3271 1775 3558 1833 violentiae
3579 1793 3723 1833 oon-

304 1875 567 1948 ἑπόμενον
622 1876 709 1942 ἦν·
761 1869 872 1938 'iv‘,
935 1869 1114 1945 ὥσπερ
1165 1869 1215 1922 ἐν
1279 1871 1398 1929 ταῖς
1457 1868 1693 1942 θήραις,
1751 1864 1786 1934 ἢ
1841 1867 1959 1925 ταῖς

305 1964 504 2038 πάγαις
538 1961 780 2034 ἁλῶμεν,
811 1961 846 2028 ἢ
877 1965 994 2022 τοῖς
1047 1956 1340 2032 διώγμασι,
1389 1953 1478 2010 καὶ
1531 1955 1606 2016 εἴς
1655 1975 1716 2030 γε
1755 1952 1962 2027 τρόπος

309 2053 524 2114 πάντως
559 2053 708 2124 ἡμᾶς
758 2049 1117 2124 χειρώσηται.
1151 2046 1304 2100 Οὕτω
1356 2042 1414 2099 δὲ
1445 2041 1752 2114 διανοηθείς
1785 2063 1844 2096 τε
1872 2039 1962 2096 καὶ

312 2140 649 2214 διελόμενος,
712 2138 957 2211 δεύτερον
1017 2135 1189 2191 ἐκεῖνο
1252 2138 1588 2210 στρατηγεῖ,
1647 2131 1736 2186 καὶ
1800 2132 1962 2204 μόνον

311 2229 591 2310 ἀσφαλῶς,
623 2229 665 2283 εἶ
698 2228 787 2283 καὶ
841 2222 1047 2288 ἀσεϐῶς
1099 2224 1244 2295 λίαν,
1278 2223 1338 2279 ἐκ
1384 2227 1490 2278 τῶν
1545 2223 1821 2298 ἐγγυτάτω
1853 2222 1966 2293 (61)

309 2321 527 2388 καὶτῆς
557 2317 679 2391 περὶ
712 2317 870 2370 αὐτὸν
922 2315 1131 2389 χειρὸς,
1186 2314 1214 2368 ’ὁ
1254 2318 1384 2367 πᾶσι
1430 2309 1686 2373 διώκταις
1720 2311 1964 2382 σύνηθες,

311 2416 412 2478 τῆς
438 2407 626 2467 κακίας
661 2407 906 2480 ἄρχεται·
961 2404 1049 2457 καὶ
1099 2403 1202 2477 γὰρ
1249 2400 1374 2456 οὐδὲ
1427 2402 1538 2455 οἷόν
1582 2422 1640 2456 τε
1688 2403 1802 2473 (62)
1848 2405 1966 2462 τοῖς

318 2497 468 2557 ἐκτὸς
524 2495 840 2568 ἐγχειρῆσαι
902 2494 1060 2564 (63),
1127 2492 1202 2563 μὴ
1255 2490 1463 2546 τούτων
1525 2489 1914 2544 οἷκειωθέντων
1950 2533 1963 2558 ,

319 2585 499 2660 ὥσπερ
533 2581 655 2637 οὐδὲ
700 2582 923 2656 στρατὸν
979 2579 1194 2654 ἐπάγειν
1240 2582 1352 2654 (64)
1397 2579 1642 2655 ἐχθροῖς,
1694 2579 1828 2652 πρὸς
1872 2576 1964 2634 τὸν

319 2673 616 2748 στρατηγὸν
652 2669 1021 2738 στασιάζοντα.

2073 1863 2266 1919 festim
2291 1865 2646 1937 sequebatur
2677 1882 2689 1920 :
2722 1866 3318 1938 ut,quemadmodum
3339 1866 3398 1921 in
3419 1867 3728 1922 venatione

2073 1956 2177 2008 aut
2208 1952 2433 2026 laqueis
2472 1957 2573 2009 aut
2601 1954 3108 2026 persecutionibus
3156 1970 3517 2027 caperemur,
3551 1949 3728 2026 atque

2080 2042 2364 2099 alterutro
2395 2043 2638 2100 omnino
2671 2045 2844 2101 modo
2877 2045 2937 2100 in
2970 2045 3159 2117 ipsius
3189 2049 3535 2117 potestatem
3566 2045 3727 2100 veni-

2077 2133 2463 2197 remus.Quod
2497 2149 2630 2188 cum
2663 2133 2722 2188 in
2748 2134 3014 2190 animum
3040 2132 3727 2206 induxisset,negotium-

2077 2238 2192 2293 que
2223 2221 2305 2277 ita
2335 2222 2586 2293 partitus
2627 2227 2782 2279 esset
2830 2223 3078 2278 alterum
3129 2223 3319 2296 ipsius
3368 2226 3728 2296 strategema

2079 2311 2188 2366 hoc
2221 2311 2350 2377 fuit,
2380 2311 2690 2383 solumque
2719 2329 2786 2368 ex
2819 2312 3095 2370 omnibus
3121 2317 3359 2369 cautum
3391 2317 3448 2369 et
3474 2312 3725 2368 circum-

2080 2407 2366 2471 spectum,
2403 2403 2636 2456 tametsi
2687 2400 2906 2473 alioqui
2937 2402 3104 2458 valde
3149 2402 3418 2474 impium,
3449 2405 3513 2457 ut
3560 2418 3594 2458 a
3623 2402 3726 2458 do-

2079 2489 2338 2545 mesticis
2368 2495 2425 2545 et
2457 2490 2777 2547 satellitum
2810 2508 3012 2560 manu,
3046 2493 3202 2563 quod
3235 2492 3511 2548 omnibus
3543 2508 3736 2564 perse-

2079 2579 2380 2635 cutoribus
2418 2579 2704 2636 familiare
2734 2585 2842 2647 est,
2877 2581 3113 2638 sceleris
3135 2581 3438 2637 exordium
3472 2583 3734 2638 duceret.

2079 2669 2278 2740 Neque
2311 2669 2467 2724 enim
2504 2670 2626 2725 ﬁeri
2658 2687 2851 2741 posse,
2885 2675 2950 2725 ut
2980 2675 3248 2727 externos
3297 2671 3736 2743 aggrederetur,

318 2765 431 2821 nisi
466 2763 556 2819 bis
587 2762 696 2817 sibi
730 2760 1055 2816 conciliatis
1084 2764 1259 2832 atque
1288 2759 1618 2830 adjunctis;
1653 2758 2152 2830 quemadmodum
2185 2776 2290 2815 nec
2321 2759 2638 2815 exercitum
2663 2761 2944 2816 adversus
2979 2760 3172 2817 hostes
3203 2761 3433 2828 ducere,
3468 2777 3601 2816 cum
3634 2761 3742 2818 im-

320 2858 582 2926 peratore
615 2851 1064 2906 contendentem
1095 2854 1152 2904 et
1182 2848 1589 2904 dissidentem.

401 2943 524 2996 ΞΔ’.
561 2939 662 2995 Καὶ
695 2936 784 2991 διὰ
811 2941 972 2992 τοῦτο
1011 2942 1292 3010 μεταποιεῖ
1325 2937 1418 3009 μὲν
1451 2937 1519 2991 τὰ
1552 2935 1818 3013 βασίλεια,
1851 2935 1980 3000 τοὺς

324 3031 420 3102 μὶν
468 3028 678 3099 θανάτῳ
723 3026 1182 3102 προϋπεξαγαγὼν
1231 3025 1516 3103 πρότερον,
1574 3025 1699 3089 τοὺς
1751 3024 1808 3081 δὲ
1840 3048 1976 3102 παρ-

321 3116 627 3190 ωσάμενος·
681 3116 788 3191 οὐχ
837 3116 910 3176 ὡς
962 3111 1146 3177 εὔνους
1192 3119 1270 3187 τῷ
1326 3114 1553 3189 μεγάλῳ
1604 3114 1818 3189 βασιλεῖ
1865 3119 1977 3188 (65)

326 3206 513 3280 μόνον,
548 3203 692 3260 ἀλλὰ
720 3205 809 3259 καὶ
843 3204 916 3265 ὡς
949 3203 1329 3279 εὐνουστέρους
1363 3206 1476 3279 (66)
1506 3204 1586 3277 τῷ
1623 3205 1850 3278 μείζονι,
1887 3205 1976 3260 καὶ

325 3295 662 3356 ἀλυσιτελεῖς
714 3295 860 3366 αὐτῷ
906 3295 1020 3348 κατ’
1055 3294 1352 3372 ἀμφότερα·
1391 3295 1734 3349 ὑποποιεῖται
1781 3296 1892 3366 (67)
1926 3291 1983 3348 δὲ

327 3386 390 3441 τὸ
419 3384 828 3460 στρατιωτικὸν,
859 3383 922 3438 τὸ
977 3383 1068 3456 μὲν
1124 3382 1192 3438 δι’
1228 3384 1442 3454 ἑαυτοῦ,
1473 3385 1534 3439 τὸ
1567 3381 1623 3438 δὲ
1673 3382 1761 3437 διὰ
1788 3388 1896 3437 τῶν
1930 3383 1982 3437 ἐν

321 3459 491 3530 τὲλειί
520 3477 657 3548 (68),
704 3474 732 3528 ὃ
776 3459 1140 3544 καῖ’μᾶλλον
1188 3469 1436 3528 εὕπιστον
1491 3467 1872 3544 ὑπελάμϐανε,
1923 3473 1986 3526 τὸ

331 3563 424 3637 μὶν
456 3567 564 3617 τῶν
590 3566 768 3634 τιμῶν
820 3562 1160 3632 ἡττώμενον,
1199 3562 1260 3614 τὸ
1313 3559 1370 3614 δὲ
1421 3560 1691 3630 ἁπλότητι
1745 3582 1986 3636 παρασυ-

329 3651 578 3728 ρόμενον,
611 3650 700 3704 καὶ
729 3649 895 3721 νόμον
929 3645 1025 3701 ἕνα
1067 3652 1334 3721 γινῶσκον
1389 3647 1576 3720 μόνον,
1609 3647 1707 3714 τὴν
1759 3653 1857 3703 τοῦ
1893 3650 1987 3723 βα-

333 3739 532 3800 σιλέως
571 3735 859 3814 βούλησιν.

2166 2938 2550 3012 LXIV.Atque
2581 2940 2652 2996 ob
2683 2940 2834 2997 hanc
2865 2957 3104 2996 causam
3137 2940 3331 2996 aulam
3363 2944 3548 2997 totam
3582 2957 3741 2998 com-

2095 3029 2444 3100 mutat,aliis
2474 3034 2658 3086 morte
2689 3031 2850 3102 prius
2872 3031 3182 3086 subductis
3205 3047 3270 3086 ao
3303 3032 3372 3086 de
3397 3030 3587 3087 medio
3611 3031 3748 3087 sub-

2094 3118 2250 3190 latis,
2303 3118 2435 3174 aliis
2487 3119 2776 3176 submotis
2825 3124 2883 3175 et
2925 3119 3224 3192 expulsis;
3268 3137 3384 3176 non
3435 3125 3557 3176 tam
3609 3121 3750 3192 quia

2091 3209 2370 3265 benevolo
2389 3226 2526 3281 erga
2548 3225 2830 3282 magnum
2855 3209 3265 3281 imperatorem
3283 3210 3479 3266 animo
3498 3211 3747 3280 fuerant,

2095 3315 2274 3369 quam
2331 3299 2486 3370 quod
2536 3299 2744 3369 majori
2805 3315 2942 3371 erga
2989 3299 3272 3370 majorem
3335 3299 3748 3372 imperatorem

2096 3387 2502 3444 benevolentia
2533 3389 2924 3454 afﬁcerentur,
2972 3406 3036 3444 ac
3087 3389 3329 3460 proinde
3370 3394 3616 3461 utroque
3647 3405 3750 3444 no-

2099 3475 2256 3530 mine
2286 3475 2396 3546 ipsi
2429 3476 2786 3532 incommodi
2821 3481 3040 3532 essent.
3078 3477 3288 3533 Milites
3329 3478 3530 3546 etiam,
3562 3482 3619 3532 et
3652 3493 3754 3549 per

2099 3580 2162 3618 se
2194 3565 2406 3635 ipse,et
2438 3582 2540 3635 per
2560 3582 2657 3620 eos
2691 3565 2792 3636 qui
2825 3566 3207 3637 mogistratus
3237 3565 3750 3638 gerebant,allicit,

2102 3669 2248 3722 quos
2281 3653 2455 3708 etiam
2490 3655 2559 3708 ad
2594 3655 3067 3724 persuadendum
3093 3655 3386 3711 faciliores
3417 3671 3576 3712 essse
3606 3655 3754 3710 arbi-

2101 3741 2389 3810 trabatur,
2449 3742 2605 3811 quod
2667 3741 2881 3813 partim
2932 3742 3257 3798 honoribus
3300 3743 3482 3799 dediti
3532 3747 3752 3812 essent,

330 3830 544 3905 partim
578 3847 682 3902 per
711 3827 892 3885 animi
926 3825 1368 3897 simplicitatem
1392 3825 1823 3898 abriperentur,
1855 3826 2200 3900 nullamque
2231 3828 2407 3886 aliam
2436 3829 2624 3901 legem
2656 3846 2773 3901 qua
2821 3830 3104 3903 principis
3150 3831 3512 3890 voluntatem
3544 3850 3755 3906 agnos-

329 3925 546 3978 cerent.

400 4009 526 4063 EE'.
562 4003 788 4062 Μᾶλλον
838 4001 896 4059 δὲ
941 4007 1039 4059 τοῦ
1088 4006 1481 4080 στρατιωτικοῦ
1534 4003 1697 4080 μέρος
1733 4006 1842 4077 (69)
1893 4004 1991 4059 οὐκ

333 4096 650 4173 ἐλάχιστον,
702 4095 791 4150 καὶ
841 4095 964 4149 ὅσον
1019 4091 1139 4167 εὗρε
1190 4093 1382 4169 σαθρὸν
1435 4094 1524 4147 καὶ
1573 4091 1841 4162 νοσῶδες,
1893 4098 1990 4149 τοῦ

332 4189 524 4260 καιροῦ
556 4183 750 4240 δοῦλον
783 4184 872 4238 καὶ
902 4183 1024 4238 τότε
1053 4182 1146 4237 καὶ
1177 4182 1440 4258 πρότερον
1476 4182 1537 4237 οὗ
1577 4182 1639 4238 τὸ
1675 4184 1767 4255 μὲν
1803 4181 1990 4237 δεδού-

335 4275 503 4346 λωτο,
532 4275 593 4330 τὸ
626 4272 683 4329 δὲ
727 4271 974 4344 ἤλπιζεν,
1006 4272 1081 4330 Οὐ
1132 4273 1232 4348 γάρ
1263 4269 1327 4340 δὴ
1361 4273 1422 4326 τὸ
1459 4277 1560 4326 πᾶν
1598 4271 1838 4349 ὑφεῖλεν,
1869 4270 1992 4326 οὐδὲ

2174 4007 2331 4063 LXV.
2380 4009 2522 4078 Imo,
2574 4007 2625 4064 si
2667 4007 2882 4064 rectius
2933 4007 3297 4083 loquendum
3344 4016 3452 4080 est,
3501 4011 3758 4068 militum

2103 4102 2329 4168 partem
2363 4114 2478 4153 non
2514 4098 2820 4154 minimam
2854 4100 2925 4154 ad
2959 4116 3020 4156 se
3049 4101 3350 4172 pertraxit,
3385 4106 3443 4158 et
3473 4107 3761 4174 quotquot

2103 4199 2175 4238 ex
2206 4184 2279 4239 iis
2311 4201 2494 4256 aegros
2526 4189 2582 4240 et
2611 4185 2933 4242 imbecilles
2984 4187 3226 4257 invenit,
3252 4190 3668 4263 temporisque,
3704 4195 3762 4248 et

2101 4277 2250 4345 tum,
2275 4278 2331 4329 et
2353 4276 2478 4345 jam
2501 4280 2670 4330 antea
2699 4292 2896 4333 servos
2923 4294 2936 4346 ;
2972 4295 3122 4350 quos
3153 4279 3387 4352 veljam
3416 4281 3473 4336 in
3499 4285 3760 4354 potesta-

333 4386 587 4421 τοσουτον
645 4360 841 4419 ἔδωκεν
924 4362 1071 4434 αὖτῴ
1140 4363 1258 4416 καθ’
1329 4366 1487 4435 ⁵ἧμῶν
1551 4363 1578 4416 ὁ
1640 4360 1708 4416 δι’
1784 4361 1975 4417 ἐκείνοι

2100 4343 2242 4417 ιθιιι-
2275 4343 2597 4435 redegerat,
2628 4365 2715 4420 vel
2769 4343 3143 4423 redacturum
3199 4343 3282 4425 sev
3307 4343 3599 4442 sperabat.
3636 4369 3761 4429 Non

336 4451 571 4525 διώκτης
606 4456 738 4526 (70)”
776 4451 902 4507 ἀλλ’
932 4448 1146 4524 ἔμειναν
1184 4450 1314 4526 ὑπὲρ
1346 4450 1472 4512 τοὺς
1518 4450 1990 4525 ἑπτακισχιλίους,

336 4544 387 4598 o't
424 4545 498 4617 μὴ
553 4541 866 4613 κάμψαντες
898 4540 1028 4613 γόνυ
1059 4543 1126 4611 τῇ
1179 4538 1346 4605 Βαὰλ,
1405 4536 1546 4612 μηδὲ
1590 4543 1658 4612 τῇ
1709 4540 1874 4595 εἰκόνι
1921 4544 1991 4615 τῇ

332 4633 517 4708 χρυσῇ
547 4628 1042 4702 προσκυνήσαντες,
1081 4623 1222 4698 μηδὲ
1273 4627 1375 4681 ὑπὸ
1403 4632 1511 4683 τῶν
1553 4622 1727 4705 ὄφεων
1759 4630 1994 4703 τρωθὲν-

410 4731 456 4766 ³³
484 4729 602 4785 Jer.
631 4742 756 4796 xm,
786 4727 878 4782 23.
904 4726 949 4761 δ⁴
975 4725 1144 4780 Joan.
1179 4742 1300 4791 vm,
1333 4727 1420 4780 44.

415 4827 528 4954 (59)
576 4817 1038 4914 ’,Δναλαμϐάνεικμ
1111 4823 1345 4911 Septem
1400 4827 1574 4906 Regg.
1631 4825 1725 4879 0r.
1791 4825 1812 4880 4
1881 4829 2003 4880 tres

415 4921 422 4952 ι
451 4901 507 4954 b.
542 4916 710 4954 πασας
747 4889 1106 4954 μεταϐάλλειν
1141 4913 1337 4954 γροας.
1370 4896 1479 4950 ΑΙιι
1516 4897 1631 4952 duo
1681 4895 1866 4954 Colb.,
1907 4915 2000 4954 με·

346 4889 519 4957 ϐοἶὺξ
542 4896 710 4956 πάσας
747 4889 1106 4969 μεταϐάλλειν
1141 4889 1337 4970 χρόας.
1370 4889 1631 4952 ΑΙὶἱἭιιο
1681 4895 1866 4964 Colb.,
1907 4915 2000 4967 με·

350 4963 738 5022 ταλαιιϐάνειν.

350 4969 738 5040 ταλαμὸάνειν.

355 5115 394 5130 ἢ
421 5044 534 5114 (60)
561 5039 782 5130 infimi.
817 5040 910 5096 Sic
943 5056 1088 5112 pene
1118 5055 1321 5094 omnes
1357 5040 1606 5096 codices.
1640 5035 2000 5098 Pass.1r)\éov.

354 5111 482 5172 Par.
516 5111 716 5166 πλείω.
955 5111 958 5112 ν

423 5187 535 5258 (61)
570 5181 894 5258 Ἐγγυτάτω.
928 5182 1088 5258 Pass.
1125 5176 1451 5258 ἐγγυτάτιιιν.

387 5251 537 5349 γ(62)
570 5251 693 5348 Οξόν
724 5275 801 5309 τε.
832 5257 1007 5326 ltegg.
1044 5251 1171 5307 bm.
1199 5251 1257 5317 Vl,
1294 5256 1517 5310 addunt
1565 5256 1648 5322 ἦν.
1702 5259 1868 5311 Pass.
1902 5251 2010 5327 οὑχ

356 5348 944 5484 οιῖ63ξῆἒγγειρῆσαι
1001 5395 1139 5463 Reg.
1176 5394 1296 5459 bm,
1333 5391 1658 5469 ἐγχειρίσαι.

429 5473 546 5525 (64)
573 5471 844 5525 Ἐπαγειν.
878 5469 1065 5525 Pass.
1105 5464 1409 5525 ἐπαγαγεῖν.

451 5477 546 5542 64)
573 5477 844 5594 Ἐπάλςειν.
878 5477 1065 5530 Pass.,
1105 5477 1409 5540 ἐπαγαγεῖν.

428 5477 540 5614 (65)
575 5539 726 5614 Μεγά
769 5561 813 5610 ῳ
849 5535 1144 5614 ﬁstulata
1175 5540 1648 5614 Constantium.»
1681 5539 1775 5614 hic
1798 5539 2014 5614 intelli-

361 5607 448 5687 git
470 5607 819 5683 Theologus,
851 5607 926 5665 'et
978 5607 1150 5680 paulo
1202 5615 1351 5682 post,
1398 5613 1475 5682 τῷ
1520 5609 1746 5686 μείζονί,
1794 5635 1821 5664 ‹‹
1854 5612 2014 5668 Chri-

362 5691 542 5742 stum.
583 5707 610 5735 »

1399 5754 1582 5824 Colb.,

427 5758 540 5834 (66)
640 5753 1056 5829 Εὗνουστὲρους.
1161 5753 1304 5809 Tres

687 5887 944 5949 PA-TBOL.
997 5883 1106 5943 Gs.
1161 5882 1403 5948 XXXV.

640 5750 1056 5829 Εὖνουστὲρους.

1674 5755 2016 5812 εὐνουστοτὲ-

2104 4452 2261 4506 enim
2295 4470 2499 4510 omnes
2533 4455 2832 4527 pertraxit,
2881 4474 2984 4513 nec
3035 4461 3266 4514 tantum
3316 4459 3399 4514 illi
3449 4461 3762 4516 adversum

2105 4559 2213 4596 nos
2245 4543 2424 4610 dedit,
2461 4544 2560 4614 qui
2617 4560 2718 4615 per
2776 4562 2910 4600 eum
2966 4548 3369 4618 persecutione
3425 4550 3762 4606 excitabat:

2107 4647 2308 4686 verum
2342 4632 2474 4703 plus
2506 4649 2682 4703 quam
2719 4637 2942 4706 septem
2992 4635 3301 4692 hominum
3357 4637 3522 4696 milla
3553 4638 3765 4710 reliqui

2117 4845 2267 4906 ρους.
2300 4827 2646 4883 Ammianus
2679 4827 2822 4906 ipse,
2855 4829 2959 4906 lib.
2993 4847 3133 4899 xxu,
3157 4848 3210 4906 p.
3243 4833 3349 4906 206
3377 4836 3434 4888 et
3461 4831 3768 4906 207,10ngo

2115 4899 2319 4973 ordine
2342 4905 2604 4955 recenset
2623 4899 2769 4972 quos
2790 4902 3063 4958 Julianus
3086 4899 3384 4960 submovit
3407 4923 3420 4973 ;
3447 4905 3548 4960 ubi
3573 4899 3772 4963 narr'at

2111 4969 2439 5045 lulianum,
2471 4969 2738 5043 quamvis
2770 4991 2803 5028 a
2837 4975 3088 5045 pueritia
3116 4976 3176 5030 in
3197 4969 3510 5032 numinum
3542 4978 3769 5036 cultum

2115 5047 2275 5120 esset
2307 5043 2663 5120 inclinatior,
2693 5043 2874 5101 animi
2906 5052 3099 5120 tamen
3132 5051 3608 5120 arcana,nonnisi
3631 5052 3769 5108 abo-

2116 5113 2399 5189 litisAquze
2430 5117 2756 5188 verebatur,
2792 5119 3156 5189 patefecisse.

2190 5185 2304 5253 (67)
2332 5190 2720 5265 Ὑποποιεῖται.
2744 5185 2936 5245 (Sibi
2971 5191 3229 5262 subjicit,
3285 5214 3306 5241 ι
3350 5191 3460 5262 vel,
3496 5198 3560 5249 ut
3592 5193 3769 5265 Elias,

2122 5278 2148 5306 α
2183 5273 2322 5311 suos
2355 5261 2553 5313 eflicit.
2591 5285 2612 5312 ι

2121 5402 2145 5453 t
2191 5327 2304 5398 (68)
2353 5332 2466 5381 Τῶν
2527 5329 2578 5384 ἐν
2631 5329 2799 5388 τέλει.
2857 5356 2877 5382 α
2939 5333 3269 5404 Praefectus,
3329 5337 3507 5394 duces
3557 5337 3772 5394 exerci-

2151 5415 2239 5453 us.
2278 5421 2305 5448 »
3085 5425 3090 5427 ·

2151 5415 2239 5454 us.
2278 5421 2305 5448 »
3085 5425 3090 5427 ·

2343 5472 2540 5556 Ιξιὲρος.
2585 5475 3029 5556 Ηθέςεηιιῡιῐιηί.
3076 5478 3232 5556 Colb.
3285 5480 3338 5549 3,
3394 5479 3614 5556 μερους.
3653 5478 3774 5556 .Νο-

2122 5542 2434 5670 ξιιιίοόὐκ,
2465 5563 2590 5616 quae
2623 5542 3108 5619 sevcfuitur,'deest
3140 5553 3198 5606 in
3231 5542 3536 5611 nonnullis
3568 5550 3778 5608 codici-

2169 5631 2257 5670 us.

2169 5631 2257 5671 US.

2203 5687 2319 5761 (70)
2351 5686 2619 5760 Διώκτης.
2655 5712 2683 5743 ‹‹
2715 5688 3028 5749 Diabolum
3061 5715 3091 5747 »
3122 5694 3415 5768 intelligit.

3396 5895 3467 5980 i9
