4028 6424
350 361 464 418 587

1596 355 1659 415 S.
1710 353 2082 416 GREGORII
2131 355 2528 416 THEOLOGI

3645 359 3771 420 588

345 490 606 558 fuerunt,
641 489 741 560 qui
775 504 888 544 non
920 489 1208 546 ﬂexerunt
1231 505 1382 561 genu
1407 504 1597 543 coram
1628 485 1762 541 Baal
1794 487 1858 551 ⁸⁵,
1893 502 1980 540 ne<

2108 506 2218 553 τες,
2252 483 2310 540 ἐκ
2338 489 2432 539 τοῦ
2469 483 2687 561 βλέπειν
2741 487 2816 548 είς
2859 487 2950 542 τὸν
2998 481 3121 566 ὅφιν
3175 489 3288 562 (71)
3315 486 3406 543 τὸν
3438 488 3770 565 κρεμασθέν-

343 595 540 633 arcam
573 578 888 651 imaginem
923 579 1244 633 adorarunt
1271 578 1334 648 ³⁸,
1369 593 1474 632 nec
1533 593 1565 631 a
1621 576 1994 645 serpentibus

343 666 630 722 vulnerati
655 667 874 734 sunt”;
902 668 1057 738 quod
1093 669 1422 735 serpentem
1449 663 1611 718 illum
1637 680 1994 734 suspensum

340 755 674 828 Christique
701 757 1074 828 passionibus
1100 770 1444 826 oppressum
1467 757 1640 823 atque
1661 753 1994 808 confectum

340 844 750 913 intuerentur;
784 845 952 900 multi
987 844 1208 899 scilicet
1248 859 1536 914 proceres,
1570 840 1996 912 altissimisque

343 934 732 1007 dignitatibus
759 933 1166 1004 praaditi,quos
1193 931 1391 986 minus
1415 931 1589 986 etiam
1616 930 1831 985 mirum
1859 930 2000 986 fuis-

344 1027 452 1094 set,
490 1031 613 1078 tum
648 1023 792 1077 I07
845 1020 1247 1093 periculorum
1309 1024 1494 1089 metu,
1525 1023 1651 1074 tum
1709 1019 1998 1075 bonorum

345 1129 470 1184 spe,
512 1111 712 1167 cedere
761 1127 826 1165 ac
857 1126 1072 1165 manus
1121 1110 1301 1177 dare;
1337 1108 1507 1164 multi
1559 1108 1734 1164 etiam
1788 1108 2000 1180 piebeii

347 1200 590 1268 ordinis,
625 1216 690 1254 ac
721 1215 962 1254 numero
995 1198 1120 1254 solo
1156 1198 1557 1271 cogniti,quos
1590 1215 1723 1253 cum
1758 1198 2002 1254 adortus

345 1294 520 1358 erset,
553 1305 667 1343 non
701 1286 868 1343 aliter
899 1289 1170 1359 repulsus
1204 1293 1317 1358 est,
1338 1304 1519 1358 quam
1555 1287 1696 1342 levis
1729 1287 2000 1359 quaedam

2103 595 2188 645 τα,
2223 574 2312 628 καὶ
2344 573 2706 631 καταλυθέντα
2733 581 2850 638 τοῖς
2899 579 3136 652 Χριστοῦ
3172 578 3384 642 πάθεσι*
3426 575 3629 633 -πολλοῗ
3665 579 3769 651 μὶν

2103 667 2210 716 τῶν
2241 661 2291 716 ἐν
2342 661 2675 726 δυναστείαις
2718 667 2831 738 (72)
2880 667 2970 720 καὶ
3023 665 3230 740 ὕψεσιν,
3265 665 3356 728 οῦς
3405 666 3493 721 xui
3547 664 3766 739 μᾶλλον

2107 752 2247 814 εἰκὸς
2279 753 2344 822 ἦν
2396 755 2702 824 ἡττηθῆναι
2747 754 2838 809 xui
2891 752 2977 809 διὰ
3022 751 3214 833 φόϐον,
3262 755 3351 810 καὶ
3401 753 3472 810 δι’
3513 753 3765 820 ἐλπίδας·

2106 839 2309 896 πολλοὶ
2344 839 2399 896 δὲ
2431 847 2534 896 τῶν
2567 843 2714 898 κάτω
2747 844 2835 898 xui
2870 845 3087 919 ἀριθμῷ
3120 844 3273 917 μόνῳ
3316 844 3766 920 γνωριζομένων,

2107 931 2190 992 οἷς
2248 925 2575 1006 προσϐαλὼν
2636 932 3004 1009 ἀπεκρούσθη,
3057 933 3296 1009 καθάπερ
3354 934 3455 988 ὑπὸ
3513 933 3770 1008 γενναίου

2105 1019 2324 1094 τείχους
2362 1021 2674 1095 μηχάνημά
2701 1042 2752 1074 τι
2788 1027 2896 1077 τῶν
2927 1021 2988 1076 οὐ
3036 1021 3284 1098 καιρίων.
3319 1021 3478 1092 Πλὴν
3511 1021 3607 1077 οὐκ
3637 1023 3775 1092 ἡνία

2113 1106 2327 1182 μᾶλλον
2364 1111 2476 1183 (73)
2521 1110 2583 1164 τὸ
2631 1107 2918 1188 διαφεῦγον
2963 1113 2998 1180 ἦ
3043 1111 3346 1187 ἐθάρσυνεν,
3397 1111 3473 1174 ὡς
3519 1110 3579 1166 ἂν
3632 1111 3773 1167 λυσ-

2110 1202 2309 1270 σῶντα,
2341 1198 2402 1252 τὸ
2453 1196 2830 1273 ἂλισκὸμενον·
2883 1199 2973 1256 καὶ
3002 1200 3064 1256 τὸ
3099 1199 3391 1274 βούλεσθαι
3434 1199 3672 1276 παρίστη
3704 1201 3773 1256 τὸ

2114 1285 2367 1341 ἐλπισθὲν
2397 1288 2472 1350 ὡς
2503 1289 2892 1362 κρατούμενον.

342 1379 618 1436 machina
646 1396 680 1434 a
709 1378 1051 1433 ﬁrmissimo
1073 1393 1261 1432 muro.
1296 1376 1581 1431 Caeterum
1613 1393 1680 1432 eo
1711 1375 1907 1432 animo
1930 1381 2074 1448 erat,
2111 1383 2174 1434 ut
2205 1395 2319 1434 non
2354 1379 2541 1451 magis
2571 1381 2644 1435 ob
2673 1397 2770 1436 eos
2803 1380 2901 1452 qui
2935 1379 3045 1452 ipsi
3095 1380 3472 1453 effugiebant,
3518 1395 3776 1454 angere-

340 1475 456 1538 tur,
481 1484 683 1540 quam,
717 1471 920 1538 utpote
951 1467 1147 1522 furore
1179 1466 1457 1538 percitus,
1487 1467 1558 1520 ob
1591 1483 1688 1521 eos
1717 1465 1816 1537 qui
1849 1465 2254 1538 capiebantur,
2291 1469 2616 1538 praetideret
2648 1486 2660 1524 :
2699 1469 3116 1542 volunstasque
3159 1471 3308 1544 ipsa,
3344 1471 3400 1526 id
3451 1471 3604 1544 quod
3662 1487 3773 1543 spe

338 1563 690 1630 conceptum
723 1562 867 1623 erat,
900 1557 1070 1629 quasi
1091 1557 1214 1627 jam
1243 1556 1518 1611 manibus
1549 1560 1867 1622 teneretur,
1904 1558 2375 1627 repraesentabat.

408 1648 601 1704 L‘{Vl.
634 1647 784 1712 Quin
810 1648 934 1718 jam
978 1646 1154 1701 etiam
1204 1647 1486 1701 adversus
1537 1661 1819 1717 magnum
1852 1645 1994 1700 illud

2179 1647 2295 1714 Ξξ.
2327 1642 2519 1717 Τολμᾷ
2551 1643 2608 1700 δὲ
2637 1643 2745 1716 ἤδη
2776 1647 2866 1700 καὶ
2899 1649 3033 1701 κατά
3060 1651 3158 1702 τοῦ
3207 1646 3451 1723 μεγάλου
3483 1649 3647 1719 συνθή
3661 1669 3770 1721 μα-

336 1736 614 1793 vexillum
665 1736 910 1791 audacia
959 1735 1219 1804 effertur,
1273 1735 1429 1806 quod
1483 1751 1617 1788 cum
1649 1750 1820 1788 cruce
1871 1751 1980 1789 ma-

2104 1753 2219 1806 τος,
2278 1736 2306 1789 ὃ
2369 1735 2504 1807 μετὰ
2559 1740 2656 1790 τοῦ
2717 1741 2947 1810 σταυροῦ
3006 1736 3302 1810 πομπεύει,
3355 1736 3444 1792 xui
3504 1734 3618 1814 ἄγει
3675 1738 3771 1792 τὸν

336 1827 549 1899 gniﬁce
587 1824 883 1898 praecedit,
938 1825 996 1878 in
1048 1824 1352 1895 altumque
1400 1823 1642 1893 elatum,
1677 1823 1991 1878 exercitum

339 1915 524 1982 ducit,
550 1914 817 1970 laborum
849 1913 1258 1968 solvendorum
1304 1912 1419 1966 vim
1465 1913 1706 1976 habens,
1741 1913 1994 1983 hincque

340 2004 497 2076 apud
531 2004 769 2059 Latinos
799 2019 1011 2057 nomen
1043 2006 1309 2067 trahens,
1358 2000 1894 2073 principatumque,
1930 2005 1992 2055 ut

339 2096 422 2150 ita
453 2094 665 2161 dicam,
699 2092 758 2146 in
810 2090 1038 2162 reliqua
1085 2090 1282 2145 omnia
1330 2089 1540 2145 vexilla
1587 2094 1832 2156 tenens;
1868 2094 1989 2145 tam

340 2201 464 2254 quae
494 2183 914 2253 imperatorum
949 2179 1328 2251 imaginibus,
1363 2184 1532 2249 atque
1571 2178 1834 2250 expassis
1864 2185 1990 2234 tex-

340 2273 513 2342 turis,
543 2271 603 2326 in
636 2269 810 2325 variis
843 2269 1112 2324 tincturis
1134 2285 1200 2323 ac
1232 2267 1559 2323 litterarum
1593 2268 1859 2339 picturis,
1896 2269 1992 2323 de-

342 2364 642 2427 corantur,
673 2357 945 2429 velutque
977 2357 1290 2427 exsultant,
1315 2373 1494 2427 quam
1528 2373 1654 2428 quae
1685 2355 1992 2412 horrendis

340 2452 662 2506 draconum
706 2447 966 2503 hiatibus
1016 2462 1192 2518 super
1241 2462 1508 2500 summas
1540 2445 1772 2499 lanceas
1822 2444 1990 2500 elatis

337 2539 562 2607 inﬂata,
593 2543 650 2592 et
679 2554 782 2609 per
812 2540 1036 2591 tractus
1069 2534 1349 2590 contextis
1381 2533 1646 2604 squamis
1679 2533 1991 2589 distinctos

335 2627 1084 2702 agitab:,juuundissimum
1103 2624 1278 2679 simul
1310 2629 1366 2677 et
1383 2622 1740 2677 horrendum
1761 2628 1989 2692 specta-

333 2718 530 2774 culum
569 2715 758 2772 oculis
791 2716 1064 2785 praebent.
1103 2717 1487 2782 Posteaquam
1535 2717 1730 2764 autem
1763 2727 1855 2765 res
1887 2712 1987 2766 do-

333 2806 610 2862 mesticas
643 2820 710 2859 ex
742 2803 924 2859 animi
956 2802 1250 2858 sententia
1280 2800 1548 2867 confecit,
1565 2816 1630 2853 ac
1661 2798 1988 2870 periculum

2105 1823 2328 1898 στρατὸν
2360 1822 2436 1885 εἷς
2470 1823 2602 1896 ὕψος
2632 1824 2941 1899 αἱρόμενον,
2971 1824 3228 1898 καμάτων
3263 1828 3376 1898 (74)
3409 1823 3670 1901 λυτήριον
3707 1821 3766 1880 ὅν

2102 1933 2159 1966 τε
2189 1912 2276 1966 xui
2324 1913 2459 1966 κατίι
2500 1912 2810 1986 Ῥωμαίους
2861 1913 3264 1987 ὀνομαζόμενον
3316 1914 3405 1969 καὶ
3453 1914 3765 1991 βασιλεῦον,

2103 2001 2179 2062 ὡς
2226 2000 2283 2055 ἂν
2335 1999 2477 2056 εἷ’ποι
2527 2023 2633 2069 τις,
2681 2007 2790 2057 τῶν
2849 2000 3059 2057 λοιπῶν
3125 2003 3498 2077 συνθημάτων·
3551 2002 3647 2058 ὅσα
3707 2024 3768 2059 τε

2107 2089 2374 2164 βασιλέων
2451 2091 2767 2166 προσώποις
2845 2090 3192 2166 ἀγάλλεται,
3251 2093 3341 2146 καὶ
3399 2094 3767 2165 πεπετασμέ-

2101 2199 2217 2240 νοις
2262 2181 2372 2253 (75)
2426 2179 2726 2256 ὑφάσμασιν
2774 2179 2824 2234 ἐν
2877 2178 3158 2258 διαφόροις
3209 2181 3404 2259 βαφαῖς
3452 2182 3539 2237 xui
3577 2183 3756 2256 γράμ-

2106 2288 2289 2340 μασιν,
2323 2266 2421 2321 ὅσα
2460 2288 2519 2322 τε
2571 2264 2873 2344 δρακόντων
2927 2263 3184 2347 φοϐεροῖς
3214 2271 3491 2346 χάσμασιν
3531 2269 3757 2343 ἐμπνεό-

2106 2377 2240 2430 μενα
2271 2359 2384 2431 (76)
2437 2355 2518 2412 ἐπ’
2566 2359 2743 2430 ἄκρων
2795 2355 3037 2433 δοράτων
3090 2359 3518 2436 αἱωρουμὲνοις,
3549 2356 3635 2414 καί
3666 2356 3759 2413 διὰ

2099 2449 2206 2500 τῶν
2241 2445 2421 2500 ὁλκῶν
2459 2445 2781 2523 ῥιπιζόμενα
2811 2445 3027 2525 φολίσιν
3059 2447 3317 2526 ὑφανταῖς
3367 2448 3752 2520 καταστίκτων,

2100 2531 2321 2603 ἣδιστόν
2354 2555 2412 2588 τε
2443 2535 2584 2608 ὁμοῦ
2633 2535 2721 2590 καὶ
2774 2537 2995 2614 φρικτὸν
3041 2537 3216 2610 θέαμα
3260 2537 3586 2614 προσπίπτει
3635 2543 3754 2600 ταῖς

2101 2618 2304 2697 ὄψεσιν.
2340 2625 2426 2685 Ὡς
2480 2621 2538 2678 δὲ
2581 2626 2726 2700 εἶχεν
2779 2625 2926 2698 αὐτῷ
2955 2626 3091 2681 κατὰ
3116 2631 3240 2681 νοῦν
3282 2628 3350 2682 τὰ
3376 2624 3634 2698 πλησίον,
3666 2624 3756 2682 καί

2097 2716 2195 2765 τοῦ
2227 2710 2279 2766 ἐν
2317 2712 2530 2787 χερσὶν,
2580 2713 2656 2776 ὡς
2696 2711 2855 2786 ᾤετο,
2913 2711 3166 2769 κινδύνου
3212 2715 3472 2790 κρείττων
3523 2715 3754 2792 ἐγένετο,

2101 2800 2273 2861 οὕτως
2302 2797 2411 2871 ἤδη
2444 2807 2694 2877 πειρᾶται
2726 2804 2840 2876 (77)
2869 2803 2959 2857 xui
2988 2806 3096 2858 τῶν
3132 2804 3277 2874 ἑξῆς.

331 2896 500 2962 illud,
532 2895 781 2966 quodin
814 2893 1084 2949 manibus
1110 2896 1252 2962 erat,
1289 2894 1351 2946 ut
1377 2888 1771 2960 existimabat,
1822 2888 2068 2962 depulit,
2125 2890 2208 2946 ita
2255 2892 2494 2948 demum
2548 2910 2617 2949 ea
2660 2910 2787 2966 quae
2837 2893 3113 2966 deinceps
3164 2898 3514 2967 sequentur,
3547 2911 3755 2969 aggre-

331 2986 514 3042 ditur.

405 3075 621 3130 LXVII.
657 3073 842 3128 Homo
873 3070 1248 3137 stultissime,
1282 3073 1339 3124 et
1396 3067 1772 3140 impiissime,
1833 3073 1889 3123 et
1919 3067 1978 3123 in
2011 3070 2053 3137 C

335 3164 568 3237 magnis
599 3162 776 3218 rebus
808 3160 1251 3232 imperitissimo
1281 3159 1291 3212 l
1327 3159 1487 3212 Tunc
1520 3158 1799 3212 adversus
1853 3163 1983 3211 tan-

335 3259 458 3309 tam
487 3257 798 3318 sortem,ac
830 3267 931 3321 per
961 3254 1150 3304 totum
1182 3247 1382 3303 orbem
1417 3246 1608 3301 fusam
1641 3245 1982 3313 Ecclesiam,

337 3360 466 3415 qua
500 3358 598 3414 per
628 3338 916 3396 sermonis
950 3336 1256 3403 vilitatem,
1305 3334 1875 3408 praedicationisque,
1921 3339 1984 3390 ut

333 3432 447 3505 ipsi
481 3434 728 3487 fortasse
761 3427 1046 3496 dixeritis,
1098 3425 1407 3482 stultitiam
1462 3425 1528 3492 ³⁸,
1581 3441 1785 3480 omnes
1817 3428 1979 3480 terrea

336 3522 480 3577 lines
513 3519 814 3591 complexa
835 3523 945 3587 est,
979 3533 1106 3588 quas
1146 3517 1440 3587 sapientes
1472 3513 1626 3578 vicit,
1659 3521 1713 3568 et
1761 3515 1977 3569 daemo-

328 3627 434 3666 nes
461 3607 773 3682 oppressit,
807 3611 864 3662 et
908 3611 1144 3676 tempus
1193 3603 1523 3675 superavit;
1558 3603 1760 3657 eadem
1808 3606 1976 3658 vetus

328 3699 526 3767 simul,
559 3704 617 3754 et
647 3715 814 3765 nova,
851 3702 913 3752 ut
952 3712 1049 3750 vos
1094 3696 1334 3749 deorum
1373 3692 1691 3762 quemdam
1727 3709 1795 3762 po
1838 3697 1968 3746 ten»

323 3796 448 3844 tose
477 3787 811 3859 conﬁngitis
839 3804 851 3852 ;
887 3786 986 3839 illa
1017 3783 1368 3855 paucis,haec
1403 3780 1746 3852 promiscuae
1772 3779 1970 3834 multi-

318 3877 510 3934 tudini
545 3895 557 3944 ;
589 3875 689 3930 illa
721 3873 1185 3943 adumbratione,
1220 3872 1338 3926 haec
1371 3869 1719 3942 perfectione
1753 3874 1969 3940 myste-

319 3968 389 4023 rii
420 3968 491 4023 ad
519 3983 627 4022 sua
647 3971 916 4036 tempora
947 3961 1271 4019 reservati?
1301 3960 1464 4013 Tune
1493 3959 1651 4030 (quis
1685 3962 1971 4026 autem,et

317 4066 598 4130 quantus,
631 4062 687 4110 et
718 4055 935 4122 unde?)
970 4053 1249 4107 adversus
1288 4066 1560 4121 magnam
1596 4048 1808 4103 Christi
1845 4047 1962 4101 hae-

314 4146 620 4202 reditatem
650 4143 677 4196 ?
708 4157 1006 4214 magnam,
1041 4141 1306 4211 inquam,
1342 4136 1527 4203 illam,
1563 4153 1685 4200 nec,
1719 4136 1894 4192 etiam
1914 4134 1962 4189 si

317 4234 558 4306 quidam
591 4232 802 4302 majori
833 4246 1008 4301 quam
1041 4235 1102 4283 tu
1136 4233 1326 4282 lurore
1358 4232 1531 4297 atque
1564 4224 1794 4280 insania
1824 4239 1965 4294 pra:-

2162 3069 2282 3124 ΞΖ’.
2334 3067 2671 3138 Εὐηθέστατε
2702 3115 2716 3139 ,
2768 3069 2856 3123 xui
2908 3066 3243 3142 ἀσεϐέστατε,
3294 3071 3389 3124 xui
3433 3069 3760 3126 ἀπαιδευτό-

2094 3176 2220 3211 τατε
2268 3157 2336 3211 τὰ
2395 3156 2604 3232 μεγάλα
2631 3159 2642 3212 ί
2671 3156 2734 3209 σὺ
2784 3158 2920 3210 κατὰ
2963 3157 3227 3211 τοσούτου
3274 3157 3490 3231 κλήρου
3527 3159 3615 3212 xui
3657 3167 3758 3229 τῆς

2097 3245 2478 3318 οἱκουμενικῆς
2524 3242 2896 3320 καρποφορίας
2951 3246 3110 3315 (78),
3156 3250 3258 3312 τῆς
3320 3245 3494 3297 πάντα
3553 3242 3748 3299 διαλα-

2095 3328 2296 3401 ϐούσης
2335 3333 2401 3386 τὰ
2447 3332 2673 3405 πέρατα,
2718 3328 2806 3384 διὰ
2851 3337 2952 3399 τῆς
3002 3328 3272 3392 εὐτελείας
3301 3335 3396 3384 τοῦ
3448 3329 3618 3403 λόγου
3649 3331 3739 3384 καὶ

2089 3429 2190 3489 τῆς
2225 3419 2456 3494 μωρίας,
2505 3418 2582 3481 ὡς
2631 3419 2690 3473 ἂν
2737 3416 2889 3472 αὐτοὶ
2924 3418 3138 3495 φαίητε,
3169 3423 3265 3473 τοῦ
3295 3418 3671 3493 κηρύγματος,
3703 3419 3733 3472 ὃ

2089 3508 2285 3587 σοφοὺς
2322 3507 2550 3580 ἐνίκησε,
2581 3509 2670 3563 xui
2703 3505 2963 3581 δαίμονας
2993 3505 3190 3562 ἔπαυσε
3233 3511 3366 3580 (79),
3400 3508 3491 3562 καὶ
3535 3506 3742 3582 ’χρόνον

2091 3597 2497 3676 ὑπερηκόντισε,
2554 3597 2618 3652 τὸ
2676 3597 2804 3652 αὐτὸ
2863 3595 3096 3651 παλαιόν
3149 3616 3209 3650 τε
3267 3596 3410 3668 ὁμοῦ
3465 3597 3741 3671 τυγχάνον

2086 3688 2175 3745 καὶ
2207 3688 2347 3761 νέον,
2391 3689 2464 3750 ὡς
2507 3687 2663 3760 ὑμεῖς
2711 3691 2818 3741 τῶν
2871 3690 3004 3750 θεῶν
3048 3706 3166 3740 τινα
3215 3686 3326 3757 (80)
3373 3685 3739 3759 τερατεύεσθεο

2082 3780 2145 3833 τὸ
2179 3780 2271 3852 μὲν
2306 3783 2420 3839 τοῖς
2466 3776 2702 3852 ὀλίγοις,
2751 3774 2814 3830 τὸ
2864 3772 2922 3830 δὲ
2953 3780 3070 3835 τοῖς
3121 3770 3378 3834 πολλοῖς
3413 3773 3501 3828 καὶ
3545 3773 3609 3828 τὸ
3645 3773 3740 3846 μὶν

2081 3871 2149 3941 τῇ
2201 3867 2564 3942 σκιαγραφίᾳ,
2614 3866 2677 3920 τὸ
2737 3863 2794 3920 δὲ
2837 3868 2906 3938 τῇ
2957 3862 3237 3918 τελειώσει
3285 3866 3386 3916 τοῦ
3439 3861 3740 3937 μυστηρίου

2079 3962 2290 4030 καιροῖς
2339 3953 2502 4016 ἰδίοις
2541 3953 2920 4028 ταμιευθέντος
2958 3973 2970 4021 ;
3007 3950 3082 4006 Σὺ
3139 3950 3275 4006 κατὰ
3329 3953 3429 4020 τῆς
3491 3951 3737 4026 μεγάλης

2077 4049 2174 4098 τοῦ
2202 4046 2440 4119 Χριστοῦ
2470 4045 2583 4114 (81)
2616 4042 2992 4118 κληρονομίας
3026 4060 3040 4110 ;
3075 4041 3125 4112 (ὁ
3155 4040 3260 4107 τίς,
3294 4040 3382 4094 xui
3429 4039 3617 4109 πόσος,
3648 4039 3738 4093 xui

2077 4133 2236 4187 πόθεν
2273 4134 2312 4201 ;)
2370 4139 2470 4199 τῆς
2531 4130 2780 4204 μεγάλης
2833 4130 2923 4183 xui
2976 4129 3038 4183 οὐ
3098 4131 3472 4202 παυσομένης,
3524 4126 3637 4183 οὐδ’
3677 4127 3738 4182 ἃν

2077 4219 2242 4275 πλέον
2283 4221 2317 4288 ἢ
2372 4219 2434 4272 σὺ
2485 4217 2690 4290 μανῶσί
2734 4237 2898 4287 τινες,
2951 4214 3077 4269 ἀλλ’
3131 4214 3219 4269 ἐπὶ
3269 4215 3462 4272 πλεῖον
3512 4219 3624 4292 (8'2)
3655 4216 3737 4271 ἀεὶ

387 4371 435 4406 ³³
468 4368 544 4425 Ill
577 4368 715 4440 Reg.
747 4383 862 4432 xxx,
897 4365 999 4420 18:
1037 4364 1226 4429 Rom.,
1259 4379 1336 4432 ιι,
1370 4362 1421 4416 4.
1497 4361 1540 4400 ³⁸
1577 4361 1715 4414 Dan.
1749 4373 1833 4426 III,
1867 4355 1955 4409 48.

2110 4359 2282 4408 Num.
2316 4370 2430 4422 xxr,
2463 4351 2516 4407 9.
2546 4352 2590 4386 ³⁸
2624 4356 2647 4405 Ι
2677 4353 2804 4407 Cor.
2839 4367 2878 4417 ι,
2913 4351 3003 4403 24.

388 4504 502 4580 (71)
529 4502 712 4580 Ὄφιν.
750 4524 777 4551 (ι
812 4500 1152 4580 Serpentem
1201 4511 1578 4566 suspensum.
1618 4515 1644 4543 ››
1677 4493 1755 4547 De
1785 4514 1812 4540 ‹‹
1849 4487 1970 4542 dia-
2005 4500 2048 4560 [)
2084 4508 2124 4559 μ

317 4571 450 4634 bolo
483 4571 506 4629 in
541 4571 956 4646 interpretatur
988 4571 1162 4646 tilias.

385 4648 498 4722 (72)
555 4634 768 4701 Πολλοὶ
798 4643 916 4722 ,μὲν
977 4645 1084 4695 τῶν
1121 4639 1191 4722 ,ἐν
1222 4635 1612 4722 δυναστείαις..
1649 4634 1765 4722 Hos
1793 4637 1964 4718 Iintcr

316 4707 634 4795 generosos
675 4707 1062 4784 contessores,
1109 4714 1390 4768 Jovianus
1437 4717 1493 4764 et
1513 4707 1960 4763 Valentinianus

311 4795 720 4849 numerantur.

379 4868 493 4934 (7'3)
526 4861 640 4918 Οὐκ
673 4859 795 4929 ἡνία
830 4856 1075 4934 μᾶλλον,Δ
1101 4863 1210 4912 etc.
1245 4877 1272 4904 «
1330 4858 1450 4907 Non
1510 4851 1642 4934 plus
1694 4851 1959 4934 mceroris

311 4923 702 4990 (λα’ῐηοιεεῐίιέ
721 4934 792 4986 ob
825 4923 942 4998 eos,
980 4931 1076 5002 qui
1113 4932 1240 4996 ejus
1273 4941 1484 5002 manus
1515 4923 1961 5002 elfugerantma-

311 5009 527 5076 piebat,
563 5022 738 5076 quam
789 4997 1009 5056 ﬁducia
1061 4997 1522 5076 perlumlebatur
1566 4997 1769 5076 obeus
1813 5011 1960 5076 quos

301 5067 428 5144 jam
463 5067 752 5147 (imp-erat;
788 5091 854 5127 ex
895 5067 1108 5144 quibus
1157 5073 1264 5124 hoc
1316 5067 1762 5147 asset'iuebatur,
1798 5071 1861 5147 ut
1891 5081 1962 5146 ne

312 5137 382 5203 de
433 5137 567 5203 illis.
598 5137 835 5217 quidem
884 5137 1220 5216 desperaret
1251 5165 1265 5205 ;
1297 5155 1494 5217 verum
1549 5137 1815 5191 voluntas
1848 5137 1960 5217 ipsi

313 5222 466 5291 quod
521 5216 629 5288 spei
669 5217 1174 5285 concepr~rat,jam
1231 5216 1534 5281 acceptum
1578 5216 1956 5279 repraesenta-

308 5296 416 5347 ret.
453 5313 481 5340 »

381 5363 494 5428 (74)
530 5357 818 5428 [ἰαμάτων.
873 5378 898 5403 ‹‹
943 5359 1252 5411 Lahorum.
1307 5375 1333 5402 ›)
1383 5351 1477 5406 Sic
1506 5350 1636 5404 Blll.
1677 5351 1736 5404 in
1769 5349 1961 5421 prima

309 5433 448 5486 edit.
483 5432 692 5484 melius
719 5442 916 5496 quam,
951 5450 976 5476 ‹‹
1010 5441 1430 5481 aerumnarum.
1464 5446 1490 5472 ››

383 5503 494 5572 (75)
527 5492 980 5572 Πεπετασμένοις.
1032 5499 1235 5552 Plures
1280 5496 1423 5567 regii
1469 5492 1716 5560 codices,
1768 5492 1866 5546 Or.
1903 5492 1954 5560 1,

307 5566 485 5625 Pass.
503 5566 896 5639 πεπταμένοις.

381 5642 489 5714 (76)
536 5633 940 5714 Ἐμπνεόμενα.
1003 5639 1097 5691 Sic
1170 5638 1374 5708 legunt
1444 5637 1618 5714 Filias,
1669 5635 1862 5714 Mont.
1897 5637 1955 5714 et

303 5707 443 5770 Gab.
473 5700 726 5771 'Codices
779 5700 972 5758 tamen
1026 5724 1170 5778 pene
1217 5700 1422 5766 emnes
1470 5710 1687 5765 habent
1716 5700 1953 5779 ἐμπετά-

2127 4505 2230 4540 ενα.
2267 4509 2294 4536 ‹‹
2332 4483 2665 4540 Volitantia.
2705 4505 2733 4532 ››

2152 4559 2263 4629 (77)
2300 4561 2574 4630 Πειρᾶται.
2609 4580 2634 4608 α
2669 4554 3047 4627 Aggreditur,
3082 4575 3111 4604 »
3145 4569 3355 4627 nempe
3384 4554 3731 4627 religionem

2079 4631 2471 4686 Christianum
2505 4633 2780 4684 evertere.

2143 4705 2268 4783 (78).
2307 4698 2716 4783 Καρποςιορίοις.
2752 4697 2976 4783 Billius,
3010 4699 3142 4783 post
3171 4696 3382 4764 Eliam,
3421 4719 3442 4745 ιι
3477 4697 3547 4752 de
3570 4696 3731 4783 Chlri:

2073 4767 2157 4828 sti'
2180 4767 2476 4828 oblatione
2508 4797 2532 4821 ‹‹
2570 4767 2990 4842 interpretatur
3015 4770 3165 4842 hanc
3197 4784 3556 4839 vocelu,quae
3580 4767 3727 4822 nihil

2072 4846 2229 4900 aliud
2265 4851 2436 4900 sonat
2471 4862 2646 4915 qnam
2679 4868 2704 4892 ‹‹
2732 4841 2896 4915 orbis
2927 4841 3389 4915 tutiusmessein
3425 4861 3453 4886 ››
3489 4847 3720 4911 frugum

2076 4919 2422 4980 ubertatem,
2459 4909 2520 4968 ut
2549 4915 2692 4968 bene
2723 4912 2920 4965 Cumb.
2958 4928 2970 4965 :
3014 4933 3038 4962 α
3069 4909 3339 4965 Vitisilla
3357 4909 3724 4980 est,qua§or-

2075 4990 2202 5043 beui
2239 4988 2692 5057 implevit,cujus
2720 4984 3175 5057 umbrappcruit
3196 4992 3485 5036 montes.»
3505 4981 3722 5057 Christi

2077 5053 2338 5130 profecto
2364 5056 2673 5130 haereditas
2705 5061 2794 5130 est
2823 5053 3101 5130 Ecclesia,
3133 5071 3259 5123 quae
3308 5055 3719 5130 perprzedica-

2073 5125 2250 5184 tionis
2283 5127 2588 5183 stultitiam
2623 5128 2819 5181 omnia
2851 5125 3122 5197 pervasit,
3149 5142 3273 5194 qua:
3299 5125 3531 5196 quidem
3569 5143 3716 5197 prae-

2073 5203 2286 5257 dicatio
2314 5223 2341 5249 ‹‹
2377 5200 2672 5270 sapientes
2706 5197 2857 5263 vicit,
2890 5217 2920 5249 ››
2953 5201 3062 5270 etc.

2144 5274 2253 5341 (79)
2319 5265 2588 5342 Δαίμονας
2641 5266 2853 5323 ἔπαυσε.
2903 5290 2931 5317 ‹‹
2989 5267 3364 5323 Daemonibus
3413 5265 3714 5323 silentium

2069 5345 2298 5399 indixit.
2336 5364 2362 5390 »

2143 5417 2255 5484 (80)
2299 5417 2414 5467 Τῶν
2459 5412 2592 5464 θεῶν
2641 5431 2781 5466 τινα..
2836 5411 2976 5466 Mss.
3047 5425 3160 5464 non
3213 5408 3384 5480 pauci
3431 5408 3490 5463 in
3524 5425 3710 5482 marg.

2069 5486 2342 5549 Διόνυσον,
2382 5508 2402 5534 α
2442 5484 2749 5540 Bacchum.
2785 5504 2813 5532 »

2139 5560 2252 5631 (81}
2278 5557 2390 5631 Τοῦ
2418 5556 2674 5631 Χριστοῦ.
2711 5555 2847 5631 Reg.
2882 5553 3028 5631 δαὶς,
3059 5553 3155 5604 τοῦ
3187 5553 3340 5631 afui}:

2137 5622 2255 5702 (82)
2315 5627 2434 5682 Ἑπί
2470 5622 2750 5682 ’πλεῖονω
2799 5622 3145 5700 ’ὁρωμένοις
3207 5622 3357 5679 Billi.
3392 5643 3422 5675 «
3473 5622 3711 5699 longius
