  <div class='ocr_page' id='page_1' title='image "/cluster/home/n/w/nwhite01/storage/ocr_20150623/35:no.1/coo.31924054869320/300.png"; bbox 0 0 4028 6402; ppageno 0'>
   <div class='ocr_carea' id='block_1_1' title="bbox 291 407 408 472">
    <p class='ocr_par' dir='ltr' id='par_1_1' title="bbox 291 407 408 472">
     <span class='ocr_line' id='line_1_1' title="bbox 291 407 408 472; baseline 0.009 -1"><span class='ocrx_word' id='word_1_1' title='bbox 291 407 408 472; x_wconf 88' lang='grc'><strong>589</strong></span> 
     </span>
    </p>
   </div>
   <div class='ocr_carea' id='block_1_2' title="bbox 1289 397 2717 467">
    <p class='ocr_par' dir='ltr' id='par_1_2' title="bbox 1289 397 2717 467">
     <span class='ocr_line' id='line_1_2' title="bbox 1289 397 2717 467; baseline -0.006 0"><span class='ocrx_word' id='word_1_2' title='bbox 1289 401 1580 467; x_wconf 79' lang='lat' dir='ltr'><strong>ORATIO</strong></span> <span class='ocrx_word' id='word_1_3' title='bbox 1623 397 1722 465; x_wconf 79' lang='grc' dir='ltr'><strong>ιν.</strong></span> <span class='ocrx_word' id='word_1_4' title='bbox 1757 437 1834 447; x_wconf 94' lang='lat'>—</span> <span class='ocrx_word' id='word_1_5' title='bbox 1864 397 2177 463; x_wconf 80' lang='lat' dir='ltr'><strong>CONTRA</strong></span> <span class='ocrx_word' id='word_1_6' title='bbox 2222 399 2620 462; x_wconf 83' lang='lat' dir='ltr'><strong>JULIANUM</strong></span> <span class='ocrx_word' id='word_1_7' title='bbox 2669 398 2717 459; x_wconf 91' lang='grc' dir='ltr'>Ι.</span> 
     </span>
    </p>
   </div>
   <div class='ocr_carea' id='block_1_3' title="bbox 3594 395 3717 464">
    <p class='ocr_par' dir='ltr' id='par_1_3' title="bbox 3594 395 3717 464">
     <span class='ocr_line' id='line_1_3' title="bbox 3594 395 3717 464; baseline 0.016 -2"><span class='ocrx_word' id='word_1_8' title='bbox 3594 395 3717 464; x_wconf 76' lang='lat'><strong>590</strong></span> 
     </span>
    </p>
   </div>
   <div class='ocr_carea' id='block_1_4' title="bbox 295 529 1934 616">
    <p class='ocr_par' dir='ltr' id='par_1_4' title="bbox 295 534 1934 616">
     <span class='ocr_line' id='line_1_4' title="bbox 295 534 1934 616; baseline -0.005 -20"><span class='ocrx_word' id='word_1_9' title='bbox 295 539 661 616; x_wconf 88' lang='grc' dir='ltr'>βαδιουμένης</span> <span class='ocrx_word' id='word_1_10' title='bbox 716 560 774 594; x_wconf 88' lang='grc' dir='ltr'><strong>τε</strong></span> <span class='ocrx_word' id='word_1_11' title='bbox 833 537 920 593; x_wconf 79' lang='grc' dir='ltr'><strong>καὶ</strong></span> <span class='ocrx_word' id='word_1_12' title='bbox 954 538 1356 613; x_wconf 80' lang='grc' dir='ltr'>ἀροησομένης·</span> <span class='ocrx_word' id='word_1_13' title='bbox 1392 535 1630 592; x_wconf 98' lang='grc' dir='ltr'>πιστεύω</span> <span class='ocrx_word' id='word_1_14' title='bbox 1660 534 1764 612; x_wconf 70' lang='grc' dir='ltr'>γὰρ</span> <span class='ocrx_word' id='word_1_15' title='bbox 1819 539 1934 596; x_wconf 84' lang='grc' dir='ltr'>ταῖς</span> 
     </span>
    </p>
   </div>
   <div class='ocr_carea' id='block_1_5' title="bbox 2057 529 3714 616">
    <p class='ocr_par' dir='ltr' id='par_1_5' title="bbox 2057 529 3714 607">
     <span class='ocr_line' id='line_1_5' title="bbox 2057 529 3714 607; baseline 0 -17"><span class='ocrx_word' id='word_1_16' title='bbox 2057 533 2259 607; x_wconf 88' lang='lat' dir='ltr'><strong>cipites</strong></span> <span class='ocrx_word' id='word_1_17' title='bbox 2312 533 2592 602; x_wconf 85' lang='lat' dir='ltr'><strong>ferantur,</strong></span> <span class='ocrx_word' id='word_1_18' title='bbox 2637 532 2812 587; x_wconf 82' lang='lat' dir='ltr'><strong>finem</strong></span> <span class='ocrx_word' id='word_1_19' title='bbox 2859 529 3220 600; x_wconf 83' lang='lat' dir='ltr'><strong>habituram,</strong></span> <span class='ocrx_word' id='word_1_20' title='bbox 3268 547 3465 589; x_wconf 90' lang='lat' dir='ltr'><strong>verum</strong></span> <span class='ocrx_word' id='word_1_21' title='bbox 3523 534 3714 607; x_wconf 89' lang='lat' dir='ltr'><strong>magis</strong></span> 
     </span>
    </p>
   </div>
   <div class='ocr_carea' id='block_1_6' title="bbox 290 625 1944 707">
    <p class='ocr_par' dir='ltr' id='par_1_6' title="bbox 290 625 1944 707">
     <span class='ocr_line' id='line_1_6' title="bbox 290 625 1944 707; baseline -0.004 -22"><span class='ocrx_word' id='word_1_22' title='bbox 290 630 623 707; x_wconf 71' lang='grc' dir='ltr'>προρρήσεσι</span> <span class='ocrx_word' id='word_1_23' title='bbox 656 630 744 683; x_wconf 77' lang='grc' dir='ltr'><strong>καὶ</strong></span> <span class='ocrx_word' id='word_1_24' title='bbox 775 635 889 690; x_wconf 84' lang='grc' dir='ltr'>τοῖς</span> <span class='ocrx_word' id='word_1_25' title='bbox 923 628 1228 702; x_wconf 84' lang='grc' dir='ltr'>ὁρωμένοις</span> <span class='ocrx_word' id='word_1_26' title='bbox 1250 647 1261 658; x_wconf 72' lang='grc'><strong>⁸</strong></span> <span class='ocrx_word' id='word_1_27' title='bbox 1295 629 1355 697; x_wconf 74' lang='grc' dir='ltr'>ἢν</span> <span class='ocrx_word' id='word_1_28' title='bbox 1390 628 1464 689; x_wconf 71' lang='grc' dir='ltr'>ὥς</span> <span class='ocrx_word' id='word_1_29' title='bbox 1514 627 1642 681; x_wconf 82' lang='grc' dir='ltr'><strong>Θεὸν</strong></span> <span class='ocrx_word' id='word_1_30' title='bbox 1698 625 1944 696; x_wconf 85' lang='grc' dir='ltr'>ἐποίησε,</span> 
     </span>
    </p>
   </div>
   <div class='ocr_carea' id='block_1_7' title="bbox 290 711 1943 792">
    <p class='ocr_par' dir='ltr' id='par_1_7' title="bbox 290 711 1943 792">
     <span class='ocr_line' id='line_1_7' title="bbox 290 711 1943 792; baseline -0.004 -19"><span class='ocrx_word' id='word_1_31' title='bbox 290 720 378 774; x_wconf 86' lang='grc' dir='ltr'><strong>καὶ</strong></span> <span class='ocrx_word' id='word_1_32' title='bbox 411 720 485 781; x_wconf 86' lang='grc' dir='ltr'>ὡς</span> <span class='ocrx_word' id='word_1_33' title='bbox 519 720 802 792; x_wconf 73' lang='grc' dir='ltr'>ἄνθρωπος</span> <span class='ocrx_word' id='word_1_34' title='bbox 835 715 1278 792; x_wconf 73' lang='grc' dir='ltr'>ἐκληρονόμησεν</span> <span class='ocrx_word' id='word_1_35' title='bbox 1311 734 1322 745; x_wconf 94' lang='grc'><strong>·</strong></span> <span class='ocrx_word' id='word_1_36' title='bbox 1357 714 1421 784; x_wconf 73' lang='grc' dir='ltr'><strong>ἥν</strong></span> <span class='ocrx_word' id='word_1_37' title='bbox 1468 714 1635 785; x_wconf 85' lang='grc' dir='ltr'>νόμος</span> <span class='ocrx_word' id='word_1_38' title='bbox 1681 711 1943 782; x_wconf 85' lang='grc' dir='ltr'>ἐτύπωσε,</span> 
     </span>
    </p>
   </div>
   <div class='ocr_carea' id='block_1_8' title="bbox 289 802 1940 884">
    <p class='ocr_par' dir='ltr' id='par_1_8' title="bbox 289 802 1940 884">
     <span class='ocr_line' id='line_1_8' title="bbox 289 802 1940 884; baseline -0.005 -22"><span class='ocrx_word' id='word_1_39' title='bbox 289 808 378 862; x_wconf 85' lang='grc' dir='ltr'><strong>καὶ</strong></span> <span class='ocrx_word' id='word_1_40' title='bbox 428 808 587 884; x_wconf 74' lang='grc' dir='ltr'>χάρις</span> <span class='ocrx_word' id='word_1_41' title='bbox 647 806 956 879; x_wconf 71' lang='grc' dir='ltr'>ἐπλήρωσε,</span> <span class='ocrx_word' id='word_1_42' title='bbox 1008 805 1096 858; x_wconf 87' lang='grc' dir='ltr'><strong>καὶ</strong></span> <span class='ocrx_word' id='word_1_43' title='bbox 1146 804 1376 879; x_wconf 87' lang='grc' dir='ltr'>Χριστὸς</span> <span class='ocrx_word' id='word_1_44' title='bbox 1426 802 1739 857; x_wconf 76' lang='grc' dir='ltr'>ἐνεκαίνισεν</span> <span class='ocrx_word' id='word_1_45' title='bbox 1793 806 1940 874; x_wconf 76' lang='grc'>(83)·</span> 
     </span>
    </p>
   </div>
   <div class='ocr_carea' id='block_1_9' title="bbox 289 889 1944 974">
    <p class='ocr_par' dir='ltr' id='par_1_9' title="bbox 289 889 1944 974">
     <span class='ocr_line' id='line_1_9' title="bbox 289 889 1944 974; baseline -0.004 -23"><span class='ocrx_word' id='word_1_46' title='bbox 289 898 355 966; x_wconf 75' lang='grc' dir='ltr'><strong>ἥν</strong></span> <span class='ocrx_word' id='word_1_47' title='bbox 411 904 685 974; x_wconf 63' lang='grc' dir='ltr'>προφῆται</span> <span class='ocrx_word' id='word_1_48' title='bbox 747 895 1066 964; x_wconf 80' lang='grc' dir='ltr'>συνέπηξαν,</span> <span class='ocrx_word' id='word_1_49' title='bbox 1125 893 1214 947; x_wconf 87' lang='grc' dir='ltr'><strong>καὶ</strong></span> <span class='ocrx_word' id='word_1_50' title='bbox 1274 890 1574 946; x_wconf 79' lang='grc' dir='ltr'>ἀπόστολοι</span> <span class='ocrx_word' id='word_1_51' title='bbox 1632 889 1944 961; x_wconf 87' lang='grc' dir='ltr'>συνέδησαν,</span> 
     </span>
    </p>
   </div>
   <div class='ocr_carea' id='block_1_10' title="bbox 290 981 1398 1060">
    <p class='ocr_par' dir='ltr' id='par_1_10' title="bbox 290 981 1398 1060">
     <span class='ocr_line' id='line_1_10' title="bbox 290 981 1398 1060; baseline -0.004 -20"><span class='ocrx_word' id='word_1_52' title='bbox 290 987 380 1041; x_wconf 84' lang='grc' dir='ltr'><strong>καὶ</strong></span> <span class='ocrx_word' id='word_1_53' title='bbox 414 984 793 1060; x_wconf 81' lang='grc' dir='ltr'>εύαγγελισταὶ</span> <span class='ocrx_word' id='word_1_54' title='bbox 826 981 1219 1058; x_wconf 85' lang='grc' dir='ltr'>κατηρτίσαντο</span> <span class='ocrx_word' id='word_1_55' title='bbox 1251 984 1398 1056; x_wconf 75' lang='grc'>(84);</span> 
     </span>
    </p>
   </div>
   <div class='ocr_carea' id='block_1_11' title="bbox 2057 619 3716 696">
    <p class='ocr_par' dir='ltr' id='par_1_11' title="bbox 2057 619 3716 696">
     <span class='ocr_line' id='line_1_11' title="bbox 2057 619 3716 696; baseline 0 -17"><span class='ocrx_word' id='word_1_56' title='bbox 2057 642 2287 696; x_wconf 79' lang='lat' dir='ltr'><strong>semper</strong></span> <span class='ocrx_word' id='word_1_57' title='bbox 2317 641 2380 679; x_wconf 89' lang='lat' dir='ltr'><strong>ac</strong></span> <span class='ocrx_word' id='word_1_58' title='bbox 2415 621 2605 694; x_wconf 87' lang='lat' dir='ltr'><strong>magis</strong></span> <span class='ocrx_word' id='word_1_59' title='bbox 2631 638 3100 694; x_wconf 86' lang='lat' dir='ltr'><strong>progressuram,</strong></span> <span class='ocrx_word' id='word_1_60' title='bbox 3125 619 3416 694; x_wconf 82' lang='lat' dir='ltr'><strong>altiusque</strong></span> <span class='ocrx_word' id='word_1_61' title='bbox 3450 639 3716 680; x_wconf 89' lang='lat' dir='ltr'><strong>assurre-</strong></span> 
     </span>
    </p>
   </div>
   <div class='ocr_carea' id='block_1_12' title="bbox 2057 710 3719 784">
    <p class='ocr_par' dir='ltr' id='par_1_12' title="bbox 2057 710 3719 784">
     <span class='ocr_line' id='line_1_12' title="bbox 2057 710 3719 784; baseline -0.001 -15"><span class='ocrx_word' id='word_1_62' title='bbox 2057 717 2283 769; x_wconf 88' lang='lat' dir='ltr'><strong>cturam</strong></span> <span class='ocrx_word' id='word_1_63' title='bbox 2319 730 2332 768; x_wconf 86' lang='lat'><strong>:</strong></span> <span class='ocrx_word' id='word_1_64' title='bbox 2368 713 2540 768; x_wconf 81' lang='lat' dir='ltr'><strong>fidem</strong></span> <span class='ocrx_word' id='word_1_65' title='bbox 2593 712 2750 768; x_wconf 88' lang='lat' dir='ltr'><strong>enim</strong></span> <span class='ocrx_word' id='word_1_66' title='bbox 2798 711 2986 767; x_wconf 83' lang='lat' dir='ltr'><strong>habeo</strong></span> <span class='ocrx_word' id='word_1_67' title='bbox 3037 714 3092 766; x_wconf 90' lang='lat' dir='ltr'><strong>et</strong></span> <span class='ocrx_word' id='word_1_68' title='bbox 3142 710 3214 766; x_wconf 91' lang='lat' dir='ltr'><strong>iis</strong></span> <span class='ocrx_word' id='word_1_69' title='bbox 3259 727 3389 782; x_wconf 79' lang='lat' dir='ltr'><strong>quae</strong></span> <span class='ocrx_word' id='word_1_70' title='bbox 3437 712 3719 784; x_wconf 60' lang='lat' dir='ltr'><strong>praedicta</strong></span> 
     </span>
    </p>
   </div>
   <div class='ocr_carea' id='block_1_13' title="bbox 2057 800 3718 873">
    <p class='ocr_par' dir='ltr' id='par_1_13' title="bbox 2057 800 3718 873">
     <span class='ocr_line' id='line_1_13' title="bbox 2057 800 3718 873; baseline -0.002 -14"><span class='ocrx_word' id='word_1_71' title='bbox 2057 807 2217 870; x_wconf 92' lang='lat' dir='ltr'><strong>sunt,</strong></span> <span class='ocrx_word' id='word_1_72' title='bbox 2252 807 2308 858; x_wconf 90' lang='lat' dir='ltr'><strong>et</strong></span> <span class='ocrx_word' id='word_1_73' title='bbox 2338 802 2411 858; x_wconf 90' lang='lat' dir='ltr'><strong>iis</strong></span> <span class='ocrx_word' id='word_1_74' title='bbox 2443 820 2568 873; x_wconf 63' lang='lat' dir='ltr'><strong>quae</strong></span> <span class='ocrx_word' id='word_1_75' title='bbox 2619 800 2955 870; x_wconf 87' lang='lat' dir='ltr'><strong>cernimus;</strong></span> <span class='ocrx_word' id='word_1_76' title='bbox 2990 817 3168 872; x_wconf 84' lang='lat' dir='ltr'><strong>quam</strong></span> <span class='ocrx_word' id='word_1_77' title='bbox 3205 804 3268 856; x_wconf 91' lang='lat' dir='ltr'><strong>ut</strong></span> <span class='ocrx_word' id='word_1_78' title='bbox 3303 801 3450 856; x_wconf 82' lang='lat' dir='ltr'><strong>Deus</strong></span> <span class='ocrx_word' id='word_1_79' title='bbox 3482 801 3718 868; x_wconf 88' lang='lat' dir='ltr'><strong>creavit,</strong></span> 
     </span>
    </p>
   </div>
   <div class='ocr_carea' id='block_1_14' title="bbox 2057 889 3717 961">
    <p class='ocr_par' dir='ltr' id='par_1_14' title="bbox 2057 889 3717 961">
     <span class='ocr_line' id='line_1_14' title="bbox 2057 889 3717 961; baseline -0.002 -12"><span class='ocrx_word' id='word_1_80' title='bbox 2057 898 2114 949; x_wconf 91' lang='lat' dir='ltr'><strong>et</strong></span> <span class='ocrx_word' id='word_1_81' title='bbox 2146 898 2206 947; x_wconf 92' lang='lat' dir='ltr'><strong>ut</strong></span> <span class='ocrx_word' id='word_1_82' title='bbox 2237 892 2410 946; x_wconf 91' lang='lat' dir='ltr'><strong>homo</strong></span> <span class='ocrx_word' id='word_1_83' title='bbox 2434 890 2768 946; x_wconf 71' lang='lat' dir='ltr'><strong>haereditate</strong></span> <span class='ocrx_word' id='word_1_84' title='bbox 2800 894 3149 946; x_wconf 86' lang='lat' dir='ltr'><strong>consecutus</strong></span> <span class='ocrx_word' id='word_1_85' title='bbox 3195 893 3319 958; x_wconf 91' lang='lat' dir='ltr'><strong>est;</strong></span> <span class='ocrx_word' id='word_1_86' title='bbox 3357 906 3532 961; x_wconf 90' lang='lat' dir='ltr'><strong>quam</strong></span> <span class='ocrx_word' id='word_1_87' title='bbox 3563 889 3717 946; x_wconf 78' lang='lat'><strong>108</strong></span> 
     </span>
    </p>
   </div>
   <div class='ocr_carea' id='block_1_15' title="bbox 2056 979 3718 1052">
    <p class='ocr_par' dir='ltr' id='par_1_15' title="bbox 2056 979 3718 1052">
     <span class='ocr_line' id='line_1_15' title="bbox 2056 979 3718 1052; baseline -0.001 -16"><span class='ocrx_word' id='word_1_88' title='bbox 2056 983 2148 1037; x_wconf 83' lang='lat' dir='ltr'><strong>lex</strong></span> <span class='ocrx_word' id='word_1_89' title='bbox 2177 981 2570 1047; x_wconf 90' lang='lat' dir='ltr'><strong>adumbravit,</strong></span> <span class='ocrx_word' id='word_1_90' title='bbox 2602 985 2659 1035; x_wconf 92' lang='lat' dir='ltr'><strong>et</strong></span> <span class='ocrx_word' id='word_1_91' title='bbox 2691 979 2877 1052; x_wconf 52' lang='lat' dir='ltr'><strong>gratia</strong></span> <span class='ocrx_word' id='word_1_92' title='bbox 2925 979 3192 1052; x_wconf 83' lang='lat' dir='ltr'><strong>explevit,</strong></span> <span class='ocrx_word' id='word_1_93' title='bbox 3227 985 3284 1036; x_wconf 92' lang='lat' dir='ltr'><strong>et</strong></span> <span class='ocrx_word' id='word_1_94' title='bbox 3313 979 3583 1035; x_wconf 83' lang='lat' dir='ltr'><strong>Christus</strong></span> <span class='ocrx_word' id='word_1_95' title='bbox 3617 979 3718 1034; x_wconf 90' lang='lat' dir='ltr'><strong>de-</strong></span> 
     </span>
    </p>
   </div>
   <div class='ocr_carea' id='block_1_16' title="bbox 292 1068 3722 1147">
    <p class='ocr_par' dir='ltr' id='par_1_16' title="bbox 292 1068 3722 1147">
     <span class='ocr_line' id='line_1_16' title="bbox 292 1068 3722 1147; baseline -0.002 -16"><span class='ocrx_word' id='word_1_96' title='bbox 292 1078 504 1132; x_wconf 86' lang='lat' dir='ltr'><strong>dicavit</strong></span> <span class='ocrx_word' id='word_1_97' title='bbox 532 1095 544 1142; x_wconf 87' lang='lat'><strong>;</strong></span> <span class='ocrx_word' id='word_1_98' title='bbox 579 1093 757 1147; x_wconf 85' lang='lat' dir='ltr'><strong>quam</strong></span> <span class='ocrx_word' id='word_1_99' title='bbox 793 1075 1088 1146; x_wconf 81' lang='lat' dir='ltr'><strong>prophetae</strong></span> <span class='ocrx_word' id='word_1_100' title='bbox 1122 1076 1629 1145; x_wconf 87' lang='lat' dir='ltr'><strong>coagmentaruut,</strong></span> <span class='ocrx_word' id='word_1_101' title='bbox 1659 1075 1718 1127; x_wconf 89' lang='lat' dir='ltr'><strong>et</strong></span> <span class='ocrx_word' id='word_1_102' title='bbox 1749 1070 1995 1143; x_wconf 87' lang='lat' dir='ltr'><strong>apostoli</strong></span> <span class='ocrx_word' id='word_1_103' title='bbox 2027 1071 2194 1142; x_wconf 86' lang='lat' dir='ltr'><strong>quasi</strong></span> <span class='ocrx_word' id='word_1_104' title='bbox 2227 1070 2474 1126; x_wconf 88' lang='lat' dir='ltr'><strong>vinculis</strong></span> <span class='ocrx_word' id='word_1_105' title='bbox 2506 1069 3004 1138; x_wconf 87' lang='lat' dir='ltr'><strong>constrinxerunt,</strong></span> <span class='ocrx_word' id='word_1_106' title='bbox 3027 1074 3084 1126; x_wconf 92' lang='lat' dir='ltr'><strong>et</strong></span> <span class='ocrx_word' id='word_1_107' title='bbox 3114 1068 3484 1142; x_wconf 61' lang='lat' dir='ltr'><strong>evangelista</strong></span> <span class='ocrx_word' id='word_1_108' title='bbox 3518 1083 3722 1124; x_wconf 85' lang='lat' dir='ltr'><strong>nume-</strong></span> 
     </span>
    </p>
   </div>
   <div class='ocr_carea' id='block_1_17' title="bbox 291 1163 1141 1222">
    <p class='ocr_par' dir='ltr' id='par_1_17' title="bbox 291 1163 1141 1222">
     <span class='ocr_line' id='line_1_17' title="bbox 291 1163 1141 1222; baseline -0.005 -2"><span class='ocrx_word' id='word_1_109' title='bbox 291 1167 370 1222; x_wconf 88' lang='lat' dir='ltr'><strong>ris</strong></span> <span class='ocrx_word' id='word_1_110' title='bbox 402 1167 679 1222; x_wconf 89' lang='lat' dir='ltr'><strong>omnibus</strong></span> <span class='ocrx_word' id='word_1_111' title='bbox 712 1163 1141 1220; x_wconf 87' lang='lat' dir='ltr'><strong>absolverunt?</strong></span> 
     </span>
    </p>
   </div>
   <div class='ocr_carea' id='block_1_18' title="bbox 359 1248 1946 1326">
    <p class='ocr_par' dir='ltr' id='par_1_18' title="bbox 359 1248 1946 1326">
     <span class='ocr_line' id='line_1_18' title="bbox 359 1248 1946 1326; baseline -0.004 -19"><span class='ocrx_word' id='word_1_112' title='bbox 359 1254 491 1309; x_wconf 75' lang='grc' dir='ltr'>Ξιι“.</span> <span class='ocrx_word' id='word_1_113' title='bbox 521 1253 596 1306; x_wconf 82' lang='grc' dir='ltr'>Σὺ</span> <span class='ocrx_word' id='word_1_114' title='bbox 627 1253 761 1306; x_wconf 65' lang='grc' dir='ltr'>κατὰ</span> <span class='ocrx_word' id='word_1_115' title='bbox 785 1258 883 1319; x_wconf 82' lang='grc' dir='ltr'>τῆς</span> <span class='ocrx_word' id='word_1_116' title='bbox 920 1254 1152 1326; x_wconf 82' lang='grc' dir='ltr'>Χριστοῦ</span> <span class='ocrx_word' id='word_1_117' title='bbox 1185 1249 1370 1311; x_wconf 86' lang='grc' dir='ltr'>θυσίας</span> <span class='ocrx_word' id='word_1_118' title='bbox 1399 1253 1515 1310; x_wconf 80' lang='grc' dir='ltr'>τοῖς</span> <span class='ocrx_word' id='word_1_119' title='bbox 1550 1252 1663 1310; x_wconf 86' lang='grc' dir='ltr'>σοῖς</span> <span class='ocrx_word' id='word_1_120' title='bbox 1709 1248 1946 1320; x_wconf 79' lang='grc' dir='ltr'>μιάσμα-</span> 
     </span>
    </p>
   </div>
   <div class='ocr_carea' id='block_1_19' title="bbox 291 1334 1945 1410">
    <p class='ocr_par' dir='ltr' id='par_1_19' title="bbox 291 1334 1945 1410">
     <span class='ocr_line' id='line_1_19' title="bbox 291 1334 1945 1410; baseline -0.004 -14"><span class='ocrx_word' id='word_1_121' title='bbox 291 1361 380 1410; x_wconf 91' lang='grc' dir='ltr'><strong>σι;</strong></span> <span class='ocrx_word' id='word_1_122' title='bbox 417 1341 491 1395; x_wconf 75' lang='grc' dir='ltr'>Σὺ</span> <span class='ocrx_word' id='word_1_123' title='bbox 523 1341 658 1395; x_wconf 85' lang='grc' dir='ltr'><strong>κατά</strong></span> <span class='ocrx_word' id='word_1_124' title='bbox 699 1345 794 1394; x_wconf 90' lang='grc' dir='ltr'><strong>τοῦ</strong></span> <span class='ocrx_word' id='word_1_125' title='bbox 836 1340 926 1394; x_wconf 85' lang='grc' dir='ltr'><strong>τὸν</strong></span> <span class='ocrx_word' id='word_1_126' title='bbox 967 1338 1173 1410; x_wconf 78' lang='grc' dir='ltr'>κόσμον</span> <span class='ocrx_word' id='word_1_127' title='bbox 1205 1340 1538 1410; x_wconf 69' lang='grc' dir='ltr'>καθήραντος</span> <span class='ocrx_word' id='word_1_128' title='bbox 1571 1341 1681 1407; x_wconf 83' lang='grc'>(85)</span> <span class='ocrx_word' id='word_1_129' title='bbox 1717 1334 1945 1409; x_wconf 72' lang='grc' dir='ltr'>α’ίματος</span> 
     </span>
    </p>
   </div>
   <div class='ocr_carea' id='block_1_20' title="bbox 289 1425 1942 1502">
    <p class='ocr_par' dir='ltr' id='par_1_20' title="bbox 289 1425 1942 1502">
     <span class='ocr_line' id='line_1_20' title="bbox 289 1425 1942 1502; baseline -0.004 -18"><span class='ocrx_word' id='word_1_130' title='bbox 289 1436 404 1492; x_wconf 81' lang='grc' dir='ltr'>τοῖς</span> <span class='ocrx_word' id='word_1_131' title='bbox 437 1435 553 1491; x_wconf 79' lang='grc' dir='ltr'>σοῖς</span> <span class='ocrx_word' id='word_1_132' title='bbox 585 1428 774 1502; x_wconf 82' lang='grc' dir='ltr'>α’ίμασι</span> <span class='ocrx_word' id='word_1_133' title='bbox 801 1447 814 1497; x_wconf 91' lang='grc'>;</span> <span class='ocrx_word' id='word_1_134' title='bbox 849 1427 922 1482; x_wconf 75' lang='grc' dir='ltr'>Σὺ</span> <span class='ocrx_word' id='word_1_135' title='bbox 955 1426 1197 1499; x_wconf 68' lang='grc' dir='ltr'>πόλεμον</span> <span class='ocrx_word' id='word_1_136' title='bbox 1233 1429 1346 1500; x_wconf 87' lang='grc'>(86(</span> <span class='ocrx_word' id='word_1_137' title='bbox 1374 1428 1511 1480; x_wconf 82' lang='grc' dir='ltr'><strong>κατά</strong></span> <span class='ocrx_word' id='word_1_138' title='bbox 1538 1432 1637 1495; x_wconf 77' lang='grc' dir='ltr'>τῆς</span> <span class='ocrx_word' id='word_1_139' title='bbox 1681 1425 1942 1498; x_wconf 73' lang='grc' dir='ltr'>εἷ’ρήνης;</span> 
     </span>
    </p>
   </div>
   <div class='ocr_carea' id='block_1_21' title="bbox 295 1511 1948 1593">
    <p class='ocr_par' dir='ltr' id='par_1_21' title="bbox 295 1511 1948 1593">
     <span class='ocr_line' id='line_1_21' title="bbox 295 1511 1948 1593; baseline -0.003 -22"><span class='ocrx_word' id='word_1_140' title='bbox 295 1517 370 1571; x_wconf 80' lang='grc' dir='ltr'><strong>Σὺ</strong></span> <span class='ocrx_word' id='word_1_141' title='bbox 427 1523 588 1593; x_wconf 83' lang='grc' dir='ltr'>χεῖρα</span> <span class='ocrx_word' id='word_1_142' title='bbox 642 1518 777 1572; x_wconf 87' lang='grc' dir='ltr'><strong>κατά</strong></span> <span class='ocrx_word' id='word_1_143' title='bbox 824 1524 922 1586; x_wconf 75' lang='grc' dir='ltr'>τῆς</span> <span class='ocrx_word' id='word_1_144' title='bbox 985 1517 1116 1591; x_wconf 71' lang='grc' dir='ltr'>ὑπὲρ</span> <span class='ocrx_word' id='word_1_145' title='bbox 1164 1521 1258 1570; x_wconf 86' lang='grc' dir='ltr'><strong>σοῦ</strong></span> <span class='ocrx_word' id='word_1_146' title='bbox 1283 1515 1593 1586; x_wconf 80' lang='grc' dir='ltr'>ἡλωοείσης</span> <span class='ocrx_word' id='word_1_147' title='bbox 1625 1536 1683 1568; x_wconf 89' lang='grc' dir='ltr'><strong>τε</strong></span> <span class='ocrx_word' id='word_1_148' title='bbox 1712 1515 1798 1568; x_wconf 82' lang='grc' dir='ltr'><strong>καὶ</strong></span> <span class='ocrx_word' id='word_1_149' title='bbox 1860 1511 1948 1567; x_wconf 74' lang='grc' dir='ltr'><strong>διὰ</strong></span> 
     </span>
    </p>
   </div>
   <div class='ocr_carea' id='block_1_22' title="bbox 293 1604 1946 1681">
    <p class='ocr_par' dir='ltr' id='par_1_22' title="bbox 293 1604 1946 1681">
     <span class='ocr_line' id='line_1_22' title="bbox 293 1604 1946 1681; baseline -0.003 -20"><span class='ocrx_word' id='word_1_150' title='bbox 293 1607 376 1674; x_wconf 90' lang='grc' dir='ltr'>σέ;</span> <span class='ocrx_word' id='word_1_151' title='bbox 414 1608 486 1661; x_wconf 87' lang='grc' dir='ltr'><strong>Σὸ</strong></span> <span class='ocrx_word' id='word_1_152' title='bbox 548 1606 681 1662; x_wconf 79' lang='grc' dir='ltr'>κατὰ</span> <span class='ocrx_word' id='word_1_153' title='bbox 733 1614 834 1675; x_wconf 76' lang='grc' dir='ltr'>τῆς</span> <span class='ocrx_word' id='word_1_154' title='bbox 893 1604 1074 1681; x_wconf 73' lang='grc' dir='ltr'>χολῆς</span> <span class='ocrx_word' id='word_1_155' title='bbox 1123 1606 1222 1673; x_wconf 73' lang='grc' dir='ltr'>τὴν</span> <span class='ocrx_word' id='word_1_156' title='bbox 1275 1606 1374 1673; x_wconf 78' lang='grc' dir='ltr'>σὴν</span> <span class='ocrx_word' id='word_1_157' title='bbox 1424 1609 1640 1680; x_wconf 84' lang='grc' dir='ltr'>γεῦσιν;</span> <span class='ocrx_word' id='word_1_158' title='bbox 1689 1604 1825 1657; x_wconf 85' lang='grc' dir='ltr'><strong>κατά</strong></span> <span class='ocrx_word' id='word_1_159' title='bbox 1850 1606 1946 1656; x_wconf 80' lang='grc' dir='ltr'><strong>τοῦ</strong></span> 
     </span>
    </p>
   </div>
   <div class='ocr_carea' id='block_1_23' title="bbox 290 1690 1943 1772">
    <p class='ocr_par' dir='ltr' id='par_1_23' title="bbox 290 1690 1943 1772">
     <span class='ocr_line' id='line_1_23' title="bbox 290 1690 1943 1772; baseline -0.004 -22"><span class='ocrx_word' id='word_1_160' title='bbox 290 1700 520 1772; x_wconf 84' lang='grc' dir='ltr'>σταυροῦ</span> <span class='ocrx_word' id='word_1_161' title='bbox 566 1696 825 1772; x_wconf 82' lang='grc' dir='ltr'>τρόπαιον</span> <span class='ocrx_word' id='word_1_162' title='bbox 855 1714 868 1763; x_wconf 91' lang='grc'>;</span> <span class='ocrx_word' id='word_1_163' title='bbox 903 1695 1036 1748; x_wconf 85' lang='grc' dir='ltr'><strong>κατά</strong></span> <span class='ocrx_word' id='word_1_164' title='bbox 1080 1693 1176 1748; x_wconf 73' lang='grc' dir='ltr'><strong>τοῦ</strong></span> <span class='ocrx_word' id='word_1_165' title='bbox 1210 1693 1436 1748; x_wconf 84' lang='grc' dir='ltr'>θανάτου</span> <span class='ocrx_word' id='word_1_166' title='bbox 1469 1690 1760 1747; x_wconf 73' lang='grc' dir='ltr'>κατάλυσιν</span> <span class='ocrx_word' id='word_1_167' title='bbox 1798 1694 1943 1765; x_wconf 84' lang='grc'>(87);</span> 
     </span>
    </p>
   </div>
   <div class='ocr_carea' id='block_1_24' title="bbox 2129 1247 3720 1305">
    <p class='ocr_par' dir='ltr' id='par_1_24' title="bbox 2129 1247 3720 1305">
     <span class='ocr_line' id='line_1_24' title="bbox 2129 1247 3720 1305; baseline 0.001 -3"><span class='ocrx_word' id='word_1_168' title='bbox 2129 1248 2369 1304; x_wconf 81' lang='lat' dir='ltr'><strong>LXVIII.</strong></span> <span class='ocrx_word' id='word_1_169' title='bbox 2402 1248 2564 1303; x_wconf 92' lang='lat' dir='ltr'><strong>Tunc</strong></span> <span class='ocrx_word' id='word_1_170' title='bbox 2611 1249 2892 1304; x_wconf 87' lang='lat' dir='ltr'><strong>adversus</strong></span> <span class='ocrx_word' id='word_1_171' title='bbox 2942 1247 3158 1305; x_wconf 89' lang='lat' dir='ltr'><strong>Christi</strong></span> <span class='ocrx_word' id='word_1_172' title='bbox 3192 1247 3548 1305; x_wconf 83' lang='lat' dir='ltr'><strong>sacriﬁcium</strong></span> <span class='ocrx_word' id='word_1_173' title='bbox 3581 1263 3720 1304; x_wconf 89' lang='lat' dir='ltr'><strong>cum</strong></span> 
     </span>
    </p>
   </div>
   <div class='ocr_carea' id='block_1_25' title="bbox 2059 1337 3719 1410">
    <p class='ocr_par' dir='ltr' id='par_1_25' title="bbox 2059 1337 3719 1410">
     <span class='ocr_line' id='line_1_25' title="bbox 2059 1337 3719 1410; baseline 0 -17"><span class='ocrx_word' id='word_1_174' title='bbox 2059 1338 2175 1393; x_wconf 87' lang='lat' dir='ltr'><strong>tuis</strong></span> <span class='ocrx_word' id='word_1_175' title='bbox 2231 1337 2527 1410; x_wconf 87' lang='lat' dir='ltr'><strong>piaculis?</strong></span> <span class='ocrx_word' id='word_1_176' title='bbox 2559 1340 2723 1393; x_wconf 90' lang='lat' dir='ltr'><strong>Tune</strong></span> <span class='ocrx_word' id='word_1_177' title='bbox 2771 1339 3049 1394; x_wconf 86' lang='lat' dir='ltr'><strong>adversus</strong></span> <span class='ocrx_word' id='word_1_178' title='bbox 3093 1356 3227 1395; x_wconf 91' lang='lat' dir='ltr'><strong>eum</strong></span> <span class='ocrx_word' id='word_1_179' title='bbox 3279 1353 3567 1409; x_wconf 88' lang='lat' dir='ltr'><strong>cruorem,</strong></span> <span class='ocrx_word' id='word_1_180' title='bbox 3601 1354 3719 1410; x_wconf 90' lang='lat' dir='ltr'><strong>quo</strong></span> 
     </span>
    </p>
   </div>
   <div class='ocr_carea' id='block_1_26' title="bbox 2057 1426 3719 1499">
    <p class='ocr_par' dir='ltr' id='par_1_26' title="bbox 2057 1426 3719 1499">
     <span class='ocr_line' id='line_1_26' title="bbox 2057 1426 3719 1499; baseline 0.001 -17"><span class='ocrx_word' id='word_1_181' title='bbox 2057 1428 2318 1482; x_wconf 89' lang='lat' dir='ltr'><strong>mundus</strong></span> <span class='ocrx_word' id='word_1_182' title='bbox 2379 1431 2660 1499; x_wconf 85' lang='lat' dir='ltr'><strong>purgatus</strong></span> <span class='ocrx_word' id='word_1_183' title='bbox 2693 1431 2798 1497; x_wconf 87' lang='lat' dir='ltr'><strong>est,</strong></span> <span class='ocrx_word' id='word_1_184' title='bbox 2833 1444 2964 1482; x_wconf 90' lang='lat' dir='ltr'><strong>cum</strong></span> <span class='ocrx_word' id='word_1_185' title='bbox 2999 1428 3115 1482; x_wconf 88' lang='lat' dir='ltr'><strong>tuis</strong></span> <span class='ocrx_word' id='word_1_186' title='bbox 3166 1426 3523 1484; x_wconf 91' lang='lat' dir='ltr'><strong>cruoribus?</strong></span> <span class='ocrx_word' id='word_1_187' title='bbox 3551 1427 3719 1484; x_wconf 84' lang='lat' dir='ltr'><strong>Tune</strong></span> 
     </span>
    </p>
   </div>
   <div class='ocr_carea' id='block_1_27' title="bbox 2056 1516 3720 1589">
    <p class='ocr_par' dir='ltr' id='par_1_27' title="bbox 2056 1516 3720 1589">
     <span class='ocr_line' id='line_1_27' title="bbox 2056 1516 3720 1589; baseline 0.004 -18"><span class='ocrx_word' id='word_1_188' title='bbox 2056 1516 2276 1572; x_wconf 88' lang='lat' dir='ltr'><strong>bellum</strong></span> <span class='ocrx_word' id='word_1_189' title='bbox 2326 1517 2610 1573; x_wconf 81' lang='lat' dir='ltr'><strong>adversus</strong></span> <span class='ocrx_word' id='word_1_190' title='bbox 2650 1518 2899 1589; x_wconf 86' lang='lat' dir='ltr'><strong>pacem?</strong></span> <span class='ocrx_word' id='word_1_191' title='bbox 2929 1518 3094 1573; x_wconf 88' lang='lat' dir='ltr'><strong>Tune</strong></span> <span class='ocrx_word' id='word_1_192' title='bbox 3145 1534 3384 1574; x_wconf 90' lang='lat' dir='ltr'><strong>manum</strong></span> <span class='ocrx_word' id='word_1_193' title='bbox 3437 1521 3720 1578; x_wconf 81' lang='lat' dir='ltr'><strong>adversus</strong></span> 
     </span>
    </p>
   </div>
   <div class='ocr_carea' id='block_1_28' title="bbox 2057 1607 3720 1679">
    <p class='ocr_par' dir='ltr' id='par_1_28' title="bbox 2057 1607 3720 1679">
     <span class='ocr_line' id='line_1_28' title="bbox 2057 1607 3720 1679; baseline 0.005 -19"><span class='ocrx_word' id='word_1_194' title='bbox 2057 1621 2184 1660; x_wconf 88' lang='lat' dir='ltr'><strong>eam</strong></span> <span class='ocrx_word' id='word_1_195' title='bbox 2217 1622 2363 1676; x_wconf 76' lang='lat' dir='ltr'><strong>quae,</strong></span> <span class='ocrx_word' id='word_1_196' title='bbox 2398 1611 2456 1661; x_wconf 91' lang='lat' dir='ltr'><strong>et</strong></span> <span class='ocrx_word' id='word_1_197' title='bbox 2487 1623 2592 1678; x_wconf 91' lang='lat' dir='ltr'><strong>pro</strong></span> <span class='ocrx_word' id='word_1_198' title='bbox 2648 1612 2723 1677; x_wconf 88' lang='lat' dir='ltr'><strong>te,</strong></span> <span class='ocrx_word' id='word_1_199' title='bbox 2756 1611 2815 1662; x_wconf 89' lang='lat' dir='ltr'><strong>et</strong></span> <span class='ocrx_word' id='word_1_200' title='bbox 2846 1611 3081 1679; x_wconf 88' lang='lat' dir='ltr'><strong>propter</strong></span> <span class='ocrx_word' id='word_1_201' title='bbox 3109 1611 3186 1678; x_wconf 90' lang='lat' dir='ltr'><strong>te,</strong></span> <span class='ocrx_word' id='word_1_202' title='bbox 3220 1607 3398 1664; x_wconf 80' lang='lat' dir='ltr'><strong>clavis</strong></span> <span class='ocrx_word' id='word_1_203' title='bbox 3437 1612 3720 1668; x_wconf 79' lang='lat' dir='ltr'><strong>transﬁxa</strong></span> 
     </span>
    </p>
   </div>
   <div class='ocr_carea' id='block_1_29' title="bbox 2057 1695 3719 1767">
    <p class='ocr_par' dir='ltr' id='par_1_29' title="bbox 2057 1695 3719 1767">
     <span class='ocr_line' id='line_1_29' title="bbox 2057 1695 3719 1767; baseline 0.005 -19"><span class='ocrx_word' id='word_1_204' title='bbox 2057 1700 2145 1749; x_wconf 91' lang='lat' dir='ltr'><strong>est</strong></span> <span class='ocrx_word' id='word_1_205' title='bbox 2163 1695 2190 1749; x_wconf 84' lang='lat'><strong>?</strong></span> <span class='ocrx_word' id='word_1_206' title='bbox 2222 1695 2386 1750; x_wconf 88' lang='lat' dir='ltr'><strong>Tunc</strong></span> <span class='ocrx_word' id='word_1_207' title='bbox 2435 1695 2716 1751; x_wconf 88' lang='lat' dir='ltr'><strong>adversus</strong></span> <span class='ocrx_word' id='word_1_208' title='bbox 2750 1695 2845 1765; x_wconf 84' lang='lat' dir='ltr'><strong>l‘el,</strong></span> <span class='ocrx_word' id='word_1_209' title='bbox 2895 1699 3135 1767; x_wconf 81' lang='lat' dir='ltr'><strong>gustum</strong></span> <span class='ocrx_word' id='word_1_210' title='bbox 3188 1700 3358 1752; x_wconf 90' lang='lat' dir='ltr'><strong>tuum</strong></span> <span class='ocrx_word' id='word_1_211' title='bbox 3381 1696 3408 1752; x_wconf 86' lang='lat'><strong>?</strong></span> <span class='ocrx_word' id='word_1_212' title='bbox 3437 1699 3719 1757; x_wconf 88' lang='lat' dir='ltr'><strong>adversus</strong></span> 
     </span>
    </p>
   </div>
   <div class='ocr_carea' id='block_1_30' title="bbox 283 1780 1934 1861">
    <p class='ocr_par' dir='ltr' id='par_1_30' title="bbox 283 1780 1934 1854">
     <span class='ocr_line' id='line_1_30' title="bbox 283 1780 1934 1854; baseline -0.004 -14"><span class='ocrx_word' id='word_1_213' title='bbox 283 1785 419 1840; x_wconf 84' lang='grc' dir='ltr'><strong>κατά</strong></span> <span class='ocrx_word' id='word_1_214' title='bbox 470 1791 571 1854; x_wconf 79' lang='grc' dir='ltr'>τῆς</span> <span class='ocrx_word' id='word_1_215' title='bbox 627 1784 962 1845; x_wconf 72' lang='grc' dir='ltr'>ἀναστάσεως</span> <span class='ocrx_word' id='word_1_216' title='bbox 1020 1783 1414 1851; x_wconf 75' lang='grc' dir='ltr'>ἐπανάστασιν;</span> <span class='ocrx_word' id='word_1_217' title='bbox 1473 1781 1609 1836; x_wconf 83' lang='grc' dir='ltr'><strong>κατά</strong></span> <span class='ocrx_word' id='word_1_218' title='bbox 1645 1785 1741 1836; x_wconf 91' lang='grc' dir='ltr'><strong>τοῦ</strong></span> <span class='ocrx_word' id='word_1_219' title='bbox 1805 1780 1934 1854; x_wconf 78' lang='grc' dir='ltr'>μαρ-</span> 
     </span>
    </p>
   </div>
   <div class='ocr_carea' id='block_1_31' title="bbox 2057 1780 3719 1861">
    <p class='ocr_par' dir='ltr' id='par_1_31' title="bbox 2057 1784 3719 1855">
     <span class='ocr_line' id='line_1_31' title="bbox 2057 1784 3719 1855; baseline 0.002 -17"><span class='ocrx_word' id='word_1_220' title='bbox 2057 1800 2307 1850; x_wconf 87' lang='lat' dir='ltr'><strong>crucem,</strong></span> <span class='ocrx_word' id='word_1_221' title='bbox 2341 1784 2668 1855; x_wconf 75' lang='lat' dir='ltr'><strong>trophaeum</strong></span> <span class='ocrx_word' id='word_1_222' title='bbox 2696 1788 2718 1840; x_wconf 73' lang='grc' dir='ltr'>Ρ</span> <span class='ocrx_word' id='word_1_223' title='bbox 2748 1785 3025 1840; x_wconf 88' lang='lat' dir='ltr'><strong>adversus</strong></span> <span class='ocrx_word' id='word_1_224' title='bbox 3072 1788 3343 1854; x_wconf 88' lang='lat' dir='ltr'><strong>mortem,</strong></span> <span class='ocrx_word' id='word_1_225' title='bbox 3377 1785 3719 1843; x_wconf 88' lang='lat' dir='ltr'><strong>dissolutio-</strong></span> 
     </span>
    </p>
   </div>
   <div class='ocr_carea' id='block_1_32' title="bbox 281 1869 1943 1951">
    <p class='ocr_par' dir='ltr' id='par_1_32' title="bbox 281 1869 1943 1951">
     <span class='ocr_line' id='line_1_32' title="bbox 281 1869 1943 1951; baseline -0.003 -22"><span class='ocrx_word' id='word_1_226' title='bbox 281 1895 443 1950; x_wconf 86' lang='grc' dir='ltr'>τυρος</span> <span class='ocrx_word' id='word_1_227' title='bbox 477 1873 604 1929; x_wconf 70' lang='grc' dir='ltr'>οὐδὲ</span> <span class='ocrx_word' id='word_1_228' title='bbox 637 1875 909 1951; x_wconf 76' lang='grc' dir='ltr'>μάρτυρας</span> <span class='ocrx_word' id='word_1_229' title='bbox 932 1877 1080 1946; x_wconf 83' lang='lat'>(88);</span> <span class='ocrx_word' id='word_1_230' title='bbox 1119 1869 1520 1948; x_wconf 81' lang='grc' dir='ltr'>μετάἩρώδην</span> <span class='ocrx_word' id='word_1_231' title='bbox 1546 1869 1786 1940; x_wconf 86' lang='grc' dir='ltr'>διώκτης</span> <span class='ocrx_word' id='word_1_232' title='bbox 1808 1871 1943 1942; x_wconf 84' lang='grc'>(89),</span> 
     </span>
    </p>
   </div>
   <div class='ocr_carea' id='block_1_33' title="bbox 285 1954 1946 2038">
    <p class='ocr_par' dir='ltr' id='par_1_33' title="bbox 285 1954 1946 2038">
     <span class='ocr_line' id='line_1_33' title="bbox 285 1954 1946 2038; baseline -0.004 -21"><span class='ocrx_word' id='word_1_233' title='bbox 285 1965 372 2017; x_wconf 83' lang='grc' dir='ltr'><strong>καὶ</strong></span> <span class='ocrx_word' id='word_1_234' title='bbox 433 1965 567 2036; x_wconf 86' lang='grc' dir='ltr'><strong>μετά</strong></span> <span class='ocrx_word' id='word_1_235' title='bbox 621 1961 828 2020; x_wconf 78' lang='grc' dir='ltr'>Ἰούδαν</span> <span class='ocrx_word' id='word_1_236' title='bbox 887 1959 1200 2038; x_wconf 70' lang='grc' dir='ltr'>προδότης;</span> <span class='ocrx_word' id='word_1_237' title='bbox 1255 1960 1401 2030; x_wconf 76' lang='grc' dir='ltr'>πλὴν</span> <span class='ocrx_word' id='word_1_238' title='bbox 1449 1959 1572 2014; x_wconf 80' lang='grc' dir='ltr'>ὅσον</span> <span class='ocrx_word' id='word_1_239' title='bbox 1609 1959 1707 2013; x_wconf 82' lang='grc' dir='ltr'><strong>ούκ</strong></span> <span class='ocrx_word' id='word_1_240' title='bbox 1736 1954 1946 2033; x_wconf 74' lang='grc' dir='ltr'>ἀγχόνῃ</span> 
     </span>
    </p>
   </div>
   <div class='ocr_carea' id='block_1_34' title="bbox 283 2049 1941 2126">
    <p class='ocr_par' dir='ltr' id='par_1_34' title="bbox 283 2049 1941 2126">
     <span class='ocr_line' id='line_1_34' title="bbox 283 2049 1941 2126; baseline -0.004 -18"><span class='ocrx_word' id='word_1_241' title='bbox 283 2055 384 2122; x_wconf 73' lang='grc' dir='ltr'>τὴν</span> <span class='ocrx_word' id='word_1_242' title='bbox 439 2055 718 2126; x_wconf 79' lang='grc' dir='ltr'>μετάνοιαν</span> <span class='ocrx_word' id='word_1_243' title='bbox 763 2049 962 2123; x_wconf 79' lang='grc' dir='ltr'>ἔδειξας</span> <span class='ocrx_word' id='word_1_244' title='bbox 1021 2049 1200 2124; x_wconf 81' lang='grc' dir='ltr'>ὥσπερ</span> <span class='ocrx_word' id='word_1_245' title='bbox 1252 2049 1494 2112; x_wconf 86' lang='grc' dir='ltr'>ἐκεῖνος·</span> <span class='ocrx_word' id='word_1_246' title='bbox 1553 2049 1643 2104; x_wconf 82' lang='grc' dir='ltr'><strong>καὶ</strong></span> <span class='ocrx_word' id='word_1_247' title='bbox 1713 2054 1941 2124; x_wconf 77' lang='grc' dir='ltr'>Χριστο-</span> 
     </span>
    </p>
   </div>
   <div class='ocr_carea' id='block_1_35' title="bbox 282 2135 1942 2216">
    <p class='ocr_par' dir='ltr' id='par_1_35' title="bbox 282 2135 1942 2216">
     <span class='ocr_line' id='line_1_35' title="bbox 282 2135 1942 2216; baseline -0.004 -20"><span class='ocrx_word' id='word_1_248' title='bbox 282 2141 473 2204; x_wconf 85' lang='grc' dir='ltr'>κτόνος</span> <span class='ocrx_word' id='word_1_249' title='bbox 530 2142 662 2216; x_wconf 74' lang='grc' dir='ltr'>μετὰ</span> <span class='ocrx_word' id='word_1_250' title='bbox 721 2141 978 2210; x_wconf 76' lang='grc' dir='ltr'>Πιλᾶτον,</span> <span class='ocrx_word' id='word_1_251' title='bbox 1037 2140 1126 2195; x_wconf 88' lang='grc' dir='ltr'><strong>καὶ</strong></span> <span class='ocrx_word' id='word_1_252' title='bbox 1198 2141 1333 2214; x_wconf 84' lang='grc' dir='ltr'><strong>μετά</strong></span> <span class='ocrx_word' id='word_1_253' title='bbox 1411 2135 1704 2200; x_wconf 75' lang='grc' dir='ltr'>Ἰουδαίους</span> <span class='ocrx_word' id='word_1_254' title='bbox 1786 2135 1942 2210; x_wconf 86' lang='grc' dir='ltr'>μισό-</span> 
     </span>
    </p>
   </div>
   <div class='ocr_carea' id='block_1_36' title="bbox 283 2233 441 2300">
    <p class='ocr_par' dir='ltr' id='par_1_36' title="bbox 283 2233 441 2300">
     <span class='ocr_line' id='line_1_36' title="bbox 283 2233 441 2300; baseline 0 -14"><span class='ocrx_word' id='word_1_255' title='bbox 283 2233 400 2294; x_wconf 84' lang='grc' dir='ltr'>θεος</span> <span class='ocrx_word' id='word_1_256' title='bbox 427 2249 441 2300; x_wconf 88' lang='grc'><strong>;</strong></span> 
     </span>
    </p>
   </div>
   <div class='ocr_carea' id='block_1_37' title="bbox 356 2405 1938 2482">
    <p class='ocr_par' dir='ltr' id='par_1_37' title="bbox 356 2405 1938 2482">
     <span class='ocr_line' id='line_1_37' title="bbox 356 2405 1938 2482; baseline -0.004 -19"><span class='ocrx_word' id='word_1_257' title='bbox 356 2411 483 2465; x_wconf 84' lang='grc' dir='ltr'><strong>ΞΘ’.</strong></span> <span class='ocrx_word' id='word_1_258' title='bbox 517 2408 626 2462; x_wconf 79' lang='grc' dir='ltr'><strong>Ούκ</strong></span> <span class='ocrx_word' id='word_1_259' title='bbox 679 2405 914 2481; x_wconf 70' lang='grc' dir='ltr'>ᾑδέσθης</span> <span class='ocrx_word' id='word_1_260' title='bbox 959 2408 1022 2461; x_wconf 87' lang='grc' dir='ltr'>τὸ</span> <span class='ocrx_word' id='word_1_261' title='bbox 1071 2407 1202 2482; x_wconf 68' lang='grc' dir='ltr'>ὑπὲρ</span> <span class='ocrx_word' id='word_1_262' title='bbox 1254 2409 1488 2481; x_wconf 82' lang='grc' dir='ltr'>Χριστοῦ</span> <span class='ocrx_word' id='word_1_263' title='bbox 1538 2407 1650 2479; x_wconf 87' lang='grc'>(90)</span> <span class='ocrx_word' id='word_1_264' title='bbox 1704 2405 1938 2481; x_wconf 72' lang='grc' dir='ltr'>σφάγια,</span> 
     </span>
    </p>
   </div>
   <div class='ocr_carea' id='block_1_38' title="bbox 287 2492 1943 2574">
    <p class='ocr_par' dir='ltr' id='par_1_38' title="bbox 287 2492 1943 2574">
     <span class='ocr_line' id='line_1_38' title="bbox 287 2492 1943 2574; baseline -0.002 -23"><span class='ocrx_word' id='word_1_265' title='bbox 287 2495 413 2552; x_wconf 75' lang='grc' dir='ltr'>οὐδὲ</span> <span class='ocrx_word' id='word_1_266' title='bbox 445 2492 720 2574; x_wconf 70' lang='grc' dir='ltr'>ἐφοϐήθης</span> <span class='ocrx_word' id='word_1_267' title='bbox 768 2497 895 2556; x_wconf 72' lang='grc' dir='ltr'>τοὺς</span> <span class='ocrx_word' id='word_1_268' title='bbox 953 2493 1221 2570; x_wconf 76' lang='grc' dir='ltr'>μεγάλους</span> <span class='ocrx_word' id='word_1_269' title='bbox 1272 2493 1593 2569; x_wconf 71' lang='grc' dir='ltr'>ἀγωνιστὰς,</span> <span class='ocrx_word' id='word_1_270' title='bbox 1637 2495 1726 2548; x_wconf 86' lang='grc' dir='ltr'><strong>τὸν</strong></span> <span class='ocrx_word' id='word_1_271' title='bbox 1758 2493 1943 2548; x_wconf 83' lang='grc' dir='ltr'>ἰωοὶν-</span> 
     </span>
    </p>
   </div>
   <div class='ocr_carea' id='block_1_39' title="bbox 285 2577 1942 2658">
    <p class='ocr_par' dir='ltr' id='par_1_39' title="bbox 285 2577 1942 2658">
     <span class='ocr_line' id='line_1_39' title="bbox 285 2577 1942 2658; baseline -0.004 -18"><span class='ocrx_word' id='word_1_272' title='bbox 285 2608 382 2656; x_wconf 91' lang='grc' dir='ltr'><strong>νην</strong></span> <span class='ocrx_word' id='word_1_273' title='bbox 417 2586 640 2655; x_wconf 80' lang='grc' dir='ltr'>ἐκεῖνον,</span> <span class='ocrx_word' id='word_1_274' title='bbox 673 2585 763 2638; x_wconf 85' lang='grc' dir='ltr'>τὸν</span> <span class='ocrx_word' id='word_1_275' title='bbox 816 2585 1036 2658; x_wconf 84' lang='grc' dir='ltr'>Πέτρον,</span> <span class='ocrx_word' id='word_1_276' title='bbox 1084 2584 1175 2637; x_wconf 87' lang='grc' dir='ltr'>τὸν</span> <span class='ocrx_word' id='word_1_277' title='bbox 1239 2582 1476 2653; x_wconf 87' lang='grc' dir='ltr'>Παῦλον,</span> <span class='ocrx_word' id='word_1_278' title='bbox 1526 2583 1614 2636; x_wconf 84' lang='grc' dir='ltr'>τὸν</span> <span class='ocrx_word' id='word_1_279' title='bbox 1663 2577 1942 2651; x_wconf 69' lang='grc' dir='ltr'>Ἰάκωϐον,</span> 
     </span>
    </p>
   </div>
   <div class='ocr_carea' id='block_1_40' title="bbox 282 2668 1939 2752">
    <p class='ocr_par' dir='ltr' id='par_1_40' title="bbox 282 2668 1939 2752">
     <span class='ocr_line' id='line_1_40' title="bbox 282 2668 1939 2752; baseline -0.002 -24"><span class='ocrx_word' id='word_1_280' title='bbox 282 2677 372 2730; x_wconf 88' lang='grc' dir='ltr'>τὸν</span> <span class='ocrx_word' id='word_1_281' title='bbox 405 2674 692 2752; x_wconf 57' lang='grc' dir='ltr'>Στέφανον,</span> <span class='ocrx_word' id='word_1_282' title='bbox 724 2675 812 2728; x_wconf 76' lang='grc' dir='ltr'>τὸν</span> <span class='ocrx_word' id='word_1_283' title='bbox 847 2675 1074 2744; x_wconf 74' lang='grc' dir='ltr'>ἡουκᾶν,</span> <span class='ocrx_word' id='word_1_284' title='bbox 1123 2671 1214 2726; x_wconf 83' lang='grc' dir='ltr'>τὸν</span> <span class='ocrx_word' id='word_1_285' title='bbox 1264 2668 1550 2746; x_wconf 76' lang='grc' dir='ltr'>Ἀνδρέαν,</span> <span class='ocrx_word' id='word_1_286' title='bbox 1576 2672 1674 2740; x_wconf 74' lang='grc' dir='ltr'>τὴν</span> <span class='ocrx_word' id='word_1_287' title='bbox 1711 2669 1939 2741; x_wconf 85' lang='grc' dir='ltr'>Θέκλαν,</span> 
     </span>
    </p>
   </div>
   <div class='ocr_carea' id='block_1_41' title="bbox 281 2760 1939 2838">
    <p class='ocr_par' dir='ltr' id='par_1_41' title="bbox 281 2760 1939 2838">
     <span class='ocr_line' id='line_1_41' title="bbox 281 2760 1939 2838; baseline -0.004 -18"><span class='ocrx_word' id='word_1_288' title='bbox 281 2765 407 2826; x_wconf 73' lang='grc' dir='ltr'>τοὺς</span> <span class='ocrx_word' id='word_1_289' title='bbox 463 2764 543 2818; x_wconf 85' lang='grc' dir='ltr'>ἐπ’</span> <span class='ocrx_word' id='word_1_290' title='bbox 603 2763 828 2825; x_wconf 84' lang='grc' dir='ltr'>ἐκείνοις</span> <span class='ocrx_word' id='word_1_291' title='bbox 884 2784 943 2817; x_wconf 87' lang='grc' dir='ltr'><strong>τε</strong></span> <span class='ocrx_word' id='word_1_292' title='bbox 986 2764 1074 2816; x_wconf 81' lang='grc' dir='ltr'><strong>καὶ</strong></span> <span class='ocrx_word' id='word_1_293' title='bbox 1122 2763 1228 2838; x_wconf 73' lang='grc' dir='ltr'>πρὸ</span> <span class='ocrx_word' id='word_1_294' title='bbox 1277 2761 1488 2816; x_wconf 82' lang='grc' dir='ltr'>ἐκείνων</span> <span class='ocrx_word' id='word_1_295' title='bbox 1539 2764 1636 2829; x_wconf 63' lang='grc' dir='ltr'>τῆς</span> <span class='ocrx_word' id='word_1_296' title='bbox 1684 2760 1939 2830; x_wconf 70' lang='grc' dir='ltr'>ἀληθείας</span> 
     </span>
    </p>
   </div>
   <div class='ocr_carea' id='block_1_42' title="bbox 283 2849 1937 2930">
    <p class='ocr_par' dir='ltr' id='par_1_42' title="bbox 283 2849 1937 2930">
     <span class='ocr_line' id='line_1_42' title="bbox 283 2849 1937 2930; baseline -0.003 -21"><span class='ocrx_word' id='word_1_297' title='bbox 283 2852 877 2930; x_wconf 73' lang='grc' dir='ltr'>προκινδυνεύσανταςς</span> <span class='ocrx_word' id='word_1_298' title='bbox 930 2850 981 2905; x_wconf 81' lang='grc' dir='ltr'>ο’ί</span> <span class='ocrx_word' id='word_1_299' title='bbox 1022 2851 1171 2923; x_wconf 83' lang='grc' dir='ltr'>πυρὶ,</span> <span class='ocrx_word' id='word_1_300' title='bbox 1224 2853 1314 2906; x_wconf 81' lang='grc' dir='ltr'><strong>καὶ</strong></span> <span class='ocrx_word' id='word_1_301' title='bbox 1365 2849 1597 2927; x_wconf 71' lang='grc' dir='ltr'>σ.δηρῳ,</span> <span class='ocrx_word' id='word_1_302' title='bbox 1632 2850 1721 2905; x_wconf 83' lang='grc' dir='ltr'><strong>καὶ</strong></span> <span class='ocrx_word' id='word_1_303' title='bbox 1756 2850 1937 2926; x_wconf 78' lang='grc' dir='ltr'>θηρσὶ,</span> 
     </span>
    </p>
   </div>
   <div class='ocr_carea' id='block_1_43' title="bbox 285 2940 1938 3016">
    <p class='ocr_par' dir='ltr' id='par_1_43' title="bbox 285 2940 1938 3016">
     <span class='ocr_line' id='line_1_43' title="bbox 285 2940 1938 3016; baseline -0.002 -19"><span class='ocrx_word' id='word_1_304' title='bbox 285 2945 374 2998; x_wconf 80' lang='grc' dir='ltr'><strong>καὶ</strong></span> <span class='ocrx_word' id='word_1_305' title='bbox 421 2944 698 3016; x_wconf 72' lang='grc' dir='ltr'>τυράννοις</span> <span class='ocrx_word' id='word_1_306' title='bbox 779 2941 1078 3014; x_wconf 73' lang='grc' dir='ltr'>προθύμως</span> <span class='ocrx_word' id='word_1_307' title='bbox 1138 2941 1596 3015; x_wconf 79' lang='grc' dir='ltr'>ἀντηγωνίσαντο,</span> <span class='ocrx_word' id='word_1_308' title='bbox 1656 2940 1745 2994; x_wconf 76' lang='grc' dir='ltr'><strong>καὶ</strong></span> <span class='ocrx_word' id='word_1_309' title='bbox 1803 2961 1938 3015; x_wconf 90' lang='grc' dir='ltr'>παρ-</span> 
     </span>
    </p>
   </div>
   <div class='ocr_carea' id='block_1_44' title="bbox 287 3029 1937 3106">
    <p class='ocr_par' dir='ltr' id='par_1_44' title="bbox 287 3029 1937 3106">
     <span class='ocr_line' id='line_1_44' title="bbox 287 3029 1937 3106; baseline -0.002 -20"><span class='ocrx_word' id='word_1_310' title='bbox 287 3037 405 3086; x_wconf 85' lang='grc' dir='ltr'>οῦσι</span> <span class='ocrx_word' id='word_1_311' title='bbox 438 3037 625 3092; x_wconf 80' lang='grc' dir='ltr'>κακοῖς</span> <span class='ocrx_word' id='word_1_312' title='bbox 677 3031 766 3085; x_wconf 83' lang='grc' dir='ltr'><strong>καὶ</strong></span> <span class='ocrx_word' id='word_1_313' title='bbox 821 3029 1262 3102; x_wconf 67' lang='grc' dir='ltr'>ἀπειλουμένοις,</span> <span class='ocrx_word' id='word_1_314' title='bbox 1313 3029 1492 3106; x_wconf 81' lang='grc' dir='ltr'>ὣσπερ</span> <span class='ocrx_word' id='word_1_315' title='bbox 1537 3029 1586 3084; x_wconf 85' lang='grc' dir='ltr'><strong>ἐν</strong></span> <span class='ocrx_word' id='word_1_316' title='bbox 1623 3029 1937 3106; x_wconf 80' lang='grc' dir='ltr'>ἀλλοτρίοις</span> 
     </span>
    </p>
   </div>
   <div class='ocr_carea' id='block_1_45' title="bbox 288 3117 1940 3196">
    <p class='ocr_par' dir='ltr' id='par_1_45' title="bbox 288 3117 1940 3196">
     <span class='ocr_line' id='line_1_45' title="bbox 288 3117 1940 3196; baseline -0.001 -21"><span class='ocrx_word' id='word_1_317' title='bbox 288 3123 530 3194; x_wconf 79' lang='grc' dir='ltr'>σώμασιν</span> <span class='ocrx_word' id='word_1_318' title='bbox 563 3123 596 3189; x_wconf 82' lang='grc' dir='ltr'>ἢ</span> <span class='ocrx_word' id='word_1_319' title='bbox 625 3120 903 3192; x_wconf 84' lang='grc' dir='ltr'>ἀσώματοι</span> <span class='ocrx_word' id='word_1_320' title='bbox 931 3139 943 3188; x_wconf 88' lang='grc'>;</span> <span class='ocrx_word' id='word_1_321' title='bbox 975 3120 1121 3182; x_wconf 89' lang='grc' dir='ltr'>τίνος</span> <span class='ocrx_word' id='word_1_322' title='bbox 1149 3117 1318 3174; x_wconf 75' lang='grc' dir='ltr'>ἕνεκεν</span> <span class='ocrx_word' id='word_1_323' title='bbox 1343 3144 1361 3189; x_wconf 87' lang='grc'><strong><em>;</em></strong></span> <span class='ocrx_word' id='word_1_324' title='bbox 1391 3121 1474 3174; x_wconf 71' lang='grc' dir='ltr'>’ἱνα</span> <span class='ocrx_word' id='word_1_325' title='bbox 1527 3121 1600 3191; x_wconf 77' lang='grc' dir='ltr'><strong>μη</strong></span> <span class='ocrx_word' id='word_1_326' title='bbox 1647 3123 1759 3193; x_wconf 77' lang='grc'>(91)</span> <span class='ocrx_word' id='word_1_327' title='bbox 1807 3141 1940 3196; x_wconf 87' lang='grc' dir='ltr'>προ-</span> 
     </span>
    </p>
   </div>
   <div class='ocr_carea' id='block_1_46' title="bbox 287 3205 1938 3286">
    <p class='ocr_par' dir='ltr' id='par_1_46' title="bbox 287 3205 1938 3286">
     <span class='ocr_line' id='line_1_46' title="bbox 287 3205 1938 3286; baseline -0.001 -21"><span class='ocrx_word' id='word_1_328' title='bbox 287 3209 418 3265; x_wconf 82' lang='grc' dir='ltr'>δῶσι</span> <span class='ocrx_word' id='word_1_329' title='bbox 480 3208 620 3284; x_wconf 78' lang='grc' dir='ltr'>μηδὲ</span> <span class='ocrx_word' id='word_1_330' title='bbox 681 3210 848 3284; x_wconf 79' lang='grc' dir='ltr'>μέχρι</span> <span class='ocrx_word' id='word_1_331' title='bbox 905 3209 1150 3286; x_wconf 70' lang='grc' dir='ltr'>ῥήματος</span> <span class='ocrx_word' id='word_1_332' title='bbox 1206 3211 1304 3279; x_wconf 76' lang='grc' dir='ltr'>τὴν</span> <span class='ocrx_word' id='word_1_333' title='bbox 1363 3205 1653 3265; x_wconf 70' lang='grc' dir='ltr'>εὐσέϐειαν.</span> <span class='ocrx_word' id='word_1_334' title='bbox 1729 3212 1820 3263; x_wconf 70' lang='grc' dir='ltr'><strong>’δὶν</strong></span> <span class='ocrx_word' id='word_1_335' title='bbox 1884 3210 1938 3264; x_wconf 76' lang='grc' dir='ltr'><strong>αἱ</strong></span> 
     </span>
    </p>
   </div>
   <div class='ocr_carea' id='block_1_47' title="bbox 287 3296 1937 3376">
    <p class='ocr_par' dir='ltr' id='par_1_47' title="bbox 287 3296 1937 3376">
     <span class='ocr_line' id='line_1_47' title="bbox 287 3296 1937 3376; baseline -0.001 -23"><span class='ocrx_word' id='word_1_336' title='bbox 287 3298 520 3374; x_wconf 75' lang='grc' dir='ltr'>μεγάλαι</span> <span class='ocrx_word' id='word_1_337' title='bbox 568 3300 724 3372; x_wconf 80' lang='grc' dir='ltr'>τιμαὶ</span> <span class='ocrx_word' id='word_1_338' title='bbox 782 3299 870 3353; x_wconf 77' lang='grc' dir='ltr'><strong>καὶ</strong></span> <span class='ocrx_word' id='word_1_339' title='bbox 941 3300 1310 3374; x_wconf 70' lang='grc' dir='ltr'>πανηγύρεις·</span> <span class='ocrx_word' id='word_1_340' title='bbox 1370 3301 1496 3376; x_wconf 90' lang='grc' dir='ltr'>παρ’</span> <span class='ocrx_word' id='word_1_341' title='bbox 1553 3301 1626 3352; x_wconf 82' lang='grc' dir='ltr'>ὧν</span> <span class='ocrx_word' id='word_1_342' title='bbox 1684 3296 1937 3372; x_wconf 88' lang='grc' dir='ltr'>δαίμονες</span> 
     </span>
    </p>
   </div>
   <div class='ocr_carea' id='block_1_48' title="bbox 281 3387 1936 3464">
    <p class='ocr_par' dir='ltr' id='par_1_48' title="bbox 281 3387 1936 3464">
     <span class='ocr_line' id='line_1_48' title="bbox 281 3387 1936 3464; baseline -0.001 -21"><span class='ocrx_word' id='word_1_343' title='bbox 281 3387 616 3460; x_wconf 83' lang='grc' dir='ltr'>ἐλαύνονται,</span> <span class='ocrx_word' id='word_1_344' title='bbox 676 3389 764 3444; x_wconf 85' lang='grc' dir='ltr'><strong>καὶ</strong></span> <span class='ocrx_word' id='word_1_345' title='bbox 809 3388 958 3442; x_wconf 82' lang='grc' dir='ltr'>νόσοι</span> <span class='ocrx_word' id='word_1_346' title='bbox 1019 3389 1437 3464; x_wconf 81' lang='grc' dir='ltr'>θεραπεύονται·</span> <span class='ocrx_word' id='word_1_347' title='bbox 1501 3390 1573 3442; x_wconf 78' lang='grc' dir='ltr'>ὧν</span> <span class='ocrx_word' id='word_1_348' title='bbox 1638 3389 1691 3441; x_wconf 71' lang='grc' dir='ltr'><strong>αἱ</strong></span> <span class='ocrx_word' id='word_1_349' title='bbox 1748 3389 1936 3464; x_wconf 70' lang='grc' dir='ltr'>ἐπιφά-</span> 
     </span>
    </p>
   </div>
   <div class='ocr_carea' id='block_1_49' title="bbox 273 3474 1936 3553">
    <p class='ocr_par' dir='ltr' id='par_1_49' title="bbox 273 3474 1936 3553">
     <span class='ocr_line' id='line_1_49' title="bbox 273 3474 1936 3553; baseline -0.001 -21"><span class='ocrx_word' id='word_1_350' title='bbox 273 3500 428 3550; x_wconf 80' lang='grc' dir='ltr'>νειαι,</span> <span class='ocrx_word' id='word_1_351' title='bbox 486 3479 576 3532; x_wconf 68' lang='grc' dir='ltr'><strong>καὶ</strong></span> <span class='ocrx_word' id='word_1_352' title='bbox 635 3480 706 3532; x_wconf 63' lang='grc' dir='ltr'><strong>ὦ)</strong></span> <span class='ocrx_word' id='word_1_353' title='bbox 771 3479 825 3531; x_wconf 74' lang='grc' dir='ltr'><strong>αἱ</strong></span> <span class='ocrx_word' id='word_1_354' title='bbox 877 3477 1241 3553; x_wconf 67' lang='grc' dir='ltr'>προρρήσειςο</span> <span class='ocrx_word' id='word_1_355' title='bbox 1304 3479 1378 3530; x_wconf 82' lang='grc' dir='ltr'>ὧν</span> <span class='ocrx_word' id='word_1_356' title='bbox 1434 3474 1523 3530; x_wconf 82' lang='grc' dir='ltr'><strong>καί</strong></span> <span class='ocrx_word' id='word_1_357' title='bbox 1585 3477 1650 3529; x_wconf 71' lang='grc' dir='ltr'><strong>τα</strong></span> <span class='ocrx_word' id='word_1_358' title='bbox 1708 3478 1936 3549; x_wconf 84' lang='grc' dir='ltr'>σώματα</span> 
     </span>
    </p>
   </div>
   <div class='ocr_carea' id='block_1_50' title="bbox 275 3565 1933 3641">
    <p class='ocr_par' dir='ltr' id='par_1_50' title="bbox 275 3565 1933 3641">
     <span class='ocr_line' id='line_1_50' title="bbox 275 3565 1933 3641; baseline -0.002 -19"><span class='ocrx_word' id='word_1_359' title='bbox 275 3567 438 3641; x_wconf 82' lang='grc' dir='ltr'>μόνον</span> <span class='ocrx_word' id='word_1_360' title='bbox 466 3565 560 3620; x_wconf 75' lang='grc' dir='ltr'>’ίσα</span> <span class='ocrx_word' id='word_1_361' title='bbox 617 3565 866 3620; x_wconf 86' lang='grc' dir='ltr'>δύνανται</span> <span class='ocrx_word' id='word_1_362' title='bbox 925 3569 1037 3636; x_wconf 64' lang='grc'>(92)</span> <span class='ocrx_word' id='word_1_363' title='bbox 1083 3571 1202 3626; x_wconf 83' lang='grc' dir='ltr'>ταῖς</span> <span class='ocrx_word' id='word_1_364' title='bbox 1252 3565 1427 3638; x_wconf 83' lang='grc' dir='ltr'>ἁγίαις</span> <span class='ocrx_word' id='word_1_365' title='bbox 1477 3569 1702 3638; x_wconf 80' lang='grc' dir='ltr'>ψυχαῖς,</span> <span class='ocrx_word' id='word_1_366' title='bbox 1840 3565 1933 3618; x_wconf 88' lang='grc' dir='ltr'>ἐπ-</span> 
     </span>
    </p>
   </div>
   <div class='ocr_carea' id='block_1_51' title="bbox 271 3648 1930 3732">
    <p class='ocr_par' dir='ltr' id='par_1_51' title="bbox 271 3648 1930 3732">
     <span class='ocr_line' id='line_1_51' title="bbox 271 3648 1930 3732; baseline -0.002 -23"><span class='ocrx_word' id='word_1_367' title='bbox 271 3657 554 3732; x_wconf 74' lang='grc' dir='ltr'>αφώμενα,</span> <span class='ocrx_word' id='word_1_368' title='bbox 586 3655 620 3722; x_wconf 79' lang='grc' dir='ltr'>ἢ</span> <span class='ocrx_word' id='word_1_369' title='bbox 648 3653 939 3724; x_wconf 81' lang='grc' dir='ltr'>τιμώμενα</span> <span class='ocrx_word' id='word_1_370' title='bbox 964 3674 975 3685; x_wconf 92' lang='grc'><strong>·</strong></span> <span class='ocrx_word' id='word_1_371' title='bbox 1011 3654 1084 3705; x_wconf 82' lang='grc' dir='ltr'>ὧν</span> <span class='ocrx_word' id='word_1_372' title='bbox 1111 3653 1200 3706; x_wconf 80' lang='grc' dir='ltr'><strong>καὶ</strong></span> <span class='ocrx_word' id='word_1_373' title='bbox 1235 3652 1439 3726; x_wconf 66' lang='grc' dir='ltr'>ῥανίδες</span> <span class='ocrx_word' id='word_1_374' title='bbox 1471 3650 1702 3724; x_wconf 85' lang='grc' dir='ltr'>α’ίματος</span> <span class='ocrx_word' id='word_1_375' title='bbox 1741 3648 1930 3723; x_wconf 78' lang='grc' dir='ltr'>μόνον,</span> 
     </span>
    </p>
   </div>
   <div class='ocr_carea' id='block_1_52' title="bbox 272 3737 1934 3816">
    <p class='ocr_par' dir='ltr' id='par_1_52' title="bbox 272 3737 1934 3816">
     <span class='ocr_line' id='line_1_52' title="bbox 272 3737 1934 3816; baseline -0.004 -18"><span class='ocrx_word' id='word_1_376' title='bbox 272 3746 361 3799; x_wconf 85' lang='grc' dir='ltr'><strong>καὶ</strong></span> <span class='ocrx_word' id='word_1_377' title='bbox 396 3742 564 3816; x_wconf 72' lang='grc' dir='ltr'>μικόἀ</span> <span class='ocrx_word' id='word_1_378' title='bbox 611 3737 865 3814; x_wconf 73' lang='grc' dir='ltr'>σύμϐολα</span> <span class='ocrx_word' id='word_1_379' title='bbox 912 3739 1114 3801; x_wconf 77' lang='grc' dir='ltr'>πάθους</span> <span class='ocrx_word' id='word_1_380' title='bbox 1152 3737 1244 3792; x_wconf 71' lang='grc' dir='ltr'>’ίσα</span> <span class='ocrx_word' id='word_1_381' title='bbox 1294 3737 1462 3812; x_wconf 82' lang='grc' dir='ltr'>δρῶσι</span> <span class='ocrx_word' id='word_1_382' title='bbox 1507 3742 1618 3812; x_wconf 89' lang='grc'>(93)</span> <span class='ocrx_word' id='word_1_383' title='bbox 1668 3745 1784 3800; x_wconf 83' lang='grc' dir='ltr'>τοῖς</span> <span class='ocrx_word' id='word_1_384' title='bbox 1829 3741 1934 3793; x_wconf 84' lang='grc' dir='ltr'><strong>σώ-</strong></span> 
     </span>
    </p>
   </div>
   <div class='ocr_carea' id='block_1_53' title="bbox 276 3854 429 3906">
    <p class='ocr_par' dir='ltr' id='par_1_53' title="bbox 276 3854 429 3906">
     <span class='ocr_line' id='line_1_53' title="bbox 276 3854 429 3906; baseline 0.02 -18"><span class='ocrx_word' id='word_1_385' title='bbox 276 3854 429 3906; x_wconf 85' lang='grc' dir='ltr'>μασι.</span> 
     </span>
    </p>
   </div>
   <div class='ocr_carea' id='block_1_54' title="bbox 343 3914 1929 3991">
    <p class='ocr_par' dir='ltr' id='par_1_54' title="bbox 343 3914 1929 3991">
     <span class='ocr_line' id='line_1_54' title="bbox 343 3914 1929 3991; baseline -0.003 -15"><span class='ocrx_word' id='word_1_386' title='bbox 343 3924 418 3980; x_wconf 85' lang='grc' dir='ltr'><strong>Ο’.</strong></span> <span class='ocrx_word' id='word_1_387' title='bbox 449 3925 624 3976; x_wconf 85' lang='grc' dir='ltr'>Ταῦτα</span> <span class='ocrx_word' id='word_1_388' title='bbox 655 3919 716 3975; x_wconf 84' lang='grc' dir='ltr'><strong>ού</strong></span> <span class='ocrx_word' id='word_1_389' title='bbox 748 3914 941 3982; x_wconf 67' lang='grc' dir='ltr'>σέϐεις,</span> <span class='ocrx_word' id='word_1_390' title='bbox 995 3915 1120 3971; x_wconf 86' lang='grc' dir='ltr'>ἀλλ’</span> <span class='ocrx_word' id='word_1_391' title='bbox 1154 3915 1432 3990; x_wconf 80' lang='grc' dir='ltr'>ἀτιμάζεις</span> <span class='ocrx_word' id='word_1_392' title='bbox 1468 3935 1480 3949; x_wconf 83' lang='lat'><strong><em>°</em></strong></span> <span class='ocrx_word' id='word_1_393' title='bbox 1544 3917 1572 3971; x_wconf 86' lang='grc' dir='ltr'><strong>ὁ</strong></span> <span class='ocrx_word' id='word_1_394' title='bbox 1621 3918 1718 3985; x_wconf 71' lang='grc' dir='ltr'>τὴν</span> <span class='ocrx_word' id='word_1_395' title='bbox 1769 3918 1929 3991; x_wconf 79' lang='grc' dir='ltr'>Ἡρα-</span> 
     </span>
    </p>
   </div>
   <div class='ocr_carea' id='block_1_55' title="bbox 271 4005 1926 4082">
    <p class='ocr_par' dir='ltr' id='par_1_55' title="bbox 271 4005 1926 4082">
     <span class='ocr_line' id='line_1_55' title="bbox 271 4005 1926 4082; baseline -0.005 -16"><span class='ocrx_word' id='word_1_396' title='bbox 271 4011 468 4071; x_wconf 76' lang='grc' dir='ltr'>κλέους</span> <span class='ocrx_word' id='word_1_397' title='bbox 502 4009 789 4082; x_wconf 80' lang='grc' dir='ltr'>θαυμάζων</span> <span class='ocrx_word' id='word_1_398' title='bbox 822 4007 993 4082; x_wconf 82' lang='grc' dir='ltr'>πυράν</span> <span class='ocrx_word' id='word_1_399' title='bbox 1028 4008 1139 4078; x_wconf 81' lang='grc'>(94)</span> <span class='ocrx_word' id='word_1_400' title='bbox 1168 4007 1266 4074; x_wconf 70' lang='grc' dir='ltr'>τήν</span> <span class='ocrx_word' id='word_1_401' title='bbox 1301 4005 1352 4076; x_wconf 80' lang='grc' dir='ltr'><strong>ἐξ</strong></span> <span class='ocrx_word' id='word_1_402' title='bbox 1399 4007 1778 4081; x_wconf 70' lang='grc' dir='ltr'>ἀτυχήματος,</span> <span class='ocrx_word' id='word_1_403' title='bbox 1838 4006 1926 4060; x_wconf 81' lang='grc' dir='ltr'><strong>καὶ</strong></span> 
     </span>
    </p>
   </div>
   <div class='ocr_carea' id='block_1_56' title="bbox 274 4113 1931 4190">
    <p class='ocr_par' dir='ltr' id='par_1_56' title="bbox 274 4113 1931 4190">
     <span class='ocr_line' id='line_1_56' title="bbox 274 4113 1931 4190; baseline -0.003 -17"><span class='ocrx_word' id='word_1_404' title='bbox 274 4133 740 4190; x_wconf 83' lang='lat' dir='ltr'><strong>progressuram,</strong></span> <span class='ocrx_word' id='word_1_405' title='bbox 775 4114 1069 4190; x_wconf 81' lang='lat' dir='ltr'><strong>altiusque</strong></span> <span class='ocrx_word' id='word_1_406' title='bbox 1092 4118 1583 4190; x_wconf 77' lang='lat' dir='ltr'><strong>assurrecturam,</strong></span> <span class='ocrx_word' id='word_1_407' title='bbox 1607 4113 1751 4167; x_wconf 89' lang='lat' dir='ltr'><strong>mihi</strong></span> <span class='ocrx_word' id='word_1_408' title='bbox 1775 4116 1931 4190; x_wconf 83' lang='lat' dir='ltr'><strong>enim</strong></span> 
     </span>
    </p>
   </div>
   <div class='ocr_carea' id='block_1_57' title="bbox 271 4186 1930 4276">
    <p class='ocr_par' dir='ltr' id='par_1_57' title="bbox 271 4186 1930 4262">
     <span class='ocr_line' id='line_1_57' title="bbox 271 4186 1930 4262; baseline -0.003 -17"><span class='ocrx_word' id='word_1_409' title='bbox 271 4186 328 4245; x_wconf 82' lang='lat' dir='ltr'><strong>et</strong></span> <span class='ocrx_word' id='word_1_410' title='bbox 358 4186 772 4262; x_wconf 72' lang='lat' dir='ltr'><strong>prophetaruin</strong></span> <span class='ocrx_word' id='word_1_411' title='bbox 805 4186 1062 4252; x_wconf 85' lang='lat' dir='ltr'><strong>oracula,</strong></span> <span class='ocrx_word' id='word_1_412' title='bbox 1087 4191 1142 4240; x_wconf 90' lang='lat' dir='ltr'><strong>et</strong></span> <span class='ocrx_word' id='word_1_413' title='bbox 1173 4202 1238 4240; x_wconf 84' lang='lat' dir='ltr'><strong>ea</strong></span> <span class='ocrx_word' id='word_1_414' title='bbox 1271 4203 1398 4257; x_wconf 58' lang='lat' dir='ltr'><strong>qum</strong></span> <span class='ocrx_word' id='word_1_415' title='bbox 1430 4186 1930 4255; x_wconf 85' lang='lat' dir='ltr'><strong>cernimus,lidem</strong></span> 
     </span>
    </p>
   </div>
   <div class='ocr_carea' id='block_1_58' title="bbox 271 4265 1930 4454">
    <p class='ocr_par' dir='ltr' id='par_1_58' title="bbox 271 4265 1930 4454">
     <span class='ocr_line' id='line_1_58' title="bbox 271 4265 1930 4454; baseline -0.004 -66"><span class='ocrx_word' id='word_1_416' title='bbox 271 4265 708 4406; x_wconf 50' lang='grc' dir='ltr'><strong>ίᾶῖὲὲδῗὲὶρῗστὸς</strong></span> <span class='ocrx_word' id='word_1_417' title='bbox 741 4327 1076 4382; x_wconf 78' lang='grc' dir='ltr'>ἐνεκαίνισεν.</span> <span class='ocrx_word' id='word_1_418' title='bbox 1111 4327 1238 4383; x_wconf 75' lang='grc' dir='ltr'><strong>ΗὶΒΟ</strong></span> <span class='ocrx_word' id='word_1_419' title='bbox 1291 4328 1616 4401; x_wconf 87' lang='lat' dir='ltr'><strong>interpreti,</strong></span> <span class='ocrx_word' id='word_1_420' title='bbox 1650 4327 1732 4383; x_wconf 90' lang='lat' dir='ltr'><strong>vel</strong></span> <span class='ocrx_word' id='word_1_421' title='bbox 1767 4332 1930 4454; x_wconf 49' lang='grc' dir='ltr'><strong>Ἐνυο-</strong></span> 
     </span>
     <span class='ocr_line' id='line_1_59' title="bbox 271 4399 1930 4454; baseline 0 0"><span class='ocrx_word' id='word_1_422' title='bbox 271 4405 513 4454; x_wconf 72' lang='grc' dir='ltr'>ριιιωὴίο</span> <span class='ocrx_word' id='word_1_423' title='bbox 545 4403 896 4454; x_wconf 81' lang='lat' dir='ltr'><strong>exciderant.</strong></span> <span class='ocrx_word' id='word_1_424' title='bbox 951 4402 1171 4454; x_wconf 90' lang='lat' dir='ltr'><strong>Desunt</strong></span> <span class='ocrx_word' id='word_1_425' title='bbox 1207 4401 1264 4454; x_wconf 94' lang='lat' dir='ltr'><strong>in</strong></span> <span class='ocrx_word' id='word_1_426' title='bbox 1303 4402 1438 4454; x_wconf 71' lang='lat' dir='ltr'><strong>Reg.</strong></span> <span class='ocrx_word' id='word_1_427' title='bbox 1483 4400 1582 4454; x_wconf 90' lang='lat' dir='ltr'><strong>hu.</strong></span> <span class='ocrx_word' id='word_1_428' title='bbox 1619 4399 1677 4453; x_wconf 92' lang='lat' dir='ltr'><strong>in</strong></span> <span class='ocrx_word' id='word_1_429' title='bbox 1710 4400 1772 4454; x_wconf 90' lang='grc' dir='ltr'><strong>ΑΙ</strong></span> <span class='ocrx_word' id='word_1_430' title='bbox 1826 4443 1836 4454; x_wconf 95' lang='grc'><strong>.</strong></span> <span class='ocrx_word' id='word_1_431' title='bbox 1871 4405 1930 4454; x_wconf 90' lang='lat' dir='ltr'><strong>et</strong></span> 
     </span>
    </p>
   </div>
   <div class='ocr_carea' id='block_1_59' title="bbox 266 4399 1930 4531">
    <p class='ocr_par' dir='ltr' id='par_1_59' title="bbox 266 4399 1930 4531">
     <span class='ocr_line' id='line_1_60' title="bbox 266 4399 1930 4531; baseline -0.003 -72"><span class='ocrx_word' id='word_1_432' title='bbox 266 4399 896 4531; x_wconf 57' lang='lat' dir='ltr'><strong>graphio&#39;exciderant.</strong></span> <span class='ocrx_word' id='word_1_433' title='bbox 951 4402 1171 4455; x_wconf 89' lang='lat' dir='ltr'><strong>Desunt</strong></span> <span class='ocrx_word' id='word_1_434' title='bbox 1207 4401 1264 4454; x_wconf 94' lang='lat' dir='ltr'><strong>in</strong></span> <span class='ocrx_word' id='word_1_435' title='bbox 1303 4399 1582 4471; x_wconf 53' lang='lat' dir='ltr'><strong>Regfhu,</strong></span> <span class='ocrx_word' id='word_1_436' title='bbox 1619 4399 1677 4453; x_wconf 92' lang='lat' dir='ltr'><strong>in</strong></span> <span class='ocrx_word' id='word_1_437' title='bbox 1710 4399 1841 4454; x_wconf 84' lang='lat' dir='ltr'><strong>Ald.</strong></span> <span class='ocrx_word' id='word_1_438' title='bbox 1871 4405 1930 4456; x_wconf 90' lang='lat' dir='ltr'><strong>et</strong></span> 
     </span>
     <span class='ocr_line' id='line_1_61' title="bbox 313 4477 1475 4531; baseline -0.004 0"><span class='ocrx_word' id='word_1_439' title='bbox 313 4495 398 4531; x_wconf 84' lang='lat' dir='ltr'><strong>as.</strong></span> <span class='ocrx_word' id='word_1_440' title='bbox 433 4478 532 4531; x_wconf 91' lang='lat' dir='ltr'><strong>sed</strong></span> <span class='ocrx_word' id='word_1_441' title='bbox 569 4491 711 4528; x_wconf 87' lang='lat' dir='ltr'><strong>mss.</strong></span> <span class='ocrx_word' id='word_1_442' title='bbox 747 4479 862 4528; x_wconf 85' lang='lat' dir='ltr'><strong>tere</strong></span> <span class='ocrx_word' id='word_1_443' title='bbox 892 4489 1094 4526; x_wconf 89' lang='lat' dir='ltr'><strong>omnes</strong></span> <span class='ocrx_word' id='word_1_444' title='bbox 1125 4477 1475 4531; x_wconf 73' lang='lat' dir='ltr'><strong>agnoscunt.</strong></span> 
     </span>
    </p>
   </div>
   <div class='ocr_carea' id='block_1_60' title="bbox 313 4477 1475 4542">
    <p class='ocr_par' dir='ltr' id='par_1_60' title="bbox 313 4477 1475 4542">
     <span class='ocr_line' id='line_1_62' title="bbox 313 4477 1475 4542; baseline -0.005 -10"><span class='ocrx_word' id='word_1_445' title='bbox 313 4495 398 4532; x_wconf 86' lang='lat' dir='ltr'><strong>as.</strong></span> <span class='ocrx_word' id='word_1_446' title='bbox 433 4478 532 4531; x_wconf 91' lang='lat' dir='ltr'><strong>sed</strong></span> <span class='ocrx_word' id='word_1_447' title='bbox 569 4491 718 4542; x_wconf 82' lang='lat' dir='ltr'><strong>mss.</strong></span> <span class='ocrx_word' id='word_1_448' title='bbox 747 4477 862 4528; x_wconf 77' lang='lat' dir='ltr'><strong>fere</strong></span> <span class='ocrx_word' id='word_1_449' title='bbox 892 4489 1094 4526; x_wconf 89' lang='lat' dir='ltr'><strong>omnes</strong></span> <span class='ocrx_word' id='word_1_450' title='bbox 1125 4477 1475 4542; x_wconf 89' lang='lat' dir='ltr'><strong>agnoscunt.</strong></span> 
     </span>
    </p>
   </div>
   <div class='ocr_carea' id='block_1_61' title="bbox 2058 1873 3722 1942">
    <p class='ocr_par' dir='ltr' id='par_1_61' title="bbox 2058 1873 3722 1942">
     <span class='ocr_line' id='line_1_63' title="bbox 2058 1873 3722 1942; baseline 0.004 -16"><span class='ocrx_word' id='word_1_451' title='bbox 2058 1890 2191 1927; x_wconf 83' lang='lat' dir='ltr'><strong>nem</strong></span> <span class='ocrx_word' id='word_1_452' title='bbox 2215 1873 2241 1926; x_wconf 87' lang='lat'><strong>?</strong></span> <span class='ocrx_word' id='word_1_453' title='bbox 2272 1874 2551 1929; x_wconf 89' lang='lat' dir='ltr'><strong>adversus</strong></span> <span class='ocrx_word' id='word_1_454' title='bbox 2599 1873 3108 1942; x_wconf 86' lang='lat' dir='ltr'><strong>resurrectionem,</strong></span> <span class='ocrx_word' id='word_1_455' title='bbox 3144 1874 3631 1932; x_wconf 91' lang='lat' dir='ltr'><strong>insurrectionem</strong></span> <span class='ocrx_word' id='word_1_456' title='bbox 3663 1879 3722 1932; x_wconf 91' lang='lat' dir='ltr'><strong>et</strong></span> 
     </span>
    </p>
   </div>
   <div class='ocr_carea' id='block_1_62' title="bbox 2055 1961 3722 2038">
    <p class='ocr_par' dir='ltr' id='par_1_62' title="bbox 2055 1961 3722 2038">
     <span class='ocr_line' id='line_1_64' title="bbox 2055 1961 3722 2038; baseline 0.002 -22"><span class='ocrx_word' id='word_1_457' title='bbox 2055 1961 2432 2017; x_wconf 80' lang='lat' dir='ltr'><strong>rebellionem</strong></span> <span class='ocrx_word' id='word_1_458' title='bbox 2453 1961 2481 2016; x_wconf 89' lang='lat'><strong>?</strong></span> <span class='ocrx_word' id='word_1_459' title='bbox 2502 1962 2782 2019; x_wconf 88' lang='lat' dir='ltr'><strong>adversus</strong></span> <span class='ocrx_word' id='word_1_460' title='bbox 2813 1967 3152 2036; x_wconf 81' lang='lat' dir='ltr'><strong>martyrem,</strong></span> <span class='ocrx_word' id='word_1_461' title='bbox 3171 1980 3242 2020; x_wconf 91' lang='lat' dir='ltr'><strong>ne</strong></span> <span class='ocrx_word' id='word_1_462' title='bbox 3275 1968 3564 2038; x_wconf 78' lang='lat' dir='ltr'><strong>martyres</strong></span> <span class='ocrx_word' id='word_1_463' title='bbox 3587 1964 3722 2037; x_wconf 90' lang='lat' dir='ltr'><strong>qui-</strong></span> 
     </span>
    </p>
   </div>
   <div class='ocr_carea' id='block_1_63' title="bbox 2057 2051 3719 2126">
    <p class='ocr_par' dir='ltr' id='par_1_63' title="bbox 2057 2051 3719 2126">
     <span class='ocr_line' id='line_1_65' title="bbox 2057 2051 3719 2126; baseline 0.003 -21"><span class='ocrx_word' id='word_1_464' title='bbox 2057 2051 2188 2106; x_wconf 81' lang='lat' dir='ltr'><strong>dem</strong></span> <span class='ocrx_word' id='word_1_465' title='bbox 2223 2051 2250 2105; x_wconf 92' lang='lat'><strong>?</strong></span> <span class='ocrx_word' id='word_1_466' title='bbox 2297 2055 2430 2124; x_wconf 86' lang='lat' dir='ltr'><strong>post</strong></span> <span class='ocrx_word' id='word_1_467' title='bbox 2480 2052 2763 2108; x_wconf 86' lang='lat' dir='ltr'><strong>Herodem</strong></span> <span class='ocrx_word' id='word_1_468' title='bbox 2815 2057 3168 2125; x_wconf 90' lang='lat' dir='ltr'><strong>persecutor,</strong></span> <span class='ocrx_word' id='word_1_469' title='bbox 3222 2057 3279 2109; x_wconf 94' lang='lat' dir='ltr'><strong>et</strong></span> <span class='ocrx_word' id='word_1_470' title='bbox 3327 2059 3458 2126; x_wconf 91' lang='lat' dir='ltr'><strong>post</strong></span> <span class='ocrx_word' id='word_1_471' title='bbox 3505 2054 3719 2110; x_wconf 79' lang='lat' dir='ltr'><strong>ludam</strong></span> 
     </span>
    </p>
   </div>
   <div class='ocr_carea' id='block_1_64' title="bbox 2054 2140 3717 2216">
    <p class='ocr_par' dir='ltr' id='par_1_64' title="bbox 2054 2140 3717 2216">
     <span class='ocr_line' id='line_1_66' title="bbox 2054 2140 3717 2216; baseline 0.002 -21"><span class='ocrx_word' id='word_1_472' title='bbox 2054 2141 2364 2212; x_wconf 86' lang='lat' dir='ltr'><strong>proditor?</strong></span> <span class='ocrx_word' id='word_1_473' title='bbox 2395 2140 2507 2196; x_wconf 90' lang='lat' dir='ltr'><strong>nisi</strong></span> <span class='ocrx_word' id='word_1_474' title='bbox 2540 2143 2695 2213; x_wconf 89' lang='lat' dir='ltr'><strong>quod</strong></span> <span class='ocrx_word' id='word_1_475' title='bbox 2729 2159 2844 2197; x_wconf 92' lang='lat' dir='ltr'><strong>non</strong></span> <span class='ocrx_word' id='word_1_476' title='bbox 2877 2141 3088 2214; x_wconf 89' lang='lat' dir='ltr'><strong>laqueo</strong></span> <span class='ocrx_word' id='word_1_477' title='bbox 3133 2146 3196 2198; x_wconf 92' lang='lat' dir='ltr'><strong>ut</strong></span> <span class='ocrx_word' id='word_1_478' title='bbox 3225 2142 3344 2211; x_wconf 90' lang='lat' dir='ltr'><strong>ille,</strong></span> <span class='ocrx_word' id='word_1_479' title='bbox 3379 2142 3717 2216; x_wconf 80' lang='lat' dir='ltr'><strong>paenitentis</strong></span> 
     </span>
    </p>
   </div>
   <div class='ocr_carea' id='block_1_65' title="bbox 2055 2229 3721 2303">
    <p class='ocr_par' dir='ltr' id='par_1_65' title="bbox 2055 2229 3721 2303">
     <span class='ocr_line' id='line_1_67' title="bbox 2055 2229 3721 2303; baseline 0.001 -18"><span class='ocrx_word' id='word_1_480' title='bbox 2055 2229 2235 2285; x_wconf 89' lang='lat' dir='ltr'><strong>animi</strong></span> <span class='ocrx_word' id='word_1_481' title='bbox 2255 2229 2743 2302; x_wconf 83' lang='lat' dir='ltr'><strong>signiﬁcationem</strong></span> <span class='ocrx_word' id='word_1_482' title='bbox 2762 2231 2972 2286; x_wconf 82' lang='lat' dir='ltr'><strong>dedisti</strong></span> <span class='ocrx_word' id='word_1_483' title='bbox 3001 2249 3013 2299; x_wconf 92' lang='lat'>;</span> <span class='ocrx_word' id='word_1_484' title='bbox 3040 2236 3171 2303; x_wconf 91' lang='lat' dir='ltr'><strong>post</strong></span> <span class='ocrx_word' id='word_1_485' title='bbox 3199 2231 3453 2288; x_wconf 78' lang='lat' dir='ltr'><strong>Pilatun</strong></span> <span class='ocrx_word' id='word_1_486' title='bbox 3477 2231 3721 2288; x_wconf 89' lang='lat' dir='ltr'><strong>Christi-</strong></span> 
     </span>
    </p>
   </div>
   <div class='ocr_carea' id='block_1_66' title="bbox 2055 2319 3030 2390">
    <p class='ocr_par' dir='ltr' id='par_1_66' title="bbox 2055 2319 3030 2390">
     <span class='ocr_line' id='line_1_68' title="bbox 2055 2319 3030 2390; baseline 0.002 -17"><span class='ocrx_word' id='word_1_487' title='bbox 2055 2319 2206 2386; x_wconf 89' lang='lat' dir='ltr'><strong>cida;</strong></span> <span class='ocrx_word' id='word_1_488' title='bbox 2240 2326 2372 2390; x_wconf 91' lang='lat' dir='ltr'><strong>post</strong></span> <span class='ocrx_word' id='word_1_489' title='bbox 2400 2321 2628 2376; x_wconf 72' lang='lat' dir='ltr'><strong>Judaaos</strong></span> <span class='ocrx_word' id='word_1_490' title='bbox 2663 2320 2759 2376; x_wconf 93' lang='lat' dir='ltr'><strong>Dei</strong></span> <span class='ocrx_word' id='word_1_491' title='bbox 2791 2320 2980 2377; x_wconf 88' lang='lat' dir='ltr'><strong>hostis</strong></span> <span class='ocrx_word' id='word_1_492' title='bbox 3002 2321 3030 2375; x_wconf 89' lang='lat'><strong>?</strong></span> 
     </span>
    </p>
   </div>
   <div class='ocr_carea' id='block_1_67' title="bbox 2126 2407 3718 2482">
    <p class='ocr_par' dir='ltr' id='par_1_67' title="bbox 2126 2407 3718 2482">
     <span class='ocr_line' id='line_1_69' title="bbox 2126 2407 3718 2482; baseline 0.003 -20"><span class='ocrx_word' id='word_1_493' title='bbox 2126 2407 2318 2464; x_wconf 81' lang='lat' dir='ltr'><strong>LXIX.</strong></span> <span class='ocrx_word' id='word_1_494' title='bbox 2347 2408 2470 2464; x_wconf 90' lang='lat' dir='ltr'><strong>Non</strong></span> <span class='ocrx_word' id='word_1_495' title='bbox 2521 2408 2788 2465; x_wconf 87' lang='lat' dir='ltr'><strong>victimas</strong></span> <span class='ocrx_word' id='word_1_496' title='bbox 2840 2427 2943 2482; x_wconf 91' lang='lat' dir='ltr'><strong>pro</strong></span> <span class='ocrx_word' id='word_1_497' title='bbox 2991 2410 3218 2466; x_wconf 82' lang='lat' dir='ltr'><strong>Christo</strong></span> <span class='ocrx_word' id='word_1_498' title='bbox 3266 2426 3448 2466; x_wconf 62' lang='lat' dir='ltr'><strong>caesas</strong></span> <span class='ocrx_word' id='word_1_499' title='bbox 3499 2409 3718 2467; x_wconf 80' lang='lat' dir='ltr'><strong>veritus</strong></span> 
     </span>
    </p>
   </div>
   <div class='ocr_carea' id='block_1_68' title="bbox 2054 2497 3715 2571">
    <p class='ocr_par' dir='ltr' id='par_1_68' title="bbox 2054 2497 3715 2571">
     <span class='ocr_line' id='line_1_70' title="bbox 2054 2497 3715 2571; baseline 0.002 -20"><span class='ocrx_word' id='word_1_500' title='bbox 2054 2513 2116 2552; x_wconf 87' lang='lat' dir='ltr'><strong>cs</strong></span> <span class='ocrx_word' id='word_1_501' title='bbox 2137 2497 2163 2551; x_wconf 89' lang='lat'><strong>?</strong></span> <span class='ocrx_word' id='word_1_502' title='bbox 2195 2513 2299 2553; x_wconf 89' lang='lat' dir='ltr'><strong>nec</strong></span> <span class='ocrx_word' id='word_1_503' title='bbox 2331 2515 2575 2570; x_wconf 86' lang='lat' dir='ltr'><strong>magnos</strong></span> <span class='ocrx_word' id='word_1_504' title='bbox 2595 2499 2822 2571; x_wconf 90' lang='lat' dir='ltr'><strong>pugiles</strong></span> <span class='ocrx_word' id='word_1_505' title='bbox 2854 2499 3504 2569; x_wconf 87' lang='lat' dir='ltr'><strong>cxtimuisti,Joannem</strong></span> <span class='ocrx_word' id='word_1_506' title='bbox 3526 2498 3715 2566; x_wconf 90' lang='lat' dir='ltr'><strong>illum,</strong></span> 
     </span>
    </p>
   </div>
   <div class='ocr_carea' id='block_1_69' title="bbox 2054 2586 3717 2662">
    <p class='ocr_par' dir='ltr' id='par_1_69' title="bbox 2054 2586 3717 2662">
     <span class='ocr_line' id='line_1_71' title="bbox 2054 2586 3717 2662; baseline 0.001 -21"><span class='ocrx_word' id='word_1_507' title='bbox 2054 2586 2312 2658; x_wconf 86' lang='lat' dir='ltr'><strong>Petrum,</strong></span> <span class='ocrx_word' id='word_1_508' title='bbox 2365 2587 2632 2654; x_wconf 76' lang='lat' dir='ltr'><strong>Paulum,</strong></span> <span class='ocrx_word' id='word_1_509' title='bbox 2678 2588 2986 2659; x_wconf 87' lang='lat' dir='ltr'><strong>Jacobum,</strong></span> <span class='ocrx_word' id='word_1_510' title='bbox 3041 2589 3428 2662; x_wconf 87' lang='lat' dir='ltr'><strong>Stephanum,</strong></span> <span class='ocrx_word' id='word_1_511' title='bbox 3473 2590 3717 2656; x_wconf 89' lang='lat' dir='ltr'><strong>Lucam,</strong></span> 
     </span>
    </p>
   </div>
   <div class='ocr_carea' id='block_1_70' title="bbox 2051 2677 3717 2750">
    <p class='ocr_par' dir='ltr' id='par_1_70' title="bbox 2051 2677 3717 2750">
     <span class='ocr_line' id='line_1_72' title="bbox 2051 2677 3717 2750; baseline 0.002 -21"><span class='ocrx_word' id='word_1_512' title='bbox 2051 2677 2363 2743; x_wconf 85' lang='lat' dir='ltr'><strong>Andream,</strong></span> <span class='ocrx_word' id='word_1_513' title='bbox 2413 2677 2712 2745; x_wconf 88' lang='lat' dir='ltr'><strong>Theclam,</strong></span> <span class='ocrx_word' id='word_1_514' title='bbox 2746 2695 2844 2733; x_wconf 90' lang='lat' dir='ltr'><strong>eos</strong></span> <span class='ocrx_word' id='word_1_515' title='bbox 2898 2679 3021 2750; x_wconf 89' lang='lat' dir='ltr'><strong>qui,</strong></span> <span class='ocrx_word' id='word_1_516' title='bbox 3056 2684 3110 2734; x_wconf 89' lang='lat' dir='ltr'><strong>et</strong></span> <span class='ocrx_word' id='word_1_517' title='bbox 3142 2683 3272 2750; x_wconf 88' lang='lat' dir='ltr'><strong>post</strong></span> <span class='ocrx_word' id='word_1_518' title='bbox 3303 2677 3456 2746; x_wconf 84' lang='lat' dir='ltr'><strong>illos,</strong></span> <span class='ocrx_word' id='word_1_519' title='bbox 3492 2682 3548 2733; x_wconf 94' lang='lat' dir='ltr'><strong>et</strong></span> <span class='ocrx_word' id='word_1_520' title='bbox 3579 2681 3717 2733; x_wconf 89' lang='lat' dir='ltr'><strong>ante</strong></span> 
     </span>
    </p>
   </div>
   <div class='ocr_carea' id='block_1_71' title="bbox 2055 2764 3712 2838">
    <p class='ocr_par' dir='ltr' id='par_1_71' title="bbox 2055 2764 3712 2838">
     <span class='ocr_line' id='line_1_73' title="bbox 2055 2764 3712 2838; baseline 0.002 -20"><span class='ocrx_word' id='word_1_521' title='bbox 2055 2764 2208 2831; x_wconf 87' lang='lat' dir='ltr'><strong>illos,</strong></span> <span class='ocrx_word' id='word_1_522' title='bbox 2230 2783 2332 2837; x_wconf 86' lang='lat' dir='ltr'><strong>pro</strong></span> <span class='ocrx_word' id='word_1_523' title='bbox 2363 2767 2598 2822; x_wconf 83' lang='lat' dir='ltr'><strong>veritate</strong></span> <span class='ocrx_word' id='word_1_524' title='bbox 2631 2767 2906 2838; x_wconf 77' lang='lat' dir='ltr'><strong>periculis</strong></span> <span class='ocrx_word' id='word_1_525' title='bbox 2940 2785 2998 2822; x_wconf 88' lang='lat' dir='ltr'><strong>se</strong></span> <span class='ocrx_word' id='word_1_526' title='bbox 3032 2767 3419 2837; x_wconf 84' lang='lat' dir='ltr'><strong>objecerunt?</strong></span> <span class='ocrx_word' id='word_1_527' title='bbox 3451 2767 3547 2838; x_wconf 87' lang='lat' dir='ltr'><strong>qui</strong></span> <span class='ocrx_word' id='word_1_528' title='bbox 3576 2782 3712 2821; x_wconf 88' lang='lat' dir='ltr'><strong>cum</strong></span> 
     </span>
    </p>
   </div>
   <div class='ocr_carea' id='block_1_72' title="bbox 2053 2855 3713 2929">
    <p class='ocr_par' dir='ltr' id='par_1_72' title="bbox 2053 2855 3713 2929">
     <span class='ocr_line' id='line_1_74' title="bbox 2053 2855 3713 2929; baseline 0.001 -21"><span class='ocrx_word' id='word_1_529' title='bbox 2053 2855 2195 2926; x_wconf 89' lang='lat' dir='ltr'><strong>igni,</strong></span> <span class='ocrx_word' id='word_1_530' title='bbox 2229 2859 2285 2910; x_wconf 90' lang='lat' dir='ltr'><strong>et</strong></span> <span class='ocrx_word' id='word_1_531' title='bbox 2313 2855 2486 2926; x_wconf 89' lang='lat' dir='ltr'><strong>ferro,</strong></span> <span class='ocrx_word' id='word_1_532' title='bbox 2519 2860 2577 2911; x_wconf 93' lang='lat' dir='ltr'><strong>et</strong></span> <span class='ocrx_word' id='word_1_533' title='bbox 2628 2855 2860 2926; x_wconf 89' lang='lat' dir='ltr'><strong>belluis,</strong></span> <span class='ocrx_word' id='word_1_534' title='bbox 2895 2862 2950 2912; x_wconf 90' lang='lat' dir='ltr'><strong>et</strong></span> <span class='ocrx_word' id='word_1_535' title='bbox 2988 2857 3272 2929; x_wconf 86' lang='lat' dir='ltr'><strong>tyrannis,</strong></span> <span class='ocrx_word' id='word_1_536' title='bbox 3303 2860 3360 2911; x_wconf 91' lang='lat' dir='ltr'><strong>et</strong></span> <span class='ocrx_word' id='word_1_537' title='bbox 3407 2855 3713 2928; x_wconf 65' lang='lat' dir='ltr'><strong>prasenti-</strong></span> 
     </span>
    </p>
   </div>
   <div class='ocr_carea' id='block_1_73' title="bbox 2051 2943 3714 3014">
    <p class='ocr_par' dir='ltr' id='par_1_73' title="bbox 2051 2943 3714 3014">
     <span class='ocr_line' id='line_1_75' title="bbox 2051 2943 3714 3014; baseline 0.001 -16"><span class='ocrx_word' id='word_1_538' title='bbox 2051 2944 2162 2999; x_wconf 87' lang='lat' dir='ltr'><strong>bus</strong></span> <span class='ocrx_word' id='word_1_539' title='bbox 2212 2945 2382 3000; x_wconf 86' lang='lat' dir='ltr'><strong>malis</strong></span> <span class='ocrx_word' id='word_1_540' title='bbox 2429 2950 2484 3000; x_wconf 92' lang='lat' dir='ltr'><strong>et</strong></span> <span class='ocrx_word' id='word_1_541' title='bbox 2533 2945 2916 3014; x_wconf 81' lang='lat' dir='ltr'><strong>denuntiatis,</strong></span> <span class='ocrx_word' id='word_1_542' title='bbox 2967 2945 3143 3001; x_wconf 85' lang='lat' dir='ltr'><strong>alacri</strong></span> <span class='ocrx_word' id='word_1_543' title='bbox 3198 2944 3395 3001; x_wconf 87' lang='lat' dir='ltr'><strong>animo</strong></span> <span class='ocrx_word' id='word_1_544' title='bbox 3445 2944 3606 2999; x_wconf 89' lang='lat' dir='ltr'><strong>velut</strong></span> <span class='ocrx_word' id='word_1_545' title='bbox 3653 2943 3714 3000; x_wconf 90' lang='lat' dir='ltr'><strong>in</strong></span> 
     </span>
    </p>
   </div>
   <div class='ocr_carea' id='block_1_74' title="bbox 2051 3033 3714 3108">
    <p class='ocr_par' dir='ltr' id='par_1_74' title="bbox 2051 3033 3714 3108">
     <span class='ocr_line' id='line_1_76' title="bbox 2051 3033 3714 3108; baseline 0.001 -20"><span class='ocrx_word' id='word_1_546' title='bbox 2051 3033 2256 3089; x_wconf 89' lang='lat' dir='ltr'><strong>alienis</strong></span> <span class='ocrx_word' id='word_1_547' title='bbox 2307 3034 2668 3106; x_wconf 87' lang='lat' dir='ltr'><strong>corporibus,</strong></span> <span class='ocrx_word' id='word_1_548' title='bbox 2702 3035 2819 3091; x_wconf 91' lang='lat' dir='ltr'><strong>imo</strong></span> <span class='ocrx_word' id='word_1_549' title='bbox 2851 3036 3017 3107; x_wconf 87' lang='lat' dir='ltr'><strong>quasi</strong></span> <span class='ocrx_word' id='word_1_550' title='bbox 3065 3051 3376 3108; x_wconf 87' lang='lat' dir='ltr'><strong>corporum</strong></span> <span class='ocrx_word' id='word_1_551' title='bbox 3429 3039 3714 3106; x_wconf 85' lang='lat' dir='ltr'><strong>expertes,</strong></span> 
     </span>
    </p>
   </div>
   <div class='ocr_carea' id='block_1_75' title="bbox 2053 3123 3717 3198">
    <p class='ocr_par' dir='ltr' id='par_1_75' title="bbox 2053 3123 3717 3198">
     <span class='ocr_line' id='line_1_77' title="bbox 2053 3123 3717 3198; baseline 0.001 -21"><span class='ocrx_word' id='word_1_552' title='bbox 2053 3123 2455 3179; x_wconf 83' lang='lat' dir='ltr'><strong>dimicarunt?</strong></span> <span class='ocrx_word' id='word_1_553' title='bbox 2482 3125 2597 3180; x_wconf 90' lang='lat' dir='ltr'><strong>Cur</strong></span> <span class='ocrx_word' id='word_1_554' title='bbox 2629 3125 2754 3180; x_wconf 91' lang='lat' dir='ltr'><strong>ita?</strong></span> <span class='ocrx_word' id='word_1_555' title='bbox 2789 3141 2858 3180; x_wconf 89' lang='lat' dir='ltr'><strong>ne</strong></span> <span class='ocrx_word' id='word_1_556' title='bbox 2914 3127 3184 3198; x_wconf 89' lang='lat' dir='ltr'><strong>pietatem</strong></span> <span class='ocrx_word' id='word_1_557' title='bbox 3235 3123 3321 3182; x_wconf 85' lang='lat' dir='ltr'><strong>vel</strong></span> <span class='ocrx_word' id='word_1_558' title='bbox 3365 3125 3717 3180; x_wconf 89' lang='lat' dir='ltr'><strong>verbotenus</strong></span> 
     </span>
    </p>
   </div>
   <div class='ocr_carea' id='block_1_76' title="bbox 2053 3212 3715 3285">
    <p class='ocr_par' dir='ltr' id='par_1_76' title="bbox 2053 3212 3715 3285">
     <span class='ocr_line' id='line_1_78' title="bbox 2053 3212 3715 3285; baseline 0.001 -20"><span class='ocrx_word' id='word_1_559' title='bbox 2053 3212 2384 3282; x_wconf 88' lang='lat' dir='ltr'><strong>proderent.</strong></span> <span class='ocrx_word' id='word_1_560' title='bbox 2419 3213 2644 3278; x_wconf 91' lang='lat' dir='ltr'><strong>Quibus</strong></span> <span class='ocrx_word' id='word_1_561' title='bbox 2676 3213 2937 3285; x_wconf 60' lang='lat' dir='ltr'><strong>praclari</strong></span> <span class='ocrx_word' id='word_1_562' title='bbox 2961 3214 3212 3270; x_wconf 88' lang='lat' dir='ltr'><strong>honores</strong></span> <span class='ocrx_word' id='word_1_563' title='bbox 3244 3218 3302 3269; x_wconf 91' lang='lat' dir='ltr'><strong>et</strong></span> <span class='ocrx_word' id='word_1_564' title='bbox 3326 3214 3473 3268; x_wconf 83' lang='lat' dir='ltr'><strong>festa</strong></span> <span class='ocrx_word' id='word_1_565' title='bbox 3495 3212 3715 3268; x_wconf 88' lang='lat' dir='ltr'><strong>consti-</strong></span> 
     </span>
    </p>
   </div>
   <div class='ocr_carea' id='block_1_77' title="bbox 2050 3301 3720 3376">
    <p class='ocr_par' dir='ltr' id='par_1_77' title="bbox 2050 3301 3720 3376">
     <span class='ocr_line' id='line_1_79' title="bbox 2050 3301 3720 3376; baseline 0.001 -21"><span class='ocrx_word' id='word_1_566' title='bbox 2050 3306 2176 3356; x_wconf 78' lang='lat' dir='ltr'><strong>tuta</strong></span> <span class='ocrx_word' id='word_1_567' title='bbox 2206 3307 2374 3357; x_wconf 88' lang='lat' dir='ltr'><strong>sunt:</strong></span> <span class='ocrx_word' id='word_1_568' title='bbox 2410 3320 2443 3357; x_wconf 90' lang='lat' dir='ltr'><strong>a</strong></span> <span class='ocrx_word' id='word_1_569' title='bbox 2471 3302 2687 3375; x_wconf 89' lang='lat' dir='ltr'><strong>quibus</strong></span> <span class='ocrx_word' id='word_1_570' title='bbox 2718 3303 3014 3358; x_wconf 75' lang='lat' dir='ltr'><strong>daemones</strong></span> <span class='ocrx_word' id='word_1_571' title='bbox 3037 3301 3541 3376; x_wconf 87' lang='lat' dir='ltr'><strong>propelluntur,et</strong></span> <span class='ocrx_word' id='word_1_572' title='bbox 3569 3317 3720 3356; x_wconf 85' lang='lat' dir='ltr'><strong>mor-</strong></span> 
     </span>
    </p>
   </div>
   <div class='ocr_carea' id='block_1_78' title="bbox 2048 3389 3714 3464">
    <p class='ocr_par' dir='ltr' id='par_1_78' title="bbox 2048 3389 3714 3464">
     <span class='ocr_line' id='line_1_80' title="bbox 2048 3389 3714 3464; baseline 0.002 -21"><span class='ocrx_word' id='word_1_573' title='bbox 2048 3389 2105 3443; x_wconf 87' lang='lat' dir='ltr'><strong>bi</strong></span> <span class='ocrx_word' id='word_1_574' title='bbox 2137 3395 2421 3447; x_wconf 86' lang='lat' dir='ltr'><strong>curantur</strong></span> <span class='ocrx_word' id='word_1_575' title='bbox 2449 3409 2732 3462; x_wconf 83' lang='lat' dir='ltr'><strong>;quorum</strong></span> <span class='ocrx_word' id='word_1_576' title='bbox 2770 3393 3166 3464; x_wconf 89' lang='lat' dir='ltr'><strong>apparitiones</strong></span> <span class='ocrx_word' id='word_1_577' title='bbox 3191 3396 3245 3446; x_wconf 91' lang='lat' dir='ltr'><strong>et</strong></span> <span class='ocrx_word' id='word_1_578' title='bbox 3275 3390 3714 3463; x_wconf 65' lang='lat' dir='ltr'><strong>praedictiones;</strong></span> 
     </span>
    </p>
   </div>
   <div class='ocr_carea' id='block_1_79' title="bbox 2049 3479 3716 3552">
    <p class='ocr_par' dir='ltr' id='par_1_79' title="bbox 2049 3479 3716 3552">
     <span class='ocr_line' id='line_1_81' title="bbox 2049 3479 3716 3552; baseline -0.001 -19"><span class='ocrx_word' id='word_1_579' title='bbox 2049 3496 2299 3550; x_wconf 88' lang='lat' dir='ltr'><strong>quorum</strong></span> <span class='ocrx_word' id='word_1_580' title='bbox 2333 3481 2420 3536; x_wconf 90' lang='lat' dir='ltr'><strong>vel</strong></span> <span class='ocrx_word' id='word_1_581' title='bbox 2469 3481 2594 3536; x_wconf 88' lang='lat' dir='ltr'><strong>sola</strong></span> <span class='ocrx_word' id='word_1_582' title='bbox 2625 3497 2869 3552; x_wconf 89' lang='lat' dir='ltr'><strong>corpora</strong></span> <span class='ocrx_word' id='word_1_583' title='bbox 2901 3482 3053 3536; x_wconf 91' lang='lat' dir='ltr'><strong>idem</strong></span> <span class='ocrx_word' id='word_1_584' title='bbox 3106 3485 3355 3552; x_wconf 90' lang='lat' dir='ltr'><strong>possunt</strong></span> <span class='ocrx_word' id='word_1_585' title='bbox 3385 3480 3541 3551; x_wconf 87' lang='lat' dir='ltr'><strong>quod</strong></span> <span class='ocrx_word' id='word_1_586' title='bbox 3585 3479 3716 3534; x_wconf 84' lang='lat' dir='ltr'><strong>ani-</strong></span> 
     </span>
    </p>
   </div>
   <div class='ocr_carea' id='block_1_80' title="bbox 2045 3568 3712 3638">
    <p class='ocr_par' dir='ltr' id='par_1_80' title="bbox 2045 3568 3712 3638">
     <span class='ocr_line' id='line_1_82' title="bbox 2045 3568 3712 3638; baseline 0.001 -18"><span class='ocrx_word' id='word_1_587' title='bbox 2045 3583 2153 3621; x_wconf 71' lang='lat' dir='ltr'><strong>mae</strong></span> <span class='ocrx_word' id='word_1_588' title='bbox 2180 3575 2417 3636; x_wconf 55' lang='lat' dir='ltr'><strong>sanctis,</strong></span> <span class='ocrx_word' id='word_1_589' title='bbox 2454 3570 2572 3623; x_wconf 85' lang='lat' dir='ltr'><strong>sive</strong></span> <span class='ocrx_word' id='word_1_590' title='bbox 2607 3572 2945 3638; x_wconf 81' lang='lat' dir='ltr'><strong>tangantur,</strong></span> <span class='ocrx_word' id='word_1_591' title='bbox 2978 3570 3101 3624; x_wconf 86' lang='lat' dir='ltr'><strong>sive</strong></span> <span class='ocrx_word' id='word_1_592' title='bbox 3129 3568 3528 3624; x_wconf 88' lang='lat' dir='ltr'><strong>honorentur:</strong></span> <span class='ocrx_word' id='word_1_593' title='bbox 3564 3583 3712 3638; x_wconf 89' lang='lat' dir='ltr'><strong>quo-</strong></span> 
     </span>
    </p>
   </div>
   <div class='ocr_carea' id='block_1_81' title="bbox 2046 3654 3711 3729">
    <p class='ocr_par' dir='ltr' id='par_1_81' title="bbox 2046 3654 3711 3729">
     <span class='ocr_line' id='line_1_83' title="bbox 2046 3654 3711 3729; baseline 0.001 -23"><span class='ocrx_word' id='word_1_594' title='bbox 2046 3670 2177 3709; x_wconf 91' lang='lat' dir='ltr'><strong>rum</strong></span> <span class='ocrx_word' id='word_1_595' title='bbox 2219 3655 2303 3710; x_wconf 85' lang='lat' dir='ltr'><strong>vel</strong></span> <span class='ocrx_word' id='word_1_596' title='bbox 2334 3656 2468 3710; x_wconf 80' lang='lat' dir='ltr'><strong>solae</strong></span> <span class='ocrx_word' id='word_1_597' title='bbox 2499 3657 2808 3728; x_wconf 84' lang='lat' dir='ltr'><strong>sanguinis</strong></span> <span class='ocrx_word' id='word_1_598' title='bbox 2839 3661 3040 3728; x_wconf 72' lang='lat' dir='ltr'><strong>guttu&#39;,</strong></span> <span class='ocrx_word' id='word_1_599' title='bbox 3060 3661 3232 3727; x_wconf 88' lang='lat' dir='ltr'><strong>atque</strong></span> <span class='ocrx_word' id='word_1_600' title='bbox 3264 3656 3471 3729; x_wconf 80' lang='lat' dir='ltr'><strong>exigua</strong></span> <span class='ocrx_word' id='word_1_601' title='bbox 3492 3654 3711 3728; x_wconf 82' lang='lat' dir='ltr'><strong>passio-</strong></span> 
     </span>
    </p>
   </div>
   <div class='ocr_carea' id='block_1_82' title="bbox 2045 3741 3285 3816">
    <p class='ocr_par' dir='ltr' id='par_1_82' title="bbox 2045 3741 3285 3816">
     <span class='ocr_line' id='line_1_84' title="bbox 2045 3741 3285 3816; baseline 0.005 -22"><span class='ocrx_word' id='word_1_602' title='bbox 2045 3741 2136 3796; x_wconf 87' lang='lat' dir='ltr'><strong>nis</strong></span> <span class='ocrx_word' id='word_1_603' title='bbox 2169 3743 2335 3814; x_wconf 82' lang='lat' dir='ltr'><strong>signa</strong></span> <span class='ocrx_word' id='word_1_604' title='bbox 2367 3744 2521 3797; x_wconf 84' lang='lat' dir='ltr'><strong>idem</strong></span> <span class='ocrx_word' id='word_1_605' title='bbox 2554 3749 2803 3815; x_wconf 78' lang='lat' dir='ltr'><strong>possunt</strong></span> <span class='ocrx_word' id='word_1_606' title='bbox 2835 3745 2989 3815; x_wconf 87' lang='lat' dir='ltr'><strong>quod</strong></span> <span class='ocrx_word' id='word_1_607' title='bbox 3023 3761 3285 3816; x_wconf 87' lang='lat' dir='ltr'><strong>corpora.</strong></span> 
     </span>
    </p>
   </div>
   <div class='ocr_carea' id='block_1_83' title="bbox 2115 3918 3704 3994">
    <p class='ocr_par' dir='ltr' id='par_1_83' title="bbox 2115 3918 3704 3994">
     <span class='ocr_line' id='line_1_85' title="bbox 2115 3918 3704 3994; baseline 0.003 -20"><span class='ocrx_word' id='word_1_608' title='bbox 2313 3920 2441 3975; x_wconf 73' lang='lat' dir='ltr'><strong>Haec</strong></span> <span class='ocrx_word' id='word_1_609' title='bbox 2471 3936 2588 3976; x_wconf 92' lang='lat' dir='ltr'><strong>non</strong></span> <span class='ocrx_word' id='word_1_610' title='bbox 2618 3918 2782 3987; x_wconf 86' lang='lat' dir='ltr'><strong>colis,</strong></span> <span class='ocrx_word' id='word_1_611' title='bbox 2816 3921 2919 3976; x_wconf 89' lang='lat' dir='ltr'><strong>sed</strong></span> <span class='ocrx_word' id='word_1_612' title='bbox 2951 3922 3320 3990; x_wconf 87' lang='lat' dir='ltr'><strong>contemnis;</strong></span> <span class='ocrx_word' id='word_1_613' title='bbox 3355 3921 3456 3994; x_wconf 92' lang='lat' dir='ltr'><strong>qui</strong></span> <span class='ocrx_word' id='word_1_614' title='bbox 3487 3922 3704 3979; x_wconf 87' lang='lat' dir='ltr'><strong>Hercu-</strong></span> 
     </span>
    </p>
   </div>
   <div class='ocr_carea' id='block_1_84' title="bbox 2040 4007 3702 4082">
    <p class='ocr_par' dir='ltr' id='par_1_84' title="bbox 2040 4007 3702 4082">
     <span class='ocr_line' id='line_1_86' title="bbox 2040 4007 3702 4082; baseline 0.005 -22"><span class='ocrx_word' id='word_1_615' title='bbox 2040 4007 2115 4062; x_wconf 86' lang='lat' dir='ltr'><strong>lis</strong></span> <span class='ocrx_word' id='word_1_616' title='bbox 2147 4025 2378 4080; x_wconf 88' lang='lat' dir='ltr'><strong>rogum,</strong></span> <span class='ocrx_word' id='word_1_617' title='bbox 2411 4026 2478 4064; x_wconf 89' lang='lat' dir='ltr'><strong>ex</strong></span> <span class='ocrx_word' id='word_1_618' title='bbox 2509 4008 2836 4066; x_wconf 86' lang='lat' dir='ltr'><strong>calamilate</strong></span> <span class='ocrx_word' id='word_1_619' title='bbox 2868 4010 3219 4082; x_wconf 88' lang='lat' dir='ltr'><strong>injuriisque</strong></span> <span class='ocrx_word' id='word_1_620' title='bbox 3253 4011 3600 4068; x_wconf 88' lang='lat' dir='ltr'><strong>mulieribus</strong></span> <span class='ocrx_word' id='word_1_621' title='bbox 3631 4011 3702 4068; x_wconf 88' lang='lat' dir='ltr'><strong>il-</strong></span> 
     </span>
    </p>
   </div>
   <div class='ocr_carea' id='block_1_85' title="bbox 2045 4116 3048 4182">
    <p class='ocr_par' dir='ltr' id='par_1_85' title="bbox 2045 4116 3048 4182">
     <span class='ocr_line' id='line_1_87' title="bbox 2045 4116 3048 4182; baseline 0.002 -13"><span class='ocrx_word' id='word_1_622' title='bbox 2045 4121 2226 4182; x_wconf 87' lang='lat' dir='ltr'><strong>neret,</strong></span> <span class='ocrx_word' id='word_1_623' title='bbox 2264 4116 2454 4170; x_wconf 90' lang='lat' dir='ltr'><strong>nullos</strong></span> <span class='ocrx_word' id='word_1_624' title='bbox 2486 4117 2726 4171; x_wconf 91' lang='lat' dir='ltr'><strong>omnino</strong></span> <span class='ocrx_word' id='word_1_625' title='bbox 2759 4117 2981 4172; x_wconf 86' lang='lat' dir='ltr'><strong>habuit.</strong></span> <span class='ocrx_word' id='word_1_626' title='bbox 3020 4139 3048 4167; x_wconf 84' lang='grc'><strong>››</strong></span> 
     </span>
    </p>
   </div>
   <div class='ocr_carea' id='block_1_86' title="bbox 2117 4183 3701 4262">
    <p class='ocr_par' dir='ltr' id='par_1_86' title="bbox 2117 4183 3701 4262">
     <span class='ocr_line' id='line_1_88' title="bbox 2117 4183 3701 4262; baseline 0.005 -24"><span class='ocrx_word' id='word_1_627' title='bbox 2117 4187 2224 4262; x_wconf 74' lang='lat'>(89)</span> <span class='ocrx_word' id='word_1_628' title='bbox 2261 4185 2406 4239; x_wconf 84' lang='grc' dir='ltr'><strong>Μετά</strong></span> <span class='ocrx_word' id='word_1_629' title='bbox 2435 4183 2682 4262; x_wconf 77' lang='grc' dir='ltr'>Ἡρώδην</span> <span class='ocrx_word' id='word_1_630' title='bbox 2735 4183 2995 4262; x_wconf 79' lang='grc' dir='ltr'>διώκτης.</span> <span class='ocrx_word' id='word_1_631' title='bbox 3029 4187 3182 4262; x_wconf 84' lang='lat' dir='ltr'><strong>Elias</strong></span> <span class='ocrx_word' id='word_1_632' title='bbox 3233 4193 3404 4261; x_wconf 80' lang='lat' dir='ltr'><strong>putat</strong></span> <span class='ocrx_word' id='word_1_633' title='bbox 3446 4206 3548 4262; x_wconf 91' lang='lat' dir='ltr'><strong>per</strong></span> <span class='ocrx_word' id='word_1_634' title='bbox 3595 4189 3701 4245; x_wconf 82' lang='lat' dir='ltr'><strong>he—</strong></span> 
     </span>
    </p>
   </div>
   <div class='ocr_carea' id='block_1_87' title="bbox 2044 4257 3702 4334">
    <p class='ocr_par' dir='ltr' id='par_1_87' title="bbox 2044 4257 3702 4334">
     <span class='ocr_line' id='line_1_89' title="bbox 2044 4257 3702 4334; baseline 0.005 -24"><span class='ocrx_word' id='word_1_635' title='bbox 2044 4257 2264 4323; x_wconf 88' lang='lat' dir='ltr'><strong>redem,</strong></span> <span class='ocrx_word' id='word_1_636' title='bbox 2297 4275 2409 4334; x_wconf 76' lang='lat' dir='ltr'><strong>non</strong></span> <span class='ocrx_word' id='word_1_637' title='bbox 2442 4257 2818 4334; x_wconf 86' lang='lat' dir='ltr'><strong>tetrarcham,</strong></span> <span class='ocrx_word' id='word_1_638' title='bbox 2852 4262 2949 4334; x_wconf 80' lang='lat' dir='ltr'><strong>sed</strong></span> <span class='ocrx_word' id='word_1_639' title='bbox 2987 4261 3172 4333; x_wconf 84' lang='lat' dir='ltr'><strong>ipsius</strong></span> <span class='ocrx_word' id='word_1_640' title='bbox 3214 4257 3465 4334; x_wconf 65' lang='lat' dir='ltr'><strong>patrem;</strong></span> <span class='ocrx_word' id='word_1_641' title='bbox 3491 4278 3702 4334; x_wconf 88' lang='lat' dir='ltr'><strong>puero-</strong></span> 
     </span>
    </p>
   </div>
   <div class='ocr_carea' id='block_1_88' title="bbox 2043 4330 3226 4403">
    <p class='ocr_par' dir='ltr' id='par_1_88' title="bbox 2043 4330 3226 4403">
     <span class='ocr_line' id='line_1_90' title="bbox 2043 4330 3226 4403; baseline 0.005 -21"><span class='ocrx_word' id='word_1_642' title='bbox 2043 4330 2562 4403; x_wconf 67' lang='lat' dir='ltr'><strong>rumirarnificem,</strong></span> <span class='ocrx_word' id='word_1_643' title='bbox 2597 4347 2724 4386; x_wconf 88' lang='lat' dir='ltr'><strong>esse</strong></span> <span class='ocrx_word' id='word_1_644' title='bbox 2755 4330 3226 4403; x_wconf 57' lang='lat' dir='ltr'><strong>intelligendum:</strong></span> 
     </span>
    </p>
   </div>
   <div class='ocr_carea' id='block_1_89' title="bbox 2115 4401 3698 4532">
    <p class='ocr_par' dir='ltr' id='par_1_89' title="bbox 2115 4401 3698 4532">
     <span class='ocr_line' id='line_1_91' title="bbox 2115 4401 3698 4532; baseline 0.007 -80"><span class='ocrx_word' id='word_1_645' title='bbox 2115 4401 2224 4470; x_wconf 82' lang='grc'>(90)</span> <span class='ocrx_word' id='word_1_646' title='bbox 2257 4402 2394 4492; x_wconf 47' lang='grc' dir='ltr'>Ῐξπὲρ</span> <span class='ocrx_word' id='word_1_647' title='bbox 2445 4406 2703 4473; x_wconf 85' lang='grc' dir='ltr'>Χριστοῦ.</span> <span class='ocrx_word' id='word_1_648' title='bbox 2741 4409 2908 4459; x_wconf 83' lang='lat' dir='ltr'><strong>Deest</strong></span> <span class='ocrx_word' id='word_1_649' title='bbox 2953 4401 3088 4486; x_wconf 73' lang='grc' dir='ltr'><strong>ὗπέρ</strong></span> <span class='ocrx_word' id='word_1_650' title='bbox 3121 4405 3179 4459; x_wconf 83' lang='lat' dir='ltr'><strong>in</strong></span> <span class='ocrx_word' id='word_1_651' title='bbox 3227 4405 3698 4532; x_wconf 48' lang='lat' dir='ltr'><strong>quinqunggg.</strong></span> 
     </span>
     <span class='ocr_line' id='line_1_92' title="bbox 2115 4474 3696 4532; baseline 0.004 -7"><span class='ocrx_word' id='word_1_652' title='bbox 2115 4474 2217 4526; x_wconf 84' lang='lat' dir='ltr'><strong>ob.</strong></span> <span class='ocrx_word' id='word_1_653' title='bbox 2254 4474 2414 4529; x_wconf 69' lang='lat' dir='ltr'><strong>Loth.</strong></span> <span class='ocrx_word' id='word_1_654' title='bbox 2450 4481 2507 4528; x_wconf 86' lang='lat' dir='ltr'><strong>et</strong></span> <span class='ocrx_word' id='word_1_655' title='bbox 2554 4478 2650 4529; x_wconf 85' lang='lat' dir='ltr'><strong>Ur.</strong></span> <span class='ocrx_word' id='word_1_656' title='bbox 2690 4478 2737 4532; x_wconf 92' lang='lat'><strong>1.</strong></span> <span class='ocrx_word' id='word_1_657' title='bbox 2791 4476 2930 4532; x_wconf 72' lang='lat' dir='ltr'><strong>Reg.</strong></span> <span class='ocrx_word' id='word_1_658' title='bbox 2969 4495 3042 4532; x_wconf 88' lang='lat' dir='ltr'><strong>u:</strong></span> <span class='ocrx_word' id='word_1_659' title='bbox 3077 4494 3134 4532; x_wconf 83' lang='lat' dir='ltr'><strong>in</strong></span> <span class='ocrx_word' id='word_1_660' title='bbox 3185 4495 3307 4532; x_wconf 87' lang='lat' dir='ltr'><strong>ora.</strong></span> <span class='ocrx_word' id='word_1_661' title='bbox 3339 4477 3411 4531; x_wconf 86' lang='grc' dir='ltr'><strong>Ἥ</strong></span> <span class='ocrx_word' id='word_1_662' title='bbox 3443 4496 3604 4532; x_wconf 84' lang='grc' dir='ltr'>ουκη</span> <span class='ocrx_word' id='word_1_663' title='bbox 3645 4497 3696 4531; x_wconf 87' lang='grc' dir='ltr'>ε-</span> 
     </span>
    </p>
   </div>
   <div class='ocr_carea' id='block_1_90' title="bbox 2041 4473 3696 4550">
    <p class='ocr_par' dir='ltr' id='par_1_90' title="bbox 2041 4473 3696 4550">
     <span class='ocr_line' id='line_1_93' title="bbox 2041 4473 3696 4550; baseline 0.005 -26"><span class='ocrx_word' id='word_1_664' title='bbox 2041 4473 2217 4526; x_wconf 91' lang='lat' dir='ltr'><strong>duob.</strong></span> <span class='ocrx_word' id='word_1_665' title='bbox 2254 4474 2414 4529; x_wconf 83' lang='lat' dir='ltr'><strong>Golb.</strong></span> <span class='ocrx_word' id='word_1_666' title='bbox 2450 4481 2507 4528; x_wconf 86' lang='lat' dir='ltr'><strong>et</strong></span> <span class='ocrx_word' id='word_1_667' title='bbox 2554 4478 2650 4529; x_wconf 85' lang='lat' dir='ltr'><strong>Ur.</strong></span> <span class='ocrx_word' id='word_1_668' title='bbox 2690 4478 2737 4545; x_wconf 92' lang='lat'><strong>1,</strong></span> <span class='ocrx_word' id='word_1_669' title='bbox 2791 4476 2930 4548; x_wconf 82' lang='lat' dir='ltr'><strong>Reg.</strong></span> <span class='ocrx_word' id='word_1_670' title='bbox 2969 4495 3003 4531; x_wconf 92' lang='lat' dir='ltr'><strong>u</strong></span> <span class='ocrx_word' id='word_1_671' title='bbox 3029 4473 3134 4545; x_wconf 52' lang='lat' dir='ltr'><strong>{in</strong></span> <span class='ocrx_word' id='word_1_672' title='bbox 3185 4473 3307 4546; x_wconf 72' lang='lat' dir='ltr'><strong>ora,</strong></span> <span class='ocrx_word' id='word_1_673' title='bbox 3339 4473 3411 4531; x_wconf 85' lang='grc' dir='ltr'><strong><em>Ἥ</em></strong></span> <span class='ocrx_word' id='word_1_674' title='bbox 3443 4474 3546 4530; x_wconf 80' lang='grc' dir='ltr'><strong>οὐκ</strong></span> <span class='ocrx_word' id='word_1_675' title='bbox 3568 4473 3696 4550; x_wconf 74' lang='grc' dir='ltr'><strong>ᾑδέ-</strong></span> 
     </span>
    </p>
   </div>
   <div class='ocr_carea' id='block_1_91' title="bbox 336 4541 1934 4620">
    <p class='ocr_par' dir='ltr' id='par_1_91' title="bbox 336 4541 1923 4620">
     <span class='ocr_line' id='line_1_94' title="bbox 336 4541 1923 4620; baseline -0.006 -18"><span class='ocrx_word' id='word_1_676' title='bbox 336 4549 448 4620; x_wconf 88' lang='grc'>(84)</span> <span class='ocrx_word' id='word_1_677' title='bbox 485 4541 927 4620; x_wconf 49' lang='grc' dir='ltr'>Καξηρτίσαντο..</span> <span class='ocrx_word' id='word_1_678' title='bbox 966 4543 1146 4620; x_wconf 66' lang='grc' dir='ltr'><strong>Μρηὶ.</strong></span> <span class='ocrx_word' id='word_1_679' title='bbox 1196 4542 1326 4596; x_wconf 83' lang='lat' dir='ltr'><strong>Ald.</strong></span> <span class='ocrx_word' id='word_1_680' title='bbox 1386 4548 1443 4597; x_wconf 91' lang='lat' dir='ltr'><strong>et</strong></span> <span class='ocrx_word' id='word_1_681' title='bbox 1501 4542 1664 4620; x_wconf 30' lang='lat' dir='ltr'><strong>Bas},-</strong></span> <span class='ocrx_word' id='word_1_682' title='bbox 1722 4560 1923 4620; x_wconf 63' lang='grc' dir='ltr'>κατηρτ</span> 
     </span>
    </p>
   </div>
   <div class='ocr_carea' id='block_1_92' title="bbox 2057 4541 2190 4620">
    <p class='ocr_par' dir='ltr' id='par_1_92' title="bbox 2057 4553 2190 4620">
     <span class='ocr_line' id='line_1_95' title="bbox 2057 4553 2190 4620; baseline 0 0"><span class='ocrx_word' id='word_1_683' title='bbox 2057 4553 2190 4620; x_wconf 51' lang='grc' dir='ltr'><strong>’θὶςῖ</strong></span> 
     </span>
    </p>
   </div>
   <div class='ocr_carea' id='block_1_93' title="bbox 263 4612 1928 4682">
    <p class='ocr_par' dir='ltr' id='par_1_93' title="bbox 263 4612 1928 4682">
     <span class='ocr_line' id='line_1_96' title="bbox 263 4612 1928 4682; baseline -0.004 -10"><span class='ocrx_word' id='word_1_684' title='bbox 263 4612 510 4672; x_wconf 78' lang='grc' dir='ltr'>τύσαντο.</span> <span class='ocrx_word' id='word_1_685' title='bbox 547 4612 824 4678; x_wconf 83' lang='lat' dir='ltr'><strong>Quamvis</strong></span> <span class='ocrx_word' id='word_1_686' title='bbox 871 4612 964 4666; x_wconf 90' lang='lat' dir='ltr'><strong>hic</strong></span> <span class='ocrx_word' id='word_1_687' title='bbox 997 4613 1302 4682; x_wconf 85' lang='lat' dir='ltr'><strong>theologus</strong></span> <span class='ocrx_word' id='word_1_688' title='bbox 1348 4613 1615 4668; x_wconf 89' lang='lat' dir='ltr'><strong>nonnihil</strong></span> <span class='ocrx_word' id='word_1_689' title='bbox 1651 4612 1928 4668; x_wconf 86' lang='lat' dir='ltr'><strong>immutet</strong></span> 
     </span>
    </p>
   </div>
   <div class='ocr_carea' id='block_1_94' title="bbox 267 4682 1926 4760">
    <p class='ocr_par' dir='ltr' id='par_1_94' title="bbox 267 4682 1926 4760">
     <span class='ocr_line' id='line_1_97' title="bbox 267 4682 1926 4760; baseline -0.006 -14"><span class='ocrx_word' id='word_1_690' title='bbox 267 4691 573 4760; x_wconf 66' lang='lat' dir='ltr'><strong>scripturae</strong></span> <span class='ocrx_word' id='word_1_691' title='bbox 605 4686 799 4760; x_wconf 67' lang='lat' dir='ltr'><strong>verba.</strong></span> <span class='ocrx_word' id='word_1_692' title='bbox 830 4700 946 4755; x_wconf 68' lang='lat' dir='ltr'><strong>pm</strong></span> <span class='ocrx_word' id='word_1_693' title='bbox 971 4682 1382 4760; x_wconf 63' lang='lat' dir='ltr'><strong>oculistamen</strong></span> <span class='ocrx_word' id='word_1_694' title='bbox 1413 4683 1605 4760; x_wconf 61' lang='lat' dir='ltr'><strong>habet</strong></span> <span class='ocrx_word' id='word_1_695' title='bbox 1621 4700 1746 4760; x_wconf 81' lang='lat' dir='ltr'><strong>quae</strong></span> <span class='ocrx_word' id='word_1_696' title='bbox 1775 4687 1926 4760; x_wconf 74' lang='lat' dir='ltr'><strong>Apo-</strong></span> 
     </span>
    </p>
   </div>
   <div class='ocr_carea' id='block_1_95' title="bbox 269 4755 1925 4825">
    <p class='ocr_par' dir='ltr' id='par_1_95' title="bbox 269 4755 1925 4825">
     <span class='ocr_line' id='line_1_98' title="bbox 269 4755 1925 4825; baseline -0.006 -8"><span class='ocrx_word' id='word_1_697' title='bbox 269 4755 456 4817; x_wconf 79' lang='lat' dir='ltr'><strong>stolus</strong></span> <span class='ocrx_word' id='word_1_698' title='bbox 487 4761 556 4814; x_wconf 91' lang='lat' dir='ltr'><strong>de</strong></span> <span class='ocrx_word' id='word_1_699' title='bbox 589 4755 843 4813; x_wconf 84' lang='lat' dir='ltr'><strong>Ecclesia</strong></span> <span class='ocrx_word' id='word_1_700' title='bbox 870 4756 1094 4810; x_wconf 86' lang='lat' dir='ltr'><strong>scribit.</strong></span> <span class='ocrx_word' id='word_1_701' title='bbox 1139 4755 1283 4825; x_wconf 86' lang='lat' dir='ltr'><strong>Eph.</strong></span> <span class='ocrx_word' id='word_1_702' title='bbox 1321 4771 1398 4821; x_wconf 84' lang='grc' dir='ltr'><strong>ιν,</strong></span> <span class='ocrx_word' id='word_1_703' title='bbox 1432 4755 1537 4822; x_wconf 86' lang='lat'><strong>16;</strong></span> <span class='ocrx_word' id='word_1_704' title='bbox 1569 4755 1690 4810; x_wconf 88' lang='lat' dir='ltr'><strong>Col.</strong></span> <span class='ocrx_word' id='word_1_705' title='bbox 1725 4771 1786 4820; x_wconf 89' lang='grc' dir='ltr'><strong>ιι,</strong></span> <span class='ocrx_word' id='word_1_706' title='bbox 1820 4756 1925 4822; x_wconf 86' lang='grc'>19;</span> 
     </span>
    </p>
   </div>
   <div class='ocr_carea' id='block_1_96' title="bbox 269 4832 919 4897">
    <p class='ocr_par' dir='ltr' id='par_1_96' title="bbox 269 4832 919 4897">
     <span class='ocr_line' id='line_1_99' title="bbox 269 4832 919 4897; baseline -0.012 -8"><span class='ocrx_word' id='word_1_707' title='bbox 269 4834 291 4890; x_wconf 94' lang='grc' dir='ltr'><strong>Ι</strong></span> <span class='ocrx_word' id='word_1_708' title='bbox 323 4839 449 4887; x_wconf 82' lang='lat' dir='ltr'><strong>Cor.</strong></span> <span class='ocrx_word' id='word_1_709' title='bbox 481 4848 580 4893; x_wconf 71' lang='grc' dir='ltr'>χιι,</span> <span class='ocrx_word' id='word_1_710' title='bbox 616 4832 682 4884; x_wconf 79' lang='grc'><strong>12</strong></span> <span class='ocrx_word' id='word_1_711' title='bbox 713 4835 770 4884; x_wconf 91' lang='lat' dir='ltr'><strong>et</strong></span> <span class='ocrx_word' id='word_1_712' title='bbox 796 4845 919 4897; x_wconf 85' lang='lat' dir='ltr'><strong>seq.</strong></span> 
     </span>
    </p>
   </div>
   <div class='ocr_carea' id='block_1_97' title="bbox 339 4895 1584 4977">
    <p class='ocr_par' dir='ltr' id='par_1_97' title="bbox 339 4895 1584 4977">
     <span class='ocr_line' id='line_1_100' title="bbox 339 4895 1584 4977; baseline -0.006 -20"><span class='ocrx_word' id='word_1_713' title='bbox 339 4905 454 4977; x_wconf 82' lang='grc'>(85)</span> <span class='ocrx_word' id='word_1_714' title='bbox 523 4895 892 4975; x_wconf 64' lang='grc' dir='ltr'>Καθήραντος.</span> <span class='ocrx_word' id='word_1_715' title='bbox 975 4904 1111 4969; x_wconf 72' lang='lat' dir='ltr'><strong>Reg.</strong></span> <span class='ocrx_word' id='word_1_716' title='bbox 1184 4897 1226 4964; x_wconf 91' lang='lat' dir='ltr'><strong>l,</strong></span> <span class='ocrx_word' id='word_1_717' title='bbox 1294 4895 1454 4952; x_wconf 77' lang='lat' dir='ltr'><strong>Coll).</strong></span> <span class='ocrx_word' id='word_1_718' title='bbox 1526 4896 1584 4967; x_wconf 84' lang='lat' dir='ltr'><strong>k,</strong></span> 
     </span>
    </p>
   </div>
   <div class='ocr_carea' id='block_1_98' title="bbox 266 4997 380 5031">
    <p class='ocr_par' dir='ltr' id='par_1_98' title="bbox 266 4997 380 5031">
     <span class='ocr_line' id='line_1_101' title="bbox 266 4997 380 5031; baseline -0.026 0"><span class='ocrx_word' id='word_1_719' title='bbox 266 4997 380 5031; x_wconf 81' lang='grc' dir='ltr'>τος.</span> 
     </span>
    </p>
   </div>
   <div class='ocr_carea' id='block_1_99' title="bbox 336 4995 1925 5116">
    <p class='ocr_par' dir='ltr' id='par_1_99' title="bbox 336 4995 1925 5116">
     <span class='ocr_line' id='line_1_102' title="bbox 336 4995 1925 5116; baseline -0.008 -15"><span class='ocrx_word' id='word_1_720' title='bbox 336 4995 454 5116; x_wconf 56' lang='grc' dir='ltr'>(ἐϋ)</span> <span class='ocrx_word' id='word_1_721' title='bbox 485 5040 756 5116; x_wconf 74' lang='grc' dir='ltr'>Ηόλεμον.</span> <span class='ocrx_word' id='word_1_722' title='bbox 812 5043 951 5114; x_wconf 80' lang='lat' dir='ltr'><strong>Reg.</strong></span> <span class='ocrx_word' id='word_1_723' title='bbox 1005 5059 1062 5112; x_wconf 93' lang='lat' dir='ltr'><strong>q,</strong></span> <span class='ocrx_word' id='word_1_724' title='bbox 1095 5045 1258 5096; x_wconf 82' lang='lat' dir='ltr'><strong>Pass.</strong></span> <span class='ocrx_word' id='word_1_725' title='bbox 1312 5040 1442 5095; x_wconf 86' lang='lat' dir='ltr'><strong>Sav.</strong></span> <span class='ocrx_word' id='word_1_726' title='bbox 1499 5040 1742 5107; x_wconf 80' lang='lat' dir='ltr'><strong>addunt,</strong></span> <span class='ocrx_word' id='word_1_727' title='bbox 1776 5034 1925 5112; x_wconf 73' lang='grc' dir='ltr'>ἤγει-</span> 
     </span>
    </p>
   </div>
   <div class='ocr_carea' id='block_1_100' title="bbox 304 5139 388 5174">
    <p class='ocr_par' dir='ltr' id='par_1_100' title="bbox 304 5139 388 5174">
     <span class='ocr_line' id='line_1_103' title="bbox 304 5139 388 5174; baseline 0.012 -1"><span class='ocrx_word' id='word_1_728' title='bbox 304 5139 388 5174; x_wconf 80' lang='grc' dir='ltr'><strong>ας.</strong></span> 
     </span>
    </p>
   </div>
   <div class='ocr_carea' id='block_1_101' title="bbox 269 5138 1920 5264">
    <p class='ocr_par' dir='ltr' id='par_1_101' title="bbox 269 5138 1920 5264">
     <span class='ocr_line' id='line_1_104' title="bbox 269 5138 1920 5264; baseline -0.005 -19"><span class='ocrx_word' id='word_1_729' title='bbox 269 5138 449 5264; x_wconf 46' lang='lat' dir='ltr'><strong>Pagdn</strong></span> <span class='ocrx_word' id='word_1_730' title='bbox 502 5183 818 5241; x_wconf 71' lang='grc' dir='ltr'>Καταίλυσιν.</span> <span class='ocrx_word' id='word_1_731' title='bbox 875 5187 1069 5264; x_wconf 73' lang='lat' dir='ltr'><strong>Locus</strong></span> <span class='ocrx_word' id='word_1_732' title='bbox 1102 5183 1211 5237; x_wconf 85' lang='lat' dir='ltr'><strong>iste</strong></span> <span class='ocrx_word' id='word_1_733' title='bbox 1238 5258 1242 5264; x_wconf 31' lang='grc' dir='ltr'><strong>Ι</strong></span> <span class='ocrx_word' id='word_1_734' title='bbox 1267 5181 1566 5262; x_wconf 79' lang='lat' dir='ltr'><strong>intellectu</strong></span> <span class='ocrx_word' id='word_1_735' title='bbox 1606 5181 1920 5264; x_wconf 63' lang='lat' dir='ltr'><strong>difficilis;</strong></span> 
     </span>
    </p>
   </div>
   <div class='ocr_carea' id='block_1_102' title="bbox 267 5253 1920 5335">
    <p class='ocr_par' dir='ltr' id='par_1_102' title="bbox 267 5253 1920 5335">
     <span class='ocr_line' id='line_1_105' title="bbox 267 5253 1920 5335; baseline -0.008 -16"><span class='ocrx_word' id='word_1_736' title='bbox 267 5253 544 5335; x_wconf 71' lang='lat' dir='ltr'><strong>putamus</strong></span> <span class='ocrx_word' id='word_1_737' title='bbox 597 5269 791 5313; x_wconf 84' lang='lat' dir='ltr'><strong>tamen</strong></span> <span class='ocrx_word' id='word_1_738' title='bbox 834 5257 1177 5335; x_wconf 58' lang='lat' dir='ltr'><strong>gregorium</strong></span> <span class='ocrx_word' id='word_1_739' title='bbox 1214 5255 1540 5335; x_wconf 38' lang='lat' dir='ltr'><strong>ilic‘agere</strong></span> <span class='ocrx_word' id='word_1_740' title='bbox 1589 5255 1658 5308; x_wconf 86' lang='lat' dir='ltr'><strong>dc</strong></span> <span class='ocrx_word' id='word_1_741' title='bbox 1708 5253 1920 5308; x_wconf 73' lang='lat' dir='ltr'><strong>Christi</strong></span> 
     </span>
    </p>
   </div>
   <div class='ocr_carea' id='block_1_103' title="bbox 266 5325 1920 5401">
    <p class='ocr_par' dir='ltr' id='par_1_103' title="bbox 266 5325 1920 5401">
     <span class='ocr_line' id='line_1_106' title="bbox 266 5325 1920 5401; baseline -0.006 -13"><span class='ocrx_word' id='word_1_742' title='bbox 266 5325 473 5400; x_wconf 67' lang='lat' dir='ltr'><strong>inerte,</strong></span> <span class='ocrx_word' id='word_1_743' title='bbox 508 5333 678 5401; x_wconf 78' lang='lat' dir='ltr'><strong>cujus</strong></span> <span class='ocrx_word' id='word_1_744' title='bbox 711 5328 851 5400; x_wconf 92' lang='lat' dir='ltr'><strong>preti</strong></span> <span class='ocrx_word' id='word_1_745' title='bbox 865 5325 978 5381; x_wconf 64' lang='lat' dir='ltr'><strong>uuf</strong></span> <span class='ocrx_word' id='word_1_746' title='bbox 993 5332 1050 5382; x_wconf 89' lang='lat' dir='ltr'><strong>et</strong></span> <span class='ocrx_word' id='word_1_747' title='bbox 1081 5325 1638 5401; x_wconf 70' lang='lat' dir='ltr'><strong>me_rita_dissolvere</strong></span> <span class='ocrx_word' id='word_1_748' title='bbox 1668 5341 1734 5380; x_wconf 90' lang='lat' dir='ltr'><strong>ac</strong></span> <span class='ocrx_word' id='word_1_749' title='bbox 1760 5342 1920 5380; x_wconf 90' lang='lat' dir='ltr'><strong>ever-</strong></span> 
     </span>
    </p>
   </div>
   <div class='ocr_carea' id='block_1_104' title="bbox 264 5398 1922 5470">
    <p class='ocr_par' dir='ltr' id='par_1_104' title="bbox 264 5398 1922 5470">
     <span class='ocr_line' id='line_1_107' title="bbox 264 5398 1922 5470; baseline -0.006 -9"><span class='ocrx_word' id='word_1_750' title='bbox 264 5411 386 5460; x_wconf 87' lang='lat' dir='ltr'><strong>tere</strong></span> <span class='ocrx_word' id='word_1_751' title='bbox 415 5398 780 5470; x_wconf 52' lang='lat' dir='ltr'><strong>excog&#39;itab&#39;at</strong></span> <span class='ocrx_word' id='word_1_752' title='bbox 827 5402 1124 5454; x_wconf 79' lang='lat' dir='ltr'><strong>Julianus.</strong></span> <span class='ocrx_word' id='word_1_753' title='bbox 1158 5398 1358 5453; x_wconf 81' lang='lat' dir='ltr'><strong>Comb.</strong></span> <span class='ocrx_word' id='word_1_754' title='bbox 1397 5420 1423 5444; x_wconf 88' lang='grc'><strong>‹‹</strong></span> <span class='ocrx_word' id='word_1_755' title='bbox 1458 5398 1735 5453; x_wconf 88' lang='lat' dir='ltr'><strong>adversus</strong></span> <span class='ocrx_word' id='word_1_756' title='bbox 1766 5413 1922 5452; x_wconf 87' lang='lat' dir='ltr'><strong>mor-</strong></span> 
     </span>
    </p>
   </div>
   <div class='ocr_carea' id='block_1_105' title="bbox 266 5471 1036 5533">
    <p class='ocr_par' dir='ltr' id='par_1_105' title="bbox 266 5471 1036 5533">
     <span class='ocr_line' id='line_1_108' title="bbox 266 5471 1036 5533; baseline -0.016 0"><span class='ocrx_word' id='word_1_757' title='bbox 266 5483 383 5533; x_wconf 90' lang='lat' dir='ltr'><strong>tem</strong></span> <span class='ocrx_word' id='word_1_758' title='bbox 418 5475 624 5530; x_wconf 85' lang='lat' dir='ltr'><strong>mortis</strong></span> <span class='ocrx_word' id='word_1_759' title='bbox 655 5471 978 5526; x_wconf 89' lang='lat' dir='ltr'><strong>interitum.</strong></span> <span class='ocrx_word' id='word_1_760' title='bbox 1015 5495 1036 5521; x_wconf 73' lang='grc' dir='ltr'><strong>ιι</strong></span> 
     </span>
    </p>
   </div>
   <div class='ocr_carea' id='block_1_106' title="bbox 340 5538 1922 5619">
    <p class='ocr_par' dir='ltr' id='par_1_106' title="bbox 340 5538 1922 5619">
     <span class='ocr_line' id='line_1_109' title="bbox 340 5538 1922 5619; baseline -0.003 -22"><span class='ocrx_word' id='word_1_761' title='bbox 340 5549 451 5619; x_wconf 87' lang='lat'>(88)</span> <span class='ocrx_word' id='word_1_762' title='bbox 483 5540 623 5600; x_wconf 76' lang='grc' dir='ltr'>Οὐδὲ</span> <span class='ocrx_word' id='word_1_763' title='bbox 648 5543 968 5619; x_wconf 52' lang='grc' dir='ltr'>-μάρτυραᾳ</span> <span class='ocrx_word' id='word_1_764' title='bbox 1000 5564 1031 5619; x_wconf 79' lang='lat'>_«</span> <span class='ocrx_word' id='word_1_765' title='bbox 1067 5539 1282 5619; x_wconf 57' lang='lat' dir='ltr'><strong>Ijabuit</strong></span> <span class='ocrx_word' id='word_1_766' title='bbox 1327 5538 1624 5619; x_wconf 66' lang='lat' dir='ltr'><strong>Julianus,</strong></span> <span class='ocrx_word' id='word_1_767' title='bbox 1655 5540 1764 5619; x_wconf 76' lang='lat' dir='ltr'><strong>etsi</strong></span> <span class='ocrx_word' id='word_1_768' title='bbox 1814 5540 1922 5594; x_wconf 86' lang='lat' dir='ltr'><strong>im-</strong></span> 
     </span>
    </p>
   </div>
   <div class='ocr_carea' id='block_1_107' title="bbox 270 5609 1926 5695">
    <p class='ocr_par' dir='ltr' id='par_1_107' title="bbox 270 5609 1926 5695">
     <span class='ocr_line' id='line_1_110' title="bbox 270 5609 1926 5695; baseline -0.005 -20"><span class='ocrx_word' id='word_1_769' title='bbox 270 5609 446 5695; x_wconf 52' lang='lat' dir='ltr'><strong>pium&#39;</strong></span> <span class='ocrx_word' id='word_1_770' title='bbox 467 5633 533 5672; x_wconf 91' lang='lat' dir='ltr'><strong>ac</strong></span> <span class='ocrx_word' id='word_1_771' title='bbox 567 5609 874 5695; x_wconf 45' lang='lat' dir='ltr'><strong>nefarium,</strong></span> <span class='ocrx_word' id='word_1_772' title='bbox 904 5636 932 5661; x_wconf 86' lang='grc'><strong>››</strong></span> <span class='ocrx_word' id='word_1_773' title='bbox 962 5613 1042 5667; x_wconf 81' lang='lat' dir='ltr'><strong>ait</strong></span> <span class='ocrx_word' id='word_1_774' title='bbox 1072 5609 1298 5695; x_wconf 65' lang='lat' dir='ltr'><strong>Dillius,</strong></span> <span class='ocrx_word' id='word_1_775' title='bbox 1319 5633 1345 5660; x_wconf 91' lang='grc'><strong>‹‹</strong></span> <span class='ocrx_word' id='word_1_776' title='bbox 1382 5611 1796 5694; x_wconf 53' lang='grc' dir='ltr'>(ιυυιιβὶιῐνὶειο</span> <span class='ocrx_word' id='word_1_777' title='bbox 1829 5629 1926 5694; x_wconf 84' lang='lat' dir='ltr'><strong>0p-</strong></span> 
     </span>
    </p>
   </div>
   <div class='ocr_carea' id='block_1_108' title="bbox 271 5683 1922 5765">
    <p class='ocr_par' dir='ltr' id='par_1_108' title="bbox 271 5683 1922 5765">
     <span class='ocr_line' id='line_1_111' title="bbox 271 5683 1922 5765; baseline -0.006 -19"><span class='ocrx_word' id='word_1_778' title='bbox 271 5683 530 5765; x_wconf 74' lang='lat' dir='ltr'><strong>poncret,</strong></span> <span class='ocrx_word' id='word_1_779' title='bbox 565 5691 627 5742; x_wconf 91' lang='lat' dir='ltr'><strong>ut</strong></span> <span class='ocrx_word' id='word_1_780' title='bbox 657 5684 1001 5765; x_wconf 74' lang='lat' dir='ltr'><strong>sanguinem</strong></span> <span class='ocrx_word' id='word_1_781' title='bbox 1035 5685 1316 5765; x_wconf 80' lang='lat' dir='ltr'><strong>adversus</strong></span> <span class='ocrx_word' id='word_1_782' title='bbox 1348 5683 1710 5765; x_wconf 80' lang='lat' dir='ltr'><strong>sanguinem,</strong></span> <span class='ocrx_word' id='word_1_783' title='bbox 1743 5684 1922 5738; x_wconf 89' lang='lat' dir='ltr'><strong>sacri-</strong></span> 
     </span>
    </p>
   </div>
   <div class='ocr_carea' id='block_1_109' title="bbox 271 5757 1920 5828">
    <p class='ocr_par' dir='ltr' id='par_1_109' title="bbox 271 5757 1920 5828">
     <span class='ocr_line' id='line_1_112' title="bbox 271 5757 1920 5828; baseline -0.008 -6"><span class='ocrx_word' id='word_1_784' title='bbox 271 5757 404 5822; x_wconf 82' lang='lat' dir='ltr'><strong>licia</strong></span> <span class='ocrx_word' id='word_1_785' title='bbox 430 5762 708 5820; x_wconf 79' lang='lat' dir='ltr'><strong>adversus</strong></span> <span class='ocrx_word' id='word_1_786' title='bbox 731 5757 1084 5816; x_wconf 80' lang='lat' dir='ltr'><strong>sacriﬁcium</strong></span> <span class='ocrx_word' id='word_1_787' title='bbox 1113 5781 1126 5825; x_wconf 82' lang='lat'><strong>;</strong></span> <span class='ocrx_word' id='word_1_788' title='bbox 1159 5761 1219 5812; x_wconf 88' lang='lat' dir='ltr'><strong>at</strong></span> <span class='ocrx_word' id='word_1_789' title='bbox 1246 5773 1394 5828; x_wconf 88' lang='lat' dir='ltr'><strong>quos</strong></span> <span class='ocrx_word' id='word_1_790' title='bbox 1426 5760 1709 5828; x_wconf 84' lang='lat' dir='ltr'><strong>martyres</strong></span> <span class='ocrx_word' id='word_1_791' title='bbox 1743 5773 1920 5828; x_wconf 84' lang='lat' dir='ltr'><strong>oppo-</strong></span> 
     </span>
    </p>
   </div>
   <div class='ocr_carea' id='block_1_110' title="bbox 975 4894 1928 4970">
    <p class='ocr_par' dir='ltr' id='par_1_110' title="bbox 975 4894 1928 4970">
     <span class='ocr_line' id='line_1_113' title="bbox 975 4894 1928 4970; baseline -0.004 -18"><span class='ocrx_word' id='word_1_792' title='bbox 975 4904 1111 4969; x_wconf 77' lang='lat' dir='ltr'><strong>lteg.</strong></span> <span class='ocrx_word' id='word_1_793' title='bbox 1184 4897 1226 4964; x_wconf 92' lang='lat' dir='ltr'><strong>l,</strong></span> <span class='ocrx_word' id='word_1_794' title='bbox 1294 4895 1454 4952; x_wconf 75' lang='lat' dir='ltr'><strong>Coll).</strong></span> <span class='ocrx_word' id='word_1_795' title='bbox 1526 4896 1584 4967; x_wconf 86' lang='lat' dir='ltr'><strong>k,</strong></span> <span class='ocrx_word' id='word_1_796' title='bbox 1667 4894 1928 4970; x_wconf 80' lang='grc' dir='ltr'>καθάραν-</span> 
     </span>
    </p>
   </div>
   <div class='ocr_carea' id='block_1_111' title="bbox 2039 4614 3696 4738">
    <p class='ocr_par' dir='ltr' id='par_1_111' title="bbox 2039 4614 3696 4738">
     <span class='ocr_line' id='line_1_114' title="bbox 2039 4614 3696 4738; baseline 0.002 -70"><span class='ocrx_word' id='word_1_797' title='bbox 2039 4615 2222 4738; x_wconf 53' lang='lat' dir='ltr'><strong>bugll)</strong></span> <span class='ocrx_word' id='word_1_798' title='bbox 2255 4614 2366 4682; x_wconf 71' lang='grc' dir='ltr'><strong>Μή.</strong></span> <span class='ocrx_word' id='word_1_799' title='bbox 2403 4615 2569 4670; x_wconf 83' lang='lat' dir='ltr'><strong>Deest</strong></span> <span class='ocrx_word' id='word_1_800' title='bbox 2599 4615 2658 4670; x_wconf 90' lang='lat' dir='ltr'><strong>in</strong></span> <span class='ocrx_word' id='word_1_801' title='bbox 2690 4617 2953 4689; x_wconf 86' lang='lat' dir='ltr'><strong>quinque</strong></span> <span class='ocrx_word' id='word_1_802' title='bbox 2999 4617 3178 4689; x_wconf 80' lang='lat' dir='ltr'><strong>Regg.</strong></span> <span class='ocrx_word' id='word_1_803' title='bbox 3214 4618 3466 4690; x_wconf 87' lang='lat' dir='ltr'><strong>aliisque</strong></span> <span class='ocrx_word' id='word_1_804' title='bbox 3512 4618 3696 4690; x_wconf 84' lang='lat' dir='ltr'><strong>pluri-</strong></span> 
     </span>
    </p>
   </div>
   <div class='ocr_carea' id='block_1_112' title="bbox 2081 4702 3696 4830">
    <p class='ocr_par' dir='ltr' id='par_1_112' title="bbox 2081 4702 3696 4830">
     <span class='ocr_line' id='line_1_115' title="bbox 2081 4702 3696 4830; baseline 0.001 -18"><span class='ocrx_word' id='word_1_805' title='bbox 2081 4702 2222 4828; x_wconf 43' lang='lat' dir='ltr'><strong>u($9.2)</strong></span> <span class='ocrx_word' id='word_1_806' title='bbox 2277 4753 2556 4813; x_wconf 84' lang='grc' dir='ltr'>Δύνανται.</span> <span class='ocrx_word' id='word_1_807' title='bbox 2611 4755 2735 4814; x_wconf 84' lang='lat' dir='ltr'><strong>Non</strong></span> <span class='ocrx_word' id='word_1_808' title='bbox 2795 4757 2965 4830; x_wconf 91' lang='lat' dir='ltr'><strong>pauci</strong></span> <span class='ocrx_word' id='word_1_809' title='bbox 3019 4758 3188 4814; x_wconf 91' lang='lat' dir='ltr'><strong>codd.</strong></span> <span class='ocrx_word' id='word_1_810' title='bbox 3247 4763 3303 4814; x_wconf 89' lang='lat' dir='ltr'><strong>et</strong></span> <span class='ocrx_word' id='word_1_811' title='bbox 3351 4759 3479 4815; x_wconf 88' lang='lat' dir='ltr'><strong>Sav.</strong></span> <span class='ocrx_word' id='word_1_812' title='bbox 3540 4755 3696 4814; x_wconf 85' lang='grc' dir='ltr'>δύνα-</span> 
     </span>
    </p>
   </div>
   <div class='ocr_carea' id='block_1_113' title="bbox 2035 4846 2141 4878">
    <p class='ocr_par' dir='ltr' id='par_1_113' title="bbox 2035 4846 2141 4878">
     <span class='ocr_line' id='line_1_116' title="bbox 2035 4846 2141 4878; baseline 0 0"><span class='ocrx_word' id='word_1_813' title='bbox 2035 4846 2141 4878; x_wconf 88' lang='grc' dir='ltr'>ται.</span> 
     </span>
    </p>
   </div>
   <div class='ocr_carea' id='block_1_114' title="bbox 2108 4899 3694 5024">
    <p class='ocr_par' dir='ltr' id='par_1_114' title="bbox 2108 4899 3694 5024">
     <span class='ocr_line' id='line_1_117' title="bbox 2108 4899 3694 5024; baseline 0.005 -74"><span class='ocrx_word' id='word_1_814' title='bbox 2108 4899 2222 5024; x_wconf 47' lang='grc'>(193)</span> <span class='ocrx_word' id='word_1_815' title='bbox 2255 4902 2452 4972; x_wconf 81' lang='grc' dir='ltr'>Δρῶσι.</span> <span class='ocrx_word' id='word_1_816' title='bbox 2493 4925 2512 4950; x_wconf 71' lang='grc' dir='ltr'>α</span> <span class='ocrx_word' id='word_1_817' title='bbox 2541 4900 2700 4956; x_wconf 90' lang='lat' dir='ltr'><strong>Idem</strong></span> <span class='ocrx_word' id='word_1_818' title='bbox 2732 4906 3027 4973; x_wconf 72' lang='lat' dir='ltr'><strong>praestant.</strong></span> <span class='ocrx_word' id='word_1_819' title='bbox 3061 4923 3089 4952; x_wconf 86' lang='grc'><strong>››</strong></span> <span class='ocrx_word' id='word_1_820' title='bbox 3128 4903 3292 4957; x_wconf 84' lang='lat' dir='ltr'><strong>Deest</strong></span> <span class='ocrx_word' id='word_1_821' title='bbox 3331 4901 3390 4957; x_wconf 92' lang='lat' dir='ltr'><strong>in</strong></span> <span class='ocrx_word' id='word_1_822' title='bbox 3421 4899 3694 4974; x_wconf 87' lang='lat' dir='ltr'><strong>pluribus</strong></span> 
     </span>
    </p>
   </div>
   <div class='ocr_carea' id='block_1_115' title="bbox 2038 4987 2206 5025">
    <p class='ocr_par' dir='ltr' id='par_1_115' title="bbox 2038 4987 2206 5025">
     <span class='ocr_line' id='line_1_118' title="bbox 2038 4987 2206 5025; baseline 0 -2"><span class='ocrx_word' id='word_1_823' title='bbox 2038 4987 2206 5025; x_wconf 80' lang='lat' dir='ltr'><strong>COtltl.</strong></span> 
     </span>
    </p>
   </div>
   <div class='ocr_carea' id='block_1_116' title="bbox 2108 5039 3694 5119">
    <p class='ocr_par' dir='ltr' id='par_1_116' title="bbox 2108 5039 3694 5119">
     <span class='ocr_line' id='line_1_119' title="bbox 2108 5039 3694 5119; baseline 0.004 -26"><span class='ocrx_word' id='word_1_824' title='bbox 2108 5042 2220 5110; x_wconf 21' lang='lat'>(0.1)</span> <span class='ocrx_word' id='word_1_825' title='bbox 2267 5039 2664 5113; x_wconf 76' lang='grc' dir='ltr'>Ἡρακλέους...</span> <span class='ocrx_word' id='word_1_826' title='bbox 2725 5042 2918 5119; x_wconf 72' lang='grc' dir='ltr'>πυράν.</span> <span class='ocrx_word' id='word_1_827' title='bbox 2977 5043 3272 5119; x_wconf 73' lang='lat' dir='ltr'><strong>Hercules</strong></span> <span class='ocrx_word' id='word_1_828' title='bbox 3313 5059 3378 5119; x_wconf 84' lang='lat' dir='ltr'><strong>ex</strong></span> <span class='ocrx_word' id='word_1_829' title='bbox 3435 5043 3576 5119; x_wconf 65' lang='lat' dir='ltr'><strong>Jove</strong></span> <span class='ocrx_word' id='word_1_830' title='bbox 3634 5051 3694 5102; x_wconf 90' lang='lat' dir='ltr'><strong>et</strong></span> 
     </span>
    </p>
   </div>
   <div class='ocr_carea' id='block_1_117' title="bbox 2033 5111 3694 5186">
    <p class='ocr_par' dir='ltr' id='par_1_117' title="bbox 2033 5111 3694 5186">
     <span class='ocr_line' id='line_1_120' title="bbox 2033 5111 3694 5186; baseline 0.005 -21"><span class='ocrx_word' id='word_1_831' title='bbox 2033 5111 2311 5186; x_wconf 77' lang='lat' dir='ltr'><strong>Alcmena</strong></span> <span class='ocrx_word' id='word_1_832' title='bbox 2335 5111 2533 5186; x_wconf 79' lang='lat' dir='ltr'><strong>natus,</strong></span> <span class='ocrx_word' id='word_1_833' title='bbox 2571 5111 3060 5186; x_wconf 65' lang='lat' dir='ltr'><strong>matrim&#39;onioque</strong></span> <span class='ocrx_word' id='word_1_834' title='bbox 3089 5131 3224 5170; x_wconf 89' lang='lat' dir='ltr'><strong>cum</strong></span> <span class='ocrx_word' id='word_1_835' title='bbox 3259 5115 3524 5185; x_wconf 86' lang='lat' dir='ltr'><strong>Dejanira</strong></span> <span class='ocrx_word' id='word_1_836' title='bbox 3555 5133 3694 5172; x_wconf 87' lang='lat' dir='ltr'><strong>con-</strong></span> 
     </span>
    </p>
   </div>
   <div class='ocr_carea' id='block_1_118' title="bbox 2029 5184 3691 5260">
    <p class='ocr_par' dir='ltr' id='par_1_118' title="bbox 2029 5184 3691 5260">
     <span class='ocr_line' id='line_1_121' title="bbox 2029 5184 3691 5260; baseline 0.004 -23"><span class='ocrx_word' id='word_1_837' title='bbox 2029 5184 2302 5260; x_wconf 28' lang='lat' dir='ltr'><strong>jﬂuncti&#39;s,</strong></span> <span class='ocrx_word' id='word_1_838' title='bbox 2332 5185 2728 5260; x_wconf 81' lang='lat' dir='ltr'><strong>in__maximas</strong></span> <span class='ocrx_word' id='word_1_839' title='bbox 2777 5184 3419 5260; x_wconf 39' lang='lat' dir='ltr'><strong>calamitatesobcam</strong></span> <span class='ocrx_word' id='word_1_840' title='bbox 3463 5189 3691 5245; x_wconf 89' lang='lat' dir='ltr'><strong>incidit.</strong></span> 
     </span>
    </p>
   </div>
   <div class='ocr_carea' id='block_1_119' title="bbox 2036 5256 3696 5332">
    <p class='ocr_par' dir='ltr' id='par_1_119' title="bbox 2036 5256 3696 5332">
     <span class='ocr_line' id='line_1_122' title="bbox 2036 5256 3696 5332; baseline 0.005 -23"><span class='ocrx_word' id='word_1_841' title='bbox 2036 5256 2177 5332; x_wconf 77' lang='lat' dir='ltr'><strong>Cum</strong></span> <span class='ocrx_word' id='word_1_842' title='bbox 2214 5256 2617 5332; x_wconf 61' lang='lat' dir='ltr'><strong>eniniNcssus</strong></span> <span class='ocrx_word' id='word_1_843' title='bbox 2635 5266 2946 5316; x_wconf 88' lang='lat' dir='ltr'><strong>centaurus</strong></span> <span class='ocrx_word' id='word_1_844' title='bbox 2976 5259 3090 5313; x_wconf 89' lang='lat' dir='ltr'><strong>vim</strong></span> <span class='ocrx_word' id='word_1_845' title='bbox 3119 5258 3412 5332; x_wconf 18' lang='lat' dir='ltr'><strong>eigi‘nt&#39;erre</strong></span> <span class='ocrx_word' id='word_1_846' title='bbox 3439 5265 3696 5332; x_wconf 84' lang='lat' dir='ltr'><strong>pararet,</strong></span> 
     </span>
    </p>
   </div>
   <div class='ocr_carea' id='block_1_120' title="bbox 2035 5327 3695 5402">
    <p class='ocr_par' dir='ltr' id='par_1_120' title="bbox 2035 5327 3695 5402">
     <span class='ocr_line' id='line_1_123' title="bbox 2035 5327 3695 5402; baseline 0.004 -21"><span class='ocrx_word' id='word_1_847' title='bbox 2035 5328 2249 5397; x_wconf 80' lang='lat' dir='ltr'><strong>sagitta</strong></span> <span class='ocrx_word' id='word_1_848' title='bbox 2274 5327 2468 5399; x_wconf 70' lang='lat' dir='ltr'><strong>hydrae</strong></span> <span class='ocrx_word' id='word_1_849' title='bbox 2503 5332 2789 5402; x_wconf 84' lang='lat' dir='ltr'><strong>sanguine</strong></span> <span class='ocrx_word' id='word_1_850' title='bbox 2838 5331 3049 5385; x_wconf 77' lang='lat' dir='ltr'><strong>infecta</strong></span> <span class='ocrx_word' id='word_1_851' title='bbox 3080 5331 3151 5384; x_wconf 90' lang='lat' dir='ltr'><strong>ab</strong></span> <span class='ocrx_word' id='word_1_852' title='bbox 3184 5327 3695 5388; x_wconf 51' lang='lat' dir='ltr'><strong>Hercule—confes;</strong></span> 
     </span>
    </p>
   </div>
   <div class='ocr_carea' id='block_1_121' title="bbox 2035 5403 3696 5475">
    <p class='ocr_par' dir='ltr' id='par_1_121' title="bbox 2035 5403 3696 5475">
     <span class='ocr_line' id='line_1_124' title="bbox 2035 5403 3696 5475; baseline 0.005 -23"><span class='ocrx_word' id='word_1_853' title='bbox 2035 5415 2149 5475; x_wconf 76' lang='lat' dir='ltr'><strong>sus</strong></span> <span class='ocrx_word' id='word_1_854' title='bbox 2169 5404 2275 5453; x_wconf 89' lang='lat' dir='ltr'><strong>est.</strong></span> <span class='ocrx_word' id='word_1_855' title='bbox 2308 5404 2530 5456; x_wconf 86' lang='lat' dir='ltr'><strong>Nessus</strong></span> <span class='ocrx_word' id='word_1_856' title='bbox 2561 5409 2754 5457; x_wconf 87' lang='lat' dir='ltr'><strong>autem</strong></span> <span class='ocrx_word' id='word_1_857' title='bbox 2789 5420 2851 5458; x_wconf 91' lang='lat' dir='ltr'><strong>se</strong></span> <span class='ocrx_word' id='word_1_858' title='bbox 2884 5403 3229 5475; x_wconf 83' lang='lat' dir='ltr'><strong>morientem</strong></span> <span class='ocrx_word' id='word_1_859' title='bbox 3276 5403 3558 5475; x_wconf 85' lang='lat' dir='ltr'><strong>sentiens,</strong></span> <span class='ocrx_word' id='word_1_860' title='bbox 3586 5404 3696 5460; x_wconf 90' lang='lat' dir='ltr'><strong>De-</strong></span> 
     </span>
    </p>
   </div>
   <div class='ocr_carea' id='block_1_122' title="bbox 2026 5471 3695 5547">
    <p class='ocr_par' dir='ltr' id='par_1_122' title="bbox 2026 5471 3695 5547">
     <span class='ocr_line' id='line_1_125' title="bbox 2026 5471 3695 5547; baseline 0.004 -23"><span class='ocrx_word' id='word_1_861' title='bbox 2026 5471 2233 5547; x_wconf 57' lang='lat' dir='ltr'><strong>ianira&quot;:</strong></span> <span class='ocrx_word' id='word_1_862' title='bbox 2281 5476 2504 5547; x_wconf 81' lang='lat' dir='ltr'><strong>vestem</strong></span> <span class='ocrx_word' id='word_1_863' title='bbox 2561 5475 2793 5546; x_wconf 86' lang='lat' dir='ltr'><strong>proprio</strong></span> <span class='ocrx_word' id='word_1_864' title='bbox 2856 5473 3142 5547; x_wconf 82' lang='lat' dir='ltr'><strong>sanguine</strong></span> <span class='ocrx_word' id='word_1_865' title='bbox 3191 5474 3490 5547; x_wconf 83' lang='lat' dir='ltr'><strong>profusam</strong></span> <span class='ocrx_word' id='word_1_866' title='bbox 3541 5471 3695 5532; x_wconf 83' lang='lat' dir='ltr'><strong>dono</strong></span> 
     </span>
    </p>
   </div>
   <div class='ocr_carea' id='block_1_123' title="bbox 2035 5541 3693 5616">
    <p class='ocr_par' dir='ltr' id='par_1_123' title="bbox 2035 5541 3693 5616">
     <span class='ocr_line' id='line_1_126' title="bbox 2035 5541 3693 5616; baseline 0.004 -20"><span class='ocrx_word' id='word_1_867' title='bbox 2035 5541 2215 5616; x_wconf 78' lang='lat' dir='ltr'><strong>dedit,</strong></span> <span class='ocrx_word' id='word_1_868' title='bbox 2231 5558 2408 5616; x_wconf 67' lang='lat' dir='ltr'><strong>quam</strong></span> <span class='ocrx_word' id='word_1_869' title='bbox 2435 5541 2782 5616; x_wconf 48' lang='lat' dir='ltr'><strong>ipsa—postea</strong></span> <span class='ocrx_word' id='word_1_870' title='bbox 2803 5546 2874 5600; x_wconf 82' lang='lat' dir='ltr'><strong>ad</strong></span> <span class='ocrx_word' id='word_1_871' title='bbox 2889 5541 3540 5601; x_wconf 53' lang='lat' dir='ltr'><strong>Herculem&#39;misitﬂam</strong></span> <span class='ocrx_word' id='word_1_872' title='bbox 3559 5563 3693 5602; x_wconf 82' lang='lat' dir='ltr'><strong>cum</strong></span> 
     </span>
    </p>
   </div>
   <div class='ocr_carea' id='block_1_124' title="bbox 2033 5613 3694 5684">
    <p class='ocr_par' dir='ltr' id='par_1_124' title="bbox 2033 5613 3694 5684">
     <span class='ocr_line' id='line_1_127' title="bbox 2033 5613 3694 5684; baseline 0.004 -17"><span class='ocrx_word' id='word_1_873' title='bbox 2033 5613 2329 5669; x_wconf 86' lang='lat' dir='ltr'><strong>induisset</strong></span> <span class='ocrx_word' id='word_1_874' title='bbox 2349 5613 2647 5682; x_wconf 79' lang='lat' dir='ltr'><strong>Hercules,</strong></span> <span class='ocrx_word' id='word_1_875' title='bbox 2672 5634 2891 5673; x_wconf 90' lang='lat' dir='ltr'><strong>veneno</strong></span> <span class='ocrx_word' id='word_1_876' title='bbox 2913 5617 3428 5684; x_wconf 82' lang='lat' dir='ltr'><strong>excandescens,et</strong></span> <span class='ocrx_word' id='word_1_877' title='bbox 3449 5619 3506 5672; x_wconf 92' lang='lat' dir='ltr'><strong>in</strong></span> <span class='ocrx_word' id='word_1_878' title='bbox 3530 5618 3694 5674; x_wconf 81' lang='lat' dir='ltr'><strong>furo-</strong></span> 
     </span>
    </p>
   </div>
   <div class='ocr_carea' id='block_1_125' title="bbox 2035 5689 3690 5762">
    <p class='ocr_par' dir='ltr' id='par_1_125' title="bbox 2035 5689 3690 5762">
     <span class='ocr_line' id='line_1_128' title="bbox 2035 5689 3690 5762; baseline 0.003 -23"><span class='ocrx_word' id='word_1_879' title='bbox 2035 5701 2155 5740; x_wconf 90' lang='lat' dir='ltr'><strong>rem</strong></span> <span class='ocrx_word' id='word_1_880' title='bbox 2183 5702 2404 5750; x_wconf 88' lang='lat' dir='ltr'><strong>versus,</strong></span> <span class='ocrx_word' id='word_1_881' title='bbox 2421 5695 2697 5762; x_wconf 77' lang='lat' dir='ltr'><strong>congesta</strong></span> <span class='ocrx_word' id='word_1_882' title='bbox 2717 5689 3254 5762; x_wconf 80' lang='lat' dir='ltr'><strong>ingentilignorum</strong></span> <span class='ocrx_word' id='word_1_883' title='bbox 3279 5695 3459 5758; x_wconf 89' lang='lat' dir='ltr'><strong>strue,</strong></span> <span class='ocrx_word' id='word_1_884' title='bbox 3477 5705 3690 5762; x_wconf 76' lang='lat' dir='ltr'><strong>acma-</strong></span> 
     </span>
    </p>
   </div>
   <div class='ocr_carea' id='block_1_126' title="bbox 2035 5758 3686 5844">
    <p class='ocr_par' dir='ltr' id='par_1_126' title="bbox 2035 5758 3686 5844">
     <span class='ocr_line' id='line_1_129' title="bbox 2035 5758 3686 5844; baseline 0.001 -32"><span class='ocrx_word' id='word_1_885' title='bbox 2035 5772 2149 5831; x_wconf 90' lang='lat' dir='ltr'><strong>gno</strong></span> <span class='ocrx_word' id='word_1_886' title='bbox 2173 5774 2310 5831; x_wconf 89' lang='lat' dir='ltr'><strong>rogo</strong></span> <span class='ocrx_word' id='word_1_887' title='bbox 2323 5758 2655 5832; x_wconf 76' lang='lat' dir='ltr'><strong>excitato,in</strong></span> <span class='ocrx_word' id='word_1_888' title='bbox 2681 5758 3120 5836; x_wconf 77' lang='lat' dir='ltr'><strong>euminsiliit,et</strong></span> <span class='ocrx_word' id='word_1_889' title='bbox 3138 5761 3398 5839; x_wconf 86' lang='lat' dir='ltr'><strong>seipsum</strong></span> <span class='ocrx_word' id='word_1_890' title='bbox 3418 5759 3686 5844; x_wconf 64' lang='lat' dir='ltr'><strong>combus-</strong></span> 
     </span>
    </p>
   </div>
  </div>
