4028 6404
340 364 454 423 591

1590 366 1654 423 S.
1707 362 2077 423 GREGORII
2122 364 2518 425 THEOLOGI

3642 374 3773 434 592

339 493 475 549 latis
505 494 825 550 excitatum
858 493 1206 561 admiraris;
1241 497 1296 549 et
1326 494 1552 567 Pelopis
1593 494 1980 562 laniationem,

2107 497 2212 547 τῶν
2246 515 2368 570 περι
2399 500 2653 571 γυναῖκας
2686 497 3056 572 ἀδικημάτων·
3090 499 3181 555 καὶ
3209 502 3306 571 τὴν
3346 500 3594 565 Πέλοπος

337 583 523 649 illam,
555 583 825 655 inquam,
853 584 940 639 vel
985 583 1355 654 hospitalem,
1390 585 1475 639 vel
1510 601 1541 639 a
1570 585 1810 638 deorum
1840 585 1991 638 109

339 690 537 728 amore
569 675 906 745 profectam,
939 690 1007 727 ex
1055 691 1165 743 qua
1202 673 1481 745 Pelopidze
1531 674 1601 727 ab
1641 672 1907 727 humeris
1936 678 1993 727 et

338 762 513 817 ebore
544 762 838 818 nobilitati
870 768 1047 818 sunt:
1085 764 1181 833 qui
1232 762 1406 816 etiam
1440 763 1755 834 Phrygum,
1792 762 1891 833 qui
1924 762 1990 817 ti-

336 853 447 909 biae
478 852 765 908 suavitate
797 851 1210 918 mulcentur,et
1240 854 1373 922 post
1404 850 1555 905 tibiae
1589 855 1826 905 cantum
1859 868 1991 906 con-

337 942 586 999 tumelia
617 941 974 1006 afﬁciuntur,
1027 939 1428 1007 exsectiones;
1461 944 1517 995 et
1550 941 1608 995 in
1641 939 1864 994 Mithrae
1896 956 1988 995 sa-

337 1032 453 1090 cris
486 1030 777 1088 adhibitos
825 1027 1135 1095 cruciatus,
1162 1029 1477 1100 justasque
1523 1033 1622 1084 aut
1651 1030 1827 1085 etiam
1860 1045 1989 1099 my-

334 1121 515 1177 sticas
546 1120 848 1186 ustiones;
881 1121 937 1173 et
966 1117 1264 1189 hospitum
1297 1120 1453 1189 apud
1494 1119 1717 1174 Tauros
1749 1118 1988 1185 caedem,

333 1209 593 1281 illudque
623 1207 775 1280 apud
810 1206 1046 1277 Trojam
1080 1206 1284 1277 puellae
1318 1206 1487 1279 regia:
1519 1207 1897 1273 sacrificium,
1931 1212 1989 1263 et

329 1297 601 1354 Mencecei
636 1314 740 1369 pro
772 1296 1068 1351 Thebanis
1100 1297 1299 1351 fusum
1349 1296 1719 1368 sanguinem,
1751 1301 1985 1369 postea-

329 1405 440 1459 que
471 1387 726 1441 filiarum
779 1385 1014 1441 Scedasi
1064 1385 1122 1438 in
1176 1386 1482 1440 Leuctris:
1528 1386 1628 1457 qui
1668 1390 1985 1457 Spartanos

324 1477 724 1534 adolescentes
754 1476 931 1547 virgis
963 1490 1092 1530 sese
1122 1474 1447 1530 lacerantes
1479 1477 1705 1545 laudas,
1740 1485 1792 1530 et
1824 1492 1983 1531 aram

325 1583 529 1623 cruore
561 1580 916 1636 respersam,
947 1564 1116 1619 deam
1146 1570 1365 1619 castam
1398 1569 1453 1619 et
1482 1564 1767 1636 virginem
1800 1566 1995 1624 oblec.

324 1660 548 1712 tantem
584 1673 596 1710 :
631 1656 733 1726 qui
766 1653 1019 1709 Socratis
1069 1654 1319 1708 cicutam
1375 1654 1626 1720 extollis,
1658 1660 1714 1709 et
1744 1656 1986 1727 Epicteti

326 1761 481 1815 crus,
502 1747 556 1799 et
586 1741 912 1798 Anaxarchi
943 1745 1132 1797 utrem
1160 1758 1441 1812 ;quorum
1474 1743 1756 1814 patientia
1786 1749 1986 1799 coacta

324 1834 522 1906 potius
571 1848 637 1888 ac
688 1830 1041 1900 necessaria,
1075 1848 1249 1902 quam
1309 1830 1490 1886 libera
1547 1836 1604 1886 et
1656 1832 1983 1888 voluntaria

326 1926 487 1979 erat:
520 1921 619 1993 qui
650 1919 1000 1976 Cleombroti
1032 1919 1417 1975 Ambraciota
1450 1918 1771 1988 saltum,ad
1808 1939 1981 1993 quem

324 2029 394 2067 ex
425 2009 606 2066 libelli
637 2011 711 2066 De
740 2011 931 2064 anima
979 2008 1224 2065 lectione
1256 2008 1548 2080 impulsus
1581 2014 1670 2065 est
1703 2027 1714 2063 :
1751 2011 1849 2081 qui
1884 2012 1985 2084 Py-

321 2099 684 2172 thagoricam
717 2098 877 2153 illam
912 2115 1015 2170 pro
1048 2099 1197 2153 fabis
1231 2098 1685 2165 contentionem,
1721 2105 1777 2154 et
1802 2100 1985 2155 Thea-

322 2194 568 2258 nus,aut
597 2189 793 2245 nescio
842 2189 1012 2259 cujus
1039 2186 1192 2242 alius
1226 2204 1293 2243 ex
1324 2187 1396 2242 iis
1445 2188 1543 2259 qui
1587 2189 1986 2261 Pythagoricis

323 2278 618 2352 mysteriis
638 2277 853 2333 initiati
885 2282 1051 2333 erant
1081 2277 1323 2347 ejusque
1354 2278 1633 2348 dogmata
1663 2281 1990 2350 sequeban-

320 2372 438 2437 tur,
476 2367 684 2423 mortis
715 2366 1230 2439 contemptionem.

320 2476 417 2532 sit.
452 2476 618 2531 Hunc
645 2474 920 2548 Julianus
952 2490 1183 2546 rogum,
1229 2478 1509 2548 tanquam
1544 2475 1720 2529 animi
1756 2478 1982 2548 magni-

318 2548 528 2603 tudine
559 2548 775 2602 factum
801 2546 1541 2617 admirabatur.Gregorius
1561 2564 1693 2602 vero
1713 2546 1982 2603 demons-

317 2624 437 2675 trat
466 2620 523 2674 id
547 2618 773 2674 Herculi
800 2635 867 2673 ex
884 2618 1204 2672 infortunio
1222 2618 1620 2689 e_t_calamitate
1643 2621 1977 2689 contigisse.

392 2692 506 2763 (95)
534 2689 815 2763 Πέλοπος.
852 2690 1147 2763 Regrbm,
1195 2686 1484 2763 lléhuitoq.
1508 2686 1980 2746 Tantalus‘Peloo

320 2761 455 2835 pem
490 2761 677 2835 tilium
708 2766 932 2835 coctum
963 2762 1076 2815 diis
1108 2762 1439 2835 hospitibus
1472 2761 1528 2814 in
1564 2778 1768 2817 mensa
1790 2780 1980 2835 appo-

322 2833 463 2890 suit.
516 2834 604 2887 Illi
655 2850 787 2888 vero
837 2834 910 2887 ab
963 2850 1067 2888 esu
1116 2833 1548 2905 abstinuerunt,
1605 2840 1662 2888 et
1710 2833 1979 2905 Pelopem

325 2906 397 2961 ad
428 2906 607 2960 vitam
640 2908 984 2960 revocarunt
1025 2904 1249 2975 junctis
1299 2906 1585 2975 partibus,
1623 2904 1978 2975 praeteribu-

325 2994 554 3032 merum
589 2994 622 3032 a
669 2977 869 3032 Cerere
913 2982 1201 3043 voratum,
1234 2977 1405 3046 cujus
1452 2976 1576 3031 loco
1626 2979 1860 3032 additus
1893 2983 1981 3035 est

321 3049 639 3105 ehurneus.

395 3121 504 3192 (96)
534 3120 636 3180 Τὰς
688 3116 1219 3192 Φρυγῶνῂέκτομάς.
1277 3140 1304 3192 ι(
1356 3118 1647 3191 Phrygum
1698 3121 1978 3175 exsectio-

318 3208 445 3248 nes.
483 3190 510 3241 ὸ)
543 3193 605 3246 In
638 3190 889 3263 Phrygia
918 3190 1087 3246 Rheae
1120 3190 1406 3261 templum
1440 3194 1654 3258 crat,in
1690 3210 1976 3263 quo,cum

319 3264 447 3319 dies
478 3264 612 3319 festi
651 3263 992 3335 agebantur,
1040 3264 1291 3335 nefanda
1322 3263 1377 3316 in
1413 3280 1623 3333 pueros
1663 3264 1978 3320 crudelitas

320 3334 730 3403 adhibebatur,
766 3351 830 3389 ac
862 3334 1021 3389 tibiis
1052 3334 1358 3401 canebant,
1393 3341 1457 3389 ut
1503 3352 1707 3391 eorum
1748 3337 1978 3392 dolores

320 3408 596 3463 lenirent.

388 3480 507 3549 (97)
537 3478 682 3531 Μετά
724 3476 815 3530 τὸν
865 3473 1050 3549 αύλύν.
1104 3476 1379 3532 Permulti
1433 3477 1684 3543 codices,
1738 3477 1867 3533 Ald.
1922 3483 1979 3535 et

320 3546 453 3607 Βαε.
486 3546 579 3608 ed.
618 3550 750 3620 μετὰ
779 3551 886 3603 τῶν
914 3546 1118 3620 αὐλῶν.

387 3617 641 3696 (98)-Ἐν
702 3620 909 3694 Μίθρου
973 3619 1235 3696 βασάνους
1294 3618 1383 3672 καὶ
1442 3617 1657 3696 καύσεις
1714 3617 1974 3696 ἐνδίκους,

319 3689 539 3767 Reg.)
598 3699 655 3749 et
714 3689 880 3748 Aaés.
952 3689 1043 3767 τὰς
1114 3689 1472 3767 ἐνδίκουςηςὶ]
1532 3692 1619 3744 καὶ
1695 3692 1973 3767 μυστικάς.

317 3762 477 3822 Hanc
506 3765 815 3821 lectionem
848 3766 1117 3835 sequitur
1147 3764 1275 3818 Bill.
1313 3762 1515 3819 Melius
1548 3781 1677 3819 vero
1715 3766 1973 3820 Combet‘.

316 3838 547 3893 videtur
574 3838 816 3893 reddere
864 3838 1061 3892 Graeca
1095 3842 1157 3891 ut
1190 3852 1343 3890 nunc
1383 3841 1521 3890 sunt
1556 3854 1571 3895 :
1604 3859 1631 3886 «
1661 3837 1977 3908 justasque

318 3910 615 3981 ustiones,
637 3911 917 3981 mysticae
940 3908 1079 3981 illas
1109 3913 1166 3962 et
1200 3924 1269 3962 ex
1300 3924 1601 3981 sacrorum
1634 3909 1770 3972 ritu,
1806 3930 1833 3957 ››
1865 3915 1973 3963 etc.

320 3982 521 4050 Porro,
544 3978 781 4055 Μίθρου,
813 4003 854 4055 «_
872 3979 1075 4055 solem,
1109 4000 1135 4029 »
1172 3984 1318 4055 teste
1341 3978 1493 4055 Elia,
1531 3980 1765 4055 plurimi
1802 3981 1976 4035 inter-

362 4050 786 4117 retantur.'Qui
838 4051 1059 4105 Mithrae
1110 4052 1293 4106 sacris
1338 4050 1607 4105 initiandi
1658 4058 1841 4118 erant,
1877 4068 1979 4123 per

362 4071 645 4109 retantur.
679 4071 786 4117 υυι
838 4071 1059 4105 munra:
1110 4071 1293 4106 sacris
1339 4071 1607 4105 iniuanui
1658 4071 1841 4118 erant,
1877 4071 1979 4123 per

319 4071 630 4181 guudecim
704 4124 999 4179 cruciatus
1076 4123 1796 4195 ducebanturrnimirum
1878 4140 1979 4195 per

320 4197 541 4269 ignem,
576 4212 679 4269 per
705 4197 909 4269 frigus,
934 4211 1033 4265 per
1064 4194 1416 4269 fameiii,per
1447 4194 1624 4260 sitim,
1646 4210 1745 4265 per
1775 4195 1973 4265 nigra,

322 4265 435 4341 p'eri
453 4265 681 4341 itineris
714 4265 1333 4341 molestiamLaliaquc
1360 4267 1411 4341 id
1448 4284 1651 4334 genus.

392 4340 504 4410 (99)
537 4339 623 4393 ’Ev
656 4336 904 4403 Ταύροις.
938 4339 1000 4391 In
1034 4338 1283 4391 Taurica
1312 4337 1690 4410 Chersoneso,
1730 4337 1796 4389 ad
1835 4335 1976 4387 Pon-

318 4408 446 4466 tum
476 4408 791 4475 Euxinum,
813 4414 938 4466 erat
967 4410 1198 4479 insigne
1232 4408 1519 4478 templum
1548 4410 1740 4463 Dianae
1773 4421 1973 4459 conse-

321 4487 569 4547 cratum,
603 4482 663 4537 in
695 4499 809 4553 quo
841 4482 951 4553 ipsi
987 4481 1257 4553 homines
1308 4480 1793 4553 immolabantur,
1829 4494 1972 4553 prie-

320 4556 523 4611 sertim
556 4555 606 4611 si
635 4549 736 4626 qui
784 4549 1090 4625 naufragio
1122 4553 1193 4606 ad
1241 4552 1385 4607 istas
1436 4569 1568 4606 oras
1618 4551 1785 4620 ejecti
1834 4549 1976 4603 fuis-

318 4633 469 4683 sent.

388 4700 465 4783 (1)
499 4697 622 4755 Ἐπὶ
652 4695 908 4773 Τροίας...
939 4698 1040 4764 τῆς
1084 4690 1373 4783 βασιλιικῆς
1403 4690 1781 4783 κύρηςζιξυηῐι
1823 4709 1975 4783 noLn-

317 4763 464 4827 nulli
495 4772 616 4842 qui,
653 4763 758 4842 per
788 4792 817 4819 ‹‹
851 4763 1066 4841 regiam
1086 4763 1377 4842 :puellam,
1399 4787 1427 4814 ››
1462 4763 1789 4836 intelligant
1823 4763 1976 4842 Iphi-

318 4836 550 4914 geniam
588 4836 1040 4914 Agamemnonis
1077 4836 1507 4914 liliamtquarn.
1534 4842 1716 4914 pater,
1753 4836 1977 4914 ut_Di_a-

320 4907 455 4968 nam
489 4907 703 4969 Graecis
734 4915 943 4967 iratam
978 4912 1251 4982 placaret,
1288 4908 1349 4982 in
1384 4907 1587 4962 Aulide
1634 4907 1975 4982 immolavit.

318 4984 537 5039 Verum
588 4986 908 5040 notandum
962 4979 1070 5052 est,
1100 4982 1253 5051 quod
1306 4980 1351 5034 si
1403 4987 1669 5052 earcssnt
1719 4979 1977 5052 Gregorii

321 5072 508 5128 mens,
560 5074 673 5111 non
726 5054 813 5107 ἓπὶ
862 5048 1076 5128 Τροίας,
1114 5048 1137 5100 ἆ
1175 5052 1327 5123 apud
1373 5051 1631 5128 'ljrojam,
1676 5048 1855 5128 {sed
1890 5048 1975 5128 έπὶ

320 5125 534 5200 Τροίαν,
576 5149 602 5178 α
634 5122 913 5200 adversus
945 5127 1203 5195 Trojam,
1240 5145 1265 5171 »
1300 5122 1837 5200 scripsi_s_set._Und_e
1858 5122 1975 5200 ple:

321 5194 490 5269 rique
523 5199 892 5269 reperiuntur
945 5194 1312 5265 interpretes,
1356 5194 1454 5264 qui
1508 5194 1600 5269 hic
1651 5194 1980 5269 intelligant

321 5216 366 5251 ri
420 5216 490 5252 ue
523 5216 892 5269 reperiuntur
945 5216 1312 5265 interpretes,
1356 5216 1454 5264 qui
1509 5216 1600 5249 mc
1652 5216 1977 5263 inteiiigant

321 5216 669 5342 Pciiyxenam
722 5269 933 5342 Priami
971 5270 1169 5329 ’iliam,
1204 5283 1378 5342 quain
1429 5267 1684 5336 Pyrrhus
1739 5265 1977 5342 Achillis

322 5336 597 5396 manibus
628 5340 988 5395 immolando
1020 5339 1396 5394 consecravit.
1436 5342 1518 5390 Ita
1568 5342 1764 5390 censet
1798 5336 1975 5397 Elius,

360 5414 419 5467 ui
457 5412 605 5466 hanc
638 5411 943 5464 historiam
974 5410 1255 5465 veriorem
1278 5424 1405 5462 esse
1431 5407 1675 5477 judicat,
1702 5412 1757 5461 et
1789 5408 1975 5479 magis

360 5430 419 5467 ui
459 5428 605 5466 nauc
639 5428 943 5464 DISLOI‘Iam
974 5428 1255 5465 veriorem
1278 5428 1448 5477 esse]

316 5428 577 5552 gregarii
610 5480 984 5552 sermonibus
1014 5484 1448 5552 congruentem.

387 5548 462 5625 (2)
496 5552 830 5625 Μενοικέως.
868 5548 1193 5625 Menoeceus
1242 5550 1507 5625 Creontis
1560 5548 1974 5625 Thebanorum

316 5620 470 5697 regis
504 5624 663 5697 filius
696 5623 875 5674 erat.«
897 5622 1038 5697 Cum
1064 5628 1323 5687 autem,»
1345 5622 1535 5697 inquit
1560 5620 1976 5697 Elia_s,«ipsius

310 5692 503 5766 patria
534 5693 689 5750 bello
712 5696 1105 5766 premeretur,
1132 5697 1305 5760 atque
1339 5693 1639 5766 oraculum
1661 5692 1860 5766 datum
1882 5707 1973 5766 es-

310 5758 418 5851 set,
455 5770 577 5851 fore
612 5767 677 5821 ut
712 5758 936 5814 bellum
963 5758 1449 5833 exstingiieretur,
1476 5769 1533 5818 et
1567 5764 1761 5819 hostes
1792 5762 1850 5820 in
1885 5764 1972 5818 fu-

2102 584 2443 659 κρεουργέαν,
2495 586 2591 653 τήν
2642 586 2944 664 φιλόξενον,
2985 590 3017 658 ἦ
3066 590 3342 666 φιλόθεον,
3394 591 3445 661 ἐξ
3475 595 3539 661 ἧς
3571 591 3767 664 ἐπίση-

2107 692 2199 744 μοι
2256 671 2549 728 Πελοπίδαι
2602 674 2748 750 παρὰ
2792 681 2899 730 τῶν
2950 676 3115 743 ὤμων
3168 680 3257 734 καὶ
3287 679 3384 735 τοῦ
3425 678 3715 759 ἐλέφαντος
3746 703 3762 715 ⁸

2101 761 2189 814 καὶ
2237 763 2330 823 τὰς
2382 768 2613 838 Φρυγῶν
2665 763 2898 837 ἐκτομὰς
2932 770 3063 840 (96),
3086 774 3191 823 τῶν
3227 768 3314 823 ὑπ’
3344 768 3515 823 αύλοῦ
3544 768 3769 841 κηλου-

2106 848 2301 921 μένων,
2356 853 2444 905 καὶ
2506 854 2640 924 μετά
2690 854 2779 907 τὸν
2832 854 2997 910 αύλὸν
3040 860 3150 930 (97)
3202 852 3611 934 ὑϐριζομένων·
3664 860 3765 917 καὶ

2098 940 2192 1000 τὰς
2245 939 2295 993 ἐν
2348 941 2557 1016 Μίθρου
2612 942 2874 1017 βασάνους
2924 946 3011 1001 καὶ
3060 947 3274 1010 καύσεις
3341 946 3579 1011 ἐνδίκους
3642 952 3766 1023 (98)

2098 1027 2190 1088 τὰς
2247 1032 2507 1101 μυστικάς
2535 1050 2547 1062 ·
2593 1032 2682 1085 καὶ
2729 1034 2828 1101 τὴν
2873 1033 2922 1088 ἒν
2980 1036 3206 1110 Ταύροις
3244 1039 3358 1110 (99)
3388 1037 3749 1112 ξενοκτονίαν,

2094 1116 2183 1171 καὶ
2214 1119 2311 1186 τὴν
2344 1118 2430 1173 ἐπὶ
2479 1120 2671 1195 Τροίας
2724 1122 2906 1185 θυσίαν
2956 1131 3055 1193 τῆς
3105 1124 3395 1200 βασιλικῆς
3424 1125 3591 1204 κόρης
3622 1130 3704 1201 (1)
3746 1148 3761 1162 '

2097 1205 2186 1260 καὶ
2235 1208 2295 1260 τὸ
2346 1208 2650 1271 Μενοικέως
2708 1212 2782 1285 (2)
2836 1212 2965 1286 ὑπὲρ
3024 1209 3219 1283 Θηϐῶν
3279 1216 3435 1289 αἱμα,
3493 1216 3581 1271 καὶ
3639 1220 3757 1272 τῶν

2100 1292 2371 1350 Σκεδάσου
2430 1296 2737 1375 θυγατέρων
2800 1302 2875 1372 (3)
2930 1300 2980 1357 ἐν
3040 1302 3334 1376 Λεύκτροις
3397 1303 3655 1378 ὕστερον⁹
3722 1307 3754 1361 ὁ

2096 1383 2221 1445 τοὺς
2282 1387 2629 1449 Λακωνικοὺς
2689 1386 2920 1444 ἐπαινῶν
2991 1386 3228 1468 ἐφήϐους
3279 1392 3623 1466 ξαινομένους
3676 1396 3768 1466 (4)

2094 1478 2211 1535 ταῖς
2272 1473 2504 1547 μάστιξι,
2561 1477 2650 1529 καὶ
2707 1475 2770 1531 τὸ
2831 1473 3136 1551 ἐπιϐώμιον
3200 1482 3337 1554 αἷμα
3388 1482 3584 1557 τέρπον
3632 1484 3765 1538 Θεὰν

2095 1562 2261 1639 ἁγνὴν
2314 1570 2401 1618 καί
2454 1563 2749 1638 παρθένον·
2812 1567 2840 1621 ὁ
2891 1569 2953 1622 τὸ
3005 1571 3329 1645 Σωκράτους
3374 1570 3607 1647 ἐπαίρων
3671 1576 3763 1646 (5)

2095 1653 2344 1722 κώνειον,
2421 1653 2509 1707 καὶ
2585 1655 2647 1709 τὸ
2721 1659 3046 1728 Ἐπικτήτου
3108 1658 3300 1721 σκέλος
3357 1663 3456 1735 (6),
3514 1660 3603 1715 καὶ
3656 1662 3755 1716 τὸν

2095 1742 2431 1817 Ἀναξάρχου
2457 1742 2687 1807 θύλακον
2712 1749 2810 1820 (7),
2836 1747 2907 1801 ὧν
2935 1747 3191 1823 ἀναγκαία
3216 1748 3428 1822 μᾶλλον
3452 1752 3486 1820 ἣ
3506 1750 3758 1814 ἑκούσιος

2098 1830 2129 1885 ἁ
2160 1830 2453 1909 φιλοσοφία
2478 1852 2490 1865 '
2544 1834 2632 1888 καὶ
2679 1834 2739 1888 τό
2789 1832 3184 1911 Κλεομϐρότου
3233 1836 3461 1912 κήδημα
3489 1844 3586 1895 τοῦ
3619 1841 3763 1914 Ἀμ-

2093 1916 2401 1995 6ρακιώτου
2451 1924 2547 1996 (8),
2598 1927 2676 1995 τῷ
2720 1924 2851 2000 Περὶ
2899 1929 3085 2001 ψυχῆς
3134 1926 3285 2003 λόγῳ
3330 1926 3707 2007 φιλοσοφηθέν
3737 1950 3750 1963 ·

2098 2009 2185 2064 καὶ
2216 2011 2314 2078 τὴν
2351 2010 2482 2085 ὑπὲρ
2532 2016 2638 2065 τῶν
2691 2012 2914 2083 κυάμων
2949 2018 3330 2091 Πυθαγορικὴν
3383 2020 3457 2091 (9)
3486 2015 3758 2090 ἔνστασιν,

2098 2099 2186 2153 καὶ
2264 2100 2490 2162 θανάτου
2560 2101 2947 2179 περιφρόνησιν
3025 2110 3255 2168 Θεανοῦς
3340 2110 3471 2180 (10),
3549 2109 3583 2177 ἢ
3656 2108 3763 2164 οὐκ

2101 2186 2199 2243 οἶδ’
2250 2186 2458 2250 οὗτινος
2502 2194 2604 2243 τῶν
2654 2192 2721 2245 τὰ
2764 2190 2966 2247 ἐκείνου
3014 2193 3412 2269 τετελεσμένων
3445 2198 3479 2265 ἦ
3526 2195 3763 2276 φιλοσο-

2100 2278 2404 2356 φησάντων.

2094 2492 2227 2547 gam
2259 2478 2645 2555 verterentur,
2679 2477 2894 2555 siquis
2925 2494 2955 2534 e
2985 2479 3142 2551 regia
3174 2480 3396 2537 familia
3426 2485 3753 2551 necaretur,

2093 2564 2153 2603 re
2176 2548 2417 2622 cognita
2451 2548 2795 2622 ille,_inscio'
2819 2556 3005 2622 patre,
3038 2548 3099 2607 se
3131 2556 3187 2607 in
3225 2560 3470 2610 mortem
3504 2555 3681 2610 dedit.
3718 2548 3746 2605 ἠ

2166 2620 2241 2689 (3)
2262 2616 2692 2695 ’TGJv‘ilxeSg'zeou
2724 2616 3053 2695 Θυγατέρων.
3092 2646 3119 2675 ‹‹
3150 2624 3384 2681 Scedasi
3419 2626 3695 2695 filiarum,
3718 2648 3744 2678 ο

2092 2707 2219 2761 quae
2251 2707 2283 2743 a
2315 2690 2671 2761 quibusdam
2707 2690 3159 2751 Lacedaemoniis
3189 2696 3242 2749 vi
3284 2699 3523 2753 fuerunt
3552 2690 3748 2753 corru-

2093 2767 2221 2833 ptae,
2257 2766 2430 2832 atque
2462 2764 2636 2818 etiam
2672 2766 2821 2822 ferro
2853 2767 3246 2823 occisae.Hanc
3277 2768 3584 2825 historiam
3618 2786 3750 2825 nar-

2092 2840 2181 2888 rat
2212 2833 2577 2890 Plutarchus.

2163 2905 2239 2977 (4)
2269 2903 2401 2964 Τοὺς
2434 2905 2850 2968 Λακωνικοὺς...
2885 2907 3252 2984 ξαινομένους,
3302 2916 3414 2984 etc.
3452 2934 3480 2963 ‹‹
3513 2912 3748 2984 Sparta-

2092 2992 2298 3052 neos...
2334 2995 2581 3052 quorum
2618 2997 2861 3051 corpora
2912 2980 3110 3052 ﬂagris
3143 2982 3504 3039 dilaniantur
3528 2980 3597 3050 ;”ι
3636 3000 3749 3039 non

2091 3048 2327 3122 quidem
2364 3049 2473 3120 ipsi
2497 3048 2741 3121 seipsos,
2764 3057 2865 3106 aut
2888 3048 3183 3117 alii'alios,
3206 3060 3269 3108 ut
3298 3057 3489 3110 reddit
3518 3048 3748 3122 Billius,

2090 3121 2397 3194 caaderent,
2432 3124 2530 3175 sed
2564 3124 2635 3176 ab
2658 3124 2767 3194 eis
2797 3124 2895 3193 qui
2928 3124 3065 3178 huic
3093 3126 3462 3194 Epheborum
3510 3128 3749 3180 carnifi-

2093 3191 2238 3246 cinae
2300 3199 2583 3263 praeerant
2639 3191 3080 3248 dilani'arentur.
3142 3191 3227 3249 ita
3309 3196 3426 3250 fere
3486 3197 3746 3251 Combef.

2092 3264 2260 3334 Apud
2296 3263 2755 3335 Lacedaemonios
2805 3264 2863 3335 in
2896 3264 3183 3335 honorem
3226 3264 3413 3319 Dianae
3447 3266 3743 3335 quoddam

2089 3333 2490 3389 celebrabatur
2522 3334 2757 3399 festum,
2802 3334 2857 3387 in
2893 3352 3005 3404 quo
3058 3333 3479 3401 adolescentes,
3513 3336 3741 3389 fortitu-

2088 3406 2242 3479 dinis
2263 3404 2553 3479 nimirum
2581 3404 2876 3474 specimen
2928 3406 3315 3479 praeferentes,
3345 3406 3544 3479 flagris
3575 3423 3741 3479 pros-

2087 3476 2497 3549 cindebantur,
2527 3480 2583 3529 et
2608 3492 2778 3549 aram
2804 3478 3092 3549 sanguine
3126 3476 3562 3549 respergeb’ant.

2158 3549 2229 3618 (5)
2268 3546 2608 3621 ᾹΣωκράτους
2657 3544 3033 3621 έπαίρωνῖίίο,
3084 3544 3259 3621 Regg.
3294 3544 3357 3617 u',
3404 3566 3459 3618 Χ,
3492 3567 3548 3621 y,
3581 3547 3743 3603 Colb.

2083 3621 2139 3693 3,
2171 3625 2225 3674 et
2255 3618 2349 3673 Or.
2385 3618 2608 3693 ικουω
2657 3618 2825 3675 lectio
2857 3621 3141 3693 orationis
3173 3618 3365 3693 's'copo
3397 3618 3749 3693 convenien-

2086 3692 2199 3747 tior
2229 3708 2406 3762 quam
2443 3687 2698 3757 ἐπαινῶν,
2720 3692 2875 3763 quod
2908 3698 3103 3747 tamen
3135 3708 3267 3747 cum
3296 3687 3494 3759 editis,
3519 3692 3748 3748 codices

2088 3781 2201 3818 non
2236 3764 2405 3835 pauci
2434 3764 3010 3819 exhibent.Socrates
3034 3769 3218 3819 morte
3239 3764 3743 3834 damnatus,quod

2089 3852 2235 3890 nova
2263 3836 2532 3906 quaedam
2583 3837 2869 3892 daemonia
2919 3837 3222 3892 induceret
3265 3852 3330 3891 ac
3382 3837 3744 3908 praedicaret,

2085 3912 2256 3977 epota
2287 3908 2479 3961 cicuta
2509 3907 2746 3962 interiit.

2159 3980 2237 4045 (6)
2288 3977 2617 4045 Ἐπικτήτου
2667 3974 2878 4037 σκέλος.
2915 4001 2943 4027 ‹‹
2976 3977 3219 4049 Epicteti
3272 3994 3425 4033 crus.
3474 4000 3503 4027 »
3538 3977 3679 4032 Cum
3713 3994 3747 4031 a

2086 4053 2335 4119 tyranno
2367 4051 2621 4119 quodam
2655 4051 2885 4104 vinctus
2915 4050 3123 4105 fuisset
3170 4050 3485 4119 Epictetus,
3520 4050 3745 4103 diutur-

2087 4137 2161 4173 no
2196 4124 2615 4200 post‘tempore
2661 4122 3072 4200 interrogatus,
3109 4126 3307 4200 utrum
3344 4121 3500 4191 (solvi
3531 4119 3746 4177 vellet?

2094 4213 2114 4238 κ
2150 4190 2339 4259 quid?
2375 4213 2400 4237 ››
2436 4191 2645 4260 inquit,
2678 4213 2705 4237 α
2740 4208 2811 4260 an
2847 4190 3073 4245 vinctus
3110 4208 3240 4245 sum
3266 4191 3293 4244 ?
3324 4190 3352 4241 ἡ

2157 4262 2231 4331 (7)
2285 4259 2620 4334 Ἀναξάρχου
2673 4259 2959 4334 θύλακονη
2990 4284 3016 4310 ‹‹
3070 4263 3398 4334 Anaxarchi
3456 4268 3662 4318 utrem.
3714 4285 3745 4311 ››

2087 4323 2485 4406 Anaxarchus
2508 4323 2890 4406 philosophus
2914 4332 2984 4406 ab
3018 4332 3295 4406 Archelao
3314 4339 3563 4406 tyranno
3596 4351 3745 4388 com-

2129 4404 2435 4469 rehensus,
2468 4420 2601 4457 cum
2632 4402 2689 4457 in
2727 4403 3002 4457 mortario
3026 4404 3274 4473 injectus
3306 4402 3649 4461 tunderetur
3680 4410 3743 4460 ut

2129 4423 2435 4469 renensus,
2468 4423 2601 4457 cum
2632 4423 2689 4457 in
2727 4423 3002 4457 mortario
3026 4423 3274 4473 injecws
3306 4423 3649 4461 tunderetur
3680 4423 3739 4460 ut

2086 4423 2420 4530 hordeum:
2461 4496 2486 4526 (ι
2516 4475 2831 4539 Tuudite,»
2864 4476 3119 4547 inquit.«
3153 4478 3476 4533 Anaxarchi
3513 4483 3739 4545 utrem;

2088 4564 2274 4617 neque
2304 4546 2904 4617 enim‘Anaxarchum
2939 4546 3208 4603 tunditis.
3245 4571 3272 4617 η

2279 4612 2664 4693 Κλεομϐρότου
2714 4615 2955 4693 πήδημα,
2992 4623 3088 4693 τοῦ
3137 4612 3576 4691 Ἀμϐρακιώτου.
3624 4618 3745 4674 Cle-

2087 4691 2574 4760 ombrotus,lecto
2612 4691 2867 4747 Platonis
2899 4691 3047 4746 libro
3072 4692 3145 4745 De
3175 4693 3487 4747 animorum
3521 4695 3742 4747 immor-

2087 4762 2329 4827 talitate,
2364 4769 2525 4819 tanto
2576 4765 2701 4829 ejus
2736 4780 2933 4818 amore
2985 4765 3219 4829 exarsit,
3254 4769 3318 4817 ut
3368 4766 3563 4818 statim
3601 4780 3741 4834 prae-

2090 4836 2288 4905 cipitio
2340 4837 2513 4890 vitam
2566 4835 2799 4889 finierit.
2848 4842 3023 4903 Aug.,
3075 4836 3149 4889 De
3197 4836 3298 4891 civ.
3349 4837 3464 4902 Dei,
3519 4836 3557 4890 Ι.
3599 4851 3637 4903 1,
3689 4852 3738 4890 ο.

2088 4910 2177 4960 2'3.

2262 4977 2434 5043 Τὴν...
2473 4975 2869 5048 [Ιυῦαγορικήν.
2904 4980 3010 5030 ctc.
3048 4999 3073 5023 ‹‹
3110 4975 3549 5047 Pythagoricam
3586 4975 3739 5031 illam

2090 5066 2191 5119 pro
2226 5050 2371 5102 fabis
2420 5047 2872 5101 contentionem.
2910 5071 2930 5097 ››
2970 5047 3327 5118 Pythagoras
3357 5067 3386 5103 ε
3435 5049 3583 5103 fabis
3609 5049 3740 5102 abs-

2090 5121 2271 5173 tinere
2306 5123 2617 5171 sectatores
2667 5135 2805 5173 suos
2847 5119 3112 5188 jubebat,
3148 5121 3315 5189 cujus
3348 5121 3425 5175 rei
3473 5120 3565 5174 alii
3599 5120 3742 5174 alias

2090 5192 2339 5264 afferunt
2374 5191 2647 5264 rationes.
2682 5192 2826 5244 Sunt
2857 5191 2956 5261 qui
2990 5190 3322 5264 existiment
3354 5193 3739 5264 Pythagoram

2092 5262 2234 5315 nihil
2268 5262 2422 5314 aliud
2457 5262 2729 5324 voluisse,
2752 5279 2927 5331 quam
2964 5266 3025 5314 ut
3058 5278 3195 5316 suos
3225 5262 3651 5331 dehortaretur,
3675 5278 3743 5317 ne

2081 5335 2373 5405 judicuni
2405 5350 2645 5388 munere
2684 5334 3084 5405 fungerentur.
3136 5332 3363 5390 Veteres
3392 5351 3647 5405 namque
3681 5333 3740 5388 in

2080 5404 2320 5474 judiciis
2354 5404 2607 5459 ferendis
2639 5406 2786 5459 fabis
2821 5404 3151 5457 utebantur.

2157 5474 2269 5547 (10)
2302 5480 2552 5536 Θεανοῦς.
2584 5478 2817 5531 Theano
2851 5493 2882 5529 a
2913 5481 3157 5545 tyranno
3198 5477 3640 5547 comprehensa,
3673 5493 3746 5533 ne

2087 5546 2444 5602 cruciatibus
2465 5549 2663 5620 patriae
2697 5563 2907 5602 arcana
2925 5547 3231 5620 enuntiare
3263 5546 3583 5619 cogeretur,
3606 5546 3745 5604 eon-

2085 5622 2310 5691 temptu
2364 5618 2567 5674 mortis
2600 5634 2989 5691 commorsam
3042 5618 3427 5691 linguamfac
3466 5620 3743 5678 dentibus

2086 5689 2337 5743 excisam
2371 5690 2427 5746 in
2462 5696 2775 5766 tyrannum
2810 5690 3031 5763 expuit.
