4028 6418
331 420 449 481 593

1330 415 1620 475 ORATIO
1664 413 1768 475 IV.
1805 444 1882 457 —
1916 410 2228 472 CONTRA
2274 411 2675 473 JULIANUM
2720 414 2768 471 Ι.

3646 415 3764 477 594

399 552 517 608 OA’.
554 550 630 603 Σὺ
663 544 740 620 δὲ,
766 547 812 602 εί
847 548 921 620 μὴ
958 545 1150 619 ἐκεῖνα,
1181 545 1247 601 τά
1286 566 1350 621 γε
1378 545 1618 621 παρόντα
1647 538 1994 617 θαύμασον,ὦ

2186 545 2370 600 LXXI.
2407 545 2569 609 Quod
2602 544 2652 600 si
2694 548 2756 599 tu
2791 544 3092 616 superiora
3120 543 3221 599 illa
3261 549 3460 602 nostra
3502 564 3619 604 non
3650 548 3762 604 mi-

332 638 745 717 ριλοσοφώτατε
774 635 864 691 καὶ
898 635 1260 712 γενναιότατε,
1292 636 1383 691 καὶ
1413 638 1539 697 τυὺς
1586 631 1998 708 Ἐπαμινώνδας

330 727 569 789 ἐκείνους
598 727 690 781 καὶ
724 726 1031 787 Σκιπίωνας
1064 730 1131 797 τῇ
1163 725 1419 801 καρτερίᾳ
1453 724 1692 801 βλέπων
1728 725 1755 777 ὁ
1789 718 1997 795 συμϐα-

335 815 501 886 δίζων
529 821 607 887 τῷ
639 820 872 891 στρατῷ,
905 813 994 869 καὶ
1036 819 1156 869 σῖτα
1188 814 1509 887 αἱρούμενος
1533 811 1747 888 σχέδιά,
1780 813 1869 865 καὶ
1897 812 1995 879 τὴν

338 905 634 981 αὐτουργὸν
665 904 898 959 ἐπαινῶν
934 902 1291 977 στρατηγίαν.
1334 903 1485 957 Ἔστι
1516 922 1599 955 τοι
1633 899 1879 975 γενναίου
1908 899 1998 952 καὶ

341 994 642 1073 φιλοσόφου
671 997 857 1069 ψυχῆς
894 990 1033 1065 μηδὲ
1054 992 1335 1064 πολεμίων
1366 991 1559 1064 ἀρετὴν
1593 988 1997 1062 ἀτιμάζειν,καὶ

338 1084 527 1141 πλεῖον
556 1084 737 1155 νέμειν
769 1083 981 1158 ἐχθρῶν
1014 1081 1348 1157 γενναιότητι
1380 1083 1414 1150 ἢ
1452 1080 1612 1151 κακίᾳ
1641 1084 1746 1133 τῶν
1798 1078 1996 1133 οἰκειο-

336 1175 506 1229 τάτων
540 1178 630 1227 καὶ
664 1171 925 1245 μαλακίᾳ.
952 1172 1110 1242 Ὁρᾷς
1142 1169 1269 1231 τοὺς
1301 1165 1487 1230 άϐίους
1528 1167 1754 1230 τούτους
1785 1168 1873 1221 καὶ
1906 1167 1997 1221 ἁν-

333 1262 566 1329 εστίους,
605 1261 696 1316 καὶ
729 1258 997 1334 ἀσάρκους
1037 1263 1233 1334 μικροῦ
1260 1259 1349 1313 καὶ
1382 1258 1698 1331 ἀναίμονας,
1750 1258 1839 1311 καὶ
1886 1260 1998 1328 Θεῷ

333 1351 470 1407 κατὰ
500 1347 661 1405 τοῖ’)το
710 1348 1153 1419 πλησιάζοντας;
1203 1348 1327 1409 τοὺς
1378 1346 1743 1409 ἀνιπτόποδας
1775 1346 1863 1401 καὶ
1898 1366 1998 1421 χα-

342 1439 620 1512 μαιεύνας,
654 1439 682 1493 ’ὀ
715 1460 875 1515 φησιν
908 1441 1016 1511 (11)
1048 1439 1075 1492 ὁ
1108 1438 1199 1500 σὸς
1230 1439 1505 1512 ”Ομηρος,
1532 1435 1623 1490 θίνα
1652 1437 1772 1491 τινὰ
1804 1433 1997 1507 δαιμό-

339 1550 445 1583 νων
503 1530 713 1601 τιμήσῃ
768 1532 847 1599 τῷ
903 1528 1183 1601 πλάσματι
1258 1528 1395 1601 (12),
1462 1526 1589 1587 τοὺς
1664 1527 1809 1579 κάτω

339 1618 429 1673 καὶ
485 1618 617 1692 ὑπὲρ
668 1618 734 1672 τὰ
781 1618 971 1686 κάτω;
1023 1617 1152 1679 τοὺς
1201 1616 1254 1671 ἐν
1290 1616 1615 1691 ἀνθρώποις,
1648 1616 1737 1669 καὶ
1772 1615 1901 1689 ὑπὲρ
1932 1616 1999 1669 τὰ

337 1706 685 1783 ἁνθρώπινοις
736 1707 865 1768 τοὺς
917 1703 1253 1779 δεδεμένους,
1300 1705 1388 1759 καὶ
1451 1703 1803 1780 ἐλευθέρους
1869 1705 1997 1765 τοὺς

337 1796 799 1873 κεκρατημένους,
824 1796 914 1849 καὶ
947 1796 1282 1870 ἀκρατήτους
1311 1813 1322 1861 ;
1358 1796 1431 1847 ὧν
1467 1791 1618 1848 οὐδέν
1673 1793 1723 1847 έν
1782 1792 1996 1865 κόσμῳ.

336 1885 425 1940 καί
472 1886 644 1940 πάντα
682 1886 749 1940 τὰ
800 1885 932 1960 ὑπὲρ
982 1884 1227 1956 κόσμον;
1279 1884 1352 1936 ὠν
1404 1880 1632 1938 διπλοῦν
1674 1883 1737 1937 τὸ
1772 1882 1883 1957 ζῇν,
1937 1882 1999 1935 τὸ

347 1974 440 2046 μὲν
494 1974 937 2051 ὑπερορώμενον,
986 1974 1049 2028 τὸ
1106 1969 1162 2027 δέ
1209 1969 1693 2045 σπουδαζόμενον;
1738 1971 1864 2032 τοὺς
1916 1968 2005 2024 διὰ

340 2064 441 2132 τὴν
496 2063 758 2139 νέκρωσιν
814 2062 1127 2127 ἀθανάτους,
1178 2061 1305 2123 τοὺς
1363 2059 1452 2115 διὰ
1502 2060 1654 2116 λύσιν
1709 2063 1822 2135 (14)
1890 2064 2005 2131 Θεῷ

344 2151 762 2225 συνημμένουςς
812 2152 944 2213 τοὺς
990 2149 1092 2221 ἕξω
1141 2150 1314 2214 πόθου
1369 2152 1502 2224 (15),
1563 2152 1652 2205 καὶ
1722 2150 1854 2223 μετὰ
1908 2152 2005 2203 τοῦ

344 2243 491 2297 θείου
547 2240 636 2297 καὶ
688 2241 927 2303 ἀπαθοῦς
973 2239 1217 2316 ἕρωτος;
1269 2242 1341 2293 ὧν
1394 2242 1427 2309 ἡ
1470 2241 1625 2314 πηγή
1672 2243 1770 2294 τοῦ
1802 2238 2003 2316 φωτὸς,

338 2331 428 2385 καὶ
481 2328 553 2385 ὧν
602 2327 711 2399 ἤδη
760 2331 830 2383 τά
881 2328 1315 2403 ἀπαυγάσματα;
1359 2328 1432 2382 ὧν
1468 2329 1522 2382 αἱ
1553 2325 1833 2403 ἀγγελιιιαὶ
1864 2326 2004 2400 ψαλ-

345 2416 569 2491 μῳδίαι,
601 2417 693 2472 καὶ
723 2420 758 2487 ἡ
810 2418 1087 2492 πάννυχος
1136 2418 1342 2485 στάσις,
1392 2417 1480 2471 καὶ
1531 2419 1566 2486 ἡ
1614 2420 1712 2471 τοῦ
1741 2422 1836 2470 νοῦ
1869 2416 2005 2491 πρὸς

342 2508 471 2562 Θεὸν
518 2503 760 2577 ἐκδημία
803 2507 1335 2581 προαρπαζομένου;
1381 2507 1452 2559 ὧν
1511 2508 1545 2575 ἠ
1606 2506 1884 2582 κάθαρσις,
1917 2506 2007 2559 καὶ

344 2596 417 2650 ὦν
451 2596 515 2650 τὸ
564 2593 911 2670 καθαίρεσθαι
961 2597 1095 2669 (16),
1152 2592 1320 2667 μηδὲν
1376 2593 1569 2670 μέτρον
1625 2592 1847 2648 εἰδότων
1881 2594 2007 2648 ἀνα-

342 2679 542 2745 ϐἑσεως
591 2685 681 2739 καὶ
723 2685 979 2746 θεώσεως
1016 2704 1028 2742 :
1075 2686 1149 2737 ὧν
1200 2685 1253 2739 αἱ
1293 2685 1506 2759 πέτραι,
1539 2684 1628 2738 καὶ
1661 2692 1733 2737 ων
1768 2684 1819 2737 οἱ
1847 2683 2008 2758 οὐρα-

339 2772 461 2842 νοί;
494 2774 568 2827 ὧν
596 2774 658 2828 τὸ
691 2772 960 2851 ὶρῥίφθαι,
1010 2773 1099 2827 καὶ
1148 2774 1221 2827 ὧν
1272 2775 1322 2827 οἱ
1372 2773 1594 2848 θρόνοι;
1628 2771 1701 2826 ὧν
1740 2775 1774 2843 ἡ
1806 2772 2009 2847 γυμνό-

340 2884 463 2931 της,
496 2863 587 2917 καὶ
620 2865 693 2916 ὧν
727 2863 1026 2941 ἀφθαρσίας
1062 2860 1303 2936 ἔνδυμας
1340 2864 1412 2916 ὢν
1446 2865 1480 2931 ἡ
1524 2863 1744 2938 ἐρημία,
1796 2862 1885 2917 καὶ
1936 2861 2008 2916 ὧν

343 2954 380 3020 ἡ
422 2950 620 3015 ἐκεῖθεν
655 2954 995 3027 πανήγυριςς
1031 2953 1104 3005 ὧν
1144 2953 1206 3005 τὸ
1238 2954 1600 3027 τυραννεῖσθαι
1649 2954 1742 3014 τὰς
1788 2948 2008 3022 ἡδονάς,

349 3040 439 3094 καὶ
471 3042 544 3094 ὡν
579 3042 613 3111 ἡ
667 3038 966 3102 ἀπόλαυσις
1013 3043 1124 3114 (17)
1179 3042 1211 3110 ἡ
1255 3039 1453 3103 ἄλυτος
1482 3045 1594 3112 (18)
1625 3042 1714 3096 καὶ
1746 3042 2009 3120 ἀνέκφρα-

351 3149 510 3196 στος,
540 3130 614 3183 ὧν
645 3130 708 3184 τὸ
759 3127 988 3204 δάκρυον
1044 3129 1307 3206 ἁμαρτίας
1356 3130 1759 3204 κατακλυσμὸς,
1802 3130 2010 3203 κόσμου

347 3218 674 3292 κασάρσιον;
757 3219 832 3272 ὧν
907 3218 1118 3281 ἔκτασις
1197 3224 1397 3296 χειρῶν
1475 3218 1656 3295 φλόγα
1741 3215 2009 3287 σϐέννυσι,

2113 636 2283 701 raris,
2317 639 2376 689 at
2408 639 2562 690 certe
2594 634 2904 707 praesentia
2926 634 3159 703 mirare,
3184 651 3215 688 o
3247 634 3508 690 omnium
3536 638 3765 709 sapien-

2111 724 2341 779 tissime
2372 728 2427 778 et
2450 723 2786 791 fortissime,
2807 723 2902 794 qui
2936 723 3372 794 Epaminondas
3400 723 3531 780 illos
3554 730 3610 781 et
3639 727 3765 782 Sci-

2112 814 2313 885 piones
2337 813 2656 868 tolerantiae
2680 813 2902 868 ratione
2929 812 3213 867 intuearis
3248 829 3259 865 :
3296 813 3393 884 qui
3426 814 3603 869 simul
3626 832 3761 871 cum

2111 903 2364 958 exercitu
2398 904 2507 958 iter
2540 903 2753 974 carpis,
2787 907 2843 957 et
2891 902 3109 957 victum
3160 906 3395 957 tenuem
3431 919 3496 958 ac
3526 904 3760 960 obvium

2110 992 2501 1062 amplecteris,
2532 996 2588 1045 et
2608 1008 2733 1046 eam
2760 991 2997 1063 gerendi
3022 990 3160 1047 belli
3179 992 3465 1047 rationem
3488 991 3762 1049 laudibus

2112 1080 2302 1147 effers,
2338 1080 2396 1134 in
2446 1097 2563 1151 qua
2592 1081 2711 1135 dux
2760 1081 2956 1136 omnia
2986 1098 3089 1152 per
3121 1096 3182 1136 se
3233 1081 3630 1137 administrat.
3662 1082 3764 1138 Est

2110 1171 2326 1241 quippe
2380 1170 2644 1240 generosi
2678 1174 2733 1223 et
2782 1170 3063 1241 sapientis
3108 1172 3263 1224 no
3305 1171 3507 1237 animi,
3542 1188 3614 1226 ne
3663 1171 3763 1227 ho-

2110 1260 2289 1314 stium
2312 1259 2549 1329 quidem
2573 1260 2845 1313 virtutem
2869 1263 3262 1327 contemnere,
3279 1276 3479 1315 verum
3501 1260 3763 1316 hostium

2111 1347 2441 1403 fortitudini
2477 1347 2609 1418 plus
2654 1349 2911 1403 tribuere
2943 1365 3119 1419 quam
3169 1366 3433 1418 suorum,
3463 1351 3640 1405 etiam
3675 1350 3765 1405 fa—

2110 1437 2673 1507 miliarissimorum,
2710 1437 2948 1508 ignavis:
2982 1443 3156 1509 atque
3187 1437 3477 1511 languori.
3512 1439 3764 1495 Videsne

2108 1526 2216 1580 hos
2244 1526 2373 1580 vitae
2406 1526 2786 1580 facultatibus
2816 1531 3103 1591 carentes,
3128 1532 3184 1581 et
3214 1526 3355 1583 laris
3376 1532 3661 1599 expertes,
3696 1546 3763 1584 ac

2109 1631 2281 1669 carne
2315 1615 2493 1669 ferme
2525 1618 2581 1668 et
2612 1616 2897 1685 sanguine
2929 1614 3261 1683 destitutos,
3310 1632 3493 1687 eoque
3527 1618 3654 1689 ipso
3687 1618 3759 1673 ad

2109 1705 2293 1759 Deum
2327 1703 2568 1775 propius
2617 1705 3006 1759 accedentes?
3050 1704 3178 1769 hos,
3210 1706 3473 1775 inquam,
3512 1708 3763 1777 pedibus

2110 1793 2326 1861 illotos,
2360 1797 2417 1846 et
2449 1792 2609 1847 humi
2644 1793 2948 1859 cubantes,
2976 1794 3131 1864 quod
3167 1793 3249 1848 ait
3277 1798 3416 1848 tuus
3447 1799 3757 1865 Homerus,

2112 1886 2175 1937 ut
2204 1882 2312 1937 hoc
2344 1881 2625 1953 figmento
2672 1883 3004 1937 daemonum
3056 1884 3369 1952 quemdam
3404 1887 3605 1952 ornet;
3656 1884 3763 1939 hos

2114 1972 2172 2026 in
2204 1976 2359 2026 terra
2386 1972 2606 2041 positos
2635 1975 2691 2025 et
2710 1971 2957 2026 terrenis
2990 1971 3259 2027 celsiores
3282 1972 3309 2026 ?
3342 1970 3447 2028 hos
3477 1971 3631 2027 inter
3656 1972 3765 2028 ho-

2116 2062 2305 2117 mines
2323 2066 2381 2113 et
2397 2077 2578 2131 supra
2596 2060 2857 2114 humana
2884 2060 2904 2114 2
2937 2060 3207 2116 astrictos
3224 2060 3402 2115 simul
3426 2077 3491 2116 ac
3515 2061 3770 2117 liberos?

2117 2150 2218 2221 qui
2250 2154 2578 2219 teneantur,
2613 2153 2669 2204 et
2713 2148 2947 2204 retineri
3000 2149 3275 2205 nescios?
3322 2166 3572 2221 quorum
3622 2149 3770 2205 nihil

2116 2241 2177 2294 in
2198 2239 2438 2303 mundo,
2460 2241 2514 2293 et
2532 2238 2730 2293 omnia
2749 2243 2904 2309 sunt,
2930 2256 3056 2310 quae
3076 2256 3253 2309 supra
3277 2240 3564 2294 mundum
3587 2240 3773 2295 sunt?

2120 2344 2369 2401 quorum
2420 2328 2634 2397 duplex
2666 2328 2781 2382 vita
2825 2333 2933 2393 est,
2975 2328 3157 2383 altera
3199 2332 3556 2399 contempta,
3591 2328 3776 2384 altera

2120 2416 2380 2472 studiose
2412 2416 2568 2471 culta
2589 2420 2645 2470 et
2674 2416 2970 2488 expetita?
3002 2417 3127 2484 hos,
3162 2418 3549 2490 inquam,per
3570 2418 3771 2474 morti-

2120 2506 2449 2561 ficationem
2472 2506 2859 2572 immortales,
2884 2523 2986 2577 per
3009 2506 3458 2561 dissolutionem
3489 2508 3605 2562 Deo
3633 2524 3771 2563 con-

2113 2596 2353 2665 junctos
2375 2596 2402 2648 ‘?
2433 2595 2539 2649 hos
2573 2612 2605 2649 a
2638 2596 2956 2665 cupiditate
3001 2594 3242 2663 alienos,
3278 2612 3475 2650 amore
3502 2613 3636 2651 vero
3669 2596 3771 2667 qui

2120 2686 2354 2739 divinus
2381 2689 2487 2753 est,
2523 2688 2578 2739 et
2610 2684 2789 2738 animi
2823 2685 3260 2755 perturbatione
3289 2702 3530 2756 vacuus,
3565 2701 3770 2741 accen-

2121 2792 2215 2830 sos
2239 2774 2266 2828 7
2298 2791 2545 2845 quorum
2568 2775 2696 2828 fons
2720 2773 2886 2840 lucis,
2910 2778 2965 2828 et
2984 2775 3371 2845 quorumjam
3395 2774 3554 2829 illius
3578 2774 3771 2831 radii?

2122 2881 2372 2936 quorum
2407 2863 2653 2934 angelici
2679 2863 2889 2934 psalmi
2923 2867 3153 2929 cantus,
3171 2867 3226 2918 et
3258 2879 3477 2935 pernox
3498 2864 3693 2931 statio,
3717 2866 3775 2919 et;

2124 2953 2335 3010 mentis
2362 2954 2483 3023 jam
2534 2959 2711 3024 raptae
2746 2953 2803 3007 in
2856 2952 3090 3021 ccelum,
3125 2954 3195 3008 ad
3245 2952 3428 3008 Deum
3469 2953 3777 3009 excessio?

2123 3059 2372 3113 quorum
2418 3043 2706 3113 purgatio,
2740 3046 2796 3097 et
2840 3059 3091 3114 quorum
3125 3042 3389 3097 studium
3423 3046 3488 3098 ut
3518 3059 3776 3115 purgen-

2122 3137 2240 3198 tur,
2275 3133 2489 3203 quippe
2542 3132 2641 3203 qui
2693 3131 2922 3186 nullum
2978 3148 3259 3188 ascensus
3290 3137 3346 3187 et
3392 3129 3777 3188 deificalionis

2124 3227 2450 3291 agnoscunt
2473 3222 2709 3276 modum
2733 3221 2760 3275 ?
2791 3238 3041 3293 quorum
3075 3239 3270 3292 rupes,
3296 3225 3354 3277 et
3383 3238 3634 3293 quorum
3658 3238 3775 3277 cce-

347 3312 515 3382 θῆρας
564 3308 824 3381 κοιμίζει,
886 3305 1154 3382 ἀμϐλύνει
1203 3294 1366 3387 ξίφη,
1444 3294 1618 3364 κλίνει
1697 3309 2001 3386 φάλαγγας,

2123 3309 2161 3364 li
2188 3310 2214 3364 ?
2246 3329 2430 3383 quoru
2442 3311 2690 3383 m:abjici
2722 3316 2778 3365 et
2799 3311 3179 3377 consternari,
3200 3315 3255 3366 et
3272 3328 3523 3383 quorum
3542 3311 3779 3368 throni?

348 3393 682 3469 ἐπιστομίσει
733 3399 843 3471 (19)
892 3397 981 3453 καὶ
1036 3399 1136 3468 τήν
1193 3399 1290 3467 σήν
1333 3395 1599 3469 ἀσέϐειαν,
1652 3397 1708 3453 εὖ
1748 3397 1881 3466 ’ίσΘι,
1911 3399 2008 3453 κᾶν

346 3485 481 3560 πρὸς
517 3484 708 3559 ὀλίγον
741 3486 934 3559 ἀρθῇς,
982 3488 1073 3541 καὶ
1104 3487 1295 3561 παίξῃς
1322 3489 1385 3542 τὸ
1414 3494 1514 3556 τῆς
1553 3483 1796 3548 ἀσεϐείας
1829 3485 2010 3563 δρᾶμα

352 3573 488 3645 μετὰ
515 3577 622 3626 τῶν
653 3577 759 3626 σῶν
796 3570 1070 3644 δαιμόνων
1094 3593 1107 3643 ;

2123 3417 2372 3472 quorum
2394 3399 2655 3468 nuditas,
2670 3404 2728 3454 et
2747 3416 3000 3470 quorum
3016 3400 3591 3472 incorruptibilitatis
3606 3401 3777 3457 indu-

2122 3494 2388 3543 mentum
2408 3490 2436 3543 ?
2468 3505 2719 3559 quorum
2745 3488 3019 3555 solitudo,
3040 3494 3097 3544 et
3127 3505 3377 3560 quorum
3398 3489 3595 3545 seaculi
3627 3490 3771 3546 alte-

2121 3578 2244 3631 rius
2294 3575 2648 3631 celebritas?
2697 3592 2947 3647 quorum
2997 3592 3349 3647 compressae
3404 3582 3580 3649 atque
3632 3595 3773 3634 con-

349 3662 565 3719 strictae
596 3662 946 3733 voluptates,
978 3667 1035 3718 et
1065 3679 1318 3734 quorum
1350 3668 1629 3735 perpetua
1660 3679 2007 3735 omnemque
2037 3666 2327 3721 sermonis
2360 3663 2696 3718 facultatem
2738 3665 3021 3719 excedens
3050 3664 3380 3719 animorum
3414 3665 3723 3721 oblectatio
3745 3667 3773 3721 ?

350 3768 601 3824 quorum
658 3750 929 3823 lacrymaa
982 3751 1200 3823 peccati
1250 3751 1560 3819 diluvium,
1594 3756 1649 3807 et
1696 3753 1903 3807 mundi
1934 3753 2350 3824 piamentum?
2400 3768 2651 3822 quorum
2698 3756 2939 3806 extentae
2989 3768 3201 3807 manus
3232 3753 3502 3809 ﬂammas
3552 3754 3770 3811 exstin-

349 3845 562 3914 guunt,
595 3840 749 3895 feras
798 3840 1170 3912 consopiunt,
1205 3838 1537 3912 gladiorum
1590 3839 1775 3896 aciem
1820 3844 2163 3909 retundunt,
2200 3842 2515 3896 instructas
2560 3839 2713 3895 acies
2746 3839 2805 3893 in
2860 3840 3056 3912 fugam
3108 3846 3343 3897 vertunt
3370 3843 3433 3913 3°,
3489 3847 3773 3917 tuamque

355 3931 531 3986 etiam
564 3929 953 4001 impietatem,
986 3928 1131 3985 mihi
1166 3930 1354 4000 crede,
1387 3946 1811 4002 compressum
1859 3938 2017 3998 sunt,
2049 3931 2277 3987 etiamsi
2312 3930 2383 3985 ad
2433 3929 2667 4000 aliquod
2702 3934 2935 4001 tempus
2984 3930 3302 4000 extollaris,
3336 3932 3773 4007 impietatisque

348 4021 608 4076 fabulam
643 4036 776 4075 cum
806 4019 933 4081 tuis,
959 4019 1325 4075 daemonibus
1354 4018 1525 4075 ludas
1546 4021 1573 4075 ‘?

419 4108 540 4164 ΟΒ’.
573 4111 696 4169 Πῶς
730 4104 856 4163 οὐδὲ
886 4106 1051 4161 ταῦτά
1084 4128 1166 4161 σοι
1210 4102 1435 4185 φοϐερά,
1492 4108 1536 4161 ὦ
1586 4106 1705 4162 λίαν
1754 4106 2004 4183 τολμηρὲ

349 4196 411 4252 σὺ
443 4196 533 4252 καὶ
566 4201 800 4261 θανατῶν
834 4199 964 4271 (10),
1001 4194 1147 4271 ε’ίπερ
1181 4193 1357 4259 ἄλλος
1388 4217 1508 4267 τις;
1544 4202 1669 4259 Πῶς
1720 4196 1818 4253 οὐκ
1868 4196 2007 4252 αἰδέ-

344 4307 510 4360 σιμα;
570 4291 749 4343 Ταῦτα
809 4288 903 4359 μὲν
934 4284 1042 4356 ἤδη
1071 4286 1160 4341 καὶ
1190 4284 1390 4359 πολλῷ
1419 4288 1721 4361 τιμιώτερα
1766 4294 1867 4356 τῆς
1899 4287 2002 4341 Σό-

345 4375 521 4439 λωνος
554 4377 668 4449 (24)
713 4374 1020 4446 ἀπληστίας
1063 4380 1160 4430 τοῦ
1215 4379 1387 4454 σοφοῦ
1433 4396 1492 4431 τε
1539 4377 1629 4431 καὶ
1678 4376 2000 4451 νομοθέτου,

415 4503 461 4537 3°
493 4501 662 4556 Hebr.
696 4517 777 4567 x1,
808 4501 878 4555 33
910 4517 1073 4572 seqq.

2192 4108 2409 4164 LXXII.
2446 4110 2707 4173 Quonam
2743 4108 2913 4163 modo
2946 4126 3018 4164 ne
3065 4108 3186 4164 haec
3217 4110 3454 4181 quidem
3497 4112 3771 4183 pertime-

2117 4199 2256 4266 scis,
2290 4198 2464 4253 homo
2494 4197 2908 4264 audacissime,
2933 4202 3125 4269 atque,
3156 4204 3218 4253 ut
3247 4199 3293 4254 si
3329 4200 3461 4272 quis
3494 4200 3665 4268 alius,
3699 4202 3771 4257 ad

2116 4293 2361 4343 mortem
2416 4287 2713 4359 praeceps?
2764 4289 3025 4353 Quonam
3061 4290 3233 4344 modo
3282 4307 3397 4345 non
3428 4290 3769 4348 veneraris?

2113 4378 2391 4449 Haecjam
2424 4394 2565 4433 sane
2597 4381 2652 4432 et
2683 4376 2965 4450 sapientis
2996 4377 3155 4435 illius
3188 4395 3252 4435 ac
3283 4378 3637 4452 legislatoris
3663 4380 3767 4437 So-

659 4643 845 4699 φησιν,
878 4627 991 4679 etc.
1024 4624 1209 4702 128,518.,
1234 4621 1309 4685 ὥς
1340 4644 1503 4700 φησιν
1533 4625 1560 4678 ὁ
1601 4626 1692 4687 σὸς
1724 4628 2001 4702 ’Ὀμηρος.

2121 4632 2349 4702 gantur.
2392 4650 2418 4676 ι)

346 4696 540 4764 Iliad.,
574 4695 681 4750 lib.‘
712 4712 827 4759 xv1,
860 4713 1008 4751 vers.
1042 4696 1170 4750 236.

424 4763 531 4821 Eoi?
602 4764 808 4821 ναίουσ’
894 4766 1165 4842 ὑποφῆται
1268 4763 1647 4835 ἀνιπτόποδες,
1732 4774 2000 4842 χαμαιεῦ-

423 4910 521 4965 Tui
548 4909 800 4967 habitant
847 4914 1013 4982 vates,
1046 4910 1214 4966 illatis
1249 4901 1495 4983 pedibus,
1528 4912 1687 4965 humi
1732 4842 2003 4969 dorniigii:

418 5052 653 5126 (12)Τῷ
704 5050 1003 5125 πλάσματι.
1058 5052 1337 5110 Nonnulli
1390 5054 1640 5123 codices,
1692 5058 1809 5114 τοῖς
1857 4986 1998 5110 αιίλειίὶςζ

349 5144 692 5269 aiioingobc
721 5196 889 5264 κάτω,
924 5199 1032 5253 etc.
1065 5195 1290 5269 Billius,
1334 5218 1359 5250 α
1388 5197 1496 5253 hos
1536 5197 1787 5253 humiles
1814 5202 1871 5254 et
1900 5217 1996 5256 su-

347 5268 455 5341 pra
480 5268 689 5341 infera.
728 5291 750 5341 ξ

418 5340 531 5411 (14)
589 5339 687 5423 aia
737 5337 913 5395 λύσιν.
963 5362 991 5390 ‹‹
1044 5344 1154 5395 Per
1194 5338 1666 5406 dissolutionem,
1711 5361 1738 5389 ››
1790 5358 1999 5414 nempe

350 5431 381 5460 ι(
410 5426 688 5467 COI‘DOPIS.
725 5434 752 5462 »

420 5476 532 5551 (15)
562 5479 696 5541 Τοὺς
728 5479 827 5551 ἔξω
856 5476 1050 5550 πόθου,
1085 5486 1191 5538 etc.
1237 5481 1459 5548 Billius,
1501 5501 1521 5530 α
1556 5482 1664 5537 hos
1696 5484 1767 5539 ab
1802 5500 1998 5540 amore

350 5551 598 5619 alienos,
630 5557 686 5607 et
715 5554 909 5626 divino
932 5560 1106 5626 atque
1138 5555 1298 5610 omni
1327 5554 1538 5610 vitiosa
1569 5554 1869 5612 affectione
1899 5574 1995 5612 va-

348 5641 458 5680 cuo
491 5639 688 5697 amore
718 5624 1049 5697 flagrantes.
1087 5649 1113 5675 ››

418 5697 530 5770 (16)
576 5696 674 5752 Καὶ
722 5695 907 5773 (ὒν-τὸ
953 5696 1313 5773 καθαίρεσθαι.
1366 5695 1568 5773 Billius
1609 5714 1625 5752 :
1677 5719 1705 5747 α
1745 5703 1802 5754 et
1851 5717 1995 5771 quo-

346 5785 480 5829 rum
506 5769 785 5845 purgari;
816 5792 845 5824 »
882 5769 1167 5845 malim,'«
1200 5771 1302 5844 qui
1332 5769 1566 5843 purgati
1596 5775 1738 5828 sunt
1768 5775 1823 5827 et
1856 5769 1992 5845 pur-

2117 4694 2295 4826 ;(17)
2328 4702 2389 4753 Ἡ
2424 4694 2741 4759 ἀπόλαυσις.
2794 4700 2964 4754 Deest
3012 4699 3047 4767 ἡ
3098 4699 3158 4755 in
3206 4699 3501 4771 plerisque
3552 4700 3766 4758 codici-

2160 4789 2253 4826 us.

2160 4789 2253 4827 US.

2183 4844 2294 4914 (l8)
2325 4843 2384 4896 Ἥ
2420 4838 2637 4901 ἄλυτος.
2660 4841 2752 4896 Sic
2776 4841 2971 4914 plures
2996 4843 3164 4897 codd.
3186 4846 3249 4896 In
3276 4841 3544 4914 pluribus
3563 4846 3761 4914 tamen

2113 4910 2318 4987 Re'gg'.,
2363 4914 2557 4987 Colb,
2598 4910 2935 4987 Passfetc.
2980 4915 3209 4986 legitur,
3268 4910 3303 4981 ἦ
3356 4910 3757 4987 ἀναλλοίωτος,

2112 5008 2138 5035 ‹‹
2173 4986 2318 5041 nulli
2350 4986 2601 5041 obnoxia
2631 4985 2961 5041 mutationi.
2997 5008 3026 5034 »

2180 5058 2293 5129 (19)
2327 5056 2722 5131 Ἐπιστομίσει,
2757 5062 2865 5112 etc.
2914 5058 3221 5131 «ATuaeque
3268 5056 3455 5131 ipsius
3486 5057 3758 5131 impieta-

2108 5128 2281 5184 tisos
2313 5130 2692 5185 obturabunt.
2730 5151 2757 5179 »
2790 5132 2869 5185 Ex
2918 5129 3009 5184 his
3043 5130 3226 5200 liquet
3275 5130 3537 5185 nondum
3572 5128 3759 5189 morte

2110 5201 2409 5275 sublatum
2442 5206 2805 5275 Apostatam,
2839 5218 2972 5275 cum
3004 5200 3126 5256 haec
3155 5200 3390 5275 scripsit
3420 5202 3756 5275 Gregorius.

2180 5272 2292 5348 (20)
2350 5271 2621 5348 Θανατῶν.
2685 5273 2981 5340 Heinsius,
3055 5296 3082 5322 ‹‹
3145 5271 3309 5340 forte,
3364 5271 3757 5348 ἀναισχυντῶν,

2109 5365 2137 5394 ‹‹
2170 5344 2704 5415 impudentissime.
2739 5366 2766 5394 »

2180 5413 2292 5483 (21)
2320 5422 2427 5483 Τῆς
2466 5413 2743 5489 Σόλωνος,
2776 5418 2881 5469 etc.
2938 5437 2965 5489 ς(
2995 5414 3226 5489 Solonis
3277 5415 3613 5489 inexplebili
3656 5436 3757 5475 cu-

2106 5486 2369 5561 piditate.
2404 5509 2428 5537 η
2469 5488 2593 5561 Non
2638 5488 2887 5561 legimus
2935 5487 3200 5561 Solonem
3233 5506 3266 5544 a
3292 5486 3589 5561 quoquam
3624 5508 3757 5547 ava-

2106 5559 2251 5613 ritia:
2284 5558 2717 5635 insimulatum'
2743 5558 2943 5635 fuisse,
2975 5560 3092 5635 imo
3128 5558 3325 5631 potius
3366 5558 3640 5635 narratur
3669 5564 3758 5635 ip-

2105 5647 2237 5685 sum
2270 5632 2450 5688 Croesi
2474 5648 2638 5705 _opes
2684 5630 2994 5705 sprevisse,
3027 5630 3297 5705 hancque
3335 5634 3407 5689 ob
3448 5630 3756 5690 causam—8.

2105 5708 2299 5761 Croeso
2330 5701 2581 5776 turpiter
2611 5701 2922 5776 expulsum
2953 5704 3153 5762 fuisse.
