4028 6434
261 405 376 473 595

1519 408 1584 468 S.
1631 409 1999 470 GREGORll
2048 411 2150 471 ΤΗ
2165 411 2445 474 EOLOGI

3573 416 3708 478 596

262 541 420 601 Ionis
449 540 774 616 inexplibili
809 541 1154 615 cupiditate,
1177 557 1354 614 quam
1379 544 1601 596 Crassus
1633 559 1775 597 auro
1809 543 1915 616 Ly-

2057 541 2097 612 ᾗν
2128 549 2355 615 Κροῖσος
2387 540 2586 620 ἤλεγξε
2607 543 2686 618 τῷ
2720 543 2904 619 Λυὸίῳ
2935 550 3159 623 χρυσῷ·
3194 548 3284 602 καὶ
3319 553 3420 617 τῆς
3471 554 3707 626 Σωκρα-

266 634 362 691 dio
395 633 682 706 coarguit,
707 633 894 688 multo
927 631 1338 704 praestantiora
1357 635 1513 698 sunt,
1539 635 1596 686 et
1628 633 1920 688 Socratico

266 723 502 796 pulchri
535 739 774 792 amore;
809 739 1007 778 vereor
1037 722 1192 776 enim
1225 738 1538 793 puerorum
1573 723 1717 775 111
1761 738 1919 776 amo-

270 830 393 872 rem
419 812 632 885 dicere,
660 811 888 868 etiamsi
922 810 1254 866 honestiore
1283 809 1564 864 vocabulo
1585 809 1796 866 callide
1818 812 1918 866 ob-

269 907 540 976 tegatur;
576 907 633 958 et
680 900 877 957 Sicula
927 900 1180 955 Platonis
1230 899 1587 971 liguritione,
1617 900 1690 954 ob
1741 916 1918 970 quam

271 993 450 1050 etiam
483 992 608 1066 ipse
639 990 929 1058 venditur,
957 1006 1024 1044 ac
1057 1004 1128 1043 ne
1160 989 1232 1043 ab
1260 987 1377 1042 ullo
1400 988 1638 1059 quidem
1673 989 1925 1060 discipu-

270 1082 484 1152 lorum,
519 1081 636 1136 imo
669 1095 771 1135 nec
804 1079 875 1133 ab
906 1077 1105 1149 aliquo
1125 1077 1456 1133 Graecorum
1490 1078 1834 1143 redimitur;
1869 1083 1924 1132 et

268 1169 610 1227 Xenocratis
660 1167 1011 1232 voracitate;
1070 1171 1126 1221 et
1164 1166 1440 1239 Diogenis
1487 1166 1648 1221 illius
1700 1166 1919 1221 dolium

267 1259 577 1316 incolentis
630 1257 956 1325 dicacitate,
987 1273 1092 1328 per
1140 1273 1317 1328 quam
1367 1256 1607 1328 tragicis
1654 1257 1920 1328 tyrannis

268 1349 551 1421 hospites,
583 1347 692 1402 hoc
723 1351 812 1401 est
843 1345 1128 1418 placentis
1153 1345 1294 1401 viles
1327 1363 1526 1418 panes,
1563 1345 1687 1400 loco
1721 1345 1920 1400 cedere

255 1439 456 1510 jubet;
477 1442 534 1493 et
553 1435 783 1508 Epicuri
807 1435 1196 1508 philosophia,
1223 1452 1349 1507 quae
1370 1435 1600 1489 nullum
1624 1434 1921 1506 voluptate

264 1526 539 1600 superius
569 1527 790 1582 bonum
842 1524 1169 1580 constituit.
1205 1529 1450 1596 Magnus
1494 1525 1646 1596 apud
1681 1541 1781 1578 vos
1831 1528 1922 1578 est

261 1621 459 1671 Crates
494 1634 506 1672 :
538 1631 671 1670 vere
725 1614 882 1669 enim
932 1612 1406 1685 philosophicum
1458 1619 1565 1679 est,
1600 1613 1921 1684 pecudibus

261 1704 632 1775 depascenda
663 1701 881 1774 praedia
914 1718 1021 1755 sua
1053 1700 1382 1773 reliquisse,
1430 1702 1766 1772 nostrisque
1798 1702 1920 1773 phi-

262 1791 531 1864 losophis
563 1789 890 1846 consimile.
916 1794 988 1844 At
1018 1789 1250 1862 publico
1274 1790 1560 1860 praeconio
1592 1789 1914 1844 libertatem

267 1886 548 1949 ostentat,
580 1882 820 1954 perinde
845 1897 909 1936 ac
934 1881 1253 1953 quispiam,
1275 1897 1387 1936 non
1415 1881 1715 1953 sapientia:
1737 1881 1919 1951 magis

267 1989 446 2044 quam
479 1970 677 2044 gloriae
709 1971 1035 2026 studiosus.
1071 1974 1316 2042 Magnus
1349 1969 1464 2037 ille,
1501 1971 1622 2041 qui,
1659 1987 1788 2025 cum
1824 1987 1918 2024 na-

264 2061 355 2118 vis
404 2063 753 2133 tempestate
793 2060 1136 2130 jactaretur,
1189 2065 1364 2130 atque
1412 2059 1609 2114 omnia
1651 2058 1710 2113 in
1765 2075 1922 2113 mare

270 2151 717 2224 projicerentur,
743 2149 963 2221 gratias
991 2150 1253 2204 Fortunae
1283 2149 1511 2219 agebat,
1537 2153 1815 2220 tanquam
1851 2148 1920 2201 ad

265 2238 657 2312 philosophici
681 2237 840 2310 pallii
865 2236 1172 2309 angustias
1194 2254 1323 2292 eum
1350 2238 1656 2310 redigenti.
1677 2238 1921 2309 Magnus

263 2327 668 2393 Antisthenes,
703 2327 859 2398 quod
893 2343 926 2381 a
973 2325 1261 2398 petulanti
1311 2327 1564 2398 quodam
1615 2332 1788 2397 atque
1819 2343 1921 2380 au-

265 2417 395 2474 daci
429 2415 668 2472 homine
700 2419 821 2471 toto
855 2432 951 2471 ore
982 2421 1284 2482 contusus,
1315 2417 1372 2469 in
1409 2416 1595 2470 fronte
1617 2417 1920 2482 duntaxat,

269 2505 439 2580 quasi
475 2507 534 2560 in
567 2509 765 2560 statua
809 2504 1040 2572 artifex,
1075 2505 1438 2576 percussoris
1470 2521 1680 2560 nomen
1716 2504 1922 2559 inscri-

272 2596 426 2670 psit;
461 2594 709 2650 fortasse
742 2599 805 2648 ut
836 2595 1103 2649 acerbius
1135 2598 1453 2648 accusaret.
1493 2595 1719 2649 Laudas
1750 2594 1923 2648 etiam

268 2685 583 2758 quemdam
619 2699 820 2740 eorum
862 2684 963 2756 qui
998 2700 1114 2738 non
1147 2682 1318 2755 longe
1348 2688 1482 2737 ante
1514 2700 1621 2738 nos
1666 2684 1925 2750 fuerunt,

273 2774 430 2848 quod
480 2777 602 2828 toto
633 2772 728 2826 die
776 2776 944 2827 stans
988 2772 1096 2827 soli
1149 2787 1350 2844 preces
1399 2771 1778 2827 adhibuerit:
1815 2773 1928 2828 for-

273 2869 436 2920 tasse
477 2862 532 2916 id
580 2867 816 2933 tempus
859 2865 1139 2933 captaret,
1173 2878 1287 2932 quo
1333 2861 1715 2932 propinquior
1756 2861 1931 2916 terris

279 2967 412 3008 esse
444 2949 610 3016 solet,
633 2955 697 3004 ut
725 2950 1046 3005 orationem
1073 2949 1461 3017 contraheret,
1484 2966 1728 3020 eamque
1753 2950 1929 3004 simul

351 3058 465 3130 (22)
496 3059 602 3124 Τῆς
638 3056 1107 3130 Σωκράτους,οῐο.
1147 3057 1488 3130 «Socratico
1511 3057 1739 3130 pulchri
1774 3074 1934 3111 amo-

280 3147 364 3188 re.
419 3150 446 3178 »
503 3129 794 3184 Socratem
855 3129 965 3183 hoc
1025 3129 1263 3183 nomine
1311 3145 1570 3200 persaepe
1615 3129 1938 3184 insectatur

284 3199 600 3257 Lucianus.

355 3273 468 3342 (23)
496 3267 951 3342 ΤῆςΠλάτῳνος,
998 3275 1103 3324 etc.
1157 3293 1184 3319 «
1219 3270 1479 3324 Platonis
1510 3269 1865 3340 liguritione.
1905 3293 1930 3319 »

280 3343 580 3400 Lueianus
607 3341 667 3396 in
699 3341 845 3398 Dial.
880 3344 955 3396 De
982 3344 1231 3411 parasito
1261 3342 1464 3397 scribit
1500 3342 1723 3396 nullam
1756 3343 1928 3397 aliam

280 3415 509 3472 Platoni
535 3431 775 3469 causam
807 3414 990 3468 fuisse
1018 3412 1076 3466 in
1109 3412 1366 3468 Siciliam
1402 3414 1929 3485 navigandi,quam

279 3492 346 3544 ut
399 3485 1444 3558 Dionysioparasitaretur,_eumque
1477 3486 1548 3558 ob
1580 3485 1760 3558 hujus
1793 3486 1932 3540 artis

282 3555 640 3628 imperitiam
675 3555 730 3611 in
767 3556 1054 3628 maximas
1086 3555 1447 3610 calamitates
1479 3556 1774 3611 incidisse.

355 3626 469 3700 (24)
506 3633 612 3696 Τῆς
670 3626 1072 3701 Ξενοκράτους,
1132 3636 1242 3682 etc.
1306 3628 1719 3701 «Xenocratis
1769 3646 1935 3683 vora-

285 3699 479 3757 citate.
513 3722 541 3752 »
573 3699 879 3756 Xenocrati
923 3702 1150 3770 objecta
1196 3717 1309 3753 non
1362 3699 1575 3770 legitur
1618 3702 1934 3769 voracitas;

286 3774 406 3828 imo
438 3772 797 3844 frugalitatis
825 3772 995 3844 laude
1026 3772 1281 3844 donatur
1311 3789 1344 3826 a
1373 3772 1779 3844 scriptoribus.

360 3845 468 3916 (25)
537 3840 646 3911 Τῆς
706 3843 1062 3917 ,ξιογένουςἯ
1127 3840 1186 3894 ἐκ
1242 3840 1733 3917 τῆς-τραγῳδίας.
1811 3844 1939 3898 Ηωο

289 3914 500 3970 ultima
518 3917 687 3970 verba
711 3914 998 3970 desuntin
1029 3915 1163 3984 Reg.
1192 3931 1248 3979 u,
1277 3919 1333 3969 et
1356 3915 1453 3968 Or.
1479 3914 1533 3968 1.⁷
1552 3915 1939 3970 Combeﬁsius

288 3987 374 4042 sic
406 3989 579 4042 vertit
616 4004 628 4042 :
667 4010 692 4037 «
727 3989 1043 4042 Dicacitate
1087 4003 1203 4056 qua
1235 3987 1386 4040 salse
1414 3994 1696 4058 usurpata
1727 4004 1794 4041 ex
1825 3995 1938 4041 tra-

332 4060 482 4113 mdia
529 4075 668 4130 voce
696 4061 958 4130 tyrannis
991 4058 1249 4128 hospites
1298 4059 1519 4130 cedere,
1558 4080 1583 4108 η
1633 4064 1740 4112 etc.
1797 4058 1941 4112 Cum

289 4075 482 4184 genia
529 4075 662 4114 voce
696 4075 958 4130 tyrannis
991 4075 1249 4128 nospues
1298 4075 1519 4128 cedere,
1558 4080 1583 4108 η
1633 4075 1740 4112 etc.
1797 4075 1941 4112 uum

343 4131 576 4200 iogenes
600 4129 917 4200 aliquando
940 4130 1093 4200 apud
1128 4129 1440 4199 quemdam
1476 4141 1746 4195 cmnaret,
1775 4130 1944 4200 eique

291 4201 471 4256 simul
503 4205 560 4256 et
580 4200 855 4271 placentae
886 4207 939 4255 et
958 4200 1260 4272 hordeacei
1287 4217 1465 4271 panes
1489 4207 1941 4272 apponerentur,

293 4271 895 4353 subniotispanibus.
913 4272 982 4353 .in
1019 4271 1316 4353 placentas
1342 4288 1552 4327 manus
1570 4271 1804 4342 injecit,
1831 4289 1941 4326 non

293 4343 571 4398 infestive
601 4343 746 4397 illud
779 4344 1062 4416 tragicum
1099 4343 1398 4414 prolerens
1431 4361 1444 4398 :

535 4439 601 4492 Ὦ
633 4438 764 4508 ξὲνε,
795 4441 1074 4515 τυράννοις
1109 4434 1354 4492 ἐκποδὼν
1397 4437 1705 4510 μεθίστασο.

539 4533 588 4585 0
620 4528 833 4598 hospes,
865 4529 1121 4601 tyrannis
1151 4529 1274 4584 cede
1307 4529 1504 4584 locum.

298 4627 354 4682 id
391 4629 501 4695 est,
535 4649 562 4677 ‹‹
598 4626 940 4683 melioribus
970 4632 1027 4683 et
1073 4625 1579 4698 praestantioribus
1605 4626 1762 4682 cede.
1798 4648 1824 4674 ››
1858 4625 1952 4681 Sic

297 4699 580 4782 Diogenes
609 4717 714 4772 per
742 4705 1020 4782 txrannos
1071 4721 1092 4749 ι
1128 4699 1446 4770 placentas,
1478 4720 1510 4782 ,υ
1559 4713 1660 4782 per
1690 4698 1950 4782 hospites

295 4768 636 4856 significans
668 4797 693 4823 ‹‹
731 4768 872 4828 viles
906 4768 1162 4842 panes,3»
1199 4787 1347 4842 quos
1377 4768 1718 4824 melioribus
1750 4769 1951 4826 cedere

291 4845 628 4986 Juigetiaiba
662 4916 989 4984 σησαμοῦσι,
1019 4936 1046 4965 ‹‹
1071 4911 1360 4968 Placentia
1393 4928 1460 4966 ex
1491 4926 1743 4978 sesamo,
1781 4911 1952 4967 melle

299 4987 624 5130 it(%l'?)o'l‘f7c
648 5053 1006 5130 ΑἘπικούρου,
1040 5061 1204 5130 etc._<}
1240 5052 1470 5130 Epicuri
1496 5053 1952 5130 _philosophia._»

303 5124 486 5180 Deum
539 5134 596 5180 et
645 5124 1072 5184 Providentiam
1124 5126 1362 5196 ejiciens
1406 5124 1716 5196 Epicurus,
1743 5124 1954 5181 omnis

304 5195 440 5251 boni
476 5197 646 5250 finem
683 5197 1040 5268 voluptatem
1073 5195 1389 5268 statuebat.

375 5263 900 5340 Ὀριζομὲνης.
951 5271 1091 5342 Reg.
1134 5269 1175 5338 1,
1231 5263 1576 5336 ὁρισαμένου.
1629 5271 1791 5323 Pass.
1840 5265 1952 5340 ὁρί-

306 5356 516 5396 σαντος.

380 5411 489 5477 (29)
524 5407 756 5476 Κράτης.
806 5411 1002 5465 Crates
1037 5409 1386 5479 f'l‘licbanus,
1420 5409 1699 5478 pecunias
1744 5408 1958 5479 populo

309 5475 572 5600 prejecit,
605 5495 673 5532 ac
707 5480 921 5548 praedia
993 5475 1259 5549 ηλόϐοτα,
1289 5481 1348 5534 id
1374 5475 1462 5534 est
1498 5499 1518 5528 α
1555 5475 1761 5534 ovium
1786 5475 1963 5549 pabu-

337 5566 389 5605 a.
423 5571 448 5600 υ
489 5548 609 5602 fieri
645 5549 928 5605 permisit.
953 5501 1172 5605 Deinde
1203 5567 1522 5605 conscenso
1547 5550 1788 5605 sublimi
1813 5551 1959 5605 loco.

337 5566 389 5612 a,
423 5549 609 5620 [fieri
645 5549 928 5618 permisit.
953 5549 1172 5607 Deinde
1203 5567 1522 5607 conscenso
1547 5550 1788 5605 sublimi
1813 5551 1959 5620 loco,

322 5618 549 5692 publico
581 5620 868 5692 praeconio
900 5621 1020 5692 haec
1042 5623 1216 5677 verba
1246 5622 1647 5692 pronuntiavit
1674 5637 1686 5674 :
1713 5644 1738 5668 ‹‹
1763 5618 1962 5676 Crates

319 5689 666 5743 Thebanum
699 5689 926 5745 Cratem
957 5691 1225 5748 libertate
1250 5689 1454 5747 donat.
1491 5717 1517 5742 ››

393 5758 500 5829 (30)
532 5755 855 5827 Φιλόδοξος.
907 5782 935 5811 ‹‹
969 5761 1172 5819 Gloria
1205 5763 1522 5821 studiosus.
1557 5785 1586 5815 ››
1627 5762 1709 5817 Ex
1739 5759 1828 5814 his
1864 5779 1960 5834 pa-

2029 638 2316 707 τους
2378 634 2748 712 φιλοκαλίας·
2813 634 3071 709 αἰδοῦμαι
3143 638 3244 714 γὰρ
3327 637 3492 693 εἷπεῖν
3566 661 3705 694 παι-

2033 719 2335 796 δεραστίας,
2380 725 2475 778 κᾶν
2529 733 2922 797 σεμνοποιῆται
2979 732 3095 788 ταῖς
3143 726 3405 790 ἐπινοίαις
3432 747 3444 759 ·
3476 728 3562 782 καὶ
3594 736 3704 798 τῆς

2035 810 2322 873 Πλάτωνος
2370 816 2480 886 (23)
2550 812 2798 889 λιχνείας
2853 823 2954 884 τῆς
2990 813 3304 888 Σίκελικῆς,
3359 814 3429 871 δι’
3482 819 3541 886 ἣν
3602 819 3699 873 καὶ

2031 899 2409 973 πιπράσκεται,
2442 903 2529 956 καὶ
2565 901 2678 958 οὐδ’
2711 904 2813 958 ὑπό
2851 927 2998 967 τινος
3053 906 3322 975 ἐξωνεῖται
3371 910 3478 960 τῶν
3527 906 3698 961 αὐτοῦ

2037 994 2310 1062 μαθητῶν,
2408 989 2553 1053 ὅλως
2587 991 2866 1062 ’Ἕλληνος
2888 1013 2900 1026 ⁸
2932 994 3020 1048 καὶ
3052 1002 3150 1063 τῆς
3173 996 3546 1071 Ξενοκράτους
3575 999 3701 1068 (24)

2034 1078 2330 1156 ὀψοφαγίςσς
2359 1098 2370 1110 ·
2425 1079 2513 1134 καὶ
2567 1088 2664 1149 τῆς
2719 1081 3002 1157 Διογένους
3046 1087 3160 1154 (25)
3191 1082 3528 1156 στωμυλίας,
3560 1089 3694 1140 τοῦ-

2029 1169 2120 1223 τὸν
2169 1167 2323 1222 πίθον
2386 1169 2685 1237 οἷ’κοῦντος,
2739 1171 2823 1248 ὑφ’
2874 1171 2940 1240 ἧς
2983 1171 3110 1234 τοὺς
3166 1172 3345 1245 ξένους
3379 1173 3698 1245 ὑπιξίστησι

2030 1263 2144 1319 τοῖς
2222 1260 2504 1332 τυράννοις
2572 1259 2630 1313 ἐκ
2708 1263 2804 1328 τῆς
2869 1259 3201 1336 τραγῳδίας,
3267 1263 3395 1324 τοὺς
3455 1259 3702 1326 εὐτελεῖς

2031 1346 2224 1423 ἄρτους
2271 1354 2388 1409 τοῖς
2437 1353 2740 1420 σησαμοῦσι
2782 1351 2897 1422 (26)
2923 1369 2934 1381 '
2969 1351 3056 1404 καὶ
3087 1358 3187 1420 τῆς
3221 1350 3545 1427 Ἐπικούρου

2031 1435 2380 1513 φιλοσοφίας,
2415 1435 2566 1491 οὐδὲν
2613 1437 2744 1513 ὑπὲρ
2774 1440 2873 1507 τήν
2932 1437 3134 1508 ἡδονὴν
3183 1439 3383 1514 ἀγαθὸν
3434 1439 3706 1514 ὁριζομὲο

2030 1546 2129 1594 νης
2163 1529 2294 1597 (‘38).
2332 1526 2506 1601 Μέγας
2540 1526 2664 1597 ὑμῖν
2697 1529 2724 1580 ὁ
2767 1529 2980 1602 Κράτης
3030 1531 3177 1601 (29)'
3231 1529 3319 1583 καὶ
3369 1530 3474 1606 γὰρ
3519 1525 3701 1592 ὅντως

2032 1611 2334 1691 φιλοσοφον
2390 1615 2451 1667 τὸ
2507 1614 2823 1686 μηλὸἔοτον
2886 1616 3148 1694 ἀφεθῆναι
3197 1619 3296 1686 τήν
3348 1618 3550 1691 οὐσίαν,
3599 1620 3703 1675 καὶ

2030 1709 2147 1763 τοῖς
2201 1705 2327 1775 παρ’
2376 1705 2510 1775 ἡμῖν
2570 1703 2896 1782 φιλοσόφοις
2945 1706 3160 1778 ὅμοιον.
3215 1705 3389 1762 ’Λλλᾶ
3424 1707 3702 1781 πομπεύει

2030 1792 2127 1860 τήν
2159 1789 2460 1866 ἐλευθερίαν
2493 1797 2571 1863 τῷ
2601 1793 2932 1868 κηρύγματι,
2978 1795 3052 1856 ὡς
3087 1795 3145 1848 ἂν
3172 1817 3254 1857 τις
3298 1795 3359 1850 οὐ
3393 1795 3702 1875 φιλόσοφος

2035 1878 2247 1952 μᾶλλον
2377 1878 2667 1958 φιλόδοξος
2731 1884 2862 1955 (30).
2921 1883 3099 1958 Μέγας
3149 1885 3198 1951 ὁ,
3256 1887 3352 1951 τῆς
3401 1887 3517 1958 (31)
3563 1886 3697 1956 νηὸς

2029 1969 2466 2044 χειμαζομένης,
2534 1970 2622 2024 καὶ
2706 1972 2920 2025 πάντων
2992 1971 3453 2047 ἐκριπτουμὲνων,
3529 1972 3694 2052 χάριν

2032 2059 2321 2134 ὁμολογῶν
2367 2063 2434 2132 τῃ
2488 2079 2631 2135 τυχῃ
2697 2058 3068 2134 συστελλουσῃ
3117 2061 3192 2121 εἰς
3257 2063 3322 2116 τὸ
3383 2058 3694 2139 τριϐώνιον,

2031 2149 2212 2222 Μέγας
2265 2149 2291 2200 ὁ
2338 2148 2679 2218 ’Δντισθὲνης
2712 2151 2848 2220 (32),
2894 2150 2999 2217 ὃτι,
3033 2151 3093 2203 τὸ
3140 2150 3434 2225 πρόσωπον
3482 2172 3697 2229 συντρι-

2032 2233 2144 2298 ϐε⁵ς
2191 2236 2292 2290 ὑπό
2341 2257 2487 2298 τινος
2537 2241 2644 2291 τῶν
2697 2232 2960 2311 ὑϐριστων
2995 2238 3083 2293 καὶ
3121 2240 3382 2315 θρασέων,
3415 2241 3699 2320 ἐπιγράφει

2029 2332 2110 2398 τῷ
2164 2328 2402 2399 μετώπῳ
2613 2325 2790 2398 μόνον’
2840 2327 3020 2404 ὥσπερ
3090 2327 3365 2406 ἀνδριάντι
3436 2329 3701 2407 δημιουρ·

2033 2420 2144 2491 γῶν
2194 2418 2327 2488 (34),
2376 2416 2466 2469 τὸν
2519 2415 2799 2482 παίσαντα,
2827 2415 2965 2479 τίσως
2992 2417 3082 2472 ἳνα
3109 2423 3462 2496 κατηγορήσῃ
3498 2422 3695 2497 θερμό-

2031 2523 2208 2578 τερον.
2275 2505 2541 2563 Ἐπαινεῖς
2599 2525 2719 2557 τινα
2775 2508 2865 2559 καὶ
2913 2510 3020 2560 τῶν
3083 2507 3143 2562 οὐ
3217 2507 3362 2562 πολὺ
3421 2511 3534 2584 (35)
3589 2509 3697 2586 πρὸ

2036 2595 2219 2665 ἡμῶν,
2274 2590 2356 2646 ὅτι
2407 2591 2748 2666 πανημέριος
2801 2593 2966 2656 ἑστὼς
3024 2600 3101 2668 τῷ
3131 2595 3282 2669 ἡλίῳ
3312 2596 3693 2674 προσηύξατοο

2033 2679 2170 2741 ’ίσως
2206 2679 2362 2734 αὐτὸν
2406 2682 2649 2754 τηρήσας
2697 2681 2786 2736 καὶ
2834 2683 3271 2760 προσγειότερον,
3311 2683 3401 2740 ’ίνα
3430 2687 3518 2742 καὶ
3569 2708 3695 2742 συν-

2039 2769 2136 2843 ἐλῃ
2189 2770 2288 2837 τήν
2350 2770 2540 2844 εὐχὴν,
2604 2768 2856 2844 δυομένῳ
2904 2774 3018 2845 (36)
3086 2774 3532 2850 συγκαταλύσας·
3604 2777 3696 2831 καὶ

2037 2859 2136 2926 τὴν
2163 2857 2213 2912 ἐν
2248 2855 2509 2929 Ποτιδαίᾳ
2539 2861 2653 2933 (37)
2683 2859 2888 2932 στάσιν,
2918 2862 3018 2930 τήν
3052 2861 3104 2917 ἐν
3146 2864 3418 2940 ’χειμερίῳ
3447 2869 3516 2939 τῇ
3560 2863 3696 2941 ὥρᾳ,

2040 2947 2317 3021 πάννυχον
2373 2950 2441 3020 τῇ
2503 2947 2702 3025 θεωρίᾳ
2755 2948 3371 3028 προσφιλοπονήσαντος
3562 2952 3700 3009 ὥστε

2043 3060 2144 3132 tet,
2179 3071 2356 3132 quam
2390 3071 2521 3109 vere
2566 3054 2962 3132 Tertulliaiius
3009 3057 3394 3132 philosophos
3447 3083 3471 3111 «ι
3503 3061 3699 3132 gloriae

2046 3126 2334 3203 animalia
2377 3148 2403 3175 »
2453 3127 2779 3203 appellarit.
2821 3129 2969 3203 ipse
3009 3126 3320 3186 ’Lucianus
3365 3126 3701 3203 frequenter

2046 3199 2532 3272 phi1030phorum
2566 3198 2708 3253 vitia
2735 3197 2955 3254 irridet.

2117 3287 2227 3356 (3t)
2259 3283 2512 3356 Μέγαςρ
2553 3289 2677 3356 τῆς,
2728 3287 2859 3356 et_c.__
2888 3283 2968 3337 Ad
3001 3283 3287 3356 Zenonem
3339 3285 3436 3339 hic
3483 3285 3696 3340 alludit

2047 3353 2380 3428 GregOrius.
2415 3355 2518 3411 llle
2545 3354 2702 3409 enim
2741 3353 3311 3428 philosophus,_cum
3348 3356 3511 3410 navis
3542 3362 3689 3428 tem-

2043 3425 2268 3502 pestate
2299 3430 2641 3502 jactaretur,
2673 3429 2848 3502 atque
2893 3440 3112 3502 merces
3147 3425 3205 3479 in
3258 3443 3417 3481 mare
3450 3427 3691 3502 projice:

2044 3496 2266 3571 rentur,
2300 3496 2583 3571 “Fortunae
2635 3497 2851 3567 gratias
2892 3496 3118 3569 agebat,
3155 3502 3220 3552 ut
3267 3515 3395 3570 qua;
3441 3496 3575 3553 eum
3622 3499 3691 3552 ad

2045 3567 2722 3647 pallium_cor_npulisset.

2118 3647 2230 3714 (32)
2276 3644 2334 3698 Ὁ
2402 3638 2767 3714 Ἀντισθένης.
2844 3638 3221 3693 Antisthenes
3297 3656 3331 3714 a
3370 3712 3378 3714 _
3414 3639 3695 3714 petulanti

2048 3711 2302 3788 quodam
2335 3713 2573 3769 homine
2598 3719 2716 3767 toto
2747 3727 2845 3788 ore
2876 3715 3180 3788 contusus,
3209 3717 3275 3788 ut
3302 3712 3578 3788 injuriam
3613 3711 3700 3788 ul-

2048 3782 2384 3855 cisceretur,
2446 3784 2808 3856 percussoris
2858 3799 3071 3838 nomen
3131 3782 3190 3836 in
3250 3783 3439 3838 fronte
3494 3782 3700 3839 inscri-

2092 3861 2186 3916 sit.

2049 3878 2236 3999 με’(33)
2269 3925 2542 3997 Μετώπῳ.
2578 3930 2743 3981 Pass.
2777 3943 3075 3997 προσωπῳ.

2123 4018 2236 4090 (34)
2269 4017 2652 4090 Δημιουργῷν.
2709 4015 2914 4090 ltaed.
2966 4013 3101 4082 Alii,
3135 4009 3492 4090 8npzoupydv.
3545 4013 3706 4090 Opti-

2053 4086 2150 4146 ma
2182 4086 2370 4152 lectio,
2405 4086 2648 4157 quée'sic
2682 4087 2843 4138 reddi
2877 4091 3090 4156 potest.
3135 4108 3162 4134 ‹‹
3199 4086 3711 4156 ιἰιοηιίῐῃεοτίρεὶι

2053 4163 2574 4233 ρθτοαεεοτειφηυι
2597 4163 2802 4210 statuae
2827 4157 3108 4233 artiﬁcem
3133 4174 3145 4222 ;
3177 4179 3196 4204 ιθ
3235 4158 3290 4210 id
3311 4163 3400 4233 est
3430 4180 3457 4206 ‹‹
3483 4173 3709 4228 percus-

2055 4227 2204 4288 SOris
2227 4239 2284 4285 et
2305 4227 2530 4299 cpiticis
2557 4243 2792 4299 nomen,
2814 4248 2840 4274 ››
2865 4227 3019 4280 Elias
3038 4227 3120 4280 sic
3143 4228 3400 4298 exponit,
3427 4227 3712 4298 «accepta

2056 4303 2279 4369 charta,
2314 4295 2372 4353 in
2405 4313 2590 4367 eaque
2617 4295 3280 4369 inscriptopercussoris
3304 4295 3560 4365 nomine,
3581 4295 3706 4353 eam

2057 4374 2232 4430 fronti
2261 4367 2666 4442 agglutinavit,
2690 4369 2796 4422 hac
2821 4367 3087 4422 videlicet
3107 4367 3331 4442 ratione
3361 4371 3556 4442 ipsum
3580 4387 3708 4442 per-

2059 4440 3006 4516 spicuumreddens,non_secus
3055 4455 3121 4495 ac
3153 4440 3202 4494 si
3235 4440 3472 4512 quis‘in
3519 4440 3712 4498 statua

2060 4511 2375 4587 sculptoris
2407 4528 2619 4568 nomen
2657 4511 3022 4565 inscriberet.
3064 4535 3083 4559 ιι

2134 4606 2244 4673 (35)
2279 4601 2454 4673 Holus.
2486 4602 2582 4657 Sic
2611 4600 3013 4673 omnescodd.
3051 4601 3178 4673 Par,
3221 4601 3312 4657 ed.
3347 4601 3512 4656 addit
3537 4598 3621 4655 τό.

2279 4672 2535 4748 Λυομένῳ
2585 4667 3011 4748 συγκαταλυσας.
3069 4671 3550 4748 ._Utpotequam
3600 4688 3717 4726 una

2064 4744 2194 4804 cum
2231 4744 2352 4802 Sole
2385 4744 2766 4803 oceumbe'ntc
2800 4744 3010 4798 ﬁniret.
3047 4765 3072 4792 »
3109 4744 3162 4798 Is
3193 4749 3280 4798 est
3312 4745 3445 4798 Elice
3480 4760 3711 4811 sensus,

2066 4821 2161 4886 qui
2199 4821 2282 4874 sic
2315 4821 2383 4873 de
2416 4820 2526 4873 isto
2559 4815 2908 4887 philosopho
2944 4815 3246 4869 historiam
3281 4816 3474 4884 refert,
3515 4839 3534 4863 α
3571 4818 3714 4871 Cum

2067 4895 2271 4956 Roma,
2308 4892 2522 4963 inquit,
2544 4890 2847 4963 quondam
2867 4903 2898 4938 a
2928 4888 3192 4963 barbaris
3218 4888 3369 4963 bello
3395 4894 3718 4963 vexaretur,

2066 4957 2685 5031 Romanus-quidam
2730 4957 3119 5031 philosophus
3168 4959 3277 5012 sub
3333 4958 3475 5013 solis
3525 4964 3716 5014 ortum

2069 5042 2251 5101 stans,
2289 5029 2783 5105 pertotumdiem
2819 5030 2877 5082 in
2913 5031 3171 5105 oratione
3193 5035 3457 5105 versatus
3490 5035 3617 5097 est;
3653 5045 3718 5082 ac

2069 5099 2304 5178 delapso
2337 5105 2406 5157 de
2438 5100 2577 5156 cmlo
2609 5099 2743 5178 igne
2793 5117 2909 5154 una
2940 5117 3070 5154 cum
3109 5101 3371 5156 barbaris
3417 5101 3542 5173 ipse
3573 5117 3718 5172 quo-

2070 5194 2182 5249 que
2214 5179 2505 5231 crematus
2539 5177 2649 5226 est.
2688 5195 2706 5224 ι

2144 5265 2255 5334 (37)
2288 5263 2392 5334 Ἐν-
2419 5256 2694 5334 Ποτιδαίᾳ.
2749 5283 2775 5309 ‹‹
2805 5259 3092 5334 fatidicae.
3129 5281 3164 5334 υ
3191 5260 3248 5334 Id
3297 5260 3588 5334 exciderat
3635 5259 3722 5334 in-

2071 5327 2332 5406 terpreti.
2368 5327 2959 5406 Οοωὶξρρ-ΗΟσ-ιὸαίᾳ..
2990 5333 3048 5384 In
3070 5330 3206 5406 lilia
3237 5330 3469 5406 legitur,
3503 5355 3529 5381 α
3567 5331 3724 5406 Poti-

2075 5401 2194 5462 diua
2217 5407 2353 5460 urbs
2376 5409 2463 5458 est
2485 5405 2554 5458 ad
2579 5403 2886 5457 Thraciam
2903 5401 3044 5474 rsita.
3068 5401 3458 5474 Philosophus
3482 5403 3724 5474 quidam

2073 5479 2437 5543 Potidaaates,
2466 5493 2599 5530 cum
2639 5473 2910 5545 precandi
2945 5490 3124 5527 causa
3154 5473 3437 5543 stetisset,
3471 5473 3534 5530 ac
3566 5475 3730 5529 dein-

2075 5552 2143 5605 de
2175 5548 2232 5602 in
2267 5545 2754 5617 contemplatione
2798 5548 2979 5617 extra
3002 5561 3063 5599 se
3094 5549 3299 5616 raptus
3350 5547 3571 5613 fuisset,
3605 5551 3732 5601 tota

2081 5625 2242 5676 nocte
2277 5620 2359 5673 ita
2391 5619 2447 5672 in
2472 5613 2732 5673 oratione
2754 5613 3031 5688 perstitit,
3063 5621 3124 5671 ut
3145 5613 3262 5672 vim
3287 5617 3530 5691 frigoris
3565 5617 3730 5674 nullo

2079 5691 2252 5747 modo
2283 5690 2650 5760 persentiret.

2148 5757 2299 5833 (38f
2335 5757 2976 5838 Προσφιλοπονήσαντοςε
3051 5781 3080 5810 ‹‹
3151 5759 3362 5822 Addita
3448 5760 3522 5820 ad
3602 5763 3732 5820 stu-
