4028 6462
382 433 497 494 597

1382 425 1676 486 ORATIO
1723 425 1824 486 ιν.
1857 424 2274 484 -ΟΟΝἸἫΑ
2322 423 2721 485 JULIANUM
2769 423 2816 482 1.

3702 419 3822 484 598

387 560 529 638 μηδὲ
588 556 998 624 ἒπαισθάνεσθαι
1056 561 1168 632 (39)
1214 561 1312 612 τοῦ
1359 555 1558 633 κρύους
1607 554 1696 612 διὰ
1727 557 1826 627 τὴν
1860 555 2014 612 ἕκστα

2157 573 2287 614 cum
2327 556 2511 629 ipsius
2546 572 2754 611 occasu
2789 554 3003 610 ﬁniret.
3035 553 3185 619 Quin
3219 553 3383 610 illum
3426 556 3600 612 etiam
3634 555 3818 612 laudi-

383 673 502 708 σιν·
540 652 574 721 ἢ
626 651 716 706 καὶ
768 651 866 720 τὴν
921 650 1168 724 Ὀμήρου
1220 644 1581 725 φιλομάθειαν
1636 647 1758 722 περὶ
1814 647 1875 700 τὸ
1919 647 2042 722 ’Δρ-

381 740 603 798 καδικὸν
659 741 772 814 (40)
835 739 1079 811 ζήτημα,
1139 736 1226 792 καὶ
1281 737 1381 804 τήν
1464 735 1875 812 Ἀριστοτέλους
1933 738 2047 809 (41)

383 829 711 911 φιλοσοφίαν
762 827 853 883 καὶ
914 824 1238 904 προσεδρίαν
1313 826 1400 880 επὶ
1472 831 1591 887 ταῖς
1652 829 1750 879 τοῦ
1807 825 2048 898 Εὐρίπου

387 915 740 994 μεταϐολαῖς,
793 918 880 996 ὑφ’
928 918 1002 971 ὧν
1051 919 1164 989 (42)
1221 917 1544 986 τεθνήκασι·
1601 914 1690 968 καὶ
1743 913 1806 968 τὸ
1845 912 2047 968 Κλεάν-

383 1021 511 1074 θους
559 1011 673 1084 (43)
717 1008 907 1085 φρὲαρ,
961 1006 1049 1060 καὶ
1095 1005 1188 1060 τὸν
1237 1003 1599 1081 Ἀναξαγόρου
1653 1005 1765 1078 (44)
1823 1001 2046 1076 ἱμάντα,

378 1099 469 1154 καὶ
499 1099 599 1168 τὴν
626 1095 983 1173 Ἥρακλείτον
1018 1097 1130 1168 (45)
1154 1096 1473 1172 κατήφειαν.

2157 647 2267 702 bus
2312 647 2519 712 afﬁcis,
2547 646 2647 718 qui
2697 644 2959 699 Potidaea:
3013 643 3250 699 hiberno
3297 648 3578 717 tempore,
3617 645 3816 702 addito

2162 737 2231 791 ad
2269 737 2531 792 studium
2566 735 2784 804 labore,
2811 750 3030 806 pernox
3061 733 3115 787 in
3143 732 3540 804 speculatione
3562 737 3815 806 quadam

2163 826 2348 893 stetit,
2381 825 2462 879 ita
2494 830 2555 880 ut
2603 842 2672 879 ne
2702 824 2817 878 vim
2853 823 3089 894 quidem
3123 822 3360 895 frigoris
3390 827 3625 895 propter
3656 841 3826 879 men-

2159 914 2234 969 tis
2268 914 2718 970 abstractionem
2763 913 3025 968 sentiret.
3059 912 3287 967 Laudas
3339 911 3584 984 insuper
3612 912 3671 966 in
3709 914 3818 968 Ho-

2161 1019 2323 1058 mero
2354 1003 2614 1058 discendi
2668 1018 2926 1057 amorem
2962 1001 3114 1056 circa
3155 1001 3494 1056 Arcadicam
3542 1002 3815 1072 quaestio-

2160 1109 2316 1158 nem,
2338 1096 2391 1148 et
2416 1094 2471 1148 in
2500 1091 2806 1146 Aristotele
2824 1092 2863 1145 1
2878 1093 2914 1145 1
2931 1091 2977 1145 2
2996 1089 3426 1162 philosophiam
3450 1093 3507 1145 et
3527 1089 3814 1147 diutinam

378 1205 606 1246 moram
637 1189 710 1244 ad
741 1187 1069 1260 reciprocos
1117 1186 1310 1257 Euripi
1345 1192 1541 1252 aestus,
1577 1184 1794 1256 quibus
1826 1187 2071 1254 uterque
2101 1183 2399 1238 occubuit.
2433 1182 2615 1236 Eﬁ‘ers
2649 1181 2826 1266 etiam
2859 1179 3155 1235 Cleanthis
3203 1186 3465 1252 puteum,
3502 1183 3560 1234 et
3589 1180 3812 1236 Anaxa-

375 1294 530 1350 gora:
563 1275 894 1349 cingulum,
925 1279 982 1331 et
1009 1273 1282 1330 Heracliti
1317 1274 1682 1330 maestitiam.

451 1365 571 1420 Ol".
625 1363 791 1418 Πόσοι
833 1365 1023 1432 ταῦτα,
1071 1361 1160 1416 καὶ
1217 1361 1381 1436 μέχρι
1430 1361 1608 1429 τίνος;
1662 1360 1771 1421 Τὰς
1820 1357 1878 1414 δε
1907 1358 2045 1441 ⁶παρ’

379 1454 518 1526 ἡμῖν
548 1451 612 1508 οὐ
664 1450 954 1526 θαυμάζεις
992 1448 1249 1528 χιλιάδας
1279 1450 1368 1505 καὶ
1405 1447 1668 1525 μυριάδας
1696 1469 1707 1481 ο
1741 1449 1830 1504 καὶ
1877 1452 2044 1502 ταῦτα

379 1541 470 1596 καὶ
533 1540 739 1596 τούτων
819 1539 896 1595 ἔτι
972 1541 1386 1614 Θαυμασιώτερα
1462 1537 1907 1616 φιλοσοφούντων
1988 1536 2040 1591 ἐν

378 1630 540 1686 παντί
587 1634 667 1702 τῷ
720 1629 822 1704 βίῳ
871 1631 988 1703 (46)
1036 1629 1126 1684 καὶ
1178 1630 1314 1684 κατά
1362 1631 1472 1702 (47)
1514 1633 1710 1699 πᾶσαν,
1743 1628 1816 1687 ὡς
1847 1626 2038 1695 εἰπεῖν,

376 1720 478 1789 τήν
530 1718 878 1792 οῗκουμένην,
940 1715 1146 1794 ἀνδρῶν
1201 1739 1261 1773 τε
1305 1718 1513 1790 ὁμοίως
1563 1719 1674 1791 (48)
1715 1716 1803 1770 καὶ
1851 1735 2036 1791 γυναι-

373 1813 508 1882 κῶν,
561 1808 637 1872 εἰς
682 1807 932 1886 ἀνδρείαν
983 1811 1097 1883 (49)
1142 1805 1571 1881 ἁμιλλωμένων,
1623 1807 1894 1870 κάνταῦθα
1936 1805 2036 1878 μό-

2228 1360 2468 1416 LXXIII.
2495 1361 2645 1423 Quot
2675 1375 2808 1414 vero
2839 1357 3110 1413 homines
3151 1356 3246 1413 his
3272 1358 3590 1414 virtutibus
3620 1359 3809 1416 excel-

2153 1449 2409 1518 luerunt,
2438 1453 2494 1504 et
2528 1447 2829 1520 quandiu?
2862 1448 3154 1502 Inﬁnitam
3199 1452 3391 1502 autem
3438 1447 3599 1504 illam
3649 1451 3803 1521 apud

2153 1556 2260 1594 nos
2291 1538 2599 1594 hominum
2636 1536 3073 1592 multitudinem
3105 1553 3220 1591 non
3249 1537 3482 1591 miraris
3513 1553 3578 1593 ac
3609 1539 3807 1610 suspi-

2151 1627 2255 1694 cis,
2291 1629 2389 1698 qui
2423 1631 2480 1681 et
2509 1627 2632 1681 haec
2663 1631 2718 1681 et
2759 1625 2851 1680 his
2899 1625 3245 1680 sublimiora
3289 1625 3803 1698 philosophantur,

2149 1716 2208 1771 in
2232 1717 2391 1772 omni
2415 1717 2542 1770 vitae
2573 1731 2780 1788 genere
2809 1719 2863 1770 et
2894 1715 3184 1781 instituto,
3207 1719 3380 1786 atque
3411 1715 3470 1769 in
3504 1716 3802 1784 omnibus,

2150 1810 2214 1860 ut
2244 1806 2328 1861 sic
2375 1805 2600 1877 loquar,
2637 1810 2924 1860 terrarum
2959 1803 3096 1874 oris,
3119 1803 3226 1857 viri
3270 1805 3440 1874 juxta
3483 1821 3550 1859 ac
3597 1805 3802 1861 mulie-

371 1919 460 1954 vov
537 1897 1045 1971 ἐπιλανθανομὲνων
1113 1904 1212 1968 τῆς
1292 1897 1524 1974 φύσεως,
1602 1898 1664 1951 οὗ
1755 1893 1837 1950 δεῖ
1905 1897 2014 1950 Θεὸε

2148 1911 2258 1960 res,
2283 1895 2516 1951 virtutis
2548 1893 2918 1950 aemulatione
2940 1889 3248 1962 eertantes,
3273 1897 3450 1965 atque
3479 1892 3574 1948 hic
3604 1893 3795 1950 solum

373 1987 698 2043 οἰκειοῦσθαι
749 1984 820 2042 δι’
867 1985 1080 2063 ἁγνείας
1129 1987 1217 2042 καὶ
1262 1986 1546 2063 καρτερίας
1573 2004 1584 2017 ·
1638 1985 1700 2040 οὐ
1729 1990 1834 2040 τῶν
1868 1985 2025 2060 ἀγεν-

371 2079 614 2152 νῶν
667 2075 857 2149 μόνον,
907 2075 996 2131 καὶ
1042 2079 1121 2148 τῷ
1149 2081 1334 2131 πονεῖν
1366 2076 1780 2149 συνειθισμένων
1813 2073 1903 2129 διὰ
1929 2075 2029 2143 τὴν

371 2165 461 2221 ἀπ’
517 2167 695 2242 ἀρχῆς
739 2164 1034 2239 εὐτέλειαν,
1086 2163 1232 2222 ἀλλά
1280 2164 1368 2220 καὶ
1429 2169 1537 2220 τῶν
1599 2164 1717 2221 λίαν
1797 2161 2024 2238 ὑψηλῶν

370 2276 503 2310 ποτε
556 2256 646 2310 καὶ
704 2253 998 2330 λαμπρῶν,
1056 2253 1146 2310 καὶ
1199 2254 1503 2331 περιουσίᾳ,
1562 2255 1651 2309 καὶ
1707 2252 1869 2330 γένει,
1937 2252 2027 2307 καὶ

371 2342 674 2416 δυναστείᾳ,
721 2343 1192 2418 καινοτομούντων
1244 2343 1307 2399 τὸ
1347 2341 1633 2407 δυσπαθεῖν
1667 2345 1778 2416 (51)
1811 2340 1900 2397 διὰ
1927 2343 2026 2411 τήν

369 2435 606 2507 Χριστοῦ
657 2431 927 2506 μίμησιν
978 2430 1076 2500 ὧν,
1125 2432 1221 2487 κᾶν
1271 2432 1299 2486 ὁ
1347 2430 1512 2506 λόγος
1568 2433 1644 2504 μὴ
1677 2432 1712 2505 ᾖ
1747 2435 1861 2505 (52)
1917 2429 2030 2502 (διὰ

369 2520 431 2574 τὸ
483 2516 614 2592 μηδ’
666 2519 718 2574 ἓν
770 2518 924 2595 λιίγῳ
948 2519 1185 2575 τίθεσθαι
1212 2521 1311 2588 τὴν
1346 2514 1638 2589 εὐσέϐειαν,
1672 2520 1760 2574 καὶ
1791 2527 1888 2588 τῆς
1924 2520 2028 2574 ἀπὸ

365 2613 463 2664 τοῦ
495 2607 764 2682 στόματος
799 2608 990 2687 σοφίας
1028 2607 1235 2686 βραχὺν
1269 2608 1400 2663 εἶναι
1429 2609 1521 2664 τὸν
1557 2609 1788 2684 καρπῦν,
1821 2611 1895 2670 ὡς
1937 2608 2028 2663 καὶ

363 2701 472 2753 τῶν
505 2699 632 2772 παρ’
655 2697 782 2770 ὑμῖν
810 2720 918 2752 τινι
948 2703 1194 2767 ποιητῶν
1223 2695 1443 2771 ἔδοξεν),
1497 2697 1641 2754 ἀλλὰ
1686 2699 1748 2753 τὸ
1799 2697 2026 2773 εὒλογον

371 2784 584 2857 πλεῖον,
620 2788 711 2842 καὶ
743 2789 777 2857 ἡ
811 2787 863 2843 ἐν
895 2793 1014 2850 τοῖς
1043 2787 1322 2864 πράγμασι
1353 2784 1653 2850 παίδευσις.

441 3053 560 3110 ΟΔ’.
591 3051 748 3109 Ἀλλ’
782 3052 958 3127 ὅμως,
991 3053 1195 3108 ἃπαντα
1225 3051 1469 3127 παριδὼν
1518 3057 1706 3125 ταῦτα,
1756 3055 1843 3110 καὶ
1890 3057 2028 3131 πρὸς

367 3137 425 3194 ἔν
453 3145 616 3196 τοῦτο
669 3140 829 3215 μόνον
883 3140 1035 3214 ἰδὼν,
1087 3142 1236 3203 ὅπως
1287 3142 1344 3197 ἃν
1396 3143 1683 3218 χαρίσαιτο
1730 3151 1846 3208 τοῖς
1899 3166 2028 3200 κατ-

2139 2001 2314 2040 sexus
2346 1983 2775 2048 obliviscentes,
2800 1981 2898 2036 ubi
2935 1981 3088 2037 Deus
3121 1999 3223 2053 per
3257 1982 3582 2038 castitatem
3619 1988 3675 2039 et
3704 1988 3793 2040 to-

2137 2071 2443 2128 lerantiam
2478 2071 2879 2126 conciliandus
2918 2077 3004 2126 est
3038 2087 3050 2124 :
3092 2086 3192 2126 nec
3223 2071 3457 2126 obscuri
3507 2071 3698 2128 solum
3732 2077 3791 2129 et

2137 2162 2446 2235 ignobiles,
2481 2167 2536 2217 et
2579 2165 2814 2234 propter
2842 2161 3100 2233 pristinae
3133 2160 3484 2216 conditionis
3528 2162 3786 2218 tenuita-

2138 2257 2252 2309 tem
2296 2251 2597 2308 laboribus
2646 2251 2885 2317 assueti,
2919 2251 3018 2306 sed
3069 2250 3244 2304 etiam
3293 2249 3460 2306 valde
3492 2253 3792 2322 quondam

2139 2341 2426 2399 sublimes
2459 2346 2514 2396 et
2543 2339 2858 2412 splendidi,
2890 2343 3017 2394 tum
3050 2339 3280 2410 opibus,
3306 2343 3432 2394 tum
3465 2341 3793 2411 nobilitate,

2137 2435 2265 2486 tum
2299 2431 2576 2502 potentia,
2610 2428 2819 2484 Christi
2871 2429 3142 2483 imitandi
3189 2428 3385 2484 studio
3425 2445 3554 2485 sese
3586 2435 3796 2503 praeter

2141 2537 2362 2576 morem
2415 2519 2808 2574 afﬁictantes:
2855 2518 2976 2589 qui,
3010 2518 3116 2572 etsi
3169 2521 3461 2574 sermonis
3509 2518 3797 2590 elegantia

2139 2613 2375 2665 careant
2414 2608 2590 2679 (quod
2648 2623 2718 2661 ne
2777 2607 2835 2661 in
2895 2623 3163 2662 sermone
3223 2607 3459 2678 quidem
3515 2607 3794 2680 pietatem

2140 2698 2521 2764 constituant,
2556 2711 2913 2768 parvusque,
2937 2700 3001 2749 ut
3034 2695 3264 2750 cuidam
3289 2697 3465 2751 etiam
3491 2700 3794 2767 poetarum

2140 2791 2470 2844 vestrorum
2507 2785 2747 2858 placuit,
2773 2784 3071 2857 sapientiae
3105 2785 3176 2840 ab
3209 2800 3306 2840 ore
3349 2785 3646 2841 manantis
3677 2787 3796 2842 fru-

2140 2881 2268 2932 ctus
2301 2876 2417 2947 sit),
2444 2875 2878 2948 praestantiores
2903 2877 3097 2931 tamen
3123 2879 3262 2930 sunt
3290 2875 3600 2947 prudentia
3621 2879 3797 2950 atque

2139 2965 2406 3021 doctrina
2436 2965 2493 3020 in
2527 2965 2770 3021 actione.

2211 3055 2491 3112 LXXXIV.
2528 3056 2635 3110 Sed
2680 3059 2877 3109 tamen
2917 3053 3010 3108 his
3042 3054 3317 3110 omnibus
3347 3055 3697 3126 contemptis
3727 3073 3794 3112 ao

2139 3163 2242 3218 pro
2275 3144 2457 3200 nihilo
2504 3145 2740 3213 habitis,
2769 3160 3071 3214 unumque
3101 3143 3158 3198 id
3193 3147 3483 3215 spectans,
3517 3149 3644 3199 uta
3674 3145 3789 3200 daa-

353 3235 633 3306 ινεγκοῦσι
682 3230 956 3294 πολλάκις
1009 3231 1168 3288 αὐτὸν
1220 3231 1378 3303 ἀξίως
1429 3236 1542 3308 (53)
1597 3231 1840 3307 δαίμοσι,
1893 3234 2014 3311 πρὶν

2148 3237 2436 3305 monibus,
2462 3254 2494 3290 ιι
2526 3235 2740 3306 quibus
2792 3251 2960 3305 szepe,
2998 3237 3061 3288 ut
3099 3249 3330 3304 aequum
3363 3237 3506 3304 erat,
3534 3238 3791 3304 prostra-

346 3315 497 3374 ἄλλο
528 3341 579 3374 τι
629 3323 1060 3392 καταστήσασθαι
1107 3327 1214 3377 τῶν
1265 3327 1484 3392 κοινῶν,
1533 3321 1618 3378 ἐπὶ
1669 3323 2018 3399 Χριστιανοὺς

347 3407 594 3486 φέρεται.
645 3411 744 3464 Καὶ
795 3407 891 3466 δύο
953 3412 1048 3485 μὲν
1091 3416 1259 3468 ταῦτα
1308 3413 1375 3482 ἦν
1419 3411 1565 3484 αὐτῷ
1613 3413 1679 3466 τὰ
1719 3410 2020 3482 σπουδαζό-

334 3554 513 3610 dium
550 3553 844 3632 _labore.»
875 3559 1121 3632 Montac.
1171 3557 1421 3627 prafert,
1463 3554 2008 3632 προσφιλοπονήσαν-

331 3643 432 3753 φα,
467 3625 570 3679 sed
602 3626 754 3680 male
783 3631 1000 3680 tuetur.
1035 3625 1196 3681 Hanc
1225 3643 1427 3682 vocem
1460 3625 1573 3682 non
1610 3625 1875 3684 reddidit
1893 3630 2006 3684 Bil-

363 3712 487 3752 lus.

363 3712 487 3752 ".18.

414 3766 531 3838 (39)
561 3764 1047 3838 Ἑπαισθοὶνεσθοιι.⁸
1068 3765 1154 3821 Ita
1181 3770 1308 3838 Sav.
1340 3768 1595 3822 Combef.
1627 3769 1757 3824 Ald.
1793 3770 1918 3824 Bas.
1954 3775 2011 3825 et

335 3835 606 3895 Codices.
642 3839 702 3892 In
738 3838 867 3893 Par.
903 3839 993 3893 ed.
1032 3835 1395 3891 ἐπαισθέσθαι.

415 3908 666 3983 (40)-Τήν
697 3909 1013 3983 Ὀμήρουε..
1048 3907 1171 3983 περὶ
1202 3911 1264 3961 τὸ
1311 3905 1654 3983 ’ᾼρκαδικόν,
1689 3915 1796 3965 etc.
1835 3912 2005 3966 Arca-

335 3980 448 4054 des
499 3980 999 4054 piscatores'cum
1059 3982 1389 4054 aliquando
1443 3983 1644 4038 obvios
1707 3983 2008 4039 habuisset

337 4053 658 4118 Homerus,
693 4053 782 4108 his
812 4054 1007 4108 verbis
1041 4053 1423 4126 interrogavit
1457 4070 1469 4109 :

412 4153 643 4233 ἶᾼνδρες
677 4158 766 4233 ἀπ’
795 4155 1083 4231 ’Δρκαδίας
1117 4156 1431 4233 άλιήτορες,
1477 4158 1510 4226 ἦ
1565 4158 1611 4232 ῥ’
1656 4157 1858 4233 ἔχομέν
1907 4181 1957 4214 τι
1989 4179 2001 4228 ;

415 4231 533 4286 Viri
563 4230 796 4286 Arcades
818 4230 1123 4302 piscatores
1152 4230 1409 4302 nunqm'd
1436 4230 1634 4303 piscati
1661 4230 1892 4288 scmus?

329 4320 444 4387 Qui
481 4320 902 4390 respondentes
933 4321 1090 4376 hunc
1123 4338 1357 4377 versum
1391 4319 1477 4375 illi
1509 4326 1882 4394 regesserunt
1917 4339 1928 4376 :

405 4422 517 4484 Οὕς
545 4419 746 4497 ἓλομεν
779 4423 1090 4498 λιπόμεσθ’,
1125 4425 1217 4488 οὕς
1249 4423 1294 4480 δ’
1346 4425 1454 4501 οὐχ
1504 4423 1724 4500 ἓλομεν,
1776 4427 2004 4571 φιῗόςε-

1882 4521 1912 4554 σ
1947 4521 1998 4556 α.

1882 4521 1998 4556 συα.

409 4585 766 4654 Quoscunque
795 4587 1442 4660 cepimus,_reliquimus,
1468 4605 1599 4660 quos
1628 4605 1752 4645 vero
1784 4607 1894 4645 non
1923 4607 2001 4646 ce-

1068 4658 1277 4727 [pimus
1307 4658 1592 4716 nobiscum
1622 4663 1924 4731 portamus.

341 4760 647 4837 nimirum,
677 4777 833 4837 cum
884 4761 1030 4817 nihil
1072 4762 1333 4837 piscium
1385 4782 1590 4837 capere
1640 4772 1897 4837 possent,
1933 4768 1990 4823 in

343 4834 538 4909 littore
567 4833 920 4909 desidentes,
953 4835 1238 4906 pediculis
1263 4833 1594 4908 quaarehdis
1623 4833 1859 4909 operam
1893 4840 1988 4894 de-

341 4905 569 4960 derant.
621 4905 850 4982 _Horum
907 4905 1197 4982 quotquot
1253 4905 1558 4982 ceperant,
1619 4905 1988 4982 abjererant;

343 4992 500 5051 quos
535 4979 733 5051 autem
781 4994 898 5051 non
945 4979 1602 5051 invenerantfdomum
1652 4980 1986 5036 retulerant.

342 5047 502 5112 Quod
533 5047 785 5120 aenigma
814 5049 1034 5107 solvere
1059 5067 1190 5106 cum
1226 5047 1336 5108 non
1365 5054 1650 5120 potuisset
1681 5053 1988 5119 Homerus,

342 5136 454 5192 pra:
487 5135 732 5192 maerore
762 5120 928 5188 obiit,
960 5127 1027 5178 ut
1071 5122 1280 5180 scribit
1324 5120 1702 5192 Plutarchus;
1737 5129 1876 5181 sunt
1904 5129 1990 5181 ta-

343 5207 487 5264 men,
503 5191 601 5263 qui
636 5191 689 5246 id
718 5197 954 5264 negant.

411 5259 537 5344 (ll):
571 5267 704 5346 Iﬁv‘
744 5259 1179 5346 ξᾼριστοτίλους,
1240 5270 1349 5346 etc.
1378 5267 1800 5346 «__Aristotsles
1857 5283 1990 5346 cum

340 5333 535 5415 Euripi
567 5333 880 5415 Chalcidici
923 5341 1196 5415 naturam
1245 5338 1737 5415 investigarenon
1773 5345 1990 5415 posset,

345 5407 596 5482 maximo
627 5423 696 5462 ex
726 5407 1119 5482 dedecore_et_
1143 5407 1486 5482 ignominia—
1517 5409 1714 5482 dolore
1763 5407 1992 5482 percul-

345 5490 464 5576 suav,
484 5477 660 5576 v‘ita'gn
686 5478 968 5576 reliquit;
995 5475 1252 5570 0'33s‘é'05
1283 5475 1814 5576 Edpirto‘o‘cpﬁozvcoﬁ
1837 5476 1990 5542 ὄντος

347 5563 394 5576 ρ..
474 5565 501 5576 ι..
545 5565 592 5576 ι..
639 5567 648 5576 .
684 5552 881 5576 ....:’..._..
970 5552 1181 5576 ....__n___
1257 5553 1335 5576 __\,,
1404 5574 1462 5576 ς,
1658 5554 1678 5576 1
1728 5553 1831 5576 ,bl,_
1905 5557 1990 5576 μμ)

347 5543 397 5625 ἐν
427 5543 884 5625 Χαλκίδυγνῶναι
937 5547 1204 5625 δυνηθεὶς,
1255 5543 1366 5620 τὴν¹
1400 5543 1616 5625 πολλὴν
1650 5551 1861 5625 ἀδοξίαν
1903 5557 1991 5607 καί

347 5613 605 5699 αἶσχᾷνην
652 5613 1204 5699 λυπηθεῖςῌμετέστή
1253 5613 1349 5678 τοῦ
1404 5623 1544 5699 βίου.
1576 5613 1672 5683 Sic
1719 5613 1993 5683 Justinus

353 5688 813 5769 Martyncohgrt.
830 5693 910 5769 ad
925 5688 1204 5769 Graecos,
1217 5714 1272 5769 p.
1307 5699 1396 5769 33.

419 5760 529 5838 (42)
559 5763 670 5844 Ὑφ’
696 5763 796 5822 ὧν.
828 5765 968 5840 Reg.
1000 5766 1044 5840 l,
1074 5760 1257 5841 addit,
1288 5767 1399 5826 καί.

2135 3331 2232 3382 tus
2277 3327 2483 3394 fuerat,
2507 3324 2756 3396 gratiam
2807 3323 2998 3394 iniret,
3022 3323 3367 3396 priusquam
3418 3323 3788 3396 negotiorum

2135 3415 2503 3489 publicorum
2536 3412 2691 3468 aliud
2726 3413 3051 3485 quidquam
3081 3411 3503 3482 constituisset,
3532 3415 3590 3468 in
3622 3413 3786 3469 Chri-

2192 3561 2304 3629 (43)
2349 3558 2419 3611 Τὸ
2479 3554 2802 3624 Κλεάνθους,
2857 3561 3040 3629 θῐοηα
3091 3555 3388 3629 Cleanthis
3447 3563 3715 3626 puteum.
3751 3580 3779 3608 »

2122 3632 2309 3684 Tanto
2343 3629 2725 3698 philosophiae
2749 3645 2945 3682 amore
2978 3628 3257 3698 ﬂagrasse
3279 3628 3512 3698 dicitur.
3541 3650 3560 3677 ι
3588 3629 3786 3684 Clean-

2121 3702 2273 3764 thes,
2303 3697 2417 3754 nut
2449 3697 2621 3753 noctu
2658 3715 2872 3770 aquam
2907 3699 2964 3752 in
2998 3697 3182 3752 hortis
3212 3697 3493 3770 hauriret,
3527 3698 3781 3770 indeque

2123 3789 2237 3826 non
2272 3770 2412 3825 nihil
2441 3770 2695 3842 pecunia:
2721 3768 3038 3839 colligeret,
3065 3785 3181 3839 qua
3203 3769 3484 3824 diuturna
3514 3768 3780 3842 tempora

2118 3842 2445 3896 litterarum
2481 3840 2692 3893 studiis
2723 3842 2906 3894 daret.

2189 3915 2302 3982 (44)
2343 3912 2443 3964 Τὸν
2499 3910 2882 3984 Ἀναξαγόρου,
2936 3915 3044 3984 etc.
3089 3932 3116 3957 ››
3148 3915 3514 3984 (Anaxagorae
3571 3911 3774 3984 cingu-

2119 3984 2261 4038 lum.
2293 4007 2319 4032 ››
2355 3981 2726 4053 Anaxagoras
2759 3983 2974 4054 librum
3015 3983 3086 4037 de
3131 3981 3473 4038 difﬁcilibus
3502 3981 3771 4054 quaestio-

2119 4055 2295 4110 nibus
2343 4056 2544 4123 edidit,
2579 4071 2807 4127 quem}
2838 4053 3028 4127 lorum
3062 4074 3092 4106 ι
3124 4055 3502 4127 nuncupavit,
3522 4053 3539 4127 λ
3557 4061 3772 4127 putans

2117 4129 2238 4182 fore
2270 4134 2328 4182 ut
2361 4127 2400 4181 ii
2435 4127 2534 4197 qui
2567 4127 2720 4181 hunc
2751 4125 2970 4180 librum
3013 4124 3289 4197 legerent,
3324 4124 3770 4184 difﬁcultatibus

2117 4199 2500 4253 illigarentur.

2115 4199 2500 4269 illigarentur.

2186 4266 2298 4339 (45)
2358 4269 2457 4342 Καὶ
2526 4267 2623 4334 τὴν
2683 4266 3062 4342 Ἡρακλείτου.
3124 4267 3447 4342 Heraclitus
3515 4268 3771 4340 philoso-

2114 4342 2268 4412 phus
2328 4341 2676 4413 Ephesinus,
2711 4341 2860 4413 .qui,
2912 4342 3140 4411 quoties
3197 4341 3399 4413 domo,
3430 4342 3768 4412 egredieba-

2110 4411 2226 4496 tpr,
2261 4411 2396 4469 ﬂere
2428 4413 2638 4469 solitus
2669 4417 2814 4483 erat,
2850 4411 3171 4469 humanam
3205 4411 3506 4469 miseriam
3538 4415 3766 4487 prospi-

2111 4501 2292 4540 olens.

2180 4556 2412 4642 (46).’.Εν
2444 4553 2603 4642 παντὶ
2631 4552 2726 4642 τῷ,
2748 4553 2872 4627 βίῳ.
2897 4577 2924 4607 ‹‹
2950 4557 3053 4612 Per
3073 4571 3309 4642 omnem
3340 4555 3581 4642 vnitam,»
3607 4559 3762 4642 quod

2030 4630 2075 4693 D
2108 4625 2445 4709 ρρροιάίῐυοτ,
2482 4625 2645 4709 μέχρι
2676 4625 2857 4692 τίνοςς
2895 4651 2920 4677 π
2954 4627 3261 4698 quandiu?
3289 4651 3315 4676 υ
3351 4634 3425 4684 De
3456 4625 3762 4686 monachis

2108 4699 2201 4753 hic
2234 4699 2520 4769 praecipue
2553 4703 2641 4769 est
2671 4715 2884 4752 sermo.

2179 4767 2287 4852 (47)
2347 4767 2444 4823 Καὶ
2499 4767 2650 4824 κατά.
2716 4770 2874 4824 Pass.
2937 4769 3151 4840 aliique
3209 4769 3446 4840 plures,
3503 4769 3594 4822 καὶ
3648 4773 3755 4824 τῶν

2101 4861 2254 4896 κατα.

2174 4915 2282 4981 (48)
2314 4910 2570 4982 Ὁμοίως.
2609 4911 2745 4982 Reg.
2782 4912 2902 4973 bm,
2935 4915 2992 4966 et
3023 4911 3270 4966 Montac.
3307 4910 3468 4982 ὁμοῦ.

2176 4980 2286 5052 (49)
2318 4980 2738 5056 Εἶςηάνδρείαν.
2789 4983 3082 5051 Heinsius,
3130 5006 3150 5031 ι
3203 4980 3370 5056 forte,
3413 5007 3436 5036 ι
3493 4987 3609 5056 τοῖς
3670 4980 3756 5037 ἄν·

2103 5051 2309 5130 δρασιντ
2361 5055 2492 5130 Bill.
2545 5051 2960 5130 interpretatur
2992 5079 3017 5106 ‹‹
3052 5071 3186 5110 cum
3235 5051 3449 5110 viris.»
3493 5055 3752 5113 Combef.

2103 5127 2145 5179 ‹‹⁷
2165 5127 2347 5183 virilis
2378 5127 2559 5182 animi
2593 5127 2838 5182 laude.»

2175 5201 2285 5272 (50)
2319 5197 2395 5252 Οὐ
2441 5201 2563 5272 τῶν
2603 5197 2860 5272 ἀγεννῶν.
2896 5198 2985 5272 Ita
3010 5198 3149 5272 Reg.
3186 5198 3304 5267 hm,
3338 5202 3396 5252 et
3425 5200 3553 5254 Sav.
3603 5199 3750 5255 Edd.

2104 5269 2203 5324 οὐκ
2234 5270 2486 5344 ἀγεννῶν.
2522 5268 2665 5326 Tres
2695 5271 2898 5344 Regg.,
2934 5268 3032 5322 οὐκ
3054 5268 3272 5344 ἆγενῶν.

2173 5339 2289 5414 (51)
2314 5343 2381 5394 Τὸ
2415 5339 2726 5403 δ’)σπαοεῖν.
2759 5339 3368 5414 Sicomnes'codices.
3401 5341 3574 5398 Deest
3601 5341 3662 5395 τό
3694 5342 3755 5398 in

2104 5413 2276 5470 editis
2307 5415 2563 5469 Combel'.
2590 5436 2617 5462 «
2652 5431 2797 5468 novo
2831 5413 2942 5468 sibi
2974 5416 3105 5467 vitm
3152 5429 3359 5484 genere
3390 5415 3598 5469 duram
3631 5431 3757 5471 cor-

2106 5487 2260 5557 poris
2291 5487 2696 5557 tractationem
2732 5484 3166 5557 atque__lahores
3195 5485 3524 5557 indicendo.
3559 5508 3586 5534 r-

2177 5559 2288 5630 (5'3)
2317 5555 2447 5630 ,Κᾶν-
2479 5553 2723 5630 ῥιλόγος
2782 5553 2856 5627 μὴ
2901 5555 2954 5628 ᾖ.
2992 5557 3151 5612 Pass.
3185 5555 3289 5630 κᾶν
3325 5557 3352 5610 ὁ
3404 5555 3569 5630 λόγος
3620 5555 3754 5628 ἀπῇ.

2105 5625 2237 5695 Alii,
2267 5625 2362 5682 κᾶν
2395 5626 2455 5680 οὐ
2479 5625 2653 5700 λόγος’
2675 5627 2732 5701 ᾖ.
2770 5625 2796 5678 (ὲ
2826 5625 3048 5692 Quibus
3088 5629 3195 5683 etsi
3229 5629 3458 5684 dicendi
3488 5625 3756 5684 'facultas

2104 5701 2255 5756 desit
2285 5705 2341 5756 et
2371 5701 2643 5756 eruditio.
2675 5723 2694 5748 ι

2177 5773 2290 5845 (53)
2316 5771 2531 5843 Ἀξίως.
2565 5773 2737 5830 Deest
2766 5772 2822 5829 in
2856 5777 3108 5846 quatuor
3138 5773 3318 5846 Regg.
3351 5773 3448 5828 0r.
3484 5771 3536 5837 1,
3567 5773 3678 5826 etc.
