  <div class='ocr_page' id='page_1' title='image "/cluster/home/n/w/nwhite01/storage/ocr_20150623/35:no.1/coo.31924054869320/305.png"; bbox 0 0 4028 6462; ppageno 0'>
   <div class='ocr_carea' id='block_1_1' title="bbox 215 419 332 479">
    <p class='ocr_par' dir='ltr' id='par_1_1' title="bbox 215 419 332 479">
     <span class='ocr_line' id='line_1_1' title="bbox 215 419 332 479; baseline 0 0"><span class='ocrx_word' id='word_1_1' title='bbox 215 419 332 479; x_wconf 75' lang='lat'><strong>599</strong></span> 
     </span>
    </p>
   </div>
   <div class='ocr_carea' id='block_1_2' title="bbox 1467 420 2400 483">
    <p class='ocr_par' dir='ltr' id='par_1_2' title="bbox 1467 420 2400 483">
     <span class='ocr_line' id='line_1_2' title="bbox 1467 420 2400 483; baseline -0.002 0"><span class='ocrx_word' id='word_1_2' title='bbox 1467 420 1531 483; x_wconf 91' lang='lat' dir='ltr'><strong>S.</strong></span> <span class='ocrx_word' id='word_1_3' title='bbox 1582 421 1678 482; x_wconf 82' lang='lat' dir='ltr'><strong>GR</strong></span> <span class='ocrx_word' id='word_1_4' title='bbox 1693 420 1956 482; x_wconf 79' lang='lat' dir='ltr'><strong>EGORII</strong></span> <span class='ocrx_word' id='word_1_5' title='bbox 2003 422 2106 480; x_wconf 84' lang='grc' dir='ltr'><strong>ΤΗ</strong></span> <span class='ocrx_word' id='word_1_6' title='bbox 2120 420 2400 483; x_wconf 85' lang='lat' dir='ltr'><strong>EOLOGI</strong></span> 
     </span>
    </p>
   </div>
   <div class='ocr_carea' id='block_1_3' title="bbox 3531 421 3675 486">
    <p class='ocr_par' dir='ltr' id='par_1_3' title="bbox 3531 421 3675 486">
     <span class='ocr_line' id='line_1_3' title="bbox 3531 421 3675 486; baseline 0.021 -3"><span class='ocrx_word' id='word_1_7' title='bbox 3531 421 3675 486; x_wconf 86' lang='lat'><strong>600</strong></span> 
     </span>
    </p>
   </div>
   <div class='ocr_carea' id='block_1_4' title="bbox 214 545 1889 630">
    <p class='ocr_par' dir='ltr' id='par_1_4' title="bbox 214 551 1865 628">
     <span class='ocr_line' id='line_1_4' title="bbox 214 551 1865 628; baseline -0.001 -16"><span class='ocrx_word' id='word_1_8' title='bbox 214 553 440 612; x_wconf 85' lang='lat' dir='ltr'><strong>stianos</strong></span> <span class='ocrx_word' id='word_1_9' title='bbox 487 551 715 628; x_wconf 86' lang='lat' dir='ltr'><strong>impetu</strong></span> <span class='ocrx_word' id='word_1_10' title='bbox 768 552 971 610; x_wconf 83' lang='lat' dir='ltr'><strong>fertur.</strong></span> <span class='ocrx_word' id='word_1_11' title='bbox 1007 557 1086 610; x_wconf 82' lang='lat' dir='ltr'><strong>Ac</strong></span> <span class='ocrx_word' id='word_1_12' title='bbox 1133 554 1250 611; x_wconf 93' lang='lat' dir='ltr'><strong>duo</strong></span> <span class='ocrx_word' id='word_1_13' title='bbox 1299 553 1536 625; x_wconf 88' lang='lat' dir='ltr'><strong>quidem</strong></span> <span class='ocrx_word' id='word_1_14' title='bbox 1584 554 1699 609; x_wconf 89' lang='lat' dir='ltr'><strong>ista</strong></span> <span class='ocrx_word' id='word_1_15' title='bbox 1729 570 1865 611; x_wconf 86' lang='lat' dir='ltr'><strong>eum</strong></span> 
     </span>
    </p>
   </div>
   <div class='ocr_carea' id='block_1_5' title="bbox 2011 545 3660 630">
    <p class='ocr_par' dir='ltr' id='par_1_5' title="bbox 2011 545 3660 630">
     <span class='ocr_line' id='line_1_5' title="bbox 2011 545 3660 630; baseline 0.001 -24"><span class='ocrx_word' id='word_1_16' title='bbox 2011 571 2136 621; x_wconf 83' lang='grc' dir='ltr'>ιενα,</span> <span class='ocrx_word' id='word_1_17' title='bbox 2171 549 2460 608; x_wconf 86' lang='grc' dir='ltr'>Γαλιλαῖοί</span> <span class='ocrx_word' id='word_1_18' title='bbox 2486 573 2564 626; x_wconf 81' lang='grc' dir='ltr'><strong>τε,</strong></span> <span class='ocrx_word' id='word_1_19' title='bbox 2601 552 2675 616; x_wconf 81' lang='grc' dir='ltr'>ὡς</span> <span class='ocrx_word' id='word_1_20' title='bbox 2707 551 2868 614; x_wconf 73' lang='grc' dir='ltr'>αὐτὸς</span> <span class='ocrx_word' id='word_1_21' title='bbox 2920 553 3032 626; x_wconf 77' lang='grc'>(54)</span> <span class='ocrx_word' id='word_1_22' title='bbox 3084 545 3386 630; x_wconf 76' lang='grc' dir='ltr'>ἐφυϐρίζων</span> <span class='ocrx_word' id='word_1_23' title='bbox 3433 550 3660 625; x_wconf 75' lang='grc' dir='ltr'>ἐκάλει,</span> 
     </span>
    </p>
   </div>
   <div class='ocr_carea' id='block_1_6' title="bbox 219 644 1872 716">
    <p class='ocr_par' dir='ltr' id='par_1_6' title="bbox 219 644 1872 716">
     <span class='ocr_line' id='line_1_6' title="bbox 219 644 1872 716; baseline -0.002 -14"><span class='ocrx_word' id='word_1_24' title='bbox 219 645 535 703; x_wconf 84' lang='lat' dir='ltr'><strong>sollicitum</strong></span> <span class='ocrx_word' id='word_1_25' title='bbox 568 645 888 714; x_wconf 83' lang='lat' dir='ltr'><strong>habebant,</strong></span> <span class='ocrx_word' id='word_1_26' title='bbox 921 644 1140 700; x_wconf 62' lang='lat' dir='ltr'><strong>Galilei</strong></span> <span class='ocrx_word' id='word_1_27' title='bbox 1184 661 1412 716; x_wconf 87' lang='lat' dir='ltr'><strong>nempe,</strong></span> <span class='ocrx_word' id='word_1_28' title='bbox 1447 645 1528 700; x_wconf 89' lang='lat' dir='ltr'><strong>sic</strong></span> <span class='ocrx_word' id='word_1_29' title='bbox 1558 645 1714 699; x_wconf 89' lang='lat' dir='ltr'><strong>enim</strong></span> <span class='ocrx_word' id='word_1_30' title='bbox 1746 645 1872 716; x_wconf 86' lang='lat' dir='ltr'><strong>ipse</strong></span> 
     </span>
    </p>
   </div>
   <div class='ocr_carea' id='block_1_7' title="bbox 219 734 1874 806">
    <p class='ocr_par' dir='ltr' id='par_1_7' title="bbox 219 734 1874 806">
     <span class='ocr_line' id='line_1_7' title="bbox 219 734 1874 806; baseline -0.003 -14"><span class='ocrx_word' id='word_1_31' title='bbox 219 735 586 793; x_wconf 83' lang='lat' dir='ltr'><strong>contumeliae</strong></span> <span class='ocrx_word' id='word_1_32' title='bbox 619 752 796 791; x_wconf 90' lang='lat' dir='ltr'><strong>causa</strong></span> <span class='ocrx_word' id='word_1_33' title='bbox 825 751 930 790; x_wconf 91' lang='lat' dir='ltr'><strong>nos</strong></span> <span class='ocrx_word' id='word_1_34' title='bbox 962 734 1312 806; x_wconf 81' lang='lat' dir='ltr'><strong>appellabat,</strong></span> <span class='ocrx_word' id='word_1_35' title='bbox 1337 739 1393 789; x_wconf 87' lang='lat' dir='ltr'><strong>et</strong></span> <span class='ocrx_word' id='word_1_36' title='bbox 1421 739 1630 798; x_wconf 84' lang='lat' dir='ltr'><strong>Persae,</strong></span> <span class='ocrx_word' id='word_1_37' title='bbox 1662 750 1874 804; x_wconf 85' lang='lat' dir='ltr'><strong>magna</strong></span> 
     </span>
    </p>
   </div>
   <div class='ocr_carea' id='block_1_8' title="bbox 218 822 1873 897">
    <p class='ocr_par' dir='ltr' id='par_1_8' title="bbox 218 822 1873 897">
     <span class='ocr_line' id='line_1_8' title="bbox 218 822 1873 897; baseline -0.002 -15"><span class='ocrx_word' id='word_1_38' title='bbox 218 825 532 883; x_wconf 82' lang='lat' dir='ltr'><strong>tolerantia</strong></span> <span class='ocrx_word' id='word_1_39' title='bbox 553 826 610 880; x_wconf 91' lang='lat' dir='ltr'><strong>in</strong></span> <span class='ocrx_word' id='word_1_40' title='bbox 632 825 884 897; x_wconf 86' lang='lat' dir='ltr'><strong>gerendo</strong></span> <span class='ocrx_word' id='word_1_41' title='bbox 907 822 1056 878; x_wconf 89' lang='lat' dir='ltr'><strong>bello</strong></span> <span class='ocrx_word' id='word_1_42' title='bbox 1078 826 1404 894; x_wconf 82' lang='lat' dir='ltr'><strong>perstantes</strong></span> <span class='ocrx_word' id='word_1_43' title='bbox 1427 841 1439 879; x_wconf 88' lang='lat'><strong>:</strong></span> <span class='ocrx_word' id='word_1_44' title='bbox 1460 838 1658 877; x_wconf 87' lang='lat' dir='ltr'><strong>verum</strong></span> <span class='ocrx_word' id='word_1_45' title='bbox 1687 839 1873 893; x_wconf 87' lang='lat' dir='ltr'><strong>usque</strong></span> 
     </span>
    </p>
   </div>
   <div class='ocr_carea' id='block_1_9' title="bbox 221 911 1874 986">
    <p class='ocr_par' dir='ltr' id='par_1_9' title="bbox 221 911 1874 986">
     <span class='ocr_line' id='line_1_9' title="bbox 221 911 1874 986; baseline -0.003 -14"><span class='ocrx_word' id='word_1_46' title='bbox 221 916 364 972; x_wconf 88' lang='lat' dir='ltr'><strong>adeo</strong></span> <span class='ocrx_word' id='word_1_47' title='bbox 397 914 607 986; x_wconf 82' lang='lat' dir='ltr'><strong>majori</strong></span> <span class='ocrx_word' id='word_1_48' title='bbox 660 931 801 970; x_wconf 90' lang='lat' dir='ltr'><strong>cura</strong></span> <span class='ocrx_word' id='word_1_49' title='bbox 826 912 1123 984; x_wconf 81' lang='lat' dir='ltr'><strong>animique</strong></span> <span class='ocrx_word' id='word_1_50' title='bbox 1155 911 1348 968; x_wconf 88' lang='lat' dir='ltr'><strong>studio</strong></span> <span class='ocrx_word' id='word_1_51' title='bbox 1397 916 1454 967; x_wconf 89' lang='lat' dir='ltr'><strong>et</strong></span> <span class='ocrx_word' id='word_1_52' title='bbox 1501 913 1874 967; x_wconf 82' lang='lat' dir='ltr'><strong>contentione</strong></span> 
     </span>
    </p>
   </div>
   <div class='ocr_carea' id='block_1_10' title="bbox 220 1001 1870 1077">
    <p class='ocr_par' dir='ltr' id='par_1_10' title="bbox 220 1001 1870 1077">
     <span class='ocr_line' id='line_1_10' title="bbox 220 1001 1870 1077; baseline -0.004 -16"><span class='ocrx_word' id='word_1_53' title='bbox 220 1005 280 1060; x_wconf 89' lang='lat' dir='ltr'><strong>in</strong></span> <span class='ocrx_word' id='word_1_54' title='bbox 314 1003 629 1077; x_wconf 85' lang='lat' dir='ltr'><strong>perniciem</strong></span> <span class='ocrx_word' id='word_1_55' title='bbox 661 1005 921 1058; x_wconf 87' lang='lat' dir='ltr'><strong>nostram</strong></span> <span class='ocrx_word' id='word_1_56' title='bbox 952 1001 1414 1056; x_wconf 89' lang='lat' dir='ltr'><strong>incumbendum</strong></span> <span class='ocrx_word' id='word_1_57' title='bbox 1443 1017 1571 1056; x_wconf 88' lang='lat' dir='ltr'><strong>esse</strong></span> <span class='ocrx_word' id='word_1_58' title='bbox 1601 1002 1870 1068; x_wconf 80' lang='lat' dir='ltr'><strong>ducebat,</strong></span> 
     </span>
    </p>
   </div>
   <div class='ocr_carea' id='block_1_11' title="bbox 222 1090 1872 1163">
    <p class='ocr_par' dir='ltr' id='par_1_11' title="bbox 222 1090 1872 1163">
     <span class='ocr_line' id='line_1_11' title="bbox 222 1090 1872 1163; baseline -0.004 -13"><span class='ocrx_word' id='word_1_59' title='bbox 222 1098 288 1150; x_wconf 89' lang='lat' dir='ltr'><strong>ut</strong></span> <span class='ocrx_word' id='word_1_60' title='bbox 326 1092 622 1150; x_wconf 89' lang='lat' dir='ltr'><strong>Persicum</strong></span> <span class='ocrx_word' id='word_1_61' title='bbox 657 1090 1094 1154; x_wconf 66' lang='lat' dir='ltr'><strong>belluminstar</strong></span> <span class='ocrx_word' id='word_1_62' title='bbox 1123 1107 1416 1163; x_wconf 82' lang='lat' dir='ltr'><strong>nugarum</strong></span> <span class='ocrx_word' id='word_1_63' title='bbox 1460 1094 1517 1146; x_wconf 89' lang='lat' dir='ltr'><strong>et</strong></span> <span class='ocrx_word' id='word_1_64' title='bbox 1563 1090 1682 1145; x_wconf 90' lang='lat' dir='ltr'><strong>ludi</strong></span> <span class='ocrx_word' id='word_1_65' title='bbox 1719 1091 1872 1145; x_wconf 74' lang='lat' dir='ltr'><strong>ne</strong></span> 
     </span>
    </p>
   </div>
   <div class='ocr_carea' id='block_1_12' title="bbox 222 1180 1872 1256">
    <p class='ocr_par' dir='ltr' id='par_1_12' title="bbox 222 1180 1872 1256">
     <span class='ocr_line' id='line_1_12' title="bbox 222 1180 1872 1256; baseline -0.004 -16"><span class='ocrx_word' id='word_1_66' title='bbox 222 1184 532 1256; x_wconf 87' lang='lat' dir='ltr'><strong>cujusdam</strong></span> <span class='ocrx_word' id='word_1_67' title='bbox 564 1181 820 1237; x_wconf 89' lang='lat' dir='ltr'><strong>haberet.</strong></span> <span class='ocrx_word' id='word_1_68' title='bbox 847 1181 1010 1247; x_wconf 88' lang='lat' dir='ltr'><strong>Quod</strong></span> <span class='ocrx_word' id='word_1_69' title='bbox 1053 1180 1188 1237; x_wconf 90' lang='lat' dir='ltr'><strong>licet</strong></span> <span class='ocrx_word' id='word_1_70' title='bbox 1237 1197 1351 1236; x_wconf 91' lang='lat' dir='ltr'><strong>non</strong></span> <span class='ocrx_word' id='word_1_71' title='bbox 1383 1184 1582 1252; x_wconf 88' lang='lat' dir='ltr'><strong>aperte</strong></span> <span class='ocrx_word' id='word_1_72' title='bbox 1613 1181 1872 1235; x_wconf 86' lang='lat' dir='ltr'><strong>declara-</strong></span> 
     </span>
    </p>
   </div>
   <div class='ocr_carea' id='block_1_13' title="bbox 224 1269 1874 1340">
    <p class='ocr_par' dir='ltr' id='par_1_13' title="bbox 224 1269 1874 1340">
     <span class='ocr_line' id='line_1_13' title="bbox 224 1269 1874 1340; baseline -0.004 -10"><span class='ocrx_word' id='word_1_73' title='bbox 224 1277 330 1340; x_wconf 88' lang='lat' dir='ltr'><strong>ret,</strong></span> <span class='ocrx_word' id='word_1_74' title='bbox 364 1289 478 1328; x_wconf 92' lang='lat' dir='ltr'><strong>non</strong></span> <span class='ocrx_word' id='word_1_75' title='bbox 527 1275 723 1327; x_wconf 91' lang='lat' dir='ltr'><strong>tamen</strong></span> <span class='ocrx_word' id='word_1_76' title='bbox 758 1271 1004 1326; x_wconf 82' lang='lat' dir='ltr'><strong>obscure</strong></span> <span class='ocrx_word' id='word_1_77' title='bbox 1035 1270 1273 1326; x_wconf 88' lang='lat' dir='ltr'><strong>ferebat.</strong></span> <span class='ocrx_word' id='word_1_78' title='bbox 1305 1271 1492 1326; x_wconf 88' lang='lat' dir='ltr'><strong>Tanta</strong></span> <span class='ocrx_word' id='word_1_79' title='bbox 1528 1270 1686 1325; x_wconf 94' lang='lat' dir='ltr'><strong>enim</strong></span> <span class='ocrx_word' id='word_1_80' title='bbox 1717 1269 1774 1324; x_wconf 91' lang='lat' dir='ltr'><strong>in</strong></span> <span class='ocrx_word' id='word_1_81' title='bbox 1808 1286 1874 1324; x_wconf 89' lang='lat' dir='ltr'><strong>eo</strong></span> 
     </span>
    </p>
   </div>
   <div class='ocr_carea' id='block_1_14' title="bbox 223 1360 1874 1433">
    <p class='ocr_par' dir='ltr' id='par_1_14' title="bbox 223 1360 1874 1433">
     <span class='ocr_line' id='line_1_14' title="bbox 223 1360 1874 1433; baseline -0.004 -15"><span class='ocrx_word' id='word_1_82' title='bbox 223 1361 436 1418; x_wconf 85' lang='lat' dir='ltr'><strong>furoris</strong></span> <span class='ocrx_word' id='word_1_83' title='bbox 468 1361 810 1433; x_wconf 84' lang='lat' dir='ltr'><strong>magnitudo</strong></span> <span class='ocrx_word' id='word_1_84' title='bbox 841 1364 986 1426; x_wconf 86' lang='lat' dir='ltr'><strong>erat,</strong></span> <span class='ocrx_word' id='word_1_85' title='bbox 1019 1363 1084 1415; x_wconf 89' lang='lat' dir='ltr'><strong>ut</strong></span> <span class='ocrx_word' id='word_1_86' title='bbox 1113 1361 1265 1431; x_wconf 90' lang='lat' dir='ltr'><strong>apud</strong></span> <span class='ocrx_word' id='word_1_87' title='bbox 1300 1360 1538 1431; x_wconf 82' lang='lat' dir='ltr'><strong>quosvis</strong></span> <span class='ocrx_word' id='word_1_88' title='bbox 1588 1360 1644 1414; x_wconf 91' lang='lat' dir='ltr'><strong>id</strong></span> <span class='ocrx_word' id='word_1_89' title='bbox 1697 1360 1874 1414; x_wconf 79' lang='lat' dir='ltr'><strong>conii-</strong></span> 
     </span>
    </p>
   </div>
   <div class='ocr_carea' id='block_1_15' title="bbox 225 1448 1878 1522">
    <p class='ocr_par' dir='ltr' id='par_1_15' title="bbox 225 1448 1878 1522">
     <span class='ocr_line' id='line_1_15' title="bbox 225 1448 1878 1522; baseline -0.003 -15"><span class='ocrx_word' id='word_1_90' title='bbox 225 1450 333 1508; x_wconf 84' lang='lat' dir='ltr'><strong>teri</strong></span> <span class='ocrx_word' id='word_1_91' title='bbox 365 1466 670 1522; x_wconf 84' lang='lat' dir='ltr'><strong>nunquam</strong></span> <span class='ocrx_word' id='word_1_92' title='bbox 705 1450 1016 1505; x_wconf 81' lang='lat' dir='ltr'><strong>desineret.</strong></span> <span class='ocrx_word' id='word_1_93' title='bbox 1043 1456 1119 1505; x_wconf 83' lang='lat' dir='ltr'><strong>Ac</strong></span> <span class='ocrx_word' id='word_1_94' title='bbox 1145 1467 1216 1504; x_wconf 91' lang='lat' dir='ltr'><strong>ne</strong></span> <span class='ocrx_word' id='word_1_95' title='bbox 1247 1450 1356 1504; x_wconf 90' lang='lat' dir='ltr'><strong>hoc</strong></span> <span class='ocrx_word' id='word_1_96' title='bbox 1387 1449 1625 1520; x_wconf 89' lang='lat' dir='ltr'><strong>quidem</strong></span> <span class='ocrx_word' id='word_1_97' title='bbox 1659 1448 1878 1519; x_wconf 90' lang='lat' dir='ltr'><strong>perspi-</strong></span> 
     </span>
    </p>
   </div>
   <div class='ocr_carea' id='block_1_16' title="bbox 224 1537 1876 1610">
    <p class='ocr_par' dir='ltr' id='par_1_16' title="bbox 224 1537 1876 1610">
     <span class='ocr_line' id='line_1_16' title="bbox 224 1537 1876 1610; baseline -0.004 -14"><span class='ocrx_word' id='word_1_98' title='bbox 224 1541 414 1597; x_wconf 82' lang='lat' dir='ltr'><strong>ciebat</strong></span> <span class='ocrx_word' id='word_1_99' title='bbox 440 1540 529 1595; x_wconf 90' lang='lat' dir='ltr'><strong>vir</strong></span> <span class='ocrx_word' id='word_1_100' title='bbox 569 1538 834 1595; x_wconf 89' lang='lat' dir='ltr'><strong>omnium</strong></span> <span class='ocrx_word' id='word_1_101' title='bbox 878 1539 1324 1610; x_wconf 83' lang='lat' dir='ltr'><strong>sagacissimus,</strong></span> <span class='ocrx_word' id='word_1_102' title='bbox 1357 1539 1736 1609; x_wconf 83' lang='lat' dir='ltr'><strong>Optimusque</strong></span> <span class='ocrx_word' id='word_1_103' title='bbox 1767 1537 1876 1592; x_wconf 90' lang='lat' dir='ltr'><strong>rei-</strong></span> 
     </span>
    </p>
   </div>
   <div class='ocr_carea' id='block_1_17' title="bbox 223 1627 1876 1702">
    <p class='ocr_par' dir='ltr' id='par_1_17' title="bbox 223 1627 1876 1702">
     <span class='ocr_line' id='line_1_17' title="bbox 223 1627 1876 1702; baseline -0.002 -18"><span class='ocrx_word' id='word_1_104' title='bbox 223 1629 470 1702; x_wconf 72' lang='lat' dir='ltr'><strong>publicae</strong></span> <span class='ocrx_word' id='word_1_105' title='bbox 501 1629 768 1695; x_wconf 81' lang='lat' dir='ltr'><strong>antistes,</strong></span> <span class='ocrx_word' id='word_1_106' title='bbox 801 1629 956 1699; x_wconf 91' lang='lat' dir='ltr'><strong>quod</strong></span> <span class='ocrx_word' id='word_1_107' title='bbox 993 1627 1286 1699; x_wconf 81' lang='lat' dir='ltr'><strong>prioribus</strong></span> <span class='ocrx_word' id='word_1_108' title='bbox 1319 1627 1554 1698; x_wconf 87' lang='lat' dir='ltr'><strong>quidem</strong></span> <span class='ocrx_word' id='word_1_109' title='bbox 1607 1643 1876 1697; x_wconf 89' lang='lat' dir='ltr'><strong>persecu-</strong></span> 
     </span>
    </p>
   </div>
   <div class='ocr_carea' id='block_1_18' title="bbox 221 1715 1878 1788">
    <p class='ocr_par' dir='ltr' id='par_1_18' title="bbox 221 1715 1878 1788">
     <span class='ocr_line' id='line_1_18' title="bbox 221 1715 1878 1788; baseline -0.002 -14"><span class='ocrx_word' id='word_1_110' title='bbox 221 1718 484 1774; x_wconf 87' lang='lat' dir='ltr'><strong>tionibus</strong></span> <span class='ocrx_word' id='word_1_111' title='bbox 513 1717 730 1773; x_wconf 90' lang='lat' dir='ltr'><strong>idcirco</strong></span> <span class='ocrx_word' id='word_1_112' title='bbox 762 1734 938 1788; x_wconf 83' lang='lat' dir='ltr'><strong>parva</strong></span> <span class='ocrx_word' id='word_1_113' title='bbox 980 1716 1338 1788; x_wconf 88' lang='lat' dir='ltr'><strong>perturbatio</strong></span> <span class='ocrx_word' id='word_1_114' title='bbox 1369 1721 1425 1771; x_wconf 87' lang='lat' dir='ltr'><strong>et</strong></span> <span class='ocrx_word' id='word_1_115' title='bbox 1455 1715 1757 1771; x_wconf 84' lang='lat' dir='ltr'><strong>convulsio</strong></span> <span class='ocrx_word' id='word_1_116' title='bbox 1789 1732 1878 1770; x_wconf 90' lang='lat' dir='ltr'><strong>se-</strong></span> 
     </span>
    </p>
   </div>
   <div class='ocr_carea' id='block_1_19' title="bbox 225 1803 1878 1880">
    <p class='ocr_par' dir='ltr' id='par_1_19' title="bbox 225 1803 1878 1880">
     <span class='ocr_line' id='line_1_19' title="bbox 225 1803 1878 1880; baseline -0.003 -17"><span class='ocrx_word' id='word_1_117' title='bbox 225 1808 535 1880; x_wconf 86' lang='lat' dir='ltr'><strong>quebatur,</strong></span> <span class='ocrx_word' id='word_1_118' title='bbox 562 1807 702 1879; x_wconf 88' lang='lat' dir='ltr'><strong>quia</strong></span> <span class='ocrx_word' id='word_1_119' title='bbox 731 1807 994 1861; x_wconf 89' lang='lat' dir='ltr'><strong>nondum</strong></span> <span class='ocrx_word' id='word_1_120' title='bbox 1019 1806 1234 1878; x_wconf 87' lang='lat' dir='ltr'><strong>dogma</strong></span> <span class='ocrx_word' id='word_1_121' title='bbox 1264 1810 1531 1861; x_wconf 90' lang='lat' dir='ltr'><strong>nostrum</strong></span> <span class='ocrx_word' id='word_1_122' title='bbox 1557 1806 1626 1859; x_wconf 91' lang='lat' dir='ltr'><strong>ad</strong></span> <span class='ocrx_word' id='word_1_123' title='bbox 1663 1803 1878 1859; x_wconf 87' lang='lat' dir='ltr'><strong>multos</strong></span> 
     </span>
    </p>
   </div>
   <div class='ocr_carea' id='block_1_20' title="bbox 1983 640 3656 718">
    <p class='ocr_par' dir='ltr' id='par_1_20' title="bbox 1983 640 3656 718">
     <span class='ocr_line' id='line_1_20' title="bbox 1983 640 3656 718; baseline 0.002 -24"><span class='ocrx_word' id='word_1_124' title='bbox 1983 640 2071 694; x_wconf 82' lang='grc' dir='ltr'><strong>καὶ</strong></span> <span class='ocrx_word' id='word_1_125' title='bbox 2132 640 2329 716; x_wconf 85' lang='grc' dir='ltr'>Πέρσαι</span> <span class='ocrx_word' id='word_1_126' title='bbox 2388 647 2466 714; x_wconf 77' lang='grc' dir='ltr'>τῷ</span> <span class='ocrx_word' id='word_1_127' title='bbox 2540 642 2775 715; x_wconf 81' lang='grc' dir='ltr'>πολέμῳ</span> <span class='ocrx_word' id='word_1_128' title='bbox 2851 647 3130 718; x_wconf 75' lang='grc' dir='ltr'><strong>καρτερῶς</strong></span> <span class='ocrx_word' id='word_1_129' title='bbox 3197 641 3601 718; x_wconf 71' lang='grc' dir='ltr'>παραμένοντες</span> <span class='ocrx_word' id='word_1_130' title='bbox 3639 664 3656 677; x_wconf 90' lang='grc'><strong>·</strong></span> 
     </span>
    </p>
   </div>
   <div class='ocr_carea' id='block_1_21' title="bbox 1985 731 3656 810">
    <p class='ocr_par' dir='ltr' id='par_1_21' title="bbox 1985 731 3656 810">
     <span class='ocr_line' id='line_1_21' title="bbox 1985 731 3656 810; baseline 0.004 -26"><span class='ocrx_word' id='word_1_131' title='bbox 1985 732 2127 786; x_wconf 71' lang='grc' dir='ltr'>οὕτω</span> <span class='ocrx_word' id='word_1_132' title='bbox 2337 731 2393 788; x_wconf 75' lang='grc' dir='ltr'>δὲ</span> <span class='ocrx_word' id='word_1_133' title='bbox 2441 734 2501 786; x_wconf 83' lang='grc' dir='ltr'>τὸ</span> <span class='ocrx_word' id='word_1_134' title='bbox 2550 733 2816 808; x_wconf 79' lang='grc' dir='ltr'>ἡμέτερον</span> <span class='ocrx_word' id='word_1_135' title='bbox 2873 739 3058 806; x_wconf 82' lang='grc' dir='ltr'>μεῖζον</span> <span class='ocrx_word' id='word_1_136' title='bbox 3085 735 3196 806; x_wconf 86' lang='grc'>(56)</span> <span class='ocrx_word' id='word_1_137' title='bbox 3227 733 3316 788; x_wconf 81' lang='grc' dir='ltr'><strong>καὶ</strong></span> <span class='ocrx_word' id='word_1_138' title='bbox 3347 755 3656 810; x_wconf 83' lang='grc' dir='ltr'>περισπου-</span> 
     </span>
    </p>
   </div>
   <div class='ocr_carea' id='block_1_22' title="bbox 1985 818 3655 897">
    <p class='ocr_par' dir='ltr' id='par_1_22' title="bbox 1985 818 3655 897">
     <span class='ocr_line' id='line_1_22' title="bbox 1985 818 3655 897; baseline 0.002 -23"><span class='ocrx_word' id='word_1_139' title='bbox 1985 818 2303 897; x_wconf 84' lang='grc' dir='ltr'>δαστότερον</span> <span class='ocrx_word' id='word_1_140' title='bbox 2357 826 2492 896; x_wconf 88' lang='grc'>(57),</span> <span class='ocrx_word' id='word_1_141' title='bbox 2553 823 2692 878; x_wconf 76' lang='grc' dir='ltr'>ὣστε</span> <span class='ocrx_word' id='word_1_142' title='bbox 2753 823 2924 897; x_wconf 78' lang='grc' dir='ltr'>λῆρον</span> <span class='ocrx_word' id='word_1_143' title='bbox 2984 823 3074 877; x_wconf 85' lang='grc' dir='ltr'><strong>καὶ</strong></span> <span class='ocrx_word' id='word_1_144' title='bbox 3122 820 3338 878; x_wconf 73' lang='grc' dir='ltr'>παιδιὰν</span> <span class='ocrx_word' id='word_1_145' title='bbox 3389 823 3535 896; x_wconf 75' lang='grc' dir='ltr'>αὐτῷ</span> <span class='ocrx_word' id='word_1_146' title='bbox 3584 825 3655 878; x_wconf 81' lang='grc' dir='ltr'>τὸ</span> 
     </span>
    </p>
   </div>
   <div class='ocr_carea' id='block_1_23' title="bbox 1983 911 3659 989">
    <p class='ocr_par' dir='ltr' id='par_1_23' title="bbox 1983 911 3659 989">
     <span class='ocr_line' id='line_1_23' title="bbox 1983 911 3659 989; baseline 0.004 -25"><span class='ocrx_word' id='word_1_147' title='bbox 1983 911 2118 965; x_wconf 71' lang='grc' dir='ltr'>κατὰ</span> <span class='ocrx_word' id='word_1_148' title='bbox 2151 913 2354 986; x_wconf 78' lang='grc' dir='ltr'>Πέρσας</span> <span class='ocrx_word' id='word_1_149' title='bbox 2385 911 2721 985; x_wconf 84' lang='grc' dir='ltr'>νομίζεσθαι.</span> <span class='ocrx_word' id='word_1_150' title='bbox 2776 912 2877 968; x_wconf 85' lang='grc' dir='ltr'>Καὶ</span> <span class='ocrx_word' id='word_1_151' title='bbox 2930 917 3091 966; x_wconf 70' lang='grc' dir='ltr'>τοῦτο</span> <span class='ocrx_word' id='word_1_152' title='bbox 3138 913 3237 966; x_wconf 79' lang='grc' dir='ltr'><strong>οὐκ</strong></span> <span class='ocrx_word' id='word_1_153' title='bbox 3267 912 3501 989; x_wconf 70' lang='grc' dir='ltr'>ἐκφαίνει</span> <span class='ocrx_word' id='word_1_154' title='bbox 3531 915 3659 984; x_wconf 79' lang='grc'>(58)</span> 
     </span>
    </p>
   </div>
   <div class='ocr_carea' id='block_1_24' title="bbox 1991 999 3650 1077">
    <p class='ocr_par' dir='ltr' id='par_1_24' title="bbox 1991 999 3650 1077">
     <span class='ocr_line' id='line_1_24' title="bbox 1991 999 3650 1077; baseline 0 -23"><span class='ocrx_word' id='word_1_155' title='bbox 1991 1000 2106 1072; x_wconf 72' lang='grc' dir='ltr'>μὲν,</span> <span class='ocrx_word' id='word_1_156' title='bbox 2141 1001 2240 1054; x_wconf 84' lang='grc' dir='ltr'><strong>οὐκ</strong></span> <span class='ocrx_word' id='word_1_157' title='bbox 2269 1001 2492 1074; x_wconf 79' lang='grc' dir='ltr'>κρύπτει</span> <span class='ocrx_word' id='word_1_158' title='bbox 2525 999 2581 1055; x_wconf 81' lang='grc' dir='ltr'><strong>δέ</strong></span> <span class='ocrx_word' id='word_1_159' title='bbox 2606 1019 2617 1032; x_wconf 75' lang='grc'><strong><em>⁸</em></strong></span> <span class='ocrx_word' id='word_1_160' title='bbox 2656 1000 2801 1055; x_wconf 81' lang='grc' dir='ltr'>ἀλλὰ</span> <span class='ocrx_word' id='word_1_161' title='bbox 2820 1007 3076 1056; x_wconf 73' lang='grc' dir='ltr'>τοσοῦτον</span> <span class='ocrx_word' id='word_1_162' title='bbox 3111 1004 3175 1069; x_wconf 74' lang='grc' dir='ltr'>ἦν</span> <span class='ocrx_word' id='word_1_163' title='bbox 3210 1001 3354 1073; x_wconf 79' lang='grc' dir='ltr'>αὐτῷ</span> <span class='ocrx_word' id='word_1_164' title='bbox 3375 1002 3437 1055; x_wconf 86' lang='grc' dir='ltr'>τὸ</span> <span class='ocrx_word' id='word_1_165' title='bbox 3458 1002 3650 1077; x_wconf 87' lang='grc' dir='ltr'>περιὸν</span> 
     </span>
    </p>
   </div>
   <div class='ocr_carea' id='block_1_25' title="bbox 1985 1089 3658 1167">
    <p class='ocr_par' dir='ltr' id='par_1_25' title="bbox 1985 1089 3658 1167">
     <span class='ocr_line' id='line_1_25' title="bbox 1985 1089 3658 1167; baseline 0.002 -25"><span class='ocrx_word' id='word_1_166' title='bbox 1985 1097 2084 1158; x_wconf 78' lang='grc' dir='ltr'>τῆς</span> <span class='ocrx_word' id='word_1_167' title='bbox 2119 1089 2334 1161; x_wconf 77' lang='grc' dir='ltr'>μανίας,</span> <span class='ocrx_word' id='word_1_168' title='bbox 2389 1090 2525 1145; x_wconf 82' lang='grc' dir='ltr'>ὥστε</span> <span class='ocrx_word' id='word_1_169' title='bbox 2573 1090 2652 1145; x_wconf 83' lang='grc' dir='ltr'>ἀεὶ</span> <span class='ocrx_word' id='word_1_170' title='bbox 2700 1091 2789 1144; x_wconf 81' lang='grc' dir='ltr'><strong>καὶ</strong></span> <span class='ocrx_word' id='word_1_171' title='bbox 2820 1092 2957 1167; x_wconf 83' lang='grc' dir='ltr'>πρὸς</span> <span class='ocrx_word' id='word_1_172' title='bbox 2991 1092 3194 1153; x_wconf 72' lang='grc' dir='ltr'>πάντας</span> <span class='ocrx_word' id='word_1_173' title='bbox 3219 1089 3513 1167; x_wconf 85' lang='grc' dir='ltr'>ὁμολογῶν</span> <span class='ocrx_word' id='word_1_174' title='bbox 3547 1091 3658 1146; x_wconf 77' lang='grc' dir='ltr'><strong>οὐκ</strong></span> 
     </span>
    </p>
   </div>
   <div class='ocr_carea' id='block_1_26' title="bbox 1987 1178 3649 1236">
    <p class='ocr_par' dir='ltr' id='par_1_26' title="bbox 1987 1178 3649 1236">
     <span class='ocr_line' id='line_1_26' title="bbox 1987 1178 3649 1236; baseline 0.002 -4"><span class='ocrx_word' id='word_1_175' title='bbox 1987 1178 2233 1236; x_wconf 83' lang='grc' dir='ltr'>ἐπαύετο.</span> <span class='ocrx_word' id='word_1_176' title='bbox 2294 1181 2401 1235; x_wconf 87' lang='grc' dir='ltr'>Καὶ</span> <span class='ocrx_word' id='word_1_177' title='bbox 2459 1178 2584 1234; x_wconf 73' lang='grc' dir='ltr'>οὐδὲ</span> <span class='ocrx_word' id='word_1_178' title='bbox 2639 1185 2801 1234; x_wconf 71' lang='grc' dir='ltr'>τοῦτο</span> <span class='ocrx_word' id='word_1_179' title='bbox 2851 1178 3095 1235; x_wconf 79' lang='grc' dir='ltr'>’συνεῖδεν</span> <span class='ocrx_word' id='word_1_180' title='bbox 3153 1182 3182 1235; x_wconf 80' lang='grc' dir='ltr'>ὁ</span> <span class='ocrx_word' id='word_1_181' title='bbox 3238 1181 3451 1236; x_wconf 82' lang='grc' dir='ltr'>πάντων</span> <span class='ocrx_word' id='word_1_182' title='bbox 3519 1202 3649 1236; x_wconf 86' lang='grc' dir='ltr'>συν-</span> 
     </span>
    </p>
   </div>
   <div class='ocr_carea' id='block_1_27' title="bbox 1988 1270 3654 1345">
    <p class='ocr_par' dir='ltr' id='par_1_27' title="bbox 1988 1270 3654 1345">
     <span class='ocr_line' id='line_1_27' title="bbox 1988 1270 3654 1345; baseline 0.002 -23"><span class='ocrx_word' id='word_1_183' title='bbox 1988 1270 2255 1330; x_wconf 86' lang='grc' dir='ltr'>ετώτατος</span> <span class='ocrx_word' id='word_1_184' title='bbox 2321 1270 2410 1324; x_wconf 80' lang='grc' dir='ltr'><strong>καὶ</strong></span> <span class='ocrx_word' id='word_1_185' title='bbox 2469 1271 2687 1344; x_wconf 81' lang='grc' dir='ltr'>ἄριστος</span> <span class='ocrx_word' id='word_1_186' title='bbox 2752 1273 2849 1324; x_wconf 71' lang='grc' dir='ltr'>τοῦ</span> <span class='ocrx_word' id='word_1_187' title='bbox 2905 1274 3092 1325; x_wconf 77' lang='grc' dir='ltr'>κοινοῦ</span> <span class='ocrx_word' id='word_1_188' title='bbox 3161 1271 3492 1345; x_wconf 78' lang='grc' dir='ltr'><strong>προστάτης,</strong></span> <span class='ocrx_word' id='word_1_189' title='bbox 3565 1270 3654 1326; x_wconf 79' lang='grc' dir='ltr'><strong>ὅτι</strong></span> 
     </span>
    </p>
   </div>
   <div class='ocr_carea' id='block_1_28' title="bbox 1987 1356 3653 1435">
    <p class='ocr_par' dir='ltr' id='par_1_28' title="bbox 1987 1356 3653 1435">
     <span class='ocr_line' id='line_1_28' title="bbox 1987 1356 3653 1435; baseline 0.003 -25"><span class='ocrx_word' id='word_1_190' title='bbox 1987 1363 2101 1418; x_wconf 88' lang='grc' dir='ltr'>τοῖς</span> <span class='ocrx_word' id='word_1_191' title='bbox 2137 1358 2230 1429; x_wconf 70' lang='grc' dir='ltr'>μὲν</span> <span class='ocrx_word' id='word_1_192' title='bbox 2259 1358 2548 1432; x_wconf 74' lang='grc' dir='ltr'>προτέροις</span> <span class='ocrx_word' id='word_1_193' title='bbox 2581 1356 2852 1432; x_wconf 80' lang='grc' dir='ltr'>διωγμοῖς</span> <span class='ocrx_word' id='word_1_194' title='bbox 2887 1357 3076 1433; x_wconf 84' lang='grc' dir='ltr'>ὀλίγον</span> <span class='ocrx_word' id='word_1_195' title='bbox 3117 1360 3183 1428; x_wconf 75' lang='grc' dir='ltr'>ἦν</span> <span class='ocrx_word' id='word_1_196' title='bbox 3230 1360 3293 1414; x_wconf 89' lang='grc' dir='ltr'>τὸ</span> <span class='ocrx_word' id='word_1_197' title='bbox 3341 1359 3653 1435; x_wconf 82' lang='grc' dir='ltr'>συγχεόμε-</span> 
     </span>
    </p>
   </div>
   <div class='ocr_carea' id='block_1_29' title="bbox 1986 1446 3657 1524">
    <p class='ocr_par' dir='ltr' id='par_1_29' title="bbox 1986 1446 3657 1524">
     <span class='ocr_line' id='line_1_29' title="bbox 1986 1446 3657 1524; baseline 0.003 -25"><span class='ocrx_word' id='word_1_198' title='bbox 1986 1466 2074 1499; x_wconf 91' lang='grc' dir='ltr'><strong>νον</strong></span> <span class='ocrx_word' id='word_1_199' title='bbox 2107 1446 2194 1501; x_wconf 84' lang='grc' dir='ltr'><strong>καὶ</strong></span> <span class='ocrx_word' id='word_1_200' title='bbox 2245 1447 2729 1520; x_wconf 83' lang='grc' dir='ltr'>παρακινούμενον,</span> <span class='ocrx_word' id='word_1_201' title='bbox 2785 1447 2937 1503; x_wconf 76' lang='grc' dir='ltr'>οῧπω</span> <span class='ocrx_word' id='word_1_202' title='bbox 2982 1453 3081 1503; x_wconf 73' lang='grc' dir='ltr'><strong>τοῦ</strong></span> <span class='ocrx_word' id='word_1_203' title='bbox 3112 1450 3231 1503; x_wconf 84' lang='grc' dir='ltr'>καθ’</span> <span class='ocrx_word' id='word_1_204' title='bbox 3260 1452 3408 1522; x_wconf 79' lang='grc' dir='ltr'>ἡμᾶς</span> <span class='ocrx_word' id='word_1_205' title='bbox 3443 1447 3657 1524; x_wconf 84' lang='grc' dir='ltr'>δόγμα-</span> 
     </span>
    </p>
   </div>
   <div class='ocr_carea' id='block_1_30' title="bbox 1987 1534 3656 1614">
    <p class='ocr_par' dir='ltr' id='par_1_30' title="bbox 1987 1534 3656 1614">
     <span class='ocr_line' id='line_1_30' title="bbox 1987 1534 3656 1614; baseline 0.002 -25"><span class='ocrx_word' id='word_1_206' title='bbox 1987 1556 2077 1597; x_wconf 89' lang='grc' dir='ltr'><strong>τος</strong></span> <span class='ocrx_word' id='word_1_207' title='bbox 2111 1534 2202 1590; x_wconf 77' lang='grc' dir='ltr'>ἐπὶ</span> <span class='ocrx_word' id='word_1_208' title='bbox 2256 1534 2502 1598; x_wconf 80' lang='grc' dir='ltr'>πολλοὺς</span> <span class='ocrx_word' id='word_1_209' title='bbox 2551 1539 2664 1610; x_wconf 80' lang='grc'>(59)</span> <span class='ocrx_word' id='word_1_210' title='bbox 2713 1535 3032 1613; x_wconf 77' lang='grc' dir='ltr'>φθάσαντος,</span> <span class='ocrx_word' id='word_1_211' title='bbox 3089 1535 3216 1592; x_wconf 81' lang='grc' dir='ltr'>ἀλλ’</span> <span class='ocrx_word' id='word_1_212' title='bbox 3246 1536 3319 1592; x_wconf 82' lang='grc' dir='ltr'><strong>ἔτ’</strong></span> <span class='ocrx_word' id='word_1_213' title='bbox 3351 1538 3402 1593; x_wconf 77' lang='grc' dir='ltr'>ἐν</span> <span class='ocrx_word' id='word_1_214' title='bbox 3439 1537 3656 1614; x_wconf 82' lang='grc' dir='ltr'>ὀλίγοις</span> 
     </span>
    </p>
   </div>
   <div class='ocr_carea' id='block_1_31' title="bbox 1988 1624 3654 1702">
    <p class='ocr_par' dir='ltr' id='par_1_31' title="bbox 1988 1624 3654 1702">
     <span class='ocr_line' id='line_1_31' title="bbox 1988 1624 3654 1702; baseline 0.002 -24"><span class='ocrx_word' id='word_1_215' title='bbox 1988 1625 2282 1697; x_wconf 72' lang='grc' dir='ltr'>ἱσταμένης</span> <span class='ocrx_word' id='word_1_216' title='bbox 2330 1633 2429 1696; x_wconf 77' lang='grc' dir='ltr'>τῆς</span> <span class='ocrx_word' id='word_1_217' title='bbox 2477 1625 2758 1695; x_wconf 82' lang='grc' dir='ltr'>ἀληθείας,</span> <span class='ocrx_word' id='word_1_218' title='bbox 2821 1627 2911 1680; x_wconf 90' lang='grc' dir='ltr'><strong>καὶ</strong></span> <span class='ocrx_word' id='word_1_219' title='bbox 2971 1624 3236 1700; x_wconf 85' lang='grc' dir='ltr'>δεομένης</span> <span class='ocrx_word' id='word_1_220' title='bbox 3289 1625 3654 1702; x_wconf 76' lang='grc' dir='ltr'>έκλάμψεωςο</span> 
     </span>
    </p>
   </div>
   <div class='ocr_carea' id='block_1_32' title="bbox 1987 1712 3657 1790">
    <p class='ocr_par' dir='ltr' id='par_1_32' title="bbox 1987 1712 3657 1790">
     <span class='ocr_line' id='line_1_32' title="bbox 1987 1712 3657 1790; baseline 0.002 -22"><span class='ocrx_word' id='word_1_221' title='bbox 1987 1719 2078 1767; x_wconf 78' lang='grc' dir='ltr'><strong>νῦν</strong></span> <span class='ocrx_word' id='word_1_222' title='bbox 2131 1712 2187 1769; x_wconf 74' lang='grc' dir='ltr'>δὲ</span> <span class='ocrx_word' id='word_1_223' title='bbox 2236 1712 2345 1785; x_wconf 73' lang='grc' dir='ltr'><strong>ἤδη</strong></span> <span class='ocrx_word' id='word_1_224' title='bbox 2395 1719 2492 1769; x_wconf 78' lang='grc' dir='ltr'>τοῦ</span> <span class='ocrx_word' id='word_1_225' title='bbox 2545 1715 2818 1790; x_wconf 81' lang='grc' dir='ltr'>σωτηρίου</span> <span class='ocrx_word' id='word_1_226' title='bbox 2869 1713 3043 1790; x_wconf 86' lang='grc' dir='ltr'>λόγου</span> <span class='ocrx_word' id='word_1_227' title='bbox 3089 1716 3345 1790; x_wconf 82' lang='grc' dir='ltr'>χεθέντος</span> <span class='ocrx_word' id='word_1_228' title='bbox 3374 1719 3510 1789; x_wconf 86' lang='grc'>(60),</span> <span class='ocrx_word' id='word_1_229' title='bbox 3562 1718 3657 1772; x_wconf 85' lang='grc' dir='ltr'><strong>καὶ</strong></span> 
     </span>
    </p>
   </div>
   <div class='ocr_carea' id='block_1_33' title="bbox 1989 1802 3663 1880">
    <p class='ocr_par' dir='ltr' id='par_1_33' title="bbox 1989 1802 3663 1880">
     <span class='ocr_line' id='line_1_33' title="bbox 1989 1802 3663 1880; baseline 0.003 -23"><span class='ocrx_word' id='word_1_230' title='bbox 1989 1802 2111 1874; x_wconf 83' lang='grc' dir='ltr'>περὶ</span> <span class='ocrx_word' id='word_1_231' title='bbox 2144 1805 2292 1876; x_wconf 75' lang='grc' dir='ltr'>ἡμᾶς</span> <span class='ocrx_word' id='word_1_232' title='bbox 2330 1803 2568 1876; x_wconf 77' lang='grc' dir='ltr'>μάλιστα</span> <span class='ocrx_word' id='word_1_233' title='bbox 2613 1802 3084 1876; x_wconf 84' lang='grc' dir='ltr'>δυναστεύσαντος,</span> <span class='ocrx_word' id='word_1_234' title='bbox 3143 1806 3206 1861; x_wconf 85' lang='grc' dir='ltr'><strong>τὸ</strong></span> <span class='ocrx_word' id='word_1_235' title='bbox 3255 1812 3538 1880; x_wconf 76' lang='grc' dir='ltr'>πειρᾶσθαι</span> <span class='ocrx_word' id='word_1_236' title='bbox 3592 1809 3663 1862; x_wconf 78' lang='grc' dir='ltr'>τὰ</span> 
     </span>
    </p>
   </div>
   <div class='ocr_carea' id='block_1_34' title="bbox 227 1893 1889 1992">
    <p class='ocr_par' dir='ltr' id='par_1_34' title="bbox 227 1894 1878 1968">
     <span class='ocr_line' id='line_1_34' title="bbox 227 1894 1878 1968; baseline -0.002 -16"><span class='ocrx_word' id='word_1_237' title='bbox 227 1901 617 1968; x_wconf 80' lang='lat' dir='ltr'><strong>propagatum</strong></span> <span class='ocrx_word' id='word_1_238' title='bbox 647 1899 792 1961; x_wconf 87' lang='lat' dir='ltr'><strong>erat,</strong></span> <span class='ocrx_word' id='word_1_239' title='bbox 825 1896 926 1950; x_wconf 89' lang='lat' dir='ltr'><strong>sed</strong></span> <span class='ocrx_word' id='word_1_240' title='bbox 976 1895 1038 1949; x_wconf 88' lang='lat' dir='ltr'><strong>in</strong></span> <span class='ocrx_word' id='word_1_241' title='bbox 1078 1895 1282 1966; x_wconf 86' lang='lat' dir='ltr'><strong>paucis</strong></span> <span class='ocrx_word' id='word_1_242' title='bbox 1314 1894 1505 1949; x_wconf 91' lang='lat' dir='ltr'><strong>adhuc</strong></span> <span class='ocrx_word' id='word_1_243' title='bbox 1535 1894 1878 1949; x_wconf 90' lang='lat' dir='ltr'><strong>hominibus</strong></span> 
     </span>
    </p>
   </div>
   <div class='ocr_carea' id='block_1_35' title="bbox 2011 1893 3652 1992">
    <p class='ocr_par' dir='ltr' id='par_1_35' title="bbox 2011 1893 3652 1969">
     <span class='ocr_line' id='line_1_35' title="bbox 2011 1893 3652 1969; baseline 0.001 -20"><span class='ocrx_word' id='word_1_244' title='bbox 2011 1895 2325 1966; x_wconf 68' lang='grc' dir='ltr'>(ριστιανῶν</span> <span class='ocrx_word' id='word_1_245' title='bbox 2383 1893 2719 1966; x_wconf 69' lang='grc' dir='ltr'>μετατιθέναι</span> <span class='ocrx_word' id='word_1_246' title='bbox 2782 1893 2870 1948; x_wconf 73' lang='grc' dir='ltr'><strong>καὶ</strong></span> <span class='ocrx_word' id='word_1_247' title='bbox 2930 1901 3262 1969; x_wconf 79' lang='grc' dir='ltr'>παρακινεῖν,</span> <span class='ocrx_word' id='word_1_248' title='bbox 3325 1893 3478 1951; x_wconf 73' lang='grc' dir='ltr'>οὐδὲν</span> <span class='ocrx_word' id='word_1_249' title='bbox 3534 1893 3652 1951; x_wconf 64' lang='grc' dir='ltr'>ἓτε-</span> 
     </span>
    </p>
   </div>
   <div class='ocr_carea' id='block_1_36' title="bbox 225 1983 1878 2056">
    <p class='ocr_par' dir='ltr' id='par_1_36' title="bbox 225 1983 1878 2056">
     <span class='ocr_line' id='line_1_36' title="bbox 225 1983 1878 2056; baseline -0.001 -17"><span class='ocrx_word' id='word_1_250' title='bbox 225 1985 440 2040; x_wconf 86' lang='lat' dir='ltr'><strong>veritas</strong></span> <span class='ocrx_word' id='word_1_251' title='bbox 467 1984 741 2049; x_wconf 67' lang='lat' dir='ltr'><strong>haerebat,</strong></span> <span class='ocrx_word' id='word_1_252' title='bbox 765 1983 1258 2056; x_wconf 86' lang='lat' dir='ltr'><strong>splendoremque</strong></span> <span class='ocrx_word' id='word_1_253' title='bbox 1290 1983 1693 2038; x_wconf 87' lang='lat' dir='ltr'><strong>desiderabat:</strong></span> <span class='ocrx_word' id='word_1_254' title='bbox 1721 1999 1878 2037; x_wconf 87' lang='lat' dir='ltr'><strong>nunc</strong></span> 
     </span>
    </p>
   </div>
   <div class='ocr_carea' id='block_1_37' title="bbox 233 2071 1886 2143">
    <p class='ocr_par' dir='ltr' id='par_1_37' title="bbox 233 2071 1886 2143">
     <span class='ocr_line' id='line_1_37' title="bbox 233 2071 1886 2143; baseline -0.002 -13"><span class='ocrx_word' id='word_1_255' title='bbox 233 2078 430 2130; x_wconf 88' lang='lat' dir='ltr'><strong>autem</strong></span> <span class='ocrx_word' id='word_1_256' title='bbox 459 2072 701 2129; x_wconf 88' lang='lat' dir='ltr'><strong>salutari</strong></span> <span class='ocrx_word' id='word_1_257' title='bbox 727 2073 990 2128; x_wconf 88' lang='lat' dir='ltr'><strong>doctrina</strong></span> <span class='ocrx_word' id='word_1_258' title='bbox 1019 2072 1189 2143; x_wconf 85' lang='lat' dir='ltr'><strong>longe</strong></span> <span class='ocrx_word' id='word_1_259' title='bbox 1212 2071 1442 2143; x_wconf 87' lang='lat' dir='ltr'><strong>lateque</strong></span> <span class='ocrx_word' id='word_1_260' title='bbox 1466 2073 1615 2139; x_wconf 87' lang='lat' dir='ltr'><strong>fusa,</strong></span> <span class='ocrx_word' id='word_1_261' title='bbox 1649 2076 1705 2127; x_wconf 89' lang='lat' dir='ltr'><strong>et</strong></span> <span class='ocrx_word' id='word_1_262' title='bbox 1733 2071 1886 2143; x_wconf 82' lang='lat' dir='ltr'><strong>apud</strong></span> 
     </span>
    </p>
   </div>
   <div class='ocr_carea' id='block_1_38' title="bbox 231 2160 1887 2235">
    <p class='ocr_par' dir='ltr' id='par_1_38' title="bbox 231 2160 1887 2235">
     <span class='ocr_line' id='line_1_38' title="bbox 231 2160 1887 2235; baseline -0.004 -15"><span class='ocrx_word' id='word_1_263' title='bbox 231 2179 332 2220; x_wconf 87' lang='lat' dir='ltr'><strong>eos</strong></span> <span class='ocrx_word' id='word_1_264' title='bbox 375 2163 696 2235; x_wconf 71' lang='lat' dir='ltr'><strong>praesertim</strong></span> <span class='ocrx_word' id='word_1_265' title='bbox 731 2162 1091 2228; x_wconf 89' lang='lat' dir='ltr'><strong>dominante,</strong></span> <span class='ocrx_word' id='word_1_266' title='bbox 1122 2161 1461 2232; x_wconf 87' lang='lat' dir='ltr'><strong>religionem</strong></span> <span class='ocrx_word' id='word_1_267' title='bbox 1494 2160 1887 2217; x_wconf 87' lang='lat' dir='ltr'><strong>Christianam</strong></span> 
     </span>
    </p>
   </div>
   <div class='ocr_carea' id='block_1_39' title="bbox 229 2249 1888 2324">
    <p class='ocr_par' dir='ltr' id='par_1_39' title="bbox 229 2249 1888 2324">
     <span class='ocr_line' id='line_1_39' title="bbox 229 2249 1888 2324; baseline -0.002 -17"><span class='ocrx_word' id='word_1_268' title='bbox 229 2252 566 2321; x_wconf 85' lang='lat' dir='ltr'><strong>immutare,</strong></span> <span class='ocrx_word' id='word_1_269' title='bbox 601 2256 778 2324; x_wconf 89' lang='lat' dir='ltr'><strong>atque</strong></span> <span class='ocrx_word' id='word_1_270' title='bbox 809 2252 866 2306; x_wconf 92' lang='lat' dir='ltr'><strong>in</strong></span> <span class='ocrx_word' id='word_1_271' title='bbox 900 2250 1192 2307; x_wconf 90' lang='lat' dir='ltr'><strong>diversum</strong></span> <span class='ocrx_word' id='word_1_272' title='bbox 1229 2267 1458 2306; x_wconf 89' lang='lat' dir='ltr'><strong>movere</strong></span> <span class='ocrx_word' id='word_1_273' title='bbox 1497 2251 1715 2320; x_wconf 90' lang='lat' dir='ltr'><strong>conari,</strong></span> <span class='ocrx_word' id='word_1_274' title='bbox 1742 2249 1888 2304; x_wconf 88' lang='lat' dir='ltr'><strong>nihil</strong></span> 
     </span>
    </p>
   </div>
   <div class='ocr_carea' id='block_1_40' title="bbox 230 2339 1887 2412">
    <p class='ocr_par' dir='ltr' id='par_1_40' title="bbox 230 2339 1887 2412">
     <span class='ocr_line' id='line_1_40' title="bbox 230 2339 1887 2412; baseline -0.001 -16"><span class='ocrx_word' id='word_1_275' title='bbox 230 2341 391 2397; x_wconf 86' lang='lat' dir='ltr'><strong>aliud</strong></span> <span class='ocrx_word' id='word_1_276' title='bbox 418 2346 543 2397; x_wconf 87' lang='lat' dir='ltr'><strong>erat</strong></span> <span class='ocrx_word' id='word_1_277' title='bbox 572 2358 748 2412; x_wconf 89' lang='lat' dir='ltr'><strong>quam</strong></span> <span class='ocrx_word' id='word_1_278' title='bbox 773 2341 1170 2396; x_wconf 81' lang='lat' dir='ltr'><strong>Romanorum</strong></span> <span class='ocrx_word' id='word_1_279' title='bbox 1202 2340 1517 2411; x_wconf 88' lang='lat' dir='ltr'><strong>imperium</strong></span> <span class='ocrx_word' id='word_1_280' title='bbox 1541 2339 1887 2407; x_wconf 85' lang='lat' dir='ltr'><strong>convellere,</strong></span> 
     </span>
    </p>
   </div>
   <div class='ocr_carea' id='block_1_41' title="bbox 233 2429 1888 2501">
    <p class='ocr_par' dir='ltr' id='par_1_41' title="bbox 233 2429 1888 2501">
     <span class='ocr_line' id='line_1_41' title="bbox 233 2429 1888 2501; baseline -0.001 -15"><span class='ocrx_word' id='word_1_281' title='bbox 233 2447 302 2486; x_wconf 86' lang='lat' dir='ltr'><strong>ac</strong></span> <span class='ocrx_word' id='word_1_282' title='bbox 330 2432 402 2486; x_wconf 88' lang='lat' dir='ltr'><strong>de</strong></span> <span class='ocrx_word' id='word_1_283' title='bbox 432 2447 628 2486; x_wconf 87' lang='lat' dir='ltr'><strong>rerum</strong></span> <span class='ocrx_word' id='word_1_284' title='bbox 678 2447 913 2485; x_wconf 87' lang='lat' dir='ltr'><strong>summa</strong></span> <span class='ocrx_word' id='word_1_285' title='bbox 957 2429 1295 2501; x_wconf 88' lang='lat' dir='ltr'><strong>periclitari,</strong></span> <span class='ocrx_word' id='word_1_286' title='bbox 1330 2446 1533 2500; x_wconf 82' lang='lat' dir='ltr'><strong>eaque,</strong></span> <span class='ocrx_word' id='word_1_287' title='bbox 1568 2431 1784 2501; x_wconf 87' lang='lat' dir='ltr'><strong>quibus</strong></span> <span class='ocrx_word' id='word_1_288' title='bbox 1816 2445 1888 2484; x_wconf 89' lang='lat' dir='ltr'><strong>ne</strong></span> 
     </span>
    </p>
   </div>
   <div class='ocr_carea' id='block_1_42' title="bbox 230 2519 1884 2592">
    <p class='ocr_par' dir='ltr' id='par_1_42' title="bbox 230 2519 1884 2592">
     <span class='ocr_line' id='line_1_42' title="bbox 230 2519 1884 2592; baseline -0.002 -17"><span class='ocrx_word' id='word_1_289' title='bbox 230 2519 430 2576; x_wconf 86' lang='lat' dir='ltr'><strong>hostes</strong></span> <span class='ocrx_word' id='word_1_290' title='bbox 462 2519 698 2592; x_wconf 91' lang='lat' dir='ltr'><strong>quidem</strong></span> <span class='ocrx_word' id='word_1_291' title='bbox 747 2520 982 2592; x_wconf 88' lang='lat' dir='ltr'><strong>gravius</strong></span> <span class='ocrx_word' id='word_1_292' title='bbox 1015 2519 1336 2590; x_wconf 87' lang='lat' dir='ltr'><strong>quidquam</strong></span> <span class='ocrx_word' id='word_1_293' title='bbox 1371 2519 1540 2574; x_wconf 86' lang='lat' dir='ltr'><strong>nobis</strong></span> <span class='ocrx_word' id='word_1_294' title='bbox 1572 2519 1884 2590; x_wconf 88' lang='lat' dir='ltr'><strong>imprecari</strong></span> 
     </span>
    </p>
   </div>
   <div class='ocr_carea' id='block_1_43' title="bbox 233 2609 1888 2683">
    <p class='ocr_par' dir='ltr' id='par_1_43' title="bbox 233 2609 1888 2683">
     <span class='ocr_line' id='line_1_43' title="bbox 233 2609 1888 2683; baseline -0.002 -18"><span class='ocrx_word' id='word_1_295' title='bbox 233 2609 483 2683; x_wconf 86' lang='lat' dir='ltr'><strong>possint,</strong></span> <span class='ocrx_word' id='word_1_296' title='bbox 509 2627 542 2665; x_wconf 89' lang='lat' dir='ltr'><strong>a</strong></span> <span class='ocrx_word' id='word_1_297' title='bbox 568 2609 1010 2681; x_wconf 90' lang='lat' dir='ltr'><strong>nobismetipsis</strong></span> <span class='ocrx_word' id='word_1_298' title='bbox 1039 2609 1282 2680; x_wconf 88' lang='lat' dir='ltr'><strong>perpeti,</strong></span> <span class='ocrx_word' id='word_1_299' title='bbox 1308 2612 1483 2680; x_wconf 89' lang='lat' dir='ltr'><strong>atque</strong></span> <span class='ocrx_word' id='word_1_300' title='bbox 1505 2609 1574 2664; x_wconf 90' lang='lat' dir='ltr'><strong>ab</strong></span> <span class='ocrx_word' id='word_1_301' title='bbox 1600 2609 1708 2662; x_wconf 90' lang='lat' dir='ltr'><strong>hac</strong></span> <span class='ocrx_word' id='word_1_302' title='bbox 1740 2625 1888 2663; x_wconf 89' lang='lat' dir='ltr'><strong>nova</strong></span> 
     </span>
    </p>
   </div>
   <div class='ocr_carea' id='block_1_44' title="bbox 2001 1976 3662 2060">
    <p class='ocr_par' dir='ltr' id='par_1_44' title="bbox 2001 1976 3662 2060">
     <span class='ocr_line' id='line_1_44' title="bbox 2001 1976 3662 2060; baseline 0.002 -24"><span class='ocrx_word' id='word_1_303' title='bbox 2001 2004 2092 2058; x_wconf 93' lang='grc' dir='ltr'><strong>ρον</strong></span> <span class='ocrx_word' id='word_1_304' title='bbox 2143 1984 2209 2052; x_wconf 75' lang='grc' dir='ltr'>ἦν</span> <span class='ocrx_word' id='word_1_305' title='bbox 2270 1985 2303 2053; x_wconf 76' lang='grc' dir='ltr'>ἢ</span> <span class='ocrx_word' id='word_1_306' title='bbox 2364 1985 2462 2051; x_wconf 68' lang='grc' dir='ltr'><strong>τὴν</strong></span> <span class='ocrx_word' id='word_1_307' title='bbox 2512 1983 2800 2056; x_wconf 84' lang='grc' dir='ltr'>Ῥωμαίων</span> <span class='ocrx_word' id='word_1_308' title='bbox 2848 1982 3239 2060; x_wconf 89' lang='grc' dir='ltr'>παρασαλεύειν</span> <span class='ocrx_word' id='word_1_309' title='bbox 3309 1984 3511 2060; x_wconf 80' lang='grc' dir='ltr'>ἀρχὴν,</span> <span class='ocrx_word' id='word_1_310' title='bbox 3567 1976 3662 2041; x_wconf 66' lang='grc' dir='ltr'><strong>καἶ</strong></span> 
     </span>
    </p>
   </div>
   <div class='ocr_carea' id='block_1_45' title="bbox 1996 2070 3663 2145">
    <p class='ocr_par' dir='ltr' id='par_1_45' title="bbox 1996 2070 3663 2145">
     <span class='ocr_line' id='line_1_45' title="bbox 1996 2070 3663 2145; baseline 0.002 -19"><span class='ocrx_word' id='word_1_311' title='bbox 1996 2077 2074 2144; x_wconf 76' lang='grc' dir='ltr'>τῷ</span> <span class='ocrx_word' id='word_1_312' title='bbox 2122 2077 2291 2144; x_wconf 77' lang='grc' dir='ltr'>κοινῷ</span> <span class='ocrx_word' id='word_1_313' title='bbox 2339 2074 2450 2145; x_wconf 73' lang='grc'>(61)</span> <span class='ocrx_word' id='word_1_314' title='bbox 2497 2072 2656 2126; x_wconf 77' lang='grc' dir='ltr'>παντὶ</span> <span class='ocrx_word' id='word_1_315' title='bbox 2704 2070 3051 2144; x_wconf 84' lang='grc' dir='ltr'>κινδυνεύειν,</span> <span class='ocrx_word' id='word_1_316' title='bbox 3101 2073 3192 2127; x_wconf 84' lang='grc' dir='ltr'><strong>καὶ</strong></span> <span class='ocrx_word' id='word_1_317' title='bbox 3247 2072 3319 2128; x_wconf 85' lang='grc' dir='ltr'>ὧν</span> <span class='ocrx_word' id='word_1_318' title='bbox 3370 2071 3488 2128; x_wconf 83' lang='grc' dir='ltr'>οὐδ’</span> <span class='ocrx_word' id='word_1_319' title='bbox 3519 2075 3577 2129; x_wconf 80' lang='grc' dir='ltr'>ἂν</span> <span class='ocrx_word' id='word_1_320' title='bbox 3609 2077 3663 2130; x_wconf 76' lang='grc' dir='ltr'>οἱ</span> 
     </span>
    </p>
   </div>
   <div class='ocr_carea' id='block_1_46' title="bbox 1999 2160 3664 2237">
    <p class='ocr_par' dir='ltr' id='par_1_46' title="bbox 1999 2160 3664 2237">
     <span class='ocr_line' id='line_1_46' title="bbox 1999 2160 3664 2237; baseline 0.002 -21"><span class='ocrx_word' id='word_1_321' title='bbox 1999 2161 2190 2236; x_wconf 78' lang='grc' dir='ltr'>ἐχθροὶ</span> <span class='ocrx_word' id='word_1_322' title='bbox 2241 2162 2431 2237; x_wconf 85' lang='grc' dir='ltr'>χεῖρόν</span> <span class='ocrx_word' id='word_1_323' title='bbox 2478 2184 2532 2216; x_wconf 85' lang='grc' dir='ltr'><strong>τι</strong></span> <span class='ocrx_word' id='word_1_324' title='bbox 2581 2163 2700 2225; x_wconf 81' lang='grc' dir='ltr'>καθ’</span> <span class='ocrx_word' id='word_1_325' title='bbox 2770 2165 2930 2235; x_wconf 79' lang='grc' dir='ltr'>ἡμῶν</span> <span class='ocrx_word' id='word_1_326' title='bbox 2999 2160 3236 2232; x_wconf 76' lang='grc' dir='ltr'>εὔξαιντο</span> <span class='ocrx_word' id='word_1_327' title='bbox 3304 2167 3442 2236; x_wconf 84' lang='grc'>(62),</span> <span class='ocrx_word' id='word_1_328' title='bbox 3492 2168 3664 2220; x_wconf 79' lang='grc' dir='ltr'>ταῦτα</span> 
     </span>
    </p>
   </div>
   <div class='ocr_carea' id='block_1_47' title="bbox 1998 2250 3661 2328">
    <p class='ocr_par' dir='ltr' id='par_1_47' title="bbox 1998 2250 3661 2328">
     <span class='ocr_line' id='line_1_47' title="bbox 1998 2250 3661 2328; baseline 0.002 -23"><span class='ocrx_word' id='word_1_329' title='bbox 1998 2253 2226 2326; x_wconf 79' lang='grc' dir='ltr'>πάσχειν</span> <span class='ocrx_word' id='word_1_330' title='bbox 2282 2252 2364 2328; x_wconf 76' lang='grc' dir='ltr'><strong>ὑφ’</strong></span> <span class='ocrx_word' id='word_1_331' title='bbox 2413 2254 2572 2324; x_wconf 72' lang='grc' dir='ltr'>ἡμῶν</span> <span class='ocrx_word' id='word_1_332' title='bbox 2624 2251 2824 2318; x_wconf 73' lang='grc' dir='ltr'>αὐτῶν,</span> <span class='ocrx_word' id='word_1_333' title='bbox 2874 2250 2960 2306; x_wconf 74' lang='grc' dir='ltr'><strong>καί</strong></span> <span class='ocrx_word' id='word_1_334' title='bbox 3009 2259 3110 2320; x_wconf 85' lang='grc' dir='ltr'>τῆς</span> <span class='ocrx_word' id='word_1_335' title='bbox 3154 2257 3276 2315; x_wconf 86' lang='grc' dir='ltr'>νέας</span> <span class='ocrx_word' id='word_1_336' title='bbox 3323 2252 3521 2322; x_wconf 82' lang='grc' dir='ltr'>ταύτης</span> <span class='ocrx_word' id='word_1_337' title='bbox 3567 2254 3661 2308; x_wconf 79' lang='grc' dir='ltr'>καὶ</span> 
     </span>
    </p>
   </div>
   <div class='ocr_carea' id='block_1_48' title="bbox 1999 2339 3662 2418">
    <p class='ocr_par' dir='ltr' id='par_1_48' title="bbox 1999 2339 3662 2418">
     <span class='ocr_line' id='line_1_48' title="bbox 1999 2339 3662 2418; baseline 0.002 -25"><span class='ocrx_word' id='word_1_338' title='bbox 1999 2347 2314 2411; x_wconf 81' lang='grc' dir='ltr'>θαυμαστῆς</span> <span class='ocrx_word' id='word_1_339' title='bbox 2353 2339 2674 2418; x_wconf 57' lang='grc' dir='ltr'>φιλοσοφίας</span> <span class='ocrx_word' id='word_1_340' title='bbox 2706 2341 2795 2395; x_wconf 89' lang='grc' dir='ltr'><strong>καὶ</strong></span> <span class='ocrx_word' id='word_1_341' title='bbox 2830 2340 3128 2416; x_wconf 84' lang='grc' dir='ltr'>βασιλείας,</span> <span class='ocrx_word' id='word_1_342' title='bbox 3164 2342 3249 2409; x_wconf 71' lang='grc' dir='ltr'><strong>ὑφ’</strong></span> <span class='ocrx_word' id='word_1_343' title='bbox 3271 2343 3341 2411; x_wconf 80' lang='grc' dir='ltr'>ἧς</span> <span class='ocrx_word' id='word_1_344' title='bbox 3365 2344 3472 2416; x_wconf 88' lang='grc'>(63)</span> <span class='ocrx_word' id='word_1_345' title='bbox 3493 2345 3662 2415; x_wconf 81' lang='grc' dir='ltr'>ἡμεῖς</span> 
     </span>
    </p>
   </div>
   <div class='ocr_carea' id='block_1_49' title="bbox 1997 2426 3660 2507">
    <p class='ocr_par' dir='ltr' id='par_1_49' title="bbox 1997 2426 3660 2507">
     <span class='ocr_line' id='line_1_49' title="bbox 1997 2426 3660 2507; baseline 0.002 -24"><span class='ocrx_word' id='word_1_346' title='bbox 1997 2426 2336 2501; x_wconf 76' lang='grc' dir='ltr'>εὐδαίμονες,</span> <span class='ocrx_word' id='word_1_347' title='bbox 2369 2429 2458 2483; x_wconf 80' lang='grc' dir='ltr'>καὶ</span> <span class='ocrx_word' id='word_1_348' title='bbox 2488 2429 2624 2504; x_wconf 87' lang='grc' dir='ltr'>πρὸς</span> <span class='ocrx_word' id='word_1_349' title='bbox 2655 2431 2754 2498; x_wconf 73' lang='grc' dir='ltr'>τὴν</span> <span class='ocrx_word' id='word_1_350' title='bbox 2786 2437 2998 2506; x_wconf 77' lang='grc' dir='ltr'>χρυσῆν</span> <span class='ocrx_word' id='word_1_351' title='bbox 3032 2429 3240 2501; x_wconf 66' lang='grc' dir='ltr'>ἐκείνην</span> <span class='ocrx_word' id='word_1_352' title='bbox 3271 2431 3453 2507; x_wconf 84' lang='grc' dir='ltr'>γενεάν</span> <span class='ocrx_word' id='word_1_353' title='bbox 3483 2452 3541 2486; x_wconf 89' lang='grc' dir='ltr'><strong>τε</strong></span> <span class='ocrx_word' id='word_1_354' title='bbox 3569 2432 3660 2486; x_wconf 78' lang='grc' dir='ltr'><strong>καὶ</strong></span> 
     </span>
    </p>
   </div>
   <div class='ocr_carea' id='block_1_50' title="bbox 1996 2515 3658 2592">
    <p class='ocr_par' dir='ltr' id='par_1_50' title="bbox 1996 2515 3658 2592">
     <span class='ocr_line' id='line_1_50' title="bbox 1996 2515 3658 2592; baseline 0.002 -20"><span class='ocrx_word' id='word_1_355' title='bbox 1996 2517 2302 2587; x_wconf 80' lang='grc' dir='ltr'>πολιτείαν,</span> <span class='ocrx_word' id='word_1_356' title='bbox 2351 2515 2828 2592; x_wconf 70' lang='grc' dir='ltr'>ἐπανεληλύθαμεν</span> <span class='ocrx_word' id='word_1_357' title='bbox 2883 2522 3018 2592; x_wconf 75' lang='grc'>(64),</span> <span class='ocrx_word' id='word_1_358' title='bbox 3078 2520 3178 2588; x_wconf 74' lang='grc' dir='ltr'>τὴν</span> <span class='ocrx_word' id='word_1_359' title='bbox 3217 2519 3566 2575; x_wconf 82' lang='grc' dir='ltr'>ἀστασίαστόν</span> <span class='ocrx_word' id='word_1_360' title='bbox 3597 2541 3658 2576; x_wconf 86' lang='grc' dir='ltr'><strong>τε</strong></span> 
     </span>
    </p>
   </div>
   <div class='ocr_carea' id='block_1_51' title="bbox 1995 2607 2359 2682">
    <p class='ocr_par' dir='ltr' id='par_1_51' title="bbox 1995 2607 2359 2682">
     <span class='ocr_line' id='line_1_51' title="bbox 1995 2607 2359 2682; baseline 0 -21"><span class='ocrx_word' id='word_1_361' title='bbox 1995 2607 2086 2661; x_wconf 80' lang='grc' dir='ltr'><strong>καὶ</strong></span> <span class='ocrx_word' id='word_1_362' title='bbox 2119 2608 2359 2682; x_wconf 78' lang='grc' dir='ltr'>ἄμαχον.</span> 
     </span>
    </p>
   </div>
   <div class='ocr_carea' id='block_1_52' title="bbox 229 2697 3648 2771">
    <p class='ocr_par' dir='ltr' id='par_1_52' title="bbox 229 2697 3648 2771">
     <span class='ocr_line' id='line_1_52' title="bbox 229 2697 3648 2771; baseline 0 -16"><span class='ocrx_word' id='word_1_363' title='bbox 229 2703 288 2755; x_wconf 85' lang='lat' dir='ltr'><strong>et</strong></span> <span class='ocrx_word' id='word_1_364' title='bbox 315 2700 662 2755; x_wconf 88' lang='lat' dir='ltr'><strong>admiranda</strong></span> <span class='ocrx_word' id='word_1_365' title='bbox 716 2698 1088 2770; x_wconf 85' lang='lat' dir='ltr'><strong>philosophia</strong></span> <span class='ocrx_word' id='word_1_366' title='bbox 1142 2702 1199 2754; x_wconf 91' lang='lat' dir='ltr'><strong>et</strong></span> <span class='ocrx_word' id='word_1_367' title='bbox 1250 2699 1604 2769; x_wconf 91' lang='lat' dir='ltr'><strong>principatu,</strong></span> <span class='ocrx_word' id='word_1_368' title='bbox 1640 2703 1878 2770; x_wconf 88' lang='lat' dir='ltr'><strong>propter</strong></span> <span class='ocrx_word' id='word_1_369' title='bbox 1918 2714 2092 2768; x_wconf 90' lang='lat' dir='ltr'><strong>quem</strong></span> <span class='ocrx_word' id='word_1_370' title='bbox 2142 2715 2248 2754; x_wconf 89' lang='lat' dir='ltr'><strong>nos</strong></span> <span class='ocrx_word' id='word_1_371' title='bbox 2301 2697 2522 2753; x_wconf 84' lang='lat' dir='ltr'><strong>scilicet</strong></span> <span class='ocrx_word' id='word_1_372' title='bbox 2574 2697 2728 2753; x_wconf 86' lang='lat' dir='ltr'><strong>beati</strong></span> <span class='ocrx_word' id='word_1_373' title='bbox 2779 2715 3008 2766; x_wconf 88' lang='lat' dir='ltr'><strong>sumus,</strong></span> <span class='ocrx_word' id='word_1_374' title='bbox 3045 2704 3222 2771; x_wconf 89' lang='lat' dir='ltr'><strong>atque</strong></span> <span class='ocrx_word' id='word_1_375' title='bbox 3279 2700 3350 2755; x_wconf 88' lang='lat' dir='ltr'><strong>ad</strong></span> <span class='ocrx_word' id='word_1_376' title='bbox 3410 2716 3648 2757; x_wconf 84' lang='lat' dir='ltr'><strong>auream</strong></span> 
     </span>
    </p>
   </div>
   <div class='ocr_carea' id='block_1_53' title="bbox 232 2787 3658 2862">
    <p class='ocr_par' dir='ltr' id='par_1_53' title="bbox 232 2787 3658 2862">
     <span class='ocr_line' id='line_1_53' title="bbox 232 2787 3658 2862; baseline 0 -18"><span class='ocrx_word' id='word_1_377' title='bbox 232 2787 396 2845; x_wconf 89' lang='lat' dir='ltr'><strong>illam</strong></span> <span class='ocrx_word' id='word_1_378' title='bbox 429 2793 657 2845; x_wconf 69' lang='lat' dir='ltr'><strong>aetatem</strong></span> <span class='ocrx_word' id='word_1_379' title='bbox 714 2790 1098 2860; x_wconf 61' lang='lat' dir='ltr'><strong>gerendaque</strong></span> <span class='ocrx_word' id='word_1_380' title='bbox 1153 2787 1486 2860; x_wconf 63' lang='lat' dir='ltr'><strong>reipublicae</strong></span> <span class='ocrx_word' id='word_1_381' title='bbox 1517 2787 1803 2842; x_wconf 89' lang='lat' dir='ltr'><strong>rationem</strong></span> <span class='ocrx_word' id='word_1_382' title='bbox 1845 2787 2151 2854; x_wconf 88' lang='lat' dir='ltr'><strong>rediimus,</strong></span> <span class='ocrx_word' id='word_1_383' title='bbox 2186 2787 2370 2852; x_wconf 86' lang='lat' dir='ltr'><strong>illam,</strong></span> <span class='ocrx_word' id='word_1_384' title='bbox 2404 2788 2669 2859; x_wconf 88' lang='lat' dir='ltr'><strong>inquam,</strong></span> <span class='ocrx_word' id='word_1_385' title='bbox 2705 2787 3010 2844; x_wconf 84' lang='lat' dir='ltr'><strong>seditionis</strong></span> <span class='ocrx_word' id='word_1_386' title='bbox 3064 2793 3120 2844; x_wconf 90' lang='lat' dir='ltr'><strong>et</strong></span> <span class='ocrx_word' id='word_1_387' title='bbox 3177 2805 3388 2862; x_wconf 60' lang='lat' dir='ltr'><strong>pugna</strong></span> <span class='ocrx_word' id='word_1_388' title='bbox 3417 2790 3658 2846; x_wconf 90' lang='lat' dir='ltr'><strong>omnino</strong></span> 
     </span>
    </p>
   </div>
   <div class='ocr_carea' id='block_1_54' title="bbox 235 2882 552 2935">
    <p class='ocr_par' dir='ltr' id='par_1_54' title="bbox 235 2882 552 2935">
     <span class='ocr_line' id='line_1_54' title="bbox 235 2882 552 2935; baseline -0.009 0"><span class='ocrx_word' id='word_1_389' title='bbox 235 2882 552 2935; x_wconf 80' lang='lat' dir='ltr'><strong>exnertem.</strong></span> 
     </span>
    </p>
   </div>
   <div class='ocr_carea' id='block_1_55' title="bbox 307 2895 1888 3039">
    <p class='ocr_par' dir='ltr' id='par_1_55' title="bbox 307 2895 1888 3039">
     <span class='ocr_line' id='line_1_55' title="bbox 349 2895 552 2934; baseline -0.01 0"><span class='ocrx_word' id='word_1_390' title='bbox 349 2895 552 2934; x_wconf 71' lang='lat' dir='ltr'><strong>errem.</strong></span> 
     </span>
     <span class='ocr_line' id='line_1_56' title="bbox 307 2895 1888 3039; baseline -0.002 -15"><span class='ocrx_word' id='word_1_391' title='bbox 307 2895 515 3024; x_wconf 55' lang='lat' dir='ltr'><strong>£XXV.</strong></span> <span class='ocrx_word' id='word_1_392' title='bbox 542 2971 629 3022; x_wconf 86' lang='lat' dir='ltr'><strong>An</strong></span> <span class='ocrx_word' id='word_1_393' title='bbox 659 2983 792 3023; x_wconf 92' lang='lat' dir='ltr'><strong>vero</strong></span> <span class='ocrx_word' id='word_1_394' title='bbox 823 2966 1144 3022; x_wconf 87' lang='lat' dir='ltr'><strong>tolerabilis</strong></span> <span class='ocrx_word' id='word_1_395' title='bbox 1174 2982 1385 3022; x_wconf 89' lang='lat' dir='ltr'><strong>cursus</strong></span> <span class='ocrx_word' id='word_1_396' title='bbox 1419 2966 1888 3039; x_wconf 84' lang='lat' dir='ltr'><strong>gubernationis,</strong></span> 
     </span>
    </p>
   </div>
   <div class='ocr_carea' id='block_1_56' title="bbox 237 3055 1890 3127">
    <p class='ocr_par' dir='ltr' id='par_1_56' title="bbox 237 3055 1890 3127">
     <span class='ocr_line' id='line_1_57' title="bbox 237 3055 1890 3127; baseline -0.001 -15"><span class='ocrx_word' id='word_1_397' title='bbox 237 3061 297 3113; x_wconf 87' lang='lat' dir='ltr'><strong>et</strong></span> <span class='ocrx_word' id='word_1_398' title='bbox 326 3056 684 3112; x_wconf 87' lang='lat' dir='ltr'><strong>tributorum</strong></span> <span class='ocrx_word' id='word_1_399' title='bbox 733 3056 1029 3127; x_wconf 83' lang='lat' dir='ltr'><strong>relaxatio,</strong></span> <span class='ocrx_word' id='word_1_400' title='bbox 1063 3059 1119 3112; x_wconf 89' lang='lat' dir='ltr'><strong>et</strong></span> <span class='ocrx_word' id='word_1_401' title='bbox 1166 3055 1575 3127; x_wconf 87' lang='lat' dir='ltr'><strong>magistratum</strong></span> <span class='ocrx_word' id='word_1_402' title='bbox 1610 3055 1890 3126; x_wconf 87' lang='lat' dir='ltr'><strong>delectus,</strong></span> 
     </span>
    </p>
   </div>
   <div class='ocr_carea' id='block_1_57' title="bbox 238 3144 1892 3216">
    <p class='ocr_par' dir='ltr' id='par_1_57' title="bbox 238 3144 1892 3216">
     <span class='ocr_line' id='line_1_58' title="bbox 238 3144 1892 3216; baseline -0.002 -13"><span class='ocrx_word' id='word_1_403' title='bbox 238 3151 296 3203; x_wconf 88' lang='lat' dir='ltr'><strong>et</strong></span> <span class='ocrx_word' id='word_1_404' title='bbox 324 3146 613 3201; x_wconf 88' lang='lat' dir='ltr'><strong>furtorum</strong></span> <span class='ocrx_word' id='word_1_405' title='bbox 663 3145 994 3216; x_wconf 82' lang='lat' dir='ltr'><strong>castigatio,</strong></span> <span class='ocrx_word' id='word_1_406' title='bbox 1017 3144 1250 3216; x_wconf 90' lang='lat' dir='ltr'><strong>aliaque</strong></span> <span class='ocrx_word' id='word_1_407' title='bbox 1300 3146 1519 3210; x_wconf 89' lang='lat' dir='ltr'><strong>omnia,</strong></span> <span class='ocrx_word' id='word_1_408' title='bbox 1539 3161 1666 3216; x_wconf 71' lang='lat' dir='ltr'><strong>quas</strong></span> <span class='ocrx_word' id='word_1_409' title='bbox 1703 3145 1892 3200; x_wconf 85' lang='lat' dir='ltr'><strong>brevis</strong></span> 
     </span>
    </p>
   </div>
   <div class='ocr_carea' id='block_1_58' title="bbox 2071 2961 3662 3040">
    <p class='ocr_par' dir='ltr' id='par_1_58' title="bbox 2071 2961 3662 3040">
     <span class='ocr_line' id='line_1_59' title="bbox 2071 2961 3662 3040; baseline 0.001 -21"><span class='ocrx_word' id='word_1_410' title='bbox 2071 2967 2188 3020; x_wconf 87' lang='lat' dir='ltr'><strong>OE&#39;.</strong></span> <span class='ocrx_word' id='word_1_411' title='bbox 2222 2966 2292 3018; x_wconf 89' lang='grc' dir='ltr'><strong><em>Ἥ</em></strong></span> <span class='ocrx_word' id='word_1_412' title='bbox 2325 2961 2531 3038; x_wconf 78' lang='grc' dir='ltr'>δρόμος</span> <span class='ocrx_word' id='word_1_413' title='bbox 2566 2965 2677 3036; x_wconf 86' lang='grc'>(65)</span> <span class='ocrx_word' id='word_1_414' title='bbox 2716 2964 2807 3036; x_wconf 77' lang='grc' dir='ltr'><strong>μὲν</strong></span> <span class='ocrx_word' id='word_1_415' title='bbox 2838 2963 3073 3027; x_wconf 77' lang='grc' dir='ltr'>ἀνεκτῶς</span> <span class='ocrx_word' id='word_1_416' title='bbox 3122 2962 3520 3040; x_wconf 72' lang='grc' dir='ltr'>διοικούμενος,</span> <span class='ocrx_word' id='word_1_417' title='bbox 3569 2964 3662 3020; x_wconf 83' lang='grc' dir='ltr'><strong>καὶ</strong></span> 
     </span>
    </p>
   </div>
   <div class='ocr_carea' id='block_1_59' title="bbox 2002 3051 3660 3131">
    <p class='ocr_par' dir='ltr' id='par_1_59' title="bbox 2002 3051 3660 3131">
     <span class='ocr_line' id='line_1_60' title="bbox 2002 3051 3660 3131; baseline 0.001 -24"><span class='ocrx_word' id='word_1_418' title='bbox 2002 3053 2184 3131; x_wconf 80' lang='grc' dir='ltr'>φόρων</span> <span class='ocrx_word' id='word_1_419' title='bbox 2238 3051 2432 3123; x_wconf 83' lang='grc' dir='ltr'>ἄνεσις,</span> <span class='ocrx_word' id='word_1_420' title='bbox 2481 3051 2570 3107; x_wconf 80' lang='grc' dir='ltr'><strong>καὶ</strong></span> <span class='ocrx_word' id='word_1_421' title='bbox 2625 3053 2907 3128; x_wconf 78' lang='grc' dir='ltr'>ἀρχόντων</span> <span class='ocrx_word' id='word_1_422' title='bbox 2957 3053 3157 3130; x_wconf 83' lang='grc' dir='ltr'>ἐκλογή</span> <span class='ocrx_word' id='word_1_423' title='bbox 3214 3058 3348 3128; x_wconf 80' lang='grc'>(66),</span> <span class='ocrx_word' id='word_1_424' title='bbox 3395 3057 3484 3110; x_wconf 83' lang='grc' dir='ltr'><strong>καὶ</strong></span> <span class='ocrx_word' id='word_1_425' title='bbox 3526 3054 3660 3110; x_wconf 92' lang='grc' dir='ltr'>κλο-</span> 
     </span>
    </p>
   </div>
   <div class='ocr_carea' id='block_1_60' title="bbox 2001 3140 3664 3219">
    <p class='ocr_par' dir='ltr' id='par_1_60' title="bbox 2001 3140 3664 3219">
     <span class='ocr_line' id='line_1_61' title="bbox 2001 3140 3664 3219; baseline 0 -22"><span class='ocrx_word' id='word_1_426' title='bbox 2001 3147 2117 3197; x_wconf 89' lang='grc' dir='ltr'><strong>πῶν</strong></span> <span class='ocrx_word' id='word_1_427' title='bbox 2152 3145 2264 3216; x_wconf 87' lang='grc'>(67)</span> <span class='ocrx_word' id='word_1_428' title='bbox 2314 3141 2651 3215; x_wconf 79' lang='grc' dir='ltr'>ἐπιτίμησις,</span> <span class='ocrx_word' id='word_1_429' title='bbox 2699 3141 2790 3196; x_wconf 84' lang='grc' dir='ltr'><strong>καὶ</strong></span> <span class='ocrx_word' id='word_1_430' title='bbox 2838 3140 3017 3197; x_wconf 78' lang='grc' dir='ltr'>τᾶλλα</span> <span class='ocrx_word' id='word_1_431' title='bbox 3064 3143 3160 3198; x_wconf 84' lang='grc' dir='ltr'>ὅσα</span> <span class='ocrx_word' id='word_1_432' title='bbox 3189 3150 3291 3213; x_wconf 78' lang='grc' dir='ltr'>τῆς</span> <span class='ocrx_word' id='word_1_433' title='bbox 3321 3144 3664 3219; x_wconf 86' lang='grc' dir='ltr'>προσκαίρου</span> 
     </span>
    </p>
   </div>
   <div class='ocr_carea' id='block_1_61' title="bbox 237 3229 1889 3309">
    <p class='ocr_par' dir='ltr' id='par_1_61' title="bbox 237 3234 1887 3306">
     <span class='ocr_line' id='line_1_62' title="bbox 237 3234 1887 3306; baseline -0.001 -15"><span class='ocrx_word' id='word_1_434' title='bbox 237 3241 296 3291; x_wconf 90' lang='lat' dir='ltr'><strong>et</strong></span> <span class='ocrx_word' id='word_1_435' title='bbox 317 3239 741 3290; x_wconf 82' lang='lat' dir='ltr'><strong>momentanese</strong></span> <span class='ocrx_word' id='word_1_436' title='bbox 765 3234 1061 3289; x_wconf 88' lang='lat' dir='ltr'><strong>felicitatis</strong></span> <span class='ocrx_word' id='word_1_437' title='bbox 1084 3251 1149 3289; x_wconf 87' lang='lat' dir='ltr'><strong>ac</strong></span> <span class='ocrx_word' id='word_1_438' title='bbox 1171 3251 1396 3306; x_wconf 86' lang='lat' dir='ltr'><strong>pompae</strong></span> <span class='ocrx_word' id='word_1_439' title='bbox 1429 3239 1585 3300; x_wconf 88' lang='lat' dir='ltr'><strong>sunt,</strong></span> <span class='ocrx_word' id='word_1_440' title='bbox 1613 3251 1887 3306; x_wconf 88' lang='lat' dir='ltr'><strong>magnam</strong></span> 
     </span>
    </p>
   </div>
   <div class='ocr_carea' id='block_1_62' title="bbox 2011 3229 3656 3309">
    <p class='ocr_par' dir='ltr' id='par_1_62' title="bbox 2011 3229 3656 3309">
     <span class='ocr_line' id='line_1_63' title="bbox 2011 3229 3656 3309; baseline -0.001 -23"><span class='ocrx_word' id='word_1_441' title='bbox 2011 3233 2091 3286; x_wconf 76' lang='grc' dir='ltr'><strong>καὶ</strong></span> <span class='ocrx_word' id='word_1_442' title='bbox 2142 3229 2423 3307; x_wconf 86' lang='grc' dir='ltr'>ἀκαριαίας</span> <span class='ocrx_word' id='word_1_443' title='bbox 2481 3230 2883 3306; x_wconf 84' lang='grc' dir='ltr'>μακαριότητος</span> <span class='ocrx_word' id='word_1_444' title='bbox 2929 3232 3018 3286; x_wconf 81' lang='grc' dir='ltr'><strong>καὶ</strong></span> <span class='ocrx_word' id='word_1_445' title='bbox 3068 3231 3374 3309; x_wconf 85' lang='grc' dir='ltr'>φαντασίας,</span> <span class='ocrx_word' id='word_1_446' title='bbox 3412 3230 3656 3304; x_wconf 84' lang='grc' dir='ltr'>μεγάλην</span> 
     </span>
    </p>
   </div>
   <div class='ocr_carea' id='block_1_63' title="bbox 239 3322 1896 3397">
    <p class='ocr_par' dir='ltr' id='par_1_63' title="bbox 239 3322 1896 3397">
     <span class='ocr_line' id='line_1_64' title="bbox 239 3322 1896 3397; baseline -0.001 -17"><span class='ocrx_word' id='word_1_447' title='bbox 239 3324 555 3397; x_wconf 84' lang='lat' dir='ltr'><strong>quamdam</strong></span> <span class='ocrx_word' id='word_1_448' title='bbox 579 3322 908 3394; x_wconf 65' lang='lat' dir='ltr'><strong>reipublicae</strong></span> <span class='ocrx_word' id='word_1_449' title='bbox 927 3323 1241 3378; x_wconf 83' lang='lat' dir='ltr'><strong>utilitatem</strong></span> <span class='ocrx_word' id='word_1_450' title='bbox 1265 3323 1514 3378; x_wconf 86' lang='lat' dir='ltr'><strong>allatura</strong></span> <span class='ocrx_word' id='word_1_451' title='bbox 1534 3329 1896 3394; x_wconf 88' lang='lat' dir='ltr'><strong>erant,atque</strong></span> 
     </span>
    </p>
   </div>
   <div class='ocr_carea' id='block_1_64' title="bbox 238 3412 1898 3484">
    <p class='ocr_par' dir='ltr' id='par_1_64' title="bbox 238 3412 1898 3484">
     <span class='ocr_line' id='line_1_65' title="bbox 238 3412 1898 3484; baseline -0.002 -14"><span class='ocrx_word' id='word_1_452' title='bbox 238 3414 453 3470; x_wconf 88' lang='lat' dir='ltr'><strong>harum</strong></span> <span class='ocrx_word' id='word_1_453' title='bbox 468 3429 663 3469; x_wconf 87' lang='lat' dir='ltr'><strong>rerum</strong></span> <span class='ocrx_word' id='word_1_454' title='bbox 678 3412 953 3468; x_wconf 89' lang='lat' dir='ltr'><strong>laudibus</strong></span> <span class='ocrx_word' id='word_1_455' title='bbox 971 3429 1141 3468; x_wconf 88' lang='lat' dir='ltr'><strong>aures</strong></span> <span class='ocrx_word' id='word_1_456' title='bbox 1158 3416 1388 3468; x_wconf 88' lang='lat' dir='ltr'><strong>nostras</strong></span> <span class='ocrx_word' id='word_1_457' title='bbox 1408 3430 1719 3484; x_wconf 86' lang='lat' dir='ltr'><strong>personare</strong></span> <span class='ocrx_word' id='word_1_458' title='bbox 1734 3429 1898 3484; x_wconf 88' lang='lat' dir='ltr'><strong>opor-</strong></span> 
     </span>
    </p>
   </div>
   <div class='ocr_carea' id='block_1_65' title="bbox 239 3502 1899 3575">
    <p class='ocr_par' dir='ltr' id='par_1_65' title="bbox 239 3502 1899 3575">
     <span class='ocr_line' id='line_1_66' title="bbox 239 3502 1899 3575; baseline -0.002 -16"><span class='ocrx_word' id='word_1_459' title='bbox 239 3505 404 3560; x_wconf 86' lang='lat' dir='ltr'><strong>tebat</strong></span> <span class='ocrx_word' id='word_1_460' title='bbox 430 3519 443 3560; x_wconf 75' lang='grc' dir='ltr'><strong>ε</strong></span> <span class='ocrx_word' id='word_1_461' title='bbox 471 3502 823 3575; x_wconf 89' lang='lat' dir='ltr'><strong>populorum</strong></span> <span class='ocrx_word' id='word_1_462' title='bbox 851 3506 1044 3557; x_wconf 89' lang='lat' dir='ltr'><strong>autem</strong></span> <span class='ocrx_word' id='word_1_463' title='bbox 1075 3507 1249 3573; x_wconf 90' lang='lat' dir='ltr'><strong>atque</strong></span> <span class='ocrx_word' id='word_1_464' title='bbox 1283 3503 1515 3556; x_wconf 90' lang='lat' dir='ltr'><strong>urbium</strong></span> <span class='ocrx_word' id='word_1_465' title='bbox 1552 3503 1816 3568; x_wconf 88' lang='lat' dir='ltr'><strong>dissidia,</strong></span> <span class='ocrx_word' id='word_1_466' title='bbox 1843 3506 1899 3556; x_wconf 91' lang='lat' dir='ltr'><strong>et</strong></span> 
     </span>
    </p>
   </div>
   <div class='ocr_carea' id='block_1_66' title="bbox 241 3590 1896 3659">
    <p class='ocr_par' dir='ltr' id='par_1_66' title="bbox 241 3590 1896 3659">
     <span class='ocr_line' id='line_1_67' title="bbox 241 3590 1896 3659; baseline -0.002 -10"><span class='ocrx_word' id='word_1_467' title='bbox 241 3592 724 3659; x_wconf 79' lang='lat' dir='ltr'><strong>concertationes,</strong></span> <span class='ocrx_word' id='word_1_468' title='bbox 759 3595 816 3647; x_wconf 88' lang='lat' dir='ltr'><strong>et</strong></span> <span class='ocrx_word' id='word_1_469' title='bbox 847 3590 1202 3645; x_wconf 86' lang='lat' dir='ltr'><strong>familiarum</strong></span> <span class='ocrx_word' id='word_1_470' title='bbox 1238 3590 1467 3659; x_wconf 89' lang='lat' dir='ltr'><strong>divisio,</strong></span> <span class='ocrx_word' id='word_1_471' title='bbox 1501 3595 1557 3645; x_wconf 89' lang='lat' dir='ltr'><strong>et</strong></span> <span class='ocrx_word' id='word_1_472' title='bbox 1587 3592 1896 3646; x_wconf 91' lang='lat' dir='ltr'><strong>domorum</strong></span> 
     </span>
    </p>
   </div>
   <div class='ocr_carea' id='block_1_67' title="bbox 242 3680 1899 3752">
    <p class='ocr_par' dir='ltr' id='par_1_67' title="bbox 242 3680 1899 3752">
     <span class='ocr_line' id='line_1_68' title="bbox 242 3680 1899 3752; baseline -0.002 -14"><span class='ocrx_word' id='word_1_473' title='bbox 242 3682 625 3750; x_wconf 84' lang='lat' dir='ltr'><strong>dissensio,et</strong></span> <span class='ocrx_word' id='word_1_474' title='bbox 658 3680 1167 3736; x_wconf 88' lang='lat' dir='ltr'><strong>matrimoniorum</strong></span> <span class='ocrx_word' id='word_1_475' title='bbox 1193 3680 1526 3752; x_wconf 87' lang='lat' dir='ltr'><strong>diremptio,</strong></span> <span class='ocrx_word' id='word_1_476' title='bbox 1545 3698 1672 3752; x_wconf 63' lang='lat' dir='ltr'><strong>qua:</strong></span> <span class='ocrx_word' id='word_1_477' title='bbox 1700 3680 1899 3735; x_wconf 89' lang='lat' dir='ltr'><strong>omnia</strong></span> 
     </span>
    </p>
   </div>
   <div class='ocr_carea' id='block_1_68' title="bbox 239 3769 1896 3840">
    <p class='ocr_par' dir='ltr' id='par_1_68' title="bbox 239 3769 1896 3840">
     <span class='ocr_line' id='line_1_69' title="bbox 239 3769 1896 3840; baseline -0.003 -12"><span class='ocrx_word' id='word_1_478' title='bbox 239 3772 352 3828; x_wconf 91' lang='lat' dir='ltr'><strong>hoc</strong></span> <span class='ocrx_word' id='word_1_479' title='bbox 375 3771 593 3827; x_wconf 85' lang='lat' dir='ltr'><strong>malum</strong></span> <span class='ocrx_word' id='word_1_480' title='bbox 613 3776 886 3827; x_wconf 87' lang='lat' dir='ltr'><strong>secutura</strong></span> <span class='ocrx_word' id='word_1_481' title='bbox 903 3786 1032 3826; x_wconf 87' lang='lat' dir='ltr'><strong>esse</strong></span> <span class='ocrx_word' id='word_1_482' title='bbox 1047 3769 1361 3824; x_wconf 87' lang='lat' dir='ltr'><strong>verisimile</strong></span> <span class='ocrx_word' id='word_1_483' title='bbox 1379 3773 1704 3840; x_wconf 89' lang='lat' dir='ltr'><strong>erat,atque</strong></span> <span class='ocrx_word' id='word_1_484' title='bbox 1722 3769 1896 3824; x_wconf 77' lang='lat' dir='ltr'><strong>etiam</strong></span> 
     </span>
    </p>
   </div>
   <div class='ocr_carea' id='block_1_69' title="bbox 243 3858 1898 3932">
    <p class='ocr_par' dir='ltr' id='par_1_69' title="bbox 243 3858 1898 3932">
     <span class='ocr_line' id='line_1_70' title="bbox 243 3858 1898 3932; baseline -0.002 -15"><span class='ocrx_word' id='word_1_485' title='bbox 243 3867 444 3917; x_wconf 87' lang='lat' dir='ltr'><strong>secuta</strong></span> <span class='ocrx_word' id='word_1_486' title='bbox 467 3867 628 3930; x_wconf 86' lang='lat' dir='ltr'><strong>sunt,</strong></span> <span class='ocrx_word' id='word_1_487' title='bbox 642 3859 730 3915; x_wconf 90' lang='lat' dir='ltr'><strong>vel</strong></span> <span class='ocrx_word' id='word_1_488' title='bbox 752 3859 837 3914; x_wconf 91' lang='lat' dir='ltr'><strong>illi</strong></span> <span class='ocrx_word' id='word_1_489' title='bbox 865 3859 1156 3932; x_wconf 89' lang='lat' dir='ltr'><strong>insignem</strong></span> <span class='ocrx_word' id='word_1_490' title='bbox 1181 3859 1497 3931; x_wconf 86' lang='lat' dir='ltr'><strong>quamdam</strong></span> <span class='ocrx_word' id='word_1_491' title='bbox 1522 3858 1790 3931; x_wconf 89' lang='lat' dir='ltr'><strong>gloriam,</strong></span> <span class='ocrx_word' id='word_1_492' title='bbox 1809 3859 1898 3914; x_wconf 86' lang='lat' dir='ltr'><strong>vel</strong></span> 
     </span>
    </p>
   </div>
   <div class='ocr_carea' id='block_1_70' title="bbox 242 3947 1897 4023">
    <p class='ocr_par' dir='ltr' id='par_1_70' title="bbox 242 3947 1897 4023">
     <span class='ocr_line' id='line_1_71' title="bbox 242 3947 1897 4023; baseline -0.001 -18"><span class='ocrx_word' id='word_1_493' title='bbox 242 3950 574 4023; x_wconf 67' lang='lat' dir='ltr'><strong>reipublicae</strong></span> <span class='ocrx_word' id='word_1_494' title='bbox 606 3950 980 4005; x_wconf 89' lang='lat' dir='ltr'><strong>securitatem</strong></span> <span class='ocrx_word' id='word_1_495' title='bbox 1013 3948 1526 4013; x_wconf 75' lang='lat' dir='ltr'><strong>afl‘erebant?0uis</strong></span> <span class='ocrx_word' id='word_1_496' title='bbox 1558 3953 1676 4003; x_wconf 88' lang='lat' dir='ltr'><strong>tam</strong></span> <span class='ocrx_word' id='word_1_497' title='bbox 1704 3947 1792 4004; x_wconf 91' lang='lat' dir='ltr'><strong>vel</strong></span> <span class='ocrx_word' id='word_1_498' title='bbox 1827 3949 1897 4004; x_wconf 90' lang='lat' dir='ltr'><strong>ad</strong></span> 
     </span>
    </p>
   </div>
   <div class='ocr_carea' id='block_1_71' title="bbox 242 4037 1898 4114">
    <p class='ocr_par' dir='ltr' id='par_1_71' title="bbox 242 4037 1898 4114">
     <span class='ocr_line' id='line_1_72' title="bbox 242 4037 1898 4114; baseline -0.001 -18"><span class='ocrx_word' id='word_1_499' title='bbox 242 4041 601 4114; x_wconf 87' lang='lat' dir='ltr'><strong>impietatem</strong></span> <span class='ocrx_word' id='word_1_500' title='bbox 631 4037 1014 4107; x_wconf 85' lang='lat' dir='ltr'><strong>proclivis,vel</strong></span> <span class='ocrx_word' id='word_1_501' title='bbox 1037 4038 1334 4094; x_wconf 88' lang='lat' dir='ltr'><strong>communi</strong></span> <span class='ocrx_word' id='word_1_502' title='bbox 1360 4054 1535 4093; x_wconf 90' lang='lat' dir='ltr'><strong>sensu</strong></span> <span class='ocrx_word' id='word_1_503' title='bbox 1561 4041 1766 4109; x_wconf 90' lang='lat' dir='ltr'><strong>captus</strong></span> <span class='ocrx_word' id='word_1_504' title='bbox 1788 4045 1898 4107; x_wconf 88' lang='lat' dir='ltr'><strong>est,</strong></span> 
     </span>
    </p>
   </div>
   <div class='ocr_carea' id='block_1_72' title="bbox 239 4126 1902 4200">
    <p class='ocr_par' dir='ltr' id='par_1_72' title="bbox 239 4126 1902 4200">
     <span class='ocr_line' id='line_1_73' title="bbox 239 4126 1902 4200; baseline -0.001 -14"><span class='ocrx_word' id='word_1_505' title='bbox 239 4135 305 4186; x_wconf 87' lang='lat' dir='ltr'><strong>ut</strong></span> <span class='ocrx_word' id='word_1_506' title='bbox 334 4131 442 4186; x_wconf 91' lang='lat' dir='ltr'><strong>hoc</strong></span> <span class='ocrx_word' id='word_1_507' title='bbox 474 4129 870 4186; x_wconf 82' lang='lat' dir='ltr'><strong>assentiatur?</strong></span> <span class='ocrx_word' id='word_1_508' title='bbox 895 4128 1405 4191; x_wconf 88' lang='lat' dir='ltr'><strong>Quemadmodum</strong></span> <span class='ocrx_word' id='word_1_509' title='bbox 1437 4127 1593 4182; x_wconf 89' lang='lat' dir='ltr'><strong>enim</strong></span> <span class='ocrx_word' id='word_1_510' title='bbox 1619 4126 1678 4183; x_wconf 94' lang='lat' dir='ltr'><strong>in</strong></span> <span class='ocrx_word' id='word_1_511' title='bbox 1703 4144 1902 4200; x_wconf 90' lang='lat' dir='ltr'><strong>corpo-</strong></span> 
     </span>
    </p>
   </div>
   <div class='ocr_carea' id='block_1_73' title="bbox 236 4216 1895 4290">
    <p class='ocr_par' dir='ltr' id='par_1_73' title="bbox 236 4216 1895 4290">
     <span class='ocr_line' id='line_1_74' title="bbox 236 4216 1895 4290; baseline -0.002 -14"><span class='ocrx_word' id='word_1_512' title='bbox 236 4221 564 4290; x_wconf 88' lang='lat' dir='ltr'><strong>ribus,cum</strong></span> <span class='ocrx_word' id='word_1_513' title='bbox 593 4234 776 4272; x_wconf 89' lang='lat' dir='ltr'><strong>unum</strong></span> <span class='ocrx_word' id='word_1_514' title='bbox 797 4221 899 4272; x_wconf 92' lang='lat' dir='ltr'><strong>aut</strong></span> <span class='ocrx_word' id='word_1_515' title='bbox 920 4216 1169 4271; x_wconf 85' lang='lat' dir='ltr'><strong>alterum</strong></span> <span class='ocrx_word' id='word_1_516' title='bbox 1188 4216 1522 4272; x_wconf 88' lang='lat' dir='ltr'><strong>membrum</strong></span> <span class='ocrx_word' id='word_1_517' title='bbox 1541 4232 1763 4288; x_wconf 75' lang='lat' dir='ltr'><strong>aegrum</strong></span> <span class='ocrx_word' id='word_1_518' title='bbox 1787 4223 1895 4285; x_wconf 90' lang='lat' dir='ltr'><strong>est,</strong></span> 
     </span>
    </p>
   </div>
   <div class='ocr_carea' id='block_1_74' title="bbox 290 4337 1904 4436">
    <p class='ocr_par' dir='ltr' id='par_1_74' title="bbox 290 4337 1904 4436">
     <span class='ocr_line' id='line_1_75' title="bbox 290 4337 1904 4436; baseline -0.007 -33"><span class='ocrx_word' id='word_1_519' title='bbox 290 4342 545 4436; x_wconf 48' lang='grc' dir='ltr'>’(54)Ὥς</span> <span class='ocrx_word' id='word_1_520' title='bbox 579 4337 760 4401; x_wconf 83' lang='grc' dir='ltr'>αὑτός.</span> <span class='ocrx_word' id='word_1_521' title='bbox 808 4341 950 4412; x_wconf 84' lang='lat' dir='ltr'><strong>Reg.</strong></span> <span class='ocrx_word' id='word_1_522' title='bbox 995 4340 1098 4406; x_wconf 92' lang='lat' dir='ltr'><strong>hu,</strong></span> <span class='ocrx_word' id='word_1_523' title='bbox 1148 4339 1308 4397; x_wconf 86' lang='lat' dir='ltr'><strong>Colb.</strong></span> <span class='ocrx_word' id='word_1_524' title='bbox 1360 4339 1414 4409; x_wconf 88' lang='lat'><strong>3,</strong></span> <span class='ocrx_word' id='word_1_525' title='bbox 1467 4344 1525 4396; x_wconf 88' lang='lat' dir='ltr'><strong>et</strong></span> <span class='ocrx_word' id='word_1_526' title='bbox 1571 4345 1759 4411; x_wconf 87' lang='lat' dir='ltr'><strong>Pass.,</strong></span> <span class='ocrx_word' id='word_1_527' title='bbox 1810 4339 1904 4401; x_wconf 76' lang='grc' dir='ltr'><strong>οὕς</strong></span> 
     </span>
    </p>
   </div>
   <div class='ocr_carea' id='block_1_75' title="bbox 247 4414 1523 4560">
    <p class='ocr_par' dir='ltr' id='par_1_75' title="bbox 247 4414 1523 4560">
     <span class='ocr_line' id='line_1_76' title="bbox 283 4414 430 4472; baseline -0.014 0"><span class='ocrx_word' id='word_1_528' title='bbox 283 4414 376 4472; x_wconf 85' lang='grc' dir='ltr'><strong>ὐτό</strong></span> <span class='ocrx_word' id='word_1_529' title='bbox 418 4458 430 4470; x_wconf 94' lang='grc'>.</span> 
     </span>
     <span class='ocr_line' id='line_1_77' title="bbox 247 4435 1523 4560; baseline -0.002 -19"><span class='ocrx_word' id='word_1_530' title='bbox 247 4439 279 4473; x_wconf 70' lang='grc' dir='ltr'>α</span> <span class='ocrx_word' id='word_1_531' title='bbox 465 4481 644 4540; x_wconf 70' lang='grc' dir='ltr'>Οὕτω.</span> <span class='ocrx_word' id='word_1_532' title='bbox 679 4481 951 4560; x_wconf 64' lang='lat' dir='ltr'><strong>Hensiu_s,</strong></span> <span class='ocrx_word' id='word_1_533' title='bbox 986 4505 1012 4533; x_wconf 90' lang='grc'>‹‹</span> <span class='ocrx_word' id='word_1_534' title='bbox 1049 4484 1211 4560; x_wconf 48' lang='lat' dir='ltr'><strong>forte,</strong></span> <span class='ocrx_word' id='word_1_535' title='bbox 1243 4481 1474 4539; x_wconf 85' lang='grc' dir='ltr'>τούτων.</span> <span class='ocrx_word' id='word_1_536' title='bbox 1502 4509 1523 4538; x_wconf 69' lang='grc' dir='ltr'><strong>υ</strong></span> 
     </span>
    </p>
   </div>
   <div class='ocr_carea' id='block_1_76' title="bbox 319 4553 1239 4704">
    <p class='ocr_par' dir='ltr' id='par_1_76' title="bbox 319 4553 1239 4704">
     <span class='ocr_line' id='line_1_78' title="bbox 326 4553 1239 4626; baseline -0.005 -12"><span class='ocrx_word' id='word_1_537' title='bbox 326 4553 426 4614; x_wconf 58' lang='grc'>’56</span> <span class='ocrx_word' id='word_1_538' title='bbox 464 4561 678 4624; x_wconf 85' lang='grc' dir='ltr'>Μεῖζον.</span> <span class='ocrx_word' id='word_1_539' title='bbox 717 4555 854 4626; x_wconf 73' lang='lat' dir='ltr'><strong>Reg.</strong></span> <span class='ocrx_word' id='word_1_540' title='bbox 891 4555 1012 4626; x_wconf 87' lang='lat' dir='ltr'><strong>bm,</strong></span> <span class='ocrx_word' id='word_1_541' title='bbox 1050 4553 1239 4626; x_wconf 86' lang='grc' dir='ltr'>μείζω.</span> 
     </span>
     <span class='ocr_line' id='line_1_79' title="bbox 319 4561 1239 4704; baseline -0.004 -18"><span class='ocrx_word' id='word_1_542' title='bbox 319 4561 435 4704; x_wconf 65' lang='lat'>(57)</span> <span class='ocrx_word' id='word_1_543' title='bbox 504 4624 1117 4704; x_wconf 85' lang='grc' dir='ltr'>Περισπουδαστότερον.</span> <span class='ocrx_word' id='word_1_544' title='bbox 1201 4627 1239 4682; x_wconf 90' lang='grc' dir='ltr'>Ρ</span> 
     </span>
    </p>
   </div>
   <div class='ocr_carea' id='block_1_77' title="bbox 250 4633 415 4778">
    <p class='ocr_par' dir='ltr' id='par_1_77' title="bbox 250 4633 415 4778">
     <span class='ocr_line' id='line_1_80' title="bbox 321 4633 415 4704; baseline -0.032 -17"><span class='ocrx_word' id='word_1_545' title='bbox 321 4633 415 4704; x_wconf 85' lang='lat'><strong>(57</strong></span> 
     </span>
     <span class='ocr_line' id='line_1_81' title="bbox 250 4723 399 4778; baseline 0.02 -22"><span class='ocrx_word' id='word_1_546' title='bbox 250 4723 340 4778; x_wconf 90' lang='grc' dir='ltr'><strong>ρον</strong></span> <span class='ocrx_word' id='word_1_547' title='bbox 352 4747 364 4759; x_wconf 88' lang='grc'>.</span> <span class='ocrx_word' id='word_1_548' title='bbox 390 4777 399 4778; x_wconf 23' lang='lat'><em>7</em></span> 
     </span>
    </p>
   </div>
   <div class='ocr_carea' id='block_1_78' title="bbox 320 4768 1905 4849">
    <p class='ocr_par' dir='ltr' id='par_1_78' title="bbox 320 4768 1905 4849">
     <span class='ocr_line' id='line_1_82' title="bbox 320 4768 1905 4849; baseline -0.004 -17"><span class='ocrx_word' id='word_1_549' title='bbox 320 4774 433 4848; x_wconf 87' lang='lat'>(58)</span> <span class='ocrx_word' id='word_1_550' title='bbox 463 4770 576 4831; x_wconf 78' lang='grc' dir='ltr'>Οὐκ</span> <span class='ocrx_word' id='word_1_551' title='bbox 615 4768 874 4849; x_wconf 75' lang='grc' dir='ltr'>ἐκφαίνει,</span> <span class='ocrx_word' id='word_1_552' title='bbox 923 4776 1032 4849; x_wconf 67' lang='lat' dir='ltr'><strong>etc,</strong></span> <span class='ocrx_word' id='word_1_553' title='bbox 1083 4770 1199 4849; x_wconf 60' lang='lat' dir='ltr'><strong>Sic</strong></span> <span class='ocrx_word' id='word_1_554' title='bbox 1222 4769 1412 4826; x_wconf 90' lang='lat' dir='ltr'><strong>Schol.</strong></span> <span class='ocrx_word' id='word_1_555' title='bbox 1448 4793 1485 4849; x_wconf 35' lang='grc' dir='ltr'>«ι</span> <span class='ocrx_word' id='word_1_556' title='bbox 1507 4787 1577 4827; x_wconf 82' lang='lat' dir='ltr'><strong>ex</strong></span> <span class='ocrx_word' id='word_1_557' title='bbox 1611 4770 1744 4849; x_wconf 85' lang='lat' dir='ltr'><strong>_hoc</strong></span> <span class='ocrx_word' id='word_1_558' title='bbox 1799 4787 1905 4849; x_wconf 74' lang='lat' dir='ltr'><strong>nec</strong></span> 
     </span>
    </p>
   </div>
   <div class='ocr_carea' id='block_1_79' title="bbox 251 4841 1907 4919">
    <p class='ocr_par' dir='ltr' id='par_1_79' title="bbox 251 4841 1907 4919">
     <span class='ocr_line' id='line_1_83' title="bbox 251 4841 1907 4919; baseline -0.006 -16"><span class='ocrx_word' id='word_1_559' title='bbox 251 4841 532 4919; x_wconf 79' lang='lat' dir='ltr'><strong>divulgat,</strong></span> <span class='ocrx_word' id='word_1_560' title='bbox 567 4841 1060 4919; x_wconf 66' lang='lat' dir='ltr'><strong>nec&#39;dissimulat.</strong></span> <span class='ocrx_word' id='word_1_561' title='bbox 1091 4864 1119 4892; x_wconf 83' lang='lat'>»</span> <span class='ocrx_word' id='word_1_562' title='bbox 1148 4847 1396 4919; x_wconf 75' lang='lat' dir='ltr'><strong>Montac.</strong></span> <span class='ocrx_word' id='word_1_563' title='bbox 1432 4841 1492 4895; x_wconf 83' lang='grc' dir='ltr'><strong>ού</strong></span> <span class='ocrx_word' id='word_1_564' title='bbox 1524 4841 1771 4918; x_wconf 78' lang='grc' dir='ltr'>κρύπτει,</span> <span class='ocrx_word' id='word_1_565' title='bbox 1824 4841 1907 4894; x_wconf 79' lang='grc' dir='ltr'>ἐκ-</span> 
     </span>
    </p>
   </div>
   <div class='ocr_carea' id='block_1_80' title="bbox 251 4914 1476 4996">
    <p class='ocr_par' dir='ltr' id='par_1_80' title="bbox 251 4914 1476 4996">
     <span class='ocr_line' id='line_1_84' title="bbox 251 4914 1476 4996; baseline 0 0"><span class='ocrx_word' id='word_1_566' title='bbox 251 4914 535 4996; x_wconf 57' lang='grc' dir='ltr'><strong>φαίῖξξῖδὲὲ</strong></span> <span class='ocrx_word' id='word_1_567' title='bbox 567 4941 598 4996; x_wconf 69' lang='grc' dir='ltr'><strong>ξ(</strong></span> <span class='ocrx_word' id='word_1_568' title='bbox 632 4917 755 4996; x_wconf 66' lang='lat' dir='ltr'><strong>N99</strong></span> <span class='ocrx_word' id='word_1_569' title='bbox 789 4916 958 4996; x_wconf 55' lang='lat'><strong>0.6189</strong></span> <span class='ocrx_word' id='word_1_570' title='bbox 991 4914 1418 4996; x_wconf 53' lang='lat' dir='ltr'><strong>E910.-d€°&#39;5&quot;at-</strong></span> 
     </span>
    </p>
   </div>
   <div class='ocr_carea' id='block_1_81' title="bbox 320 4983 1470 5062">
    <p class='ocr_par' dir='ltr' id='par_1_81' title="bbox 320 4983 1470 5062">
     <span class='ocr_line' id='line_1_85' title="bbox 320 4983 1470 5062; baseline -0.005 -17"><span class='ocrx_word' id='word_1_571' title='bbox 320 4991 434 5062; x_wconf 83' lang='grc'>(59)</span> <span class='ocrx_word' id='word_1_572' title='bbox 460 4988 589 5062; x_wconf 24' lang='grc' dir='ltr'>Ἐπὶ,</span> <span class='ocrx_word' id='word_1_573' title='bbox 615 4985 884 5062; x_wconf 79' lang='grc' dir='ltr'>πολλούς.</span> <span class='ocrx_word' id='word_1_574' title='bbox 918 4983 1075 5062; x_wconf 61' lang='lat' dir='ltr'><strong>C0113.</strong></span> <span class='ocrx_word' id='word_1_575' title='bbox 1110 4988 1162 5054; x_wconf 86' lang='lat'><strong>3,</strong></span> <span class='ocrx_word' id='word_1_576' title='bbox 1200 4983 1470 5062; x_wconf 50' lang='grc' dir='ltr'>ἐπὶ-πολύ.</span> 
     </span>
    </p>
   </div>
   <div class='ocr_carea' id='block_1_82' title="bbox 323 5055 1907 5150">
    <p class='ocr_par' dir='ltr' id='par_1_82' title="bbox 323 5055 1907 5150">
     <span class='ocr_line' id='line_1_86' title="bbox 323 5055 1907 5150; baseline -0.004 -34"><span class='ocrx_word' id='word_1_577' title='bbox 467 5060 724 5150; x_wconf 52' lang='grc' dir='ltr'>ξεθέντρς</span> <span class='ocrx_word' id='word_1_578' title='bbox 754 5058 862 5130; x_wconf 82' lang='grc' dir='ltr'>καί,</span> <span class='ocrx_word' id='word_1_579' title='bbox 886 5062 996 5115; x_wconf 88' lang='lat' dir='ltr'><strong>etc.</strong></span> <span class='ocrx_word' id='word_1_580' title='bbox 1030 5058 1092 5113; x_wconf 86' lang='lat' dir='ltr'><strong>1n</strong></span> <span class='ocrx_word' id='word_1_581' title='bbox 1123 5074 1224 5114; x_wconf 88' lang='lat' dir='ltr'><strong>ora</strong></span> <span class='ocrx_word' id='word_1_582' title='bbox 1255 5059 1504 5114; x_wconf 89' lang='lat' dir='ltr'><strong>Montac.</strong></span> <span class='ocrx_word' id='word_1_583' title='bbox 1531 5076 1620 5131; x_wconf 86' lang='grc' dir='ltr'><strong>γρ.</strong></span> <span class='ocrx_word' id='word_1_584' title='bbox 1652 5055 1907 5118; x_wconf 83' lang='grc' dir='ltr'>Χεθέντος</span> 
     </span>
    </p>
   </div>
   <div class='ocr_carea' id='block_1_83' title="bbox 252 5133 1907 5277">
    <p class='ocr_par' dir='ltr' id='par_1_83' title="bbox 252 5133 1907 5277">
     <span class='ocr_line' id='line_1_87' title="bbox 252 5133 1896 5221; baseline -0.004 -35"><span class='ocrx_word' id='word_1_585' title='bbox 252 5133 377 5205; x_wconf 82' lang='grc' dir='ltr'>περὶ</span> <span class='ocrx_word' id='word_1_586' title='bbox 408 5133 554 5221; x_wconf 60' lang='grc' dir='ltr'>ἡμᾶς</span> <span class='ocrx_word' id='word_1_587' title='bbox 585 5133 693 5186; x_wconf 87' lang='grc' dir='ltr'>καί.</span> <span class='ocrx_word' id='word_1_588' title='bbox 716 5205 742 5215; x_wconf 58' lang='lat'><strong>~</strong></span> <span class='ocrx_word' id='word_1_589' title='bbox 900 5163 908 5172; x_wconf 70' lang='grc' dir='ltr'><em>ι</em></span> <span class='ocrx_word' id='word_1_590' title='bbox 1001 5201 1012 5214; x_wconf 46' lang='grc'><strong>¹</strong></span> <span class='ocrx_word' id='word_1_591' title='bbox 1048 5199 1059 5212; x_wconf 43' lang='grc'><strong><em>⁸</em></strong></span> <span class='ocrx_word' id='word_1_592' title='bbox 1884 5198 1896 5213; x_wconf 28' lang='grc' dir='ltr'>η</span> 
     </span>
     <span class='ocr_line' id='line_1_88' title="bbox 327 5199 1907 5277; baseline -0.005 -18"><span class='ocrx_word' id='word_1_593' title='bbox 327 5207 440 5277; x_wconf 80' lang='lat' dir='ltr'>(6t)</span> <span class='ocrx_word' id='word_1_594' title='bbox 483 5208 560 5274; x_wconf 84' lang='grc' dir='ltr'><strong>Γῳ</strong></span> <span class='ocrx_word' id='word_1_595' title='bbox 588 5222 774 5272; x_wconf 85' lang='grc' dir='ltr'>κοινῳ.</span> <span class='ocrx_word' id='word_1_596' title='bbox 811 5204 896 5258; x_wconf 89' lang='lat' dir='ltr'><strong>Ita</strong></span> <span class='ocrx_word' id='word_1_597' title='bbox 924 5203 1063 5258; x_wconf 77' lang='lat' dir='ltr'><strong>editi</strong></span> <span class='ocrx_word' id='word_1_598' title='bbox 1113 5203 1169 5256; x_wconf 91' lang='lat' dir='ltr'><strong>et</strong></span> <span class='ocrx_word' id='word_1_599' title='bbox 1216 5217 1358 5256; x_wconf 83' lang='lat' dir='ltr'><strong>mss.</strong></span> <span class='ocrx_word' id='word_1_600' title='bbox 1410 5201 1472 5256; x_wconf 93' lang='lat' dir='ltr'><strong>In</strong></span> <span class='ocrx_word' id='word_1_601' title='bbox 1522 5199 1651 5255; x_wconf 89' lang='lat' dir='ltr'><strong>Par.</strong></span> <span class='ocrx_word' id='word_1_602' title='bbox 1705 5201 1794 5255; x_wconf 90' lang='lat' dir='ltr'><strong>od.</strong></span> <span class='ocrx_word' id='word_1_603' title='bbox 1845 5219 1907 5252; x_wconf 88' lang='grc' dir='ltr'><strong>το</strong></span> 
     </span>
    </p>
   </div>
   <div class='ocr_carea' id='block_1_84' title="bbox 252 5278 448 5348">
    <p class='ocr_par' dir='ltr' id='par_1_84' title="bbox 252 5278 448 5348">
     <span class='ocr_line' id='line_1_89' title="bbox 252 5278 448 5348; baseline 0.015 -19"><span class='ocrx_word' id='word_1_604' title='bbox 252 5278 448 5348; x_wconf 3' lang='grc' dir='ltr'>κοινῷ).</span> 
     </span>
    </p>
   </div>
   <div class='ocr_carea' id='block_1_85' title="bbox 326 5339 1224 5418">
    <p class='ocr_par' dir='ltr' id='par_1_85' title="bbox 326 5339 1224 5418">
     <span class='ocr_line' id='line_1_90' title="bbox 326 5339 1224 5418; baseline -0.003 -16"><span class='ocrx_word' id='word_1_605' title='bbox 470 5339 748 5412; x_wconf 74' lang='grc' dir='ltr'>Εὕξαιντο.</span> <span class='ocrx_word' id='word_1_606' title='bbox 779 5344 938 5400; x_wconf 85' lang='lat' dir='ltr'><strong>Pass.</strong></span> <span class='ocrx_word' id='word_1_607' title='bbox 969 5341 1224 5418; x_wconf 53' lang='grc' dir='ltr'>ηὔξαντο.</span> 
     </span>
    </p>
   </div>
   <div class='ocr_carea' id='block_1_86' title="bbox 329 5413 1904 5511">
    <p class='ocr_par' dir='ltr' id='par_1_86' title="bbox 329 5413 1904 5511">
     <span class='ocr_line' id='line_1_91' title="bbox 329 5413 1904 5511; baseline -0.007 -35"><span class='ocrx_word' id='word_1_608' title='bbox 329 5413 441 5511; x_wconf 57' lang='grc' dir='ltr'>(οξ)</span> <span class='ocrx_word' id='word_1_609' title='bbox 470 5418 697 5511; x_wconf 56' lang='lat' dir='ltr'><strong>:l’tf’jc,</strong></span> <span class='ocrx_word' id='word_1_610' title='bbox 733 5419 840 5469; x_wconf 90' lang='lat' dir='ltr'><strong>etc.</strong></span> <span class='ocrx_word' id='word_1_611' title='bbox 865 5436 893 5465; x_wconf 85' lang='lat'>«</span> <span class='ocrx_word' id='word_1_612' title='bbox 945 5413 1123 5486; x_wconf 88' lang='lat' dir='ltr'><strong>Cujus</strong></span> <span class='ocrx_word' id='word_1_613' title='bbox 1172 5434 1286 5472; x_wconf 90' lang='lat' dir='ltr'><strong>non</strong></span> <span class='ocrx_word' id='word_1_614' title='bbox 1338 5413 1616 5486; x_wconf 84' lang='lat' dir='ltr'><strong>auspiciis</strong></span> <span class='ocrx_word' id='word_1_615' title='bbox 1675 5414 1849 5469; x_wconf 85' lang='lat' dir='ltr'><strong>beati.</strong></span> <span class='ocrx_word' id='word_1_616' title='bbox 1884 5436 1904 5464; x_wconf 77' lang='grc' dir='ltr'><strong>ι</strong></span> 
     </span>
    </p>
   </div>
   <div class='ocr_carea' id='block_1_87' title="bbox 253 5491 683 5549">
    <p class='ocr_par' dir='ltr' id='par_1_87' title="bbox 253 5491 683 5549">
     <span class='ocr_line' id='line_1_92' title="bbox 253 5491 683 5549; baseline 0 -9"><span class='ocrx_word' id='word_1_617' title='bbox 253 5491 428 5545; x_wconf 83' lang='lat' dir='ltr'><strong>Savil.</strong></span> <span class='ocrx_word' id='word_1_618' title='bbox 464 5491 548 5549; x_wconf 76' lang='grc' dir='ltr'><strong>ὑφ’</strong></span> <span class='ocrx_word' id='word_1_619' title='bbox 581 5491 683 5541; x_wconf 80' lang='grc' dir='ltr'><strong>ὧν.</strong></span> 
     </span>
    </p>
   </div>
   <div class='ocr_carea' id='block_1_88' title="bbox 329 5551 1909 5633">
    <p class='ocr_par' dir='ltr' id='par_1_88' title="bbox 329 5551 1909 5633">
     <span class='ocr_line' id='line_1_93' title="bbox 329 5551 1909 5633; baseline -0.006 -15"><span class='ocrx_word' id='word_1_620' title='bbox 329 5561 438 5633; x_wconf 85' lang='grc'>(64)</span> <span class='ocrx_word' id='word_1_621' title='bbox 499 5551 1040 5627; x_wconf 66' lang='grc' dir='ltr'>Ἐπανεληλύθαμεν.</span> <span class='ocrx_word' id='word_1_622' title='bbox 1122 5559 1261 5632; x_wconf 78' lang='lat' dir='ltr'><strong>Reg.</strong></span> <span class='ocrx_word' id='word_1_623' title='bbox 1348 5559 1469 5615; x_wconf 90' lang='lat' dir='ltr'><strong>bm.</strong></span> <span class='ocrx_word' id='word_1_624' title='bbox 1547 5553 1909 5621; x_wconf 75' lang='grc' dir='ltr'>συνεληλύθα-</span> 
     </span>
    </p>
   </div>
   <div class='ocr_carea' id='block_1_89' title="bbox 255 5647 1909 5780">
    <p class='ocr_par' dir='ltr' id='par_1_89' title="bbox 255 5647 1909 5780">
     <span class='ocr_line' id='line_1_94' title="bbox 255 5647 1909 5780; baseline -0.002 -22"><span class='ocrx_word' id='word_1_625' title='bbox 255 5647 439 5775; x_wconf 39' lang='grc' dir='ltr'><strong>με(165)</strong></span> <span class='ocrx_word' id='word_1_626' title='bbox 471 5695 805 5780; x_wconf 46' lang='grc' dir='ltr'>’ξι-δρόμος.</span> <span class='ocrx_word' id='word_1_627' title='bbox 840 5696 931 5751; x_wconf 89' lang='lat' dir='ltr'><strong>Sic</strong></span> <span class='ocrx_word' id='word_1_628' title='bbox 955 5698 1078 5780; x_wconf 62' lang='lat' dir='ltr'><strong>fere</strong></span> <span class='ocrx_word' id='word_1_629' title='bbox 1121 5717 1322 5780; x_wconf 77' lang='lat' dir='ltr'><strong>omnes</strong></span> <span class='ocrx_word' id='word_1_630' title='bbox 1367 5701 1616 5780; x_wconf 79' lang='lat' dir='ltr'><strong>codices.</strong></span> <span class='ocrx_word' id='word_1_631' title='bbox 1651 5699 1909 5780; x_wconf 81' lang='lat' dir='ltr'><strong>Gombef.</strong></span> 
     </span>
    </p>
   </div>
   <div class='ocr_carea' id='block_1_90' title="bbox 249 5769 1912 5848">
    <p class='ocr_par' dir='ltr' id='par_1_90' title="bbox 249 5769 1912 5848">
     <span class='ocr_line' id='line_1_95' title="bbox 249 5769 1912 5848; baseline -0.002 -17"><span class='ocrx_word' id='word_1_632' title='bbox 249 5787 280 5815; x_wconf 75' lang='grc' dir='ltr'><em>υ</em></span> <span class='ocrx_word' id='word_1_633' title='bbox 318 5769 388 5830; x_wconf 78' lang='grc' dir='ltr'><strong>ειη</strong></span> <span class='ocrx_word' id='word_1_634' title='bbox 417 5769 648 5848; x_wconf 81' lang='lat' dir='ltr'><strong>publici</strong></span> <span class='ocrx_word' id='word_1_635' title='bbox 697 5780 906 5821; x_wconf 85' lang='lat' dir='ltr'><strong>cursus</strong></span> <span class='ocrx_word' id='word_1_636' title='bbox 950 5769 1269 5830; x_wconf 85' lang='lat' dir='ltr'><strong>tolerabilis</strong></span> <span class='ocrx_word' id='word_1_637' title='bbox 1299 5775 1570 5846; x_wconf 85' lang='lat' dir='ltr'><strong>aequitate</strong></span> <span class='ocrx_word' id='word_1_638' title='bbox 1618 5774 1912 5846; x_wconf 83' lang='lat' dir='ltr'><strong>guberna-</strong></span> 
     </span>
    </p>
   </div>
   <div class='ocr_carea' id='block_1_91' title="bbox 2007 3317 3658 3396">
    <p class='ocr_par' dir='ltr' id='par_1_91' title="bbox 2007 3317 3658 3396">
     <span class='ocr_line' id='line_1_96' title="bbox 2007 3317 3658 3396; baseline -0.002 -21"><span class='ocrx_word' id='word_1_639' title='bbox 2007 3317 2208 3394; x_wconf 73' lang='grc' dir='ltr'>ἔμελλε</span> <span class='ocrx_word' id='word_1_640' title='bbox 2254 3325 2332 3392; x_wconf 82' lang='grc' dir='ltr'>τῷ</span> <span class='ocrx_word' id='word_1_641' title='bbox 2379 3325 2544 3392; x_wconf 87' lang='grc' dir='ltr'>κοινῷ</span> <span class='ocrx_word' id='word_1_642' title='bbox 2591 3323 2836 3394; x_wconf 72' lang='grc' dir='ltr'>παρέξειν</span> <span class='ocrx_word' id='word_1_643' title='bbox 2876 3322 2971 3388; x_wconf 79' lang='grc' dir='ltr'>τήν</span> <span class='ocrx_word' id='word_1_644' title='bbox 3033 3317 3316 3396; x_wconf 80' lang='grc' dir='ltr'>ὠφέλειαν,</span> <span class='ocrx_word' id='word_1_645' title='bbox 3366 3317 3453 3372; x_wconf 78' lang='grc' dir='ltr'><strong>καὶ</strong></span> <span class='ocrx_word' id='word_1_646' title='bbox 3502 3338 3658 3393; x_wconf 85' lang='grc' dir='ltr'>περι-</span> 
     </span>
    </p>
   </div>
   <div class='ocr_carea' id='block_1_92' title="bbox 2009 3406 3658 3487">
    <p class='ocr_par' dir='ltr' id='par_1_92' title="bbox 2009 3406 3658 3487">
     <span class='ocr_line' id='line_1_97' title="bbox 2009 3406 3658 3487; baseline -0.002 -22"><span class='ocrx_word' id='word_1_647' title='bbox 2009 3409 2361 3487; x_wconf 81' lang='grc' dir='ltr'>θρυλλεῖσοαι</span> <span class='ocrx_word' id='word_1_648' title='bbox 2410 3413 2571 3484; x_wconf 68' lang='grc' dir='ltr'>ἡμῶν</span> <span class='ocrx_word' id='word_1_649' title='bbox 2632 3408 2738 3465; x_wconf 79' lang='grc' dir='ltr'>ἔδει</span> <span class='ocrx_word' id='word_1_650' title='bbox 2779 3410 2844 3464; x_wconf 79' lang='grc' dir='ltr'>τὰ</span> <span class='ocrx_word' id='word_1_651' title='bbox 2890 3411 3002 3462; x_wconf 81' lang='grc' dir='ltr'>ὦτα</span> <span class='ocrx_word' id='word_1_652' title='bbox 3064 3406 3267 3462; x_wconf 84' lang='grc' dir='ltr'>τούτων</span> <span class='ocrx_word' id='word_1_653' title='bbox 3337 3406 3658 3480; x_wconf 73' lang='grc' dir='ltr'>ἐπαινουμέ-</span> 
     </span>
    </p>
   </div>
   <div class='ocr_carea' id='block_1_93' title="bbox 2006 3495 3662 3573">
    <p class='ocr_par' dir='ltr' id='par_1_93' title="bbox 2006 3495 3662 3573">
     <span class='ocr_line' id='line_1_98' title="bbox 2006 3495 3662 3573; baseline -0.003 -19"><span class='ocrx_word' id='word_1_654' title='bbox 2006 3522 2112 3554; x_wconf 89' lang='grc' dir='ltr'><strong>νων</strong></span> <span class='ocrx_word' id='word_1_655' title='bbox 2140 3503 2288 3573; x_wconf 84' lang='grc'>(68)·</span> <span class='ocrx_word' id='word_1_656' title='bbox 2325 3497 2494 3572; x_wconf 72' lang='grc' dir='ltr'>δῆμοι</span> <span class='ocrx_word' id='word_1_657' title='bbox 2527 3497 2584 3554; x_wconf 75' lang='grc' dir='ltr'><strong>δὲ</strong></span> <span class='ocrx_word' id='word_1_658' title='bbox 2633 3499 2998 3567; x_wconf 82' lang='grc' dir='ltr'>στασιάζοντες</span> <span class='ocrx_word' id='word_1_659' title='bbox 3043 3497 3131 3550; x_wconf 72' lang='grc' dir='ltr'><strong>καὶ</strong></span> <span class='ocrx_word' id='word_1_660' title='bbox 3160 3495 3376 3568; x_wconf 88' lang='grc' dir='ltr'>πόλεις,</span> <span class='ocrx_word' id='word_1_661' title='bbox 3404 3496 3494 3551; x_wconf 85' lang='grc' dir='ltr'><strong>καὶ</strong></span> <span class='ocrx_word' id='word_1_662' title='bbox 3527 3496 3662 3571; x_wconf 79' lang='grc' dir='ltr'>γένη</span> 
     </span>
    </p>
   </div>
   <div class='ocr_carea' id='block_1_94' title="bbox 2011 3585 3666 3665">
    <p class='ocr_par' dir='ltr' id='par_1_94' title="bbox 2011 3585 3666 3665">
     <span class='ocr_line' id='line_1_99' title="bbox 2011 3585 3666 3665; baseline -0.002 -24"><span class='ocrx_word' id='word_1_663' title='bbox 2011 3588 2344 3665; x_wconf 75' lang='grc' dir='ltr'>ῥηγνύμενα,</span> <span class='ocrx_word' id='word_1_664' title='bbox 2393 3588 2482 3642; x_wconf 78' lang='grc' dir='ltr'><strong>καὶ</strong></span> <span class='ocrx_word' id='word_1_665' title='bbox 2516 3589 2680 3643; x_wconf 83' lang='grc' dir='ltr'>οἰκίαι</span> <span class='ocrx_word' id='word_1_666' title='bbox 2733 3586 3090 3660; x_wconf 78' lang='grc' dir='ltr'>διιστάμεναι,</span> <span class='ocrx_word' id='word_1_667' title='bbox 3119 3585 3208 3641; x_wconf 84' lang='grc' dir='ltr'><strong>καὶ</strong></span> <span class='ocrx_word' id='word_1_668' title='bbox 3241 3585 3485 3661; x_wconf 83' lang='grc' dir='ltr'>συζυγίαι</span> <span class='ocrx_word' id='word_1_669' title='bbox 3536 3605 3666 3660; x_wconf 83' lang='grc' dir='ltr'>σχι-</span> 
     </span>
    </p>
   </div>
   <div class='ocr_carea' id='block_1_95' title="bbox 2011 3671 3667 3751">
    <p class='ocr_par' dir='ltr' id='par_1_95' title="bbox 2011 3671 3667 3751">
     <span class='ocr_line' id='line_1_100' title="bbox 2011 3671 3667 3751; baseline -0.002 -20"><span class='ocrx_word' id='word_1_670' title='bbox 2011 3678 2251 3751; x_wconf 76' lang='grc' dir='ltr'>ζόμεναι,</span> <span class='ocrx_word' id='word_1_671' title='bbox 2311 3678 2342 3732; x_wconf 74' lang='grc' dir='ltr'>ἃ</span> <span class='ocrx_word' id='word_1_672' title='bbox 2397 3682 2474 3750; x_wconf 77' lang='grc' dir='ltr'>τῷ</span> <span class='ocrx_word' id='word_1_673' title='bbox 2530 3675 2680 3748; x_wconf 85' lang='grc' dir='ltr'>κακῷ</span> <span class='ocrx_word' id='word_1_674' title='bbox 2746 3677 2919 3732; x_wconf 76' lang='grc' dir='ltr'>πάντα</span> <span class='ocrx_word' id='word_1_675' title='bbox 2980 3678 3045 3745; x_wconf 72' lang='grc' dir='ltr'>ἦν</span> <span class='ocrx_word' id='word_1_676' title='bbox 3123 3675 3265 3736; x_wconf 75' lang='grc' dir='ltr'>εἷκὸς</span> <span class='ocrx_word' id='word_1_677' title='bbox 3344 3671 3667 3737; x_wconf 84' lang='grc' dir='ltr'>ἀκολουθεῖν</span> 
     </span>
    </p>
   </div>
   <div class='ocr_carea' id='block_1_96' title="bbox 2009 3760 3670 3842">
    <p class='ocr_par' dir='ltr' id='par_1_96' title="bbox 2009 3760 3670 3842">
     <span class='ocr_line' id='line_1_101' title="bbox 2009 3760 3670 3842; baseline -0.004 -20"><span class='ocrx_word' id='word_1_678' title='bbox 2009 3768 2216 3840; x_wconf 74' lang='grc' dir='ltr'>ἐκείνῳ,</span> <span class='ocrx_word' id='word_1_679' title='bbox 2266 3766 2355 3822; x_wconf 85' lang='grc' dir='ltr'><strong>καὶ</strong></span> <span class='ocrx_word' id='word_1_680' title='bbox 2412 3767 2594 3840; x_wconf 87' lang='grc' dir='ltr'>μέντοι</span> <span class='ocrx_word' id='word_1_681' title='bbox 2652 3767 2742 3821; x_wconf 87' lang='grc' dir='ltr'><strong>καὶ</strong></span> <span class='ocrx_word' id='word_1_682' title='bbox 2799 3764 3146 3835; x_wconf 74' lang='grc' dir='ltr'>ἠκολούθησε</span> <span class='ocrx_word' id='word_1_683' title='bbox 3202 3760 3430 3842; x_wconf 79' lang='grc' dir='ltr'>σφόδρα,</span> <span class='ocrx_word' id='word_1_684' title='bbox 3468 3763 3670 3837; x_wconf 83' lang='grc' dir='ltr'>ἣπρὸς</span> 
     </span>
    </p>
   </div>
   <div class='ocr_carea' id='block_1_97' title="bbox 2010 3853 3664 3930">
    <p class='ocr_par' dir='ltr' id='par_1_97' title="bbox 2010 3853 3664 3930">
     <span class='ocr_line' id='line_1_102' title="bbox 2010 3853 3664 3930; baseline -0.005 -18"><span class='ocrx_word' id='word_1_685' title='bbox 2010 3855 2246 3928; x_wconf 77' lang='grc' dir='ltr'>εὐδοξίαν</span> <span class='ocrx_word' id='word_1_686' title='bbox 2296 3855 2485 3929; x_wconf 79' lang='grc' dir='ltr'>ἐκείνῳ</span> <span class='ocrx_word' id='word_1_687' title='bbox 2543 3854 2813 3911; x_wconf 78' lang='grc' dir='ltr'>κάλλιστα</span> <span class='ocrx_word' id='word_1_688' title='bbox 2870 3855 3039 3930; x_wconf 72' lang='grc' dir='ltr'>εἶχεν,</span> <span class='ocrx_word' id='word_1_689' title='bbox 3175 3857 3254 3925; x_wconf 80' lang='grc' dir='ltr'>τῷ</span> <span class='ocrx_word' id='word_1_690' title='bbox 3303 3856 3471 3924; x_wconf 86' lang='grc' dir='ltr'>κοινῷ</span> <span class='ocrx_word' id='word_1_691' title='bbox 3527 3853 3664 3926; x_wconf 88' lang='grc' dir='ltr'>πρὸς</span> 
     </span>
    </p>
   </div>
   <div class='ocr_carea' id='block_1_98' title="bbox 2010 3935 3668 4024">
    <p class='ocr_par' dir='ltr' id='par_1_98' title="bbox 2010 3935 3668 4024">
     <span class='ocr_line' id='line_1_103' title="bbox 2010 3935 3668 4024; baseline -0.004 -23"><span class='ocrx_word' id='word_1_692' title='bbox 2010 3945 2300 4024; x_wconf 65' lang='grc' dir='ltr'>ἀσφάλειαν</span> <span class='ocrx_word' id='word_1_693' title='bbox 2350 3949 2503 4019; x_wconf 82' lang='grc'>(69);</span> <span class='ocrx_word' id='word_1_694' title='bbox 2558 3945 2740 4000; x_wconf 81' lang='grc' dir='ltr'>Καίτοι</span> <span class='ocrx_word' id='word_1_695' title='bbox 2798 3944 2881 4005; x_wconf 86' lang='grc' dir='ltr'><strong>τίς</strong></span> <span class='ocrx_word' id='word_1_696' title='bbox 2933 3943 3107 4006; x_wconf 65' lang='grc' dir='ltr'>οὕτως</span> <span class='ocrx_word' id='word_1_697' title='bbox 3238 3942 3374 4017; x_wconf 85' lang='grc' dir='ltr'>πρὸς</span> <span class='ocrx_word' id='word_1_698' title='bbox 3424 3935 3668 3995; x_wconf 78' lang='grc' dir='ltr'>ἀσέϐειαν</span> 
     </span>
    </p>
   </div>
   <div class='ocr_carea' id='block_1_99' title="bbox 2011 4028 3673 4109">
    <p class='ocr_par' dir='ltr' id='par_1_99' title="bbox 2011 4028 3673 4109">
     <span class='ocr_line' id='line_1_104' title="bbox 2011 4028 3673 4109; baseline -0.005 -19"><span class='ocrx_word' id='word_1_699' title='bbox 2011 4034 2258 4105; x_wconf 74' lang='grc' dir='ltr'>εὔκολος,</span> <span class='ocrx_word' id='word_1_700' title='bbox 2291 4037 2324 4104; x_wconf 79' lang='grc' dir='ltr'>ἢ</span> <span class='ocrx_word' id='word_1_701' title='bbox 2350 4040 2456 4090; x_wconf 85' lang='grc' dir='ltr'><strong>τῶν</strong></span> <span class='ocrx_word' id='word_1_702' title='bbox 2490 4039 2684 4090; x_wconf 81' lang='grc' dir='ltr'>κοινῶν</span> <span class='ocrx_word' id='word_1_703' title='bbox 2717 4032 2816 4105; x_wconf 76' lang='grc' dir='ltr'><strong>ἔξω</strong></span> <span class='ocrx_word' id='word_1_704' title='bbox 2846 4032 3153 4109; x_wconf 88' lang='grc' dir='ltr'>λογισμῶν,</span> <span class='ocrx_word' id='word_1_705' title='bbox 3194 4033 3342 4094; x_wconf 75' lang='grc' dir='ltr'>’ὀστις</span> <span class='ocrx_word' id='word_1_706' title='bbox 3394 4028 3451 4085; x_wconf 69' lang='grc' dir='ltr'>ἂν</span> <span class='ocrx_word' id='word_1_707' title='bbox 3507 4033 3673 4084; x_wconf 80' lang='grc' dir='ltr'>ταῦτα</span> 
     </span>
    </p>
   </div>
   <div class='ocr_carea' id='block_1_100' title="bbox 2011 4118 3671 4202">
    <p class='ocr_par' dir='ltr' id='par_1_100' title="bbox 2011 4118 3671 4202">
     <span class='ocr_line' id='line_1_105' title="bbox 2011 4118 3671 4202; baseline -0.003 -24"><span class='ocrx_word' id='word_1_708' title='bbox 2011 4127 2385 4202; x_wconf 71' lang='grc' dir='ltr'>συμφήσειεν;</span> <span class='ocrx_word' id='word_1_709' title='bbox 2433 4126 2637 4198; x_wconf 73' lang='grc' dir='ltr'>’Ὠσπερ</span> <span class='ocrx_word' id='word_1_710' title='bbox 2686 4123 2789 4197; x_wconf 80' lang='grc' dir='ltr'>γὰρ</span> <span class='ocrx_word' id='word_1_711' title='bbox 2838 4121 2888 4176; x_wconf 80' lang='grc' dir='ltr'><strong>ἐν</strong></span> <span class='ocrx_word' id='word_1_712' title='bbox 2935 4128 3050 4183; x_wconf 87' lang='grc' dir='ltr'>τοῖς</span> <span class='ocrx_word' id='word_1_713' title='bbox 3100 4122 3370 4193; x_wconf 87' lang='grc' dir='ltr'>σώμασιν,</span> <span class='ocrx_word' id='word_1_714' title='bbox 3418 4119 3534 4181; x_wconf 71' lang='grc' dir='ltr'>ἑνὸς</span> <span class='ocrx_word' id='word_1_715' title='bbox 3579 4118 3671 4193; x_wconf 73' lang='grc' dir='ltr'>μὲν</span> 
     </span>
    </p>
   </div>
   <div class='ocr_carea' id='block_1_101' title="bbox 2010 4206 3670 4287">
    <p class='ocr_par' dir='ltr' id='par_1_101' title="bbox 2010 4206 3670 4287">
     <span class='ocr_line' id='line_1_106' title="bbox 2010 4206 3670 4287; baseline -0.004 -19"><span class='ocrx_word' id='word_1_716' title='bbox 2010 4216 2043 4283; x_wconf 84' lang='grc' dir='ltr'>ἢ</span> <span class='ocrx_word' id='word_1_717' title='bbox 2092 4211 2240 4269; x_wconf 87' lang='grc' dir='ltr'>δυοῖν</span> <span class='ocrx_word' id='word_1_718' title='bbox 2301 4215 2413 4287; x_wconf 87' lang='grc'>(70)</span> <span class='ocrx_word' id='word_1_719' title='bbox 2485 4209 2667 4285; x_wconf 86' lang='grc' dir='ltr'>μελῶν</span> <span class='ocrx_word' id='word_1_720' title='bbox 2737 4209 3112 4284; x_wconf 81' lang='grc' dir='ltr'>ἀσθενέστερον</span> <span class='ocrx_word' id='word_1_721' title='bbox 3173 4207 3550 4282; x_wconf 86' lang='grc' dir='ltr'>διακειμένων,</span> <span class='ocrx_word' id='word_1_722' title='bbox 3611 4206 3670 4262; x_wconf 80' lang='grc' dir='ltr'><strong>οὐ</strong></span> 
     </span>
    </p>
   </div>
   <div class='ocr_carea' id='block_1_102' title="bbox 2014 4330 3674 4406">
    <p class='ocr_par' dir='ltr' id='par_1_102' title="bbox 2014 4330 3674 4406">
     <span class='ocr_line' id='line_1_107' title="bbox 2014 4330 3674 4406; baseline -0.004 -11"><span class='ocrx_word' id='word_1_723' title='bbox 2014 4341 2119 4395; x_wconf 90' lang='lat' dir='ltr'><strong>tio.</strong></span> <span class='ocrx_word' id='word_1_724' title='bbox 2148 4362 2175 4388; x_wconf 84' lang='grc'><strong>››</strong></span> <span class='ocrx_word' id='word_1_725' title='bbox 2201 4339 2365 4394; x_wconf 88' lang='lat' dir='ltr'><strong>Pass.</strong></span> <span class='ocrx_word' id='word_1_726' title='bbox 2401 4337 2470 4403; x_wconf 90' lang='grc' dir='ltr'><strong><em>ᾟ</em></strong></span> <span class='ocrx_word' id='word_1_727' title='bbox 2503 4333 2702 4406; x_wconf 80' lang='grc' dir='ltr'>δῆμος.</span> <span class='ocrx_word' id='word_1_728' title='bbox 2737 4335 2869 4402; x_wconf 87' lang='lat' dir='ltr'><strong>Alii,</strong></span> <span class='ocrx_word' id='word_1_729' title='bbox 2902 4332 2936 4402; x_wconf 72' lang='grc' dir='ltr'><strong>ἢ</strong></span> <span class='ocrx_word' id='word_1_730' title='bbox 2973 4330 3173 4406; x_wconf 79' lang='grc' dir='ltr'>δῆμος,</span> <span class='ocrx_word' id='word_1_731' title='bbox 3205 4355 3234 4384; x_wconf 88' lang='grc'><em>‹‹</em></span> <span class='ocrx_word' id='word_1_732' title='bbox 3263 4334 3489 4406; x_wconf 88' lang='lat' dir='ltr'><strong>populi,</strong></span> <span class='ocrx_word' id='word_1_733' title='bbox 3515 4355 3542 4384; x_wconf 74' lang='lat'><strong>&gt;~</strong></span> <span class='ocrx_word' id='word_1_734' title='bbox 3576 4348 3674 4398; x_wconf 73' lang='lat' dir='ltr'><strong>aut</strong></span> 
     </span>
    </p>
   </div>
   <div class='ocr_carea' id='block_1_103' title="bbox 2017 4408 2724 4482">
    <p class='ocr_par' dir='ltr' id='par_1_103' title="bbox 2017 4408 2724 4482">
     <span class='ocr_line' id='line_1_108' title="bbox 2017 4408 2724 4482; baseline 0 -20"><span class='ocrx_word' id='word_1_735' title='bbox 2017 4435 2044 4462; x_wconf 88' lang='grc'><strong>‹‹</strong></span> <span class='ocrx_word' id='word_1_736' title='bbox 2083 4409 2266 4482; x_wconf 86' lang='lat' dir='ltr'><strong>plebis</strong></span> <span class='ocrx_word' id='word_1_737' title='bbox 2298 4408 2668 4482; x_wconf 76' lang='lat' dir='ltr'><strong>gubernatio.</strong></span> <span class='ocrx_word' id='word_1_738' title='bbox 2696 4428 2724 4457; x_wconf 86' lang='grc'>››</span> 
     </span>
    </p>
   </div>
   <div class='ocr_carea' id='block_1_104' title="bbox 2086 4472 3672 4563">
    <p class='ocr_par' dir='ltr' id='par_1_104' title="bbox 2086 4472 3672 4563">
     <span class='ocr_line' id='line_1_109' title="bbox 2086 4472 3672 4563; baseline -0.003 -27"><span class='ocrx_word' id='word_1_739' title='bbox 2086 4472 2550 4563; x_wconf 40' lang='grc' dir='ltr'>,Ἀρχόντων-</span> <span class='ocrx_word' id='word_1_740' title='bbox 2575 4478 2802 4563; x_wconf 64' lang='grc' dir='ltr'><strong>ἐκλογήζ</strong></span> <span class='ocrx_word' id='word_1_741' title='bbox 2833 4477 2991 4560; x_wconf 61' lang='lat' dir='ltr'><strong>Pass.</strong></span> <span class='ocrx_word' id='word_1_742' title='bbox 3039 4472 3283 4563; x_wconf 59' lang='grc' dir='ltr'>ᾖκλογαί.</span> <span class='ocrx_word' id='word_1_743' title='bbox 3329 4475 3672 4563; x_wconf 57' lang='lat' dir='ltr'><strong>crudelissi-</strong></span> 
     </span>
    </p>
   </div>
   <div class='ocr_carea' id='block_1_105' title="bbox 2017 4547 3670 4625">
    <p class='ocr_par' dir='ltr' id='par_1_105' title="bbox 2017 4547 3670 4625">
     <span class='ocr_line' id='line_1_110' title="bbox 2017 4547 3670 4625; baseline -0.004 -17"><span class='ocrx_word' id='word_1_744' title='bbox 2017 4547 2103 4608; x_wconf 86' lang='lat' dir='ltr'><strong>mi</strong></span> <span class='ocrx_word' id='word_1_745' title='bbox 2131 4547 2193 4607; x_wconf 67' lang='lat' dir='ltr'><strong>et’</strong></span> <span class='ocrx_word' id='word_1_746' title='bbox 2215 4547 2554 4625; x_wconf 67' lang='lat' dir='ltr'><strong>im&#39;piissimi</strong></span> <span class='ocrx_word' id='word_1_747' title='bbox 2587 4547 2755 4608; x_wconf 79' lang='lat' dir='ltr'><strong>erant</strong></span> <span class='ocrx_word' id='word_1_748' title='bbox 2790 4550 2850 4605; x_wconf 91' lang='lat' dir='ltr'><strong>hi</strong></span> <span class='ocrx_word' id='word_1_749' title='bbox 2898 4547 3302 4621; x_wconf 82' lang='lat' dir='ltr'><strong>magistratus,</strong></span> <span class='ocrx_word' id='word_1_750' title='bbox 3340 4554 3404 4604; x_wconf 89' lang='lat' dir='ltr'><strong>ut</strong></span> <span class='ocrx_word' id='word_1_751' title='bbox 3432 4565 3500 4605; x_wconf 82' lang='lat' dir='ltr'><strong>ex</strong></span> <span class='ocrx_word' id='word_1_752' title='bbox 3529 4547 3670 4605; x_wconf 86' lang='lat' dir='ltr'><strong>scri-</strong></span> 
     </span>
    </p>
   </div>
   <div class='ocr_carea' id='block_1_106' title="bbox 504 4618 1889 4704">
    <p class='ocr_par' dir='ltr' id='par_1_106' title="bbox 504 4618 1889 4704">
     <span class='ocr_line' id='line_1_111' title="bbox 504 4618 1889 4704; baseline -0.001 -21"><span class='ocrx_word' id='word_1_753' title='bbox 504 4618 1117 4704; x_wconf 54' lang='grc' dir='ltr'>Περισπουδῖιστότέρον.</span> <span class='ocrx_word' id='word_1_754' title='bbox 1156 4618 1168 4622; x_wconf 41' lang='grc'>⁷</span> <span class='ocrx_word' id='word_1_755' title='bbox 1201 4627 1363 4683; x_wconf 78' lang='lat' dir='ltr'><strong>Pass.</strong></span> <span class='ocrx_word' id='word_1_756' title='bbox 1448 4625 1889 4703; x_wconf 82' lang='grc' dir='ltr'>περισπουδάστε·</span> 
     </span>
    </p>
   </div>
   <div class='ocr_carea' id='block_1_107' title="bbox 2011 4618 2622 4704">
    <p class='ocr_par' dir='ltr' id='par_1_107' title="bbox 2019 4618 2622 4704">
     <span class='ocr_line' id='line_1_112' title="bbox 2019 4618 2622 4704; baseline 0 -26"><span class='ocrx_word' id='word_1_757' title='bbox 2019 4618 2622 4704; x_wconf 48' lang='lat' dir='ltr'><strong>ptoribusﬂiscimus.</strong></span> 
     </span>
    </p>
   </div>
   <div class='ocr_carea' id='block_1_108' title="bbox 2090 4687 3675 4768">
    <p class='ocr_par' dir='ltr' id='par_1_108' title="bbox 2090 4687 3675 4768">
     <span class='ocr_line' id='line_1_113' title="bbox 2090 4687 3675 4768; baseline -0.005 -18"><span class='ocrx_word' id='word_1_758' title='bbox 2090 4697 2202 4768; x_wconf 87' lang='grc'>(67)</span> <span class='ocrx_word' id='word_1_759' title='bbox 2251 4695 2504 4764; x_wconf 81' lang='grc' dir='ltr'>Κλοπῶν,</span> <span class='ocrx_word' id='word_1_760' title='bbox 2567 4701 2675 4752; x_wconf 90' lang='lat' dir='ltr'><strong>etc.</strong></span> <span class='ocrx_word' id='word_1_761' title='bbox 2737 4695 2988 4768; x_wconf 78' lang='lat' dir='ltr'><strong>Montac.</strong></span> <span class='ocrx_word' id='word_1_762' title='bbox 3051 4707 3120 4746; x_wconf 83' lang='lat' dir='ltr'><strong>ex</strong></span> <span class='ocrx_word' id='word_1_763' title='bbox 3175 4690 3494 4768; x_wconf 69' lang='lat' dir='ltr'><strong>Gabr._~{p.</strong></span> <span class='ocrx_word' id='word_1_764' title='bbox 3554 4687 3675 4768; x_wconf 79' lang='grc' dir='ltr'>κλε-</span> 
     </span>
    </p>
   </div>
   <div class='ocr_carea' id='block_1_109' title="bbox 2015 4761 3673 4838">
    <p class='ocr_par' dir='ltr' id='par_1_109' title="bbox 2015 4761 3673 4838">
     <span class='ocr_line' id='line_1_114' title="bbox 2015 4761 3673 4838; baseline -0.003 -17"><span class='ocrx_word' id='word_1_765' title='bbox 2015 4761 2195 4822; x_wconf 58' lang='grc' dir='ltr'>πτῶν(</span> <span class='ocrx_word' id='word_1_766' title='bbox 2220 4761 2502 4826; x_wconf 67' lang='lat' dir='ltr'><strong>Cmterum</strong></span> <span class='ocrx_word' id='word_1_767' title='bbox 2533 4783 2730 4825; x_wconf 86' lang='lat' dir='ltr'><strong>rerum</strong></span> <span class='ocrx_word' id='word_1_768' title='bbox 2766 4765 3136 4838; x_wconf 77' lang='lat' dir='ltr'><strong>publicarum</strong></span> <span class='ocrx_word' id='word_1_769' title='bbox 3169 4761 3552 4838; x_wconf 70' lang='lat' dir='ltr'><strong>administros</strong></span> <span class='ocrx_word' id='word_1_770' title='bbox 3583 4763 3673 4816; x_wconf 92' lang='lat' dir='ltr'><strong>in-</strong></span> 
     </span>
    </p>
   </div>
   <div class='ocr_carea' id='block_1_110' title="bbox 2015 4833 3673 4912">
    <p class='ocr_par' dir='ltr' id='par_1_110' title="bbox 2015 4833 3673 4912">
     <span class='ocr_line' id='line_1_115' title="bbox 2015 4833 3673 4912; baseline -0.004 -18"><span class='ocrx_word' id='word_1_771' title='bbox 2015 4841 2228 4912; x_wconf 81' lang='lat' dir='ltr'><strong>telligit</strong></span> <span class='ocrx_word' id='word_1_772' title='bbox 2261 4842 2676 4912; x_wconf 79' lang='lat' dir='ltr'><strong>Montaculins,</strong></span> <span class='ocrx_word' id='word_1_773' title='bbox 2711 4833 2811 4912; x_wconf 79' lang='lat' dir='ltr'><strong>qui</strong></span> <span class='ocrx_word' id='word_1_774' title='bbox 2849 4836 3154 4912; x_wconf 68' lang='lat' dir='ltr'><strong>Julianum</strong></span> <span class='ocrx_word' id='word_1_775' title='bbox 3204 4833 3673 4912; x_wconf 46' lang='lat' dir='ltr'><strong>lau_dat..V_e_rum</strong></span> 
     </span>
    </p>
   </div>
   <div class='ocr_carea' id='block_1_111' title="bbox 2020 4905 3672 4982">
    <p class='ocr_par' dir='ltr' id='par_1_111' title="bbox 2020 4905 3672 4982">
     <span class='ocr_line' id='line_1_116' title="bbox 2020 4905 3672 4982; baseline -0.005 -15"><span class='ocrx_word' id='word_1_776' title='bbox 2020 4905 2254 4968; x_wconf 63' lang='lat' dir='ltr'><strong>monere</strong></span> <span class='ocrx_word' id='word_1_777' title='bbox 2278 4915 2579 4982; x_wconf 88' lang='lat' dir='ltr'><strong>debuerat,</strong></span> <span class='ocrx_word' id='word_1_778' title='bbox 2603 4905 2765 4964; x_wconf 85' lang='lat' dir='ltr'><strong>illam</strong></span> <span class='ocrx_word' id='word_1_779' title='bbox 2788 4907 3152 4982; x_wconf 76' lang='lat' dir='ltr'><strong>judiciorum</strong></span> <span class='ocrx_word' id='word_1_780' title='bbox 3184 4905 3672 4982; x_wconf 74' lang='lat' dir='ltr'><strong>curiamJuliani-</strong></span> 
     </span>
    </p>
   </div>
   <div class='ocr_carea' id='block_1_112' title="bbox 2017 4976 3674 5055">
    <p class='ocr_par' dir='ltr' id='par_1_112' title="bbox 2017 4976 3674 5055">
     <span class='ocr_line' id='line_1_117' title="bbox 2017 4976 3674 5055; baseline -0.006 -16"><span class='ocrx_word' id='word_1_781' title='bbox 2017 5000 2127 5053; x_wconf 86' lang='lat' dir='ltr'><strong>que</strong></span> <span class='ocrx_word' id='word_1_782' title='bbox 2150 4985 2467 5055; x_wconf 82' lang='lat' dir='ltr'><strong>justitiam,</strong></span> <span class='ocrx_word' id='word_1_783' title='bbox 2500 4976 2690 5055; x_wconf 79' lang='lat' dir='ltr'><strong>ipsius</strong></span> <span class='ocrx_word' id='word_1_784' title='bbox 2731 4976 2908 5055; x_wconf 82' lang='lat' dir='ltr'><strong>etiam</strong></span> <span class='ocrx_word' id='word_1_785' title='bbox 2931 5051 2939 5055; x_wconf 84' lang='lat'><strong>_</strong></span> <span class='ocrx_word' id='word_1_786' title='bbox 2962 4977 3369 5055; x_wconf 78' lang='lat' dir='ltr'><strong>adoratoribus</strong></span> <span class='ocrx_word' id='word_1_787' title='bbox 3402 4976 3674 5055; x_wconf 51' lang='lat' dir='ltr'><strong>lacrymis</strong></span> 
     </span>
    </p>
   </div>
   <div class='ocr_carea' id='block_1_113' title="bbox 2017 5048 3678 5127">
    <p class='ocr_par' dir='ltr' id='par_1_113' title="bbox 2017 5048 3678 5127">
     <span class='ocr_line' id='line_1_118' title="bbox 2017 5048 3678 5127; baseline -0.006 -17"><span class='ocrx_word' id='word_1_788' title='bbox 2017 5048 2256 5127; x_wconf 46' lang='lat' dir='ltr'><strong>(lignvam</strong></span> <span class='ocrx_word' id='word_1_789' title='bbox 2292 5048 2609 5125; x_wconf 75' lang='lat' dir='ltr'><strong>aliquando</strong></span> <span class='ocrx_word' id='word_1_790' title='bbox 2638 5053 2828 5127; x_wconf 82' lang='lat' dir='ltr'><strong>visam</strong></span> <span class='ocrx_word' id='word_1_791' title='bbox 2864 5051 3065 5127; x_wconf 79' lang='lat' dir='ltr'><strong>fuisse,</strong></span> <span class='ocrx_word' id='word_1_792' title='bbox 3094 5066 3270 5127; x_wconf 64' lang='lat' dir='ltr'><strong>quam</strong></span> <span class='ocrx_word' id='word_1_793' title='bbox 3296 5071 3323 5099; x_wconf 88' lang='grc'><strong>‹‹</strong></span> <span class='ocrx_word' id='word_1_794' title='bbox 3343 5049 3486 5127; x_wconf 74' lang='lat' dir='ltr'><strong>ipsa</strong></span> <span class='ocrx_word' id='word_1_795' title='bbox 3514 5048 3678 5127; x_wconf 64' lang='lat' dir='ltr'><strong>fleret</strong></span> 
     </span>
    </p>
   </div>
   <div class='ocr_carea' id='block_1_114' title="bbox 2010 5119 3674 5199">
    <p class='ocr_par' dir='ltr' id='par_1_114' title="bbox 2010 5119 3674 5199">
     <span class='ocr_line' id='line_1_119' title="bbox 2010 5119 3674 5199; baseline -0.006 -17"><span class='ocrx_word' id='word_1_796' title='bbox 2010 5119 2264 5199; x_wconf 67' lang='lat' dir='ltr'><strong>justitia.</strong></span> <span class='ocrx_word' id='word_1_797' title='bbox 2293 5152 2318 5178; x_wconf 86' lang='grc'><strong>››</strong></span> <span class='ocrx_word' id='word_1_798' title='bbox 2343 5119 2540 5199; x_wconf 81' lang='lat' dir='ltr'><strong>Neque</strong></span> <span class='ocrx_word' id='word_1_799' title='bbox 2572 5126 2727 5199; x_wconf 86' lang='lat' dir='ltr'><strong>enim</strong></span> <span class='ocrx_word' id='word_1_800' title='bbox 2763 5126 2818 5199; x_wconf 81' lang='lat' dir='ltr'><strong>in</strong></span> <span class='ocrx_word' id='word_1_801' title='bbox 2852 5119 3296 5199; x_wconf 63' lang='lat' dir='ltr'><strong>magistratibus</strong></span> <span class='ocrx_word' id='word_1_802' title='bbox 3319 5119 3674 5199; x_wconf 83' lang='lat' dir='ltr'><strong>deligendis,</strong></span> 
     </span>
    </p>
   </div>
   <div class='ocr_carea' id='block_1_115' title="bbox 2019 5192 3678 5268">
    <p class='ocr_par' dir='ltr' id='par_1_115' title="bbox 2019 5192 3678 5268">
     <span class='ocr_line' id='line_1_120' title="bbox 2019 5192 3678 5268; baseline -0.007 -14"><span class='ocrx_word' id='word_1_803' title='bbox 2019 5192 2118 5254; x_wconf 76' lang='lat' dir='ltr'><strong>sed</strong></span> <span class='ocrx_word' id='word_1_804' title='bbox 2153 5223 2179 5249; x_wconf 84' lang='lat'><strong>«</strong></span> <span class='ocrx_word' id='word_1_805' title='bbox 2217 5217 2288 5254; x_wconf 87' lang='lat' dir='ltr'><strong>ne</strong></span> <span class='ocrx_word' id='word_1_806' title='bbox 2331 5199 2389 5252; x_wconf 86' lang='lat' dir='ltr'><strong>in</strong></span> <span class='ocrx_word' id='word_1_807' title='bbox 2425 5192 2627 5253; x_wconf 83' lang='lat' dir='ltr'><strong>amicis</strong></span> <span class='ocrx_word' id='word_1_808' title='bbox 2679 5197 2940 5268; x_wconf 71' lang='lat' dir='ltr'><strong>quidam,</strong></span> <span class='ocrx_word' id='word_1_809' title='bbox 2966 5192 2997 5244; x_wconf 68' lang='lat'><strong>3&gt;</strong></span> <span class='ocrx_word' id='word_1_810' title='bbox 3032 5199 3176 5268; x_wconf 86' lang='lat' dir='ltr'><strong>teste</strong></span> <span class='ocrx_word' id='word_1_811' title='bbox 3226 5192 3525 5268; x_wconf 78' lang='lat' dir='ltr'><strong>Eutropio,</strong></span> <span class='ocrx_word' id='word_1_812' title='bbox 3557 5196 3678 5245; x_wconf 87' lang='lat' dir='ltr'><strong>tam</strong></span> 
     </span>
    </p>
   </div>
   <div class='ocr_carea' id='block_1_116' title="bbox 2021 5265 3682 5342">
    <p class='ocr_par' dir='ltr' id='par_1_116' title="bbox 2021 5265 3682 5342">
     <span class='ocr_line' id='line_1_121' title="bbox 2021 5265 3682 5342; baseline -0.007 -15"><span class='ocrx_word' id='word_1_813' title='bbox 2021 5271 2206 5327; x_wconf 87' lang='lat' dir='ltr'><strong>solers</strong></span> <span class='ocrx_word' id='word_1_814' title='bbox 2228 5289 2294 5326; x_wconf 89' lang='lat' dir='ltr'><strong>ac</strong></span> <span class='ocrx_word' id='word_1_815' title='bbox 2315 5270 2564 5342; x_wconf 87' lang='lat' dir='ltr'><strong>diligens</strong></span> <span class='ocrx_word' id='word_1_816' title='bbox 2591 5265 2715 5325; x_wconf 77' lang='lat' dir='ltr'><strong>erat</strong></span> <span class='ocrx_word' id='word_1_817' title='bbox 2742 5267 3038 5331; x_wconf 90' lang='lat' dir='ltr'><strong>Julianus,</strong></span> <span class='ocrx_word' id='word_1_818' title='bbox 3066 5265 3281 5342; x_wconf 89' lang='lat' dir='ltr'><strong>qui,_ut</strong></span> <span class='ocrx_word' id='word_1_819' title='bbox 3313 5265 3436 5334; x_wconf 90' lang='lat' dir='ltr'><strong>ipse</strong></span> <span class='ocrx_word' id='word_1_820' title='bbox 3470 5265 3682 5342; x_wconf 73' lang='lat' dir='ltr'><strong>fatetur</strong></span> 
     </span>
    </p>
   </div>
   <div class='ocr_carea' id='block_1_117' title="bbox 2019 5334 3680 5411">
    <p class='ocr_par' dir='ltr' id='par_1_117' title="bbox 2019 5334 3680 5411">
     <span class='ocr_line' id='line_1_122' title="bbox 2019 5334 3680 5411; baseline -0.005 -13"><span class='ocrx_word' id='word_1_821' title='bbox 2019 5343 2390 5410; x_wconf 88' lang='lat' dir='ltr'><strong>Ammianus,</strong></span> <span class='ocrx_word' id='word_1_822' title='bbox 2421 5334 2545 5397; x_wconf 42' lang='lat' dir='ltr'><strong>“lib.</strong></span> <span class='ocrx_word' id='word_1_823' title='bbox 2594 5358 2732 5411; x_wconf 65' lang='grc' dir='ltr'>χχιι,</span> <span class='ocrx_word' id='word_1_824' title='bbox 2774 5361 2800 5393; x_wconf 75' lang='grc' dir='ltr'><strong>ιι</strong></span> <span class='ocrx_word' id='word_1_825' title='bbox 2830 5355 2959 5405; x_wconf 88' lang='lat' dir='ltr'><strong>suo,</strong></span> <span class='ocrx_word' id='word_1_826' title='bbox 3015 5334 3131 5392; x_wconf 81' lang='lat' dir='ltr'><strong>nun</strong></span> <span class='ocrx_word' id='word_1_827' title='bbox 3185 5335 3382 5408; x_wconf 86' lang='lat' dir='ltr'><strong>legum</strong></span> <span class='ocrx_word' id='word_1_828' title='bbox 3439 5334 3680 5390; x_wconf 87' lang='lat' dir='ltr'><strong>arbitrio</strong></span> 
     </span>
    </p>
   </div>
   <div class='ocr_carea' id='block_1_118' title="bbox 2023 5421 2294 5472">
    <p class='ocr_par' dir='ltr' id='par_1_118' title="bbox 2023 5421 2294 5472">
     <span class='ocr_line' id='line_1_123' title="bbox 2023 5421 2294 5472; baseline -0.011 0"><span class='ocrx_word' id='word_1_829' title='bbox 2023 5421 2238 5472; x_wconf 67' lang='lat' dir='ltr'><strong>ageret.</strong></span> <span class='ocrx_word' id='word_1_830' title='bbox 2268 5437 2294 5463; x_wconf 87' lang='lat'>»</span> 
     </span>
    </p>
   </div>
   <div class='ocr_carea' id='block_1_119' title="bbox 2060 5433 3679 5558">
    <p class='ocr_par' dir='ltr' id='par_1_119' title="bbox 2060 5433 3679 5558">
     <span class='ocr_line' id='line_1_124' title="bbox 2060 5433 3679 5558; baseline -0.007 -16"><span class='ocrx_word' id='word_1_831' title='bbox 2060 5433 2706 5558; x_wconf 43' lang='grc' dir='ltr'><strong>ἑζὶἒὸνξξῖ.’ἴὲπᾳωουμένωψ</strong></span> <span class='ocrx_word' id='word_1_832' title='bbox 2767 5479 2943 5558; x_wconf 85' lang='lat' dir='ltr'><strong>Coisl_.</strong></span> <span class='ocrx_word' id='word_1_833' title='bbox 2999 5482 3055 5544; x_wconf 87' lang='grc'>2,</span> <span class='ocrx_word' id='word_1_834' title='bbox 3116 5477 3332 5549; x_wconf 83' lang='lat' dir='ltr'><strong>aliique</strong></span> <span class='ocrx_word' id='word_1_835' title='bbox 3409 5474 3679 5532; x_wconf 80' lang='lat' dir='ltr'><strong>nonnulli</strong></span> 
     </span>
    </p>
   </div>
   <div class='ocr_carea' id='block_1_120' title="bbox 2022 5550 3074 5626">
    <p class='ocr_par' dir='ltr' id='par_1_120' title="bbox 2022 5550 3074 5626">
     <span class='ocr_line' id='line_1_125' title="bbox 2022 5550 3074 5626; baseline -0.01 -11"><span class='ocrx_word' id='word_1_836' title='bbox 2022 5550 2269 5622; x_wconf 67' lang='lat' dir='ltr'><strong>addunt,</strong></span> <span class='ocrx_word' id='word_1_837' title='bbox 2300 5555 2388 5609; x_wconf 74' lang='grc' dir='ltr'><strong>καὶ</strong></span> <span class='ocrx_word' id='word_1_838' title='bbox 2416 5559 2495 5626; x_wconf 73' lang='grc' dir='ltr'>τῷ</span> <span class='ocrx_word' id='word_1_839' title='bbox 2516 5550 2691 5624; x_wconf 38' lang='grc' dir='ltr'>-κοινῷ</span> <span class='ocrx_word' id='word_1_840' title='bbox 2719 5550 3074 5626; x_wconf 85' lang='grc' dir='ltr'>τιμωμένων.</span> 
     </span>
    </p>
   </div>
   <div class='ocr_carea' id='block_1_121' title="bbox 2095 5619 3680 5703">
    <p class='ocr_par' dir='ltr' id='par_1_121' title="bbox 2095 5619 3680 5703">
     <span class='ocr_line' id='line_1_126' title="bbox 2095 5619 3680 5703; baseline -0.005 -21"><span class='ocrx_word' id='word_1_841' title='bbox 2239 5619 2582 5703; x_wconf 70' lang='grc' dir='ltr'>Ἀσφάλέιαν.</span> <span class='ocrx_word' id='word_1_842' title='bbox 2619 5619 3089 5682; x_wconf 72' lang='lat' dir='ltr'><strong>«Securitatem.</strong></span> <span class='ocrx_word' id='word_1_843' title='bbox 3125 5643 3153 5670; x_wconf 84' lang='lat'><strong>»</strong></span> <span class='ocrx_word' id='word_1_844' title='bbox 3186 5619 3393 5676; x_wconf 87' lang='lat' dir='ltr'><strong>Billius</strong></span> <span class='ocrx_word' id='word_1_845' title='bbox 3426 5633 3484 5674; x_wconf 87' lang='lat'><strong>:«</strong></span> <span class='ocrx_word' id='word_1_846' title='bbox 3517 5621 3680 5675; x_wconf 90' lang='lat' dir='ltr'><strong>tran-</strong></span> 
     </span>
    </p>
   </div>
   <div class='ocr_carea' id='block_1_122' title="bbox 2023 5701 3255 5774">
    <p class='ocr_par' dir='ltr' id='par_1_122' title="bbox 2023 5701 3255 5774">
     <span class='ocr_line' id='line_1_127' title="bbox 2023 5701 3255 5774; baseline -0.001 -17"><span class='ocrx_word' id='word_1_847' title='bbox 2023 5701 2453 5774; x_wconf 85' lang='lat' dir='ltr'><strong>quillitatem.»</strong></span> <span class='ocrx_word' id='word_1_848' title='bbox 2962 5764 2976 5774; x_wconf 42' lang='lat'><strong>.</strong></span> <span class='ocrx_word' id='word_1_849' title='bbox 3149 5771 3156 5774; x_wconf 92' lang='lat'><em>_</em></span> <span class='ocrx_word' id='word_1_850' title='bbox 3199 5735 3255 5774; x_wconf 40' lang='lat'><strong>.-</strong></span> 
     </span>
    </p>
   </div>
   <div class='ocr_carea' id='block_1_123' title="bbox 2093 5759 3364 5843">
    <p class='ocr_par' dir='ltr' id='par_1_123' title="bbox 2093 5759 3364 5843">
     <span class='ocr_line' id='line_1_128' title="bbox 2093 5759 3364 5843; baseline -0.005 -16"><span class='ocrx_word' id='word_1_851' title='bbox 2093 5774 2202 5843; x_wconf 92' lang='lat'>(70)</span> <span class='ocrx_word' id='word_1_852' title='bbox 2236 5775 2413 5828; x_wconf 85' lang='grc' dir='ltr'>Δυοῖν.</span> <span class='ocrx_word' id='word_1_853' title='bbox 2446 5770 2558 5829; x_wconf 87' lang='lat' dir='ltr'><strong>Alii</strong></span> <span class='ocrx_word' id='word_1_854' title='bbox 2590 5785 2724 5827; x_wconf 89' lang='lat' dir='ltr'><strong>cum</strong></span> <span class='ocrx_word' id='word_1_855' title='bbox 2755 5765 2930 5826; x_wconf 86' lang='lat' dir='ltr'><strong>editis</strong></span> <span class='ocrx_word' id='word_1_856' title='bbox 2961 5764 3167 5839; x_wconf 83' lang='lat' dir='ltr'><strong>legunt</strong></span> <span class='ocrx_word' id='word_1_857' title='bbox 3197 5759 3364 5821; x_wconf 77' lang='grc' dir='ltr'>δυεῖν.</span> 
     </span>
    </p>
   </div>
  </div>
