4028 6420
318 432 428 493 601

1313 432 1605 495 ORATIO
1649 433 1750 494 IV.
1784 466 1863 480 -—
1893 434 2207 497 CONTRA
2253 430 2656 496 JULIANUM
2701 430 2751 492 Ι.

3631 429 3752 491 602

318 564 579 641 χαλεπῶς
629 564 879 643 ἀναφέρει
927 566 994 621 τὰ
1042 565 1231 634 λοιπὰ,
1268 566 1357 621 καὶ
1404 572 1747 644 συντηρεῖται
1774 568 1837 624 τὸ
1870 574 1969 639 τῆς

2094 568 2311 641 reliqua
2327 568 2594 624 membra
2609 565 2765 622 haud
2790 581 3003 637 magno
3028 564 3255 638 negotio
3278 567 3749 637 emergunt,par-

320 654 521 730 ὑγιείας
571 657 681 728 (74)
734 656 927 731 ἀγαθὸν
976 659 1057 727 τῷ
1105 655 1343 728 πλείονι,
1395 654 1440 728 ᾦ
1488 656 1631 732 τάχα
1683 655 1715 712 ἃ
1759 657 1979 713 κάκεῖνα

317 745 452 818 πρὸς
484 745 546 799 τὸ
583 743 797 818 βέλτιον
827 744 1151 799 ἐπανέλθοι·
1203 749 1300 799 τοῦ
1351 742 1408 799 δὲ
1455 744 1712 808 πλείονος
1761 746 1975 801 στασιά-

321 838 513 902 ζοντος
542 834 632 887 καὶ
665 837 875 909 πικρῶς
920 828 1170 908 ἔχοντος,
1220 831 1345 888 οὐδὲ
1398 833 1493 906 μία
1540 836 1763 910 μηχανή
1811 837 1885 908 μὴ
1916 836 1978 890 τὸ

318 928 422 977 πᾶν
476 919 620 997 ἔχειν
669 927 874 990 κακῶς,
927 922 1016 977 καὶ
1065 920 1312 984 κίνδυνος
1371 920 1480 993 ἤδη
1523 924 1583 977 τὸ
1613 928 1829 978 τοιοῦτο
1861 926 1977 997 (72)

323 1013 498 1088 σαφής
522 1030 534 1043 ·
570 1012 711 1066 οὕτω
757 1013 853 1066 κάν
910 1018 1026 1073 τοῖς
1071 1011 1408 1086 ἀρχομένοις
1448 1014 1542 1074 τὰς
1577 1013 1670 1085 μὶν
1703 1015 1820 1067 καθ’
1851 1010 1975 1067 ἕκα-

322 1121 442 1154 στον
508 1100 809 1177 ἀρῥωστίας
882 1095 1161 1172 συμϐαίνει
1231 1105 1310 1172 τῷ
1396 1106 1561 1173 κοινῷ
1653 1102 1977 1176 κρύπτεσθαι

321 1194 565 1265 κρεῖσσον
600 1186 784 1265 ἔχοντι
815 1208 827 1221 ο
860 1193 968 1243 τῶν
1001 1188 1268 1244 πλειόνων
1305 1187 1362 1244 δὲ
1402 1194 1611 1266 σαθρῶς
1653 1192 1765 1264 (73)
1821 1190 1979 1267 ἐχόν-

316 1299 445 1347 των,
495 1282 574 1349 τῷ
622 1279 781 1332 παντὶ
828 1275 1099 1340 κίνδυνος.
1152 1281 1221 1336 "0
1272 1299 1363 1351 μοι
1411 1277 1560 1335 δοκεῖ
1590 1278 1760 1335 ἄλλον
1796 1282 1888 1354 μὲν
1920 1282 1979 1335 ἃν

322 1364 474 1437 ἰδεῖν,
532 1366 623 1421 καὶ
680 1371 786 1420 τῶν
842 1365 1046 1445 σφόδρα
1108 1367 1410 1440 μισούντων
1461 1371 1609 1442 ἡμᾶς
1670 1369 1722 1424 ἐν
1770 1375 1850 1442 τῷ
1886 1374 1977 1424 νῦν

321 1458 518 1530 καιρῷ,
550 1456 637 1508 καὶ
666 1459 734 1528 τῇ
765 1455 995 1530 τοσαύτῃ
1024 1461 1128 1511 τῶν
1181 1462 1516 1533 Χριστιανῶν
1565 1456 1824 1514 ἐπιδόσει.
1874 1464 1980 1513 Τοῦ

326 1540 382 1598 δὲ
439 1546 474 1613 ἡ
525 1543 763 1618 πονηρία
809 1550 926 1607 τοῖς
990 1544 1275 1621 λογισμοῖς
1321 1545 1632 1602 ὲπεσκότισε
1678 1550 1792 1621 (74)
1821 1566 1832 1579 ·
1890 1548 1980 1602 καὶ

324 1630 413 1687 διὰ
439 1638 601 1688 τοῦτο
649 1640 867 1708 μικροῖς
914 1656 974 1690 τε
1023 1633 1234 1708 ὁμοίως
1277 1634 1368 1690 καὶ
1424 1636 1636 1709 μείζοσι
1666 1634 1856 1691 πλέκει
1888 1636 1978 1690 τὸν

324 1720 594 1796 διωγμόν.

2088 660 2253 731 tique
2284 657 2490 727 majori
2548 656 2820 712 sanitatis
2872 656 3093 711 bonum
3142 660 3537 721 conservatur,
3578 655 3750 725 cujus

2090 748 2265 803 etiam
2291 746 2710 819 cpeinterdum
2734 761 2898 817 aegrae
2922 748 3117 816 partes
3139 742 3198 797 in
3214 741 3514 798 meliorem
3528 746 3749 798 statum

2090 837 2362 892 redeunt:
2396 840 2453 890 at
2476 852 2605 891 cum
2632 834 2909 907 pleraque
2933 834 3195 888 membra
3215 832 3368 887 inter
3385 848 3447 887 se
3463 833 3620 886 ’114
3636 831 3753 887 dis-

2090 926 2304 993 sident,
2338 930 2393 980 et
2415 925 2668 997 graviter
2691 923 3073 990 ai‘ﬂictantur,
3105 921 3366 993 ﬁerijam
3400 937 3515 976 non
3538 923 3748 992 potest,

2090 1016 2230 1085 quin
2262 1019 2452 1069 totum
2476 1029 2685 1085 corpus
2704 1016 2963 1084 aegrotet,
2980 1016 3155 1083 atque
3175 1011 3235 1066 in
3267 1010 3577 1083 perspicuo
3599 1008 3752 1082 peric

2088 1104 2220 1159 culo
2254 1104 2327 1159 sit
2360 1120 2372 1157 :
2408 1104 2478 1158 ad
2513 1104 2670 1157 hunc
2717 1103 2956 1157 modum
2988 1101 3048 1155 in
3101 1101 3174 1156 iis
3203 1117 3458 1173 quoque,
3489 1099 3587 1170 qui
3638 1098 3751 1153 sub

2088 1193 2333 1264 imperio
2352 1191 2886 1263 sunt,singulorum
2906 1190 3142 1247 morbos
3161 1187 3543 1246 commodiori
3569 1187 3751 1244 totius

2089 1281 2421 1353 reipublicas
2454 1280 2786 1335 valetudine
2816 1279 3099 1335 occultari
3130 1278 3417 1351 contingit
3442 1295 3455 1346 ;
3480 1277 3748 1351 pluribus

2090 1378 2287 1427 autem
2318 1369 2665 1425 exulceratis
2685 1376 2743 1424 et
2775 1369 2976 1424 morbo
2999 1368 3242 1436 aﬂ‘ectis,
3264 1373 3387 1423 tota
3402 1369 3527 1438 jam
3550 1383 3750 1439 respu-

2092 1459 2245 1515 blica
2276 1459 2332 1513 in
2363 1457 2619 1530 periculo
2637 1462 2922 1513 versatur.
2943 1458 3104 1522 Quod
3125 1473 3253 1513 meo
3271 1457 3507 1528 quidem
3528 1455 3749 1528 judicio

2092 1548 2265 1615 alius,
2297 1549 2473 1604 etiam
2524 1548 2693 1603 nobis
2732 1546 3171 1603 infensissimus
3200 1550 3257 1602 et
3304 1545 3747 1616 infestissimus,

2092 1637 2626 1703 animadvertisset,
2658 1636 2979 1709 praesertim
3009 1635 3119 1691 hoc
3165 1639 3450 1706 tempore,
3483 1637 3657 1705 atque
3686 1633 3750 1689 in

2092 1731 2259 1782 tanta
2287 1726 2749 1781 Christianorum
2783 1724 3171 1797 amplitudine
3188 1727 3245 1779 et
3258 1721 3755 1779 incremento.Ve-

321 1831 451 1869 rum
482 1814 659 1870 istius
692 1814 1039 1886 improbitas
1070 1815 1284 1871 rationi
1332 1820 1388 1872 et
1415 1815 1662 1873 consilio
1713 1816 1990 1873 tenebras
2023 1816 2234 1871 offudit
2267 1835 2280 1873 :
2316 1817 2388 1872 ob
2420 1831 2669 1886 eamque
2699 1830 2941 1871 causam
2992 1812 3184 1886 parvis
3208 1814 3377 1885 juxta
3405 1828 3471 1867 ac
3522 1810 3752 1883 magnis

326 1905 798 1975 persecutionem
828 1905 1090 1960 molitur.

396 1994 504 2061 Οζ’.
560 1994 763 2047 Ἐκεῖνο
820 1994 915 2066 μὲν
968 2014 1057 2048 ουν
1102 1994 1192 2048 καὶ
1238 1990 1446 2071 σφόδρα
1495 1990 1851 2070 μειρακιῶδες
1893 1992 1974 2048 καῖ

2164 1994 2400 2051 LXXVI.
2436 1998 2628 2067 Atque
2682 1993 2827 2049 illud
2879 2009 3020 2050 sane
3071 2008 3355 2066 perquam
3396 1990 3658 2063 juvenile
3688 2005 3754 2046 ac

322 2085 543 2158 κοῦφον,
577 2082 665 2136 καὶ
698 2084 805 2158 οὺχ
835 2078 986 2145 ὅπως
1024 2082 1291 2159 βασιλέως
1322 2081 1531 2160 ἀνδρὸς,
1564 2081 1691 2139 ἀλλ’
1723 2081 1849 2138 οὐδὲ
1892 2081 1986 2139 ἅλ-

325 2168 423 2225 λου
464 2172 605 2233 τινὸς
647 2177 754 2226 τῶν
806 2173 895 2227 καὶ
951 2172 1186 2249 μετρίως
1235 2168 1504 2249 στιϐαρῶν
1550 2175 1650 2242 τὴν
1722 2170 1982 2244 διάνοιαν,

321 2260 428 2331 ὃτι,
475 2260 544 2334 τῇ
594 2260 870 2333 μεταθέσει
904 2266 1018 2331 τῆς
1074 2260 1326 2332 κλήσεως
1373 2258 1591 2335 ἕψεσθαι
1622 2261 1855 2334 νομίσας
1885 2262 1986 2330 τὴν

321 2349 589 2423 ἡμετέραν
652 2349 905 2422 διάθεσιν,
967 2352 1000 2419 ἢ
1056 2350 1332 2425 αἰσχυνεῖν
1382 2371 1445 2424 γε
1507 2353 1657 2423 ἡμᾶς
1706 2350 1887 2426 ὥσπερ
1933 2372 1985 2404 τι

322 2441 430 2490 τῶν
483 2437 779 2511 αἰσχίστων
828 2442 941 2511 (75)
996 2437 1448 2512 ἐγκαλουμένους,
1484 2439 1638 2501 εὐθὺς
1668 2443 1987 2512 καινοτομεῖ

326 2524 451 2599 περὶ
507 2526 607 2594 τὴν
662 2525 1059 2601 προσηγορίαν,
1124 2525 1451 2589 Γαλιλαίους
1498 2527 1615 2582 ἀντὶ
1647 2530 1980 2602 Χριστιανῶν

329 2612 603 2685 ὀνομάσας
660 2635 721 2669 τε
776 2615 866 2669 καὶ
921 2615 1205 2669 καλεῖσθαι
1260 2619 1374 2689 (76)
1430 2618 1801 2689 νομοθετήσας
1870 2618 1984 2690 (77)

328 2698 472 2777 ἔργῳ
503 2700 712 2772 δηλῶν,
741 2705 823 2758 ὅτι
857 2706 971 2777 (78)
1006 2704 1260 2778 μέγιστον
1291 2704 1365 2767 εἰς
1414 2702 1571 2775 δόξαν
1602 2702 1692 2759 καί
1715 2706 1985 2777 τιμιώτα-

323 2812 414 2846 τον
478 2795 511 2861 ἡ
572 2796 670 2846 τοῦ
730 2798 963 2868 Χριστοῦ
1015 2797 1127 2868 (79)
1169 2793 1389 2863 κλῆσις,
1427 2794 1478 2865 ἐξ
1511 2796 1582 2847 ὧν
1618 2794 1986 2869 ἀποστερῆσαι

321 2878 529 2951 ταύτης
572 2884 719 2955 ἡμᾶς
765 2882 1047 2953 ἐπενόησεν
1078 2901 1089 2915 ·
1141 2885 1175 2951 ἢ
1228 2880 1572 2961 φοϐούμενός
1602 2904 1663 2960 γε
1691 2885 1790 2953 τὴν
1825 2881 1985 2939 δύνα-

332 2991 420 3042 μιν
478 2977 576 3040 τῆς
624 2970 1022 3047 προσηγορίας,
1074 2972 1253 3048 ὥσπερ
1316 2973 1367 3028 οἳ
1435 2970 1707 3045 δαίμονες,
1768 2973 1857 3028 καὶ
1898 2972 1987 3029 διὰ

328 3063 491 3112 τοῦτο
554 3055 887 3131 μεταϐαίνων
948 3060 1027 3139 ἐφ’
1074 3058 1257 3137 ’ἕτερον
1307 3056 1479 3135 ὄνομα
1505 3067 1612 3118 τῶν
1648 3061 1747 3118 ούκ
1793 3061 1985 3117 εἰωθό-

328 3168 434 3202 των
474 3145 596 3203 οὐδὲ
624 3149 941 3224 γνωρίμων.

390 3417 503 3473 ΟΖ’.
537 3418 727 3489 Ἡμεῖς
778 3415 836 3473 δὲ
892 3417 953 3473 οὐ
1010 3420 1449 3495 παρακινήσομεν
1512 3419 1693 3480 αὐτοῖς
1747 3420 1813 3473 τὰ
1859 3418 1977 3475 ὀνό-
2013 3376 2056 3445 C

321 3526 463 3578 ματα
492 3525 504 3538 ·
569 3504 695 3561 οὐδὲ
759 3505 860 3581 γάρ
911 3506 1051 3562 ἐστιν
1086 3508 1163 3569 εἰς
1206 3507 1235 3562 8
1264 3530 1315 3562 τι
1354 3508 1712 3580 μεναθείημεν
1744 3508 1801 3562 ἂν
1835 3507 1978 3564 ἄλλο

316 3592 684 3668 γελοιότερον,
716 3594 843 3655 τοὺς
873 3593 1119 3669 φαλλοὺς
1151 3598 1285 3666 (80),
1316 3597 1406 3649 καὶ
1444 3595 1570 3656 τοὺς
1618 3594 1977 3673 ἰθυφάλλους,

315 3683 406 3736 καὶ
465 3681 590 3743 τοὺς
648 3679 1063 3757 μελαμπύγους,
1122 3683 1213 3736 καὶ
1270 3682 1399 3745 τοὺς
1450 3683 1689 3757 ἀπύγους
1725 3686 1857 3755 (81),
1888 3686 1978 3739 καὶ

317 3772 407 3826 τὸν
466 3770 793 3847 τραγόπουν,
853 3770 943 3825 καὶ
998 3771 1088 3825 τὸν
1150 3770 1339 3825 σεμνὸν
1402 3776 1551 3825 Πᾶνα
1608 3774 1742 3845 (82),
1793 3772 1884 3826 τὸν
1921 3773 1981 3829 ἐκ

317 3860 530 3917 πάντων
589 3861 915 3933 μνηστήρων
969 3859 1063 3914 ἓνα
1121 3860 1260 3929 θεὸν,
1286 3860 1374 3914 καὶ
1407 3855 1581 3933 ὄνομα
1606 3856 1845 3916 λαϐόντα
1872 3864 1975 3932 τὴν

319 3948 499 4026 ὕϐριν,
558 3950 736 4025 ὥσπερ
788 3953 853 4020 ἦν
906 3950 1074 4021 ἄξιον.
1135 3956 1226 4007 Δεῖ
1258 3953 1362 4029 γὰρ
1412 3949 1676 4022 ἢάὃικεῖν
1707 3954 1820 4026 (83)
1850 3955 1977 4021 παρ’

320 4040 545 4102 ἐκείνοις
606 4039 681 4101 εἷς
739 4038 954 4101 πολλὰς
1011 4043 1121 4115 (84)
1179 4037 1271 4095 ἕνα
1322 4042 1413 4096 καὶ
1462 4041 1553 4095 τὸν
1604 4043 1913 4116 κράτιστον,
1945 4044 1979 4111 ἢ

318 4131 378 4184 ἐκ
423 4128 648 4185 πολλῶν
699 4128 941 4205 γίνεσθαι
991 4133 1106 4203 (85)
1153 4130 1240 4185 καὶ
1296 4131 1386 4185 τὸν
1422 4128 1700 4206 αἴσχιστον
1732 4151 1743 4163 ·
1780 4130 1974 4186 οὐκοῦν

316 4222 661 4297 φθονήσομεν
713 4218 896 4281 αὐτοῖς
946 4220 1069 4275 οὕτε
1114 4225 1221 4276 τῶν
1270 4220 1609 4297 πραγμάτων
1681 4220 1803 4276 οὕτε
1867 4226 1975 4277 τῶν

388 4418 500 4491 (71)
528 4415 803 4493 ’Υγιείαςη
827 4418 989 4477 Pass.
1043 4418 1321 4493 συζυγίας,
1356 4442 1384 4470 ‹‹
1418 4420 1758 4477 concordiae.
1793 4442 1822 4473 ››
1853 4420 1978 4478 Non

315 4490 651 4563 spernenda
676 4490 1009 4563 lectiqquaa
1040 4490 1327 4563 Optimum
1362 4506 1599 4548 sensum
1633 4493 1831 4563 efficit.

534 4557 785 4622 Κίνδυνος
815 4557 924 4631 ἤδη
981 4563 1044 4616 τὸ
1080 4557 1334 4634 ’τοιοῦτα
1388 4566 1545 4634 88.83.
1591 4560 1831 4624 κίνδυνος
1865 4560 1976 4634 ἤδη

315 4630 430 4716 ἕλε-ι
459 4630 1343 4716 τὸῳτοιοῦτον.Οοί81.2.κίνδυνος
1375 4631 1483 4701 ἤδη
1509 4633 1625 4708 ἔχει
1647 4635 1708 4689 τὸ
1734 4630 1975 4691 τοιοῦτοξ

318 4704 448 4762 ΒῙΙΙ.
478 4709 556 4776 τῷ
584 4704 843 4777 τοιούτῳ.

536 4775 1083 4859 Ξαθρῶς.Ῥ1ειι·[ίιυθ
1115 4776 1366 4859 codices,
1401 4775 1619 4850 σαθρόν.

390 4846 503 4920 (74)
536 4846 898 4905 Ἐπέσκότισι
951 4846 1042 4903 Sic
1074 4866 1206 4919 pars
1237 4846 1513 4904 codicum
1560 4846 1835 4904 maxima.
1870 4850 1974 4905 Ed.

318 4919 666 4988 ἐπεσκότησε.

387 4993 501 5075 (Ίξ)
536 4990 859 5075 Αἰσχίστων.
894 4991 1268 5075 Pass,_floisl,
1298 4993 1352 5060 2,
1390 4990 1608 5075 aliique
1638 5006 1776 5073 .non
1810 4991 1978 5063 pauci

315 5062 884 5149 χειρίστων.”(]οωὺ.
935 5063 1152 5118 vertit:
1206 5086 1234 5114 ‹‹
1286 5081 1351 5119 ac
1398 5063 1448 5119 si
1494 5063 1976 5135 turpissimorum

313 5138 450 5215 inde
477 5135 907 5215 _crimir_1um_rei
937 5139 1337 5215 teneremurip
1378 5135 1577 5215 Denhis
1600 5134 1977 5215 Julianiine-

312 5210 447 5281 ptiis
476 5209 758 5281 legendus
786 5207 1549 5281 Theodoretus,_Hz'.st.,ilib.
1587 5224 1670 5281 iii,
1704 5224 1754 5261 c.
1786 5207 1874 5260 21.

404 5282 497 5347 76)
529 5277 835 5333 Καλεῖσθαι.
870 5279 1043 5334 Deest
1072 5280 1132 5333 in
1162 5278 1298 5334 edit.
1334 5279 1461 5334 Ald.
1499 5284 1555 5333 et
1585 5278 1754 5333 Herv.

403 5353 493 5421 77)
527 5351 927 5421 Νομοθετήσας.
961 5352 1217 5421 ,Addunt
1250 5351 1408 5406 Pass.
1442 5351 1578 5421 Reg.
1616 5351 1657 5421 Ι,
1692 5355 1749 5406 et
1792 5348 1969 5406 Coisl.

312 5422 364 5492 4,
392 5419 716 5497 ιῦςαῖσοχρόν
746 5443 797 5475 τι
830 5421 917 5473 καὶ
950 5419 1402 5497 ἀπρεπέστερον,‹‹
1432 5419 1715 5494 tan—quam
1747 5422 1968 5494 aliquid

313 5499 485 5561 turpe
516 5511 581 5549 ac
612 5496 973 5550 indecorum.
1014 5517 1033 5544 η

330 5635 341 5655 ’
384 5560 498 5636 (78)
529 5563 744 5634 Δηλῶν,
792 5563 895 5619 ὅτι.
955 5565 1075 5621 Alit
1133 5561 1411 5634 δηλώσας.
1472 5564 1583 5620 Par
1639 5565 1730 5621 6d.
1776 5560 1973 5633 δηλον-

316 5656 421 5691 οτι.

384 5707 497 5782 (79)
527 5709 632 5782 Τοῖ’)
680 5708 937 5782 Χριστοῦ.
988 5706 1179 5780 Reg.l
1229 5712 1286 5765 et
1316 5712 1390 5781 fq,
1440 5707 1640 5767 Comb.
1697 5710 1755 5765 at
1804 5707 1967 5766 Pass.

312 5781 657 5860 Χριστιανοῢ.

2010 4782 2058 4846 Ι)

2093 2084 2417 2156 leve,atque
2450 2101 2522 2140 ne
2552 2082 2672 2139 ullo
2705 2083 2941 2156 quidem
2977 2082 3089 2138 alio
3120 2082 3378 2149 homine,
3408 2080 3497 2135 vel
3532 2079 3755 2136 medio-

2096 2174 2177 2229 cri
2209 2174 2391 2229 animi
2420 2173 2701 2245 gravitate
2732 2173 2994 2244 praedito,
3027 2172 3243 2227 nedum
3282 2170 3635 2241 imperatore
3664 2168 3755 2223 di-

2095 2261 2691 2336 gnum,quod,simul
2723 2278 2858 2317 cum
2890 2261 3146 2317 nominis
3170 2258 3756 2327 mutatione,animo-

2096 2370 2225 2407 rum
2247 2368 2479 2424 quoque
2499 2356 2831 2407 nostrorum
2862 2350 3249 2406 mutationem
3275 2352 3606 2405 secuturam
3627 2362 3759 2403 esse

2095 2440 2435 2509 arbitratus,
2463 2446 2567 2495 aut
2596 2445 2749 2495 certe
2781 2441 2949 2495 nobis
2968 2440 3023 2495 id
3048 2439 3257 2512 pudori
3281 2438 3421 2506 fore,
3439 2437 3609 2510 quasi
3638 2441 3758 2492 tur-

2095 2530 2322 2602 pissimi
2351 2530 2662 2602 cujusdam
2687 2529 2951 2585 criminis
2975 2528 3635 2595 accusatis,novandum
3659 2541 3760 2581 n0'

2095 2620 2186 2675 bis
2214 2624 2667 2692 cognomentum
2693 2619 2892 2674 statim
2916 2616 3438 2684 censuit,Galilaeos
3466 2633 3569 2688 pro
3591 2615 3755 2670 Chri-

2095 2709 2303 2765 stianis
2336 2710 2668 2780 nominans,
2701 2713 2895 2779 atque,
2922 2712 2989 2762 ut
3016 2707 3096 2761 ita
3122 2722 3484 2771 vocaremur,
3517 2704 3756 2776 publica

2092 2797 2219 2871 lege
2252 2799 2591 2854 decernens.
2624 2802 2703 2852 Ex
2755 2814 2870 2869 quo
2903 2796 3206 2869 perspicue
3255 2794 3513 2850 ostendit
3540 2792 3754 2850 Christi

2095 2888 2545 2960 appellationem
2579 2886 3066 2960 perhonoriﬁcam
3106 2900 3258 2951 esse,
3289 2883 3649 2956 maximique
3680 2883 3752 2938 ad

2095 2977 2342 3050 gloriam
2375 2977 2677 3045 momenti,
2712 2976 2992 3048 quoniam
3024 2991 3152 3031 eam
3204 2974 3373 3030 nobis
3404 2974 3628 3045 eripere
3657 2989 3753 3029 co-

2094 3067 2317 3139 gitavit.
2351 3066 2475 3122 Nisi
2509 3066 2754 3122 fortasse
2785 3067 2893 3121 hoc
2922 3081 2989 3121 ea
3020 3064 3245 3120 ratione
3278 3062 3429 3131 fecit,
3454 3063 3611 3134 quod
3643 3062 3753 3118 hu-

2088 3157 2258 3227 jusce
2288 3155 2543 3212 nominis
2564 3157 2673 3211 vim
2710 3160 2766 3211 et
2796 3154 3369 3228 potestatem,instar
3396 3153 3751 3221 daemonum,

2096 3246 2521 3312 reiormidaret,
2556 3262 2621 3301 ac
2652 3245 2898 3317 proinde
2929 3244 3002 3298 ad
3033 3243 3281 3300 alterum
3313 3258 3523 3297 nomen
3558 3241 3756 3297 minus

2097 3340 2301 3391 notum
2334 3340 2392 3391 et
2419 3334 2656 3407 vulgare
2687 3333 3002 3390 transierit.

2168 3425 2557 3480 LXXVII.Nos
2583 3441 2716 3479 vero
2741 3424 2976 3479 nomina
2997 3422 3145 3495 ipsis
3168 3422 3631 3495 haudquaquam
3664 3420 3753 3476 in-

2087 3519 2382 3569 vertemus
2408 3531 2421 3575 ;
2444 3530 2547 3568 nec
2578 3513 2733 3567 enim
2755 3511 3077 3585 quidquam
3113 3511 3301 3583 magis
3324 3510 3640 3566 ridiculum
3663 3527 3756 3565 ex-

2091 3602 2329 3673 cogitari
2360 3606 2577 3673 potest,
2608 3600 2668 3654 in
2718 3601 2872 3671 quod
2907 3617 2975 3654 ea
3023 3605 3387 3655 commutare
3419 3615 3708 3670 queamus
3736 3615 3749 3667 ;

2090 3689 2319 3761 phellos
2351 3695 2408 3743 et
2450 3689 2831 3761 ithyphallos,
2864 3693 2921 3743 et
2953 3688 3375 3760 melampygos,
3408 3692 3465 3742 et
3512 3703 3751 3759 apygos,

2090 3782 2147 3832 et
2179 3777 2573 3847 hircopedem,
2607 3784 2662 3832 et
2691 3776 3088 3831 venerandum
3122 3781 3301 3841 Pana,
3334 3775 3503 3830 illum
3535 3792 3604 3830 ex
3633 3792 3756 3831 om-

2088 3865 2265 3920 nibus
2293 3864 2487 3935 procis
2518 3881 2703 3919 unum
2758 3863 2955 3930 deum,
2992 3867 3169 3935 atque
3200 3881 3233 3919 a
3262 3862 3620 3918 contumelia
3650 3879 3756 3918 no-

2089 3971 2244 4025 men,
2278 3960 2343 4009 ut
2377 3971 2480 4025 par
2508 3957 2654 4019 erat,
2686 3957 3087 4007 consecutum.
3108 3954 3275 4024 Apud
3308 3952 3439 4007 illos
3469 3952 3625 4008 enim
3656 3951 3746 4008 vel

2089 4059 2273 4099 unum
2292 4048 2349 4097 et
2369 4042 2842 4113 potentissimum
2864 4039 3081 4097 multas
3101 4041 3321 4111 injuria
3337 4041 3568 4096 afﬁcere
3590 4056 3756 4111 opor-

2086 4131 2280 4203 tet,vel
2300 4148 2366 4187 ex
2382 4130 2585 4185 multis
2608 4146 2791 4185 unum
2816 4146 3069 4201 eumque
3091 4130 3596 4186 deformissimum
3620 4146 3754 4202 pro-

2088 4221 2293 4280 creari.
2326 4221 2608 4287 Quocirca
2638 4236 2742 4275 nec
2773 4236 2866 4275 res
2898 4219 3064 4292 ipsis,
3098 4237 3202 4276 nec
3256 4219 3498 4275 nomina
3526 4218 3756 4275 invide-

2321 4414 2458 4478 Τοὺς
2509 4414 2778 4492 φαλλούς,
2830 4420 3022 4501 8120."!
3072 4415 3323 4501 Phallos,
3373 4416 3753 4501 ithyphallos,

2092 4488 2806 4563 melampygos,'apygos,»
2840 4488 3323 4563 etc.Turpia_haec
3353 4488 3753 4563 nominaquid

2090 4560 2447 4632 significent,
2465 4560 2753 4644 exponere
2785 4561 2976 4631 pudor
3005 4577 3123 4615 non
3155 4560 3296 4615 sinit
3319 4577 3333 4629 ;
3354 4577 3479 4632 quae
3511 4560 3754 4632 quidem

2091 4633 2407 4689 Gregorius
2436 4632 2691 4689 Juliano.
2717 4648 2833 4686 non
2868 4632 2982 4686 nisi
3011 4636 3077 4687 ut
3106 4633 3373 4687 roborem
3398 4632 3506 4689 insi
3532 4632 3750 4689 eliciat.

2143 4638 2407 4715 regorius
2436 4638 2691 4698 Juliano,
2717 4648 2833 4686 non
2868 4638 2982 4686 nisi
3011 4638 3077 4687 ut
3106 4638 3373 4687 roborem
3398 4638 3506 4703 ipsi
3532 4638 3750 4705 eliciat,

2091 4706 2405 4847 Obg8il)t.Kai
2451 4772 2577 4834 τοὺς
2632 4769 2890 4847 ἀπύγους.
2930 4794 2962 4847 σι
3004 4773 3075 4827 Et
3100 4787 3364 4847 ,apygos.
3402 4794 3430 4822 »
3466 4772 3579 4847 ASic
3631 4774 3751 4847 duo

2091 4843 2269 4933 Regg.
2298 4851 2463 4902 Pass.
2520 4853 2654 4913 etc.;
2689 4843 2904 4900 desunt
2948 4845 3009 4900 in
3060 4843 3330 4916 pluribus
3379 4844 3547 4899 codd.
3582 4850 3639 4900 et
3690 4846 3751 4903 in

2088 4921 2281 5062 “(18128).
2304 4992 2472 5043 Πᾶνα.
2531 4988 2672 5062 Pan,
2704 4984 3074 5044 contumelias
3105 5002 3317 5043 nomen
3361 4990 3478 5062 est,
3512 4987 3748 5060 Signifi-

2088 5060 2179 5117 cat
2210 5084 2236 5111 «
2272 5078 2341 5117 ex
2390 5061 2667 5116 omnibus
2715 5077 2845 5116 esse
2894 5063 3259 5132 generatum.
3298 5080 3325 5108 »
3360 5060 3540 5129 Unde,
3593 5062 3751 5132 apud

2088 5139 2309 5206 poetas,
2343 5132 2455 5205 ipsi
2485 5132 2706 5204 aliquid
2739 5149 2807 5188 ex
2826 5137 2949 5187 tota
2980 5147 3175 5186 rerum
3208 5134 3424 5187 natura
3451 5132 3750 5190 tribueba-

2086 5210 2271 5344 ω(83)
2317 5270 2578 5347 Ἀδικεῖν.
2634 5275 2811 5347 Regg.
2870 5288 3098 5340 novem,
3148 5277 3270 5329 tres
3318 5273 3503 5342 Colb.,
3557 5276 3746 5347 Pass.,

2084 5346 2259 5429 _Coisl.
2295 5348 2346 5413 1,
2379 5346 2471 5429 0r.
2509 5347 2561 5413 l,
2596 5353 2705 5403 etc.
2724 5346 3161 5429 ίᾴτυχεῖνηιιυεο
3215 5362 3349 5403 vera
3378 5347 3548 5429 lectio
3587 5346 3750 5429 vids-

2082 5419 2489 5502 tur,guamvis
2522 5435 2635 5473 non
2669 5420 2812 5475 satis
2841 5418 3149 5490 perspicue
3178 5424 3460 5491 appareat
3489 5418 3581 5475 hic
3605 5420 3745 5477 Gre-

2083 5506 2231 5564 gorii
2264 5507 2452 5546 mens.

2096 5564 2266 5649 ηςξόίι)
2300 5558 2542 5649 {Ignoto
2593 5560 2793 5617 Heins.
2847 5582 2875 5611 ιι
2907 5560 3053 5616 forte
3100 5557 3370 5633 πολλούς,
3421 5560 3662 5618 πηιιηοε,
3719 5583 3745 5613 ,

2080 5631 2564 5779 Αιξέὧοίλίνζξτθαι.
2619 5702 2891 5779 Heinsius
2944 5703 3108 5779 addit
3151 5699 3266 5761 ilva.
3318 5696 3404 5764 ita
3445 5702 3653 5763 Billius
3678 5704 3742 5761 in

2080 5774 2347 5837 versione
2373 5804 2387 5849 ;
2418 5776 2597 5851 idque
2626 5775 2700 5835 ad
2730 5774 2993 5850 Gregorii
3026 5781 3304 5836 mentum.
