4028 6436
264 394 383 456 603

1516 395 1578 454 S.
1629 395 2006 456 GREGORII
2050 393 2449 456 THEOLOGI

3580 391 3732 453 60‘

263 528 481 586 bimus.
518 532 622 585 Per
652 547 763 587 nos
787 546 926 587 sane
948 547 1058 587 sua
1085 530 1204 586 illis
1231 530 1481 587 stultitia
1501 530 1610 585 frui
1637 530 1830 598 liceat,
1862 534 1919 586 et

2068 526 2317 601 νομάτων
2348 544 2364 564 ·
2394 526 2521 583 ἀλλ’
2552 523 2978 583 ἀπολαυέτωσαν
3006 527 3105 596 τῆς
3157 526 3363 581 ἑαυτῶν
3429 523 3723 597 εὐηθείας,

264 618 336 674 oh
361 634 451 674 res
466 618 849 691 turpissimae
869 621 1179 692 magniﬁce
1202 619 1611 693 gloriari.Quin
1635 619 1812 675 etiam
1838 620 1924 691 ip-

265 707 423 774 sis,si
442 706 995 772 velint,Buthoenam
1024 710 1620 780 praetermittemus,et
1643 709 1781 766 "5
1807 710 1927 764 Tri-

262 802 680 869 vesperum,ut
708 799 987 868 majorem
1022 798 1172 869 apud
1206 814 1304 853 eos
1334 798 1583 871 gratiam
1615 798 1927 867 ineamus;

267 902 421 951 eum,
456 886 796 958 inquam,et
825 888 906 941 ita
938 887 1330 958 progenitum,
1356 892 1412 941 et
1442 888 1585 942 adeo
1617 888 1929 959 magnifice

268 974 813 1047 progignentem,ac
844 992 946 1047 pro
967 976 1192 1031 decimo
1214 975 1383 1031 tertio
1406 976 1929 1044 certamine,unius

269 1064 458 1120 noctis
501 1064 709 1137 spatio,
744 1064 1172 1135 quinquaginta
1201 1064 1423 1119 Thestii
1474 1064 1625 1120 ﬁlias
1674 1066 1931 1132 compri-

269 1157 546 1222 mentem,
581 1158 645 1208 ut
691 1169 758 1207 ex
790 1153 862 1208 iis
912 1153 1089 1208 rebus
1137 1154 1227 1208 dei
1278 1170 1491 1209 nomen
1545 1154 1927 1226 adipiscatur.

267 1242 516 1309 Etenim,
556 1243 602 1297 si
655 1241 995 1313 hujusmodi
1029 1242 1371 1298 nominibus
1420 1243 1768 1298 innovandis
1800 1244 1933 1299 ani-

268 1347 431 1385 mum
463 1331 716 1401 adjicere
748 1331 1171 1399 liberet,multa
1203 1332 1459 1403 profecto
1483 1332 1724 1387 nomina
1753 1333 1929 1388 etiam

267 1420 548 1475 adversus
579 1437 738 1486 eum,
770 1421 841 1475 ab
874 1422 1003 1491 ejus
1034 1420 1148 1475 vita
1181 1422 1385 1492 petita,
1405 1420 1758 1477 Christianis
1791 1439 1930 1493 sup-

265 1514 553 1582 peterent,
573 1514 699 1565 tum
732 1511 1017 1581 turpiora,
1037 1516 1161 1565 tum
1198 1510 1385 1582 magis
1415 1511 1685 1583 apposita
1708 1516 1764 1567 et
1793 1528 1932 1567 con-

266 1599 560 1672 gruentia.
586 1599 734 1664 Quid
768 1599 925 1654 enim
957 1598 1313 1670 prohiberet,
1335 1599 1651 1671 quominus
1669 1616 1775 1655 nos
1792 1616 1934 1668 quo-

268 1703 419 1759 que,
483 1688 927 1758 Romanorum,
986 1694 1160 1759 atque
1219 1690 1361 1744 adeo
1419 1689 1577 1745 orbis
1633 1690 1931 1758 universi,

275 1776 776 1847 quemadmodum
813 1776 937 1847 ipse
967 1776 1297 1831 daemonum
1334 1777 1537 1832 fraude
1573 1777 1933 1833 circumven-

2036 619 2126 673 καὶ
2155 623 2274 681 τοῖς
2299 616 2600 693 αἰσχίστοις
2630 615 3224 693 έγκαλλωπιζέσθωσαν
3253 634 3266 648 ·
3304 616 3349 670 εἰ
3402 614 3715 691 βούλοιντο

2039 704 2116 778 δὲ,
2143 706 2232 761 καὶ
2261 708 2350 761 τὸν
2382 706 2670 771 Βουθοίναν
2703 708 2819 781 (86)
2857 708 3175 781 παρήσομεν
3210 705 3418 772 αὐτοῖς,
3467 705 3556 760 καὶ
3606 706 3717 760 τὸν

2035 798 2357 874 Τριέσπερον
2389 800 2525 871 (87),
2548 796 2643 851 'ivu
2673 797 2761 852 καὶ
2799 794 3013 870 μᾶλλον
3059 795 3244 859 αὐτοῖς
3286 795 3673 872 χαρισώμεθα
3702 814 3717 827 ·

2036 888 2128 942 τὸν
2177 888 2267 942 καὶ
2314 888 2650 962 γεννώμενον
2693 885 2859 952 οὕτω,
2890 886 2980 940 καὶ
3030 889 3303 962 γεννῶντα
3352 882 3719 960 μεγαλοπρε-

2038 980 2178 1047 πῶς,
2222 975 2311 1030 καὶ
2364 974 2525 1031 ἆθλον
2574 975 2945 1047 ποιησάμενον
2989 971 3451 1051 τρισκαιδέκατον,
3492 972 3546 1028 ἰν
3598 976 3713 1045 μιᾷ

2038 1065 2210 1134 νυκτὶ,
2272 1065 2367 1127 τὰς
2436 1064 2656 1119 Θεστίου
2722 1065 3059 1134 πεντήκοντα
3125 1062 3444 1139 θυγατέρας,
3515 1059 3585 1116 ἵν’
3648 1060 3718 1116 ἐκ

2036 1154 2242 1209 τούτων
2319 1152 2595 1227 ὀνομασθῇ
2671 1152 2824 1214 θεός’
2908 1151 3023 1207 ἐπεὶ
3107 1150 3463 1228 βουλομένοις
3518 1172 3579 1226 γε
3635 1151 3718 1204 τὰ

2037 1248 2261 1299 τοιαῦτα
2312 1246 2684 1315 καινοτομεῖν,
2742 1241 2832 1295 καὶ
2884 1238 3095 1295 πολλαὶ
3143 1242 3255 1312 (88)
3310 1239 3426 1294 κατ’
3496 1238 3719 1293 ἐκείνου

2041 1332 2265 1403 κλήσεις
2317 1330 2375 1386 ὲκ
2428 1335 2537 1386 τῶν
2580 1330 2786 1385 ἐκείνου
2836 1332 3181 1407 Χριστιανοῖς
3224 1328 3474 1404 αἰσχίους
3502 1347 3563 1382 τε
3591 1326 3721 1399 ἃμα

2039 1422 2129 1476 καὶ
2179 1420 2522 1495 οἰκειοτέραι.
2566 1420 2626 1474 Τί
2672 1420 2769 1495 γὰν
2828 1418 2887 1474 ἃν
2956 1417 3225 1474 κωλύσειε
3277 1417 3367 1472 καὶ
3422 1418 3571 1489 ἡμᾶς
3624 1420 3718 1488 τῷ

2046 1510 2261 1588 βασιλεῖ
2306 1510 2442 1565 κατᾶ
2476 1510 2539 1564 τὸ
2589 1506 2700 1563 ἴσον
2771 1507 3181 1577 ἀντιπαίζοντας
3250 1504 3562 1579 Ῥωμαίων,
3630 1505 3719 1566 ὡς

2044 1599 2101 1657 δὶ
2132 1597 2291 1672 ᾤετο,
2339 1599 2429 1654 καὶ
2467 1605 2567 1669 τῆς
2614 1597 2961 1671 οἰκουμένης,
3013 1598 3367 1669 ήπατημένος
3417 1601 3532 1658 τοῖς
3584 1592 3714 1650 δαί-

2049 1710 2196 1761 μοσι,
2245 1689 2334 1743 τὸν
2384 1685 2719 1743 Εἲδωλιανὸν
2769 1685 2978 1752 καλεῖν,
3029 1685 3120 1739 καὶ
3164 1686 3257 1741 τὸν
3312 1689 3533 1740 Πισαῖον
3566 1686 3713 1756 (89),

2045 1778 2134 1833 καὶ
2180 1778 2271 1833 τὸν
2323 1774 2641 1847 Ἀδωναῖον,
2684 1776 2777 1830 καὶ
2822 1777 2915 1829 τὸν
2970 1774 3334 1851 Καυσίταυρον
3386 1775 3521 1847 (90),
3571 1772 3715 1848 ὅπερ

272 1868 367 1918 tus
400 1864 1247 1935 existimabat,imperatorem,
1265 1865 1467 1919 eodem
1490 1864 1628 1921 ludo
1651 1865 1934 1921 ulciscen-

2068 1868 2135 1923 ιαὶ
2165 1865 2274 1937 ἤδη
2304 1866 2444 1928 τινὲς
2491 1864 2650 1920 αὐτὸν
2703 1869 2811 1919 τῶν
2862 1866 2987 1937 παρ’
3036 1867 3173 1937 ἡμῖν
3222 1865 3451 1936 κομψῶν
3486 1860 3718 1933 ὠνομά-

2270 1954 2284 1968 Ί
2392 1953 2415 1968 h
2433 1956 2445 1968 ι
2521 1953 2532 1968 Ι
2666 1953 2676 1968 1
2881 1951 2899 1968 \
2921 1951 2940 1968 κ
2970 1953 2984 1968 \
3094 1956 3116 1967 ε-
3246 1952 3256 1968 1
3530 1948 3555 1968 οι

270 1952 741 2020 tes,ldolianum,
758 1958 816 2008 et
834 1954 1105 2018 Piszeum,
1121 1959 1176 2008 et
1194 1954 1535 2020 Adonmum,
1552 1959 1610 2010 et
1630 1955 1937 2010 Tauricre-

272 2058 439 2097 mum
473 2059 833 2109 vocaremus,
856 2046 919 2097 ut
941 2043 1068 2114 jam
1094 2042 1358 2098 nonnulli
1382 2060 1615 2115 quoque
1645 2048 1936 2115 nostrum,

272 2130 454 2202 lepidi
487 2136 545 2186 et
577 2131 763 2187 festivi
814 2132 1106 2197 homines,
1141 2131 1531 2203 appellarunt,
1565 2134 1936 2205 quandoqui—

2045 1976 2220 2026 κασιν,
2268 1953 2455 2023 ἐπειδὴ
2508 1953 2754 2029 ῥᾳστώνη
2803 1951 2993 2021 πολλὴ
3024 1956 3121 2007 τοῦ
3153 1952 3492 2026 πράγματος,
3525 1948 3627 2004 ὅσα
3651 1970 3719 2004 τε

2048 2044 2193 2100 ἄλλα
2223 2048 2545 2117 παραποιεῖν
2591 2044 2625 2112 ἣ
2666 2047 2841 2097 ποιεῖν
2893 2041 2953 2097 ἐκ
2987 2048 3088 2112 τῆς
3117 2039 3397 2112 ἀληθειας,
3431 2042 3466 2109 ἡ
3499 2038 3719 2114 ἱστορία

2052 2131 2242 2189 δίδωσι
2267 2152 2280 2202 ;

271 2221 404 2276 dem
442 2221 593 2276 mira
624 2226 718 2277 est
751 2222 928 2291 hujus
960 2222 1041 2276 rei
1074 2221 1347 2290 facilitas,
1381 2226 1439 2277 et
1469 2221 1583 2277 alia
1610 2221 1885 2294 quaelibet
1911 2223 1999 2279 vel
2031 2225 2465 2281 inﬂecteremus
2496 2222 2737 2279 nomina
2766 2221 2853 2278 vel
2885 2222 3401 2293 cuderemus,qua
3433 2235 3565 2276 vere
3597 2219 3693 2291 ips

275 2310 608 2380 objicienda
636 2312 806 2366 nobis
837 2311 1085 2367 historia
1114 2311 1403 2384 porrigit?

345 2400 645 2455 LXXVIII.
724 2401 843 2456 Hoc
898 2417 1031 2456 vero
1088 2400 1353 2456 omnium
1410 2400 1936 2472 absurdissimum,

275 2490 430 2560 quod
464 2506 596 2545 cum
643 2490 907 2546 Salvator
954 2489 1100 2562 ipse,
1162 2490 1549 2561 omniumque
1599 2507 1794 2545 rerum
1832 2492 1938 2546 Do-

275 2577 497 2644 minus,
515 2582 573 2633 et
597 2579 802 2634 mundi
828 2578 1009 2651 hujus
1035 2580 1226 2651 opifex
1248 2584 1424 2651 atque
1444 2580 1822 2651 gubernator,
1843 2579 1939 2635 ille

274 2668 474 2739 magni
507 2668 696 2724 Patris
750 2667 953 2735 Filius,
986 2672 1045 2724 et
1093 2668 1371 2736 Verbum,
1407 2673 1464 2724 et
1493 2668 1852 2737 conciliator,
1884 2671 1943 2725 et

275 2757 554 2828 pontifex,
586 2761 645 2813 et
673 2757 869 2813 throni
915 2775 1194 2825 consors;
1228 2757 1329 2830 qui
1364 2774 1466 2830 pro
1497 2758 1688 2827 nobis,
1722 2758 1821 2829 qui
1852 2758 1941 2829 ip-

275 2844 402 2901 sius
452 2846 771 2918 imaginem
825 2847 1149 2920 ignominia
1199 2848 1603 2916 aft‘eceramus,
1660 2851 1835 2918 atque
1881 2847 1941 2901 in

274 2938 491 2989 terram
526 2935 768 3005 projecli
798 2953 1054 3003 eramus,
1080 2952 1265 3007 eoque
1295 2936 1535 3003 redacti,
1564 2940 1629 2991 ut
1660 2952 1943 3009 magnum

278 3021 529 3091 hujusce
547 3023 981 3094 conjunctienis
1002 3025 1348 3097 mysterium
1381 3026 1808 3095 ignoraremus,
1829 3042 1945 3080 non

278 3110 468 3167 solum
506 3111 576 3167 ad
611 3112 880 3167 servilem
938 3129 1127 3184 usque
1174 3114 1422 3168 formam
1465 3129 1528 3169 se
1574 3114 1851 3184 dejecerit
1879 3115 1944 3183 ‘0,

2118 2402 2246 2460 Ου’.
2304 2402 2527 2456 Πάντων
2579 2396 2637 2454 δὶ
2684 2399 3051 2467 ἀτοπώτατον,
3094 2396 3187 2452 τὸν
3224 2397 3317 2470 μὶν
3353 2403 3587 2472 Σωτῆρα
3613 2396 3716 2450 καὶ

2048 2490 2322 2560 Δεσπότην
2358 2488 2629 2557 ἁπάντων,
2660 2489 2752 2543 τὸν
2787 2485 2945 2542 τοῦδε
2973 2490 3070 2541 τοῦ
3109 2486 3307 2548 παντὸς
3366 2483 3709 2559 δημιουργόν

2046 2601 2107 2635 τε
2151 2580 2241 2635 καὶ
2299 2574 2637 2653 κυϐερνήτην
2700 2576 2793 2631 τὸν
2859 2580 2957 2631 τοῦ
3032 2574 3276 2650 μεγάλου
3354 2574 3563 2649 Πατρὸς
3615 2572 3709 2627 καὶ

2050 2670 2172 2724 Υἱὸν
2232 2669 2366 2741 (91),
2420 2666 2509 2722 καὶ
2563 2666 2755 2741 Λόγον,
2829 2664 2918 2719 καὶ
2994 2663 3350 2739 παοσαγωγέα
3429 2665 3564 2738 (92),
3614 2662 3708 2717 καὶ

2053 2755 2332 2833 ἀρχιερέα,
2381 2755 2471 2811 καὶ
2522 2753 2848 2829 σύνθρονον’
2899 2754 2989 2808 τὸν
3046 2753 3178 2829 ὑπὶρ
3228 2754 3388 2825 ἡμῶν
3436 2755 3545 2806 τῶν
3592 2750 3709 2805 ἀτι-

2057 2846 2337 2920 μασάντων
2388 2844 2554 2899 αὐτοῦ
2604 2844 2703 2912 τήν
2750 2842 2951 2914 εἰκόνα,
3001 2842 3093 2897 καὶ
3139 2842 3278 2918 πρὸς
3320 2842 3411 2896 τὸν
3445 2845 3582 2916 χοῦν
3612 2838 3715 2894 άπ-

2055 2933 2449 3010 ενηνεγμένων,
2516 2931 2606 2987 καὶ
2655 2931 3039 3006 ἀγνοησάντων
3087 2932 3151 2987 τὸ
3204 2930 3344 3005 μέγα
3404 2936 3507 2998 τῆς
3558 2932 3716 2996 συζυ-

2051 3023 2171 3100 γίας
2228 3026 2343 3097 (93)
2414 3024 2734 3096 μυστήριον,
2796 3022 2873 3093 μὴ
2930 3020 3091 3093 μόνον
3148 3020 3223 3082 εἰς
3293 3017 3495 3074 δούλου
3547 3037 3713 3073 κατα-

2056 3109 2223 3167 ϐάντα
2280 3113 2519 3187 μορφὴν,
2580 3108 2725 3166 ἀλλὰ
2771 3111 2862 3164 καὶ
2913 3108 3002 3165 ἐπὶ
3040 3110 3133 3164 τὸν
3163 3109 3390 3183 σταυρὸν
3421 3101 3718 3175 ἀναϐάντα,

278 3202 380 3257 sed
415 3201 589 3255 etiam
612 3218 839 3257 erucem
863 3203 1719 3275 conscenderit,pcccatumque
1749 3219 1943 3258 meum

2068 3203 2148 3257 καὶ
2197 3200 2565 3277 συναγαγόντα
2606 3199 2702 3267 τήν
2747 3197 2883 3271 ἐμὴν
2938 3197 3197 3271 ἁμαρτίαν
3265 3193 3668 3264 τεθνηξομένην
3702 3215 3715 3229 ο

282 3294 585 3352 secum,ut
616 3290 736 3345 illic
768 3290 1305 3358 interiret,duxerit
1338 3310 1350 3346 :
1384 3308 1516 3346 cum
1549 3290 1943 3364 hic,inquam,

2068 3295 2247 3346 τοῦτον
2292 3264 2385 3363 μέν
2416 3264 2789 3363 ’Σαμαρείτην
2837 3264 3115 3351 άκούοντα,
3166 3283 3255 3337 καὶ
3304 3280 3336 3334 ὅ
3364 3278 3565 3350 πολλῷ
3598 3284 3717 3353 χεῖ·

280 3378 498 3435 Juduis
536 3395 672 3434 eum
724 3379 1162 3435 Samaritanum
1210 3380 1557 3436 vocantibus
1587 3381 1655 3451 ⁴¹,
1687 3388 1738 3436 et
1791 3381 1944 3450 quod

283 3469 469 3524 multo
508 3469 847 3524 sceleratius
898 3474 1005 3535 est,
1040 3469 1209 3541 quasi
1263 3470 1546 3524 damonis
1585 3470 1951 3542 intemperiis

285 3558 569 3630 agitatum
625 3559 1040 3613 accusantibus
1073 3559 1139 3627 ‘9,
1191 3575 1297 3613 nec
1347 3559 1673 3627 erubescat,
1726 3575 1831 3615 nec
1880 3559 1951 3615 de

285 3647 779 3703 conviciatoribus
811 3648 936 3703 suis
969 3653 1288 3719 queratur;
1325 3649 1523 3719 idque,
1548 3664 1680 3703 cum
1716 3648 1827 3720 ipsi
1851 3664 1954 3719 per

287 3736 631 3809 angelorum
683 3738 999 3793 exercitum
1034 3738 1098 3801 ιθ,
1132 3736 1219 3793 vel
1251 3754 1523 3794 sermone
1567 3737 1710 3805 solo,
1744 3753 1951 3808 pravos

287 3824 555 3881 homines
610 3826 812 3882 ulcisci
867 3832 1207 3900 promptum
1257 3832 1449 3896 esset;
1495 3843 1696 3883 verum
1745 3826 1955 3883 leniter

290 3916 609 3971 admodum
638 3921 695 3972 et
725 3916 951 3988 placide
982 3916 1441 3973 contumeliosos
1472 3917 1739 3972 homines
1756 3934 1955 3972 aman-

289 4004 407 4072 det,
440 4021 507 4060 ac
538 4023 642 4077 pro
692 4022 917 4074 eorum,
945 4025 978 4062 a
1010 4008 1224 4076 quibus
1276 4008 1335 4063 in
1369 4022 1603 4061 crucem
1650 4007 1952 4078 agebatur,

2060 3401 2173 3458 ρον,
2209 3378 2465 3452 δαιμονᾷν
2496 3375 2908 3452 ἐγκαλούμενον,
2961 3374 3098 3444 μήτε
3148 3369 3515 3445 αἰσχύνεσθαι,
3572 3368 3715 3439 μήτε

2059 3467 2307 3544 ἐγκαλεῖν
2338 3473 2457 3530 τοῖς
2486 3462 2791 3543 ὑϐρίζουσιν
2821 3486 2829 3495 ·
2864 3464 2908 3535 ᾧ
2936 3460 3025 3517 καὶ
3070 3464 3189 3522 ταῖς
3239 3459 3557 3534 ἀγγελικαῖς
3609 3476 3715 3509 πα-

2062 3558 2329 3636 ρατάξεσι,
2376 3557 2465 3612 καὶ
2516 3554 2672 3631 λόγῳ
2720 3554 2869 3627 μόνῳ
2919 3554 3029 3624 (94)
3062 3548 3355 3622 ἀμύνεσθαι
3382 3545 3510 3607 τοὺς
3542 3565 3718 3636 πονη-

2063 3632 2190 3723 ροὺς
2226 3644 2408 3723 ῥᾴδιον
2457 3649 2522 3714 ἦν
2549 3664 2562 3679 ο
2616 3642 2742 3699 ἀλλ’
2785 3642 3007 3718 ἡμέρως
3055 3640 3194 3695 πάνυ
3240 3638 3331 3692 καὶ
3372 3654 3564 3711 πραως
3594 3632 3720 3694 τοὺς

2064 3733 2380 3806 ὑϐρίζοντας
2427 3734 2868 3806 ἀποπέμπεσθαι,
2927 3729 3018 3785 καὶ
3087 3729 3219 3803 ὑπὲρ
3268 3730 3375 3781 τῶν
3428 3724 3721 3799 σταυρούνο

2063 3847 2169 3881 των
2220 3824 2377 3880 αὐτὸν
2423 3824 2635 3901 ἀφιέναι
2684 3820 2938 3897 δάκρυον,
2988 3822 3138 3892 ἡμᾶς
3187 3814 3245 3871 δὲ
3292 3812 3498 3877 οἷέσθαι
3545 3810 3718 3884 ἀλγή-

2065 3938 2172 3970 σειν
2227 3914 2371 3969 οὕτω
2410 3912 2805 3985 καλουμένους,
2856 3913 2889 3980 ἢ
2938 3907 3328 3985 αἰσχυνεῖσθαι,
3370 3905 3405 3972 ἣ
3454 3908 3559 3970 τῆς
3592 3901 3717 3974 ὑπὲρ

2063 4007 2161 4059 τοῦ
2204 4000 2378 4062 καλοῦ
2426 3999 2747 4077 φιλοτιμίας
2800 3996 2889 4053 διὰ
2934 4001 3096 4051 τοῦτο
3155 3992 3575 4061 ἀποστήσεσθαι,
3634 3986 3717 4077 καί

289 4093 479 4149 salute
510 4075 803 4167 laerymas
852 4096 1060 4151 fundat
1089 4097 1170 4153 “1
1206 4112 1342 4151 cum
1397 4095 1539 4161 haec,
1574 4075 1841 4166 inquam,
1877 4095 1943 4149 ita

2068 4090 2242 4147 πλείω
2298 4075 2620 4160 ποιήσεσθαι
2680 4089 2792 4160 (95)
2852 4085 3015 4160 λόγον
3076 4088 3184 4139 τῶν
3225 4077 3431 4156 ὕϐρεων
3452 4077 3655 4167 τούτων
3685 4075 3718 4143 ἦ

291 4199 353 4238 se
384 4183 660 4249 habeant,
695 4200 888 4239 nonne
928 4184 1427 4240 absurdissimum
1461 4189 1571 4250 est,
1603 4183 1957 4249 existimare,

292 4271 465 4327 nobis
514 4272 885 4328 Galilaeorum
935 4290 1169 4343 nomen,
1205 4274 1293 4329 vel
1349 4273 1556 4339 dolori,
1612 4273 1698 4328 vel
1748 4274 1955 4345 pudori

291 4361 435 4431 fore,
471 4376 648 4416 nosve
678 4362 751 4417 ob
784 4377 913 4417 eam
945 4378 1186 4418 causam
1219 4363 1290 4417 ab
1323 4363 1536 4419 obnixo
1567 4362 1800 4418 virtutis
1831 4367 1961 4419 stu-

2066 4186 2175 4236 τῶν
2235 4183 2429 4255 ψυχῶν
2487 4178 2578 4233 καὶ
2636 4175 2925 4248 σωμάτων,
2998 4175 3075 4227 ὧν
3152 4174 3506 4248 καταφρονεῖν
3568 4164 3718 4237 ’ἴσμεν

2072 4270 2204 4345 ὑπὲρ
2232 4271 2334 4339 τῆς
2366 4265 2624 4337 ἀληθείας
2837 4261 3009 4320 Ἀλλὰ
3054 4264 3215 4315 τοῦτο
3272 4259 3386 4332 μὶν,
3431 4256 3563 4330 ὅπερ
3612 4255 3718 4326 (97)

2072 4360 2245 4431 εἷπον,
2299 4356 2520 4433 γελοῖον
2576 4351 2788 4427 μᾶλλον
2832 4352 2867 4421 ἢ
2912 4348 3182 4424 λυπηρὸν,
3231 4347 3321 4402 καὶ
3352 4346 3427 4410 εἰς
3458 4346 3558 4414 τὴν
3598 4363 3720 4411 σκη-

365 4512 410 4547 ⁴⁰
440 4511 692 4585 Philipp.
727 4529 787 4583 ιι,
822 4516 881 4570 7.
966 4513 1009 4549 ⁴¹
1044 4516 1207 4569 Joan.
1236 4530 1359 4585 vm,
1394 4514 1480 4568 48.
1558 4514 1603 4547 ⁴²
1633 4512 1773 4568 ibid.
1848 4512 1897 4548 ⁴³
1932 4512 1943 4569 1

2068 4512 2141 4569 :h.
2174 4528 2327 4579 xxvx,
2357 4509 2448 4566 53.
2527 4508 2572 4542 “
2601 4507 2742 4564 Luc.
2777 4522 2939 4575 mu,
2971 4504 3060 4559 34.
3106 4574 3109 4577 _

363 4681 476 4752 (86)
507 4681 817 4744 Βουθοίναν.
854 4707 881 4733 ‹‹
917 4683 1288 4739 Βυὶὶιωιιιιιιι.
1324 4706 1351 4733 ››
1397 4683 1714 4755 Buphagus
1763 4683 1953 4755 dictus
1985 4685 2032 4749 1)
2065 4680 2239 4755 ria_in
2272 4679 2577 4755 Julianum
2609 4672 3150 4755 recensetLBasilius
3180 4695 3207 4721 «
3228 4668 3708 4755 Tau‘ricremumg

292 4759 382 4828 est
413 4755 713 4821 Hercules,
738 4756 891 4828 quod
928 4757 1139 4811 aratori
1176 4755 1382 4828 Lindie
1414 4753 1589 4828 boves
1614 4753 1789 4823 ‘dues,
1823 4753 1954 4824 qui-

293 4826 404 4899 bus
436 4832 558 4883 tota
590 4826 777 4898 ipsius
808 4845 944 4899 spes
962 4833 1127 4882 terra
1146 4827 1398 4883 colendae
1431 4827 1747 4896 nitebatur,
1762 4831 1957 4881 sustu-

292 4897 459 4954 lisset
488 4897 668 4971 atque
700 4901 756 4954 in
791 4897 910 4955 una
939 4916 1103 4955 coena
1134 4899 1489 4971 devorasset.

364 4970 480 5041 (87)
508 4967 853 5043 Τριέσπερον.
883 4971 1147 5043 Herculis
1193 4970 1515 5043 epitheton,
1560 4968 1742 5043 quod_
1768 4967 1958 5022 tribus

294 5038 642 5113 vesperisin
679 5038 855 5099 unam
905 5042 1206 5113 conjectis,
1229 5038 1462 5113 Ilupiter
1508 5038 1641 5095 cum
1682 5038 1960 5113 Alcmena

296 5111 697 5234 poucubuerit,
736 5117 911 5185 unde,
935 5111 1104 5185 juxta
1156 5111 1377 5186 poetas,
1412 5115 1585 5168 natus
1616 5116 1706 5167 est
1738 5112 1956 5166 Hercu-

320 5198 401 5234 es.

320 5198 401 5237 BS.

373 5253 484 5327 (88)
545 5251 644 5307 Καὶ
704 5254 929 5310 πολλαί.
988 5255 1342 5312 Addidimus
1393 5252 1485 5308 καί
1542 5270 1611 5310 ex
1685 5253 1958 5327 pluribus

299 5325 487 5514 Οοζὲἰέ)
518 5398 767 5453 Πισαῖον.
815 5398 997 5469 Regg.
1029 5398 1067 5453 b
1097 5403 1155 5454 et
1202 5400 1322 5464 bm,
1374 5396 1531 5452 Colb.
1579 5397 1612 5449 3
1644 5400 1700 5451 et
1741 5398 1795 5462 6,
1832 5400 1957 5449 Πει-

303 5480 368 5512 σα
396 5484 471 5514 ον.
513 5468 732 5514 Pismns
763 5487 794 5514 ιι
822 5470 965 5514 Jnvn
995 5469 1174 5514 Pisam
1221 5471 1411 5514 f'nrsnn
1446 5470 1637 5514 dictum
1667 5468 1955 5514 Julianus-

303 5468 471 5519 σαῖον.
512 5468 732 5521 Pisaeus
763 5487 796 5521 a
822 5468 967 5523 Jove
995 5469 1174 5525 Pisaeo
1221 5471 1413 5524 forsan
1446 5470 1637 5523 dictus
1667 5468 1955 5523 Julianus.

302 5532 531 5611 Etenim
564 5538 791 5593 celebre
822 5537 934 5593 fuit
965 5556 1079 5608 pra:
1124 5541 1345 5596 caeteris
1379 5540 1515 5596 Pisae
1549 5539 1833 5611 templum
1860 5540 1957 5596 Jo-

302 5615 389 5656 VIS
420 5607 692 5659 Olvmpii.

817 5673 1204 5758 Καυσίταυρον,
1229 5688 1446 5758 _A_mi_n.
1476 5700 1519 5758 _1.
1552 5700 1691 5758 xxii,
1742 5684 1957 5758 p.__227,

297 5756 327 5786 «
360 5748 771 5811 victimarium
801 5768 831 5797 »
864 5748 1109 5817 reponit,
1143 5751 1242 5807 ubi
1273 5748 1759 5814 Antiochensium
1779 5748 1961 5813 dicte;

2066 4770 2100 4809 a
2131 4753 2406 4824 Gregorio
2456 4751 2586 4807 ideo
2633 4750 2826 4824 vocari
2873 4746 3175 4824 Julianum
3229 4740 3452 4824 scribit.
3474 4762 3516 4824 ⁸ξ(
3569 4738 3710 4824 quod

2066 4805 2309 4880 assiduis
2323 4805 2654 4879 taurorum
2704 4805 3049 4875 holocausta
3094 4815 3324 4871 offerret
3357 4828 3371 4866 :
3408 4834 3437 4863 »
3470 4808 3555 4864 δτι
3585 4805 3710 4862 ξτολ-

2066 4893 2222 4955 λάκις
2250 4893 2481 4985 ταύρους
2512 4890 2855 4946 ὡλοκαύτου.

2144 4969 2250 4985 In“
2283 4972 2321 4985 π
2411 4962 2504 4985 νει
2592 4964 2668 4985 τι-
2707 4979 2830 4985 μ--
2887 4960 3057 4985 nume
3088 4954 3178 4985 ...Δ
3205 4956 3262 4985 ξ..
3295 4954 3430 4985 ml“:

2140 4954 2253 5036 (9t)
2283 4954 2383 5019 Καὶ
2411 4962 2557 5019 Υἱόν.
2592 4964 2678 5036 _Ita
2706 4979 2867 5036 mss._
2887 4960 3062 5036 Deest
3088 4954 3178 5012 καί
3205 4954 3489 5036 in_ed_iti_s.

2162 5026 2253 5105 92)
2284 5034 2665 5112 Προσαγωγέα.
2703 5058 2739 5112 ‹‹,
2755 5033 2871 5112 _Cui
2901 5032 3126 5112 aditum
3157 5028 3394 5101 praebet.
3413 5026 3521 5082 Per
3548 5040 3709 5097 quem

2067 5105 2357 5166 habemus
2386 5105 2702 5181 accessum!
2722 5105 2895 5181 (Rom.
2930 5121 2989 5181 νη
3014 5105 3092 5181 21ε
3298 5174 3308 5181 ,
3387 5168 3399 5181 ,
3672 5166 3683 5179 .

2139 5181 2249 5252 (93)
2282 5175 2572 5253 Συζυγίας.
2613 5202 2642 5231 ‹‹
2676 5173 3130 5253 Gunjunctionis
3160 5173 3575 5245 mysterium,»
3612 5173 3711 5223 sci-

2068 5250 2201 5307 licet
2234 5250 2257 5301 ἰ
2292 5250 2553 5323 corporis
2582 5269 2718 5308 eum
2753 5250 2971 5323 anima.
3007 5267 3037 5296 ι)

2138 5325 2250 5395 (94)
2282 5311 2461 5394 Μόνὶρ.
2514 5323 2781 5395 Plerique
2811 5320 3044 5378 codices
3094 5316 3277 5388 Regg.
3306 5314 3430 5381 bm,
3474 5311 3514 5378 l,
3544 5314 3636 5367 0r.
3670 5311 3715 5378 1,

2068 5396 2230 5450 Pass.
2271 5394 2449 5450 μόνον.

2115 5413 2230 5451 885.
2270 5413 2449 5451 μονον.

2140 5417 2633 5538 ίῗδδῗέ)Ἦέῗίσεσθαι.
2666 5465 2752 5521 Ita
2798 5464 2935 5533 Reg.
2981 5461 3021 5529 l,
3058 5464 3115 5516 et
3145 5457 3241 5514 Or.
3293 5455 3347 5511 4.
3382 5454 3512 5510 Edit
3561 5453 3715 5523 ποιή-

2071 5539 2278 5595 σασθαι.

2142 5612 2253 5682 (96)
2285 5608 2592 5680 Ἀληθείας.
2625 5609 2763 5682 Reg,
2798 5624 2852 5672 a,
2885 5596 3179 5673 εὐσεϐείας,
3212 5624 3240 5651 ‹‹
3277 5597 3530 5674 pietatis.
3565 5621 3588 5651 ι

2144 5680 2260 5753 (97)
2285 5684 2480 5757 Ὅπερ.
2511 5687 2640 5738 Sav.
2676 5680 2876 5749 ὥσπερ.
