4028 6434
323 444 451 506 605

1339 443 1633 504 ORATIO
1678 443 1874 502 lV.—-
1907 440 2217 502 CONTRA
2263 439 2662 503 JULIANUM
2706 438 2754 501 Ι.

3642 441 3765 504 606

328 579 432 648 νῆν
490 578 605 651 (98)
655 573 1098 648 ἀποπεμπόμεθα
1129 591 1140 607 ·
1198 575 1415 637 πάντως
1465 569 1527 628 οὕ
1573 574 1694 628 ποτ’
1727 571 1786 629 ἄν
1837 574 1986 651 ὑπερ-

2108 575 2203 631 dio
2221 575 2494 632 abscessu
2505 573 3254 646 ros,majoremquebarum
3270 575 3761 633 contumeliarum

329 663 684 740 ϐαλλοίμεθα
745 667 859 738 (99)
916 663 1042 727 τοῦς
1107 661 1307 740 ῥᾳδίως
1367 663 1478 718 ἐκεῖ
1532 664 1668 719 κατά
1720 667 1819 734 τῆς
1871 663 1996 739 κόῤ-

329 756 438 834 ῥης
497 758 573 830 (1)
629 757 696 810 τά
754 776 817 830 γε
873 759 1097 809 τοιαῦτα
1152 753 1533 826 παιζομὲνους,
1609 753 1698 807 καὶ
1773 753 1994 823 παίζον-

323 867 452 908 τας.

2109 681 2286 736 quam
2322 665 2655 720 animarum
2689 666 2745 718 et
2775 679 3088 734 corporum
3120 663 3296 734 116,
3331 679 3456 734 quae
3488 681 3590 735 pro
3620 665 3765 720 veri-

2108 755 2247 810 tatis
2278 752 2616 808 defensione
2671 755 3040 807 contemnere
3076 769 3141 807 ac
3189 767 3292 823 pro
3343 751 3524 807 nihilo
3557 757 3762 824 putare

2108 843 2540 910 consuevimus,
2586 841 2871 896 rationem
2915 841 3267 897 habituros?
3314 841 3597 896 Caeterum
3629 841 3760 910 hoc,

329 944 404 992 ut
437 937 576 1004 dixi,
606 935 923 991 ridiculum
958 935 1171 1007 potius,
1206 951 1381 1006 quam
1430 949 1602 1005 grave
1627 936 1685 989 et
1737 933 2074 1001 molestum,
2110 938 2281 1004 atque
2307 934 2378 987 ad
2412 949 2646 988 scenam
2697 935 2753 987 et
2785 930 3008 986 theatra
3055 931 3113 986 id
3147 929 3523 986 remittimus.
3564 930 3764 1003 Neque

331 1026 496 1082 enim
529 1027 784 1098 profecto
817 1026 888 1080 iis
937 1041 1196 1097 unquam
1232 1024 1564 1095 superiores
1617 1023 1925 1091 fuerimus,
1959 1021 2060 1094 qui
2094 1021 2258 1078 facile
2308 1021 2424 1076 illic
2455 1021 2512 1075 in
2548 1021 2843 1076 maxillam
2878 1038 2970 1078 res
3019 1019 3362 1092 hujusmodi
3413 1020 3646 1087 ludunt,
3680 1021 3756 1076 si-

330 1114 582 1187 mulque
611 1115 916 1170 luduntur.

404 1227 524 1278 06'.
557 1221 764 1274 Ἐκεῖνο
798 1217 856 1274 δὲ
885 1217 994 1288 ἤδη
1027 1217 1116 1274 καὶ
1152 1217 1270 1274 λίαν
1304 1219 1543 1293 πονηρὸν
1571 1218 1661 1273 καὶ
1703 1217 1992 1289 κακόηθες,

322 1308 438 1376 ὅτι,
470 1309 532 1363 τὸ
570 1309 666 1381 μὲν
699 1312 942 1384 φανερῶς
975 1307 1178 1371 πείθειν
1214 1306 1314 1361 οὐκ
1343 1305 1511 1382 ἔχων,
1542 1307 1606 1362 τὸ
1639 1304 1696 1362 δὲ
1722 1307 1994 1382 βιάζεσθαι

319 1401 662 1473 τυραννικῶς
717 1395 1138 1472 αἰσχυνόμενος,
1206 1395 1277 1470 τῇ
1353 1393 1549 1468 λεοντῇ
1634 1396 1732 1464 τήν
1808 1393 1997 1470 κερδα-

325 1486 440 1556 λῆν
498 1489 573 1559 (2)
623 1484 960 1560 ἐγκρύπτων,
1014 1484 1058 1539 εἰ
1111 1483 1297 1560 βούλει
1345 1482 1424 1557 δὲ,
1464 1489 1542 1556 τῷ
1574 1485 1795 1546 Μίνωος
1826 1505 1994 1560 προσ-

325 1575 526 1648 ωπείῳ
556 1575 646 1630 τὸν
681 1572 1012 1629 ἀδικώτατον
1047 1577 1185 1648 (πῶς
1237 1574 1296 1628 ἂν
1345 1570 1556 1647 εἴποιμι
1601 1575 1804 1650 κυρίως
1854 1576 1994 1647 (3);)

323 1663 589 1727 ἐπιεικῶς
639 1667 716 1736 (4)
770 1660 1037 1733 ἐϐιάζετο.
1088 1663 1162 1718 Τὰ
1206 1663 1300 1736 μὶν
1332 1663 1424 1718 οὖν
1459 1661 1604 1718 ἄλλα
1630 1669 1747 1725 τοῖς
1785 1661 1993 1738 βουλο-

331 1754 520 1829 μένοις
573 1755 806 1829 ἱστορεῖν
855 1773 915 1807 τε
961 1751 1052 1808 καὶ
1111 1752 1334 1829 γράφειν
1380 1754 1634 1828 παρήσω,
1683 1756 1780 1806 τοῦ
1827 1749 1994 1827 λόγου

325 1841 699 1905 σπεύδοντος·
744 1841 982 1903 πολλοῖς
1033 1839 1090 1896 δὲ
1138 1842 1293 1914 οἶμαι
1343 1839 1841 1908 σπουδασθήσεσθαι
1897 1845 1995 1896 τοῦ

320 1932 457 1987 τότε
513 1936 705 2006 καιροῦ
761 1932 860 2000 τὴν
923 1929 1030 1985 εἴτε
1093 1927 1397 2006 τραγῳδίαν
1448 1932 1559 2005 χρή
1629 1928 1831 2005 λέγειν,
1886 1927 1993 1984 εῖίτε

2177 1218 2405 1273 LXXIX.
2456 1218 2588 1274 Jam
2639 1235 2769 1274 vero
2824 1217 2969 1272 illud
3018 1218 3340 1274 admodum
3386 1235 3631 1290 pravum
3690 1234 3759 1274 ac

2105 1308 2454 1378 malignum,
2489 1308 2644 1379 quod
2679 1323 2811 1362 cum
2847 1324 2951 1362 nec
2995 1312 3192 1379 aperte
3223 1325 3330 1363 nos
3360 1308 3593 1364 allicere
3620 1325 3759 1380 pos-

2104 1402 2210 1465 set,
2248 1413 2352 1451 nec
2403 1396 2706 1468 tyrannice
2746 1413 2950 1468 cogere
3001 1414 3116 1468 prae
3149 1398 3373 1469 pudore
3417 1399 3759 1463 sustineret,

2104 1485 2350 1540 leoninae
2383 1485 2518 1556 pelli
2551 1485 2877 1556 vulpinam,
2909 1490 3032 1552 aut,
3067 1485 3117 1540 si
3151 1486 3358 1555 mavis,
3392 1487 3608 1542 Minois
3639 1487 3760 1541 lar-

2100 1591 2234 1630 vam
2267 1590 2513 1629 summaa
2563 1573 2864 1644 injustitiae
2916 1578 3243 1645 praetexens
3274 1575 3516 1647 (quibus
3568 1576 3760 1632 verbis

2104 1662 2336 1735 proprie
2367 1663 2422 1717 id
2457 1662 2782 1734 exprimam
2806 1662 2854 1733 ?)
2885 1661 3094 1718 leniter
3125 1663 3240 1718 vim
3275 1664 3762 1736 all'erebat.Atque

2104 1751 2217 1807 alia
2264 1751 2502 1822 quidem
2549 1751 2840 1806 memoriae
2872 1751 3171 1823 prodenda
3215 1751 3538 1823 litterisque
3586 1769 3760 1808 man-

2103 1841 2296 1896 danda
2325 1840 2656 1896 volentibus
2680 1839 3102 1912 relinquemus,
3129 1839 3578 1912 festinantejam
3602 1840 3757 1896 vide-

2103 1929 2238 1984 licet
2270 1933 2470 1984 nostra
2500 1928 2780 1984 oratione.
2814 1927 3023 1984 Multos
3053 1933 3248 1984 autem
3292 1945 3526 1984 summo
3558 1929 3754 1985 studio

317 2018 650 2093 κωμῳδίαν,
698 2022 778 2082 οἷς
839 2019 1002 2096 μέρος
1049 2015 1317 2082 εὐσεϐείας
1369 2017 1510 2092 δοξει
1568 2019 1722 2094 λόγῳ
1766 2017 1986 2094 βάλλειν

2104 2019 2500 2075 elaboraturos
2530 2017 2800 2073 existimo
2830 2019 2889 2072 in
2925 2018 3230 2073 condenda
3261 2017 3421 2072 illius
3447 2017 3751 2088 temporis,

315 2110 420 2166 τὸν
482 2109 808 2186 ἀλιτήριον’
872 2110 945 2172 ὡς
1006 2109 1094 2164 καὶ
1161 2115 1278 2171 τοῖς
1353 2105 1538 2164 ἔπειτα
1612 2107 1989 2185 παραδοθῆναι

315 2206 552 2276 πρᾶγμα
599 2204 881 2270 τοσοῦτον,
931 2199 1021 2254 καὶ
1067 2198 1263 2268 ἥκιστα
1299 2199 1396 2253 του
1429 2196 1608 2254 λαθεῖν
1650 2199 1838 2268 ἄξιον·
1902 2197 1990 2253 αὐ-

314 2290 422 2351 τὸς
455 2286 514 2343 δὲ
569 2288 688 2343 ἀντὶ
734 2289 945 2344 πάντων
995 2287 1050 2342 ἓν
1096 2289 1131 2356 ἢ
1185 2286 1279 2343 δύο
1326 2285 1611 2364 δείγματος
1666 2287 1774 2364 ἐρῶ
1824 2286 1986 2364 χάριν

309 2382 442 2438 τοῖς
489 2376 698 2454 σφόδρα
742 2377 809 2432 τὰ
858 2376 1066 2430 ἐκείνου
1114 2376 1500 2448 θαυμάζουσιν,
1549 2375 1618 2430 ⁹ίν⁹
1649 2375 1832 2431 εἰδῶσι
1861 2380 1988 2430 τοῦ·

2100 2109 2219 2164 sive
2249 2107 2533 2179 tragoedia
2563 2106 2665 2162 illa
2695 2107 2945 2162 dicenda
2988 2113 3098 2173 est,
3131 2107 3251 2162 sive
3282 2107 3588 2172 comcedia,
3622 2106 3754 2178 qui-

2099 2202 2212 2254 bus
2245 2197 2479 2268 pietatis
2510 2214 2648 2268 pars
2697 2213 2825 2252 esse
2856 2195 3167 2263 videbitur,
3201 2195 3449 2268 impium
3495 2195 3664 2251 illum
3695 2201 3754 2251 et

2099 2286 2452 2357 sacrilegum
2485 2285 2747 2341 oratione
2776 2285 3070 2352 insectari,
3105 2290 3167 2340 ut
3200 2285 3271 2339 ad
3305 2288 3565 2356 posteros
3603 2300 3751 2355 quo-

2100 2392 2213 2448 que
2254 2391 2346 2430 res
2385 2380 2549 2430 tanta
2598 2375 2958 2446 minimeque
3001 2375 3180 2447 digna
3229 2391 3356 2445 quas
3396 2374 3456 2428 in
3499 2375 3750 2429 obscuro

312 2486 421 2520 τον
457 2469 528 2537 (5)
561 2465 790 2520 ἐπαινεῖν
821 2465 1114 2535 ἀξιοῦντες,
1161 2467 1223 2520 οὗ
1259 2463 1400 2538 μηδὲ
1430 2465 1602 2540 ψόγον
1638 2464 1778 2521 ἔστιν
1813 2467 1983 2542 εὑρεῖν

2104 2466 2305 2537 iaceat,
2323 2466 2781 2520 transmittatur.
2799 2465 2914 2536 Ego
2935 2469 3128 2520 autem
3151 2481 3255 2536 pro
3270 2463 3548 2519 omnibus
3563 2479 3748 2518 unum

320 2550 503 2623 ἄξιον.

2099 2561 2199 2612 aut
2253 2556 2523 2626 alterum,
2557 2555 2805 2626 exempli
2857 2572 3055 2624 causa,
3089 2555 3163 2610 iis
3213 2554 3314 2625 qui
3361 2554 3539 2609 vitam
3592 2553 3750 2609 illius

314 2648 630 2712 tantopere
663 2643 1052 2712 admirantur,
1087 2661 1396 2716 exponam,
1430 2650 1495 2701 ut
1521 2661 1584 2701 se
1613 2661 1749 2701 eum
1780 2645 1970 2701 virum
2001 2644 2242 2701 laudare
2269 2644 2413 2700 velle
2443 2643 2792 2718 intelligant,
2826 2645 2995 2716 cujus
3027 2643 3189 2699 nulla
3216 2643 3359 2698 satis
3391 2643 3570 2714 digna
3598 2643 3750 2698 vitu-

312 2733 548 2804 peratio
577 2733 889 2804 excogitari
924 2739 1136 2806 potest.

399 2838 478 2892 ll'.
515 2836 695 2910 Νόμος
730 2835 839 2892 ἐστὶ
877 2835 1180 2912 βασιλικὸς,
1216 2837 1314 2893 οὐκ
1343 2836 1463 2893 οἴδα
1497 2840 1592 2912 μὶν
1627 2839 1672 2893 εἰ
1703 2839 1793 2894 καὶ
1823 2845 1981 2895 πᾶσιν

313 2926 632 2999 ἀνθρώποις
666 2931 790 2999 παρ’
820 2925 967 2988 ὅσοις
1016 2929 1088 2997 (6)
1131 2928 1194 2981 τὸ
1247 2925 1644 3001 βασιλεύεσθαι,
1695 2928 1984 3000 Ῥωμαίοις

315 3011 384 3069 δὲ
433 3013 522 3067 καὶ
589 3018 694 3067 τῶν
764 3014 884 3070 λίαν
951 3013 1403 3089 σπουδαζομένων
1460 3017 1630 3072 εἰκόσι
1689 3015 1982 3091 δημοσίαις

309 3107 582 3173 τιμᾶσθαι
632 3102 758 3164 τοὺς
812 3102 1235 3179 βασιλεύοντας’
1305 3105 1365 3160 οὐ
1416 3106 1519 3181 γὰρ
1571 3105 1879 3182 ἐξαρκοῦσιν
1931 3107 1983 3161 οἳ

308 3192 570 3268 σιέφανοι
621 3192 711 3246 καὶ
767 3192 834 3247 τὰ
882 3190 1211 3268 διαδήματα,
1261 3194 1351 3250 καὶ
1399 3195 1462 3250 τὸ
1506 3202 1608 3265 τῆς
1656 3193 1984 3271 ἁλουργίδος

2167 2841 2379 2898 LXXX.
2425 2842 2525 2898 Est
2573 2841 2682 2897 hoc
2736 2841 2793 2896 in
2842 2841 2999 2915 regio
3047 2857 3208 2897 more
3257 2839 3536 2912 positum,
3587 2838 3745 2895 haud

2094 2932 2329 3003 quidem
2353 2933 2472 2987 scio
2506 2949 2578 2987 an
2604 2933 2758 3002 apud
2781 2948 2986 2987 omnes
3018 2947 3252 3004 quoque
3283 2930 3428 2985 alios
3453 2927 3744 2998 homines,

2096 3021 2194 3092 qui
2225 3021 2470 3094 imperio
2498 3022 2770 3087 subsunt,
2805 3027 3077 3076 caeterum
3108 3020 3262 3092 apud
3298 3019 3593 3075 Romanos
3625 3022 3750 3074 stu-

2093 3110 2428 3167 diosissime
2476 3110 2871 3179 observatum,
2908 3116 2971 3166 ut
3023 3109 3273 3182 publicis
3315 3108 3526 3165 statuis
3571 3110 3752 3180 impe-

2093 3207 2315 3256 ratores
2346 3205 2650 3256 ornentur.
2693 3201 2808 3255 Nec
2839 3199 2996 3255 enim
3035 3216 3262 3255 coronas
3296 3217 3360 3254 ac
3392 3199 3747 3264 diademata,

309 3280 500 3349 ἄνθος,
535 3278 586 3335 οἳ
615 3302 672 3336 τε
717 3281 1116 3356 ἀριθμούμενοι
1163 3282 1508 3363 λογχοφόροι
1541 3288 1617 3358 (7)
1647 3285 1736 3340 καὶ
1783 3285 1846 3340 τὸ
1874 3289 1981 3340 τῶν

2104 3294 2153 3344 et
2183 3307 2457 3362 purpurae
2489 3289 2662 3356 nitor,
2699 3295 2756 3343 et
2789 3290 3085 3345 numerosi
3119 3287 3420 3357 satellites,
3452 3291 3510 3342 et
3549 3287 3751 3341 subdi—

306 3365 646 3444 ἀρχομένων
699 3367 934 3440 πλῆθος,
1004 3377 1320 3445 συγκροτεῖν
1379 3371 1598 3434 τούτοις
1653 3373 1752 3440 τήν
1837 3374 1985 3448 βασι-

311 3456 514 3513 λείαν·
596 3455 743 3511 ἀλλά
811 3455 893 3512 δεῖ
955 3459 1046 3513 καὶ
1126 3463 1546 3534 προσκυνήσεως
1612 3461 1820 3530 αὐτοῖς,
1897 3464 1984 3540 ὑφ’

305 3549 382 3614 ἧς
448 3546 526 3616 (8)
585 3545 902 3620 σεμνότεροι
955 3544 1183 3614 δόζωσιν
1230 3550 1350 3619 (9)·
1403 3547 1516 3622 οὐχ
1562 3550 1623 3616 ἣν
1671 3551 1782 3621 (10)
1833 3549 1985 3604 αὐτοὶ

305 3636 749 3708 προσκυνοῦνται
806 3632 993 3703 μόνον,
1044 3632 1190 3688 ἀλλά
1237 3635 1326 3687 καὶ
1375 3642 1474 3703 τῆς
1524 3635 1574 3688 ἐν
1615 3636 1899 3709 πλάσμασί
1929 3659 1988 3692 τε

307 3721 410 3777 καὶ
444 3720 755 3794 χρώμασιν,
792 3720 860 3773 ἶν’
952 3721 1013 3774 τὸ
1047 3715 1207 3782 σέϐας
1237 3722 1418 3783 αὐτοῖς
1468 3722 1876 3794 ἀπληστότερόν
1929 3747 1988 3780 τε

306 3810 410 3867 καὶ
441 3808 791 3881 τελεώτερον.
840 3807 1068 3869 Ταύταις
1117 3814 1236 3870 ταῖς
1285 3807 1482 3863 εἰκόσιν
1516 3809 1681 3865 ἄλλοι
1717 3813 1810 3883 μὶν
1844 3812 1985 3869 ἄλλο

305 3923 364 3956 τι
419 3902 528 3954 τῶν
585 3895 854 3973 βασιλέων
911 3897 1498 3976 προσπαραγράφεσθαι
1555 3900 1872 3976 χαίρουσιν·
1933 3904 1986 3956 οἱ

312 3989 418 4064 μὶν
470 3991 578 4041 τῶν
629 3984 844 4041 πόλεων
897 3989 1010 4061 (11)
1059 3987 1156 4049 τὰς
1209 3986 1594 4064 λαμπροτέρας
1634 3987 1987 4066 δωροφορού-

307 4098 438 4146 σας,
494 4076 546 4129 οἱ
594 4073 652 4130 δὲ
698 4075 848 4138 νίκας
898 4076 1029 4152 ὑπὲρ
1078 4074 1322 4152 κεφαλῆς
1373 4078 1772 4155 στεφανούσας·
1826 4081 1878 4134 οἱ
1928 4079 1986 4136 δὲ

303 4167 446 4228 τοὺς
495 4164 545 4218 ἐν
592 4164 741 4220 τέλει
795 4169 1253 4240 προσκυνοῦντας,
1303 4165 1392 4221 καὶ
1441 4173 1554 4230 τοῖς
1619 4172 1725 4224 τῶν
1794 4169 1981 4244 ἀρχῶν

301 4254 670 4330 τιμωμένους
703 4257 1035 4330 συνθήμασιν
1063 4275 1075 4288 ·
1111 4256 1163 4310 οἱ
1195 4253 1253 4310 δὶ
1285 4257 1611 4335 θηροφονίας
1659 4257 1749 4313 καὶ
1799 4258 1983 4314 εὐστο-

305 4347 446 4426 χίας
476 4364 488 4377 ·
523 4345 574 4400 οἱ
607 4341 665 4399 δὲ
718 4339 1004 4423 βαρϐάρων
1053 4344 1397 4420 ἡττημένων,
1451 4346 1540 4402 καὶ
1591 4347 1694 4403 ὑπὸ
1731 4353 1850 4412 τοῖς
1879 4369 1981 4404 πο-

390 4555 781 4636 (9ὃλξῖκηντςν.
830 4558 1102 4636 Heinsius
1134 4560 1276 4633 legit
1310 4578 1323 4617 :
1370 4561 1810 4636 ἀποπεμπόμεθα
1852 4565 1984 4619 πάν-

311 4624 571 4700 τως.οῤ
606 4624 861 4700 γάρ’-ποτ’
893 4624 976 4700 ἄν,
1009 4634 1117 4686 etc.

391 4683 1278 4788 (99)’Υπερϐαλλοίμεθα.Ηθεε.
1312 4703 1432 4774 bm,
1459 4704 1500 4771 1,
1534 4705 1630 4761 Or.
1663 4707 1714 4774 1,
1749 4700 1985 4781 ὑπερϐα-
2019 4683 2066 4749 D

316 4771 582 4828 λοίμεθα.

397 4791 649 4921 (lanigeros?
693 4847 796 4921 τῇς
849 4839 1075 4921 κόρρης.
1125 4843 1236 4921 Alii
1289 4843 1425 4917 μετᾶ
1465 4847 1564 4921 τῆς
1613 4844 1980 4921 κόρηςηδοῇ.

319 4910 543 4992 Κόνρἓην
581 4910 645 4966 δά
874 4910 974 4982 τὴς,
1012 4910 1300 4992 ’κεφαλὴνξ
1322 4923 1413 4992 ῆν.
1443 4910 1662 4980 εἰώθασι
1680 4910 1982 4992 γ’πατάσσειν

321 4987 377 5041 oi
412 4985 584 5063 μῖμφι
613 4985 917 5063 παίζοντες.
956 5008 983 5038 ‹‹
1014 4985 1198 5059 Caput
1227 4985 1503 5062 appellat,
1538 4991 1689 5063 quod
1728 4992 1890 5046 mimi
1925 4993 1983 5048 in

326 5057 582 5116 scenicis
611 5057 767 5131 ludis
799 5058 985 5114 solent
1014 5057 1335 5131 percutere.
1372 5085 1400 5112 »

405 5131 483 5203 (2)
518 5126 785 5204 Κεραλῆν.
818 5126 1032 5186 Ηθίυεί
1052 5130 1368 5204 ἀλωπεκῆν,
1404 5156 1432 5183 ‹‹
1466 5133 1722 5204 vulpem.
1755 5155 1782 5182 ››

397 5199 485 5278 (3)
509 5199 739 5272 Κυρέως.
768 5206 928 5278 Pass.
953 5209 1206 5273 quatuor
1227 5199 1404 5277 Begg.
1435 5199 1797 5278 totidemque
1818 5205 1980 5262 Colb.

328 5271 663 5348 0r.1,_ietc.
698 5271 949 5348 καιρίως,
970 5271 1014 5327 “α
1046 5271 1392 5348 opportune.
1428 5300 1456 5328 ›)

401 5346 480 5424 (ll)
507 5340 802 5424 Ἐπιεικῷς
829 5340 1100 5424 ἐϐιάζετοξ
1125 5340 1163 5397 ἲ(
1197 5348 1278 5403 Ea
1309 5348 1426 5404 leni
1476 5349 1667 5420 specie
1697 5349 1813 5404 vim
1846 5365 1982 5404 cru-

332 5413 540 5470 deliter
569 5417 864 5472 afferebat.
905 5441 930 5464 η

516 5483 717 5541 Είδῶσι
762 5491 972 5562 τοῦτον.
1029 5511 1058 5540 ‹‹
1095 5491 1160 5547 Ut
1190 5489 1521 5562 intelligant
1553 5507 1616 5547 se
1666 5490 1811 5547 velle
1849 5491 1983 5547 lau-

335 5555 496 5637 dare,
519 5574 697 5637 quem
722 5577 792 5614 ne
823 5560 1150 5637 vituperare
1186 5555 1424 5637 quidem
1447 5564 1811 5637 pro‘meritis
1839 5564 1982 5620 satis

335 5630 472 5698 quis
517 5633 722 5700 potest.
761 5652 789 5679 ››
840 5630 978 5704 Reg.
1030 5633 1148 5704 bm,
1193 5630 1251 5690 et
1295 5630 1466 5691 Pass:
1504 5630 1718 5689 εἰδῶσιν
1767 5635 1820 5689 ot
1861 5638 1983 5690 τοῦ-

330 5718 448 5755 τον.

405 5771 484 5844 (6)
555 5769 688 5846 Παρ¹
736 5768 904 5835 ὅσοις·
937 5773 1029 5833 Sic
1067 5775 1246 5853 Regg.
1280 5777 1322 5848 l,
1352 5794 1409 5851 y,
1442 5780 1499 5835 et
1528 5777 1624 5835 Or.
1654 5778 1706 5836 1.
1742 5778 1807 5837 In
1838 5779 1978 5853 Reg.

2094 3381 2287 3434 torum
2309 3377 2647 3445 multitudo,
2673 3379 2743 3433 ad
2762 3378 3243 3434 constituendum
3270 3377 3414 3450 ipsis
3437 3375 3751 3448 imperium

2093 3468 2399 3523 sufficiunt
2440 3485 2452 3523 :
2497 3484 2696 3522 verum
2747 3467 3144 3522 adorationem
3195 3483 3429 3538 quoque
3477 3467 3753 3521 accedere

2096 3560 2343 3627 oportet,
2375 3572 2475 3625 per
2502 3572 2678 3626 quam
2704 3557 3074 3626 angustiores
3098 3559 3417 3626 appareant
3443 3570 3455 3608 :
3482 3570 3596 3608 non
3621 3569 3749 3608 eam

2097 3643 2285 3699 solum
2322 3660 2439 3714 qua
2485 3644 2807 3698 adorantur
2838 3644 2971 3715 ipsi,
3006 3644 3107 3698 sed
3158 3659 3288 3697 eam
3321 3643 3495 3696 etiam
3529 3659 3656 3712 quae
3689 3641 3748 3696 in

2095 3731 2456 3801 imaginibus
2490 3731 2853 3801 picturisque
2887 3735 3216 3801 praastetur,
3252 3747 3364 3801 quo
3397 3728 3754 3784 cumulatior

2097 3818 2243 3888 ipsis
2286 3819 2708 3889 perfectiorque
2759 3819 3052 3873 veneratio
3103 3819 3397 3873 reddatur.
3433 3818 3536 3872 His
3584 3834 3752 3888 porro

2093 3906 2453 3977 imaginibus
2467 3906 2564 3960 alii
2584 3907 2969 3977 imperatores
2987 3906 3144 3961 aliud
3165 3907 3447 3978 quiddam
3474 3910 3754 3978 praeterea

2096 3995 2331 4066 appingi
2350 3996 2636 4066 gaudent;
2662 3996 2904 4066 quidam
2919 3995 3281 4050 clarissimas
3294 4012 3557 4066 quasque
3578 3996 3752 4052 urbes

2095 4084 2247 4139 dona
2265 4083 2571 4139 otlerentes
2599 4109 2612 4150 ;
2645 4083 2742 4138 alii
2775 4084 3070 4152 victorias,
3099 4092 3274 4155 caput
3303 4101 3506 4139 eorum
3539 4102 3755 4140 corona

2095 4172 2427 4242 cingentes;
2464 4172 2729 4228 nonnulli
2779 4174 3163 4244 magistratus
3196 4175 3528 4240 adorantes,
3561 4179 3619 4230 et
3666 4173 3754 4228 di-

2092 4262 2383 4333 gnitatum
2434 4262 2587 4318 notis
2635 4270 2980 4330 exornatos;
3029 4262 3129 4318 alii
3160 4264 3414 4318 ferarum
3471 4263 3657 4319 caedes
3697 4267 3756 4319 et

2094 4351 2271 4406 scitas
2295 4350 2688 4422 jaculationes
2715 4377 2729 4420 ;
2763 4351 2865 4407 alii
2896 4352 3282 4408 barbarorum
3311 4354 3458 4408 117
3499 4351 3752 4410 domito-

2094 4583 2130 4637 y
2185 4563 2506 4635 ascriptum
2537 4564 2594 4619 in
2630 4581 2749 4636 ora,
2782 4567 2912 4637 παρ’
2939 4564 3088 4638 ὅσον,
3121 4571 3179 4623 et
3210 4567 3268 4622 in
3301 4571 3459 4623 textu
3494 4563 3750 4641 βουλεύε-

2096 4610 2214 4709 σθαι
2249 4653 2350 4707 pro
2387 4632 2785 4709 βασιλεύεσθαι.

2096 4653 2214 4688 σθαι
2249 4653 2350 4691 1)Γο
2387 4653 2760 4691 βασιλεύεσθαι
2773 4679 2785 4691 .

2169 4654 2214 4687 αι
2249 4653 2350 4707 pro
2387 4653 2785 4709 βασιλεύεσθαι.

2169 4707 2244 4779 (7)
2279 4705 2659 4783 ᾼογχοφόροι..
2691 4709 2753 4763 In
2785 4709 2962 4783 Regg.
2984 4726 3018 4783 α
3047 4713 3104 4783 et
3132 4709 3191 4774 b,
3215 4709 3273 4763 in
3305 4710 3747 4783 textuponitur,

2095 4776 2199 4854 pro
2229 4776 2760 4854 ’νόμοι’κὰὶ’φὸροι,
2797 4776 2950 4851 quea
3001 4781 3220 4854 habent
3268 4781 3403 4854 editi
3464 4776 3558 4836 ΟΡ.
3609 4782 3660 4848 1,
3694 4776 3751 4835 et

2097 4848 2236 4936 lteg.
2271 4848 2325 4922 y,
2355 4848 2600 4936 uterque
2623 4848 3004 4936 ίιθριςείιιιιγρἶ
3037 4848 3408 4936 λογχορρροιΖ
3440 4856 3575 4936 Quae
3605 4870 3745 4936 pro-

2096 4905 2243 4978 fecto
2271 4905 2409 4977 vera
2432 4905 2608 4978 no‘bis
2630 4905 2867 4978 videtur
2900 4905 3092 4979 lectio.
3126 4905 3482 4979 IGuid'enirIi
3500 4905 3749 4979 sibivo-

2094 4993 2222 5048 lunt
2253 4993 2343 5068 hic
2377 5018 2405 5043 ‹‹
2437 5011 2760 5068 numerosae
2786 4995 2990 5068 leges?
3023 5018 3049 5044 ››
3073 4999 3147 5068 ut
3176 4995 3346 5068 vertit
3371 4995 3598 5068 Billius.
3631 4999 3745 5051 Nc-

2095 5081 2208 5141 que
2240 5065 2395 5141 enim
2429 5070 2593 5141 tanta
2622 5066 2818 5139 legum
2848 5065 3037 5140 'copia
3068 5067 3232 5123 initio
3264 5067 3466 5123 statim
3515 5067 3746 5141 imperii

2098 5136 2423 5209 principem
2453 5139 2641 5194 decet.

2167 5209 2240 5285 (ἐξ)
2271 5207 2492 5285 Ὑφίῆς.
2525 5211 2706 5285 Codd.
2736 5209 3017 5285 _nonnul_li
3047 5207 3144 5285 ὑφ’Δ
3165 5209 3268 5270 οἷς.

2094 5349 2118 5420 ξ
2165 5281 2242 5351 (9)
2293 5279 2545 5349 Δόξωσιν.
2604 5283 2688 5338 Ita
2736 5283 2908 5354 Regg.
2966 5279 3170 5349 bm,'l,
3221 5299 3280 5353 u,
3332 5285 3440 5338 etc.
3494 5281 3604 5338 Alii
3656 5281 3745 5336 δό-

2123 5371 2260 5406 ουσι.

2123 5371 2260 5406 ουσι.

2451 5423 2810 5518 ﬁtﬁt-{serg
2824 5424 3002 5518 Iegg.
3036 5424 3130 5518 OAr.
3169 5425 3218 5491 1,
3244 5429 3300 5480 et
3331 5425 3745 5518 MpnhBi‘llius

2095 5491 2232 5576 legit
2263 5491 2368 5576 ούχ
2393 5491 2488 5576 θίν’,
2520 5500 2578 5576 et
2607 5496 2692 5550 sic
2715 5491 3610 5576 reddit‘i'c_parumquehabent
3632 5497 3744 5569 ipsi

2093 5567 2489 5693 aiiotrarh'nisi
2525 5568 2676 5623 idem
2708 5585 2941 5640 quoque
2975 5567 3088 5623 sibi
3116 5568 3177 5624 in
3209 5567 3568 5642 imaginibus
3600 5567 3743 5642 pras-

2093 5654 2120 5692 s
2153 5655 2181 5692 ο
2214 5655 2298 5693 ur.
2339 5659 2364 5687 »

2093 5654 2246 5693 B'LCEU
2259 5657 2298 5693 Γ.
2339 5659 2364 5687 ))

2164 5710 2274 5782 (11)
2306 5711 2429 5767 Τῶν
2461 5706 2700 5767 πόλεων.
2736 5711 2908 5769 Deest
2935 5715 3042 5766 τῶν
3069 5712 3131 5769 in
3163 5712 3438 5786 pluribus
3470 5728 3614 5771 mss.
