4028 6400
286 367 407 434 609

1290 353 1586 418 ORATIO
1627 348 1729 411 ιν.
1765 381 1840 395 -
1869 341 2186 408 CONTRA
2226 337 2633 404 JULIANUM
2681 340 2728 401 Ι.

3599 345 3722 410 610

286 497 478 558 πολλὰ
511 493 877 574 βιοτεύουσιν.
911 495 951 545 Ο
999 491 1091 564 μὲν
1139 508 1230 544 ουν
1261 484 1630 574 προύκάθητο,
1811 476 1955 574 λαμ-

2100 491 2186 547 [ue
2214 473 2544 530 vecordiam
2577 476 2633 528 et
2665 474 2985 544 avaritiam,
3019 491 3167 547 quas
3198 494 3411 550 magna
3457 497 3525 536 ex
3555 488 3723 553 parte

292 595 450 668 πρῶς
506 569 895 661 πανηγυρίζων
954 580 1090 636 κατὰ
1160 585 1260 648 τῆς
1319 569 1606 636 εὐσεϐείας,
1665 570 1756 626 καὶ
1819 569 1958 640 μὲγα

293 656 510 760 φρονῶν
543 679 660 736 τοῖς
691 672 1054 748 τεχνάσμασι·
1090 667 1426 740 Μελάμπους
1461 665 1595 738 (24),
1628 661 1804 733 οἶμαι,
1832 656 1955 760 εἷς,

293 742 636 844 ἦΙΠρωτεὺς,
669 760 845 817 πάντα
892 759 982 813 καὶ
1032 759 1106 812 ὧν
1144 756 1234 811 καὶ
1277 753 1589 830 γινόμενος,
1637 747 1726 803 καὶ
1761 742 1959 844 ῥᾳδίως

300 833 488 913 ἑαυτὸν
524 833 886 908 ὑπαλλάττων
929 853 1045 909 τοῖς
1099 842 1283 900 εἷ’δεσι·
1311 843 1379 898 τὰ
1418 840 1476 896 δὲ
1505 839 1629 913 περὶ
1659 837 1817 892 αὐτὸν
1850 833 1958 903 οἷα,

301 947 394 1003 καὶ
442 943 580 1000 ὅσων
796 936 1050 1014 ὀδυρμῶν
1095 940 1213 997 τοῖς
1262 933 1317 990 εὖ
1371 933 1657 1010 φρονοῦσιν
1704 924 1843 996 ἄξια,
1885 920 1960 1016 ,οὐ

300 1040 422 1097 τοῖς
449 1033 571 1090 τότε
598 1009 833 1103 παροῦσι
889 1009 1077 1100 μόνον,
1124 1022 1270 1079 ἀλλὰ
1315 1009 1406 1077 καὶ
1443 1023 1560 1081 τοῖς
1585 1021 1674 1072 νῦν
1709 1016 1847 1088 ἀκοῇ
1883 1009 1964 1066 δε-

301 1121 569 1202 χομένοις
602 1119 776 1176 ἐκεῖνο
805 1117 870 1173 τὸ
901 1115 1074 1188 θέαμα
1107 1132 1121 1169 :

2067 563 2194 618 vita:
2227 562 2470 618 comites
2522 563 2759 628 habent,
2812 565 3077 635 pecuniis
3119 565 3350 622 allicere
3400 573 3575 642 atque
3628 571 3718 628 in-

2067 669 2282 708 escare.
2319 651 2420 707 Ille
2451 651 2632 723 igitur
2657 651 3002 723 splendidus
3025 654 3390 726 praesidebat,
3416 659 3721 729 splendide

2069 743 2350 798 adversus
2395 741 2669 812 pietatem
2720 742 2935 798 festum
2986 743 3143 800 diem
3193 762 3394 817 agens,
3447 752 3621 820 atque
3650 752 3722 806 ob

2071 835 2267 887 astuta
2298 847 2407 886 sua
2452 831 2699 888 consilia
2746 848 3100 906 magnopere
3129 834 3327 891 animo
3362 835 3572 893 elatus.
3606 838 3726 896 Me-

2071 920 2334 992 lampum
2367 922 2683 994 quemdam
2716 926 2817 976 aut
2849 926 3120 980 Proteum
3153 924 3442 998 suspicari
3475 943 3677 998 posses
3710 945 3723 984 :

2072 1009 2154 1067 ita
2182 1009 2242 1066 in
2275 1011 2473 1066 omnia
2501 1011 2853 1082 vertebatur,
2887 1011 3174 1085 facileque
3221 1016 3485 1087 seipsum
3530 1017 3591 1072 in
3645 1017 3731 1072 di-

2071 1114 2273 1156 versas
2305 1099 2525 1156 formas
2555 1100 2929 1156 immutabat.
2955 1102 3091 1166 Quae
3114 1107 3310 1159 autem
3343 1103 3498 1161 circa
3530 1105 3727 1178 ipsum

299 1189 492 1284 erant,
522 1210 722 1286 qualia
750 1208 990 1264 tandem
1023 1203 1374 1277 quantisque
1412 1199 1671 1256 luctibus
1718 1191 2078 1286 etquerelis
2101 1190 2259 1286 apud
2300 1190 2569 1246 cordatos
2617 1189 2888 1286 homines
2913 1191 3110 1265 digna,
3139 1209 3255 1249 non
3296 1193 3369 1250 iis
3400 1193 3594 1252 solum
3626 1195 3730 1268 qui

302 1310 434 1362 tum
467 1278 705 1367 aituero,
737 1298 838 1354 sed
870 1296 944 1352 iis
973 1295 1150 1351 etiam
1183 1292 1283 1365 qui
1316 1307 1473 1346 nunc
1505 1284 1907 1360 spectaculum
1938 1280 2080 1336 illud
2115 1278 2358 1336 auribus
2389 1280 2725 1351 usurpant?

382 1395 502 1446 Ill".
535 1382 831 1463 Προῦκειτο
876 1381 1106 1458 χρυσὸς,
1161 1375 1452 1452 προῦκειτο
1502 1367 1749 1440 λίϐανος,
1800 1367 1958 1446 ἐγγό-

311 1482 398 1534 θεν
453 1477 516 1532 τὸ
561 1462 692 1550 πῦρ,
742 1472 794 1528 οἱ
844 1469 1128 1528 κελευσταὶ
1193 1465 1450 1536 πλησίον·
1501 1462 1591 1518 καὶ
1648 1462 1710 1515 τὸ
1767 1467 1961 1535 σχῆμα

313 1567 389 1630 ὡς
419 1548 661 1631 πιθανὸν,
697 1559 984 1637 βασιλικῆς
1017 1556 1222 1634 δωρεᾶς
1251 1559 1441 1610 τοῦτον
1476 1551 1611 1608 εἶναι
1643 1548 1817 1606 δοκεῖν

308 1656 401 1712 τὸν
459 1653 649 1728 νόμον,
700 1657 801 1720 τῆς
848 1671 912 1725 γε
967 1645 1325 1724 ἀρχαιοτέρας
1375 1665 1433 1698 τε
1483 1641 1574 1697 καὶ
1609 1638 1962 1728 τιμιωτέρας.

313 1745 444 1800 Εἶτα
470 1726 566 1813 τίς
601 1745 806 1815 Θυμιᾷν
849 1736 956 1795 ἔδει
1002 1737 1139 1792 κατὰ
1184 1739 1280 1789 τοῦ
1327 1733 1520 1808 πυρὸς,
1575 1729 1664 1784 καὶ
1714 1726 1963 1803 δέχεσθαι

2144 1367 2434 1424 LXXXIII.
2497 1367 2938 1440 Proponebatur
2997 1387 3227 1440 aurum,
3283 1373 3725 1444 proponebatur

2072 1457 2236 1524 thus,
2271 1457 2328 1511 in
2362 1457 2688 1529 pr0pinquo
2718 1463 2844 1514 erat
2875 1458 3006 1531 igis,
3052 1460 3373 1518 hortatores
3418 1463 3492 1518 ad
3549 1462 3730 1520 latus.

2074 1551 2250 1602 Porro
2284 1563 2459 1617 quam
2494 1545 2823 1618 plausibilis
2847 1549 3090 1620 species,
3115 1554 3179 1604 ut
3209 1549 3598 1622 imperatoria
3615 1552 3734 1609 lar-

2073 1636 2315 1708 gitionis
2347 1636 2441 1692 hic
2474 1653 2600 1692 mos
2631 1653 2759 1694 esse
2789 1637 3104 1703 videretur,
3137 1641 3486 1711 antiquioris
3527 1642 3732 1715 utique

2077 1731 2134 1782 et
2181 1725 2624 1798 praestantioris.
2684 1727 2832 1790 Quid
2894 1727 3156 1785 deinde?
3213 1729 3377 1787 Thus
3422 1731 3736 1789 incendere

311 1834 459 1912 παρὰ
483 1836 581 1889 τοῦ
617 1829 886 1908 βασιλέως
930 1827 1023 1882 τὸν
1068 1832 1167 1895 τῆς
1214 1821 1492 1883 ἀπωλείας
1548 1819 1763 1894 μισθὸν,
1797 1816 1968 1877 οὕτως

2100 1816 2402 1889 iportebat,
2423 1813 2597 1887 atque
2619 1817 2703 1872 ita
2724 1815 2883 1872 exitii
2917 1819 3243 1875 mercedem
3282 1821 3355 1876 ab
3378 1821 3732 1895 imperatore

316 1904 505 1999 ὀλίγον
535 1904 798 1978 τοσούτου
843 1916 1190 1994 πράγματος,
1219 1916 1412 1988 ψυχῶν
1462 1909 1608 1965 ὅλων
1637 1907 1728 1963 καὶ
1757 1914 1857 1999 τῆς
1893 1904 1969 1967 εἰς

317 1995 444 2070 Θεὸν
478 2005 745 2072 ἀσεϐείας.
799 2011 909 2062 (In?)
956 2013 1056 2074 τῆς
1106 1999 1516 2079 πραγματείαςί
1551 2003 1648 2076 φεῦ
1696 2004 1794 2066 τῆς
1825 1995 1969 2050 ἀντι-

317 2101 549 2164 δόσεωςί
585 2096 825 2175 Στρατὸς
853 2093 984 2156 ὅλος
1010 2095 1124 2165 (27)
1156 2092 1268 2153 ἐνὸς
1290 2090 1664 2166 τεχνάσματος
1699 2079 1858 2144 ὤνιος

314 2191 404 2248 καὶ
455 2190 506 2245 οἱ
552 2189 651 2258 τὴν
704 2183 1029 2258 οἰκουμένην
1082 2180 1558 2257 παραστησάμενοι
1612 2178 1792 2249 μικρῷ
1841 2170 1972 2247 πυρὶ

315 2281 406 2337 καὶ
458 2276 698 2357 χρυσίῳ,
745 2274 837 2331 καὶ
888 2271 977 2328 διὰ
1018 2271 1240 2340 κνίσσης
1290 2271 1405 2342 (28)
1449 2265 1658 2357 Aelim:
1723 2260 1970 2357 ἔπιπτον,

319 2367 445 2426 οὐδὲ
604 2367 808 2422 ἓαυτῶν
835 2363 1053 2440 σφαμὴν
1089 2357 1290 2421 εἰδότες
1322 2358 1376 2413 οἱ
1405 2355 1650 2417 πλείους·
1680 2357 1843 2408 τοῦτο

334 2461 400 2528 ἦν
429 2458 492 2512 τὸ
535 2455 851 2533 βκρύτατον.
882 2437 1093 2527 ’Παρῂει
1142 2469 1226 2510 τις
1284 2447 1358 2508 ὡς
1404 2442 1699 2533 κερδανών,
1731 2437 1978 2533 mro-sae

333 2546 516 2603 ἑαυτὸν
537 2529 677 2622 ἐἷχε
726 2543 861 2617 μετὰ
888 2542 950 2596 τὸ
996 2536 1206 2616 κέρδος·
1239 2534 1556 2610 προσεκύνει
1586 2529 1789 2622 ,δεξιᾶν
1820 2530 1978 2605 βασι-

332 2637 495 2709 λέως,
552 2619 649 2690 καὶ*
693 2635 787 2689 τὸν
834 2629 1130 2706 αὐτόχειρα
1178 2628 1494 2700 προσκυνῶν
1541 2621 1641 2677 οὐκ
1689 2619 1975 2691 ἠπίστατο.

323 2731 447 2790 Τοῖς
477 2707 555 2780 ᾐδὲ
590 2722 682 2779 καὶ
739 2721 1098 2797 γινώσκουσιν
1144 2714 1302 2771 οὐδὲν
1353 2717 1417 2784 ἦν
1466 2711 1660 2780 πλέον,
1719 2707 1852 2781 ἅπαξ
1902 2711 1980 2778 τῷ

323 2819 474 2888 κακῷ
518 2809 1119 2890 προκατειλημμένοις,
1167 2805 1258 2860 καὶ
1305 2803 1474 2876 νόμον
1505 2800 1702 2856 ἄλυτον
1731 2798 1979 2874 ἠγουμὲ-

326 2925 440 2966 νοις
489 2903 588 2971 τήν
636 2899 862 2976 πρώτην
914 2895 1120 2952 ἄνοιαν.
1171 2898 1334 2949 Ποῖαι
1379 2896 1548 2947 ταῦτα
1595 2891 1704 2964 (29)
1768 2891 1983 2963 Περσῶν

337 2988 614 3066 μυριάδες,
657 2988 814 3050 ’τίνες
861 2985 1095 3056 τοξόται,
1152 2982 1295 3045 τίνες
1327 2979 1682 3061 σφενδονῆται
1715 2981 1826 3066 (30)
1855 2997 1982 3030 κατ-

334 3065 614 3156 ώρθωσαν,
664 3080 823 3138 ποῖος
874 3070 1129 3150 σιδηροῦς
1181 3072 1520 3147 στρατιώτης
1565 3070 1676 3141 (31)
1715 3065 1806 3122 καί
1845 3088 1984 3120 παν-

2080 1906 2364 1976 accipere,
2415 1903 2708 1960 tantillam
2758 1909 2932 1961 tantaa
2982 1907 3086 1973 rei,
3136 1908 3244 1964 hoc
3293 1913 3405 1977 est,
3465 1911 3731 1982 ipsarum

2081 1994 2414 2050 animarum
2456 1993 2894 2067 impietatisque
2925 1996 3205 2054 adversus
3237 1998 3442 2054 Deum.
3477 1999 3522 2055 Ο
3555 1999 3737 2055 mise-

2084 2100 2214 2138 rum
2247 2083 2572 2154 quaestum!
2621 2100 2652 2138 0
2687 2084 2963 2140 miseram
3016 2087 3380 2142 mercedem!
3434 2086 3738 2144 Exercitus

2082 2176 2244 2228 totus
2276 2171 2450 2227 unica
2478 2171 2691 2227 techna
2734 2178 2791 2227 et
2823 2173 3024 2229 fraude
3055 2173 3276 2230 venalis
3310 2176 3648 2247 prostabat;
3679 2177 3741 2230 et

2084 2261 2182 2334 qui
2213 2261 2555 2316 universum
2593 2262 2793 2316 orbem
2825 2265 3113 2318 terrerum
3145 2264 3326 2320 armis
3360 2264 3740 2337 subegerant,

2086 2365 2262 2421 parvo
2295 2348 2428 2421 igne
2459 2354 2634 2422 atque
2675 2366 2838 2418 auro,
2889 2367 2954 2405 ac
2998 2367 3102 2423 per
3146 2352 3420 2424 exiguum
3469 2353 3740 2410 suffitum

2086 2438 2457 2508 corruebant,
2490 2454 2705 2510 magna
2733 2456 2802 2495 ex
2832 2444 2996 2511 parte
3042 2457 3115 2498 ne
3143 2459 3314 2498 suam
3365 2443 3604 2514 quidem
3635 2459 3743 2499 ne-

2087 2529 2396 2599 cem,quod
2421 2527 2686 2583 omnium
2717 2529 3131 2600 gravissimum
3163 2536 3307 2598 erat,
3330 2537 3742 2605 agnoscentes.

2089 2617 2295 2673 Aderat
2329 2616 2648 2689 quispiam,
2681 2623 2743 2673 ut
2776 2619 3003 2675 lucrum
3053 2620 3338 2687 facturus,
3389 2638 3455 2677 ac
3483 2625 3616 2694 post
3644 2620 3744 2677 lu-

2089 2722 2256 2762 crum
2289 2722 2361 2761 ne
2392 2705 2654 2778 seipsum
2682 2708 2918 2779 quidem
2955 2709 3240 2765 habebat:
3264 2710 3528 2766 dextram
3556 2710 3741 2783 impe-

2093 2795 2302 2851 ratoris
2334 2795 2639 2862 adorabat,
2671 2812 2774 2852 nec
2807 2814 2868 2852 se
2898 2797 3233 2854 carnificem
3287 2814 3462 2854 suum
3495 2799 3740 2856 adorare

2094 2894 2278 2940 norat.
2330 2885 2492 2950 Quod
2550 2885 2598 2939 si
2654 2885 2753 2956 qui
2813 2888 2988 2942 etiam
3047 2888 3104 2942 id
3153 2893 3558 2958 agnoscerent,
3595 2888 3743 2943 nihil

2091 2980 2287 3029 tamen
2319 2977 2623 3045 propterea
2643 2973 2777 3029 hinc
2801 2975 2947 3046 ipsis
2970 2977 3282 3032 accedebat
3305 2993 3318 3032 :
3344 2977 3563 3050 quippe
3587 2976 3744 3033 malo

2094 3062 2274 3119 semel
2305 3063 2626 3134 occupatis,
2662 3079 2726 3119 ac
2758 3064 3007 3135 primam
3042 3065 3425 3121 stoliditatem
3459 3083 3561 3137 pro
3592 3067 3747 3137 ejus-

330 3152 559 3244 ταχόθεν
594 3163 857 3240 ἄτρωτος,
888 3162 1008 3219 τίνα
1035 3163 1169 3217 κατὰ
1189 3165 1296 3216 τῶν
1327 3164 1530 3235 τειχῶν
1583 3158 1805 3233 μηχανή
1820 3175 1976 3229 ματα¹

2100 3153 2247 3209 modi
2283 3152 2429 3225 lege,
2462 3169 2642 3224 quam
2672 3153 2912 3225 infringi
2962 3155 3123 3211 nefas
3164 3161 3340 3220 esset,
3373 3155 3747 3212 ducentibus.

333 3259 422 3312 olet
452 3255 576 3332 χεὶρ
631 3254 748 3327 μία,
797 3251 886 3308 καὶ
929 3251 1118 3327 καιρὸς
1170 3250 1267 3320 εἷς,
1316 3249 1405 3304 καὶ
1443 3245 1618 3324 βουλή
1658 3246 1826 3322 μιαρὰ
1854 3265 1982 3300 κατ-

327 3345 600 3422 απράξατο
625 3363 640 3414 ;

2097 3243 2230 3306 Qure
2264 3246 2576 3298 Persarum
2611 3242 2926 3314 myriades,
2959 3244 3058 3316 qui
3092 3245 3404 3316 sagittarii,
3430 3245 3531 3316 qui
3563 3245 3752 3300 fundi-

2099 3331 2330 3401 bularii,
2360 3331 2493 3403 quis
2523 3330 2936 3402 cataphractus
2963 3333 3131 3389 miles
3152 3337 3328 3405 atque
3360 3335 3753 3407 undequaque

335 3455 370 3494 a
395 3421 746 3493 vulneribus
774 3437 963 3500 tutus,
1005 3448 1138 3503 quae
1178 3435 1471 3488 tormenta
1510 3428 1815 3484 diruendis
1874 3424 2060 3482 muris
2091 3423 2353 3490 admota,
2385 3436 2455 3477 ea
2481 3421 2709 3477 efﬁcere
2739 3422 3088 3494 potuissent,
3122 3438 3248 3494 qum
3284 3440 3494 3480 manus
3526 3441 3665 3491 una,
3695 3429 3758 3480 et

335 3533 572 3598 tempus
603 3539 811 3590 unum,
842 3527 900 3578 et
928 3520 1217 3577 nefarium
1249 3519 1562 3575 consilium
1595 3516 1884 3590 perfecit?

408 3618 528 3670 UA'.
563 3610 719 3681 Μίξω
750 3608 963 3671 τούτοις
1001 3629 1056 3664 τι
1083 3609 1198 3682 (32)
1239 3604 1489 3683 διήγημα
1533 3609 1641 3660 τῶν
1693 3601 1993 3681 εἰρημένων

333 3700 724 3776 ἐλεεινότερον.
793 3697 1055 3774 Λὲγονταί
1119 3717 1206 3751 τοι
1260 3701 1369 3752 τῶν
1427 3694 1671 3752 ἁλόντων
1726 3693 1870 3756 τινὲς
1941 3691 1992 3764 ἐξ

331 3787 770 3869 ἀγνοίας,ἐπειδὴ
803 3793 963 3843 τοῦτο
995 3785 1188 3842 ἔπαθον
1213 3788 1302 3842 καὶ
1324 3786 1664 3860 ἀνεχώρησεν
1699 3786 1812 3857 (33)
1843 3779 1992 3837 οἷ’κα-

332 3879 416 3951 δε,
449 3885 565 3942 τοῖς
596 3878 864 3940 συσσίτοις
892 3880 1171 3932 κοινωνεῖν
1197 3875 1495 3952 τραπέζης·
1548 3875 1664 3928 εἶτα
1691 3876 1790 3928 τοῦ
1822 3870 1992 3926 πότου

328 3967 706 4048 προελθόντος
737 3969 852 4041 (34)
883 3965 958 4028 εἰς
985 3966 1086 4036 τήν
1118 3967 1321 4036 συνήθη
1356 3961 1734 4040 ψυχροποσίαν
1760 3963 1892 4035 (35),
1917 3959 1993 4022 ὡς

419 4097 528 4166 (23)
583 4092 962 4169 Προῦκάθητο.
1025 4097 1146 4148 Duo
1203 4093 1338 4164 Reg.
1397 4090 1509 4146 Or.
1571 4091 1634 4162 1,
1692 4085 1992 4164 προὺκαθὲ-

380 4188 494 4223 ετο.

340 4175 528 4312 ζεῗέλ)
563 4233 920 4312 Μελάμπους,
952 4240 1063 4312 _e_tc.
1099 4257 1126 4286 α
1163 4233 1542 4312 Melampum.
1594 4254 1622 4283 »
1667 4231 1995 4312 Melampus

333 4319 402 4371 et
425 4306 670 4368 'PrOteus
697 4306 863 4378 juxta
906 4307 1112 4378 Eliam,
1160 4306 1615 4378 praestigiatores
1664 4309 1824 4359 vates
1875 4307 1995 4359 l'ue-

338 4389 506 4452 runt,
532 4384 590 4438 in
624 4377 891 4452 quamvis
922 4377 1174 4452 formam
1202 4377 1383 4433 facile
1398 4395 1460 4433 se
1490 4377 1895 4432 immutantes.

561 4447 762 4509 "Otium.
797 4453 931 4525 Reg.
967 4451 1087 4525 bu),
1121 4447 1269 4525 ὅσον,

439 4457 530 4525 25)
561 4457 762 4509 Ὂσων.
797 4457 931 4522 Reg.
967 4457 1087 4516 bm,
1121 4457 1269 4504 ὅσον.

417 4457 783 4599 (ἳὸμλοκεῖνἒ
825 4523 996 4599 Deest
1039 4522 1097 4576 in
1131 4519 1532 4599 duobus_Reg.
1569 4518 1800 4599 duobus
1830 4516 1994 4575 Colb.

341 4605 404 4656 et
426 4593 490 4654 in
518 4593 621 4652 'Or.
657 4598 706 4650 1.
741 4595 1014 4650 Heinsius
1045 4593 1496 4663 expungendum
1529 4595 1746 4647 censet.

441 4671 531 4738 27)
562 4663 755 4738 “Ολος.
781 4665 931 4738 Male
963 4666 1022 4738 in
1053 4661 1225 4721 editis
1246 4661 1428 4738 Ἐλως.

441 4671 531 4738 27)
562 4671 755 4727 ’⁷ολος.
781 4671 931 4722 Male
963 4671 1022 4720 in
1053 4671 1225 4721 editis
1258 4671 1428 4723 ὅλως.

417 4671 824 4812 (28)Κνίσσης.
860 4735 1128 4810 Plerique
1166 4737 1334 4793 codd.
1369 4733 1578 4790 saltem
1611 4730 1870 4787 melioris
1902 4746 2004 4786 no-

351 4809 446 4877 tae,
476 4809 688 4879 κνίσης.

426 4884 540 4955 (29)
567 4884 764 4955 Ταῦτα.
801 4879 997 4935 “eius.
1017 4881 1273 4955 fetarum.

426 4943 538 5025 (30)
566 4949 960 5030 Σφενᾷονῆτοιι.
1009 4952 1100 5030 Sic
1151 4955 1372 5007 acuunt
1409 4948 1671 5021 quidam.
1705 4943 1818 5000 Alii
1850 4962 2009 5019 σφεν-

356 5019 595 5095 δονηταί.
628 5019 734 5100 'A_lii
769 5019 1148 5100 σφενδονῆται.
1334 5094 1365 5100 _
1412 5019 1442 5100 ί
1512 5091 1524 5100 _
1658 5093 1667 5100 ,
1845 5088 1854 5098 ,

430 5087 546 5170 (81)
580 5087 854 5170 Σιδηροῖίς
883 5087 1243 5170 στρατιώτης.
1267 5115 1296 5145 ‹‹
1327 5091 1750 5164 Cataphractus
1779 5087 2000 5144 miles.»

360 5167 562 5226 Billius
597 5186 610 5224 :
647 5167 869 5224 ferreus
900 5167 1211 5222 exercitus.
1249 5188 1276 5216 ››

425 5243 538 5314 (32)
570 5238 719 5314 Μίξω
749 5234 1393 5314 τούτοιςιτιηΑΙὶἰμίξω
1422 5255 1474 5289 τι
1504 5231 1739 5314 τούτοις.

428 5302 542 5385 (33)
600 5302 842 5385 Ἴξπαοον
901 5306 990 5363 καί
1067 5302 1796 5385 ἀνεχώρησαν,.“ουιῃυρῐ“
1869 5302 2006 5385 Reg.

428 5317 542 5385 (33)
600 5317 842 5373 Ἕπαθον
901 5317 990 5363 καί
1067 5317 1449 5383 ἀνεχώρησαν.
1533 5317 1796 5392 Quatupr
1871 5317 1988 5443 ηοξ

363 5383 454 5438 Or.
490 5387 538 5439 1.
572 5384 675 5438 Ed.
710 5382 839 5438 Ald.
873 5387 929 5437 et
962 5387 1128 5437 Herv.
1162 5388 1300 5447 etc.,
1343 5379 1531 5432 παθεῖν
1581 5395 1671 5430 και
1720 5392 1943 5448 αναχωρ

365 5473 563 5514 σαντες.

434 5521 1293 5602 (313)_llpoe)tt)6_v‘t_ec.Regi‘hu,
1341 5521 1381 5587 l,
1432 5520 1528 5602 Or.
1584 5520 1633 5574 1.
1677 5517 1805 5602 ald.
1841 5516 2006 5602 Ilery.

364 5587 749 5672 παρελθόντος.
798 5597 909 5652 Alii
955 5587 1298 5658 verovRegii
1345 5593 1625 5664 quinque,
1675 5590 1790 5644 duo
1823 5587 2007 5670 .Colb.

365 5669 541 5714 Mnnt,
581 5673 741 5714 Pass,
773 5669 974 5714 Cnmh-
1007 5662 1409 5714 περιελθόντος-
1459 5680 1590 5714 quae
1629 5678 1738 5714 vox
1784 5661 2014 5714 Videtur

365 5662 545 5726 Mont.
581 5673 743 5724 Pass.
773 5669 974 5724 Comb.
1007 5662 1409 5741 περιελθόντος,
1459 5680 1590 5735 qua:
1629 5678 1738 5717 vox
1784 5662 2011 5717 videtur

363 5741 572 5824 aptior,
596 5758 662 5799 ac
693 5740 777 5799 sic
804 5740 1050 5798 vertitur
1079 5757 1112 5797 a
1135 5738 1336 5796 Comb.
1373 5753 1386 5793 :
1421 5758 1449 5786 ‹‹
1486 5735 1549 5792 ln
1583 5733 1783 5792 orbem
1816 5748 2011 5788 recur-

2175 3598 2459 3656 LXXXIV.
2481 3598 2588 3654 Hic
2616 3599 3012 3655 narrationem
3043 3600 3362 3671 quamdam
3393 3601 3754 3673 admiscebo,

2104 3688 2506 3761 superioribus
2537 3686 2857 3743 tristiorem
2889 3691 2946 3744 et
2977 3687 3488 3746 miserabiliorem.
3516 3690 3754 3761 Ferunt,

2105 3794 2395 3852 quosnam
2453 3792 2653 3832 eorum
2704 3777 2803 3847 qui
2855 3793 2958 3848 per
3005 3777 3430 3849 ignorationem
3488 3779 3642 3851 capti
3690 3795 3760 3836 ac

2110 3865 2495 3924 circumventi
2551 3865 2799 3932 fuerant,
2860 3867 3008 3921 117
3077 3872 3392 3939 postquam
3458 3873 3762 3924 contracta

2105 3958 2214 4013 hac
2269 3953 2603 4012 calamitate
2651 3953 2895 4009 domum
2945 3970 3007 4012 se
3036 3956 3415 4028 recepissent,
3447 3973 3566 4013 una
3621 3973 3757 4014 cum

2103 4085 2266 4163 rente
2297 4079 2510 4163 frigida
2541 4077 2649 4134 hac
2681 4079 3134 4152 compotatione,
3179 4101 3206 4133 ι
3264 4081 3502 4138 militari
3551 4082 3758 4156 utique

2104 4156 2433 4212 sobrietate.

2391 4219 2852 4300 Ψυχροπρσίαγ...
2905 4221 3246 4300 ψυχροφόρῳ
3279 4221 3528 4300 *κύλικιπ
3556 4225 3764 4300 Billius

2109 4314 2221 4352 non
2255 4294 2483 4352 videtur
2508 4294 2887 4358 intellexisse,
2923 4294 3034 4350 nec
3079 4294 3232 4352 recte
3279 4296 3386 4353 has
3435 4298 3764 4354 reddidisse

2106 4386 2296 4452 voces,
2329 4366 2693 4452 dumnvertit,
2760 4368 3056 4452 «_“l‘rig‘iolze
3101 4369 3481 4438 potationem,
3515 4374 3572 4424 et
3598 4387 3764 4452 aquae

2032 4479 2075 4543 Β
2111 4440 2446 4543 ροοιέιιέλῃχφ
2471 4438 2637 4543 CeArte
2655 4438 2907 4492 Basilius
2931 4441 3000 4520 de
3023 4461 3050 4543 (ἶ
3077 4457 3366 4543 merapq,»
3389 4458 3545 4543 $81111“
3571 4438 3764 4543 vinos:

2110 4531 2143 4583 q

2153 4512 2277 4582 uod
2300 4510 2502 4566 Billius
2535 4509 2606 4565 de
2637 4527 2662 4560 ιι
2695 4526 2862 4582 aqua,
2900 4532 2926 4558 ››
2974 4512 3408 4582 interpretatur.
3459 4513 3592 4568 Haec
3622 4517 3764 4568 sunt

2111 4579 2305 4658 Basilii
2356 4582 2566 4658 verba:
2606 4579 2777 4658 Μετὰ.
2805 4581 2901 4658 τὴν
2964 4579 3182 4658 πολλῇν
3248 4583 3580 4658 κεκραμένην
3623 4583 3766 4658 οἰνοτ

2108 4650 2300 4730 ποσίαν
2363 4654 2432 4730 τῇ
2485 4651 2706 4730 συνῄρει
2761 4648 3058 4730 ἐκέχρηντο
3104 4648 3492 4730 ⁸(Ξικξατοτίτοςὲίᾳ
3546 4648 3764 4730 ψυχροῦ

2115 4724 2284 4798 οἶτουσ
2340 4717 2454 4798 εἷται
2495 4719 2568 4798 είς
2606 4717 3038 4798 νόνόματαῖίτινες
3094 4717 3492 4798 ἀναϐλέψαντες
3537 4717 3771 4798 Χρίὲτὸν

2115 4796 2378 4873 εὐφήμως
2432 4793 2668 4873 ἀνεῖπονο
2720 4791 2906 4873 ἔπειτα
2969 4815 3049 4856 τις
3088 4799 3242 4873 ’τῶν-
3285 4791 3764 4868 σύμποταζόντων·

2116 4862 2270 4923 Μέτᾶ
2308 4868 2406 4943 την
2452 4867 2698 4943 ἄρνησιν,
2750 4862 2874 4943 ἔφη,
2921 4868 3164 4943 ’Χρισνὸν
3226 4862 3603 4943 ἐπικάλεῖσθέ;
3655 4875 3768 4943 ϐω.

2118 4965 2146 4992 ‹‹
2180 4946 2321 4996 Post
2350 4939 2585 5011 longam
2623 4939 2933 5013 misti'vini
2965 4945 3020 4995 et
3051 4942 3356 5011 temperati
3387 4942 3770 5013 compotatio-

2116 5031 2272 5079 nem,
2300 5028 2595 5084 meracum
2629 5012 2711 5084 de,
2733 5027 2893 5066 more
2917 5013 3316 5084 frigidumque
3347 5012 3771 5070 adhibuerunt.

2118 5085 2334 5140 Deinde
2359 5085 2431 5139 ad
2467 5082 2861 5155 invocationes
2889 5082 3170 5153 conversi,
3196 5082 3438 5155 quidam
3471 5087 3774 5141 Christum

2119 5157 2530 5230 piecoeperunt
2552 5154 2866 5226 appellare.
2892 5155 3038 5208 Tum
3063 5154 3478 5230 combibonum
3512 5157 3726 5230 aliquis
3760 5173 3772 5212 :

2118 5227 2519 5297 Quid,inquit,
2554 5230 2858 5298 postquam
2893 5227 3150 5296 negastis
3174 5227 3775 5296 Christum,eumdem

2120 5301 2401 5355 invocatis
2423 5301 2448 5351 ’ἰ
2472 5321 2498 5348 ››
2526 5305 2634 5352 etc.
2656 5300 2948 5361 Quantum
2972 5299 3150 5353 distet
3173 5317 3204 5354 a
3227 5302 3519 5356 sententia
3551 5299 3774 5366 Basilii,

2120 5370 2520 5443 interpretatio
2545 5368 2896 5443 Bill_ii,nemo
2931 5386 3042 5425 non
3076 5371 3368 5443 intelligit.
3397 5373 3614 5427 Revera
3641 5386 3777 5426 voce

2121 5440 2350 5517 ἄκρατον
2365 5442 2519 5517 apud
2541 5440 2818 5517 antiquos
2833 5456 3048 5517 aquam
3068 5440 3386 5514 significari
3411 5443 3701 5517 novimus;
3719 5445 3779 5498 at

2122 5506 2424 5587 nunquam
2459 5513 2569 5568 nisi
2601 5506 2801 5587 addito
2831 5506 3000 5584 ὕδωρ,
3035 5519 3098 5568 ut
3121 5506 3336 5587 anceps
3368 5515 3608 5572 tollatur
3629 5506 3775 5587 sen-

2124 5583 2391 5650 suszui
2425 5600 2597 5640 nosse
2627 5583 2788 5655 cupit
2817 5583 2955 5654 quae
2977 5591 3238 5641 veterum
3269 5583 3357 5642 'sit
3391 5586 3680 5643 sententia
3710 5585 3781 5640 de

2121 5658 2327 5714 calidis
2353 5656 2700 5729 frigidisque
2750 5655 3107 5729 potionibus,
3140 5657 3294 5729 legat
3332 5659 3448 5715 Jul.
3471 5656 3642 5729 Poll._,
3674 5655 3779 5711 lib.

2124 5747 2220 5801 ix;
2260 5726 2558 5802 Plin.,_lib.
2583 5726 2810 5803 xxxx,c.
2833 5726 2868 5783 3
2894 5744 2908 5801 ς
2937 5729 3170 5805 Athen.,
3192 5726 3545 5808 Dipnosoph.,
3579 5727 3784 5799 lib.m,
