4028 6402
249 378 372 437 613

1270 362 1565 428 ORATIO
1610 358 1714 425 IV.
1758 396 1833 407 —
1875 358 2189 422 CONTRA
2232 354 2630 422 JULIANUM
2676 356 2723 421 Ι.

3568 358 3689 424 614

248 508 387 564 illos
419 504 756 563 interﬁcere
788 501 1069 569 noluisse,
1098 517 1171 556 ne
1200 503 1485 571 martyres
1535 496 1925 559 efficerentur,
1959 494 2080 565 qui,
2112 496 2401 563 quantum
2454 492 2510 546 in
2550 491 2697 563 ipsis
2742 494 2887 559 erat,
2938 498 3221 565 martyres
3264 500 3449 563 erant,
3483 494 3691 550 exsilio

251 603 455 653 tamen
492 593 817 651 mulctasse
848 609 913 647 ac
945 607 1117 663 poena
1145 606 1214 645 ea
1263 588 1580 643 vindictam
1613 585 1961 657 sumpsisse,
1997 583 2363 652 maximoque
2412 598 2510 636 eos
2542 580 2825 636 beneﬁcio
2876 580 3161 650 affecisse,
3194 600 3340 654 quos
3372 602 3405 638 a
3449 583 3698 656 piaculis

250 688 379 744 suis
410 684 791 755 versutisque
820 680 1086 738 consiliis
1126 678 1325 751 procul
1359 675 1721 731 removisset.

326 775 453 829 HE'.
490 770 703 846 Καίπερ
737 767 805 838 δὴ
852 770 965 843 (45)
1016 766 1188 828 οὕτως
1235 761 1382 840 ἔχων
1418 765 1619 839 ὁρμῆς,
1667 760 1920 833 καὶπρὸς

2110 760 2357 815 LXXXV.
2393 759 2503 815 Sed
2556 776 2893 830 quanquam
2930 776 2997 815 ea
3030 764 3223 815 mente
3264 765 3437 827 esset,
3470 762 3701 833 hacque

253 862 445 918 πολλὰ
471 864 545 935 τῇ
586 858 851 929 κακονοίᾳ
899 858 1267 933 χρησάμενος
1316 852 1489 926 ὅμως,
1540 851 1602 906 ού
1661 852 1763 927 γὰρ
1814 851 1930 924 εἶχε

256 953 417 1023 πῆξιν
466 954 573 1006 τοῦ
629 945 825 1025 ἀνδρὸς
873 949 909 1016 ἡ
943 944 1176 1012 διάνοια,
1230 940 1353 998 οὐδέ
1390 946 1497 996 τῶν
1533 940 1745 995 οἰκείων
1778 937 1932 1013 λογι-

257 1044 412 1116 σμῶν
448 1037 670 1115 μᾶλλον
721 1040 788 1106 ἦν
831 1037 866 1104 ἢ
919 1037 1017 1104 τῆς
1069 1038 1241 1111 φορᾶς
1284 1035 1380 1086 τοῦ
1438 1027 1723 1102 δαίμονος,
1756 1026 1817 1081 ού
1850 1025 1930 1081 δι-

266 1129 525 1209 εφύλαξεν
563 1126 639 1190 εἷς
666 1123 829 1188 τέλος
858 1125 957 1193 τήν
991 1123 1242 1198 γνώμην,
1277 1117 1401 1175 οὐδὲ
1428 1120 1490 1209 τὸ
1533 1126 1633 1209 τῆς
1665 1116 1931 1191 πονηρίας

268 1206 585 1297 ἀπόρρητον
637 1212 952 1270 διεσώσατο·
1013 1210 1139 1267 ἀλλ’
1200 1209 1378 1283 ὥσπερ
1416 1208 1478 1262 τὸ
1533 1206 1785 1263 Αἰτναῖον
1828 1209 1932 1279 πῦρ

271 1294 434 1384 λόγος
484 1310 603 1369 τοῖς
647 1302 883 1378 πυθμέσι
943 1308 1043 1371 τῆς
1106 1296 1303 1367 Αἴτνης
1352 1299 1464 1370 (49)
1524 1294 1931 1384 ἑγκρύπτεσθαι,

269 1382 510 1452 κάτωθεν
561 1392 935 1469 πλημμυροῦν
988 1391 1079 1444 καὶ
1139 1388 1228 1463 βίᾳ
1280 1386 1671 1463 κρατούμενον,
1731 1382 1836 1438 εἶ’τε
1882 1405 1933 1437 τι

278 1482 422 1540 ἄλλο
459 1482 623 1540 τοῦτό
654 1481 815 1551 ἰστιν,
870 1479 977 1535 εἷ’τε
1028 1481 1207 1551 ἆσθμα
1254 1474 1632 1547 κολαζομένου
1659 1473 1931 1549 γίγαντος,

276 1573 414 1636 τέως
476 1572 572 1646 μὲν
622 1564 851 1651 φοϐερὰν
900 1568 1157 1642 ὑπηχεῖν,
1209 1565 1298 1619 καὶ
1353 1564 1553 1619 καπνὸν
1602 1567 1699 1615 τοῦ
1768 1565 1936 1615 κακοῦ

281 1665 511 1737 μήνυμα
539 1668 641 1731 τῆς
670 1662 913 1737 κορυφῆς
944 1655 1329 1731 ἀπερεύγεσθαῖ
1354 1671 1365 1682 '
1416 1652 1460 1707 εἰ
1511 1650 1564 1706 δέ
1614 1672 1719 1705 που
1768 1650 1935 1704 πλεο-

279 1753 441 1807 νάσαν
489 1750 660 1827 τύχοι
710 1748 801 1803 καὶ
874 1744 1225 1809 δυσκάθεκτον
1270 1743 1501 1818 γένοιτο,
1559 1745 1664 1794 τῶν
1723 1738 1935 1793 οἰκείων

281 1839 507 1897 κόλπων
548 1833 911 1915 ἀποϐρασθὲν,
981 1833 1088 1889 ἅνω
1137 1831 1435 1911 φερόμενον
1482 1830 1570 1884 καὶ
1625 1829 1754 1903 ὑπὲρ
1812 1827 1939 1889 τοὺς

284 1936 559 2005 κρατῆρας
589 1927 880 2004 χεόμενον,
912 1921 1052 1979 ἔστιν
1093 1924 1125 1976 ἆ
1175 1920 1262 1975 καῖ
1310 1927 1409 1989 τῆς
1450 1916 1809 1990 ὑποκειμένης
1838 1923 1940 1991 γῆς

285 2004 519 2096 φθείρειν
567 2013 779 2087 ἀπίστῳ
982 2012 1071 2067 καὶ
1111 2004 1332 2088 φοϐερῷ
1386 2007 1631 2084 ῥεύματι·
1668 2005 1810 2059 οὕτω
1842 2005 1943 2058 κά-

284 2112 460 2162 κεῖνον
493 2103 634 2160 ἔστιν
685 2102 882 2177 εὑρεῖν,
932 2099 1061 2176 ἄχρι
1117 2100 1210 2172 μέν
1254 2118 1400 2158 τινος
1447 2097 1638 2150 ἑαυτοῦ
1668 2097 1782 2167 (51)
1811 2114 1941 2169 κρα-

282 2198 481 2249 τοῦντα
510 2192 599 2248 καὶ
631 2195 727 2247 τοῦ
758 2192 1072 2269 σοφιστικοῦ
1104 2184 1398 2262 δόγματος,
1430 2184 1605 2257 ἀπάτῃ
1660 2204 1718 2237 τε
1767 2180 1939 2235 διατι-

285 2283 442 2338 Θέντα
468 2283 582 2357 (52)
628 2283 811 2341 κακῶς
858 2278 923 2333 τὰ
969 2276 1228 2351 ἡμέτερα·
1286 2273 1332 2328 εἴ
1380 2270 1437 2327 δέ
1492 2294 1593 2326 που
1624 2272 1685 2326 τὸ
1716 2271 1941 2345 ἀκρατὲς

282 2378 383 2441 τῆς
428 2370 600 2447 ὀργῆς
651 2362 1028 2445 ὖπερὸλύσειε,
1079 2361 1215 2437 μηδὲ
1260 2361 1514 2437 κρύπτειν
1576 2358 1828 2415 δύνασται
1877 2360 1937 2413 τὸ

288 2459 575 2529 κακόηθες,
606 2456 753 2514 ἀλλὰ
779 2460 972 2534 γυμνῷ
1019 2454 1257 2529 χρῆσθαι
1287 2456 1366 2524 τῷ
1409 2449 1635 2525 διωγμῷ
1664 2449 1799 2504 κατᾶ
1846 2453 1942 2502 τοῦ

290 2547 434 2603 Θείου
462 2547 548 2603 καὶ
579 2541 827 2608 εὐσεϐοῦς
858 2547 1019 2618 ἡμῶν
1055 2541 1449 2617 συντάγματος.

2039 850 2220 905 animi
2255 848 2620 920 malignitate
2666 865 2731 904 ac
2780 849 3011 904 vafritie
3061 850 3132 904 ad
3186 849 3373 905 multa
3425 854 3699 917 uteretur,

2040 942 2338 1007 tamen,ut
2370 938 2472 1009 qui
2504 936 2729 993 nullam
2763 938 2946 993 animi
2982 939 3323 995 ﬁrmitatem
3346 943 3404 995 et
3436 945 3704 996 constan-

2041 1028 2185 1083 tiam
2210 1027 2557 1094 babere,nec
2590 1034 2709 1082 tam
2744 1027 3127 1099 cogitationes
3160 1044 3225 1084 ac
3257 1028 3513 1084 rationes
3543 1045 3704 1097 suas,

2043 1133 2222 1188 quam
2247 1115 2527 1171 daemonis
2553 1118 2839 1189 impetum
2869 1122 3612 1189 sequereturmequaquam
3634 1118 3705 1174 ad

2043 1211 2368 1262 extremum
2404 1222 2592 1277 usque
2620 1205 2679 1261 in
2713 1207 3059 1262 sententiam
3104 1208 3341 1278 mansit,
3376 1224 3477 1264 nec
3512 1208 3709 1281 pravi-

2042 1295 2180 1350 tatis
2212 1310 2491 1350 arcanum
2526 1294 3553 1367 retinuit,Verum,quemadmodum
3582 1298 3708 1353 Et-

2046 1400 2238 1439 naeum
2270 1384 2465 1455 ignem
2499 1392 2742 1439 narrant
2770 1385 2954 1439 [Etnae
2987 1385 3282 1440 radicibus
3307 1386 3611 1455 abscondi,
3633 1387 3707 1442 ab

2048 1474 2165 1527 ima
2195 1478 2358 1544 parte
2389 1474 2804 1541 exundantem,
2838 1491 2903 1527 ac
2936 1472 2986 1526 vi
3020 1480 3311 1529 retentum
3344 1481 3518 1547 atque
3549 1492 3706 1532 com-

2048 1577 2339 1633 pressum,
2361 1560 2480 1616 sive
2509 1561 2617 1617 hoc
2650 1561 2807 1616 aliud
2842 1563 3143 1634 quidpiam
3175 1564 3422 1629 est,sive
3451 1564 3710 1637 gigantis

2050 1668 2247 1722 poenas
2280 1650 2474 1705 dantis
2530 1650 2849 1717 anhelitus,
2884 1652 3047 1721 prius
3079 1653 3318 1723 quidem
3350 1653 3711 1709 horrendum

2050 1740 2365 1810 quemdam
2399 1756 2613 1794 sonum
2643 1740 3549 1814 edere,t'umumquc,propinqui
3572 1742 3711 1799 mali

2052 1828 2555 1893 indicem,vertice
2578 1844 2685 1883 suo
2716 1845 2979 1884 evomere
3003 1847 3015 1884 :
3043 1831 3198 1900 quod
3223 1831 3271 1885 si
3296 1832 3442 1886 forte
3464 1831 3715 1904 amplior

2051 1922 2108 1971 et
2136 1917 2547 1971 exuberantior
2590 1916 2785 1985 fuerit,
2822 1918 3214 1989 rapidiorque,
3245 1937 3421 1991 quam
3461 1927 3523 1975 ut
3553 1938 3714 1976 coer-

2054 2005 2168 2060 ceri
2200 2010 2395 2077 queat,
2430 2012 2557 2061 tum
2609 2023 2739 2062 vero
2772 2006 3001 2062 sinibus
3051 2008 3175 2063 suis
3205 2014 3347 2063 aestu
3380 2009 3712 2066 vehementi

2054 2100 2740 2166 extrusum,sursumque
2775 2097 3204 2165 tendentem,ac
3228 2114 3406 2169 supra
3424 2099 3712 2154 foramina

2054 2201 2162 2239 sua
2184 2200 2309 2239 sese
2331 2184 3101 2254 eifundentem,adjacentes
3136 2203 3369 2257 quoque
3397 2187 3712 2244 nonnullas

2055 2279 2219 2328 terra:
2255 2279 2448 2343 partes
2502 2272 2826 2327 incredibili
2858 2273 2957 2329 illo
2991 2279 3045 2328 et
3076 2273 3341 2329 horribili
3388 2276 3544 2331 ﬂuxu
3576 2293 3713 2348 per-

2056 2368 2279 2416 vastare
2310 2378 2322 2415 :
2356 2363 2561 2417 eodem
2594 2378 2827 2433 quoque
2854 2363 3027 2418 modo
3077 2363 3245 2419 illum
3278 2366 3529 2437 reperire
3558 2366 3715 2433 licet,

2054 2450 2482 2522 aliquantisper
2504 2452 2741 2521 quidem
2760 2458 2817 2507 et
2835 2453 3512 2525 seipsum,80phisticum
3535 2470 3713 2510 suum

2054 2539 2353 2593 decretum
2394 2539 2452 2593 in
2504 2546 2790 2610 potestate
2838 2546 3155 2609 tenentem,
3188 2559 3251 2596 ac
3304 2560 3406 2613 per
3444 2544 3712 2599 fraudem

288 2656 383 2695 res
420 2644 646 2695 nostras
677 2635 1069 2694 incommodis
1101 2633 1451 2689 afﬁcientem
1486 2647 1498 2686 :
1533 2636 1827 2697 caeterum,
1861 2628 1909 2683 si
1942 2628 2177 2698 quando
2225 2627 2325 2682 ira:
2356 2630 2701 2699 impotentia
2732 2630 3153 2685 redundantior
3198 2636 3371 2699 esset,
3406 2636 3531 2687 tum
3579 2648 3714 2687 vero

290 2746 362 2785 ne
392 2728 571 2784 animi
604 2726 841 2801 quidem
875 2723 1313 2798 perversitatem
1350 2736 1612 2793 premere
1644 2736 1709 2774 ac
1739 2716 2115 2773 dissimulare
2161 2732 2356 2788 posse,
2392 2734 2593 2773 verum
2624 2719 2906 2774 adversus
2957 2719 3119 2791 pium
3154 2719 3535 2790 divinumque
3575 2739 3718 2779 nos-

294 2825 451 2876 trum
482 2833 690 2891 agmen
720 2815 882 2873 nuda
911 2818 969 2871 et
997 2818 1198 2885 aperta
1231 2810 1631 2884 persecutione
1663 2807 1941 2880 grassari.

366 2906 483 2974 [ις’.
538 2906 657 2963 Ἵνα
707 2904 810 2982 γὰρ
863 2902 1003 2958 ὲάσω
1056 2900 1123 2955 τὰ
1171 2899 1309 2954 κατά
1379 2902 1484 2953 τῶν
1548 2896 1707 2972 ἁγίων
1782 2893 1944 2948 οἷ’κων

298 2981 745 3067 προστάγματαξ
782 2986 1025 3063 δημοσίᾳ
1096 3009 1157 3043 τε
1235 2988 1598 3063 προτιθέμενα
1675 2984 1763 3039 καὶ
1836 2981 1948 3053 ἰδίᾳ

298 3079 682 3156 πληρούμενα,
713 3077 802 3134 καὶ
834 3075 1064 3148 σύλησιν
1095 3076 1457 3150 ἀναθημάτων
1485 3096 1543 3129 τε
1590 3072 1678 3127 καὶ
1728 3092 1836 3148 χρη
1850 3071 1946 3144 μά-

292 3193 429 3239 των,
489 3168 550 3224 οὐ
613 3165 826 3242 μᾶλλον
877 3164 927 3238 ἑξ
976 3161 1216 3228 ἀσεϐείας
1262 3169 1376 3236 (53)
1416 3166 1449 3233 ἢ
1495 3161 1821 3234 ἀπληστίας,
1853 3159 1942 3216 καὶ

292 3262 496 3314 σκευῶν
527 3258 684 3333 ἱερῶν
717 3255 988 3332 ἁρπαγὴν,
1030 3253 1185 3331 χερσί
1231 3248 1494 3329 βεϐήλοις
1547 3246 1941 3327 ὑϐριζομένων,

283 3347 411 3410 τούς
467 3368 525 3402 τε
574 3346 704 3420 ὑπὲρ
753 3343 958 3400 τούτων
1003 3342 1303 3420 ἀγομένους
1360 3344 1468 3414 (54)
1516 3340 1606 3395 καὶ
1646 3334 1940 3415 στρεϐλου-

2131 2893 2415 2950 LXXXVI.
2452 2892 2523 2949 Ut
2552 2894 2709 2948 enim
2741 2895 2934 2950 edicta
2964 2912 3032 2951 ea
3064 2902 3427 2967 praeteream,
3459 2915 3586 2970 quae
3620 2899 3724 2954 ad-

2055 2999 2259 3038 versus
2312 2983 2463 3038 aedes
2511 2999 2729 3053 sacras,
2765 2987 2887 3038 tum
2945 2986 3173 3056 publice
3214 2987 3714 3057 proponebantur,

2056 3074 2183 3127 tum
2216 3070 2485 3142 privatim
2528 3070 2931 3142 explebautur,
2965 3080 3021 3128 et
3075 3074 3394 3130 votivorum
3428 3075 3719 3130 donorum

2054 3176 2121 3215 ac
2148 3160 2533 3230 pecuniarum
2568 3159 3004 3232 expilationem,
3039 3179 3152 3218 non
3188 3164 3373 3235 magis
3406 3164 3479 3219 ab
3512 3164 3720 3235 impie-

2054 3252 2169 3303 tate
2216 3267 2391 3320 quam
2443 3251 2514 3304 ab
2575 3250 2820 3305 avaritia
2879 3258 3236 3318 manantem,
3298 3257 3354 3307 et
3411 3270 3715 3308 sacrorum

2055 3338 2200 3393 I21
2257 3355 2550 3405 vasorum,
2583 3356 2709 3409 quae
2762 3341 3018 3410 profanis
3070 3341 3344 3397 manibus
3387 3342 3718 3413 petulanter

289 3435 503 3510 μένους,
562 3436 724 3511 ἱερεῖς
771 3454 830 3489 τε
875 3432 965 3488 καὶ
1010 3432 1375 3507 ἀρχομένους,
1422 3430 1511 3484 καὶ
1541 3429 1670 3491 τοὺς
1700 3428 1935 3504 πλήρεις

2062 3432 2105 3482 at
2133 3427 2557 3482 contumeliose
2609 3430 3028 3499 tractabantur,
3074 3430 3486 3501 direptionem,
3519 3447 3713 3486 sacer-

284 3526 531 3599 αἱμάτων
563 3524 741 3585 κίονας
770 3528 889 3585 ταῖς
917 3520 1126 3578 τούτων
1174 3520 1331 3597 χερσὶ
1378 3518 1807 3592 κυκλουμένους,
1852 3518 1941 3572 καὶ

286 3614 684 3687 ζωννυμένους,
733 3612 1056 3684 ξαινομὲνων
1105 3615 1223 3672 ταῖς
1278 3608 1509 3683 μάστιξι,
1558 3608 1686 3670 τούς
1732 3628 1791 3662 τε
1823 3605 1944 3661 δια-

285 3705 508 3765 Θέοντας
567 3700 790 3772 τοξότας
844 3700 981 3755 κατά
1036 3697 1227 3760 πόλεις
1304 3699 1393 3752 καὶ
1460 3698 1648 3773 χώρας
1733 3695 1943 3769 ὠμοτέ-

288 3813 411 3869 ρους
445 3792 583 3866 (55),
607 3790 696 3844 καὶ
735 3790 1094 3866 θερμοτέρους
1126 3792 1220 3842 τοῦ
1250 3792 1417 3842 ταῦτα
1447 3785 1844 3856 ἐπιτάττοντος,
1869 3785 1945 3847 ὡς

286 3881 346 3937 ἃν
374 3880 499 3937 ἀντὶ
531 3882 749 3957 Περσῶν
776 3877 865 3933 καὶ
900 3879 1121 3933 Σκυθῶν
1148 3876 1237 3931 καὶ
1266 3881 1374 3931 τῶν
1417 3873 1602 3931 ἄλλων
1659 3868 1942 3950 βαρϐάρων

286 3970 784 4047 παραστήσωνταιθ
835 3964 929 4021 ⁸ίνα
988 3966 1062 4039 μὴ
1112 3970 1279 4021 ταῦτα
1319 3963 1486 4039 λέγω,
1536 3963 1620 4026 τίς
1671 3962 1767 4017 οὐκ
1835 3962 1946 4017 οἶδε

285 4059 385 4130 τήν
441 4052 840 4130 ’Δλεξανδρέων
900 4054 1314 4131 ἀπανθρωπίαν;
1394 4051 1446 4107 o'i
1510 4052 1648 4127 πρὸς
1708 4050 1945 4113 πολλοῖς

288 4145 511 4218 ἄλλοις,
560 4146 642 4209 οἷς
686 4143 1110 4206 ίνεανιεύσαντος
1324 4144 1442 4197 καθ’
1490 4144 1652 4215 ἡμῶν
1695 4140 1947 4217 ἀμέτρως

281 4235 362 4310 τῷ
386 4239 569 4311 καιρῷ
615 4235 983 4311 χρησάμενοι,
1030 4231 1209 4305 δῆμος
1258 4231 1409 4294 ὄντες
1458 4228 1763 4299 στασιώδης
1795 4230 1948 4309 φύσει

281 4326 371 4382 καὶ
423 4325 684 4402 μανικὸς,
726 4317 806 4377 ἔτι
850 4321 943 4376 καὶ
990 4325 1150 4376 τοῦτο
1194 4319 1442 4397 λέγονται
1489 4322 1801 4397 προσθεῖναι
1835 4322 1950 4394 (57)

282 4419 398 4479 τοῖς
448 4406 838 4485 ἀσεϐήμασιν,
898 4406 1132 4483 αἳματος
1196 4406 1395 4465 διπλοῦ
1449 4410 1540 4464 τὸν
1603 4409 1747 4486 ἱερὸν
1802 4409 1950 4463 οἷκον

283 4505 447 4579 ἡμῶν
486 4500 789 4576 ἐμπλῆσαι,
836 4498 961 4562 ὅσος
1001 4519 1059 4554 τε
1113 4499 1309 4553 θυσιῶν
1341 4496 1431 4554 καὶ
1466 4495 1591 4562 ὅσος
1625 4497 1947 4572 ἀνθρώπων

356 4688 478 4754 (48)
511 4681 713 4755 Καίπερ
746 4677 834 4759 ’δήΖ
872 4682 1030 4759 Paeg.
1065 4678 1263 4759 καίπερ
1296 4676 1364 4735 δ’.
1394 4750 1435 4759 __
1664 4748 1701 4759 η
1746 4749 1757 4759 .

359 4749 477 4826 (49)
504 4759 631 4815 Τοῖς
660 4749 895 4823 πυθμὲσι
924 4754 1024 4821 τῆς
1050 4749 1275 4819 Αξενηξ.
1310 4774 1339 4802 ‹‹
1372 4750 1548 4805 Eluas
1579 4749 1952 4806 radicibus.»

289 4831 453 4899 Virg.
488 4826 702 4882 Aineid.
734 4842 798 4881 ιιι
831 4841 846 4881 :

366 4894 533 4954 Fama
566 4909 660 4960 est,
694 4895 958 4951 Enceladi
983 4898 1306 4950 semiustum
1335 4894 1574 4966 fulmine
1600 4907 1794 4966 corpus

368 4972 561 5040 Urgeri
590 4971 731 5023 mole
761 4971 880 5030 hac,
911 4969 1291 5040 ingentemque
1320 4964 1549 5040 insuper
1578 4964 1799 5040 (Emam

365 5037 700 5111 Impositum,
732 5041 913 5107 ruptis
942 5037 1229 5110 ﬂammam
1256 5039 1544 5111 exspirare
1574 5037 1828 5111 gemitus,

296 5106 532 5168 Ovidius
580 5128 737 5172 vero.
790 5106 887 5163 lib.
925 5106 953 5162 ἦ
1004 5106 1364 5179 Μειηιηονρὴξ
1408 5126 1517 5163 non
1576 5106 1953 5173 Enceladum,

295 5185 391 5240 sed
427 5184 753 5257 Typhoeum
788 5182 943 5236 hunc
974 5182 1487 5257 vocatgigantem.

366 5254 633 5326 Degruimt
663 5256 824 5308 ιιΕιη-ιι
849 5256 1033 5321 caput,
1064 5256 1166 5326 sub
1197 5269 1304 5322 qua
1333 5254 1850 5326 resupiuuaarenas

369 5322 593 5397 Ejéctat,
625 5327 1015 5397 ﬂammamque
1045 5325 1168 5397 fero
1200 5326 1367 5397 uomit
1397 5322 1798 5397 o§e_Typhzsu_s.

303 5392 429 5451 Hazc
457 5392 809 5467 interposuit
836 5392 1174 5467 Gregorius,
1208 5394 1401 5466 inquit
1431 5392 1608 5460 Elias,
1639 5396 1705 5447 ut
1730 5392 1958 5448 Graeco-

305 5483 428 5521 rum
458 5466 652 5524 futiles
685 5482 868 5539 nuges
900 5466 1161 5537 sugillet.

373 5540 482 5609 (50)
518 5529 843 5610 ’Δπίστῳῖᾝ
879 5529 1081 5592 Ιηίῖἃο.
1120 5560 1146 5586 ››
1320 5535 1372 5601 4,
1408 5536 1466 5590 in
1518 5551 1619 5590 ora
1647 5553 1737 5609 γρ.
1788 5529 1955 5587 ἀπλέ-

302 5607 403 5679 τῳ,
435 5613 587 5683 quod
622 5607 860 5667 secutus
888 5610 1121 5683 videtur
1152 5607 1377 5683 Billius.

372 5676 485 5758 (51)
523 5684 770 5755 Ἑαυτοῦ,
802 5687 911 5737 etc.
939 5681 1142 5738 Comb.
1176 5679 1261 5735 sic
1292 5677 1483 5736 reddit
1514 5695 1573 5734 τυ
1606 5676 1698 5733 sui
1730 5692 1961 5749 compo-

2053 3516 2215 3572 dotes
2236 3516 2411 3571 etiam
2438 3517 2886 3589 subjectamque
2904 3517 3153 3588 plebem,
3171 3519 3270 3589 qui
3299 3535 3402 3590 pro
3425 3519 3518 3574 his
3537 3520 3715 3575 rebus

2054 3604 2565 3670 abstrahebantur,
2599 3606 3089 3676 acerbissimeque
3134 3608 3581 3679 torquebantur,
3611 3624 3715 3662 co-

2053 3693 2289 3748 lumnas
2320 3710 2554 3765 quoque
2584 3696 2809 3749 cruoris
2842 3694 3289 3765 pleuas,horum
3324 3698 3600 3751 manibus
3635 3700 3719 3752 at-

2057 3798 2168 3853 que
2206 3781 2535 3852 complexu,
2567 3782 2710 3836 dum
2761 3783 2937 3853 virgis
2986 3785 3455 3851 conciderentur,
3490 3802 3593 3856 per
3622 3802 3715 3841 or-

2055 3872 2191 3926 bem
2242 3871 2484 3937 cinctas,
2518 3870 2771 3941 denique
2815 3872 3147 3942 sagittarios
3176 3891 3278 3945 per
3328 3873 3504 3929 urbes
3531 3880 3589 3929 et
3628 3891 3716 3930 re-

2057 3959 2258 4032 giones
2287 3958 2702 4026 discurrentes,
2724 3964 2899 4031 atque
2929 3961 3054 4031 ipse
3087 3962 3211 4033 ipso
3243 3961 3443 4029 etiam,
3464 3962 3565 4033 qui
3599 3963 3717 4018 haec

2060 4048 2405 4121 imperabat,
2438 4049 2689 4104 acriores
2720 4054 2776 4104 et
2807 4049 3183 4117 crudeliores,
3217 4068 3331 4123 quo
3377 4069 3483 4107 nos
3514 4051 3717 4107 videli-

2060 4144 2150 4195 cet
2180 4156 2280 4211 pro
2313 4138 2504 4194 Persis
2557 4142 2613 4194 et
2641 4139 2867 4211 Scythis
2900 4139 3151 4212 aliisque
3190 4140 3457 4197 barbaris
3502 4141 3560 4196 in
3595 4142 3719 4196 dic-

2062 4231 2279 4284 tionem
2314 4245 2482 4283 suam
2515 4234 2689 4300 atque
2723 4230 3031 4301 imperium
3082 4230 3446 4301 redigerent;
3480 4237 3544 4285 ut
3572 4229 3717 4298 haec,

2061 4320 2533 4390 inquam,omnia
2559 4319 3182 4389 praetermittameccui
3212 4320 3449 4374 tandem
3476 4320 3721 4373 Alexan-

2062 4409 2363 4462 drinorum
2400 4408 2713 4462 credulitas
2746 4408 2941 4478 ignota
2974 4416 3061 4461 est
3085 4410 3111 4461 ’ἶ
3144 4409 3243 4480 qui
3298 4414 3505 4480 praeter
3534 4411 3722 4463 multa

2063 4496 2197 4565 alia,
2218 4513 2345 4567 quae
2373 4497 2652 4552 adversus
2680 4515 2782 4552 nos
2808 4498 3213 4568 designarent,
3240 4497 3518 4570 temporis
3542 4497 3719 4552 licen-

2061 4682 2176 4731 tem
2210 4692 2275 4731 ac
2308 4675 2520 4747 decreti
2554 4674 2858 4747 sophistici
2897 4683 3177 4744 tenacem,
3214 4700 3240 4727 ››

2278 4744 2602 4799 ΔιατιΟέντα.
2628 4744 3021 4818 VSicguinquc
3061 4750 3238 4817 Regii,
3270 4749 3364 4804 Or.
3399 4750 3526 4815 i,et
3556 4750 3717 4805 Colb.

2061 4821 2114 4893 β,
2142 4816 2481 4893 διατεθέντα.
2547 4820 2693 4893 l'lilit.
2740 4816 3055 4893 διατιθέναι.
3111 4816 3382 4875 Heinsius
3433 4822 3515 4876 sic
3558 4822 3721 4893 legit,

2061 4889 2235 4961 ἀπάτῃ
2266 4889 2388 4963 χρώ
2399 4909 2553 4963 μενον
2588 4889 2875 4943 διατιθέναι
2887 4934 2897 4945 .

2135 4955 2245 5031 (53)
2269 4955 2575 5034 "ﬁngam;
2615 4964 2733 5016 Duo
2769 4964 2905 5034 Reg.
2938 4962 3205 5021 ἀπιστίας.

2134 5035 2244 5102 (54)
2280 5031 2631 5105 Ἀγομένους.
2686 5031 2885 5089 Οοῐηῒῖ.
2920 5058 2944 5083 ‹‹
2984 5037 3079 5105 qui
3116 5035 3480 5088 ducebantur
3517 5039 3574 5090 et
3603 5039 3723 5090 tor-

2064 5107 2434 5177 quebantur;
2468 5106 2611 5159 diris
2665 5108 2851 5161 modis
2903 5106 3121 5160 habitis
3168 5107 3382 5161 idcirco
3432 5108 3585 5176 quod
3633 5106 3722 5162 his

2066 5179 2239 5231 rebus
2269 5180 2586 5230 obstarent.
2622 5199 2648 5223 ››

2137 5249 2248 5317 (55)
2284 5247 2424 5300 Κατά
2451 5244 2641 5329 πόλεις
2673 5247 2759 5299 καὶ
2794 5248 3067 5335 χιί›ρας,.‹‹
3100 5247 3409 5335 Pernurbes
3442 5253 3498 5332 et
3529 5248 3723 5335 regio-

2066 5336 2183 5392 nes
2223 5322 2369 5392 )3_Sic
2402 5319 2658 5373 melioris
2710 5317 2855 5373 nota:
2889 5317 3151 5374 "codices.
3198 5320 3299 5373 Ed.
3350 5317 3485 5371 κατά
3533 5317 3723 5392 χώρας

2064 5410 2075 5420 .
2137 5389 2150 5409 κ
2234 5387 2284 5442 ’λ

2066 5408 2248 5443 καιπο
2294 5409 2390 5449 εις.

2138 5462 2250 5533 (56)
2300 5457 2747 5515 Ἐνεανιεύσαντο.
2804 5483 2829 5509 ‹‹
2886 5464 3019 5526 Quae
3069 5463 3376 5517 adversum
3439 5478 3544 5516 nos
3592 5458 3723 5515 ausi

2067 5540 2252 5589 sunt:
2294 5556 2313 5581 ιι
2370 5534 2477 5597 vel,
2512 5555 2538 5580 ‹‹
2585 5533 2862 5603 petulanti
2916 5533 3185 5599 licentia;
3221 5555 3249 5582 ››
3302 5534 3407 5599 vel,
3442 5557 3469 5581 ‹‹
3522 5547 3718 5587 rerum

2067 5620 2347 5660 novarum
2383 5604 2577 5659 studio
2608 5605 2917 5676 adversum
2953 5622 3059 5659 nos
3090 5606 3491 5676 designarunt.
3530 5625 3551 5653 ι

2140 5678 2254 5749 (57)
2289 5678 2624 5752 Προσθεῖναι.
2662 5675 2799 5753 Reg.
2838 5676 2957 5746 bm,
2992 5675 3315 5755 προσϐῆναι,
