4028 6444
254 426 376 489 617

1258 410 1548 478 ORATIO
1592 409 1691 477 ιν.
1726 449 1801 459 —-
1831 409 2145 475 CONTRA
2188 407 2586 473 JULIANUM
2634 408 2684 471 Ι.

3565 416 3685 479 618

252 553 654 633 Ἀριθουσίων,
684 551 767 614 τίς
802 550 975 613 οὓτως
1013 546 1116 620 ἕξω
1160 552 1260 619 τῆς
1306 550 1420 602 καθ’
1466 550 1615 621 ἡμᾶς
1666 544 1921 620 οἰκουμέ-

2053 545 2506 602 βλιτειιιυεὶονυω.
2545 543 2678 618 quis
2708 546 2829 601 tam
2879 544 2952 601 ab
2996 546 3135 602 orbe
3183 550 3380 604 nostro
3424 554 3686 607 remotus

251 670 384 720 νης,
425 644 563 701 ὣστε
596 645 837 719 ἀγνοεῖν,
888 637 978 695 καῖ
1027 640 1102 712 μὴ
1166 639 1382 714 φθάνειν
1440 641 1510 711 τῇ
1552 635 1799 714 διηγήσει
1831 636 1920 691 τὸν

256 734 719 812 μνημονεύοντα;
780 727 954 791 Οὗτος
1014 727 1100 783 ἐπὶ
1162 726 1533 782 Κωνσταντίου
1606 732 1701 782 τοῦ
1765 725 1923 799 πάνυ,

252 826 397 882 κατὰ
424 826 523 894 τὴν
555 821 682 878 τότε
714 816 1016 893 δεδομένην
1050 817 1290 889 ἐξουσίαν
1324 822 1694 890 Χριστιανοῖς,
1729 814 1923 889 δαιμό-

255 938 364 972 νων
386 935 439 970 τι
461 909 708 977 καθελὼν
729 910 1052 984 οἰκητήριον
1066 905 1173 978 ,καὶ
1194 904 1443 968 πολλοὺς
1466 909 1796 982 Χριστιανῶν
1822 904 1926 959 ἀπὸ

258 1012 364 1075 τῆς
388 1002 725 1072 Ἑλληνικῆς
758 997 975 1069 πλάνης
1013 997 1352 1070 μεταστήσας
1385 994 1461 1057 εἷς
1506 992 1776 1070 σωτηρίαν
1817 992 1928 1069 ούχ

263 1098 427 1164 ἦττον
458 1091 547 1148 διὰ
573 1092 673 1161 τὴν
706 1093 803 1145 τοῦ
840 1087 961 1165 βίου
996 1085 1360 1162 λαμπρότητα
1466 1086 1565 1153 τὴν
1613 1089 1710 1139 τοῦ
1760 1081 1927 1159 λόγου

267 1183 520 1257 δύναμιν,
552 1182 618 1252 ἦν
656 1180 751 1253 μὶν
786 1178 845 1233 ἰκ
872 1175 1129 1238 πλείονος
1161 1174 1212 1229 ἐν
1252 1175 1391 1252 ὀργῇ
1424 1179 1539 1237 τοῖς
1562 1172 1926 1251 ’Δρεθουσίοις

270 1271 484 1348 μᾶλλον
520 1268 577 1326 δὲ
605 1266 964 1345 Ἀρεθουσίων
1003 1268 1117 1340 (72)
1146 1269 1263 1327 τοῖς
1319 1261 1726 1342 φιλοδαίμοσιν.
1779 1261 1929 1319 Ἐπεὶ

270 1361 330 1418 δὲ
376 1363 444 1417 τὰ
491 1362 783 1436 πράγματα
830 1356 1054 1427 ἐκινήθη
1107 1357 1478 1431 Χριπιανοῖς,
1547 1352 1636 1408 καὶ
1685 1354 1768 1408 τὰ
1820 1356 1927 1408 τῶν

271 1450 554 1521 Ἑλλήνων
587 1446 939 1526 φλεγμαίνειν
969 1443 1194 1521 ἤρξατο,
1234 1445 1333 1512 τὴν
1384 1447 1481 1498 τοῦ
1528 1446 1720 1519 καιροῦ
1772 1439 1931 1497 δυνα-

277 1538 452 1595 στείαν
509 1536 606 1593 οὐκ
656 1533 830 1614 ἔφυγε.
880 1535 1111 1590 Φιλοῦσι
1163 1534 1265 1610 γὰρ
1314 1533 1365 1587 οἱ
1424 1530 1617 1605 δῆμοι,
1668 1531 1761 1587 κᾶν
1794 1532 1931 1608 πρὸς

275 1630 338 1684 τὸ
374 1628 538 1703 παρὸν
582 1626 896 1701 κατάσχωσι
938 1625 1034 1686 τὰς
1086 1622 1253 1699 ὀργὰς
1298 1624 1431 1696 (73),
1483 1621 1663 1697 ὣσπερ
1694 1625 1799 1697 πῦρ
1833 1620 1931 1694 ἑμ-

275 1717 521 1797 φωλεῦον
554 1714 735 1789 ὖλαις,
766 1716 801 1784 ἢ
837 1714 1009 1791 ῥεῦμα
1062 1712 1151 1787 βίᾳ
1197 1710 1589 1786 κρατούμενον,
1650 1710 1694 1764 εἷ
1741 1713 1933 1786 καιροῦ

272 1803 551 1875 λάϐοιντο,
599 1802 924 1868 ἀνάπτεσθαί
978 1824 1037 1857 τε
1092 1801 1180 1856 καὶ
1248 1799 1699 1876 ἀναῤῥήγνυσθαι.
1762 1799 1931 1874 Ὁρῶν

276 1895 366 1952 οῦν
417 1898 516 1965 τὴν
574 1898 671 1950 τοῦ
732 1890 911 1967 δήμου
969 1890 1179 1962 κίνησιν
1243 1889 1325 1945 ἐπ’
1375 1888 1533 1944 αὐτὸν
1595 1890 1727 1962 (74),
1780 1885 1931 1943 οὐδὲν

281 1990 497 2062 μέτριον
593 1982 940 2054 ἰννοούντων,
992 1983 1025 2051 ἢ
1054 1979 1444 2047 ἀπειλούντων,
1483 1980 1551 2033 τὰ
1601 1979 1695 2051 μὲν
1744 1982 1936 2054 πρῶτα

279 2073 518 2150 δρασμὸν
564 2071 903 2150 βουλεύεται,
954 2070 1014 2125 οὐ
1063 2070 1131 2125 δι’
1185 2066 1465 2145 ἀνανδρίαν
1503 2066 1714 2142 μᾶλλον
1747 2069 1781 2137 ἢ
1832 2069 1931 2137 τὴν

275 2163 492 2243 φεύγειν
526 2162 585 2218 ἐκ
610 2161 828 2224 πόλεως
861 2160 935 2223 εἰς
967 2160 1127 2216 πόλιν
1186 2157 1509 2214 κελεύουσαν
1542 2156 1787 2229 ἐντολὴν,
1845 2157 1934 2212 καὶ

276 2253 589 2330 ὑποχωρεῖν
618 2257 737 2314 τοῖς
778 2248 1056 2312 διώκταις·
1093 2256 1293 2325 χρῆναι
1341 2249 1444 2325 γὰρ
1493 2250 1570 2321 μή
1618 2249 1686 2302 τὰ
1732 2248 1931 2302 ἑαυτῶν

276 2348 493 2399 σκοπεῖν
528 2342 692 2416 μόνον
726 2344 839 2415 (75)
867 2338 1220 2417 Χριστιανοὺς
1245 2337 1425 2411 ὄντας,
1460 2336 1601 2411 μηδὶ
1621 2337 1665 2391 εἰ
1689 2336 1809 2393 λίαν
1834 2339 1935 2391 εἷεν

281 2431 649 2509 ἀνδρειότατοί
708 2432 820 2505 (76)
875 2451 935 2485 τε
991 2430 1081 2484 καὶ
1130 2429 1609 2505 καρτερικώτατοι,
1642 2424 1788 2483 ἀλλά
1843 2426 1932 2481 καὶ

280 2526 388 2576 τῶν
421 2519 723 2577 διωκόντων
773 2517 1066 2598 φείδεσθαι,
1118 2518 1215 2589 ὡς,
1258 2516 1320 2572 τό
1374 2538 1437 2593 γε
1467 2517 1544 2579 εἰς
1574 2515 1769 2579 αὐτοὺς
1797 2519 1930 2585 ἧκον

285 2610 473 2687 μέρος,
510 2611 586 2684 μή
617 2614 693 2682 τῷ
731 2607 969 2682 κινδύνῳ
998 2629 1051 2662 τι
1085 2606 1422 2686 συνεσφὲρειν
1615 2611 1722 2661 τῶν
1774 2604 1936 2661 πολε-

282 2700 442 2774 μίων.
493 2699 641 2755 Ἐπεὶ
691 2696 747 2754 δὲ
787 2698 982 2774 ᾔσθετο
1034 2695 1259 2753 πολλῶν
1315 2696 1408 2770 μὲν
1463 2693 1532 2750 δι’
1584 2695 1741 2751 αὐτὸν
1776 2694 1934 2750 ἑλκο-

280 2792 457 2864 μένων
513 2790 603 2845 καὶ
674 2790 986 2864 ἀγομένων,
1037 2785 1264 2843 πολλῶν
1319 2784 1377 2840 δὲ
1422 2790 1528 2841 τῶν
1568 2784 1691 2861 περί
1753 2788 1936 2860 ψυχῆς

272 2879 588 2955 τρεχόντων
624 2876 713 2933 διὰ
739 2879 839 2947 τὴν
869 2881 976 2932 τῶν
1010 2874 1318 2932 διωκόντων
1354 2875 1637 2949 ὡμότητα,
1691 2874 1791 2930 οὐκ
1838 2876 1934 2945 ἠν-

282 2970 477 3042 εσχῑτο
507 2972 586 3038 τῷ
613 2967 727 3021 καθ’
759 2966 943 3021 ὶαυτὸν
975 2965 1203 3044 ἀσφαλεῖ
1234 2968 1345 3035 (78)
1387 2963 1515 3026 τοὺς
1548 2962 1755 3027 ἄλλους
1786 2985 1935 3040 περι-

288 3058 418 3130 ορᾷν
444 3051 867 3113 κινδυνεύοντας
900 3052 988 3107 καὶ
1017 3048 1107 3107 διὰ
1143 3058 1302 3107 τοῦτο
1360 3049 1677 3126 βουλεύεται
1731 3049 1935 3128 βουλὴν

282 3142 513 3220 ἀρίστην
540 3163 600 3197 τε
628 3142 716 3197 καὶ
749 3140 1218 3220 φιλοσοφωτάτην·
1269 3142 1327 3196 ἐκ
1368 3148 1469 3211 τῆς
1502 3148 1680 3219 φυγῆς
1730 3140 1939 3195 ἐπάνει-
1970 3136 1971 3139 “

2035 641 2142 706 est,
2169 640 2234 691 ut
2262 635 2512 708 ignoret,
2534 651 2602 691 ac
2623 639 3184 692 commemorantem
3215 640 3549 696 narratione
3571 657 3688 696 non

2035 724 2402 781 antevertat?
2430 724 2533 779 Hic
2563 740 2721 793 cum,
2756 724 2973 798 insigni
3005 724 3104 781 illo
3133 725 3472 783 Constantio
3503 729 3690 800 impe-

2036 818 2222 881 rante,
2255 830 2360 886 pro
2392 830 2459 870 ea
2489 817 2796 887 potestate,
2831 832 2956 888 quae
2986 818 3114 871 tum
3166 814 3516 873 Christianis
3547 834 3690 874 con-

2036 922 2203 961 cessa
2234 905 2445 973 fuerat,
2466 904 2820 961 dimicilium
2839 905 3136 977 quoddam
3168 906 3500 962 damonum
3534 922 3693 963 ever-

2035 995 2225 1065 tisset,
2257 1011 2322 1050 ac
2353 994 2571 1050 multos
2602 1011 2758 1050 nunc
2788 994 3157 1052 Christianos
3189 1013 3223 1052 a
3264 995 3470 1069 gentili
3499 1012 3695 1054 errore

2039 1086 2108 1141 ad
2145 1083 2417 1152 salutem,
2455 1100 2571 1141 non
2604 1084 2804 1141 minus
2834 1084 2908 1141 ob
2930 1085 3064 1140 vitae
3094 1084 3489 1158 splendorem,
3516 1101 3696 1159 quam

2039 1176 2113 1232 ob
2144 1174 2375 1231 dicendi
2398 1173 2734 1231 facultatem
2758 1178 2933 1248 atque
2956 1175 3282 1231 doctrinam
3312 1176 3695 1246 traduxisset,

2031 1263 2388 1335 jampridem
2420 1262 2553 1318 odio
2595 1262 2925 1319 Arethusiis
2967 1267 3115 1336 erat,
3143 1263 3231 1319 vel
3263 1264 3337 1320 iis
3370 1264 3568 1337 potius
3596 1265 3697 1337 qui

2041 1352 2195 1408 inter
2222 1352 2569 1408 Arethusios
2616 1356 2785 1409 erant
2821 1353 3154 1409 daemonum
3187 1358 3452 1411 amantes
3481 1358 3540 1412 et
3569 1354 3697 1410 cul-

2038 1444 2215 1498 tores.
2251 1446 2641 1515 Posteaquam
2688 1446 2885 1498 autem
2934 1443 3178 1500 mutatis
3224 1443 3697 1500 Christianorum

2044 1532 2243 1599 rebus,
2262 1531 2573 1605 gentilium
2597 1548 2690 1588 res
2707 1535 2935 1589 tumere
2959 1537 3016 1589 et
3044 1549 3353 1606 assurgere
3382 1537 3699 1607 cceperunt,

2041 1622 2323 1693 temporis
2338 1622 2660 1694 potentiam
2678 1621 3138 1695 haudquaquam
3157 1622 3701 1696 eﬂ‘ugit.Multitudo

2044 1712 2283 1784 quippe,
2309 1711 2540 1767 etiamsi
2565 1711 2626 1767 in
2656 1728 2913 1785 praesens
2942 1711 3201 1786 impetus
3231 1712 3704 1786 cupiditatesque

2044 1818 2183 1857 suae
2242 1805 2525 1870 coerceat,
2587 1803 3091 1873 quemadmodum
3139 1803 3294 1877 ignis
3344 1803 3405 1859 in
3458 1802 3706 1859 materie.

2046 1889 2257 1963 latens,
2273 1894 2375 1947 aut
2403 1891 2597 1948 amnis
2620 1908 2944 1964 repressus,
2969 1891 3164 1949 oblata
3180 1896 3380 1950 tamen
3403 1892 3706 1949 occasione

2046 1980 2285 2036 accendi
2334 1985 2505 2052 atque
2535 1997 2843 2055 erumpere
2878 1983 3201 2039 consuevit.
3234 1982 3533 2053 Quocirca,
3569 1999 3704 2038 cum

2045 2070 2331 2142 populum
2381 2071 2696 2127 adversum
2766 2088 2827 2128 se
2874 2072 3205 2143 incitatum,
3259 2088 3363 2127 nec
3418 2071 3704 2127 moderati

2046 2160 2371 2232 quidquam
2402 2159 2491 2216 vel
2522 2161 2992 2233 cogitantem,vel
3023 2160 3483 2217 comminantem
3510 2174 3705 2216 cerne-

2046 2254 2153 2320 ret,
2178 2249 2435 2322 primum
2469 2249 2898 2306 consciscenda
2928 2250 3082 2323 fuga
3112 2249 3424 2307 consilium
3448 2249 3703 2321 init,non

2042 2343 2162 2394 tam
2192 2339 2424 2411 ignavia
2455 2340 2695 2411 fractus,
2716 2356 2894 2411 quam
2926 2344 3211 2413 praecepto
3242 2340 3342 2397 illo
3376 2344 3702 2413 permotus,

2043 2444 2159 2499 quo
2181 2444 2211 2483 e
2239 2427 2473 2483 civitate
2500 2428 2559 2483 in
2587 2428 2880 2485 civitatem
2911 2430 3130 2503 fugere,
3155 2434 3212 2486 et
3231 2430 3706 2502 persecutoribus

2044 2518 2248 2573 cedere
2271 2518 2555 2589 jubemur
2582 2519 2647 2573 ‘5.
2681 2518 2877 2590 Neque
2910 2519 3068 2575 enim
3098 2519 3483 2592 Christianos,
3517 2536 3705 2594 quan-

2044 2607 2263 2663 tumvis
2295 2607 2493 2679 fortes,
2527 2624 2593 2664 ac
2625 2606 2912 2681 singulari
2945 2609 3254 2666 tolerantia
3287 2610 3582 2682 praeditos,
3614 2607 3707 2665 sui

2045 2700 2274 2752 tantum
2294 2697 2581 2753 rationem
2606 2696 2821 2754 habere
2842 2700 3207 2770 oportet,sed
3230 2699 3706 2771 persecutoribus

2047 2803 2276 2859 quoque
2316 2803 2574 2859 parcere,
2610 2791 2675 2843 ut
2713 2804 2805 2857 ne,
2850 2792 3139 2859 quantum
3188 2789 3248 2844 in
3298 2788 3441 2861 ipsis
3490 2792 3599 2859 est,
3632 2788 3706 2843 ad

2049 2876 2308 2932 hostium
2372 2875 2700 2948 periculum
2759 2882 2817 2933 et
2873 2878 3313 2935 damnationem
3371 2895 3440 2934 ex
3494 2877 3708 2950 seipsis

2049 2965 2273 3037 aliquid
2325 2967 2478 3023 I23
2533 2967 2853 3023 conferant.
2887 2971 2961 3023 At
3006 2972 3320 3040 postquam
3352 2967 3571 3024 multos
3600 2984 3709 3024 sua

2051 3073 2228 3112 causa
2270 3055 2404 3111 duci
2454 3072 2519 3111 ac
2570 3055 2747 3128 trahi,
2780 3058 3001 3113 multos
3039 3058 3215 3115 etiam
3248 3058 3320 3114 ob
3352 3074 3709 3131 persequen-

2051 3146 2198 3202 tium
2231 3145 2637 3205 credulitatem
2671 3146 2732 3203 in
2764 3148 2972 3204 animae
3001 3147 3259 3221 periculo
3291 3150 3509 3206 versari
3541 3148 3715 3204 intel-

286 3256 364 3304 σι,
388 3233 475 3288 καὶ
507 3237 587 3306 τῷ
618 3229 783 3306 δήμῳ
816 3230 989 3310 φέρων
1032 3232 1216 3286 ἑαυτὸν
1265 3228 1515 3286 ἐκδίδωσι
1567 3238 1806 3307 χρῆσθαι
1857 3229 1934 3285 δτι

2053 3236 2210 3302 lexit,
2243 3241 2372 3292 tum
2404 3253 2535 3292 vero
2568 3236 2732 3307 alios,
2767 3254 2833 3294 eo
2866 3239 3022 3310 quod
3053 3238 3179 3311 ipse
3211 3239 3269 3294 in
3303 3243 3452 3308 tuto,
3484 3238 3714 3312 pericli-

282 3320 579 3401 βούλοιντο
621 3324 758 3397 (79),
779 3309 869 3377 καὶ
900 3322 1036 3398 πρὸς
1063 3322 1161 3391 τὴν
1194 3320 1289 3377 τοῦ
1319 3319 1511 3397 καιροῦ
1549 3320 1934 3397 παρατάσσεται

2054 3329 2244 3382 tantes
2268 3326 2563 3398 negligere
2588 3326 2832 3383 minime
2864 3309 3241 3401 sustinuit,ac
3273 3309 3519 3400 proinde
3538 3346 3716 3402 pras-

278 3411 595 3472 δυσκολίαν.
651 3413 910 3467 Ἐνταῦθα
956 3410 1009 3465 τί
1062 3412 1155 3484 μὲν
1206 3410 1348 3480 ἀπῆν
1393 3414 1502 3465 τῶν
1551 3407 1772 3479 δεινῶν;
1803 3410 1855 3465 τί
1886 3406 1944 3463 δὲ

275 3506 379 3560 οὑκ
409 3503 683 3559 ἰπενοεῖτο
714 3499 1005 3578 βαρύτερον
1034 3520 1049 3570 ;
1081 3498 1266 3556 ἄλλῶν
1296 3498 1437 3555 ἄλλο
1459 3522 1509 3554 τι
1531 3502 1640 3574 (80)
1668 3520 1942 3576 συνεισφε-

276 3594 487 3671 ρόντων
522 3593 661 3669 πρός
694 3592 810 3655 ἰνὸς
844 3595 1013 3646 κακοῦ
1046 3589 1375 3665 συλφωνίαν,
1420 3586 1544 3645 ούδέ
1600 3589 1664 3644 τὸ
1712 3588 1944 3667 φιλόσο-

274 3706 377 3762 φον
437 3686 539 3737 τοῦ
596 3678 786 3757 ἀνδρὸς
843 3678 1202 3753 αἰδουμένων,
1265 3680 1309 3734 εί
1373 3682 1446 3753 μή
1505 3701 1554 3734 τι
1615 3676 1776 3751 ἄλλο,
1834 3682 1940 3733 τῶν

273 3772 615 3850 ἐγκειμένων
639 3768 882 3845 (81)-διὰ
908 3774 1069 3825 τοῦτο
1106 3770 1199 3843 μὶν
1243 3766 1335 3824 οὗν
1384 3768 1474 3824 καὶ
1524 3766 1690 3823 πλέον
1742 3767 1941 3843 ἀγανα-

273 3863 581 3933 κτούντων,
621 3858 705 3916 ὅτι
752 3859 1141 3937 περιφρόνησιν
1182 3858 1358 3914 αὐτῶν
1393 3857 1604 3933 μᾶλλον
1633 3859 1667 3926 ἦ
1695 3855 1940 3933 ἀνδρείαν

273 3952 418 4029 πρὸς
480 3950 608 4011 τοὺς
663 3946 945 4011 κινδύνους
990 3949 1089 4018 τήν
1131 3953 1226 4003 τοῦ
1275 3945 1468 4025 ἀνδρὸς
1498 3947 1797 4024 παρουσίαν
1832 3950 1943 4021 (82)

267 4041 551 4116 ὶνόμιζον.

2054 3416 2463 3472 tantissimum
2536 3418 2910 3488 maximeque
2977 3417 3451 3491 philosophicum
3524 3419 3717 3475 consi-

2054 3506 2200 3560 lium
2234 3506 2411 3577 capit.
2444 3506 2526 3561 Ex
2558 3506 2697 3578 fuga
2726 3507 2883 3562 enim
2915 3507 3087 3576 redit,
3125 3523 3369 3579 seseque
3410 3508 3563 3563 ultro
3595 3509 3720 3580 ple-

2054 3595 2145 3650 bis
2178 3594 2416 3650 arbitrio
2449 3594 2828 3666 tradit,atque
2850 3596 3127 3652 adversus
3147 3597 3431 3669 temporis
3460 3595 3714 3653 difﬁcul-

2056 3686 2235 3738 tatem
2268 3681 2426 3737 velut
2456 3682 2641 3739 aciem
2665 3683 3037 3739 instruit.Hic
3056 3701 3188 3743 vero
3212 3685 3353 3755 quid
3377 3684 3713 3741 acerbitatis

2054 3770 2307 3827 aberat?
2338 3770 2476 3842 quid
2534 3788 2649 3826 non
2693 3772 2870 3827 etiam
2919 3772 3177 3828 atrocius
3218 3773 3656 3845 excogitabatur
3686 3772 3715 3829 ?

2054 3875 2187 3914 cum
2220 3858 2442 3915 scilicet
2471 3857 2569 3914 alii
2601 3857 2762 3914 aliud
2794 3861 2917 3932 pari
2955 3861 3199 3918 consilio
3242 3863 3313 3917 ad
3360 3863 3538 3920 unius
3570 3862 3711 3919 mali

2051 3948 2547 4020 conspirationem
2591 3950 2943 4017 conferrent,
2995 3968 3121 4019 nec,
3162 3952 3213 4008 si
3259 3950 3426 4008 nulla
3460 3951 3575 4009 alia
3624 3970 3705 4026 re,

2053 4038 2260 4095 saltem
2309 4038 2488 4109 hujus
2536 4037 2643 4094 viri
2686 4040 3017 4097 constantia
3063 4046 3458 4112 moverentur,
3492 4040 3593 4115 qui
3625 4042 3710 4098 illi

268 4129 674 4188 imminebant
719 4147 732 4183 :
785 4128 927 4201 quin
978 4127 1173 4201 potius
1222 4127 1331 4184 hoc
1382 4145 1616 4201 quoque
1666 4127 1900 4184 nomine
1943 4127 2352 4184 vehementius
2392 4126 2902 4199 incandescerent,
2932 4130 3088 4202 quod
3137 4129 3295 4187 illius
3342 4132 3599 4188 reditum
3644 4147 3711 4189 ac

264 4218 678 4297 praesentiam,
735 4235 853 4276 non
913 4226 1031 4275 tam
1090 4218 1500 4275 fortitudinem
1549 4218 1832 4275 adversus
1882 4217 2162 4290 pericula,
2222 4233 2400 4290 quam
2431 4217 2697 4290 ipsorum
2727 4223 3133 4293 contemptum
3166 4220 3710 4294 interpretarentur.

335 4349 382 4385 ⁴⁵
409 4344 629 4403 Matth.
654 4362 710 4412 ι,
741 4346 830 4401 23.
938 4392 945 4399 .

264 4480 528 4538 modum
579 4493 648 4533 ac
697 4474 983 4533 famosam
1030 4473 1484 4546 Ariminensem,
1536 4475 1946 4546 ipse'Marcus

264 4492 528 4538 modum
579 4493 648 4533 ac
697 4492 983 4533 ramosam
1030 4492 1484 4546 ariminensem,
1536 4493 1552 4529 ι
1602 4492 1663 4532 se
1713 4492 1943 4534 marcus

263 4548 631 4610 Arethusius
661 4548 901 4621 dictavit
926 4564 1082 4621 anno
1120 4546 1243 4601 358.
1281 4547 1410 4621 Haec
1439 4492 1697 4621 progcto
1728 4548 1943 4621 Grego-

263 4627 394 4682 rius
482 4622 534 4677 si
576 4619 849 4692 novisset
905 4620 978 4676 de
1031 4622 1222 4675 Marco
1246 4618 1579 4692 Arethusio,
1634 4618 1943 4692 nunquam

263 4713 429 4765 eum,
470 4714 507 4744 ‹‹
537 4691 728 4765 virum
760 4691 1038 4765 esimium
1062 4714 1097 4765 gi
1114 4691 1491 4765 appellasset,
1515 4707 1619 4746 nec
1640 4691 1943 4765 tam_’mul-

264 4774 329 4825 ta
360 4761 437 4823 de
468 4780 543 4820 eo
572 4763 892 4836 honoriﬁce
922 4761 1316 4836 praedicasset.
1340 4761 1403 4836 In
1421 4763 1614 4819 Marco
1635 4763 1946 4836 Arethusio

267 4840 462 4912 igitur
496 4835 831 4912 Gregorius,
865 4834 1107 4912 perinde
1153 4838 1331 4912 atque
1347 4834 1416 4912 in
1430 4834 1946 4912 _gonstantio_Au-

272 4906 481 4989 g'usto,
535 4906 907 4989 ignoratione
964 4907 1102 4989 ἰξασῇ
1151 4906 1382 4989 erravit.
1430 4906 1537 4989 γει
1568 4907 1945 4989 postmodum

275 4978 879 5051 audierat,'Marcum,
901 4984 1033 5036 ante
1063 4979 1240 5051 finem
1272 4978 1399 5035 vita
1443 4978 1809 5051 impietatem
1841 4979 1947 5034 ab-

271 5057 540 5126 jurasee,
571 5054 631 5107 et
660 5051 741 5126 ad_
757 5050 1025 5126 Ecclesiae
1054 5050 1438 5126 ﬁdeliumque
1468 5050 1944 5107 communionem

279 5121 554 5190 rediisse,
589 5124 746 5194 quod
771 5123 1100 5194 arbitratur
1127 5121 1436 5194 Baronius.

354 5197 471 5269 (7_2)
505 5190 732 5269 Μᾶλλον
767 5190 825 5269 δὲ
884 5193 1291 5269 ᾌρεθουσίων.-
1323 5193 1451 5248 Bill.
1510 5215 1541 5269 ξ(
1599 5191 1691 5249 vel
1745 5190 1947 5263 potius

278 5264 736 5339 Arethusiorum
790 5264 1143 5339 impiissimo
1201 5264 1433 5337 cuique,
1495 5265 1949 5335 daemonumque

284 5338 727 5395 amantissimo.
759 5358 789 5389 »

362 5409 480 5485 (73)
516 5408 619 5485 Τὰς
677 5404 862 5485 ὀργάς.
926 5430 957 5461 ιι
1008 5413 1154 5467 Irae.
1195 5429 1247 5485 Δ‹‹
1304 5403 1554 5485 Montac.
1623 5404 1720 5485 τὰς
1746 5400 1926 5485 ῥρμᾴς

284 5502 315 5531 ‹‹
350 5477 875 5565 ίὶῐξροὶυξλυεῖλὶῃ
931 5498 1035 5565 ora
1060 5500 1151 5558 γρ.
1187 5477 1373 5556 ὀργάς.
1398 5478 1542 5535 Mss.
1573 5477 1761 5537 nostri
1803 5477 1927 5534 nihi

286 5556 527 5626 prgter
540 5552 713 5626 edita,
723 5552 1021 5626 exhibent.

360 5620 482 5697 (74)
508 5620 630 5697 ξΕπ¹
658 5622 842 5695 αὐτόν,
887 5623 1015 5682 Duo
1074 5621 1239 5697 Reg,
1298 5618 1459 5680 Colb.
1493 5618 1548 5693 3,
1597 5620 1715 5675 duo
1746 5617 1948 5691 Coisl.,

278 5695 459 5769 Pass.
495 5695 754 5755 Combef.
790 5697 1039 5769 addunt,
1074 5695 1281 5753 ἰοῦσαν.

355 5764 477 5845 (75)
501 5771 733 5824 Σκοπεῖν
768 5768 960 5843 μόνον.
995 5762 1082 5826 Ita
1120 5769 1263 5842 Reg.
1324 5765 1366 5838 1,
1426 5769 1543 5821 tres
1593 5762 1776 5832 Colb.,
1836 5767 1947 5819 etc.

614 5896 879 5961 PATROL.
928 5896 1042 5960 Ga.
1089 5893 1338 5961 XXXV.

2056 4476 2118 4533 In
2149 4474 2240 4548 ed.
2270 4470 2443 4548 ,μόνον
2479 4477 2611 4548 post
2632 4470 2812 4536 ὄντας.

2126 4546 2240 4621 (7Q)
2269 4542 2692 4621 "Avdpezowtoc.
2726 4548 2865 4620 Reg.
2900 4545 3022 4615 bm,
3056 4546 3095 4618 1,
3129 4542 3289 4605 Colb.
3324 4545 3381 4620 Β,
3424 4545 3587 4607 Pass.
3618 4543 3711 4606 ἀν-

2054 4615 2083 4673 δ
2089 4638 2117 4693 ρ
2128 4615 2401 4693 ικῴτατοι.

2121 4692 2236 4763 (77)
2295 4685 2690 4766 Συνεισφὲρειν.
2750 4690 3033 4745 Eamdem
3102 4691 3176 4746 ob
3242 4707 3483 4766 causam
3533 4693 3714 4766 Chry-

2057 4761 2353 4818 soStomus
2408 4761 2954 4834 fugiendamesse
2994 4763 3461 4834 persecutionem
3546 4761 3717 4821 docet

2056 4834 2326 4906 exemplo
2388 4832 2643 4906 Davidis,
2686 4832 2795 4906 qui
2836 4832 3014 4906 fugit,
3038 4850 3133 4904 ne,
3181 4834 3486 4893 innoxium
3519 4836 3714 4894 Saulis

2056 4904 2405 4979 sanguinem
2435 4904 2765 4979 fundendo,
2797 4904 3139 4979 reusgfieret.

2130 4972 2239 5050 (78)
2269 4977 2397 5040 Καθ’
2434 4975 2619 5031 ἑαυτὸν
2652 4972 2904 5052 ἀσφαλεῖ.
2937 4975 3179 5047 Billlus;
3214 5001 3242 5029 «
3275 4979 3348 5035 ob
3380 4976 3715 5036 cautionem

2058 5067 2247 5106 suam.
2283 5070 2309 5097 ))

2129 5121 2249 5195 (79)-
2299 5115 2619 5195 Βούλοιντο.
2670 5120 2814 5176 Tres
2869 5118 3047 5192 Regg.
3089 5118 3249 5175 Colb.
3289 5121 3344 5193 8,
3381 5117 3712 5195 βούλωνται.

2061 5189 2200 5248 Reg.
2226 5189 2356 5248 'bm.
2394 5189 2706 5248 βούλονται.

2062 5190 2145 5248 Re
2189 5190 2333 5246 .Ibm
2431 5190 2706 5245 ούλονται.
2968 5190 3015 5192 Ὗ
3325 5190 3335 5193 ⁷
3381 5190 3390 5195 ⁷

2062 5333 2074 5345 ο
2130 5208 2241 5344 (ἕρ)
2273 5190 2498 5346 "sigea;
2527 5257 2669 5346 ἄλλο
2700 5278 2774 5346 τι,
2807 5264 2913 5346 etc.
2950 5259 3180 5346 Billius,
3216 5280 3235 5310 ι
3270 5276 3341 5346 οξ
3370 5261 3464 5333 iis,
3498 5278 3601 5337 qui
3629 5258 3716 5346 illi

2059 5332 2471 5402 imminebant,
2492 5332 2631 5406 “alii
2681 5332 2841 5388 aliud
2898 5332 3203 5406 quidpiam
3261 5335 3335 5390 ad
3366 5332 3543 5392 unius
3575 5333 3718 5391 mali

2061 5410 2411 5463 concentum
2444 5404 2718 5460 afferrent
2773 5424 2802 5452 »

2131 5478 2245 5551 (81)
2292 5479 2408 5551 ξΓῶν
2467 5473 2818 5551 ἐγκειμένων.
2865 5473 2961 5551 Si_o

2060 5543 2259 5606 autem
2290 5543 2714 5619 Regg.,'Pass.,
2746 5543 3082 5619 duoHCoisl.
3121 5543 3227 5619 τῶν
3260 5545 3538 5609 ἐκείνου...
3590 5546 3717 5606 Duo

2453 5593 2465 5605 .

2142 5640 2219 5677 Π).
2253 5640 2359 5674 των
2393 5640 2443 5674 εν
2479 5640 2615 5674 ῑκεῑν
2698 5640 2802 5690 pro
2830 5640 2938 5670 των
2970 5640 3304 5692 εγκειμενωνι

2134 5693 2245 5766 (82)
2276 5689 2599 5764 Παρουσίαν.
2623 5640 2816 5749 ἴίοιιι.
2850 5706 2941 5765 γρ.
2975 5687 3304 5769 παῤῥησίαν.

3323 5887 3406 5985 39

3067 5470 3293 5547 lerique
3362 5477 3531 5535 codd.
3590 5476 3716 5547 Duo
