4028 6462
217 450 322 516 621

1220 442 1516 507 ORATIO
1562 440 2097 504 lV.—CONTRA
2142 437 2544 505 JULIANUM
2587 442 2635 502 Ι.

3521 440 3645 503 622

220 587 439 646 loribus
466 589 523 643 et
553 581 846 641 molestiis
876 584 1161 650 remotus,
1196 596 1313 636 non
1344 578 1513 636 aliter
1544 594 1611 635 ac
1642 576 1693 635 si
1722 575 1931 633 alienis
1963 575 2238 648 periculis
2266 574 2597 645 interesset,
2631 572 3107 648 suppliciumque
3136 589 3313 632 suum
3342 589 3644 649 pompam,

219 696 330 737 non
362 674 783 743 calamitatem,
827 688 959 729 esse
993 671 1253 727 duceret.

288 768 356 843 [ι’.
390 763 587 824 Καίτοι
632 766 804 819 ταῦτα
847 760 929 823 τίς
963 758 1064 815 οὐκ
1111 757 1171 813 ἃν
1220 754 1427 832 ᾐδέσθη
1475 759 1583 812 τῶν
1633 755 1723 811 καὶ
1780 775 1879 828 με-

2065 755 2177 813 XC.
2211 756 2281 812 Et
2329 755 2572 828 quidem
2621 771 2798 829 quem
2853 756 3096 812 tandem
3146 754 3268 811 haec
3325 755 3649 813 reverentia

219 842 376 930 τρίως
432 854 689 910 ἐπιεικῶν
751 872 810 907 τε
868 850 959 905 καὶ
1036 847 1436 927 φιλανθρώπων
1493 866 1507 916 ;
1565 842 1724 902 Ἀλλ’
1778 844 1881 898 οὐκ

225 944 451 1009 ἰκείνους
506 966 576 1021 γε
635 942 808 998 εἴασεν
865 941 893 995 ὁ
940 938 1150 1015 καιρὸς,
1205 934 1331 993 οὐδὲ
1378 939 1412 1006 ἡ
1461 940 1558 991 τοῦ
1612 931 1881 1011 βασιλέως

229 1038 394 1111 ὁρμὴ,
445 1034 506 1090 τὸ
564 1032 929 1108 ἀπάνθρωπον
987 1024 1289 1083 ἀπαιτοῦσα
1347 1025 1435 1081 καὶ
1497 1022 1751 1111 δήμους,
1791 1022 1882 1078 καὶ

230 1110 430 1195 πόλεις,
459 1123 553 1179 καὶ
585 1123 882 1198 ἄρχοντας,
935 1116 1100 1173 εἶκαὶ
1151 1120 1226 1190 μὴ
1278 1119 1393 1177 τοῖς
1432 1112 1669 1176 πολλοῖς
1707 1110 1881 1167 ἐδόκει

230 1219 328 1270 τῶν
382 1212 726 1291 ἀγνοούντων
776 1209 840 1265 τὸ
899 1207 1065 1284 βάθος
1120 1212 1223 1276 τῆς
1281 1204 1485 1261 ἐκείνου
1536 1201 1881 1273 κακοηθείας.

230 1308 455 1358 Τοιαῦτα
505 1305 647 1375 ἡμῖν
697 1300 765 1355 τὰ
815 1301 913 1353 τοῦ
972 1294 1199 1372 στερῥοῦ
1248 1296 1528 1371 γέροντος.
1568 1292 1671 1351 Καὶ
1718 1296 1886 1347 ταῦτα

237 1392 364 1463 ὑπὲρ
390 1391 536 1454 τίνος
575 1388 707 1461 ;⁹ίνα
758 1390 996 1463 ’χρυσοῦν
1046 1387 1160 1459 (98)
1205 1381 1299 1440 ’ἐνα
1360 1386 1435 1458 μὴ
1485 1377 1723 1459 πρόηται
1766 1386 1882 1443 τοῖς

243 1481 600 1555 βασανισταῖς·
634 1479 680 1551 ᾧ
709 1477 797 1532 καὶ
831 1474 1024 1548 δῆλον,
1076 1475 1151 1536 ὡς
1206 1474 1339 1550 ὑπὲρ
1372 1468 1640 1535 εὐσεϐείας
1672 1470 1885 1548 διεκαρ-

241 1568 375 1643 τὲρει
620 1570 759 1628 Ἕως
821 1567 914 1641 μὶν
975 1565 1101 1641 γὰρ,
1165 1564 1469 1640 βαρυτάτην
1522 1560 1884 1635 ποιησάμενοι

239 1663 331 1712 τοῦ
372 1663 497 1713 ναοῦ
542 1659 641 1728 τὴν
686 1656 1045 1730 ἀποτίμησιν,
1090 1654 1151 1709 τὸ
1202 1659 1306 1709 πᾶν
1357 1650 1523 1728 ᾔτουν
1570 1652 1819 1729 χρυσίον,
1849 1649 1885 1719 ἢ

238 1746 389 1802 αὐτόν
418 1769 480 1823 γε
508 1743 898 1820 ἀναδείμασθαι
940 1744 1030 1798 τὸν
1080 1744 1214 1798 νεὼν
1267 1745 1344 1817 (1)
1393 1740 1661 1815 ἐκέλευον,
1712 1739 1886 1796 ἐδόκει

236 1837 294 1890 τὸ
324 1834 575 1892 ἀδύνατον
598 1840 699 1891 τοῦ
732 1834 1101 1908 ἐπιτάγματος
1138 1830 1352 1906 μᾶλλον
1380 1833 1413 1901 ἣ
1442 1832 1502 1886 τὸ
1542 1826 1753 1894 εὐσεϐὲς
1788 1833 1887 1900 τῆς

238 1928 416 2001 ψυχῆς
471 1930 651 1982 ποιεῖν
708 1922 899 1997 ἐκείνῳ
951 1924 1051 1992 τὴν
1114 1916 1355 1977 ἔνστασιν
1388 1940 1399 1954 ⁸
1455 1919 1570 1975 ἐπεὶ
1619 1918 1677 1976 δὶ
1727 1925 1886 1975 νικῶν

240 2013 427 2076 αὐτοὺς
483 2013 619 2070 κατὰ
675 2012 868 2089 μικρόν
928 2014 1003 2085 (2)
1060 2013 1128 2085 τῇ
1181 2009 1459 2086 καρτερίᾳ,
1508 2010 1595 2065 καὶ
1648 2011 1887 2087 ὑφαιρῶν

1992 862 2106 901 non
2144 846 2483 917 movissent,
2514 845 2695 902 etiam
2725 845 2936 918 exigua
2965 845 3207 903 lenitate
3235 848 3414 916 atque
3442 844 3649 902 huma-

1992 935 2177 990 nitate
2226 935 2650 1006 praeditorum?
2677 936 2788 993 Sed
2836 935 2945 993 hoc
2978 934 3100 991 illis
3148 950 3253 1007 per
3284 938 3541 1007 tempus,
3591 939 3650 992 et

1991 1024 2361 1097 imperatoris
2413 1025 2817 1098 cupiditatem,
2870 1030 2997 1082 tum
3029 1043 3064 1083 a
3112 1024 3368 1098 populis,
3396 1029 3524 1081 tum
3575 1025 3648 1082 ab

1997 1115 2239 1171 urbibus
2304 1119 2361 1171 et
2426 1116 2714 1189 praefectis
2780 1116 3187 1173 crudelitatem
3254 1114 3648 1189 exposcentis,

1994 1205 2222 1261 etiamsi
2295 1204 2593 1278 plerisque
2647 1205 3048 1278 improbitatis
3112 1206 3302 1279 ipsius
3366 1221 3649 1262 arcanum

1995 1294 2404 1366 ignorantibus
2456 1290 2627 1353 secus
2661 1296 2982 1363 videretur,
3014 1295 3258 1351 minime
3306 1295 3490 1352 licuit.
3523 1295 3655 1351 Haec

1996 1385 2204 1441 ﬁrmus
2236 1400 2412 1441 senex
2441 1389 2498 1441 et
2540 1389 2816 1442 constans
2850 1384 3109 1459 pertulit.
3140 1385 3198 1440 Si
3226 1401 3466 1442 causam
3496 1401 3653 1458 quae-

1996 1474 2100 1543 ris,
2134 1479 2201 1530 ut
2232 1492 2303 1531 ne
2335 1491 2649 1531 nummum
2685 1492 2870 1532 unum
2902 1490 3146 1532 aureum
3178 1475 3497 1533 tortoribus
3527 1490 3658 1547 pro-

1990 1564 2216 1636 jiceret.
2251 1566 2331 1620 Ex
2364 1582 2480 1637 quo
2513 1564 2822 1638 perspicue
2851 1564 3102 1637 intelligi
3130 1568 3341 1637 potest,
3374 1581 3511 1622 eum
3542 1565 3658 1636 pie—

1996 1654 2137 1711 tatis
2168 1670 2347 1710 causa
2376 1654 2677 1711 cruciatus
2708 1653 3008 1712 tolerasse.
3042 1655 3190 1711 Nam
3222 1654 3485 1727 quandiu
3516 1659 3655 1711 Are-

1997 1743 2183 1799 thusii
2216 1744 2563 1816 gravissima
2608 1744 2814 1817 templi
2845 1744 3233 1802 aestimatione
3272 1744 3443 1813 facta,
3476 1748 3658 1800 totam

2000 1832 2127 1888 auri
2150 1849 2443 1890 summam
2474 1835 2814 1905 poscebant,
2836 1837 2939 1890 aut
2966 1833 3164 1906 ipsum
3195 1836 3349 1890 certe
3369 1833 3660 1906 templum

2000 1923 2236 1979 reﬁcere
2258 1923 2568 1995 jubebant,
2602 1923 2785 1981 videri
2818 1927 3043 1996 poterat
3090 1923 3188 1980 ille
3218 1923 3436 1980 idcirco
3466 1924 3662 1996 potius

2000 2012 2308 2081 obsistere,
2359 2014 2515 2085 quod
2557 2014 2733 2085 jussa
2773 2013 3012 2085 exsequi
3062 2030 3178 2070 non
3226 2017 3448 2086 posset,
3481 2029 3661 2085 quam

240 2102 319 2157 ἀεί
363 2125 412 2157 τι
459 2111 559 2174 τῆς
608 2103 1022 2176 ἀποτιμήσεως,
1068 2099 1379 2155 τελευταῖον
1432 2099 1508 2154 εἰς
1558 2103 1719 2155 τοῦτο
1767 2120 1891 2154 κατ-

2019 2102 2152 2173 ιυοᾶ
2185 2102 2421 2175 pietatis
2451 2104 2647 2161 studio
2678 2104 3011 2160 duceretur.
3043 2103 3429 2175 Posteaquam
3463 2107 3662 2159 autem

241 2191 474 2267 ἑστησιν,
525 2194 602 2256 ὡς
648 2189 859 2266 κομιδῆ
916 2192 1107 2268 μικρὸν
1156 2190 1383 2245 εἶναιτὸ
1429 2189 1770 2263 αἰτούμενον,
1802 2190 1893 2245 καὶ

2019 2191 2317 2248 .olerantia
2372 2208 2480 2249 sua
2535 2209 2635 2248 eos
2688 2191 2975 2264 paulatim
3032 2191 3302 2259 vincens,
3360 2195 3540 2263 atque
3593 2207 3662 2248 ex

239 2278 359 2334 ὅσον
394 2280 584 2357 ῥᾷστον
635 2274 987 2336 καταϐαλεῖν·
1039 2278 1129 2333 καὶ
1180 2275 1297 2340 ἷ¹σος
1344 2277 1493 2354 ἀγὼν
1542 2278 1608 2347 ἧν
1648 2283 1765 2340 τοῖς
1799 2280 1891 2352 μὲν

238 2376 447 2439 νικῆσαι
491 2376 570 2443 τῷ
597 2370 685 2425 καθ
737 2371 919 2425 ὁτιοῦν
953 2362 1279 2442 λαϐεῖν,
1322 2372 1400 2439 τῷ
1448 2366 1505 2423 δὲ
1559 2369 1635 2441 μή
1686 2388 1895 2444 κρατη-

246 2464 505 2531 θῆναιτῷ
546 2457 687 2534 μηδὲ
729 2458 876 2521 ὅλως
928 2452 1278 2526 καταϐαλεῖν,
1309 2455 1488 2512 καίτοι
1540 2454 1768 2512 πολλῶν
1802 2455 1891 2511 ὄν-

245 2568 351 2602 των
406 2553 512 2605 τῶν
564 2551 653 2605 καὶ
704 2548 895 2605 πλεῖον
927 2548 1288 2626 συνεισφέρειν
1333 2546 1797 2621 προθυμουμένων
1833 2547 1893 2602 οὐ

251 2636 411 2709 μόνον
445 2635 530 2693 διὰ
556 2640 653 2709 τὴν
687 2634 978 2708 εὐσέϐειαν,
1026 2635 1174 2692 ἀλλὰ
1218 2636 1306 2691 καὶ
1340 2633 1429 2691 διὰ
1473 2638 1535 2691 τὸ
1575 2641 1673 2692 τοῦ
1704 2634 1895 2713 ἀνδρὸς

243 2725 521 2784 ἀνάλωτον
551 2729 639 2785 καὶ
672 2731 967 2801 ἀήττητονο
1006 2731 1304 2797 τηνικαῦτα
1350 2724 1570 2802 ἐδείχθη
1606 2732 1786 2805 σαφῶς
1818 2729 1895 2800 (4)

242 2816 304 2871 οὐ
335 2819 458 2891 περὶ
487 2819 816 2896 χρημάτων,
850 2816 998 2874 ἀλλὰ
1024 2818 1149 2893 περί
1180 2820 1277 2873 τοῦ
1309 2812 1562 2880 εὐσεϐοῦς
1592 2819 1682 2873 τὸν
1717 2817 1898 2893 ἀγῶνα

240 2906 544 2980 τιθέμενος.

2005 2282 2395 2339 aestimatione
2426 2281 2650 2354 aliquid
2681 2298 2916 2354 semper
2962 2281 3295 2353 detrahens,
3329 2297 3396 2338 eo
3426 2283 3665 2338 tandem

2005 2387 2127 2426 rem
2159 2371 2423 2439 adduxit,
2456 2376 2522 2427 ut
2570 2387 2856 2443 perquam
2889 2371 3165 2444 exiguum
3197 2371 3258 2427 id
3301 2375 3477 2440 esset,
3505 2372 3666 2457 quod

2005 2460 2077 2515 ab
2107 2476 2173 2516 eo
2204 2460 2638 2532 postulabatur,
2669 2478 2736 2517 ac
2764 2460 3094 2533 persolvere
3122 2461 3401 2519 facillime
3429 2464 3665 2535 posset;

2007 2550 2248 2621 parique
2298 2550 2618 2607 certamine
2664 2550 2820 2606 inter
2865 2566 2931 2608 se
2978 2551 3416 2619 contenderent,
3463 2550 3571 2619 illi,
3604 2554 3670 2607 ut

2004 2640 2321 2709 vincerent,
2354 2639 2469 2707 hic,
2503 2656 2577 2696 ne
2623 2640 2993 2710 vinceretur;
3028 2640 3138 2697 hoc
3168 2644 3278 2711 est,
3310 2640 3418 2713 illi,
3464 2645 3530 2697 ut
3574 2638 3666 2697 vel

2005 2728 2305 2785 tantillum
2339 2730 2599 2801 pecuniae
2633 2730 2984 2803 acciperent,
3014 2729 3111 2786 hic
3141 2747 3213 2787 ne
3254 2729 3393 2803 quid
3425 2729 3668 2787 omnino

2009 2822 2362 2887 numeraret,
2397 2819 2666 2892 quamvis
2698 2819 2920 2891 alioqui
2951 2819 3122 2876 multi
3151 2824 3371 2890 essent,
3391 2820 3513 2893 qui,
3540 2837 3670 2893 par-

2009 2910 2115 2964 tim
2160 2908 2373 2981 pietate
2421 2909 2680 2981 adducti,
2733 2911 2883 2968 I25
2939 2909 3154 2983 partim
3209 2910 3426 2967 invicta
3472 2914 3530 2967 et
3577 2909 3667 2965 in-

249 2998 625 3068 eXpugnabili
652 2999 781 3068 ejus
813 2997 1154 3054 fortitudine
1184 2996 1484 3066 commoti,
1519 2996 1863 3070 ampliorem
1896 2998 2074 3055 etiam
2124 3015 2424 3055 summam
2457 3015 2697 3073 erogare
2745 3004 3057 3072 pararent;
3090 3004 3219 3057 tum
3265 3017 3400 3058 vero
3448 2999 3672 3073 liquide

253 3081 617 3140 declaratum
647 3089 755 3153 est,
789 3101 926 3140 eum
958 3101 1072 3140 non
1099 3102 1199 3156 pro
1228 3086 1514 3158 pecuniis,
1549 3087 1649 3141 sed
1682 3103 1784 3158 pro
1815 3086 2028 3158 pietate
2059 3090 2352 3142 certamen
2384 3087 2606 3144 iniisse.

326 3171 439 3248 ιιΑ’.
473 3172 592 3249 ’Ἆρ’
644 3170 735 3227 οὗν
797 3170 1086 3234 ἐπιεικείας
1136 3177 1302 3228 ταῦτα
1357 3175 1447 3229 καὶ
1505 3173 1852 3251 ἡμερότητος
1889 3218 1903 3245 ,

250 3261 286 3331 ἢ
338 3260 649 3318 τούναντίον
696 3263 924 3339 θράσους
969 3261 1059 3317 καὶ
1103 3262 1492 3339 ἀπανθρωπίας
1543 3262 1653 3319 ἐστὶ
1703 3262 1907 3341 γνωρί-

246 3372 447 3425 σματα,
513 3350 817 3429 λεγέτωσαν
881 3354 1009 3425 ἡμῖν
1072 3354 1122 3406 0i
1163 3352 1255 3407 τὸν
1317 3351 1616 3432 φιλόσοφον
1679 3351 1906 3429 βασιλέα

2084 3176 2218 3231 XCI.
2269 3178 2357 3232 An
2410 3194 2546 3233 vero
2599 3177 2722 3233 haec
2772 3176 3030 3235 lenitatis
3080 3183 3138 3235 et
3176 3177 3675 3250 mansuetudinis,

2013 3271 2114 3322 aut
2144 3270 2349 3322 contra
2397 3266 2611 3323 furoris
2642 3271 2699 3323 et
2746 3267 3111 3325 crudelitatis
3157 3274 3508 3342 argumenta
3538 3268 3678 3336 sint,

2015 3356 2184 3412 nobis
2215 3356 2387 3411 velim
2420 3360 2736 3429 exponant,
2772 3357 2873 3430 qui
2906 3357 3325 3431 philosophum
3357 3361 3681 3431 imperato-

248 3446 637 3517 θαυμάζοντες.
688 3442 830 3518 Ἐγὼ
890 3442 985 3516 μὶν
1038 3440 1227 3497 οὑδὲνα
1255 3447 1363 3498 τῶν
1413 3442 1623 3498 πάντων
1679 3443 1896 3518 ἀπορεῖν

2019 3462 2137 3502 rem
2171 3446 2562 3503 admirantur.
2596 3447 2715 3519 Ego
2749 3446 2987 3519 quidem
3037 3453 3189 3506 certe
3220 3450 3517 3505 neminem
3559 3448 3681 3504 fore

245 3534 405 3607 οἶμαι
452 3539 554 3603 τῆς
606 3534 684 3606 (5)
735 3529 946 3595 δικαίας
999 3531 1089 3586 καὶ
1140 3531 1381 3602 ἀληθοῦς
1436 3532 1904 3609 ἀποκρίσεως

242 3628 283 3677 Κ
326 3622 339 3641 ⁸
435 3622 465 3678 ὅ
796 3622 852 3676 ἐθ
908 3643 919 3655 ·
1056 3620 1085 3675 ὅ
1214 3626 1267 3660 “·
1516 3623 1542 3676 ό
1858 3621 1894 3658 “·

288 3643 341 3677 αι
402 3644 430 3677 0
468 3644 560 3677 πω
616 3641 791 3698 προστ
859 3642 996 3692 ειιια,
1087 3642 1139 3675 τι
1177 3643 1284 3676 των
1336 3643 1513 3677 σεσωκ
1546 3643 1654 3677 των
1703 3625 1780 3695 (7)
1818 3643 1909 3677 τοι

239 3710 542 3789 ἐξάγιστον,
574 3709 736 3781 ἡνίκα
783 3711 851 3779 τὰ
893 3710 1046 3787 γένος
1096 3710 1244 3784 αὐτῷ
1295 3717 1397 3767 πᾶν
1450 3708 1763 3782 ἐκινδύνευε,
1814 3711 1903 3765 καὶ

242 3798 331 3855 διὰ
379 3800 607 3870 κλοπῆς
659 3799 1123 3877 ὑπεξαγαγόντων,
1178 3802 1252 3863 εἷς
1304 3800 1462 3863 οὗτος
1512 3804 1600 3869 ἦν’
1660 3800 1791 3875 ὑπὲρ
1843 3800 1904 3855 οὗ

235 3892 383 3968 τάχα
416 3887 597 3967 μόνου
631 3888 855 3953 δικαίως
902 3894 1071 3946 ταῦτα
1121 3888 1345 3969 ἔπασχε,
1377 3891 1467 3946 καὶ
1518 3890 1692 3946 πλείω
1736 3910 1907 3964 προσ-

235 3986 429 4045 παθεῖν
464 3980 623 4052 ἄξιος
653 3983 741 4052 ἦν,
776 3980 858 4036 ὅτι
890 3981 1054 4037 κακὸν
1086 3984 1313 4036 τοσοῦτο
1343 3984 1412 4056 τῇ
1446 3980 1739 4055 οἰκουμένῃ
1767 3981 1910 4054 πάσῃ

237 4071 428 4139 σώζων
498 4067 774 4135 ἐλάνθανε.
828 4070 968 4125 Φασί
1011 4090 1098 4125 τοι
1150 4067 1240 4125 διὰ
1283 4075 1452 4126 ταῦτα
1500 4071 1590 4126 καὶ
1626 4070 1717 4126 τὸν
1757 4090 1911 4141 τηνιο

238 4163 411 4215 καῦτα
484 4158 731 4235 ὕπαρχον
794 4162 872 4235 (8)
925 4157 1195 4236 (γενέσθαι
1250 4161 1355 4237 γὰρ
1432 4158 1597 4238 ἄνδρα
1663 4158 1914 4231 ’Ἕλληνα

242 4250 338 4325 μὲν
370 4251 485 4321 τήν
520 4248 835 4324 θρησκείαν,
865 4251 956 4306 τὸν
1001 4250 1203 4324 τρόπον
1255 4248 1312 4306 δὶ
1356 4250 1489 4327 ὑπὲρ
1520 4249 1791 4321 Ἕλληνα,
1825 4248 1913 4305 καὶ

237 4343 374 4397 κατὰ
402 4338 545 4402 τοὺς
572 4339 828 4414 ἀρίστους
859 4343 965 4395 τῶν
994 4338 1164 4396 πάλαι
1195 4339 1284 4395 καὶ
1326 4345 1413 4396 νῦν
1467 4339 1916 4415 ἐπαινουμένων),

237 4430 420 4488 ἐκεῖνο
483 4430 623 4505 πρὸς
669 4430 762 4489 τὸν
819 4427 1045 4505 βασιλὲα
1090 4431 1226 4505 μετά
1271 4429 1581 4507 παρρησίας
1633 4430 1820 4501 εἰπεῖν,
1856 4427 1917 4485 οὐ

241 4521 489 4600 φίροντοι
515 4520 581 4574 τὸ
612 4515 900 4582 πολυειδὲς
946 4525 1047 4589 τῆς
1089 4523 1187 4574 τοῦ
1217 4518 1413 4597 ἀνδρὸς
1464 4520 1642 4584 αἰκίας
1674 4520 1764 4575 καὶ
1794 4539 1920 4597 καρ·

237 4610 447 4688 τερίας.
520 4606 635 4663 Οὐκ
694 4606 1081 4684 αἰσχυνόμεθα,
1147 4607 1402 4685 βασιλεῦ,
1462 4609 1609 4687 παρά
1662 4613 1918 4664 τοσοῦτον

2018 3535 2309 3603 existimo,
2345 3536 2437 3590 cui
2476 3536 2642 3606 justa
2671 3541 2729 3591 et
2753 3553 2889 3592 vera
2939 3537 3244 3609 responsio
3275 3539 3546 3593 defutura
3576 3537 3674 3593 sit.

2019 3624 2281 3679 Necdum
2316 3623 2461 3679 illud
2494 3624 2706 3695 adjeci,
2737 3624 2897 3681 hunc
2926 3642 2995 3681 ex
3025 3625 3098 3681 iis
3129 3642 3315 3682 unum
3348 3626 3551 3692 fuisse,
3574 3626 3674 3698 qui

2014 3712 2364 3768 sceleratum
2396 3712 2565 3767 illum
2597 3716 2654 3768 et
2682 3715 3127 3787 exsecrandum,
3149 3718 3300 3787 tum,
3321 3732 3456 3772 cum
3487 3730 3674 3788 genus

2019 3802 2207 3874 ipsius
2258 3806 2449 3858 totum
2498 3801 2943 3874 periclitaretur,
2993 3808 3315 3878 servarant,
3352 3804 3676 3877 furtimque

2018 3892 2418 3949 subduxerant
2452 3908 2463 3948 :
2498 3907 2614 3962 quo
2662 3891 2837 3949 etiam
2868 3893 2992 3949 solo
3025 3895 3262 3952 nomine
3314 3896 3524 3952 merito
3556 3895 3676 3951 for-

2022 3985 2176 4037 tasse
2208 3981 2327 4035 haec
2358 3980 2815 4052 perpetiebatur,
2849 3999 2916 4039 ac
2946 3982 3117 4055 plura
3157 3986 3380 4057 perpeti
3413 3985 3675 4041 mereba-

2020 4076 2136 4138 tur,
2171 4070 2327 4141 quod
2360 4073 2590 4126 tantum
2636 4070 2861 4127 malum
2906 4072 3179 4129 universo
3211 4077 3501 4130 terrarum
3552 4073 3679 4129 orbi

2024 4160 2371 4231 imprudens
2403 4163 2683 4216 servarat.
2705 4161 2790 4217 Ob
2823 4161 2881 4217 id
2914 4163 3351 4236 enimvero,qui
3374 4168 3503 4221 tum
3536 4181 3681 4237 prae.

2025 4251 2158 4307 fecti
2219 4265 2461 4305 munere
2518 4250 2875 4323 fungebatur
2931 4252 3291 4327 (quanquam
3343 4254 3501 4311 enim
3550 4252 3684 4310 reli-

2027 4342 2200 4414 gione
2249 4339 2509 4413 gentilis,
2556 4341 2821 4398 moribus
2875 4346 3070 4399 tamen
3124 4343 3328 4418 gentili
3376 4343 3689 4402 sublimior

2028 4435 2173 4497 erat,
2229 4447 2294 4487 ac
2343 4429 2811 4503 praeclarissimis
2864 4432 3197 4505 quibusque
3244 4438 3302 4492 et
3347 4432 3686 4491 laudatissi-

2031 4520 2166 4589 mis,
2198 4523 2320 4576 tam
2350 4520 2560 4577 veteris
2592 4537 2773 4592 quam
2797 4526 3010 4579 nostrae
3042 4524 3334 4580 memoriae
3352 4524 3494 4581 viris
3523 4540 3690 4580 com-

2031 4608 2769 4683 parandus),multiplicem
2800 4610 3058 4668 hominis
3088 4613 3334 4684 hujusce
3365 4612 3688 4671 cruciatum

242 4700 572 4775 ἡττώμενοι
632 4699 710 4772 (9)
768 4696 983 4755 πάντων
1044 4699 1423 4772 Χριστῖανῶν,
1484 4699 1559 4761 ὡς
1613 4696 1753 4773 μηδὲ
1810 4700 1896 4772 (10

2034 4715 2099 4755 ac
2128 4697 2501 4755 tolerantiam
2552 4715 2666 4755 non
2698 4698 2914 4769 ferens,
2946 4700 3093 4757 illud
3144 4704 3216 4758 ad
3270 4703 3688 4775 imperatorem

320 4806 593 4883 (98)]Ἰνα
614 4809 877 4882 χρυσοῦν.
912 4807 1116 4864 Plures
1149 4807 1401 4877 codices,
1433 4810 1492 4865 et
1520 4806 1687 4863 Herv.
1715 4802 1807 4859 'iva
1841 4826 1896 4878 μι

2033 4806 2533 4883 versionumquae
2558 4806 2628 4861 ad
2654 4822 2814 4883 oram
2838 4806 3138 4883 Heinsiani
3161 4810 3377 4866 codicis
3392 4809 3690 4883 leguntur.

248 4896 839 5093 “iﬁﬁnmpzépa.
873 4950 1007 5024 Alii,
1042 4947 1339 5035 ἐκαρτέρει.

359 5026 417 5092 1)
446 5020 619 5093 Νεών.
655 5023 835 5093 Regg.
868 5024 989 5093 bm,
1021 5022 1061 5093 l,
1095 5029 1153 5079 et
1182 5023 1314 5081 ΒιΙΙ.

359 5020 619 5096 ω’ζζεών.
646 5020 835 5096 'Re'gg.
868 5020 1000 5096 bm,
1021 5022 1061 5093 Ι,
1095 5020 1153 5079 et
1182 5020 1314 5081 ΒίΙΙ.
1347 5020 1497 5081 ναόν.

334 5091 411 5169 (2)
443 5091 593 5169 Κατὰ
627 5091 844 5169 amp—69.
898 5091 1053 5168 Reg.
1098 5095 1201 5165 hu,
1261 5095 1423 5153 Colb.
1483 5114 1537 5167 a,
1569 5096 1622 5166 2,
1658 5098 1715 5150 et
1763 5091 1925 5151 Pass.

257 5164 400 5220 κατᾶ
438 5165 623 5238 μέρος.

332 5238 415 5309 (3)
562 5235 655 5309 καὶ
686 5235 887 5290 ὁτιοῦν.
923 5239 1054 5293 Sav.
1086 5241 1166 5309 τῷ
1196 5237 1399 5309 ὁτιοῦν.

361 5306 405 5363 4’
452 5306 706 5383 Ἐ’δείχθη
740 5313 945 5384 σαφῶς.
982 5310 1112 5365 SaV'
1140 5306 1236 5385 γρ.
1278 5306 1583 5382 διεδείχθη.

336 5311 433 5505 i5;
461 5376 629 5454 Οἶμαι
658 5385 782 5448 τῆς.
834 5381 1203 5438 Subauditur
1238 5379 1385 5457 περί,
1436 5382 1548 5450 vel,

336 5467 390 5505 ιο
463 5454 811 5505 observatur
841 5454 913 5505 ad
946 5469 1110 5505 oram
1145 5454 1283 5505 Reg.
1319 5453 1447 5505 cod.
1480 5470 1541 5505 ιι.

266 5453 433 5527 quod
459 5454 811 5527 observatur
841 5454 913 5527 ad
946 5469 1111 5509 oram
1145 5454 1283 5527 Reg.
1311 5453 1447 5511 cod.
1480 5470 1541 5510 u.

345 5520 429 5595 (6)
459 5521 668 5598 Ἀποπρ
696 5544 852 5598 eam.
886 5526 1019 5582 Sav.
1054 5519 1309 5583 additvin
1368 5541 1564 5598 marg._
1604 5519 1789 5598 μηδὲνΔ
1809 5538 1937 5598 μετ-

263 5590 419 5650 εῖναι
456 5590 888 5673 φιλανθρωπίας,
922 5620 951 5649 ι(
996 5598 1191 5655 omnis
1221 5590 1533 5673 eXpertem'
1550 5590 1940 5673 humanitatis

262 5681 432 5745 esse.
464 5669 508 5745 Si,
551 5669 715 5736 Quod
759 5676 1095 5745 agnoscunt
1137 5669 1409 5730 nonnulli
1464 5669 1715 5739 codices,
1750 5669 1939 5737 Pass.,

258 5737 458 5800 Coisl.
488 5744 545 5810 2,
576 5747 686 5801 etc.

340 5812 425 5894 (7)
484 5814 603 5871 Ὅτι
660 5817 767 5873 τῶν
826 5809 1169 5889 σεσωκότων,
1216 5819 1327 5875 etc.
1389 5816 1609 5872 Auctor
1645 5811 1941 5871 variarum

461 5376 637 5457 οιμάῑ
658 5376 782 5457 τῆς.
820 5376 1203 5457 'Subauditu'r
1238 5376 1557 5457 mam,
1606 5376 1759 5435 ἕνεκα
1808 5380 1933 5450 τῆς,

2034 4879 2132 4954 hic
2160 4878 2509 4954 seAnglum
2537 4878 2756 4954 prodit,
2789 4882 2848 4934 et
2877 4881 3223 4954 reformatae,
3274 4886 3338 4938 ut
3368 4878 3556 4953 aiu'nt,
3611 4897 3697 4937 re-

2035 4949 2238 5023 ligioni
2274 4949 2487 5007 nomen
2519 4949 2789 5020 dedisse;
2824 4952 2926 5023 qui
2976 4953 3169 5010 Marco
3204 4949 3695 5011 'Julianum'ser-

2034 5022 2227 5098 venti,
2252 5026 2632 5098 Cramnerum
2664 5022 3118 5082 suum’Mariam
3150 5027 3413 5098 reginam
3456 5042 3695 5083 servan-

2038 5099 2181 5167 tem,
2214 5093 2309 5149 his
2336 5096 2531 5151 verbis
2560 5099 2895 5167 comparat:
2933 5118 2962 5147 ‹‹
2993 5098 3085 5152 Sic
3118 5093 3469 5155 Cra'mnerus
3498 5102 3701 5154 noster

2039 5166 2307 5241 Mariam,
2340 5168 2603 5241 reginam
2634 5166 2836 5241 postea
2865 5169 3106 5240 Anglice,
3142 5186 3351 5241 magno
3392 5175 3449 5225 et
3504 5187 3611 5226 suo
3642 5175 3700 5224 et

2041 5238 2292 5364 alioiium
2325 5238 2500 5309 malo,
2534 5240 2605 5295 ab
2634 5238 2990 5296 imminente
3020 5238 3537 5314 capitis'periculo
3581 5258 3701 5300 ser-

2041 5326 2169 5364 vavx
2203 5352 2215 5363 .
2254 5330 2276 5357 ι

2041 5326 2215 5365 vavu.
2254 5330 2276 5357 1

2115 5381 2193 5464 (8)
2224 5377 2524 5464 Ὕπαρχον.
2554 5380 2685 5464 _Bill.
2721 5400 2751 5464 ε
2781 5381 3161 5464 Hyparchum
3186 5406 3214 5436 »
3244 5385 3436 5464 vertit,
3466 5385 3706 5464 Combe-

2045 5453 2180 5530 fisio
2222 5468 2337 5530 non
2384 5453 2591 5523 placet.
2626 5454 2689 5509 In
2718 5453 2944 5512 Sonm.
2978 5456 3264 5530 redditur,
3329 5479 3357 5509 «
3392 5453 3705 5515 Praefectus

2046 5523 2321 5598 praetorii
2360 5546 2388 5598 η

2139 5596 2194 5669 9)
2219 5595 2574 5668 Ἠττώμενοι.
2601 5595 2768 5657 Pass.
2808 5596 3137 5669 ἡττημένοι.

2119 5600 2234 5740 (10)
2262 5669 2349 5740 Ὠς
2382 5663 2543 5740 μηδὲ.
2603 5669 2697 5727 Sic
2754 5673 3007 5740 quatuor
3056 5673 3137 5731 Re

2145 5663 2234 5742 10)
2262 5663 2543 5753 Ὠκςιμηδὲ.
2603 5669 2697 5727 Sic
2754 5663 3007 5743 quatuor
3056 5673 3238 5747 Regg.
3286 5676 3345 5732 et
3371 5677 3543 5749 Sam;
3576 5670 3706 5753 Par,

2051 5735 2190 5797 ὥστε
2216 5735 2384 5816 ’μηδέέ
