4028 6422
217 466 338 528 625

1225 459 1523 521 ORATIO
1569 460 1670 521 IV.
1702 459 2119 520 —CONTRA
2166 456 2567 518 JULIANUM
2614 455 2663 515 Ι.

3548 456 3668 516 626

218 598 384 657 τοῦτό
426 619 489 675 γε
536 598 713 651 ποιῶν
769 592 1010 670 μέτριον·
1068 590 1236 661 δῆλον
1286 595 1402 664 (23)
1445 590 1501 647 δὲ
1533 597 1609 663 τῷ
1638 591 1888 667 κρύπτειν

2010 591 2208 647 culum
2266 590 2645 645 vocabantur.
2693 588 3103 644 Condonemus
3160 587 3295 659 ista,
3351 590 3399 644 si
3453 590 3664 663 placet.

224 690 557 766 ἐπιχειρεῖν,
609 685 687 747 ὡς
739 683 839 739 οὐκ
889 683 1153 759 εὐπρεπὲς
1204 684 1260 737 ὃν
1294 684 1355 737 τὸ
1406 683 1531 757 ἄγος
1575 679 1895 754 δημοσιεύε-

226 783 368 836 σθαι·
432 778 498 832 τὰ
560 776 656 850 μὲν
714 774 816 851 γὰρ
875 771 1184 848 Καισαρέων
1259 771 1370 846 (24)
1427 776 1534 825 τῶν
1593 770 1895 846 ἡμετέρων,

221 869 437 926 τούτων
499 864 557 921 δὲ
614 869 723 919 τῶν
776 863 1138 940 μεγαλοφυῶν
1195 862 1284 916 καὶ
1342 863 1555 934 θερμῶν
1616 860 1694 921 εἰς
1749 859 1895 913 εὐσέ-

227 954 407 1029 ϐειαν,
440 954 614 1017 οὕτως
669 954 758 1009 ὑπ’
791 952 955 1008 αὐτοῦ
994 950 1480 1027 περιεληλαμένων
1512 950 1600 1005 καὶ
1636 946 1892 1024 ὑϐρισμέ-

228 1070 362 1119 νων,
416 1044 546 1107 ἴσως
608 1040 764 1098 οὐδὲν
1003 1039 1281 1109 ὀνειδίζειν
1343 1042 1507 1111 ἄξιοψ
1568 1037 1742 1095 ἐδόκει
1793 1040 1893 1115 γὰρ

234 1138 367 1212 ὑπὲρ
424 1138 519 1204 τῆς
578 1132 757 1208 τύχης
816 1130 1042 1193 ἐνδίκως
1102 1132 1417 1204 ἀγανακτῶν
1480 1130 1531 1185 ἐν
1579 1134 1753 1207 καιρῷ
1793 1136 1892 1198 τῆς

230 1225 489 1299 εὐτυχίας
538 1225 653 1297 (26)
705 1218 1087 1297 ἀτυχησάσης,
1140 1220 1227 1273 ἐπὶ
1276 1220 1476 1290 ταύτην
1524 1217 1893 1296 προεληλυθέ-

226 1337 317 1370 ναι
344 1316 445 1383 τήν
497 1309 787 1367 ἀντίδοσιν·
846 1307 1033 1379 ἐπειδὴ
1087 1307 1170 1364 δεῖ
1219 1331 1271 1365 τι
1320 1309 1408 1364 καὶ
1462 1314 1767 1385 συγχωρεῖν
1800 1307 1889 1363 καὶ

229 1402 420 1474 ἀδικίᾳ
447 1399 870 1475 κατακρατούσῃ.

2010 685 2208 752 utpote
2242 696 2493 751 quorum
2528 679 2721 751 ipsum
2755 678 2929 733 etiam
2978 677 3322 750 pudebat,in
3354 677 3463 735 hoc
3514 683 3668 735 certe

2009 771 2399 826 moderatum.
2421 769 2478 823 Id
2512 768 2669 823 enim
2692 768 2829 824 hinc
2861 766 3083 839 liquido
3106 770 3358 839 constat,
3380 769 3533 840 quod
3555 769 3667 825 hoc

2008 860 2219 927 scelus,
2257 863 2314 913 ut
2364 858 2743 915 inhonestum
2774 875 2841 914 ac
2889 862 3083 929 turpe,
3116 856 3477 929 omninoque
3513 857 3667 913 indi-

2004 967 2189 1023 gnum
2226 950 2380 1021 quod
2432 948 2824 1021 evulgaretur,
2858 963 3123 1020 premere
3153 950 3328 1019 atque
3375 946 3668 1002 occultare

2005 1040 2325 1112 satagebat.
2362 1039 2507 1095 Nam
2543 1056 2670 1111 quae
2701 1038 2761 1093 in
2791 1038 3181 1094 Caesarienses
3212 1039 3448 1093 nostros
3480 1037 3668 1092 admi-

2005 1130 2100 1201 sit,
2134 1130 2262 1195 hos,
2296 1128 2564 1201 inquam,
2596 1127 2779 1182 animi
2831 1127 3237 1200 magnitudine
3268 1125 3567 1199 prmditos,
3602 1144 3667 1183 ac

2002 1218 2235 1291 pietatis
2270 1219 2465 1274 studio
2516 1218 2823 1285 ferventes,
2859 1217 2940 1272 ita
2985 1216 3058 1271 ab
3100 1232 3167 1271 eo
3221 1214 3565 1287 exagitatos,
3600 1232 3667 1271 ac

2001 1325 2106 1381 per
2135 1308 2551 1364 contumeliam
2584 1310 2841 1377 vexatos,
2877 1306 3127 1363 fortasse
3154 1321 3226 1361 ne
3255 1304 3508 1376 objicere
3536 1304 3666 1376 qui-

2002 1400 2135 1454 dem
2170 1415 2403 1470 aequum
2436 1398 2630 1454 fuerit.
2664 1397 2893 1453 Etenim
2924 1397 2997 1453 ob
3029 1397 3371 1465 Fortunam,
3402 1395 3665 1450 fortuna-

234 1492 372 1549 tiori
404 1497 663 1563 tempore
692 1489 1011 1545 infortunio
1042 1490 1332 1555 affectam,
1353 1490 1515 1560 justa
1548 1488 1948 1561 indignatione
1981 1492 2336 1553 commotus,
2368 1488 2441 1543 ad
2476 1487 2626 1542 hanc
2659 1486 2943 1542 ultionem
2975 1500 3323 1558 progressus
3352 1498 3482 1540 esse
3509 1482 3667 1539 vide.

235 1585 415 1640 batur
450 1599 463 1638 :
499 1579 972 1653 quandoquidem
1005 1578 1310 1650 injustitiae
1343 1578 1668 1634 dominanti
1701 1578 1969 1633 nonnihil
2005 1578 2447 1633 concedendum
2479 1581 2585 1631 est.

308 1672 415 1746 ill".
452 1667 628 1725 Ἀλλὰ
659 1668 741 1729 τίς
791 1666 890 1722 ούκ
940 1664 1105 1735 οἶδεν,
1156 1667 1253 1739 ὡς,
1288 1664 1472 1739 δήμου
1503 1666 1645 1728 τινὸς
1694 1665 1891 1738 ἐπιμα-

230 1759 413 1822 νέντος
472 1761 819 1834 Χριστιανοῖς
856 1803 869 1826 ,
927 1756 1017 1811 καὶ
1094 1754 1266 1810 πολὺν
1347 1757 1441 1829 μὲν
1512 1754 1892 1832 ἐργασαμένων

231 1849 417 1927 φόνον,
452 1845 633 1903 πλείω
683 1844 741 1901 δὲ
790 1844 1186 1915 ἀπειλούντων,
1220 1842 1408 1915 ἐπειδὴ
1446 1845 1614 1918 μέσην
1658 1842 1890 1921 βαδίζων

232 1940 261 1993 ὁ
293 1936 390 1992 τοῦ
422 1935 609 2001 ἔθνους
661 1933 850 2011 ἄρχων
900 1940 997 1989 τοῦ
1047 1940 1238 2011 καιροῦ
1286 1936 1375 1989 καὶ
1422 1940 1528 1989 τῶν
1578 1934 1761 2007 νόμων
1796 1937 1895 2006 (τῴ

2078 1667 2269 1721 XCIII.
2304 1670 2377 1719 At
2405 1682 2539 1721 vero
2572 1666 2705 1738 quis
2734 1668 2823 1721 est
2857 1664 3114 1731 nescius,
3147 1679 3280 1719 cum
3330 1662 3666 1736 promiscua

2006 1756 2171 1829 plebs
2203 1756 2462 1812 furenter
2492 1756 2551 1810 in
2580 1754 2947 1811 Christianos
2976 1753 3265 1827 impetum
3296 1752 3554 1819 fecisset,
3585 1754 3668 1807 st-

2005 1863 2119 1918 qus
2150 1846 2370 1918 ingenti
2402 1846 2559 1901 caede
2588 1848 2938 1917 perpetrata,
2956 1844 3126 1917 plura
3146 1843 3325 1900 etiam
3348 1840 3666 1898 commina-

2003 1941 2183 2007 retur,
2216 1936 2405 2008 genlis
2438 1935 2798 2006 praefectum,
2832 1934 3114 2006 quoniam
3146 1932 3340 1989 media
3369 1931 3464 1988 via
3510 1931 3667 1986 inter

236 2029 333 2102 μὶν
374 2028 474 2104 γὰρ
506 2025 783 2081 δουλεύειν
830 2022 968 2098 ᾤετο
1020 2022 1155 2095 δεῖν,
1199 2024 1327 2087 τοὺς
1361 2023 1417 2079 δὲ
1452 2025 1683 2100 μετρίως
1713 2024 1888 2100 ᾐσχύ-

2010 2028 2239 2097 tempus
2269 2033 2318 2081 el
2373 2025 2529 2098 leges
2578 2024 2855 2080 incedens
2888 2024 2978 2095 (ut
3025 2023 3182 2079 enim
3234 2020 3485 2094 tempori
3539 2036 3659 2077 ser-

229 2120 392 2190 νετο),
426 2115 515 2171 καὶ
547 2115 635 2170 διὰ
657 2119 820 2169 τοῦτο
856 2111 1104 2176 πολλοὺς
1139 2114 1233 2188 μὲν
1263 2114 1554 2191 ἀπαγαγὼν
1603 2116 1715 2188 (27)
1756 2121 1883 2190 Χρι-

228 2211 481 2275 στιανῶν,
527 2203 746 2280 ἀλίγοις
794 2201 851 2258 δὲ
896 2208 1004 2259 τῶν
1058 2203 1339 2274 Ἑλλήνων
1393 2205 1743 2278 ἐπιτιμήσας,
1790 2205 1885 2257 εἴτ’

231 2295 488 2371 ἀναχθεὶς
540 2297 660 2368 (28)
716 2296 794 2366 τῷ
856 2291 1110 2369 βασιλεῖ,
1172 2294 1505 2371 κατηγορίας
1564 2293 1885 2369 γενομένης,

232 2387 428 2457 ἄτιμος
474 2385 567 2439 καὶ
617 2383 959 2460 ἀνάρπαστος
1014 2386 1127 2457 (29)
1177 2384 1300 2460 περί
1347 2384 1554 2439 τούτων
1608 2382 1882 2459 ἐκρίνετο·

233 2473 326 2527 καὶ
382 2472 509 2534 τοὺς
567 2472 769 2545 νόμους
814 2469 1222 2550 προύϐάλλετο,
1282 2474 1399 2528 καθ’
1450 2474 1542 2535 οὓς
1598 2471 1883 2542 ἐπιστεύθη

239 2560 498 2635 δικάζειν,
535 2568 731 2639 μικροῦ
781 2566 874 2637 μὲν
922 2564 1149 2639 ἀπήχθῃ
1194 2565 1293 2631 τὴν
1345 2562 1431 2617 ἐπὶ
1462 2564 1693 2635 θανάτῳ
1727 2560 1885 2624 τέλος

236 2649 315 2725 δὲ,
367 2650 775 2729 φιλανθρωπίας
825 2654 1027 2729 τυχὼν,
1081 2652 1286 2727 ἐξορίαν
1333 2653 1704 2727 κατακρίνεται
1737 2671 1749 2721 ;
1786 2650 1886 2707 Καὶ

231 2745 267 2810 ἡ
318 2741 581 2819 ἀπόφασις
640 2743 713 2803 ὡς
773 2742 1041 2815 θαυμασία
1095 2763 1154 2796 τε
1209 2741 1296 2796 καὶ
1350 2741 1783 2820 φιλάνθρωποςί
1830 2740 1888 2793 Τί

229 2832 333 2906 γὰρ
369 2832 531 2904 μέγα,
563 2832 726 2909 φησὶν
756 2832 783 2885 ὁ
834 2829 1041 2893 δίκαιος
1098 2829 1373 2901 δικαστὴς,
1424 2832 1513 2886 καὶ
1563 2834 1636 2904 μὴ
1674 2829 1886 2885 διώκων

236 2920 621 2991 Χριστιανοὺς,
682 2920 725 2975 εἲ
782 2920 1107 2983 Γαλιλαίους
1168 2919 1296 2977 δέκα
1354 2922 1449 2997 μία
1506 2925 1629 2997 χεὶρ
1689 2921 1889 2993 Ἑλλη-

236 3008 364 3075 νική
419 3007 851 3083 κατειργάσατο;
901 3014 1073 3063 Ταῦτα
1122 3010 1220 3065 οὐκ
1262 3011 1488 3084 ὠμότης
1544 3014 1885 3089 περιφανής;

228 3100 401 3151 ταῦτα
460 3095 522 3150 ού
582 3096 918 3173 πρόγραμμα
976 3096 1218 3174 διωγμοῦ
1252 3148 1266 3173 ,
1314 3102 1404 3155 καὶ
1462 3102 1607 3156 πολύ
1666 3124 1723 3179 γε
1783 3108 1886 3156 τῶν

230 3183 481 3258 δημοσίᾳ
531 3185 935 3262 προτιθεμένων
1002 3187 1373 3266 ἐναργέστερον
1425 3192 1514 3247 καὶ
1565 3194 1676 3267 (30)
1727 3188 1888 3270 φοϐε-

225 3276 469 3351 ρώτερον
524 3294 537 3344 ;
582 3274 644 3330 Τί
688 3277 791 3352 γὰρ
849 3273 1087 3354 διαφέρει
1141 3284 1237 3334 τοῦ
1284 3277 1527 3335 κίνδυνον
1575 3280 1888 3357 προγράψαι

225 3369 572 3437 Χριστιανοῖς
631 3366 693 3419 τὸ
753 3371 869 3427 τοῖς
914 3363 1171 3430 διώκταις
1227 3371 1561 3445 Χριστιανῶν
1617 3369 1889 3444 ἡδόμενον

226 3455 530 3531 φαίνεσθαι,
578 3456 665 3510 καὶ
719 3455 858 3531 μέγα
907 3455 1161 3533 ἔγκλημα
1216 3465 1485 3524 ποιεῖσθαι
1545 3462 1606 3516 τὸ
1668 3464 1885 3537 μετριά-

226 3550 334 3614 ζειν
377 3545 485 3613 ;τὸ
530 3546 631 3621 γὰρ
686 3544 977 3621 βούλεσθαι
1034 3547 1301 3623 βασιλέως
1346 3547 1586 3629 ἄγραφός
1634 3551 1743 3606 ἐστι
1795 3552 1886 3606 νό-

225 3655 352 3707 μος,
414 3638 491 3705 τῷ
538 3633 720 3708 κράτει
773 3636 1268 3713 συνηγορούμενος,
1332 3640 1421 3693 καὶ
1470 3639 1618 3695 πολὺ
1667 3662 1728 3715 γε
1779 3645 1885 3695 τῶν

219 3726 483 3800 γραπτῶν
537 3722 931 3801 ἰσχυρότερος,
978 3731 1088 3782 τῶν
1135 3728 1196 3782 ού
1248 3725 1529 3802 δυναστείᾳ
1580 3731 1885 3806 βοηθουμέ-

218 3835 346 3869 νων.

1997 2116 2274 2171 viendum
2307 2116 2570 2187 putabat,
2594 2115 2677 2169 ita
2706 2114 2880 2169 etiam
2914 2113 3071 2187 leges
3097 2128 3330 2184 quoque
3360 2111 3513 2167 I27
3537 2124 3659 2165 me-

1996 2206 2271 2261 diocriter
2314 2206 2662 2272 verebatur),
2696 2202 2904 2258 multis
2950 2202 3418 2258 Christianorum
3467 2200 3528 2255 in
3552 2199 3658 2271 ju-

1997 2295 2215 2350 dicium
2249 2294 2452 2366 raptis,
2484 2294 2545 2349 in
2596 2292 2917 2349 nonnullos
2948 2292 3123 2349 etiam
3170 2290 3479 2364 gentilium
3529 2288 3657 2345 ani-

1997 2386 2426 2453 madvertisset,
2481 2387 2608 2438 orta
2650 2387 2847 2455 postea
2902 2382 3294 2450 accusatione,
3346 2384 3417 2437 ad
3466 2382 3658 2455 impe-

1996 2479 2249 2530 ratorem
2280 2475 2523 2529 ductum
2574 2488 2723 2541 esse,
2758 2488 2823 2528 ac
2877 2488 3113 2528 summa
3143 2489 3276 2528 cum
3326 2471 3654 2546 ignominia

1989 2563 2281 2637 judicium
2314 2563 2569 2618 subiisse
2603 2579 2615 2617 :
2651 2578 2900 2633 cumque
2931 2578 2992 2617 se
3022 2561 3271 2635 legibus,
3298 2578 3366 2618 ex
3397 2579 3650 2634 quarum

1998 2653 2334 2727 praescripto
2366 2652 2477 2708 sibi
2499 2651 2805 2723 judicandi
2838 2652 3136 2725 provincia
3179 2651 3495 2708 commissa
3523 2650 3652 2708 fue-

2000 2748 2105 2811 rat,
2140 2747 2421 2810 tueretur,
2461 2741 2601 2797 nihil
2634 2742 2876 2814 propius
2920 2742 3137 2796 factum
3191 2758 3321 2797 esse
3361 2758 3540 2814 quam
3590 2745 3655 2797 ut

2001 2835 2069 2889 ad
2106 2837 2351 2888 mortem
2384 2836 2685 2905 raperetur
2720 2848 2733 2888 :
2768 2832 2837 2887 ad
2872 2835 3197 2886 extremum
3237 2834 3435 2888 autem
3467 2831 3655 2905 impe-

2000 2923 2210 2980 ratoris
2240 2922 2551 2977 clementia
2582 2921 2784 2977 exsilio
2802 2921 3090 2977 duntaxat
3106 2920 3455 2977 mulctatum
3488 2921 3659 2976 esse?

2000 3020 2177 3069 Porro
2210 3030 2388 3085 quam
2438 3011 2715 3084 praeclara
2743 3015 2799 3066 et
2848 3011 3112 3066 humana
3151 3010 3481 3068 sententia!
3515 3012 3662 3082 Quid

1999 3105 2149 3159 enim
2178 3119 2364 3171 grave,
2398 3102 2592 3173 inquit
2613 3101 2817 3172 justus
2838 3101 3043 3172 judex,
3075 3100 3435 3173 minimeque
3463 3101 3661 3158 Chris-

2000 3194 2193 3249 tianos
2251 3208 2631 3265 persequens,
2672 3191 2720 3246 si
2774 3207 2974 3246 manus
3031 3208 3146 3246 una
3200 3192 3424 3263 gentilis
3479 3191 3658 3249 decem

2002 3284 2264 3341 Galilaeos
2324 3283 2601 3349 interfecit
2640 3285 2664 3333 ?
2720 3281 2847 3335 Haec
2905 3296 3037 3336 vero
3096 3297 3289 3336 annon
3348 3282 3662 3355 perspicua

2001 3373 2319 3429 crudelitas
2345 3376 2570 3427 Pannon
2600 3370 3023 3442 persecutionis
3044 3370 3329 3442 edictum,
3346 3374 3403 3427 et
3422 3370 3661 3445 quidem

1999 3463 2071 3518 iis
2104 3480 2230 3535 quae
2266 3462 2495 3534 publice
2542 3465 2972 3534 proponuntur,
3006 3462 3192 3517 multo
3243 3461 3575 3533 expressius
3605 3464 3664 3518 et

2002 3551 2431 3607 formidabilius
2454 3551 2481 3605 ?
2500 3550 2648 3617 Quid
2669 3550 2826 3607 enim
2855 3550 3117 3620 interest,
3151 3550 3480 3623 periculum
3502 3550 3662 3607 Chri-

2000 3642 2209 3698 stianis
2239 3641 2433 3698 cdicas
2455 3645 2633 3712 atque
2651 3640 3091 3713 promulges,an
3113 3644 3169 3695 te
3191 3640 3658 3698 Christianorum

1999 3732 2469 3805 persecutoribus
2520 3730 2793 3786 delectari
2846 3747 2963 3802 prae
3011 3734 3067 3786 te
3112 3730 3286 3799 feras,
3343 3730 3661 3804 magnique

2001 3822 2266 3877 criminis
2297 3820 2423 3877 loco
2454 3819 3073 3888 ducas,moderatione
3104 3820 3357 3892 quadam
3390 3836 3529 3894 erga
3559 3836 3659 3877 eos

219 3905 361 3960 uti?
390 3904 553 3961 Velle
583 3904 800 3962 etenim
855 3907 1250 3980 imperatoris,
1285 3909 1376 3966 lex
1419 3914 1510 3967 est
1566 3928 1681 3967 non
1732 3912 1969 3984 scripta,
2003 3911 2236 3984 imperii
2284 3915 2339 3965 et
2389 3908 2659 3982 potentiae
2706 3908 3030 3982 patrocinio
3079 3913 3264 3981 septa,
3314 3913 3373 3965 et
3421 3909 3659 3982 quidem

220 3994 467 4065 scriptis
497 3994 750 4067 legibus,
782 4013 912 4068 qua
943 3998 1205 4070 potentia
1235 4017 1350 4056 non
1383 4000 1725 4073 fulciuntur,
1759 4002 1931 4075 longe
1962 4002 2186 4058 ﬁrmior
2215 4005 2392 4072 atque
2420 3998 2724 4055 valentior.

298 4083 419 4159 ιιΔι
452 4079 550 4152 Οῧ,
583 4084 737 4161 φασὶν
772 4085 824 4139 οἱ
854 4085 921 4139 τὰ
960 4085 1164 4140 ἑκείνου
1210 4084 1473 4161 σέϐοντες,
1505 4089 1594 4144 καὶ
1643 4092 1733 4144 τὸν
1772 4090 1887 4145 νέον

225 4173 374 4244 ἡμῖν
411 4172 527 4233 θεὸν
557 4171 1005 4244 ἀναπλάττοντες,
1059 4176 1150 4230 τὸν
1180 4175 1313 4246 ἡδὺν
1357 4179 1445 4233 καὶ
1480 4176 1885 4257 φιλάνθρωπον’

221 4261 358 4317 ἀλλ’
391 4258 474 4315 ὅτι
507 4262 582 4335 μὴ
619 4260 881 4335 δημοσίᾳ,
932 4262 1306 4323 διωκέσθωσαν
1357 4270 1693 4343 Χριστιανοὶ,
1727 4269 1891 4347 πρού-

221 4352 383 4422 Θηκε,
434 4349 524 4405 καὶ
575 4352 749 4406 πάντα
780 4353 1159 4429 πασχέτωσαν,
1194 4354 1292 4411 ὅσα
1322 4354 1472 4412 δοκεῖ
1507 4364 1623 4420 τοῖς
1658 4356 1889 4413 διώκου-

219 4462 321 4513 σιν,
392 4439 639 4518 ἀφιέντες
700 4441 857 4497 αὐτὸν
912 4450 1011 4513 τῆς
1065 4450 1163 4499 τοῦ
1221 4444 1437 4502 διώκειν
1508 4448 1681 4511 αἰτίας
1716 4494 1730 4507 .
1785 4451 1891 4517 Τὴν

220 4527 392 4606 ὕδραν
422 4532 540 4604 (3i)
572 4527 629 4585 δὲ
670 4528 846 4595 οὐδεὶς
894 4534 1118 4587 πώποτε
1168 4535 1311 4591 εἶπεν
1346 4537 1579 4613 ἥμερον,
1630 4538 1712 4592 ὅτι
1746 4538 1891 4594 ἐννέα

218 4617 468 4696 κεφαλὰς
530 4618 648 4673 ἀντὶ
710 4626 838 4693 μιᾶς
896 4618 1322 4699 προύϐάλλετο,
1384 4622 1439 4680 εἷ’
1487 4648 1538 4680 τι
1596 4632 1675 4698 τῷ
1737 4628 1892 4701 μύθῳ

297 4747 406 4818 (23)
443 4742 646 4813 Δῆλον.
665 4746 839 4818 _Pass.
874 4744 1078 4818 δηλῶν.

296 4815 779 4900 (ξζιλὶξίαισαρέων,
811 4815 937 4900 etc.
958 4845 990 4900 «_
1016 4824 1077 4878 In
1112 4823 1257 4879 urbe
1272 4823 1653 4900 _Qaasariensi,
1714 4826 1884 4900 »_in-

225 4889 359 4976 quit
387 4887 560 4960 Elias,
595 4887 629 4939 ‹‹⁷
657 4887 782 4976 erat
812 4894 1099 4976 templum
1133 4898 1518 4976 q_uoddam,_et
1534 4887 1729 4976 statua
1751 4898 1883 4976 Eor-

226 4964 618 5042 tunaa,_quam
649 4964 1017 5042 majorem'in
1051 4964 1293 5042 modum
1328 4964 1595 5027 colebant
1613 4969 1884 5042 gentiles,

229 5036 405 5117 atque
426 5033 1308 5117 imprimisjulianuspmnium
1328 5033 1666 5117 mortalium
1686 5033 1887 5114 super;

228 5106 685 5188 stitiogissimus.
710 5106 829 5188 Hoc
861 5106 1055 5188 autem
1090 5114 1587 5188 templumsimul
1613 5106 1888 5171 cum-sta-

229 5179 350 5256 tua,
384 5179 757 5258 Cfssariensis
789 5179 1320 5258 qu_ispiam,acriori
1348 5187 1560 5258 pietate
1587 5188 1888 5258 praeditus,

232 5250 696 5332 in‘cendit‘atque
728 5253 786 5307 in
819 5250 1550 5332 cineremredegitflratus
1576 5250 1888 5315 Caesarich

234 5319 396 5394 sibus
422 5319 720 5394 Julianus,
753 5340 851 5381 eos
881 5319 1283 5385 contumeliis”
1315 5331 1548 5386 ali‘eclos
1590 5332 1891 5387 diuturnis

235 5389 534 5479 mulctavit
565 5389 1201 5479 exsil'ii.s,__ipsamque_
1228 5402 1454 5470 urbem,
1515 5404 1890 5479 Cappadociae

234 5464 623 5545 metropoljm,
655 5464 1019 5545 e_civita'tum
1053 5464 1317 5545 catalogo
1349 5464 1650 5545 expunxi't:
1685 5499 1711 5524 ››

272 5533 642 5621 ,(ξὸζούδὲν.
696 5542 840 5621 Tres
894 5544 1111 5617 Regg.,
1162 5533 1317 5602 uniis
1366 5533 1524 5603 Golb.
1584 5552 1641 5602 et
1694 5548 1787 5602 Or.
1840 5550 1887 5614 1,

228 5604 581 5683 οὐδέιλΡειεε.
613 5613 849 5668 omittit.

306 5679 413 5762 (26)
444 5685 535 5762 ’Ev_
558 5688 733 5757 καιρῷ
764 5690 865 5752 τῆς
912 5684 1190 5762 εὐτυχίας.
1253 5688 1482 5759 Billius,
1544 5712 1571 5739 «
1630 5690 1891 5748 melioris

227 5751 481 5829 fortunae
504 5751 806 5829 tempore.
825 5751 867 5809 5)

300 5822 415 5900 (27)
469 5822 817 5906 Ἀπαγᾶγών.
893 5830 1122 5903 Billius,
1184 5857 1210 5886 ιι
1271 5831 1578 5905 abductis;
1633 5856 1661 5883 ››
1714 5834 1889 5907 Elias,

2072 4092 2257 4147 XCIV.
2294 4091 2416 4146 Non
2450 4090 2530 4145 ita
2561 4094 2668 4158 est,
2702 4088 2999 4161 inquiunt,
3034 4089 3135 4160 qui
3166 4104 3259 4146 res
3300 4088 3460 4145 illius
3486 4105 3657 4147 vene-

2002 4186 2225 4249 rantur,
2244 4196 2575 4251 novumque
2604 4181 2779 4235 deum
2803 4178 2971 4235 illum
2997 4179 3164 4235 nobis
3188 4178 3497 4252 effingunt,
3522 4196 3659 4235 sua-

1999 4287 2153 4340 vem,
2191 4271 2452 4342 inquam,
2485 4269 2655 4326 illum
2685 4272 2741 4325 et
2770 4268 3127 4341 benignum:
3160 4283 3363 4323 verum
3396 4268 3536 4341 quia
3566 4285 3662 4325 ne-

2002 4379 2295 4434 quaquam
2329 4365 2525 4433 aperte
2574 4359 2985 4433 promulgavit,
3019 4364 3087 4415 ut
3132 4359 3453 4416 Christiani
3491 4375 3659 4416 vexa-

2001 4457 2222 4521 rentur,
2256 4456 2430 4523 atque
2461 4468 2528 4507 ea
2558 4452 2756 4507 omnia
2787 4454 3147 4523 paterentur,
3163 4467 3291 4522 quae
3323 4455 3661 4522 persecuto-

2002 4540 2165 4595 ribus
2197 4540 2520 4595 collibitum
2552 4544 2725 4607 esset,
2761 4540 2978 4595 idcirco
3010 4556 3143 4595 eum
3178 4556 3209 4594 a
3240 4537 3662 4612 persecutionis

2000 4630 2246 4684 crimine
2295 4629 2616 4684 vindicant.
2649 4634 2841 4700 Atque
2894 4629 3143 4702 hydram
3176 4644 3349 4686 nemo
3398 4644 3660 4701 unquam

1921 4758 1968 4823 D
2004 4776 2031 4805 ‹‹
2065 4754 2265 4826 procul
2300 4770 2332 4809 a
2361 4753 2483 4826 solo
2518 4753 2715 4826 patrio
2738 4752 2950 4825 pulsis.
2989 4777 3016 4826 ν

2072 4824 2186 4897 (28)
2216 4824 2534 4900 Ἀναχθείςξ
2564 4850 2585 4875 «
2622 4824 2857 4900 Delatus
2892 4827 2965 4881 ad
2994 4825 3431 4899 imperatorem,
3466 4850 3493 4876 »
3518 4826 3658 4898 sive,

1998 4921 2026 4948 ‹‹
2062 4900 2131 4953 ad
2166 4896 2539 4971 imperatoris
2568 4896 2827 4955 tribunal
2858 4896 3102 4956 tractus:

2075 4973 2181 5041 (‘29)
2225 4969 2616 5044 ’Ava’zpmmzoc.
2650 4971 3113 5046 Praetermissum
3164 4988 3198 5026 a
3228 4972 3396 5028 Billio
3421 4990 3441 5046 _;
3478 4987 3657 5046 agno-

2001 5049 2174 5098 scunt
2205 5048 2399 5099 tamen
2431 5061 2573 5099 mss.
2608 5048 2665 5097 et
2694 5044 2890 5101 excusi
2913 5061 3137 5101 omnes.
3168 5047 3297 5100 Non
3321 5043 3474 5101 male
3502 5043 3661 5101 liunc

2007 5114 2200 5170 locum
2253 5115 2357 5190 sic;
2388 5115 2746 5190 reddideris:
2780 5140 2817 5190 ει
2847 5118 3017 5188 cujus
3057 5115 3138 5171 rei
3181 5133 3381 5187 causa,
3433 5117 3658 5190 judicio

2003 5190 2280 5258 abrogata
2310 5187 2358 5242 ei
2393 5188 2698 5259 dignitate,
2731 5187 2929 5259 officio
2956 5192 3149 5245 motus
3178 5193 3288 5243 est.
3322 5210 3349 5239 »

2075 5261 2182 5345 (3Q)
2234 5258 2639 5345 Ἐναρχέστερον
2702 5258 2812 5315 καί.
2889 5260 3159 5331 Plerique
3212 5261 3380 5317 codd.
3441 5258 3656 5337 έναργέ-

2002 5331 2186 5401 στερόν
2218 5350 2276 5385 τε
2304 5331 2414 5386 καίζ

2074 5399 2184 5473 (31)
2213 5402 2320 5470 Τὴν
2354 5399 2595 5476 Ὕδραν,
2633 5424 2659 5453 ‹‹
2707 5402 2919 5476 Hydra,
2973 5425 3018 5476 »Α
3027 5404 3198 5475 juxta
3255 5406 3476 5476 poetas,
3537 5408 3662 5459 erat

2002 5492 2243 5550 serpens
2276 5476 2561 5550 immanis
2585 5475 2643 5530 in
2690 5474 2874 5550 Lerna
2910 5474 3164 5550 palude,
3220 5474 3398 5550 prope
3451 5478 3658 5550 Argos.

2004 5493 2243 5546 serpens
2276 5493 2554 5530 Immanis
2585 5493 2643 5530 1n
2690 5493 2874 5530 Lerna
2930 5493 3164 5547 palude,
3220 5493 3323 5547 pro
3368 5493 3398 5531 e
3451 5493 3658 5550 argos.

2004 5547 2147 5604 Huic
2181 5554 2403 5620 septem
2437 5547 2630 5619 capita
2683 5547 2765 5602 sic
2822 5547 2923 5620 uni
2956 5546 3103 5604 collo
3136 5493 3567 5616 inseregantur,
3597 5553 3663 5604 ut

2002 5637 2134 5693 cum
2162 5619 2352 5693 unum
2386 5619 2964 5693 exscinderetur,alia
2988 5620 3177 5677 multa
3207 5619 3656 5693 repullularent.

2001 5691 2212 5748 Omnia
2243 5692 2422 5749 simul
2480 5692 2682 5747 eodem
2742 5692 2857 5747 ictu
2892 5692 3170 5750 Hercules
3226 5690 3497 5757 abscidit,
3556 5696 3662 5747 aut

2002 5763 2158 5836 igne,
2192 5770 2258 5822 ut
2287 5764 2384 5823 alii
2415 5765 2678 5835 tradunt,
2714 5764 2959 5823 exussit.
