4028 6406
288 457 412 519 629

1305 452 1602 513 ORATIO
1649 453 1751 511 1V.
1790 486 1861 495 κ-
1907 449 2219 510 CONTRA
2265 448 2662 510 .lULlA‘NUM
2710 447 2753 508 Ι.

3599 444 3722 510 630

283 585 533 669 φολίδες,
564 585 625 640 αἱ
660 585 756 658 μὲν
785 582 895 655 ἤδη
946 584 1280 662 φρίσσουσιν,
1313 583 1367 637 αἱ
1416 581 1473 638 δὲ
1520 584 1932 660 ἐπιφρισσουσινη

2062 581 2442 648 moravimus,
2469 580 2655 636 multo
2688 578 3103 635 inhumaniora
3132 581 3188 633 et
3216 580 3542 637 crudeliora
3572 581 3718 639 fuis-

284 681 344 735 αἱ
377 677 435 734 δὲ
468 675 760 750 μέλλουσι,
809 679 905 737 τὰς
958 672 1016 729 δὲ
1065 674 1164 728 οὐκ
1212 672 1325 727 ἔστι
1377 674 1452 746 μὴ
1502 675 1810 743 κινηθῆναι,
1856 670 1951 726 κᾶν

283 771 596 846 ἠρεμοῦσαι
650 764 789 827 τέως
853 763 1217 839 τογχάνωσιν’
1280 763 1325 817 εἰ
1388 760 1574 837 βούλει
1624 760 1719 830 δὲ,
1770 759 1949 836 ὥσπερ

286 861 555 935 κεραυνῷ,
606 856 673 909 τὰ
727 855 821 927 μὲν
876 852 985 922 ἤδη
1039 852 1326 927 κατέχεται
1379 853 1507 924 (48),
1552 850 1620 905 τὰ
1657 848 1714 904 δὲ
1743 871 1950 925 προμε-

2064 676 2212 727 sent.
2240 671 2749 737 Quemadmodum
2781 669 2939 725 enim
2964 685 3098 724 cum
3130 668 3305 723 draco
3335 670 3553 726 moveri
3584 670 3724 729 inci-

2065 760 2171 833 pit,
2204 776 2463 831 squamae
2495 760 2623 831 ejus
2674 759 2887 831 partim
2931 759 3059 829 jam
3104 758 3472 827 horrescunt,
3505 761 3721 831 partim

2062 850 2613 921 superhorrescunt,
2661 848 2874 920 partim
2926 864 3061 904 mox
3105 846 3464 914 horrescent,
3506 849 3719 919 partim

289 945 572 1016 λαίνεται,
632 944 832 1019 μέχρις
889 942 946 996 ἂν
1007 942 1096 996 καί
1154 946 1320 995 ταῦτα
1376 938 1577 1014 ἐπέλθῃ
1630 943 1728 994 τοῦ
1783 943 1932 994 κακοῐ

2060 940 2311 1011 denique
2341 955 2459 995 non
2508 943 2757 1011 possunt
2787 956 2902 995 non
2934 938 3173 993 tandem
3218 937 3459 1004 moveri,
3488 937 3720 995 etiamsi

294 1034 728 1106 δυναστεύοντος,
763 1032 906 1087 οὕτω
938 1030 1174 1103 κάκείνῳ
1196 1031 1262 1085 τὰ
1288 1030 1380 1103 μὲν
1414 1028 1521 1100 ἤδη
1554 1035 1946 1105 παρηνομεῖτο,

288 1128 358 1181 τὰ
389 1125 445 1180 δὲ
496 1122 835 1200 ὑπεγράφετο
893 1128 1012 1183 ταῖς
1072 1120 1252 1177 ἐλπίσι
1310 1121 1399 1175 καὶ
1454 1125 1572 1182 ταῖς
1620 1120 1739 1174 καθ’
1784 1121 1944 1192 ἡμῶν

288 1214 564 1277 ἀπειλαῖς·
611 1213 700 1268 καὶ
750 1216 919 1267 ταῦτα
965 1210 1139 1271 οὕτως
1185 1208 1422 1282 ἓκτοπα,
1469 1209 1557 1263 καὶ
1606 1208 1797 1285 πόῤῥω
1840 1213 1943 1263 τῶν

289 1303 656 1377 εἰθισμένων,
707 1302 781 1364 ὡς
837 1304 935 1370 τῆς
1000 1300 1207 1355 ἐκείνου
1264 1297 1503 1361 διανοίας
1564 1299 1697 1353 εἶναι
1750 1299 1944 1373 μόνης,

288 1399 459 1451 ταῦτα
506 1394 597 1448 καὶ
645 1390 1059 1467 βουλεύσασθαι,
1108 1390 1197 1445 καὶ
1249 1389 1325 1451 εἰς
1374 1386 1531 1466 ἔργον
1566 1390 1785 1464 ἀγαγεῖν
1832 1389 1943 1443 ἐθε-

295 1485 485 1555 λῆσαι,
540 1480 713 1538 καίτοι
763 1479 991 1537 πολλῶν
1042 1480 1149 1555 πρὸ
1206 1478 1371 1533 αὐτοῦ
1418 1480 1788 1555 γεγενημένων
1831 1480 1944 1553 (49)

295 1571 540 1628 διωκτῶν
573 1571 660 1626 καὶ
690 1569 973 1643 πολεμίων
1002 1571 1370 1645 Χριστιανοῖς.

2058 1029 2117 1085 in
2140 1044 2399 1101 praesens
2422 1029 2634 1101 quietae
2655 1045 2722 1084 ac
2744 1027 3074 1099 tranquillae
3102 1026 3222 1082 sint
3245 1044 3258 1082 :
3284 1030 3408 1093 aut,
3435 1026 3485 1081 si
3510 1027 3717 1094 mavis,

2059 1121 2560 1193 quemadmodum
2604 1120 2850 1175 fulmine
2885 1118 3013 1175 aliae
3043 1122 3241 1189 partes
3262 1118 3389 1189 jam
3422 1134 3721 1190 occupan-

2056 1216 2173 1281 tur,
2208 1210 2334 1266 aliae
2368 1211 2603 1283 nigrore
2634 1209 2799 1281 prius
2829 1207 3192 1277 inﬁciuntur,
3218 1208 3405 1280 quoad
3428 1225 3529 1263 eas
3562 1208 3716 1265 malo

2056 1317 2291 1373 quoque
2321 1300 2661 1356 dominante
2691 1297 3049 1371 pervaserit:
3083 1296 3165 1352 sic
3188 1296 3364 1353 etiam
3397 1297 3470 1353 ab
3500 1314 3569 1354 eo
3600 1296 3718 1354 alia

2046 1391 2173 1461 jam
2202 1390 2402 1461 inique
2434 1393 2491 1445 et
2520 1388 2800 1445 scelerate
2831 1388 3239 1459 patrabantur,
3266 1386 3382 1442 alia
3402 1402 3504 1459 spe
3525 1390 3582 1443 et
3603 1389 3715 1444 mi-

2055 1479 2169 1545 nis,
2197 1496 2347 1551 quas
2375 1478 2546 1534 nobis
2594 1477 2957 1548 intendebat,
2979 1475 3138 1532 velut
3183 1476 3713 1547 adumbrabantur,

2053 1585 2238 1640 eaque
2270 1569 2351 1623 ita
2373 1567 2631 1623 absurda
2652 1571 2708 1622 et
2738 1566 3042 1636 inusitata,
3068 1569 3133 1622 ut
3161 1564 3222 1620 in
3246 1564 3406 1622 illius
3428 1566 3715 1624 duntaxat

288 1667 545 1721 mentem
577 1662 686 1719 hoc
720 1663 926 1718 cadere
958 1665 1177 1733 posset,
1210 1664 1277 1716 ut
1302 1660 1425 1715 haec
1457 1659 1752 1731 cogitaret,
1784 1664 1842 1714 et
1871 1659 2099 1716 efﬁcere
2129 1657 2321 1726 vellet,
2355 1657 2591 1713 tametsi
2623 1656 2843 1729 alioqui
2882 1655 3056 1712 multi
3104 1659 3238 1713 ante
3266 1672 3402 1712 eum
3434 1656 3714 1714 Christia-

285 1769 498 1810 norum
530 1754 936 1825 persecutores
964 1754 1023 1806 et
1052 1749 1251 1805 hostes
1281 1748 1661 1805 exstitissent.

518 1843 587 1896 "A
644 1840 748 1914 γὰρ
810 1840 951 1912 μήτε
1002 1836 1426 1907 Διοκλητιανὸς,
1479 1838 1506 1890 ὁ
1565 1840 1779 1912 πρῶτος

2123 1836 2276 1892 129
2309 1835 2492 1892 XCVI.
2524 1835 2671 1892 Nam
2706 1850 2832 1908 quae
2876 1849 3184 1904 nunquam
3213 1832 3275 1889 in
3306 1832 3575 1891 animum
3622 1835 3711 1891 in-

286 1926 569 2007 ἐνυόρίσας
594 1933 960 2004 Χριστιανοῖς,
997 1930 1135 2002 μήτε
1166 1928 1194 1982 ὁ
1219 1931 1409 1981 τοῦτον
1442 1924 1793 1998 ἐκδεξάμενος
1826 1928 1938 1999 (51)

287 2019 377 2074 καὶ
429 2014 749 2093 ὑπερϐαλὼν
799 2015 1134 2089 Μαξιμιανὸς
1168 2016 1466 2089 ἐνεθυμήθη
1500 2016 1743 2084 πώποτε,
1802 2018 1939 2089 μήτε

286 2109 609 2183 Μαξιμῖνος,
660 2109 689 2163 ὁ
743 2108 859 2181 μετ’
908 2106 1166 2176 ἐκείνους,
1214 2107 1303 2161 καὶ
1354 2107 1487 2181 ὑπὲρ
1539 2104 1773 2167 ἐκείνους
1807 2102 1939 2159 διώ-

280 2221 419 2268 κτης
448 2201 537 2272 (οὗ
566 2200 634 2254 τὰ
678 2193 932 2271 σύμϐολα
979 2199 1093 2270 (52)
1144 2198 1242 2266 τῆς
1292 2194 1379 2250 ἐπὶ
1418 2196 1598 2267 τούτῳ
1630 2194 1852 2269 πληγῆς
1884 2196 1938 2249 αἱ

284 2288 487 2350 εἰκόνες
538 2287 789 2366 φέρουσιν
848 2284 925 2341 ἔτι
973 2284 1218 2358 δημοσίᾳ
1260 2285 1635 2361 προκείμεναι,
1684 2284 1773 2339 καὶ
1816 2305 1940 2353 στη-

285 2377 592 2433 λιτεύουσαι
640 2378 740 2447 τὴν
794 2372 984 2447 λώϐην
1032 2380 1131 2430 τοῦ
1180 2376 1478 2449 σώματος),
1528 2378 1697 2429 ταῦτα
1736 2373 1936 2436 ἐκεῖνος

287 2462 548 2521 διενοεῖτο
585 2466 700 2539 μὲν,
753 2466 826 2528 ὡς
876 2466 927 2519 οἱ
976 2469 1083 2521 τῶν
1136 2464 1464 2541 ἀπορρήτων
1516 2462 1720 2518 ἐκείνου
1750 2484 1939 2517 κοινω-

285 2554 371 2609 νοὶ
405 2554 494 2610 καὶ
543 2557 825 2631 μάρτυρες·
876 2553 1144 2630 ἐπεσχέθη
1196 2556 1308 2628 (53)
1359 2551 1415 2608 δὲ
1446 2553 1514 2627 τῇ
1544 2557 1642 2607 τοῦ
1682 2556 1815 2608 Θεοῦ
1845 2575 1938 2632 ιρι-

285 2643 619 2720 λανθρωπίᾳ,
676 2644 767 2700 καὶ
816 2650 933 2707 τοῖς
993 2647 1333 2715 Χηιστιανῶν
1390 2645 1501 2717 (54)
1563 2641 1845 2717 δάκρυσιν.
1905 2640 1938 2695 ἆ

280 2733 469 2790 πολλά
508 2732 573 2803 δὴ
601 2734 692 2789 καὶ
722 2736 870 2810 παρὰ
906 2732 1133 2789 πολλῶν
1184 2733 1350 2808 ἐχέθη
1388 2734 1525 2807 (55),
1552 2737 1718 2786 τοῦτο
1772 2730 1934 2804 μόνον

282 2823 520 2897 ἐχόντων
569 2824 706 2878 κατὰ
750 2828 848 2878 τοῦ
900 2821 1137 2878 διώκτου
1184 2820 1498 2900 φάρμακον
1549 2825 1717 2876 ταῦτα
1764 2818 1821 2876 δὶ
1867 2820 1933 2889 ἦν

284 2912 462 2981 πάσης
526 2914 619 2986 μὲν
676 2912 980 2988 παρρησίας
1064 2912 1469 2987 ἀποστερεῖσθαι
1529 2909 1934 2986 Χριστιανοὺς,

288 2999 504 3054 πάντων
577 2999 635 3055 δὶ
710 3000 903 3062 αὐτοὺς
964 2998 1225 3076 εἴργεσθαι
1284 2999 1569 3076 συλλόγων
1607 3047 1621 3073 ,
1684 3002 1891 3075 ἀγορῶν
1920 3044 1933 3070 ,

282 3088 653 3165 πανηγύρεων,
700 3092 808 3144 τῶν
862 3086 1220 3164 δικαστηρίων
1271 3090 1446 3145 αὐτῶν
1511 3091 1587 3163 μὴ
1638 3089 1739 3165 γὰρ
1799 3089 1937 3162 ἑξεῖ-

279 3200 369 3233 ναι
423 3180 725 3255 κεχρῆσθαι
774 3179 1006 3245 τούτοις,
1059 3177 1202 3241 ὅστις
1255 3182 1331 3253 μὴ
1382 3178 1517 3234 κατὰ
1563 3184 1670 3235 τῶν
1727 3180 1930 3255 βωμῶν

276 3269 588 3339 θυμιάσειεν
634 3266 938 3342 ἔμπροσθεν
989 3267 1251 3341 κειμένων
1286 3272 1419 3343 (56),
1453 3270 1543 3323 καὶ
1586 3269 1774 3342 μισθὸν
1808 3267 1929 3339 δοίη

276 3357 446 3433 μέγαν
481 3356 624 3412 οὕτω
673 3356 762 3412 καὶ
792 3357 1056 3413 τοσούτου
1106 3359 1445 3434 πράγματος.
1495 3360 1561 3412 Ὦ
1608 3354 1793 3431 νόμοι,
1843 3357 1933 3413 καὶ

270 3448 590 3520 νομοθέται,
635 3446 725 3501 καὶ
780 3445 1046 3521 βασιλεῖς,
1080 3448 1132 3502 οἲ
1156 3449 1396 3523 καθάπερ
1428 3447 1663 3523 ούρανοῦ
1702 3444 1931 3521 κάλλος,

268 3538 362 3592 καὶ
418 3536 584 3605 ἡλίου
636 3540 773 3613 φῶς,
826 3535 915 3590 καὶ
965 3536 1122 3611 ἀέρος
1173 3537 1356 3613 χύσις,
1407 3538 1570 3591 ἅπασι
1619 3536 1931 3611 πρόκεινται

268 3624 662 3706 φιλανθρωπία
709 3628 864 3696 κοινή
915 3647 973 3681 τε
1020 3627 1110 3682 καὶ
1156 3628 1407 3705 ἄφθονος,
1444 3626 1585 3681 οὕτω
1621 3624 1678 3680 δὲ
1716 3628 1803 3681 καὶ
1835 3628 1931 3696 τὴν

265 3720 378 3773 τῶν
442 3714 631 3789 νόμων
691 3715 972 3787 μετουσίαν
1036 3718 1319 3793 προθέντες
1361 3715 1552 3771 ἅπασιν
1601 3715 1928 3792 ἐλευθέροις,

265 3804 391 3878 ἴσην
423 3826 484 3860 τε
525 3804 614 3859 καὶ
665 3804 935 3879 ὁμότιμον
968 3807 979 3862 !
1014 3807 1082 3875 ἧς
1134 3806 1333 3868 ἐκεῖνος
1384 3806 1772 3881 ἀποστερήσειν
1815 3808 1928 3879 (57)

267 3893 540 3952 διενοεῖτο
569 3894 941 3970 Χριστιανούς·
978 3896 1053 3958 ὡς
1108 3898 1247 3969 μήτε
1295 3894 1748 3972 τυραννουμένοις
1774 3892 1925 3958 δίκας

266 3985 466 4058 ἐξεῖναι
497 3979 708 4056 λαϐεῖν,
745 3986 885 4057 μήτε
937 3985 1327 4059 ζημιουμένοις
1359 3986 1434 4047 εἷς
1465 3987 1750 4060 χρήματα,
1788 3986 1928 4058 μήτε

268 4070 414 4129 ἄλλο
444 4095 499 4127 τι
544 4075 819 4150 πάσχουσι
872 4075 1064 4149 μικρὸν
1093 4076 1128 4145 ἢ
1164 4080 1349 4147 μεῖζον
1398 4079 1507 4130 τῶν
1543 4074 1924 4150 ἀπηγορευμέ-

267 4183 371 4217 νων
409 4164 523 4236 (58)
555 4160 951 4240 ἐπικουρεῖσθαι
1004 4166 1114 4239 (59)
1154 4170 1269 4227 τοῖς
1322 4164 1538 4238 νόμοις·
1592 4162 1716 4219 ἀλλ’
1749 4163 1921 4239 ἐξορί-

265 4274 428 4316 στους
483 4253 642 4323 εἶναι,
687 4255 778 4308 καὶ
831 4255 1198 4330 ἀναιρεῖσθαι,
1250 4254 1340 4309 καὶ
1394 4258 1592 4330 μικροῦ
1640 4259 1747 4309 τῶν
1793 4254 1919 4309 ἀνα-

335 4381 460 4455 (48)
492 4378 809 4455 ῌατὲχεται.
843 4379 1019 4437 Coisl.
1056 4381 1112 4452 2,
1145 4383 1202 4435 et
1232 4380 1396 4437 Pass.
1446 4380 1678 4450 καίεται,
1711 4405 1739 4433 ‹‹
1801 4382 1925 4438 aliae

263 4452 465 4527 partes
490 4453 619 4522 jam
650 4452 876 4527 ardent.
907 4474 937 4501 »

354 4526 449 4595 49)
483 4529 684 4598 Γεγενη
696 4522 892 4595 μένων.
919 4523 1181 4598 Combef.
1213 4523 1538 4596 γενομένων.

496 4594 576 4647 Ὀ’
608 4594 847 4669 πρῶτος.
911 4594 1103 4669 Schol.
1158 4594 1377 4669 πρῶτος
1431 4600 1539 4650 τῶν
1616 4594 1667 4648 ἐν
1712 4594 1923 4669 ,ἐκείνῳ

262 4662 557 4743 διῶγμῶν,
587 4662 740 4743 τοῧτί
766 4662 899 4743 ἐστι,
928 4670 1009 4738 τῷ
1038 4662 1275 4743 ἐσχᾴτῳ,
1329 4692 1358 4718 ‹‹
1415 4669 1645 4743 Primus
1706 4668 1764 4722 in
1824 4662 1925 4723 illa

262 4740 694 4813 persecutione,
714 4741 785 4813 rid
817 4744 925 4811 est,
958 4740 1325 4813 posteriori,»
1358 4740 1923 4813 seu,deoima,quam

266 4811 452 4868 movit
482 4812 880 4884 Diocletianus
905 4830 917 4879 ;
942 4811 1087 4881 νειμ
1113 4813 1284 4884 cujus
1304 4811 1657 4884 principium
1681 4812 1929 4876 fuerat,»

266 4830 452 4868 movn.
482 4830 880 4869 uxocietianus
905 4830 917 4879 ;
942 4830 1087 4881 vei,«
1113 4830 1284 4884 quus
1344 4830 1657 4883 rincipium
1681 4830 1924 4876 iuerat,»

265 4887 335 4966 Et
365 4900 502 4940 cum
535 4885 837 4966 Lactantio
860 4883 1071 4966 loquar
1099 4900 1231 4966 cap.
1260 4830 1351 4966 15,
1373 4886 1458 4966 _I_)e
1496 4886 1680 4966 _m0_r_te
1723 4899 1924 4966 persae.

266 4954 410 5028 Tres
441 4971 696 5028 namque
734 4954 1117 5012 atrocissimas
1169 4954 1532 5025 Diocletiani,
1589 4954 1928 5028 Maximiani

270 5030 329 5101 et
358 5026 664 5101 Maximini
694 5029 1142 5101 persecutiones
1160 5029 1289 5085 sine
1320 5028 1443 5085 ulla
1490 5027 1929 5101 intermissione

270 5097 634 5158 Christianos
664 5097 1019 5157 afﬂixerunt.
1054 5100 1288 5157 Primus
1321 5106 1515 5158 autem
1541 5100 1756 5156 dicitur
1794 5099 1928 5155 Dio-

270 5169 578 5244 cletianus,
616 5194 645 5223 «
675 5189 793 5229 non
827 5174 984 5245 quod
1015 5173 1300 5245 temporis
1330 5175 1612 5243 ratione,»
1638 5173 1720 5228 ait
1751 5172 1923 5245 Elias.

269 5264 297 5291 «
330 5248 771 5316 persecutorum
824 5243 1091 5301 omnium
1136 5243 1367 5316 primus
1398 5245 1723 5312 exstiterit;
1756 5243 1925 5300 multi

272 5315 426 5389 enim
453 5321 589 5389 ante
619 5317 817 5389 ipsum
848 5315 1217 5373 Christianos
1265 5318 1575 5389 persecuti,
1605 5320 1762 5384 sunt,
1823 5317 1925 5372 sed

272 5386 410 5471 quia
440 5386 664 5471 primus
713 5386 1405 5471 illamnpersecutionem
1462 5388 1757 5471 excitavit,
1802 5405 1926 5471 quae

272 5457 385 5511 sub
414 5457 538 5529 ejus
580 5457 1024 5519 successoribus
1084 5461 1439 5517 Maximiano
1496 5466 1553 5517 et
1608 5457 1926 5517 Maximino

270 5533 562 5601 protracta
579 5537 687 5589 est.
712 5553 738 5586 ιι

344 5602 453 5673 (51)
485 5601 884 5677 Ἐκδεξάμενος.
937 5605 1113 5662 Cois].
1164 5608 1220 5677 2,
1276 5609 1332 5661 et
1385 5609 1549 5662 Pass.
1612 5599 1924 5675 διαδεξάμε-

262 5693 383 5734 νος.

340 5746 458 5820 (52)
487 5744 559 5801 Οὗ
586 5744 653 5801 τὰ
683 5739 958 5819 σύμϐολα.
992 5770 1021 5799 ‹‹
1055 5749 1263 5805 Divina
1294 5749 1401 5818 ira,
1440 5770 1461 5797 ν
1524 5747 1718 5820 inquit
1751 5747 1925 5817 Elias,

266 5840 297 5871 ιι
324 5819 463 5877 eum
498 5819 926 5894 (Maximinum)
948 5826 1255 5894 persecuta
1274 5819 1735 5895 est,virgamque
1756 5837 1925 5878 suam

2050 1927 2365 1995 duxerunt,
2385 1940 2491 1981 nec
2521 1924 2939 1993 Diocletianus,
2965 1924 3067 1997 qui
3099 1922 3327 1996 primus
3349 1924 3713 1982 Christianos

2048 2015 2422 2071 contumeliis
2454 2016 2664 2084 affecit,
2692 2032 2797 2072 nec
2822 2013 3231 2085 Maximianus,
3256 2014 3357 2087 qui
3388 2014 3438 2069 ei
3470 2030 3709 2073 succes-

2049 2105 2147 2169 sit,
2172 2122 2428 2177 eumque
2450 2104 2776 2177 superavit;
2799 2120 2904 2160 nec
2925 2103 3178 2175 denique
3196 2103 3707 2176 Maximinus,qui,

2049 2200 2115 2251 ut
2146 2199 2408 2267 tempore
2451 2194 2569 2250 illis
2600 2194 2906 2267 posterior,
2932 2193 3014 2250 ita
3042 2192 3470 2265 persecutionis
3499 2194 3708 2250 atroci-

2048 2290 2169 2340 tate
2198 2284 2464 2357 superior
2516 2284 2625 2339 fuit
2656 2283 2850 2355 (cujus
2882 2282 3052 2355 signa
3081 2280 3263 2355 plagae
3297 2282 3371 2338 ob
3401 2298 3531 2339 eam
3580 2300 3703 2340 rem

2048 2377 2319 2446 acceptae,
2344 2373 2634 2446 imagines
2665 2376 2723 2427 et
2750 2376 2959 2429 statuae
3006 2373 3202 2429 ferunt
3233 2372 3467 2445 publice
3514 2373 3707 2429 adhuc

2049 2467 2403 2536 prostantes,
2436 2462 2767 2534 fcedamque
2794 2462 3056 2535 corporis
3086 2461 3518 2519 mutilationem
3553 2480 3707 2521 sem-

2048 2554 2278 2627 piterna
2307 2552 2549 2609 infamia
2579 2552 2894 2624 notantes),
2925 2551 3047 2607 haec
3086 2551 3186 2608 ille
3215 2552 3454 2624 quidem
3484 2553 3706 2626 cogita-

2045 2644 2166 2710 bat,
2199 2645 2263 2697 ut
2295 2645 2533 2698 narrant
2563 2642 2664 2715 qui
2707 2658 3055 2698 arcanorum
3098 2640 3263 2697 illius
3294 2641 3609 2714 participes
3638 2659 3708 2699 ac

2047 2736 2228 2789 testes
2251 2736 2453 2788 erant:
2477 2747 2680 2788 verum
2712 2730 2808 2787 Dei
2840 2729 3199 2804 benignitate
3219 2730 3508 2787 inhibitus
3531 2735 3708 2805 atque

2048 2839 2348 2893 repressus
2406 2826 2514 2891 est,
2576 2821 3155 2893 Christianorumqne
3213 2820 3509 2894 lacrymis,
3557 2839 3705 2895 quas

2047 2913 2263 2968 multas
2296 2912 2467 2967 multi
2494 2912 2900 2984 profuderunt,
2935 2910 3046 2967 hoc
3066 2926 3254 2967 unum
3274 2912 3556 2969 adversus
3581 2929 3708 2986 per-

2047 3006 2374 3059 secutorem
2435 3002 2933 3057 medicamentum
2991 3001 3296 3057 habentes.
3342 3000 3706 3059 Christianos

2046 3093 2205 3148 enim
2236 3092 2393 3147 omni
2423 3091 2691 3147 libertate
2738 3095 2796 3147 et
2838 3090 3057 3146 ﬁducia
3086 3090 3359 3162 spoliare,
3382 3107 3601 3165 eosque
3628 3093 3704 3150 ab

2048 3181 2321 3238 omnibus
2349 3181 2753 3249 conventibus,
2779 3179 2940 3245 foris,
2965 3179 3218 3252 publicis
3241 3180 3512 3250 coetibus,
3532 3180 3707 3254 ipsis-

2047 3288 2161 3343 que
2190 3271 2335 3327 adeo
2384 3269 2781 3325 tribunalibus
2827 3286 3024 3325 arcere
3062 3268 3474 3327 constituebat.
3507 3271 3708 3344 Neque

2045 3361 2200 3416 enim
2237 3361 2323 3415 fas
2372 3376 2499 3415 esse
2528 3374 2883 3429 quemquam
2919 3358 3013 3414 his
3045 3359 3151 3430 uti,
3176 3359 3278 3432 qui
3308 3360 3378 3415 ad
3410 3376 3542 3417 aras
3572 3364 3707 3418 ante

2047 3450 2377 3523 propositas
2416 3449 2593 3503 thura
2631 3465 2747 3504 non
2794 3448 3166 3519 adolevisset,
3197 3453 3544 3523 tantamque
3570 3454 3708 3507 tan-

2044 3540 2179 3596 tulae
2203 3539 2281 3595 rei
2305 3539 2630 3595 mercedem
2654 3538 2765 3594 hac
2788 3537 3013 3594 ratione
3034 3539 3430 3611 pependisset.
3456 3540 3499 3596 Ο
3522 3540 3705 3612 leges,

2043 3634 2102 3685 et
2138 3628 2523 3701 legislatores,
2558 3631 2615 3683 et
2661 3628 2993 3700 principes;
3025 3628 3149 3699 qui,
3201 3629 3704 3700 quemadmodum

2042 3716 2167 3772 coeli
2228 3716 2625 3788 pulchritudo,
2656 3719 2715 3771 et
2756 3714 2899 3771 solis
2959 3715 3182 3786 lumen,
3217 3719 3275 3771 et
3320 3716 3474 3773 aeris
3523 3717 3700 3787 fusio,

2039 3806 2337 3863 communi
2356 3809 2413 3862 et
2428 3805 2669 3877 perenni
2688 3804 3074 3860 beneficentia
3088 3805 3364 3861 omnibus
3385 3807 3701 3879 patent,sic

2037 3896 2233 3969 legum
2265 3911 2499 3968 quoque
2531 3912 2707 3950 usum
2737 3894 2939 3950 liberis
2961 3894 3237 3951 omnibus
3266 3895 3610 3954 hominibus
3631 3912 3699 3953 ex

2037 4004 2201 4058 aequo
2250 3984 2675 4058 proposuistisl
2732 4000 2909 4055 quem
2956 3987 3154 4040 tamen
3204 3984 3302 4040 ille
3350 3984 3697 4043 Christianis

2035 4077 2259 4148 eripere
2281 4074 2337 4129 in
2366 4074 2563 4130 animo
2584 4073 2839 4130 habebat
2858 4089 2870 4129 :
2892 4076 2958 4129 ut
2977 4089 3082 4129 nec
3103 4090 3206 4145 per
3219 4074 3339 4129 vim
3359 4077 3698 4149 opppressis

2033 4166 2283 4238 injurias
2333 4182 2471 4221 suas
2511 4162 2735 4235 judicio
2786 4163 3060 4236 persequi
3107 4163 3325 4234 liceret,
3361 4182 3466 4222 nec
3496 4166 3557 4234 ii,
3590 4166 3694 4239 qui

2040 4256 2421 4330 pecuniarum
2462 4257 2638 4326 atque
2667 4268 2847 4326 opum
2880 4252 3255 4324 detrimento,
3278 4258 3378 4311 aut
3408 4255 3521 4312 alio
3554 4272 3699 4328 quo-

2037 4382 2096 4436 in
2130 4399 2263 4437 eum
2295 4380 2656 4437 immisit.....
2692 4395 2761 4453 ac
2787 4379 2969 4453 plagae
3000 4379 3281 4453 divinitus
3312 4380 3427 4453 ipsi
3458 4381 3531 4437 ob
3571 4380 3701 4437 libi-

2037 4454 2233 4509 dinem
2268 4458 2324 4509 et
2354 4454 2715 4523 impietatem
2748 4452 2982 4508 inmotae
3014 4452 3187 4524 signa
3222 4456 3280 4509 et
3329 4452 3519 4523 notas,
3569 4458 3697 4510 tum

1957 4502 2003 4566 D
2037 4502 2243 4607 se;
2259 4502 2498 4607 iam;
2508 4502 3279 4607 'stsufegaae'sgagrgseg‘
3302 4502 3633 4607 ίιῖἔεζιῖῖίάιὶἶ
3642 4502 3693 4584 Si

2033 4599 2296 4670 inurunt,
2327 4601 2456 4651 tum
2484 4596 2868 4652 historiarum
2894 4596 3196 4654 volumina
3222 4599 3294 4653 de
3320 4613 3387 4655 eo
3408 4602 3693 4670 tanquam

2037 4668 2407 4741 triumphum
2441 4671 2643 4741 agunt.
2676 4687 2703 4719 ι

2108 4736 2573 4867 (53)”Επεσέέθη.
2609 4740 2731 4793 Duo
2763 4742 2941 4810 Regg.
2977 4736 3202 4814 ἐσχέθη.

2108 4814 2221 4867 (54)
2252 4816 2377 4867 Τοῖς
2456 4812 2765 4867 οιστιανῶν.
2813 4811 2953 4867 R82.
3005 4811 3046 4867 l.
3103 4814 3202 4867 τοῖ.

2072 4811 2221 4897 ’.(54)
2252 4816 2377 4873 Τοῖς
2409 4811 2765 4886 Χριστιανῶν.
2813 4811 2953 4883 Reg.
3005 4811 3223 4883 1,”’τοῖς
3279 4814 3384 4866 τῶν
3446 4815 3696 4888 Χριστιαο

2034 4904 2166 4938 νων.

2108 4957 2221 5028 (55)
2252 4955 2505 5028 ἘχὲθητΔ
2532 4956 2617 5011 [ta
2662 4970 2763 5011 sex
2812 4954 3016 5028 chg.,
3048 4957 3166 5012 tres
3197 4956 3358 5014 Colb.
3417 4959 3475 5013 et
3530 4956 3693 5014 Pass.

2036 5025 2220 5115 Paris.
2255 5025 2353 5115 ed.
2384 5025 2579 5115 ἐχύθη.

2251 5094 2637 5170 Θυμιάσειεν...
2670 5094 2957 5179 κειμένων.
2991 5098 3121 5179 Duo
3157 5100 3337 5179 Regg.
3397 5104 3455 5157 et
3508 5104 3695 5171 Pass.,

2034 5169 2398 5245 θυσιάσειεν...
2431 5169 2828 5245 προκειμίνως,
2864 5192 2892 5221 ‹‹
2931 5169 3343 5245 sacrificasse—t.
3378 5194 3407 5222 »

2104 5244 2219 5329 (57)
2254 5242 2691 5315 Ἀποστερήσειν.
2747 5247 2887 5299 Tres
2946 5242 3126 5316 Regg.
3183 5248 3242 5300 et
3299 5244 3393 5302 0r.
3450 5245 3504 5315 Ι,
3555 5244 3691 5300 ἁπο-

2037 5334 2361 5458 πῖἓὲῗῖΓῶν
2394 5382 2881 5460 ἀπηγορευμένων.
2915 5406 2945 5435 ‹‹
2992 5385 3075 5441 Ex
3104 5386 3199 5444 his
3223 5403 3350 5461 qua)
3381 5388 3695 5447 interdicta

2036 5463 2250 5601 “(Iste)”
2274 5528 2730 5614 Ἐπέκουρεῖσθαι,
2781 5527 3171 5614 Restituimus
3239 5548 3440 5614 vocem
3469 5534 3689 5614 _h_anc,

2036 5620 2213 5675 quam
2246 5602 2561 5674 praeferunt
2589 5604 2845 5672 quatuor
2866 5601 3026 5673 Regii
3045 5601 3692 5675 codices,Colb.3,Pass.

2036 5680 2147 5731 etc.
2182 5676 2443 5757 adeoque
2474 5675 2758 5757 mutanda
2777 5674 2969 5729 versio
2992 5674 3292 5757 Billii,qui,
3317 5677 3549 5757 sublato
3575 5676 3690 5733 ἐπι-

2036 5748 2548 5850 κουρεῖξθῑαιῶᾱυεε
2580 5748 2639 5850 in
2685 5763 2863 5803 unam
2911 5749 3236 5830 sententias
3281 5750 3690 5836 compingens,

2038 5821 2123 5878 sic
2144 5821 2444 5880 reddidit:
2479 5843 2509 5875 ‹‹
2538 5823 2605 5878 ut
2636 5837 2743 5880 nec
2771 5836 2874 5895 per
2892 5821 3011 5880 vim
3059 5821 3377 5895 oppressis,
3410 5821 3686 5883 nec—iis...
