4028 6394
290 437 413 499 633

1294 433 1587 495 ORATIO
1632 432 1733 495 IV.
1767 464 1845 479 -—
1875 431 2189 496 CONTRA
2235 428 2640 493 JULIANUM
2684 429 2733 489 Ι.

3614 430 3736 490 634

293 572 539 645 ξάτωσαν
572 570 695 631 πῶς
725 566 761 637 ἥ
794 570 901 623 ποῦ
932 564 1140 624 δίκαιον
1189 568 1223 638 ὴ
1235 572 1336 641 μᾶς
1391 566 1485 641 μὶν
1530 566 1619 623 καὶ
1649 566 1961 643 πάσχοντας

2081 584 2255 640 quam
2290 564 2430 621 mali
2461 566 2597 634 sint,
2622 563 2934 637 pravisque
2955 563 3068 619 diis
3090 566 3400 637 gaudeant,
3424 564 3507 620 ita
3534 567 3733 621 tamen

289 664 604 738 καρτερεῖν,
666 656 860 720 αὐτοὺς
920 655 979 712 δὶ
1038 656 1179 730 μηδὲ
1245 653 1579 735 φειδομένων
1642 655 1961 734 φείδεσθαι·

300 750 492 807 σκόπει
525 750 635 824 (71)
667 748 774 824 γὰρ
824 744 990 804 οὕτω.
1039 751 1154 801 Τῶν
1187 748 1281 820 μὲν
1334 748 1469 819 ἡμῖν
1504 747 1807 823 γεγονότων
1842 768 1966 801 και-

302 845 412 918 ρῶν
440 844 539 895 τοῦ
571 836 850 911 δύνασθαι,
880 841 987 892 τῶν
1023 836 1080 892 δὶ
1132 836 1259 910 ὑμῖν
1297 834 1498 891 ἄλλοτε
1536 836 1726 899 ἄλλως
1754 836 1963 892 τούτων

304 928 745 1005 περιτρεχόντων
796 948 857 982 τε
906 928 1017 1001 (72)
1065 925 1154 981 καὶ
1205 926 1635 999 μεθισταμένων,
1669 925 1720 980 τί
1748 930 1966 981 τοιοῦτο

305 1018 450 1095 παρᾶ
498 1019 840 1093 Χριστιανῶν
886 1036 1019 1070 ποτε
1064 1016 1178 1089 (73)
1228 1009 1420 1085 συνέϐη
1480 1019 1598 1075 τοῖς
1661 1014 1965 1090 ὑμετέροις,

306 1108 397 1163 οἷα
427 1109 550 1182 παρ’
603 1107 755 1180 ὑμῶν
788 1102 1077 1167 ’πολλάκις
1123 1109 1473 1180 Χριπιανοῖς
1508 1123 1522 1173 ;
1556 1103 1719 1165 Ποίας
1749 1103 1966 1180 παρῥηο

308 1197 428 1260 σίας
460 1196 601 1269 ὐμᾶς
634 1196 1078 1270 ἀπεστερήσαμεν
1106 1213 1119 1263 ;
1149 1192 1263 1247 Τίσι
1286 1191 1499 1267 δήμους
1526 1192 1961 1267 ἐπανεστήσαμεν

311 1288 533 1358 ζέοντας
572 1306 586 1356 ;
634 1284 742 1340 τίσι
798 1281 1091 1360 ἄρχοντας,
1142 1281 1320 1337 πλείω
1369 1287 1475 1338 τῶν
1530 1282 1963 1356 ἐπιταττομένων

304 1379 708 1449 ὑπηρετοῦντας
769 1393 782 1442 ;
835 1374 953 1427 Τίσι
1006 1374 1097 1427 τὸν
1158 1371 1283 1445 περὶ
1358 1374 1542 1447 ψυχῆς
1615 1370 1963 1448 ἐπηγάγομεν

306 1462 557 1520 κίνδυνον
594 1483 607 1533 ;
641 1460 867 1521 Μᾶλλον
923 1460 981 1516 δὲ
1026 1462 1172 1523 τίνας
1221 1460 1407 1537 ἀρχῶν
1460 1458 1844 1533 ἀπηλάσαμεν,
1876 1460 1965 1515 καὶ

306 1559 420 1609 τῶν
466 1551 646 1609 ἄλλων
695 1556 872 1626 τιμῶν
922 1552 977 1606 al
1025 1556 1143 1613 τοῖς
1193 1550 1432 1626 ἀρίστοις
1472 1548 1783 1625 ὀφείλονται
1818 1569 1831 1618 ;
1868 1551 1965 1605 Καὶ

304 1642 596 1699 συνελόντα
624 1644 737 1715 (74)
783 1643 964 1718 φάναι,
994 1640 1099 1695 τίνι
1146 1662 1198 1695 τι
1246 1643 1495 1695 τοιοῦτον
1530 1638 1964 1714 ἑπενηνύχαμεν,

298 1735 393 1788 οἷα
446 1730 634 1788 πολλὰ
685 1732 813 1807 παρ’
870 1731 1021 1805 ὑμῶν
1099 1732 1165 1784 τὰ
1226 1730 1320 1803 μὲν
1388 1727 1671 1802 ἐτολμήθη
1708 1772 1724 1795 ,
1782 1729 1849 1784 τὰ
1908 1727 1965 1785 δὲ

296 1821 582 1893 ἠπειλήθη
637 1840 650 1889 ;
706 1818 857 1877 Ἀλλ’
919 1818 1032 1875 οὐδ’
1092 1820 1150 1874 ἃν
1211 1818 1366 1874 αὐτοὶ
1434 1820 1549 1893 (75)
1608 1817 1848 1896 φαίητε,
1913 1820 1964 1874 οἳ

298 1912 365 1968 τὸ
422 1911 630 1983 ἥμερον
686 1912 822 1983 ἡμῖν
883 1912 995 1983 (76)
1063 1909 1419 1984 ἐγκαλοῦντες
1476 1908 1565 1963 καὶ
1622 1907 1685 1963 τὸ
1746 1906 1908 1986 φιλάν
1940 1943 1961 1952 -

299 2004 543 2077 θρωπον.

2074 656 2449 729 impudentes
2496 658 2655 724 sunt,
2689 658 2754 708 ut
2792 653 2999 709 vitium
3049 653 3292 725 perinde
3337 657 3512 726 atque
3562 654 3735 712 aliam

2075 748 2391 820 quamdam
2423 744 2847 812 hzereditatem,
2872 745 2945 801 ad
2979 761 3040 800 se
3070 744 3315 800 attinere
3341 746 3698 803 contendant
3723 764 3735 803 :

2078 838 2391 893 ostendant
2411 834 2607 904 velim,
2633 834 2910 907 quoniam
2944 837 3112 906 pacto
3140 850 3373 905 aequum
3397 835 3492 901 sit,
3519 838 3618 889 aut
3638 836 3738 889 ubi

2078 928 2187 984 hoc
2242 930 2445 996 exstet,
2488 942 2597 981 nos
2653 925 2917 997 quidem,
2953 924 3128 979 etiam
3181 923 3418 995 injuriis
3481 924 3735 995 affectos,

2078 1020 2415 1073 constanter
2431 1015 2579 1071 ferre
2602 1015 2833 1083 debere,
2856 1014 3017 1086 ipsos
3044 1018 3242 1069 autem
3266 1030 3337 1068 ne
3360 1013 3739 1085 parcentibus

2077 1106 2314 1178 quidem
2352 1120 2606 1176 parcere.
2640 1103 2734 1159 Sic
2765 1103 2919 1159 enim
2963 1120 3084 1159 rem
3137 1104 3418 1176 expende.
3444 1101 3589 1158 Cum
3623 1120 3737 1160 non

2078 1196 2370 1252 defuerint
2391 1199 2657 1266 tempora
2678 1193 2895 1267 quibus
2921 1210 3032 1248 non
3057 1194 3320 1266 potentia
3339 1193 3736 1263 ﬂoruerimus,

2076 1286 2290 1357 quibus
2320 1302 2421 1340 vos
2452 1288 2673 1353 autem,
2710 1282 2799 1339 his
2831 1282 3110 1337 nimirum
3136 1282 3280 1338 alias
3304 1283 3473 1339 aliter
3494 1284 3735 1340 rotanti-

2074 1376 2209 1442 bus,
2234 1379 2410 1446 atque
2439 1372 2499 1427 in
2532 1372 2830 1429 diversum
2860 1372 3216 1440 labentibus,
3239 1374 3386 1429 131
3433 1373 3573 1445 quid
3606 1377 3737 1428 tan-

2076 1464 2210 1519 dem
2234 1462 2428 1518 simile
2448 1462 2623 1517 vestri
2648 1480 2681 1517 a
2702 1461 3049 1517 Christianis
3071 1462 3331 1534 perpessi
3359 1467 3517 1529 sunt,
3538 1462 3738 1535 qualia

2076 1568 2481 1624 saapenumero
2512 1550 2828 1606 Christiani
2861 1568 2895 1606 a
2920 1551 3085 1605 vobis
3114 1550 3517 1623 pertulerunt?
3547 1552 3734 1617 Quam

2074 1642 2406 1698 libertatem
2427 1640 2592 1697 vobis
2614 1641 2941 1713 eripuimus
2958 1640 2986 1694 ?
3010 1646 3073 1696 In
3106 1658 3253 1713 quos
3283 1641 3508 1714 plebem
3544 1641 3733 1697 furen~

2075 1734 2195 1787 tem
2228 1729 2699 1787 concitavimus?
2730 1731 2792 1784 In
2826 1746 2973 1802 quos
3014 1730 3203 1787 nostri
3234 1730 3532 1803 praesides,
3564 1730 3736 1804 plura

2074 1821 2249 1878 etiam
2283 1837 2461 1892 quam
2510 1820 2661 1892 ipsis
2708 1820 3060 1892 imperatum
3093 1824 3269 1887 esset,
3300 1826 3688 1893 exsequentes
3710 1823 3738 1877 ?

2075 1911 2301 1976 Quibus
2331 1911 2458 1966 vitae
2490 1909 2817 1982 periculum
2867 1911 3191 1966 creavimus
3211 1910 3239 1965 ?
3292 1910 3415 1967 Imo
3446 1927 3733 1984 quosnam

2070 2000 2346 2073 praeturis
2394 2000 2641 2071 aliisque
2690 1999 3035 2071 honoribus,
3071 1999 3170 2072 qui
3222 2000 3732 2072 praestantissimis

302 2093 638 2166 quibusque
684 2091 825 2148 viris
873 2091 1177 2162 debentur,
1210 2090 1662 2148 submovimus?
1690 2092 1898 2163 Atque,
1934 2095 1998 2147 ut
2027 2090 2373 2147 summatim
2424 2090 2638 2158 dicam,
2672 2090 2829 2145 eccui
2881 2089 3103 2161 aliquid
3155 2088 3347 2145 simile
3396 2089 3730 2161 intulimus,

301 2181 499 2255 qualia
530 2181 717 2237 multa
748 2197 782 2237 a
810 2180 974 2237 vobis
1004 2180 1218 2252 partim
1251 2184 1503 2253 patrata,
1535 2179 1751 2253 partim
1784 2180 2127 2237 denuntiata
2157 2180 2342 2237 sunt?
2372 2181 2482 2237 Sed
2515 2194 2587 2235 ne
2616 2178 2730 2251 ipsi
2762 2178 3000 2251 quidem
3034 2178 3142 2235 hoc
3174 2178 3457 2250 dixeritis,
3490 2179 3595 2251 qui
3626 2196 3730 2236 no-

300 2272 397 2329 bis
427 2270 947 2328 mansuetudinem
979 2275 1034 2325 et
1063 2270 1495 2326 humanitatem
1529 2270 1763 2326 crimini
1791 2275 2013 2327 vertere
2044 2269 2264 2327 soletis.

380 2362 479 2440 '16.
526 2364 753 2417 Ἔπειτα
798 2365 917 2423 πῶς
968 2359 1143 2416 ἐκεῖνο
1338 2359 1401 2415 οὐ
1450 2357 1666 2436 λογίζῃ,
1701 2361 1745 2414 ῶ
1776 2363 1962 2439 σοφώ-

309 2472 437 2506 τατε
466 2452 678 2506 πάντων
728 2451 819 2506 καὶ
871 2451 1222 2521 συνετώτατα,
1258 2450 1285 2504 ὁ
1316 2450 1455 2524 πρὸς
1504 2449 1567 2503 τὸ
1614 2457 1715 2519 τῆς
1767 2450 1962 2526 ἀρετῆς

312 2541 474 2615 ἄκρον
506 2538 802 2617 συγκλείων
846 2537 1222 2616 Χριστιανοὺς,
1274 2538 1357 2594 ὅτι
1404 2545 1507 2609 τῆς
1557 2538 1830 2615 ἡμετέρας
1876 2561 1962 2594 νο-

314 2629 567 2705 μοθεσίας
611 2632 681 2685 τὰ
737 2631 833 2703 μὶν
884 2628 1123 2705 ἀνάγκην
1170 2628 1287 2705 ἔχει
1335 2634 1451 2691 τοῖς
1502 2628 1963 2701 ἐπιταττομένοις,

310 2720 343 2776 ἃ
374 2721 463 2776 καὶ
516 2722 590 2793 μὴ
644 2719 976 2798 φυλάττουσι
1024 2716 1269 2782 κίνδυνος
1299 2722 1432 2790 (78)·
1467 2718 1532 2773 τὰ
1575 2715 1632 2773 δὲ
1663 2718 1761 2773 οὑκ
1798 2718 1961 2795 ἀνάγ-

309 2828 431 2881 κην,
467 2808 669 2882 α’ίρεσιν
704 2807 779 2864 δέ·
832 2809 865 2863 ἃ
914 2807 1245 2888 φυλάττουσι
1298 2810 1416 2881 μὶν,
1463 2809 1632 2881 τιμήν
1674 2808 1763 2863 καὶ
1816 2808 1959 2864 ἀντί-

312 2894 461 2951 δοσιν
496 2901 631 2970 (79,,
669 2900 744 2971 μὴ
777 2897 1105 2976 φυλάττουσι
1137 2895 1215 2970 δὲ,
1247 2895 1361 2952 οὐδ’
1392 2896 1553 2952 ὅντιν’
1584 2898 1675 2952 οὗν
1705 2900 1819 2973 (80)
1848 2898 1960 2953 κίν-

314 2983 466 3040 δυνον
503 3004 517 3055 ;
551 2987 617 3042 Ei
653 2988 743 3058 μὲν
778 2988 881 3061 γὰρ
928 2986 1039 3041 οἷόν
1086 3008 1145 3042 τε
1188 2989 1255 3057 ἧν
1288 2989 1400 3062 (81)
1434 2985 1667 3050 ἅπαντας
1708 2988 1959 3065 ἀρίστους

311 3074 471 3145 εἶναι,
530 3075 619 3129 καὶ
667 3079 764 3129 τοῦ
811 3072 976 3151 ἄκρου
1022 3083 1122 3145 τῆς
1176 3076 1368 3151 ἀρετῆς
1432 3072 1722 3133 ἐπιϐαίνειν
1751 3123 1764 3149 ,
1815 3074 1960 3132 τοῦτ’

306 3163 366 3219 ἃν
400 3165 467 3234 ἧν
528 3164 810 3241 κράτιστόν
870 3186 928 3220 τε
978 3167 1067 3221 καὶ
1123 3166 1480 3223 τελεώτατον·
1516 3167 1632 3223 ἐπεὶ
1684 3165 1742 3223 δὲ
1784 3169 1959 3245 χωρὶς

298 3253 367 3309 τὰ
421 3256 536 3309 θεῖα
589 3258 697 3309 τῶν
758 3255 1132 3331 ἀνθρωπίνων,
1193 3255 1283 3311 καὶ
1334 3262 1451 3319 τοῖς
1514 3258 1608 3330 μὲν
1662 3257 1762 3313 οὐκ
1820 3252 1957 3312 ἔστιν

299 3341 429 3399 ὅτου
626 3345 702 3417 μή
758 3348 866 3399 τῶν
916 3343 1101 3400 καλῶν
1156 3345 1391 3418 μέτεστι,
1424 3352 1537 3408 τοῖς
1569 3344 1627 3401 δὲ
1670 3348 1830 3423 μέγα,
1863 3347 1958 3401 κᾶν

2146 2362 2325 2419 XCIX.
2356 2361 2437 2416 Ad
2471 2360 2591 2416 haec
2636 2361 2929 2433 quomodo
2960 2360 3105 2416 illud
3139 2377 3253 2416 non
3288 2361 3730 2431 animadvertis,

2074 2451 2342 2507 omnium
2392 2448 2825 2523 sapientissime
2874 2455 2932 2505 et
2978 2449 3477 2522 ingeniosissime,
3510 2451 3607 2523 qui
3656 2451 3729 2507 ad

2071 2540 2308 2596 virtutis
2341 2555 2531 2595 arcem
2564 2543 2619 2594 et
2650 2540 2926 2595 verticem
2957 2539 3320 2596 Christianos
3364 2540 3545 2611 cogis,
3573 2541 3730 2612 quod

2081 2630 2140 2684 in
2171 2628 2397 2701 legibus
2434 2628 2671 2695 nostris,
2696 2628 2811 2683 alia
2841 2629 3079 2700 parendi
3112 2629 3523 2686 necessitatem
3545 2628 3733 2703 impo-

2073 2723 2242 2789 nunt,
2276 2735 2380 2774 nec
2411 2719 2538 2774 sine
2589 2718 2847 2790 periculo
2896 2718 3257 2790 praetermitti
3302 2723 3576 2790 possunt;
3614 2719 3730 2776 alia

2072 2825 2191 2865 non
2226 2809 2575 2864 necessitate
2601 2810 3037 2881 constringunt,
3066 2809 3163 2865 sed
3191 2808 3249 2863 in
3282 2809 3522 2865 arbitrio
3553 2814 3610 2865 et
3637 2828 3732 2867 vo-

2070 2898 2295 2954 luntate
2328 2898 2519 2970 posita
2551 2901 2725 2953 sunt:
2756 2914 2821 2953 ac
2854 2898 3097 2971 proinde
3129 2898 3280 2954 hanc
3312 2898 3595 2954 rationem
3629 2900 3730 2955 ha-

2070 2988 2230 3057 bent,
2266 2992 2329 3043 ut
2378 2988 2478 3060 qui
2525 3004 2591 3044 ea
2641 2988 3047 3055 custodierint,
3083 2988 3303 3044 honore
3359 2992 3415 3043 et
3472 2989 3731 3061 praemiis

2072 3078 2435 3147 afﬁciantur;
2471 3078 2569 3151 qui
2605 3082 2799 3133 autem
2832 3078 3030 3134 minus
3072 3095 3140 3133 ea
3169 3078 3549 3150 expleverint,
3580 3078 3728 3135 nihil

2071 3168 2314 3240 periculi
2379 3168 2836 3241 pertimescant?
2874 3167 3125 3239 Etenim,
3158 3168 3207 3225 si
3238 3168 3363 3224 ﬁeri
3422 3173 3619 3241 posset
3667 3173 3732 3226 ut

2072 3274 2251 3329 quam
2283 3258 2491 3331 Optimi
2513 3274 2717 3314 omnes
2740 3262 2958 3328 essent,
2984 3262 3159 3331 atque
3192 3260 3262 3314 ad
3298 3276 3601 3315 summum
3625 3260 3732 3315 vir-

2070 3348 2215 3403 tutis
2246 3348 2545 3420 fastigium
2588 3348 2977 3419 pervenirent,
3000 3349 3109 3405 hoc
3139 3349 3374 3420 quidem
3408 3349 3729 3421 praeclaris-

298 3433 473 3490 εἰτοῦ
518 3433 685 3506 μέσου
734 3435 1079 3511 τυγχάνοιεν,
1131 3435 1183 3489 τί
1234 3456 1318 3490 σοι
1373 3435 1630 3511 βούλεται
1676 3436 1739 3491 τὸ
1790 3441 1956 3493 ταῦτα

2081 3438 2288 3495 simum
2340 3442 2397 3493 et
2446 3438 2939 3510 perfectissimum
2993 3442 3167 3493 esset.
3202 3438 3486 3504 Quoniam
3535 3444 3731 3494 autem

295 3524 636 3596 νομοθετεῖν,
692 3522 726 3577 ἃ
777 3524 854 3597 μή
899 3528 1005 3579 τῶν
1057 3526 1273 3581 πάντων
1326 3524 1489 3598 ἐστὶν,
1524 3529 1558 3596 ἣ
1604 3526 1960 3602 κατακρίτους

296 3612 437 3670 εἶναι
483 3611 615 3675 τοὺς
664 3612 725 3668 οὐ
774 3611 1195 3691 φυλάσσοντας;
1240 3618 1445 3692 ’Ὠσπερ
1493 3618 1598 3693 γὰρ
1652 3616 1798 3679 ὅστις
1849 3620 1962 3691 (83)

294 3702 366 3759 οὐ
422 3700 704 3766 κολάσεως
762 3704 936 3775 ἄξιος,
993 3702 1103 3776 ἤδη
1178 3705 1269 3760 καὶ
1327 3705 1721 3783 ἀναρρήσεως·
1787 3705 1960 3769 οὕτως

294 3791 451 3854 ὅστις
484 3794 597 3867 (84)
630 3792 730 3849 οὐκ
778 3793 1147 3871 ἀναῤῥήσεως,
1196 3794 1305 3868 ἤδη
1356 3796 1445 3852 καὶ
1494 3794 1785 3871 τιμωρίας⁸
1834 3794 1961 3850 ἀλλ’

294 3882 355 3939 ἰν
389 3880 538 3955 ὅροις
571 3879 653 3937 δεῖ
704 3883 960 3955 μένοντας
1007 3892 1110 3955 τῆς
1157 3887 1428 3963 ἡμετέρας
1482 3885 1827 3964 φιλοσοφίας,
1870 3885 1960 3940 καὶ

290 3976 403 4037 τῆς
437 3966 773 4045 ἀνθρωπίνης
808 3969 1088 4045 δυνάμεως
1114 3976 1253 4049 (85),
1287 3974 1462 4037 οὕτως
1507 3975 1749 4030 ἀπαιτεῖν
1780 3974 1870 4029 καὶ
1900 3976 1961 4029 τὸ

293 4058 757 4134 κατορθούμενον.

2074 3528 2270 3584 divina
2300 3528 2371 3583 ab
2403 3527 2684 3583 humanis
2714 3527 3007 3600 dirempta
3038 3532 3195 3597 sunt,
3227 3532 3401 3599 atque
3448 3527 3545 3584 alii
3598 3529 3734 3600 qui-

2073 3619 2205 3674 dem
2241 3617 2399 3674 nullo
2453 3635 2567 3673 non
2616 3617 2849 3672 virtutis
2898 3634 3107 3689 genere
3154 3617 3466 3688 excellunt,
3498 3618 3596 3674 alii
3627 3635 3732 3674 au-

2072 3710 2189 3763 tem
2222 3708 2369 3762 bene
2401 3723 2602 3762 secum
2640 3706 2732 3778 agi
2782 3710 3010 3778 putant,
3045 3707 3095 3763 si
3126 3706 3213 3762 vel
3262 3708 3728 3765 mediocritatem

2073 3800 2487 3868 assequentur,
2512 3813 2639 3868 quae
2672 3795 2794 3851 haec
2824 3800 2926 3851 tua
2955 3795 3105 3852 ratio
3132 3799 3241 3867 est,
3266 3796 3409 3851 dum
3461 3813 3528 3852 ea
3578 3796 3731 3852 indi-

2073 3888 2156 3944 cis
2186 3890 2242 3942 et
2270 3886 2623 3959 praescribis,
2658 3903 2787 3958 quae
2839 3903 2954 3941 non
3004 3886 3268 3942 omnium
3302 3890 3467 3955 sunt;
3505 3894 3604 3943 aut
3630 3904 3731 3943 eos

2072 3994 2177 4051 pro
2208 3976 2501 4031 damnatis
2542 3976 2743 4044 habes,
2778 3975 2875 4048 qui
2925 3993 3039 4031 non
3089 3976 3472 4032 custodiunt?
3517 3977 3728 4041 Quem-

2072 4067 2391 4123 admodum
2440 4065 2596 4121 enim
2650 4065 2920 4138 quisquis
2975 4066 3267 4138 supplicio
3324 4066 3481 4123 haud
3515 4066 3731 4140 dignus

292 4154 413 4216 est,
448 4167 560 4207 non
590 4151 746 4208 idem
803 4153 1006 4210 statim
1055 4153 1291 4212 laudem
1323 4160 1381 4211 et
1412 4156 1885 4229 praedicationem
1920 4162 2205 4225 meretur;
2256 4157 2457 4212 eodem
2491 4156 2664 4211 modo
2696 4174 2801 4211 nec
2832 4156 3101 4228 quisquis
3132 4155 3303 4211 laude
3352 4165 3406 4211 et
3453 4158 3730 4227 praedica-

290 4240 459 4296 tione
488 4239 703 4314 dignus
737 4258 854 4297 non
884 4247 997 4309 est,
1029 4244 1186 4299 idem
1220 4246 1527 4301 confestim
1580 4262 1810 4318 poenam
1844 4262 2080 4318 quoque
2109 4251 2546 4302 commeretur:
2582 4246 2684 4300 sed
2734 4245 3118 4317 philosophiae
3169 4250 3383 4301 nostrae
3411 4246 3735 4301 virtutum-

288 4346 414 4405 que
462 4329 863 4387 humanarum
923 4332 1145 4389 ﬁnibus
1203 4351 1310 4391 nos
1364 4334 1525 4408 ipsos
1558 4335 1855 4392 continere
1887 4337 2194 4409 debemus,
2228 4337 2429 4409 sicque
2475 4335 2553 4403 id,
2589 4336 2743 4409 quod
2798 4339 2951 4392 recte
2995 4339 3053 4391 et
3099 4352 3166 4392 ex
3212 4336 3428 4391 virtute
3485 4336 3729 4409 geritur,

287 4436 385 4478 ex:
392 4435 549 4492 gere.

373 4509 420 4562 P'
465 4506 626 4565 ’Δλλ’
671 4506 927 4565 ἀνακτὲον
971 4532 1071 4583 μοι
1117 4509 1283 4568 πάλιν
1326 4510 1421 4568 τὸν
1474 4513 1642 4590 Λόγον
1690 4515 1778 4570 ἐπὶ
1825 4513 1954 4577 τοὺς

517 4641 741 4701 Σκόπει.
950 4646 1072 4718 bm,
1103 4648 1321 4720 Comb.,
1353 4650 1482 4706 Sav.
1509 4655 1779 4707 σκοπεῖτε.

373 4717 485 4795 (72)
543 4717 983 4795 Περιοριχόντων
1041 4717 1119 4776 τε.
1180 4721 1271 4777 Sic
1308 4717 1449 4779 'duo
1492 4721 1670 4795 Regg.
1704 4728 1762 4780 et
1791 4728 1957 4781 Pass.

298 4793 475 4844 Deest
501 4809 560 4843 τε
591 4789 651 4845 in
683 4789 775 4846 ed.

377 4860 491 4986 (73)
548 4862 885 4936 Χριστιανῶν
944 4881 1098 4947 ποτε.
1161 4866 1249 4921 Ita
1306 4865 1788 4950 Regiioquatuor,
1848 4867 1964 4922 duo

302 4931 381 5009 Co
408 4932 488 5009 bl,
522 4932 623 5009 Or._
651 4937 715 5009 1ζ
732 4933 900 5002 Gab.,
949 4934 1049 5009 algu
1098 4940 1348 5009 servato,
1391 4940 1488 4994 alu
1521 4942 1735 5009 rejecto
1766 4954 1967 4995 accen-

306 5003 576 5131 ἓιᾶἧβεε.
606 5005 648 5076 1,
681 5005 845 5062 Pass.
878 5010 938 5062 et
990 5008 1162 5065 Savil.
1223 5003 1467 5069 πώποτε.
1520 5003 1687 5068 Deest
1729 5029 1860 5065 ποτε
1904 5011 1964 5067 in

426 5093 495 5131 is.

302 5090 495 5132 θαιῐιε.

373 5149 486 5290 (74)
519 5145 844 5239 Συνελόντα.
877 5148 993 5205 Alii
1024 5147 1327 5238 συνελέντι.

392 5222 464 5276 75
519 5218 708 5278 Αυτοί.
734 5221 895 5278 Pass.
929 5222 1095 5280 addit
1121 5244 1311 5279 ταυτα.

392 5218 486 5280 75)
519 5218 708 5278 Αὐτοί.
734 5221 895 5278 Pass.
929 5222 1095 5280 addit
1121 5227 1311 5279 ταῦτα.

373 5294 485 5431 (76)
509 5298 690 5366 Ἡμῖν.
725 5293 899 5351 Deest
926 5294 986 5351 in
1017 5296 1251 5354 duobus
1283 5298 1462 5369 Regg.
1495 5301 1554 5354 et
1581 5299 1676 5354 0r.
1715 5300 1765 5354 1.

393 5366 478 5431 77)
513 5368 638 5429 Πῶς
692 5363 887 5421 ἐκεῖνο.
921 5368 1083 5425 Pass.
1116 5374 1174 5426 et
1210 5369 1329 5431 alii,
1381 5371 1497 5430 πῶς
1529 5368 1648 5427 οὐκ.
1686 5371 1762 5427 Pa

310 5363 478 5484 ἄκρη
513 5363 638 5457 ρῶς
692 5363 887 5421 ἐκεῖνο.
921 5368 1083 5425 Pass.
1116 5374 1174 5426 et
1210 5369 1329 5437 alii,
1368 5363 1497 5430 "me;
1529 5368 1648 5427 οὐκ.
1686 5371 1812 5427 Par.
1847 5372 1961 5431 πῶς

371 5453 442 5484 ειν
490 5458 573 5484 ου-

335 5439 459 5487 κεῖν’
490 5437 573 5495 οὗ,

379 5510 491 5597 (78)
524 5505 801 5597 Κίγδυνος.
837 5509 1099 5597 Montac.
1132 5511 1670 5597 legendum_putat,
1693 5508 1962 5597 κίνδυνον,

310 5581 375 5656 ut
400 5582 685 5656 referatur
708 5585 781 5641 ad
815 5583 987 5656 φέρει,
1049 5581 1219 5656 quod
1238 5581 1713 5642 subaudiendum
1744 5581 1962 5643 censet.

313 5602 375 5631 ut
404 5602 685 5640 rererarur
708 5602 781 5641 au
856 5602 987 5655 ερει,
1049 5602 1205 5656 quoa
1238 5602 1713 5642 subaudiendum
1744 5602 1962 5643 censet.

307 5651 521 5716 Quidni
549 5673 683 5741 vero
713 5656 787 5713 ad
815 5602 959 5725 ἵστί,
991 5657 1147 5729 quod
1176 5656 1485 5714 subaudiri
1516 5657 1666 5715 solet
1693 5660 1721 5714 ‘l
1752 5658 1966 5715 Favent

305 5739 512 5783 omnes
542 5729 773 5786 codices

376 5797 489 5871 (79)
518 5800 696 5875 Τιμὴν
750 5800 841 5856 καὶ
889 5796 1176 5860 ἀντίδοσιν.
1231 5802 1740 5875 Subaudiendum,
1795 5800 1963 5880 φίρει,

2137 4517 2200 4573 C.
2231 4518 2304 4571 At
2334 4515 2479 4571 mihi
2520 4532 2758 4571 rursum
2800 4514 3137 4572 faciendum
3168 4520 3276 4583 est,
3313 4519 3376 4571 ut
3407 4515 3728 4572 orationem

1991 4656 2039 4721 D
2068 4648 2158 4706 vel
2174 4650 2570 4723 repetendum
2605 4644 2740 4723 ἔχει,

2301 4719 2441 4795 9‘38:
2489 4717 2670 4775 ὅπως-
2702 4717 2815 4795 οὗῖ·
2888 4722 3041 4795 398:-
3078 4722 3176 4789 hu:
3237 4722 3390 4795 Ald-9
3432 4723 3563 4780 ΗθΓ·
3598 4719 3729 4795 μηδ’

2075 4789 2238 4847 ὅντιν’
2270 4791 2383 4849 οὖν.
2419 4794 2597 4867 Regg.
2631 4795 2751 4864 bm,
2785 4793 2825 4863 1,
2857 4789 3189 4847 οὐδ”ὅντινα
3238 4794 3351 4852 οὖν.
3378 4789 3608 4855 Βειείίῷ
3636 4789 3728 4847 ὁν-

2071 4885 2412 5029 τῖηέίνίοῖόν
2444 4957 2501 4991 τε
2528 4938 2615 5005 ἦν.
2653 4940 2737 4994 Ita
2796 4938 3061 5010 plerique
3089 4939 3338 4995 codices.
3374 4943 3439 4995 In
3485 4939 3576 4995 ed.
3614 4939 3729 4993 οἷον

2072 5028 2102 5063 τ
2281 5082 2469 5171 "9“:00.
2503 5082 2643 5171 Rgg.
2669 5082 2734 5165 Ib,
2776 5080 2905 5171 811p.
2989 5151 3015 5171 υ
3216 5154 3310 5171 Ν.
3393 5156 3402 5165 _

2166 5154 2257 5229 83)
2297 5154 2523 5229 Ὅσῖὲςξ,
2555 5153 2761 5229 Ρᾶῐῇθι,
2819 5153 3152 5229 οὖχηδστις,
3214 5154 3545 5211 Delevimus
3597 5154 3727 5229 οὐχ,

2074 5227 2229 5297 quod
2259 5242 2293 5281 a
2322 5226 2622 5281 codicibus
2651 5227 2767 5282 fere
2797 5226 3071 5282 omnibus
3101 5226 3286 5281 abest.

2074 5298 2257 5422 ἔ,(84)
2292 5297 2492 5357 Ὅστις.
2564 5297 2668 5354 Hic
2726 5299 2941 5355 iterum
3001 5297 3394 5370 expunximus
3456 5296 3563 5374 οὐχ
3592 5302 3728 5355 ante

2109 5388 2245 5422 στις.

2109 5388 2262 5513 dig?)
2290 5436 2665 5513 Ἀνθρωπίνης
2698 5436 2998 5509 δυνάμεως.
3034 5443 3169 5513 Reg.
3200 5440 3301 5511 hu,
3357 5441 3508 5498 Ald..
3561 5442 3728 5498 llerv.

2074 5510 2365 5586 ἡμετέρας.
2401 5510 2633 5586 Mallem
2657 5512 2814 5568 hunc
2835 5513 3028 5569 locum
3058 5510 3144 5569 sic
3173 5510 3414 5586 reddere
3440 5530 3453 5586 ξ
3490 5535 3517 5564 ‹‹
3548 5513 3730 5585 Opor-

2074 5589 2157 5641 tet
2203 5584 2380 5656 igitur
2424 5584 2804 5656 philosophia:
2834 5590 3044 5641 nostrae
3078 5585 3411 5656 viriumque
3441 5584 3728 5642 humana-

2073 5675 2206 5713 rum
2244 5658 2457 5713 ﬁnibus
2490 5657 2788 5712 continere
2819 5674 2900 5719 se,
2944 5674 3009 5713 ac
3041 5658 3125 5715 ita
3154 5658 3395 5714 demum
3426 5659 3582 5729 quod
3606 5673 3726 5713 rec-

2074 5733 2132 5787 te
2161 5736 2220 5787 et
2250 5747 2321 5787 ex
2356 5729 2569 5787 virtute
2589 5730 2834 5801 geritur,
2867 5730 3114 5803 exigere.
3152 5751 3180 5780 ››
