  <div class='ocr_page' id='page_1' title='image "/cluster/home/n/w/nwhite01/storage/ocr_20150623/35:no.1/coo.31924054869320/324.png"; bbox 0 0 4028 6408; ppageno 0'>
   <div class='ocr_carea' id='block_1_1' title="bbox 335 452 456 516">
    <p class='ocr_par' dir='ltr' id='par_1_1' title="bbox 335 452 456 516">
     <span class='ocr_line' id='line_1_1' title="bbox 335 452 456 516; baseline -0.05 1"><span class='ocrx_word' id='word_1_1' title='bbox 335 452 456 516; x_wconf 79' lang='lat'><strong>637</strong></span> 
     </span>
    </p>
   </div>
   <div class='ocr_carea' id='block_1_2' title="bbox 1340 447 2780 513">
    <p class='ocr_par' dir='ltr' id='par_1_2' title="bbox 1340 447 2780 513">
     <span class='ocr_line' id='line_1_2' title="bbox 1340 447 2780 513; baseline -0.003 -1"><span class='ocrx_word' id='word_1_2' title='bbox 1340 450 1633 513; x_wconf 81' lang='lat' dir='ltr'>ORATIO</span> <span class='ocrx_word' id='word_1_3' title='bbox 1676 450 1781 512; x_wconf 80' lang='lat' dir='ltr'>IV.</span> <span class='ocrx_word' id='word_1_4' title='bbox 1815 481 1895 496; x_wconf 91' lang='lat'><strong><em>—</em></strong></span> <span class='ocrx_word' id='word_1_5' title='bbox 1927 448 2243 511; x_wconf 81' lang='lat' dir='ltr'>CONTRA</span> <span class='ocrx_word' id='word_1_6' title='bbox 2286 447 2689 511; x_wconf 82' lang='lat' dir='ltr'>JULIANUM</span> <span class='ocrx_word' id='word_1_7' title='bbox 2732 449 2780 509; x_wconf 93' lang='grc' dir='ltr'>Ι.</span> 
     </span>
    </p>
   </div>
   <div class='ocr_carea' id='block_1_3' title="bbox 3650 448 3772 511">
    <p class='ocr_par' dir='ltr' id='par_1_3' title="bbox 3650 448 3772 511">
     <span class='ocr_line' id='line_1_3' title="bbox 3650 448 3772 511; baseline 0.016 -2"><span class='ocrx_word' id='word_1_8' title='bbox 3650 448 3772 511; x_wconf 84' lang='grc'>638</span> 
     </span>
    </p>
   </div>
   <div class='ocr_carea' id='block_1_4' title="bbox 335 576 2001 657">
    <p class='ocr_par' dir='ltr' id='par_1_4' title="bbox 335 576 1998 657">
     <span class='ocr_line' id='line_1_4' title="bbox 335 576 1998 657; baseline -0.003 -16"><span class='ocrx_word' id='word_1_9' title='bbox 335 584 529 656; x_wconf 79' lang='grc' dir='ltr'>νίζειν,</span> <span class='ocrx_word' id='word_1_10' title='bbox 587 583 662 637; x_wconf 83' lang='grc' dir='ltr'>ὧν</span> <span class='ocrx_word' id='word_1_11' title='bbox 722 579 815 638; x_wconf 83' lang='grc' dir='ltr'>καὶ</span> <span class='ocrx_word' id='word_1_12' title='bbox 874 582 935 636; x_wconf 82' lang='grc' dir='ltr'>τὸ</span> <span class='ocrx_word' id='word_1_13' title='bbox 989 576 1163 637; x_wconf 76' lang='grc' dir='ltr'>σέϐειν</span> <span class='ocrx_word' id='word_1_14' title='bbox 1393 581 1577 645; x_wconf 83' lang='grc' dir='ltr'>θεούς⁶</span> <span class='ocrx_word' id='word_1_15' title='bbox 1637 581 1788 655; x_wconf 81' lang='grc' dir='ltr'>ὑμῶν</span> <span class='ocrx_word' id='word_1_16' title='bbox 1851 578 1910 636; x_wconf 70' lang='grc' dir='ltr'>δὲ</span> <span class='ocrx_word' id='word_1_17' title='bbox 1964 582 1998 650; x_wconf 86' lang='grc' dir='ltr'>ἡ</span> 
     </span>
    </p>
   </div>
   <div class='ocr_carea' id='block_1_5' title="bbox 2118 576 3767 657">
    <p class='ocr_par' dir='ltr' id='par_1_5' title="bbox 2122 582 3767 655">
     <span class='ocr_line' id='line_1_5' title="bbox 2122 582 3767 655; baseline 0 -18"><span class='ocrx_word' id='word_1_18' title='bbox 2122 582 2390 650; x_wconf 73' lang='lat' dir='ltr'>Graecari,</span> <span class='ocrx_word' id='word_1_19' title='bbox 2424 585 2606 654; x_wconf 77' lang='lat' dir='ltr'>utpote</span> <span class='ocrx_word' id='word_1_20' title='bbox 2634 598 2869 655; x_wconf 83' lang='lat' dir='ltr'>quorum</span> <span class='ocrx_word' id='word_1_21' title='bbox 2897 582 3070 637; x_wconf 85' lang='lat' dir='ltr'>etiam</span> <span class='ocrx_word' id='word_1_22' title='bbox 3098 582 3168 636; x_wconf 76' lang='lat' dir='ltr'>sit</span> <span class='ocrx_word' id='word_1_23' title='bbox 3198 582 3324 638; x_wconf 79' lang='lat' dir='ltr'>deos</span> <span class='ocrx_word' id='word_1_24' title='bbox 3355 584 3649 638; x_wconf 81' lang='lat' dir='ltr'>venerari:</span> <span class='ocrx_word' id='word_1_25' title='bbox 3672 599 3767 638; x_wconf 81' lang='lat' dir='ltr'>ve-</span> 
     </span>
    </p>
   </div>
   <div class='ocr_carea' id='block_1_6' title="bbox 336 669 2004 750">
    <p class='ocr_par' dir='ltr' id='par_1_6' title="bbox 336 669 2004 750">
     <span class='ocr_line' id='line_1_6' title="bbox 336 669 2004 750; baseline -0.004 -19"><span class='ocrx_word' id='word_1_26' title='bbox 336 673 543 750; x_wconf 82' lang='grc' dir='ltr'>ἀλογία</span> <span class='ocrx_word' id='word_1_27' title='bbox 598 672 690 728; x_wconf 84' lang='grc' dir='ltr'>καὶ</span> <span class='ocrx_word' id='word_1_28' title='bbox 751 675 787 743; x_wconf 79' lang='grc' dir='ltr'>ἠ</span> <span class='ocrx_word' id='word_1_29' title='bbox 848 672 1123 749; x_wconf 72' lang='grc' dir='ltr'>ἀγροικία*</span> <span class='ocrx_word' id='word_1_30' title='bbox 1184 671 1273 727; x_wconf 89' lang='grc' dir='ltr'>καὶ</span> <span class='ocrx_word' id='word_1_31' title='bbox 1334 670 1485 727; x_wconf 68' lang='grc' dir='ltr'>οὐδὲν</span> <span class='ocrx_word' id='word_1_32' title='bbox 1548 673 1679 748; x_wconf 70' lang='grc' dir='ltr'>ὑπὲρ</span> <span class='ocrx_word' id='word_1_33' title='bbox 1730 672 1840 741; x_wconf 86' lang='grc' dir='ltr'>τὸ,</span> <span class='ocrx_word' id='word_1_34' title='bbox 1902 669 2004 725; x_wconf 89' lang='grc' dir='ltr'>Πί-</span> 
     </span>
    </p>
   </div>
   <div class='ocr_carea' id='block_1_7' title="bbox 339 760 2003 839">
    <p class='ocr_par' dir='ltr' id='par_1_7' title="bbox 339 760 2003 839">
     <span class='ocr_line' id='line_1_7' title="bbox 339 760 2003 839; baseline -0.004 -18"><span class='ocrx_word' id='word_1_35' title='bbox 339 786 582 835; x_wconf 88' lang='grc' dir='ltr'>στευσον,</span> <span class='ocrx_word' id='word_1_36' title='bbox 642 770 744 832; x_wconf 80' lang='grc' dir='ltr'>τῆς</span> <span class='ocrx_word' id='word_1_37' title='bbox 804 763 1066 837; x_wconf 83' lang='grc' dir='ltr'>ὑμετέρας</span> <span class='ocrx_word' id='word_1_38' title='bbox 1123 761 1233 816; x_wconf 83' lang='grc' dir='ltr'>ἐστὶ</span> <span class='ocrx_word' id='word_1_39' title='bbox 1294 761 1505 839; x_wconf 77' lang='grc' dir='ltr'>σοφίας.</span> <span class='ocrx_word' id='word_1_40' title='bbox 1565 762 1679 818; x_wconf 76' lang='grc' dir='ltr'>Οὐκ</span> <span class='ocrx_word' id='word_1_41' title='bbox 1735 760 1792 815; x_wconf 81' lang='grc' dir='ltr'>ἃν</span> <span class='ocrx_word' id='word_1_42' title='bbox 1857 762 1950 834; x_wconf 73' lang='grc' dir='ltr'>μὲν</span> <span class='ocrx_word' id='word_1_43' title='bbox 1988 804 2003 829; x_wconf 91' lang='grc'>,</span> 
     </span>
    </p>
   </div>
   <div class='ocr_carea' id='block_1_8' title="bbox 339 850 2004 928">
    <p class='ocr_par' dir='ltr' id='par_1_8' title="bbox 339 850 2004 928">
     <span class='ocr_line' id='line_1_8' title="bbox 339 850 2004 928; baseline -0.004 -18"><span class='ocrx_word' id='word_1_44' title='bbox 339 858 524 928; x_wconf 69' lang='grc' dir='ltr'>οἶμαι,</span> <span class='ocrx_word' id='word_1_45' title='bbox 558 853 758 909; x_wconf 76' lang='grc' dir='ltr'>τούτου</span> <span class='ocrx_word' id='word_1_46' title='bbox 808 850 1232 927; x_wconf 84' lang='grc' dir='ltr'>καταγελάσαιεν</span> <span class='ocrx_word' id='word_1_47' title='bbox 1284 852 1336 905; x_wconf 74' lang='grc' dir='ltr'>οἳ</span> <span class='ocrx_word' id='word_1_48' title='bbox 1384 852 1511 927; x_wconf 87' lang='grc' dir='ltr'>παρ’</span> <span class='ocrx_word' id='word_1_49' title='bbox 1561 852 1688 924; x_wconf 85' lang='grc' dir='ltr'>ὑμῖν</span> <span class='ocrx_word' id='word_1_50' title='bbox 1736 852 1803 905; x_wconf 83' lang='grc' dir='ltr'>τὰ</span> <span class='ocrx_word' id='word_1_51' title='bbox 1832 852 2004 905; x_wconf 85' lang='grc' dir='ltr'>Πυθα-</span> 
     </span>
    </p>
   </div>
   <div class='ocr_carea' id='block_1_9' title="bbox 340 939 2002 1022">
    <p class='ocr_par' dir='ltr' id='par_1_9' title="bbox 340 939 2002 1022">
     <span class='ocr_line' id='line_1_9' title="bbox 340 939 2002 1022; baseline -0.005 -22"><span class='ocrx_word' id='word_1_52' title='bbox 340 945 511 1022; x_wconf 89' lang='grc' dir='ltr'>γόρου</span> <span class='ocrx_word' id='word_1_53' title='bbox 544 943 992 1022; x_wconf 75' lang='grc' dir='ltr'>φιλοσοφοῦντες,</span> <span class='ocrx_word' id='word_1_54' title='bbox 1038 943 1122 1003; x_wconf 81' lang='grc' dir='ltr'>οἷς</span> <span class='ocrx_word' id='word_1_55' title='bbox 1150 943 1233 1011; x_wconf 87' lang='grc' dir='ltr'>τὸ,</span> <span class='ocrx_word' id='word_1_56' title='bbox 1291 941 1460 1002; x_wconf 79' lang='grc' dir='ltr'>Αὐτὸς</span> <span class='ocrx_word' id='word_1_57' title='bbox 1500 939 1597 1017; x_wconf 81' lang='grc' dir='ltr'>ἔφα</span> <span class='ocrx_word' id='word_1_58' title='bbox 1629 943 1726 1013; x_wconf 75' lang='grc'>(1),</span> <span class='ocrx_word' id='word_1_59' title='bbox 1759 940 1821 994; x_wconf 89' lang='grc' dir='ltr'>τὸ</span> <span class='ocrx_word' id='word_1_60' title='bbox 1851 942 2002 1015; x_wconf 81' lang='grc' dir='ltr'>πρῶ-</span> 
     </span>
    </p>
   </div>
   <div class='ocr_carea' id='block_1_10' title="bbox 344 1028 2002 1108">
    <p class='ocr_par' dir='ltr' id='par_1_10' title="bbox 344 1028 2002 1108">
     <span class='ocr_line' id='line_1_10' title="bbox 344 1028 2002 1108; baseline -0.005 -17"><span class='ocrx_word' id='word_1_61' title='bbox 344 1057 438 1091; x_wconf 86' lang='grc' dir='ltr'>τον</span> <span class='ocrx_word' id='word_1_62' title='bbox 464 1033 553 1090; x_wconf 79' lang='grc' dir='ltr'>καί</span> <span class='ocrx_word' id='word_1_63' title='bbox 589 1032 845 1108; x_wconf 71' lang='grc' dir='ltr'>μέγιστόι</span> <span class='ocrx_word' id='word_1_64' title='bbox 901 1031 1008 1086; x_wconf 75' lang='grc' dir='ltr'>ἐστι</span> <span class='ocrx_word' id='word_1_65' title='bbox 1060 1035 1169 1086; x_wconf 83' lang='grc' dir='ltr'>τῶν</span> <span class='ocrx_word' id='word_1_66' title='bbox 1214 1028 1524 1107; x_wconf 79' lang='grc' dir='ltr'>δογμάτων,</span> <span class='ocrx_word' id='word_1_67' title='bbox 1572 1031 1662 1085; x_wconf 86' lang='grc' dir='ltr'>καὶ</span> <span class='ocrx_word' id='word_1_68' title='bbox 1709 1034 1815 1083; x_wconf 77' lang='grc' dir='ltr'>τῶν</span> <span class='ocrx_word' id='word_1_69' title='bbox 1862 1035 2002 1102; x_wconf 81' lang='grc' dir='ltr'>Χρυ-</span> 
     </span>
    </p>
   </div>
   <div class='ocr_carea' id='block_1_11' title="bbox 345 1115 2005 1197">
    <p class='ocr_par' dir='ltr' id='par_1_11' title="bbox 345 1115 2005 1197">
     <span class='ocr_line' id='line_1_11' title="bbox 345 1115 2005 1197; baseline -0.005 -18"><span class='ocrx_word' id='word_1_70' title='bbox 345 1129 453 1180; x_wconf 84' lang='grc' dir='ltr'>σῶν</span> <span class='ocrx_word' id='word_1_71' title='bbox 484 1125 653 1191; x_wconf 78' lang='grc' dir='ltr'>ἐπῶν,</span> <span class='ocrx_word' id='word_1_72' title='bbox 699 1121 797 1178; x_wconf 62' lang='grc' dir='ltr'>εἶτ’</span> <span class='ocrx_word' id='word_1_73' title='bbox 844 1119 935 1175; x_wconf 83' lang='grc' dir='ltr'>οὖν</span> <span class='ocrx_word' id='word_1_74' title='bbox 992 1115 1244 1193; x_wconf 81' lang='grc' dir='ltr'>μολιϐῶν</span> <span class='ocrx_word' id='word_1_75' title='bbox 1294 1124 1371 1193; x_wconf 81' lang='grc'>(2)</span> <span class='ocrx_word' id='word_1_76' title='bbox 1420 1120 1808 1197; x_wconf 71' lang='grc' dir='ltr'>αἱρετώτερον.</span> <span class='ocrx_word' id='word_1_77' title='bbox 1855 1119 2005 1175; x_wconf 76' lang='grc' dir='ltr'>Μετὰ</span> 
     </span>
    </p>
   </div>
   <div class='ocr_carea' id='block_1_12' title="bbox 340 1206 2004 1292">
    <p class='ocr_par' dir='ltr' id='par_1_12' title="bbox 340 1206 2004 1292">
     <span class='ocr_line' id='line_1_12' title="bbox 340 1206 2004 1292; baseline -0.005 -22"><span class='ocrx_word' id='word_1_78' title='bbox 340 1217 446 1292; x_wconf 77' lang='grc' dir='ltr'>γὰρ</span> <span class='ocrx_word' id='word_1_79' title='bbox 491 1215 592 1282; x_wconf 79' lang='grc' dir='ltr'>τὴν</span> <span class='ocrx_word' id='word_1_80' title='bbox 643 1213 869 1288; x_wconf 84' lang='grc' dir='ltr'>πρώτην</span> <span class='ocrx_word' id='word_1_81' title='bbox 928 1210 1018 1265; x_wconf 81' lang='grc' dir='ltr'>καὶ</span> <span class='ocrx_word' id='word_1_82' title='bbox 1076 1208 1466 1283; x_wconf 77' lang='grc' dir='ltr'>πολυύμνητον</span> <span class='ocrx_word' id='word_1_83' title='bbox 1525 1214 1640 1271; x_wconf 86' lang='grc' dir='ltr'>τοῖς</span> <span class='ocrx_word' id='word_1_84' title='bbox 1685 1209 1752 1263; x_wconf 77' lang='grc' dir='ltr'>τὰ</span> <span class='ocrx_word' id='word_1_85' title='bbox 1797 1206 2004 1263; x_wconf 80' lang='grc' dir='ltr'>ἐκείνου</span> 
     </span>
    </p>
   </div>
   <div class='ocr_carea' id='block_1_13' title="bbox 340 1296 2004 1378">
    <p class='ocr_par' dir='ltr' id='par_1_13' title="bbox 340 1296 2004 1378">
     <span class='ocr_line' id='line_1_13' title="bbox 340 1296 2004 1378; baseline -0.005 -18"><span class='ocrx_word' id='word_1_86' title='bbox 340 1303 702 1377; x_wconf 72' lang='grc' dir='ltr'>τελουμένοις</span> <span class='ocrx_word' id='word_1_87' title='bbox 753 1298 1077 1378; x_wconf 76' lang='grc' dir='ltr'>φιλοσοφίαν</span> <span class='ocrx_word' id='word_1_88' title='bbox 1125 1303 1227 1368; x_wconf 82' lang='grc' dir='ltr'>τῆς</span> <span class='ocrx_word' id='word_1_89' title='bbox 1268 1306 1482 1368; x_wconf 81' lang='grc' dir='ltr'>σιωπῆς</span> <span class='ocrx_word' id='word_1_90' title='bbox 1527 1302 1646 1371; x_wconf 83' lang='grc'>(8),</span> <span class='ocrx_word' id='word_1_91' title='bbox 1692 1297 1785 1353; x_wconf 63' lang='grc' dir='ltr'>’ίνα</span> <span class='ocrx_word' id='word_1_92' title='bbox 1833 1296 2004 1373; x_wconf 83' lang='grc' dir='ltr'>λόγου</span> 
     </span>
    </p>
   </div>
   <div class='ocr_carea' id='block_1_14' title="bbox 355 1386 2003 1469">
    <p class='ocr_par' dir='ltr' id='par_1_14' title="bbox 355 1386 2003 1469">
     <span class='ocr_line' id='line_1_14' title="bbox 355 1386 2003 1469; baseline -0.004 -22"><span class='ocrx_word' id='word_1_93' title='bbox 355 1389 528 1469; x_wconf 78' lang='grc' dir='ltr'>μέτρα</span> <span class='ocrx_word' id='word_1_94' title='bbox 582 1396 660 1463; x_wconf 74' lang='grc' dir='ltr'>τῷ</span> <span class='ocrx_word' id='word_1_95' title='bbox 718 1395 926 1461; x_wconf 83' lang='grc' dir='ltr'>σιωπᾷν</span> <span class='ocrx_word' id='word_1_96' title='bbox 985 1391 1315 1460; x_wconf 76' lang='grc' dir='ltr'>ἀσκηθῶσιν,</span> <span class='ocrx_word' id='word_1_97' title='bbox 1375 1387 1636 1462; x_wconf 78' lang='grc' dir='ltr'>ἔννομον,</span> <span class='ocrx_word' id='word_1_98' title='bbox 1696 1386 1882 1465; x_wconf 70' lang='grc' dir='ltr'>φησίν,</span> <span class='ocrx_word' id='word_1_99' title='bbox 1936 1390 2003 1455; x_wconf 77' lang='grc' dir='ltr'>ἧν</span> 
     </span>
    </p>
   </div>
   <div class='ocr_carea' id='block_1_15' title="bbox 354 1474 2007 1556">
    <p class='ocr_par' dir='ltr' id='par_1_15' title="bbox 354 1474 2007 1556">
     <span class='ocr_line' id='line_1_15' title="bbox 354 1474 2007 1556; baseline -0.004 -19"><span class='ocrx_word' id='word_1_100' title='bbox 354 1483 538 1537; x_wconf 75' lang='grc' dir='ltr'>ὁτιοῦν</span> <span class='ocrx_word' id='word_1_101' title='bbox 569 1486 674 1535; x_wconf 82' lang='grc' dir='ltr'>τῶν</span> <span class='ocrx_word' id='word_1_102' title='bbox 722 1478 1008 1555; x_wconf 79' lang='grc' dir='ltr'>δογμάτων</span> <span class='ocrx_word' id='word_1_103' title='bbox 1051 1478 1453 1554; x_wconf 74' lang='grc' dir='ltr'>ἐρωτωμένοις,</span> <span class='ocrx_word' id='word_1_104' title='bbox 1503 1474 1667 1533; x_wconf 80' lang='grc' dir='ltr'>ἔπειτ’</span> <span class='ocrx_word' id='word_1_105' title='bbox 1715 1479 2007 1556; x_wconf 81' lang='grc' dir='ltr'>ἀποφαινο-</span> 
     </span>
    </p>
   </div>
   <div class='ocr_carea' id='block_1_16' title="bbox 357 1564 2007 1645">
    <p class='ocr_par' dir='ltr' id='par_1_16' title="bbox 357 1564 2007 1645">
     <span class='ocr_line' id='line_1_16' title="bbox 357 1564 2007 1645; baseline -0.002 -19"><span class='ocrx_word' id='word_1_106' title='bbox 357 1572 543 1645; x_wconf 84' lang='grc' dir='ltr'>μένοις</span> <span class='ocrx_word' id='word_1_107' title='bbox 573 1572 672 1643; x_wconf 83' lang='grc'>(4),</span> <span class='ocrx_word' id='word_1_108' title='bbox 692 1568 1093 1641; x_wconf 76' lang='grc' dir='ltr'>ἀπαιτουμένου</span> <span class='ocrx_word' id='word_1_109' title='bbox 1115 1569 1205 1621; x_wconf 86' lang='grc' dir='ltr'>καὶ</span> <span class='ocrx_word' id='word_1_110' title='bbox 1227 1566 1422 1643; x_wconf 80' lang='grc' dir='ltr'>λόγου,</span> <span class='ocrx_word' id='word_1_111' title='bbox 1442 1565 1582 1622; x_wconf 80' lang='grc' dir='ltr'>ἄλλο</span> <span class='ocrx_word' id='word_1_112' title='bbox 1619 1569 1713 1640; x_wconf 78' lang='grc' dir='ltr'>μὲν</span> <span class='ocrx_word' id='word_1_113' title='bbox 1738 1564 1905 1640; x_wconf 78' lang='grc' dir='ltr'>μηδὲν</span> <span class='ocrx_word' id='word_1_114' title='bbox 1932 1568 2007 1640; x_wconf 88' lang='grc'>(5)</span> 
     </span>
    </p>
   </div>
   <div class='ocr_carea' id='block_1_17' title="bbox 349 1654 2009 1737">
    <p class='ocr_par' dir='ltr' id='par_1_17' title="bbox 349 1654 2009 1737">
     <span class='ocr_line' id='line_1_17' title="bbox 349 1654 2009 1737; baseline -0.002 -22"><span class='ocrx_word' id='word_1_115' title='bbox 349 1659 730 1737; x_wconf 79' lang='grc' dir='ltr'>ἀποκρίνεσθαι</span> <span class='ocrx_word' id='word_1_116' title='bbox 766 1702 781 1728; x_wconf 88' lang='grc'>,</span> <span class='ocrx_word' id='word_1_117' title='bbox 832 1657 914 1714; x_wconf 78' lang='grc' dir='ltr'>ὅτι</span> <span class='ocrx_word' id='word_1_118' title='bbox 964 1655 1021 1713; x_wconf 74' lang='grc' dir='ltr'>δὲ</span> <span class='ocrx_word' id='word_1_119' title='bbox 1066 1657 1355 1733; x_wconf 80' lang='grc' dir='ltr'>Πυθαγόρᾳ</span> <span class='ocrx_word' id='word_1_120' title='bbox 1409 1659 1555 1712; x_wconf 75' lang='grc' dir='ltr'>τοῦτ’</span> <span class='ocrx_word' id='word_1_121' title='bbox 1612 1654 1693 1727; x_wconf 56' lang='grc' dir='ltr'>εἷίη</span> <span class='ocrx_word' id='word_1_122' title='bbox 1751 1654 2009 1731; x_wconf 75' lang='grc' dir='ltr'>δεδογμέ-</span> 
     </span>
    </p>
   </div>
   <div class='ocr_carea' id='block_1_18' title="bbox 343 1745 2005 1825">
    <p class='ocr_par' dir='ltr' id='par_1_18' title="bbox 343 1745 2005 1825">
     <span class='ocr_line' id='line_1_18' title="bbox 343 1745 2005 1825; baseline -0.003 -19"><span class='ocrx_word' id='word_1_123' title='bbox 343 1770 461 1806; x_wconf 74' lang='grc' dir='ltr'>νονο</span> <span class='ocrx_word' id='word_1_124' title='bbox 520 1749 610 1805; x_wconf 81' lang='grc' dir='ltr'>καὶ</span> <span class='ocrx_word' id='word_1_125' title='bbox 671 1748 833 1825; x_wconf 91' lang='grc' dir='ltr'>λόγον</span> <span class='ocrx_word' id='word_1_126' title='bbox 902 1749 1035 1803; x_wconf 77' lang='grc' dir='ltr'>εἶναι</span> <span class='ocrx_word' id='word_1_127' title='bbox 1083 1752 1180 1802; x_wconf 76' lang='grc' dir='ltr'>τοῦ</span> <span class='ocrx_word' id='word_1_128' title='bbox 1238 1745 1558 1823; x_wconf 86' lang='grc' dir='ltr'>δόγματος,</span> <span class='ocrx_word' id='word_1_129' title='bbox 1611 1748 1674 1801; x_wconf 88' lang='grc' dir='ltr'>τὸ</span> <span class='ocrx_word' id='word_1_130' title='bbox 1734 1745 2005 1819; x_wconf 72' lang='grc' dir='ltr'>παραστὰν</span> 
     </span>
    </p>
   </div>
   <div class='ocr_carea' id='block_1_19' title="bbox 345 1831 2008 1913">
    <p class='ocr_par' dir='ltr' id='par_1_19' title="bbox 345 1831 2008 1913">
     <span class='ocr_line' id='line_1_19' title="bbox 345 1831 2008 1913; baseline -0.003 -18"><span class='ocrx_word' id='word_1_131' title='bbox 345 1840 539 1913; x_wconf 70' lang='grc' dir='ltr'>ἐκείνῳ</span> <span class='ocrx_word' id='word_1_132' title='bbox 596 1840 695 1913; x_wconf 89' lang='grc'>(6),</span> <span class='ocrx_word' id='word_1_133' title='bbox 758 1836 1041 1893; x_wconf 80' lang='grc' dir='ltr'>ἀνεύθυνόν</span> <span class='ocrx_word' id='word_1_134' title='bbox 1102 1858 1159 1892; x_wconf 90' lang='grc' dir='ltr'>τε</span> <span class='ocrx_word' id='word_1_135' title='bbox 1218 1839 1296 1911; x_wconf 87' lang='grc'>(7)</span> <span class='ocrx_word' id='word_1_136' title='bbox 1350 1837 1441 1891; x_wconf 86' lang='grc' dir='ltr'>καὶ</span> <span class='ocrx_word' id='word_1_137' title='bbox 1498 1831 1872 1891; x_wconf 75' lang='grc' dir='ltr'>ἀϐασάνιστον·</span> <span class='ocrx_word' id='word_1_138' title='bbox 1933 1836 2008 1897; x_wconf 83' lang='grc' dir='ltr'>εἰς</span> 
     </span>
    </p>
   </div>
   <div class='ocr_carea' id='block_1_20' title="bbox 2112 672 3760 744">
    <p class='ocr_par' dir='ltr' id='par_1_20' title="bbox 2112 672 3760 744">
     <span class='ocr_line' id='line_1_20' title="bbox 2112 672 3760 744; baseline 0.001 -17"><span class='ocrx_word' id='word_1_139' title='bbox 2112 677 2227 727; x_wconf 69' lang='lat' dir='ltr'>atra</span> <span class='ocrx_word' id='word_1_140' title='bbox 2256 675 2437 727; x_wconf 84' lang='lat' dir='ltr'>autem</span> <span class='ocrx_word' id='word_1_141' title='bbox 2466 677 2542 727; x_wconf 80' lang='lat' dir='ltr'>est</span> <span class='ocrx_word' id='word_1_142' title='bbox 2576 672 2851 728; x_wconf 80' lang='lat' dir='ltr'>stoliditas</span> <span class='ocrx_word' id='word_1_143' title='bbox 2880 676 2935 726; x_wconf 82' lang='lat' dir='ltr'>et</span> <span class='ocrx_word' id='word_1_144' title='bbox 2967 672 3267 733; x_wconf 79' lang='lat' dir='ltr'>rusticitas.</span> <span class='ocrx_word' id='word_1_145' title='bbox 3319 688 3417 727; x_wconf 83' lang='lat' dir='ltr'>nec</span> <span class='ocrx_word' id='word_1_146' title='bbox 3464 672 3760 744; x_wconf 81' lang='lat' dir='ltr'>quidquam</span> 
     </span>
    </p>
   </div>
   <div class='ocr_carea' id='block_1_21' title="bbox 2114 760 3761 833">
    <p class='ocr_par' dir='ltr' id='par_1_21' title="bbox 2114 760 3761 833">
     <span class='ocr_line' id='line_1_21' title="bbox 2114 760 3761 833; baseline 0.002 -17"><span class='ocrx_word' id='word_1_147' title='bbox 2114 761 2290 829; x_wconf 83' lang='lat' dir='ltr'>aliud,</span> <span class='ocrx_word' id='word_1_148' title='bbox 2325 778 2510 833; x_wconf 86' lang='lat' dir='ltr'>quam,</span> <span class='ocrx_word' id='word_1_149' title='bbox 2542 762 2734 833; x_wconf 80' lang='lat' dir='ltr'>Crede,</span> <span class='ocrx_word' id='word_1_150' title='bbox 2768 763 2922 817; x_wconf 77' lang='lat'>133</span> <span class='ocrx_word' id='word_1_151' title='bbox 2950 760 3245 833; x_wconf 71' lang='lat' dir='ltr'>sapientiae</span> <span class='ocrx_word' id='word_1_152' title='bbox 3274 766 3470 817; x_wconf 72' lang='lat' dir='ltr'>vestra</span> <span class='ocrx_word' id='word_1_153' title='bbox 3516 767 3615 816; x_wconf 78' lang='lat' dir='ltr'>est.</span> <span class='ocrx_word' id='word_1_154' title='bbox 3658 766 3761 819; x_wconf 80' lang='lat' dir='ltr'>At-</span> 
     </span>
    </p>
   </div>
   <div class='ocr_carea' id='block_1_22' title="bbox 2115 850 3764 925">
    <p class='ocr_par' dir='ltr' id='par_1_22' title="bbox 2115 850 3764 925">
     <span class='ocr_line' id='line_1_22' title="bbox 2115 850 3764 925; baseline 0.002 -19"><span class='ocrx_word' id='word_1_155' title='bbox 2115 852 2215 923; x_wconf 86' lang='lat' dir='ltr'>qui</span> <span class='ocrx_word' id='word_1_156' title='bbox 2248 852 2376 918; x_wconf 92' lang='lat' dir='ltr'>hoc,</span> <span class='ocrx_word' id='word_1_157' title='bbox 2410 855 2475 907; x_wconf 90' lang='lat' dir='ltr'>ut</span> <span class='ocrx_word' id='word_1_158' title='bbox 2529 852 2757 925; x_wconf 80' lang='lat' dir='ltr'>opinor,</span> <span class='ocrx_word' id='word_1_159' title='bbox 2810 868 2925 908; x_wconf 89' lang='lat' dir='ltr'>non</span> <span class='ocrx_word' id='word_1_160' title='bbox 2976 850 3289 919; x_wconf 88' lang='lat' dir='ltr'>irriserint,</span> <span class='ocrx_word' id='word_1_161' title='bbox 3326 850 3423 921; x_wconf 86' lang='lat' dir='ltr'>qui</span> <span class='ocrx_word' id='word_1_162' title='bbox 3478 852 3634 922; x_wconf 83' lang='lat' dir='ltr'>apud</span> <span class='ocrx_word' id='word_1_163' title='bbox 3664 870 3764 909; x_wconf 90' lang='lat' dir='ltr'>vos</span> 
     </span>
    </p>
   </div>
   <div class='ocr_carea' id='block_1_23' title="bbox 2114 939 3766 1014">
    <p class='ocr_par' dir='ltr' id='par_1_23' title="bbox 2114 939 3766 1014">
     <span class='ocr_line' id='line_1_23' title="bbox 2114 939 3766 1014; baseline 0.002 -19"><span class='ocrx_word' id='word_1_164' title='bbox 2114 941 2453 1013; x_wconf 78' lang='lat' dir='ltr'>Pythagora</span> <span class='ocrx_word' id='word_1_165' title='bbox 2486 941 2920 1014; x_wconf 83' lang='lat' dir='ltr'>philosophiam</span> <span class='ocrx_word' id='word_1_166' title='bbox 2952 940 3177 1008; x_wconf 89' lang='lat' dir='ltr'>colunt,</span> <span class='ocrx_word' id='word_1_167' title='bbox 3210 940 3428 1011; x_wconf 87' lang='lat' dir='ltr'>quibus</span> <span class='ocrx_word' id='word_1_168' title='bbox 3458 939 3626 1008; x_wconf 88' lang='lat' dir='ltr'>illud,</span> <span class='ocrx_word' id='word_1_169' title='bbox 3651 943 3766 1013; x_wconf 80' lang='lat' dir='ltr'>Ipse</span> 
     </span>
    </p>
   </div>
   <div class='ocr_carea' id='block_1_24' title="bbox 2114 1030 3762 1103">
    <p class='ocr_par' dir='ltr' id='par_1_24' title="bbox 2114 1030 3762 1103">
     <span class='ocr_line' id='line_1_24' title="bbox 2114 1030 3762 1103; baseline 0.002 -19"><span class='ocrx_word' id='word_1_170' title='bbox 2114 1030 2277 1097; x_wconf 73' lang='lat' dir='ltr'>dixit,</span> <span class='ocrx_word' id='word_1_171' title='bbox 2294 1031 2636 1103; x_wconf 88' lang='lat' dir='ltr'>dogmatum</span> <span class='ocrx_word' id='word_1_172' title='bbox 2660 1033 2927 1087; x_wconf 89' lang='lat' dir='ltr'>omnium</span> <span class='ocrx_word' id='word_1_173' title='bbox 2950 1030 3208 1102; x_wconf 90' lang='lat' dir='ltr'>primum</span> <span class='ocrx_word' id='word_1_174' title='bbox 3230 1035 3319 1085; x_wconf 87' lang='lat' dir='ltr'>est</span> <span class='ocrx_word' id='word_1_175' title='bbox 3340 1034 3396 1084; x_wconf 91' lang='lat' dir='ltr'>et</span> <span class='ocrx_word' id='word_1_176' title='bbox 3418 1030 3762 1099; x_wconf 88' lang='lat' dir='ltr'>maximum,</span> 
     </span>
    </p>
   </div>
   <div class='ocr_carea' id='block_1_25' title="bbox 2115 1119 3766 1193">
    <p class='ocr_par' dir='ltr' id='par_1_25' title="bbox 2115 1119 3766 1193">
     <span class='ocr_line' id='line_1_25' title="bbox 2115 1119 3766 1193; baseline 0.002 -19"><span class='ocrx_word' id='word_1_177' title='bbox 2115 1121 2445 1191; x_wconf 84' lang='lat' dir='ltr'>aureisque,</span> <span class='ocrx_word' id='word_1_178' title='bbox 2484 1122 2601 1176; x_wconf 92' lang='lat' dir='ltr'>imo</span> <span class='ocrx_word' id='word_1_179' title='bbox 2632 1120 2929 1193; x_wconf 88' lang='lat' dir='ltr'>plumbeis</span> <span class='ocrx_word' id='word_1_180' title='bbox 2969 1119 3334 1176; x_wconf 83' lang='lat' dir='ltr'>carminibus</span> <span class='ocrx_word' id='word_1_181' title='bbox 3366 1121 3766 1191; x_wconf 71' lang='lat' dir='ltr'>praestantius.</span> 
     </span>
    </p>
   </div>
   <div class='ocr_carea' id='block_1_26' title="bbox 2115 1209 3771 1282">
    <p class='ocr_par' dir='ltr' id='par_1_26' title="bbox 2115 1209 3771 1282">
     <span class='ocr_line' id='line_1_26' title="bbox 2115 1209 3771 1282; baseline 0.001 -17"><span class='ocrx_word' id='word_1_182' title='bbox 2115 1209 2343 1265; x_wconf 86' lang='lat' dir='ltr'>Etenim</span> <span class='ocrx_word' id='word_1_183' title='bbox 2377 1215 2508 1281; x_wconf 88' lang='lat' dir='ltr'>post</span> <span class='ocrx_word' id='word_1_184' title='bbox 2563 1211 2816 1282; x_wconf 86' lang='lat' dir='ltr'>primam</span> <span class='ocrx_word' id='word_1_185' title='bbox 2877 1210 3061 1277; x_wconf 84' lang='lat' dir='ltr'>illam,</span> <span class='ocrx_word' id='word_1_186' title='bbox 3125 1214 3300 1281; x_wconf 89' lang='lat' dir='ltr'>atque</span> <span class='ocrx_word' id='word_1_187' title='bbox 3329 1210 3484 1281; x_wconf 89' lang='lat' dir='ltr'>apud</span> <span class='ocrx_word' id='word_1_188' title='bbox 3517 1226 3638 1278; x_wconf 89' lang='lat' dir='ltr'>eos,</span> <span class='ocrx_word' id='word_1_189' title='bbox 3671 1211 3771 1282; x_wconf 91' lang='lat' dir='ltr'>qui</span> 
     </span>
    </p>
   </div>
   <div class='ocr_carea' id='block_1_27' title="bbox 2115 1298 3775 1371">
    <p class='ocr_par' dir='ltr' id='par_1_27' title="bbox 2115 1298 3775 1371">
     <span class='ocr_line' id='line_1_27' title="bbox 2115 1298 3775 1371; baseline 0.001 -18"><span class='ocrx_word' id='word_1_190' title='bbox 2115 1298 2274 1354; x_wconf 86' lang='lat' dir='ltr'>illius</span> <span class='ocrx_word' id='word_1_191' title='bbox 2300 1299 2532 1371; x_wconf 81' lang='lat' dir='ltr'>placitis</span> <span class='ocrx_word' id='word_1_192' title='bbox 2562 1299 2971 1365; x_wconf 88' lang='lat' dir='ltr'>initiabantur,</span> <span class='ocrx_word' id='word_1_193' title='bbox 3004 1299 3529 1355; x_wconf 81' lang='lat' dir='ltr'>celebratissimum</span> <span class='ocrx_word' id='word_1_194' title='bbox 3557 1299 3775 1356; x_wconf 81' lang='lat' dir='ltr'>silentii</span> 
     </span>
    </p>
   </div>
   <div class='ocr_carea' id='block_1_28' title="bbox 2116 1388 3770 1461">
    <p class='ocr_par' dir='ltr' id='par_1_28' title="bbox 2116 1388 3770 1461">
     <span class='ocr_line' id='line_1_28' title="bbox 2116 1388 3770 1461; baseline 0.002 -18"><span class='ocrx_word' id='word_1_195' title='bbox 2116 1388 2574 1461; x_wconf 89' lang='lat' dir='ltr'>philosophiam,</span> <span class='ocrx_word' id='word_1_196' title='bbox 2609 1394 2672 1445; x_wconf 94' lang='lat' dir='ltr'>ut</span> <span class='ocrx_word' id='word_1_197' title='bbox 2701 1389 2993 1445; x_wconf 84' lang='lat' dir='ltr'>sermonis</span> <span class='ocrx_word' id='word_1_198' title='bbox 3032 1389 3492 1445; x_wconf 82' lang='lat' dir='ltr'>moderationem</span> <span class='ocrx_word' id='word_1_199' title='bbox 3524 1390 3770 1446; x_wconf 89' lang='lat' dir='ltr'>tacendo</span> 
     </span>
    </p>
   </div>
   <div class='ocr_carea' id='block_1_29' title="bbox 2115 1477 3771 1552">
    <p class='ocr_par' dir='ltr' id='par_1_29' title="bbox 2115 1477 3771 1552">
     <span class='ocr_line' id='line_1_29' title="bbox 2115 1477 3771 1552; baseline 0.002 -20"><span class='ocrx_word' id='word_1_200' title='bbox 2115 1477 2539 1548; x_wconf 84' lang='lat' dir='ltr'>condiscerent,</span> <span class='ocrx_word' id='word_1_201' title='bbox 2563 1478 2843 1534; x_wconf 88' lang='lat' dir='ltr'>solemme</span> <span class='ocrx_word' id='word_1_202' title='bbox 2863 1482 2920 1534; x_wconf 89' lang='lat' dir='ltr'>et</span> <span class='ocrx_word' id='word_1_203' title='bbox 2940 1478 3225 1534; x_wconf 89' lang='lat' dir='ltr'>usitatum</span> <span class='ocrx_word' id='word_1_204' title='bbox 3248 1483 3392 1550; x_wconf 91' lang='lat' dir='ltr'>erat,</span> <span class='ocrx_word' id='word_1_205' title='bbox 3415 1479 3487 1533; x_wconf 91' lang='lat' dir='ltr'>de</span> <span class='ocrx_word' id='word_1_206' title='bbox 3510 1496 3771 1552; x_wconf 91' lang='lat' dir='ltr'>quocun-</span> 
     </span>
    </p>
   </div>
   <div class='ocr_carea' id='block_1_30' title="bbox 2117 1568 3766 1641">
    <p class='ocr_par' dir='ltr' id='par_1_30' title="bbox 2117 1568 3766 1641">
     <span class='ocr_line' id='line_1_30' title="bbox 2117 1568 3766 1641; baseline 0.002 -19"><span class='ocrx_word' id='word_1_207' title='bbox 2117 1584 2233 1640; x_wconf 89' lang='lat' dir='ltr'>que</span> <span class='ocrx_word' id='word_1_208' title='bbox 2264 1568 2537 1639; x_wconf 86' lang='lat' dir='ltr'>dogmate</span> <span class='ocrx_word' id='word_1_209' title='bbox 2568 1568 3085 1641; x_wconf 81' lang='lat' dir='ltr'>interrogarentur,</span> <span class='ocrx_word' id='word_1_210' title='bbox 3126 1568 3531 1639; x_wconf 87' lang='lat' dir='ltr'>rationemque</span> <span class='ocrx_word' id='word_1_211' title='bbox 3563 1586 3766 1641; x_wconf 89' lang='lat' dir='ltr'>posce-</span> 
     </span>
    </p>
   </div>
   <div class='ocr_carea' id='block_1_31' title="bbox 2117 1656 3769 1731">
    <p class='ocr_par' dir='ltr' id='par_1_31' title="bbox 2117 1656 3769 1731">
     <span class='ocr_line' id='line_1_31' title="bbox 2117 1656 3769 1731; baseline 0.002 -20"><span class='ocrx_word' id='word_1_212' title='bbox 2117 1660 2342 1725; x_wconf 85' lang='lat' dir='ltr'>rentur,</span> <span class='ocrx_word' id='word_1_213' title='bbox 2374 1656 2522 1711; x_wconf 91' lang='lat' dir='ltr'>nihil</span> <span class='ocrx_word' id='word_1_214' title='bbox 2554 1657 2715 1713; x_wconf 88' lang='lat' dir='ltr'>aliud</span> <span class='ocrx_word' id='word_1_215' title='bbox 2746 1659 3119 1729; x_wconf 88' lang='lat' dir='ltr'>respondere,</span> <span class='ocrx_word' id='word_1_216' title='bbox 3156 1673 3334 1729; x_wconf 90' lang='lat' dir='ltr'>quam</span> <span class='ocrx_word' id='word_1_217' title='bbox 3361 1658 3517 1729; x_wconf 90' lang='lat' dir='ltr'>quod</span> <span class='ocrx_word' id='word_1_218' title='bbox 3550 1658 3769 1731; x_wconf 82' lang='lat' dir='ltr'>Pytha-</span> 
     </span>
    </p>
   </div>
   <div class='ocr_carea' id='block_1_32' title="bbox 2117 1746 3767 1821">
    <p class='ocr_par' dir='ltr' id='par_1_32' title="bbox 2117 1746 3767 1821">
     <span class='ocr_line' id='line_1_32' title="bbox 2117 1746 3767 1821; baseline 0.003 -21"><span class='ocrx_word' id='word_1_219' title='bbox 2117 1761 2269 1818; x_wconf 93' lang='lat' dir='ltr'>gora</span> <span class='ocrx_word' id='word_1_220' title='bbox 2293 1746 2374 1801; x_wconf 91' lang='lat' dir='ltr'>ita</span> <span class='ocrx_word' id='word_1_221' title='bbox 2397 1746 2749 1819; x_wconf 86' lang='lat' dir='ltr'>placuisset:</span> <span class='ocrx_word' id='word_1_222' title='bbox 2783 1749 3191 1818; x_wconf 85' lang='lat' dir='ltr'>rationemque</span> <span class='ocrx_word' id='word_1_223' title='bbox 3212 1748 3507 1819; x_wconf 81' lang='lat' dir='ltr'>dogmatis</span> <span class='ocrx_word' id='word_1_224' title='bbox 3536 1765 3684 1821; x_wconf 90' lang='lat' dir='ltr'>esse,</span> <span class='ocrx_word' id='word_1_225' title='bbox 3707 1749 3767 1805; x_wconf 92' lang='lat' dir='ltr'>id</span> 
     </span>
    </p>
   </div>
   <div class='ocr_carea' id='block_1_33' title="bbox 2118 1835 3774 1908">
    <p class='ocr_par' dir='ltr' id='par_1_33' title="bbox 2118 1835 3774 1908">
     <span class='ocr_line' id='line_1_33' title="bbox 2118 1835 3774 1908; baseline 0.001 -17"><span class='ocrx_word' id='word_1_226' title='bbox 2118 1836 2275 1908; x_wconf 92' lang='lat' dir='ltr'>quod</span> <span class='ocrx_word' id='word_1_227' title='bbox 2307 1835 2391 1890; x_wconf 93' lang='lat' dir='ltr'>illi</span> <span class='ocrx_word' id='word_1_228' title='bbox 2424 1836 2483 1891; x_wconf 92' lang='lat' dir='ltr'>in</span> <span class='ocrx_word' id='word_1_229' title='bbox 2517 1840 2775 1892; x_wconf 90' lang='lat' dir='ltr'>mentem</span> <span class='ocrx_word' id='word_1_230' title='bbox 2805 1837 3082 1905; x_wconf 84' lang='lat' dir='ltr'>venisset,</span> <span class='ocrx_word' id='word_1_231' title='bbox 3115 1836 3187 1891; x_wconf 90' lang='lat' dir='ltr'>ab</span> <span class='ocrx_word' id='word_1_232' title='bbox 3220 1837 3382 1893; x_wconf 87' lang='lat' dir='ltr'>omni</span> <span class='ocrx_word' id='word_1_233' title='bbox 3410 1838 3676 1894; x_wconf 83' lang='lat' dir='ltr'>examine</span> <span class='ocrx_word' id='word_1_234' title='bbox 3707 1855 3774 1893; x_wconf 91' lang='lat' dir='ltr'>ac</span> 
     </span>
    </p>
   </div>
   <div class='ocr_carea' id='block_1_34' title="bbox 344 1924 2001 2032">
    <p class='ocr_par' dir='ltr' id='par_1_34' title="bbox 344 1924 2001 2032">
     <span class='ocr_line' id='line_1_34' title="bbox 344 1924 2001 2004; baseline -0.002 -20"><span class='ocrx_word' id='word_1_235' title='bbox 344 1929 540 1984; x_wconf 86' lang='grc' dir='ltr'>ταυτὸν</span> <span class='ocrx_word' id='word_1_236' title='bbox 594 1927 826 1997; x_wconf 71' lang='grc' dir='ltr'>ἥκοντος</span> <span class='ocrx_word' id='word_1_237' title='bbox 880 1931 1001 1995; x_wconf 70' lang='grc' dir='ltr'>τοῦ,</span> <span class='ocrx_word' id='word_1_238' title='bbox 1073 1926 1248 1988; x_wconf 79' lang='grc' dir='ltr'>Αὐτὸς</span> <span class='ocrx_word' id='word_1_239' title='bbox 1302 1924 1440 2004; x_wconf 78' lang='grc' dir='ltr'>ἔφα,</span> <span class='ocrx_word' id='word_1_240' title='bbox 1497 1930 1577 1998; x_wconf 78' lang='grc' dir='ltr'>τῷ</span> <span class='ocrx_word' id='word_1_241' title='bbox 1633 1928 1760 2001; x_wconf 86' lang='grc' dir='ltr'>παρ’</span> <span class='ocrx_word' id='word_1_242' title='bbox 1817 1928 2001 1999; x_wconf 78' lang='grc' dir='ltr'>ἡμῖν,</span> 
     </span>
     <span class='ocr_line' id='line_1_35' title="bbox 348 2012 1809 2032; baseline 0 0"><span class='ocrx_word' id='word_1_243' title='bbox 348 2018 418 2032; x_wconf 81' lang='grc' dir='ltr'>-Ι</span> <span class='ocrx_word' id='word_1_244' title='bbox 726 2015 740 2032; x_wconf 68' lang='lat'><strong>1</strong></span> <span class='ocrx_word' id='word_1_245' title='bbox 841 2014 890 2032; x_wconf 49' lang='grc' dir='ltr'>*θλ</span> <span class='ocrx_word' id='word_1_246' title='bbox 911 2014 929 2032; x_wconf 70' lang='lat'><em>\</em></span> <span class='ocrx_word' id='word_1_247' title='bbox 1183 2014 1202 2032; x_wconf 60' lang='grc' dir='ltr'><strong>Χ</strong></span> <span class='ocrx_word' id='word_1_248' title='bbox 1222 2014 1241 2032; x_wconf 54' lang='grc' dir='ltr'><strong>Ἴ</strong></span> <span class='ocrx_word' id='word_1_249' title='bbox 1299 2012 1329 2032; x_wconf 70' lang='grc' dir='ltr'><strong><em>ο</em></strong></span> <span class='ocrx_word' id='word_1_250' title='bbox 1370 2020 1391 2031; x_wconf 71' lang='grc' dir='ltr'>-ο</span> <span class='ocrx_word' id='word_1_251' title='bbox 1668 2017 1683 2032; x_wconf 78' lang='lat'><strong><em>\</em></strong></span> <span class='ocrx_word' id='word_1_252' title='bbox 1755 2015 1767 2032; x_wconf 63' lang='lat' dir='ltr'>Q</span> <span class='ocrx_word' id='word_1_253' title='bbox 1797 2018 1809 2032; x_wconf 77' lang='grc'><strong><em>1</em></strong></span> 
     </span>
    </p>
   </div>
   <div class='ocr_carea' id='block_1_35' title="bbox 2118 1924 3770 2032">
    <p class='ocr_par' dir='ltr' id='par_1_35' title="bbox 2118 1924 3770 1998">
     <span class='ocr_line' id='line_1_36' title="bbox 2118 1924 3770 1998; baseline 0.002 -19"><span class='ocrx_word' id='word_1_254' title='bbox 2118 1940 2366 1980; x_wconf 86' lang='lat' dir='ltr'>censura</span> <span class='ocrx_word' id='word_1_255' title='bbox 2407 1924 2657 1981; x_wconf 91' lang='lat' dir='ltr'>liberum</span> <span class='ocrx_word' id='word_1_256' title='bbox 2703 1930 2880 1998; x_wconf 88' lang='lat' dir='ltr'>atque</span> <span class='ocrx_word' id='word_1_257' title='bbox 2925 1925 3210 1982; x_wconf 90' lang='lat' dir='ltr'>immune.</span> <span class='ocrx_word' id='word_1_258' title='bbox 3246 1927 3352 1995; x_wconf 88' lang='lat' dir='ltr'>Ita,</span> <span class='ocrx_word' id='word_1_259' title='bbox 3381 1925 3516 1982; x_wconf 91' lang='lat' dir='ltr'>licet</span> <span class='ocrx_word' id='word_1_260' title='bbox 3546 1926 3605 1982; x_wconf 93' lang='lat' dir='ltr'>in</span> <span class='ocrx_word' id='word_1_261' title='bbox 3637 1926 3770 1983; x_wconf 89' lang='lat' dir='ltr'>aliis</span> 
     </span>
    </p>
   </div>
   <div class='ocr_carea' id='block_1_36' title="bbox 348 2012 1999 2091">
    <p class='ocr_par' dir='ltr' id='par_1_36' title="bbox 348 2012 1999 2091">
     <span class='ocr_line' id='line_1_37' title="bbox 348 2012 1999 2091; baseline -0.002 -18"><span class='ocrx_word' id='word_1_262' title='bbox 348 2018 662 2085; x_wconf 82' lang='grc' dir='ltr'>Πίστευσον,</span> <span class='ocrx_word' id='word_1_263' title='bbox 723 2015 774 2071; x_wconf 81' lang='grc' dir='ltr'>ἐν</span> <span class='ocrx_word' id='word_1_264' title='bbox 835 2014 1033 2079; x_wconf 83' lang='grc' dir='ltr'>ἄλλαις</span> <span class='ocrx_word' id='word_1_265' title='bbox 1116 2012 1419 2079; x_wconf 75' lang='grc' dir='ltr'>συλλαϐαῖς</span> <span class='ocrx_word' id='word_1_266' title='bbox 1474 2036 1533 2071; x_wconf 85' lang='grc' dir='ltr'>τε</span> <span class='ocrx_word' id='word_1_267' title='bbox 1594 2017 1685 2070; x_wconf 81' lang='grc' dir='ltr'>καὶ</span> <span class='ocrx_word' id='word_1_268' title='bbox 1743 2015 1999 2091; x_wconf 75' lang='grc' dir='ltr'>ῥήμασι,</span> 
     </span>
    </p>
   </div>
   <div class='ocr_carea' id='block_1_37' title="bbox 345 2102 2000 2180">
    <p class='ocr_par' dir='ltr' id='par_1_37' title="bbox 345 2102 2000 2180">
     <span class='ocr_line' id='line_1_38' title="bbox 345 2102 2000 2180; baseline -0.002 -17"><span class='ocrx_word' id='word_1_269' title='bbox 345 2106 444 2163; x_wconf 70' lang='grc' dir='ltr'>κᾶν</span> <span class='ocrx_word' id='word_1_270' title='bbox 474 2108 519 2163; x_wconf 81' lang='grc' dir='ltr'>εἰ</span> <span class='ocrx_word' id='word_1_271' title='bbox 555 2108 629 2180; x_wconf 80' lang='grc' dir='ltr'>μὴ</span> <span class='ocrx_word' id='word_1_272' title='bbox 662 2105 923 2169; x_wconf 76' lang='grc' dir='ltr'>παύοισθε</span> <span class='ocrx_word' id='word_1_273' title='bbox 952 2103 1353 2178; x_wconf 73' lang='grc' dir='ltr'>κωμῳδοῦντες</span> <span class='ocrx_word' id='word_1_274' title='bbox 1383 2108 1463 2179; x_wconf 89' lang='grc'>(8)</span> <span class='ocrx_word' id='word_1_275' title='bbox 1492 2110 1652 2160; x_wconf 79' lang='grc' dir='ltr'>τοῦτο</span> <span class='ocrx_word' id='word_1_276' title='bbox 1682 2106 1771 2160; x_wconf 82' lang='grc' dir='ltr'>καὶ</span> <span class='ocrx_word' id='word_1_277' title='bbox 1818 2102 2000 2160; x_wconf 73' lang='grc' dir='ltr'>διασύ-</span> 
     </span>
    </p>
   </div>
   <div class='ocr_carea' id='block_1_38' title="bbox 343 2193 2002 2273">
    <p class='ocr_par' dir='ltr' id='par_1_38' title="bbox 343 2193 2002 2273">
     <span class='ocr_line' id='line_1_39' title="bbox 343 2193 2002 2273; baseline -0.002 -21"><span class='ocrx_word' id='word_1_278' title='bbox 343 2217 546 2273; x_wconf 86' lang='grc' dir='ltr'>ροντες.</span> <span class='ocrx_word' id='word_1_279' title='bbox 609 2194 871 2250; x_wconf 81' lang='grc' dir='ltr'>Βούλεται</span> <span class='ocrx_word' id='word_1_280' title='bbox 929 2195 1033 2271; x_wconf 77' lang='grc' dir='ltr'>γὰρ</span> <span class='ocrx_word' id='word_1_281' title='bbox 1085 2198 1220 2268; x_wconf 77' lang='grc' dir='ltr'>ἡμῖν</span> <span class='ocrx_word' id='word_1_282' title='bbox 1254 2196 1282 2249; x_wconf 86' lang='grc' dir='ltr'>ὁ</span> <span class='ocrx_word' id='word_1_283' title='bbox 1320 2194 1487 2271; x_wconf 86' lang='grc' dir='ltr'>λόγος</span> <span class='ocrx_word' id='word_1_284' title='bbox 1550 2197 1625 2268; x_wconf 79' lang='grc' dir='ltr'>μὴ</span> <span class='ocrx_word' id='word_1_285' title='bbox 1662 2195 1852 2266; x_wconf 76' lang='grc' dir='ltr'>ἐξεῖναι</span> <span class='ocrx_word' id='word_1_286' title='bbox 1885 2193 2002 2250; x_wconf 85' lang='grc' dir='ltr'>δια-</span> 
     </span>
    </p>
   </div>
   <div class='ocr_carea' id='block_1_39' title="bbox 341 2282 2001 2362">
    <p class='ocr_par' dir='ltr' id='par_1_39' title="bbox 341 2282 2001 2362">
     <span class='ocr_line' id='line_1_40' title="bbox 341 2282 2001 2362; baseline -0.002 -20"><span class='ocrx_word' id='word_1_287' title='bbox 341 2292 547 2342; x_wconf 87' lang='grc' dir='ltr'>πιστεῖν</span> <span class='ocrx_word' id='word_1_288' title='bbox 595 2291 713 2348; x_wconf 79' lang='grc' dir='ltr'>τοῖς</span> <span class='ocrx_word' id='word_1_289' title='bbox 767 2285 871 2340; x_wconf 85' lang='grc' dir='ltr'>ὑπὸ</span> <span class='ocrx_word' id='word_1_290' title='bbox 925 2289 1031 2339; x_wconf 80' lang='grc' dir='ltr'>τῶν</span> <span class='ocrx_word' id='word_1_291' title='bbox 1077 2284 1351 2362; x_wconf 83' lang='grc' dir='ltr'>θεοφόρων</span> <span class='ocrx_word' id='word_1_292' title='bbox 1404 2282 1613 2361; x_wconf 79' lang='grc' dir='ltr'>ἀνδρῶν</span> <span class='ocrx_word' id='word_1_293' title='bbox 1666 2284 2001 2360; x_wconf 73' lang='grc' dir='ltr'>εἰρημένοις,</span> 
     </span>
    </p>
   </div>
   <div class='ocr_carea' id='block_1_40' title="bbox 342 2372 2001 2447">
    <p class='ocr_par' dir='ltr' id='par_1_40' title="bbox 342 2372 2001 2447">
     <span class='ocr_line' id='line_1_41' title="bbox 342 2372 2001 2447; baseline -0.002 -16"><span class='ocrx_word' id='word_1_294' title='bbox 342 2374 471 2431; x_wconf 81' lang='grc' dir='ltr'>ἀλλ’</span> <span class='ocrx_word' id='word_1_295' title='bbox 499 2372 771 2447; x_wconf 78' lang='grc' dir='ltr'>ἀπόδειξιν</span> <span class='ocrx_word' id='word_1_296' title='bbox 807 2374 942 2429; x_wconf 76' lang='grc' dir='ltr'>εἶναι</span> <span class='ocrx_word' id='word_1_297' title='bbox 972 2378 1070 2429; x_wconf 78' lang='grc' dir='ltr'>τοῦ</span> <span class='ocrx_word' id='word_1_298' title='bbox 1102 2373 1273 2443; x_wconf 84' lang='grc' dir='ltr'>λόγου</span> <span class='ocrx_word' id='word_1_299' title='bbox 1300 2372 1363 2428; x_wconf 90' lang='grc' dir='ltr'>τό</span> <span class='ocrx_word' id='word_1_300' title='bbox 1395 2373 1609 2429; x_wconf 78' lang='grc' dir='ltr'>ἐκείνων</span> <span class='ocrx_word' id='word_1_301' title='bbox 1669 2374 2001 2445; x_wconf 82' lang='grc' dir='ltr'>ἀξιόπιστον,</span> 
     </span>
    </p>
   </div>
   <div class='ocr_carea' id='block_1_41' title="bbox 344 2461 2003 2541">
    <p class='ocr_par' dir='ltr' id='par_1_41' title="bbox 344 2461 2003 2541">
     <span class='ocr_line' id='line_1_42' title="bbox 344 2461 2003 2541; baseline -0.001 -20"><span class='ocrx_word' id='word_1_302' title='bbox 344 2465 515 2533; x_wconf 78' lang='grc' dir='ltr'>πάσης</span> <span class='ocrx_word' id='word_1_303' title='bbox 546 2468 622 2539; x_wconf 93' lang='grc'>(9)</span> <span class='ocrx_word' id='word_1_304' title='bbox 652 2463 929 2540; x_wconf 85' lang='grc' dir='ltr'>δυνάμεως</span> <span class='ocrx_word' id='word_1_305' title='bbox 964 2462 1193 2540; x_wconf 85' lang='grc' dir='ltr'>λογικῆς</span> <span class='ocrx_word' id='word_1_306' title='bbox 1223 2462 1312 2519; x_wconf 85' lang='grc' dir='ltr'>καὶ</span> <span class='ocrx_word' id='word_1_307' title='bbox 1342 2461 1690 2541; x_wconf 84' lang='grc' dir='ltr'>ἀντιλογικῆς</span> <span class='ocrx_word' id='word_1_308' title='bbox 1720 2463 2003 2540; x_wconf 81' lang='grc' dir='ltr'>ἰσχυρότε-</span> 
     </span>
    </p>
   </div>
   <div class='ocr_carea' id='block_1_42' title="bbox 349 2574 463 2629">
    <p class='ocr_par' dir='ltr' id='par_1_42' title="bbox 349 2574 463 2629">
     <span class='ocr_line' id='line_1_43' title="bbox 349 2574 463 2629; baseline 0.009 -20"><span class='ocrx_word' id='word_1_309' title='bbox 349 2574 463 2629; x_wconf 91' lang='grc' dir='ltr'>ρον.</span> 
     </span>
    </p>
   </div>
   <div class='ocr_carea' id='block_1_43' title="bbox 420 2730 2001 2809">
    <p class='ocr_par' dir='ltr' id='par_1_43' title="bbox 420 2730 2001 2809">
     <span class='ocr_line' id='line_1_44' title="bbox 420 2730 2001 2809; baseline 0 -22"><span class='ocrx_word' id='word_1_310' title='bbox 420 2734 529 2789; x_wconf 88' lang='grc' dir='ltr'>ΡΓ’.</span> <span class='ocrx_word' id='word_1_311' title='bbox 592 2735 772 2790; x_wconf 83' lang='grc' dir='ltr'>Ἔστω</span> <span class='ocrx_word' id='word_1_312' title='bbox 830 2731 888 2788; x_wconf 79' lang='grc' dir='ltr'>δὲ</span> <span class='ocrx_word' id='word_1_313' title='bbox 942 2731 1031 2786; x_wconf 83' lang='grc' dir='ltr'>καὶ</span> <span class='ocrx_word' id='word_1_314' title='bbox 1089 2730 1253 2785; x_wconf 68' lang='grc' dir='ltr'>τοῦτο</span> <span class='ocrx_word' id='word_1_315' title='bbox 1306 2734 1413 2785; x_wconf 81' lang='grc' dir='ltr'>τῶν</span> <span class='ocrx_word' id='word_1_316' title='bbox 1468 2730 1749 2809; x_wconf 75' lang='grc' dir='ltr'>ἡμετέρων</span> <span class='ocrx_word' id='word_1_317' title='bbox 1806 2730 2001 2803; x_wconf 82' lang='grc' dir='ltr'>εὐεπη-</span> 
     </span>
    </p>
   </div>
   <div class='ocr_carea' id='block_1_44' title="bbox 348 2818 2002 2897">
    <p class='ocr_par' dir='ltr' id='par_1_44' title="bbox 348 2818 2002 2897">
     <span class='ocr_line' id='line_1_45' title="bbox 348 2818 2002 2897; baseline 0.001 -21"><span class='ocrx_word' id='word_1_318' title='bbox 348 2820 565 2896; x_wconf 84' lang='grc' dir='ltr'>ρέαστον</span> <span class='ocrx_word' id='word_1_319' title='bbox 597 2839 609 2851; x_wconf 85' lang='lat'><strong>&#39;</strong></span> <span class='ocrx_word' id='word_1_320' title='bbox 670 2825 787 2884; x_wconf 79' lang='grc' dir='ltr'>πῶς</span> <span class='ocrx_word' id='word_1_321' title='bbox 848 2818 907 2876; x_wconf 70' lang='grc' dir='ltr'>δὶ</span> <span class='ocrx_word' id='word_1_322' title='bbox 961 2822 1075 2893; x_wconf 76' lang='grc'>(10)</span> <span class='ocrx_word' id='word_1_323' title='bbox 1122 2819 1186 2875; x_wconf 82' lang='grc' dir='ltr'>σὺ</span> <span class='ocrx_word' id='word_1_324' title='bbox 1247 2818 1435 2891; x_wconf 78' lang='grc' dir='ltr'>δείξεις</span> <span class='ocrx_word' id='word_1_325' title='bbox 1489 2820 1618 2883; x_wconf 80' lang='grc' dir='ltr'>τοὺς</span> <span class='ocrx_word' id='word_1_326' title='bbox 1663 2818 1860 2897; x_wconf 87' lang='grc' dir='ltr'>λόγους</span> <span class='ocrx_word' id='word_1_327' title='bbox 1919 2843 2002 2877; x_wconf 91' lang='grc' dir='ltr'>σοι</span> 
     </span>
    </p>
   </div>
   <div class='ocr_carea' id='block_1_45' title="bbox 348 2906 2003 2987">
    <p class='ocr_par' dir='ltr' id='par_1_45' title="bbox 348 2906 2003 2987">
     <span class='ocr_line' id='line_1_46' title="bbox 348 2906 2003 2987; baseline 0.002 -24"><span class='ocrx_word' id='word_1_328' title='bbox 348 2907 734 2987; x_wconf 52' lang='grc' dir='ltr'>διαφέροντας</span> <span class='ocrx_word' id='word_1_329' title='bbox 793 2908 853 2966; x_wconf 73' lang='grc' dir='ltr'><strong>Εἰ</strong></span> <span class='ocrx_word' id='word_1_330' title='bbox 914 2906 971 2964; x_wconf 70' lang='grc' dir='ltr'>δὲ</span> <span class='ocrx_word' id='word_1_331' title='bbox 1025 2909 1116 2964; x_wconf 83' lang='grc' dir='ltr'>καὶ</span> <span class='ocrx_word' id='word_1_332' title='bbox 1177 2908 1327 2977; x_wconf 79' lang='grc' dir='ltr'>σοὺς,</span> <span class='ocrx_word' id='word_1_333' title='bbox 1367 2913 1487 2972; x_wconf 80' lang='grc' dir='ltr'>πῶς</span> <span class='ocrx_word' id='word_1_334' title='bbox 1532 2910 1739 2965; x_wconf 80' lang='grc' dir='ltr'>τούτων</span> <span class='ocrx_word' id='word_1_335' title='bbox 1773 2914 1907 2985; x_wconf 80' lang='grc' dir='ltr'>ἡμῖν</span> <span class='ocrx_word' id='word_1_336' title='bbox 1941 2912 2003 2967; x_wconf 74' lang='grc' dir='ltr'>οὐ</span> 
     </span>
    </p>
   </div>
   <div class='ocr_carea' id='block_1_46' title="bbox 356 2998 2001 3075">
    <p class='ocr_par' dir='ltr' id='par_1_46' title="bbox 356 2998 2001 3075">
     <span class='ocr_line' id='line_1_47' title="bbox 356 2998 2001 3075; baseline 0.003 -24"><span class='ocrx_word' id='word_1_337' title='bbox 356 2998 512 3069; x_wconf 86' lang='grc' dir='ltr'>μετὸν</span> <span class='ocrx_word' id='word_1_338' title='bbox 572 3001 684 3069; x_wconf 89' lang='grc'>(11)</span> <span class='ocrx_word' id='word_1_339' title='bbox 741 2998 879 3052; x_wconf 85' lang='grc' dir='ltr'>κατὰ</span> <span class='ocrx_word' id='word_1_340' title='bbox 930 2998 1029 3065; x_wconf 79' lang='grc' dir='ltr'>τὴν</span> <span class='ocrx_word' id='word_1_341' title='bbox 1090 2999 1184 3066; x_wconf 76' lang='grc' dir='ltr'>σὴν</span> <span class='ocrx_word' id='word_1_342' title='bbox 1243 2998 1562 3071; x_wconf 82' lang='grc' dir='ltr'>νομοθεσίαν</span> <span class='ocrx_word' id='word_1_343' title='bbox 1602 2999 1691 3055; x_wconf 87' lang='grc' dir='ltr'>καὶ</span> <span class='ocrx_word' id='word_1_344' title='bbox 1724 2999 2001 3075; x_wconf 72' lang='grc' dir='ltr'>ἀλογίανς</span> 
     </span>
    </p>
   </div>
   <div class='ocr_carea' id='block_1_47' title="bbox 347 3083 2003 3167">
    <p class='ocr_par' dir='ltr' id='par_1_47' title="bbox 347 3083 2003 3167">
     <span class='ocr_line' id='line_1_48' title="bbox 347 3083 2003 3167; baseline 0.003 -26"><span class='ocrx_word' id='word_1_345' title='bbox 347 3083 497 3149; x_wconf 85' lang='grc' dir='ltr'>τίνος</span> <span class='ocrx_word' id='word_1_346' title='bbox 553 3088 665 3160; x_wconf 74' lang='grc'>(42)</span> <span class='ocrx_word' id='word_1_347' title='bbox 722 3088 825 3162; x_wconf 79' lang='grc' dir='ltr'>γὰρ</span> <span class='ocrx_word' id='word_1_348' title='bbox 881 3089 978 3140; x_wconf 74' lang='grc' dir='ltr'>τοῦ</span> <span class='ocrx_word' id='word_1_349' title='bbox 1032 3085 1369 3158; x_wconf 83' lang='grc' dir='ltr'>Ἐλληνίζειν</span> <span class='ocrx_word' id='word_1_350' title='bbox 1399 3088 1530 3143; x_wconf 82' lang='grc' dir='ltr'>εἰσὶν</span> <span class='ocrx_word' id='word_1_351' title='bbox 1564 3090 1615 3143; x_wconf 76' lang='grc' dir='ltr'>οἱ</span> <span class='ocrx_word' id='word_1_352' title='bbox 1676 3089 1854 3167; x_wconf 85' lang='grc' dir='ltr'>λόγοι,</span> <span class='ocrx_word' id='word_1_353' title='bbox 1914 3097 2003 3152; x_wconf 83' lang='grc' dir='ltr'>καὶ</span> 
     </span>
    </p>
   </div>
   <div class='ocr_carea' id='block_1_48' title="bbox 346 3172 2003 3257">
    <p class='ocr_par' dir='ltr' id='par_1_48' title="bbox 346 3172 2003 3257">
     <span class='ocr_line' id='line_1_49' title="bbox 346 3172 2003 3257; baseline 0.003 -26"><span class='ocrx_word' id='word_1_354' title='bbox 346 3180 445 3231; x_wconf 77' lang='grc' dir='ltr'>τοῦ</span> <span class='ocrx_word' id='word_1_355' title='bbox 475 3180 594 3238; x_wconf 82' lang='grc' dir='ltr'>πῶς</span> <span class='ocrx_word' id='word_1_356' title='bbox 627 3172 930 3250; x_wconf 81' lang='grc' dir='ltr'>λεγομένου</span> <span class='ocrx_word' id='word_1_357' title='bbox 980 3176 1069 3230; x_wconf 78' lang='grc' dir='ltr'>καὶ</span> <span class='ocrx_word' id='word_1_358' title='bbox 1108 3179 1407 3251; x_wconf 85' lang='grc' dir='ltr'>νοουμένου</span> <span class='ocrx_word' id='word_1_359' title='bbox 1439 3180 1545 3252; x_wconf 89' lang='grc'>(13)</span> <span class='ocrx_word' id='word_1_360' title='bbox 1582 3197 1595 3249; x_wconf 85' lang='grc'>;</span> <span class='ocrx_word' id='word_1_361' title='bbox 1629 3181 1724 3236; x_wconf 82' lang='grc' dir='ltr'>’Ίν’</span> <span class='ocrx_word' id='word_1_362' title='bbox 1782 3181 1888 3257; x_wconf 83' lang='grc' dir='ltr'>ἐγώ</span> <span class='ocrx_word' id='word_1_363' title='bbox 1919 3192 2003 3236; x_wconf 87' lang='grc' dir='ltr'>σοι</span> 
     </span>
    </p>
   </div>
   <div class='ocr_carea' id='block_1_49' title="bbox 346 3262 2006 3344">
    <p class='ocr_par' dir='ltr' id='par_1_49' title="bbox 346 3262 2006 3344">
     <span class='ocr_line' id='line_1_50' title="bbox 346 3262 2006 3344; baseline 0.003 -23"><span class='ocrx_word' id='word_1_364' title='bbox 346 3262 517 3321; x_wconf 81' lang='grc' dir='ltr'>διέλω</span> <span class='ocrx_word' id='word_1_365' title='bbox 546 3266 641 3333; x_wconf 82' lang='grc' dir='ltr'>τήν</span> <span class='ocrx_word' id='word_1_366' title='bbox 674 3269 771 3320; x_wconf 77' lang='grc' dir='ltr'>τοῦ</span> <span class='ocrx_word' id='word_1_367' title='bbox 804 3264 1070 3339; x_wconf 81' lang='grc' dir='ltr'>ὀνόματος</span> <span class='ocrx_word' id='word_1_368' title='bbox 1101 3264 1351 3341; x_wconf 81' lang='grc' dir='ltr'>δύναμιν,</span> <span class='ocrx_word' id='word_1_369' title='bbox 1385 3270 1429 3321; x_wconf 82' lang='grc' dir='ltr'>ὤ</span> <span class='ocrx_word' id='word_1_370' title='bbox 1458 3268 1582 3344; x_wconf 83' lang='grc' dir='ltr'>περὶ</span> <span class='ocrx_word' id='word_1_371' title='bbox 1631 3271 1727 3331; x_wconf 80' lang='grc' dir='ltr'>τὰς</span> <span class='ocrx_word' id='word_1_372' title='bbox 1787 3272 2006 3343; x_wconf 84' lang='grc' dir='ltr'>ὁμωνυ-</span> 
     </span>
    </p>
   </div>
   <div class='ocr_carea' id='block_1_50' title="bbox 344 3346 2073 3437">
    <p class='ocr_par' dir='ltr' id='par_1_50' title="bbox 344 3346 2073 3437">
     <span class='ocr_line' id='line_1_51' title="bbox 344 3346 2073 3437; baseline 0.001 -26"><span class='ocrx_word' id='word_1_373' title='bbox 344 3356 475 3430; x_wconf 83' lang='grc' dir='ltr'>μίας</span> <span class='ocrx_word' id='word_1_374' title='bbox 534 3353 680 3431; x_wconf 84' lang='grc' dir='ltr'>ἔχων</span> <span class='ocrx_word' id='word_1_375' title='bbox 738 3354 821 3423; x_wconf 81' lang='grc' dir='ltr'>σὺ,</span> <span class='ocrx_word' id='word_1_376' title='bbox 883 3355 971 3410; x_wconf 87' lang='grc' dir='ltr'>καὶ</span> <span class='ocrx_word' id='word_1_377' title='bbox 1000 3358 1069 3411; x_wconf 82' lang='grc' dir='ltr'>τὰ</span> <span class='ocrx_word' id='word_1_378' title='bbox 1095 3354 1430 3431; x_wconf 76' lang='grc' dir='ltr'>δηλούμενα,</span> <span class='ocrx_word' id='word_1_379' title='bbox 1461 3360 1496 3427; x_wconf 79' lang='grc' dir='ltr'>ἢ</span> <span class='ocrx_word' id='word_1_380' title='bbox 1534 3364 1632 3432; x_wconf 85' lang='grc' dir='ltr'>μιᾷ</span> <span class='ocrx_word' id='word_1_381' title='bbox 1660 3360 1999 3437; x_wconf 81' lang='grc' dir='ltr'>προσηγορίᾳ</span> <span class='ocrx_word' id='word_1_382' title='bbox 2030 3346 2073 3413; x_wconf 83' lang='lat' dir='ltr'>C</span> 
     </span>
    </p>
   </div>
   <div class='ocr_carea' id='block_1_51' title="bbox 338 3442 1985 3527">
    <p class='ocr_par' dir='ltr' id='par_1_51' title="bbox 338 3442 1985 3527">
     <span class='ocr_line' id='line_1_52' title="bbox 338 3442 1985 3527; baseline 0.002 -24"><span class='ocrx_word' id='word_1_383' title='bbox 338 3445 595 3525; x_wconf 78' lang='grc' dir='ltr'>διάφορα,</span> <span class='ocrx_word' id='word_1_384' title='bbox 626 3446 661 3516; x_wconf 72' lang='grc' dir='ltr'><strong>ἢ</strong></span> <span class='ocrx_word' id='word_1_385' title='bbox 693 3442 977 3525; x_wconf 79' lang='grc' dir='ltr'>διαφόροις</span> <span class='ocrx_word' id='word_1_386' title='bbox 1006 3444 1174 3501; x_wconf 84' lang='grc' dir='ltr'>ταυτά</span> <span class='ocrx_word' id='word_1_387' title='bbox 1202 3450 1333 3520; x_wconf 84' lang='grc'>(14),</span> <span class='ocrx_word' id='word_1_388' title='bbox 1366 3450 1399 3517; x_wconf 85' lang='grc' dir='ltr'>ἣ</span> <span class='ocrx_word' id='word_1_389' title='bbox 1429 3447 1633 3525; x_wconf 72' lang='grc' dir='ltr'>ἑτέραις</span> <span class='ocrx_word' id='word_1_390' title='bbox 1663 3453 1777 3523; x_wconf 89' lang='grc'>(15)</span> <span class='ocrx_word' id='word_1_391' title='bbox 1804 3447 1985 3527; x_wconf 66' lang='grc' dir='ltr'>ἕτερα·</span> 
     </span>
    </p>
   </div>
   <div class='ocr_carea' id='block_1_52' title="bbox 333 3535 1995 3615">
    <p class='ocr_par' dir='ltr' id='par_1_52' title="bbox 333 3535 1995 3615">
     <span class='ocr_line' id='line_1_53' title="bbox 333 3535 1995 3615; baseline 0.004 -25"><span class='ocrx_word' id='word_1_392' title='bbox 333 3537 368 3606; x_wconf 78' lang='grc' dir='ltr'><strong>ἢ</strong></span> <span class='ocrx_word' id='word_1_393' title='bbox 398 3535 506 3612; x_wconf 71' lang='grc' dir='ltr'>γὰρ</span> <span class='ocrx_word' id='word_1_394' title='bbox 559 3537 659 3605; x_wconf 77' lang='grc' dir='ltr'>τῆς</span> <span class='ocrx_word' id='word_1_395' title='bbox 714 3547 1003 3611; x_wconf 83' lang='grc' dir='ltr'>θρησκειας</span> <span class='ocrx_word' id='word_1_396' title='bbox 1054 3536 1185 3592; x_wconf 80' lang='grc' dir='ltr'>εἶναι</span> <span class='ocrx_word' id='word_1_397' title='bbox 1242 3542 1403 3592; x_wconf 83' lang='grc' dir='ltr'>τοῦτο</span> <span class='ocrx_word' id='word_1_398' title='bbox 1461 3540 1674 3615; x_wconf 78' lang='grc' dir='ltr'>φήσεις,</span> <span class='ocrx_word' id='word_1_399' title='bbox 1720 3542 1878 3609; x_wconf 78' lang='grc' dir='ltr'>ἢτοῦ</span> <span class='ocrx_word' id='word_1_400' title='bbox 1910 3538 1995 3604; x_wconf 67' lang='grc' dir='ltr'>ἔθα</span> 
     </span>
    </p>
   </div>
   <div class='ocr_carea' id='block_1_53' title="bbox 330 3621 1996 3703">
    <p class='ocr_par' dir='ltr' id='par_1_53' title="bbox 330 3621 1996 3703">
     <span class='ocr_line' id='line_1_54' title="bbox 330 3621 1996 3703; baseline 0.004 -23"><span class='ocrx_word' id='word_1_401' title='bbox 330 3646 465 3688; x_wconf 91' lang='grc' dir='ltr'>νους</span> <span class='ocrx_word' id='word_1_402' title='bbox 520 3621 761 3695; x_wconf 82' lang='grc' dir='ltr'>δηλαδὴ,</span> <span class='ocrx_word' id='word_1_403' title='bbox 809 3625 898 3679; x_wconf 86' lang='grc' dir='ltr'>καὶ</span> <span class='ocrx_word' id='word_1_404' title='bbox 928 3628 1036 3679; x_wconf 80' lang='grc' dir='ltr'>τῶν</span> <span class='ocrx_word' id='word_1_405' title='bbox 1069 3630 1283 3698; x_wconf 81' lang='grc' dir='ltr'>πρῶτον</span> <span class='ocrx_word' id='word_1_406' title='bbox 1323 3628 1435 3701; x_wconf 76' lang='grc'>(16)</span> <span class='ocrx_word' id='word_1_407' title='bbox 1468 3626 1865 3703; x_wconf 70' lang='grc' dir='ltr'>εὑρισκομένων</span> <span class='ocrx_word' id='word_1_408' title='bbox 1898 3638 1996 3700; x_wconf 86' lang='grc' dir='ltr'>τῆς</span> 
     </span>
    </p>
   </div>
   <div class='ocr_carea' id='block_1_54' title="bbox 332 3711 1995 3794">
    <p class='ocr_par' dir='ltr' id='par_1_54' title="bbox 332 3711 1995 3794">
     <span class='ocr_line' id='line_1_55' title="bbox 332 3711 1995 3794; baseline 0.004 -24"><span class='ocrx_word' id='word_1_409' title='bbox 332 3713 630 3771; x_wconf 87' lang='grc' dir='ltr'>διαλέκτου</span> <span class='ocrx_word' id='word_1_410' title='bbox 659 3714 757 3783; x_wconf 76' lang='grc' dir='ltr'>τὴν</span> <span class='ocrx_word' id='word_1_411' title='bbox 788 3711 1030 3787; x_wconf 75' lang='grc' dir='ltr'>δύναμιν.</span> <span class='ocrx_word' id='word_1_412' title='bbox 1068 3713 1130 3771; x_wconf 76' lang='grc' dir='ltr'><strong>Εἰ</strong></span> <span class='ocrx_word' id='word_1_413' title='bbox 1168 3716 1263 3788; x_wconf 77' lang='grc' dir='ltr'>μὲν</span> <span class='ocrx_word' id='word_1_414' title='bbox 1295 3713 1386 3771; x_wconf 77' lang='grc' dir='ltr'>οὖν</span> <span class='ocrx_word' id='word_1_415' title='bbox 1413 3719 1512 3785; x_wconf 75' lang='grc' dir='ltr'>τῆς</span> <span class='ocrx_word' id='word_1_416' title='bbox 1546 3718 1829 3794; x_wconf 83' lang='grc' dir='ltr'>θρησκείας</span> <span class='ocrx_word' id='word_1_417' title='bbox 1860 3722 1995 3794; x_wconf 89' lang='grc'>(17),</span> 
     </span>
    </p>
   </div>
   <div class='ocr_carea' id='block_1_55' title="bbox 323 3801 1999 3882">
    <p class='ocr_par' dir='ltr' id='par_1_55' title="bbox 323 3801 1999 3882">
     <span class='ocr_line' id='line_1_56' title="bbox 323 3801 1999 3882; baseline 0.001 -22"><span class='ocrx_word' id='word_1_418' title='bbox 323 3801 504 3876; x_wconf 80' lang='grc' dir='ltr'>δεῖξον</span> <span class='ocrx_word' id='word_1_419' title='bbox 539 3806 646 3858; x_wconf 77' lang='grc' dir='ltr'>ποῦ</span> <span class='ocrx_word' id='word_1_420' title='bbox 676 3803 766 3858; x_wconf 82' lang='grc' dir='ltr'>καὶ</span> <span class='ocrx_word' id='word_1_421' title='bbox 823 3804 970 3879; x_wconf 79' lang='grc' dir='ltr'>παρὰ</span> <span class='ocrx_word' id='word_1_422' title='bbox 1026 3802 1133 3858; x_wconf 87' lang='grc' dir='ltr'>τίσι</span> <span class='ocrx_word' id='word_1_423' title='bbox 1181 3808 1289 3859; x_wconf 76' lang='grc' dir='ltr'>τῶν</span> <span class='ocrx_word' id='word_1_424' title='bbox 1343 3805 1531 3882; x_wconf 74' lang='grc' dir='ltr'>ἱερέων</span> <span class='ocrx_word' id='word_1_425' title='bbox 1564 3808 1676 3880; x_wconf 77' lang='grc'>(48)</span> <span class='ocrx_word' id='word_1_426' title='bbox 1705 3808 1767 3861; x_wconf 88' lang='grc' dir='ltr'>τὸ</span> <span class='ocrx_word' id='word_1_427' title='bbox 1797 3806 1999 3878; x_wconf 87' lang='grc' dir='ltr'>Ἑλλη-</span> 
     </span>
    </p>
   </div>
   <div class='ocr_carea' id='block_1_56' title="bbox 320 3890 1996 3969">
    <p class='ocr_par' dir='ltr' id='par_1_56' title="bbox 320 3890 1996 3969">
     <span class='ocr_line' id='line_1_57' title="bbox 320 3890 1996 3969; baseline 0.001 -19"><span class='ocrx_word' id='word_1_428' title='bbox 320 3894 493 3964; x_wconf 86' lang='grc' dir='ltr'>νίζειν</span> <span class='ocrx_word' id='word_1_429' title='bbox 549 3890 800 3965; x_wconf 81' lang='grc' dir='ltr'>ἔννομον,</span> <span class='ocrx_word' id='word_1_430' title='bbox 860 3891 1042 3969; x_wconf 83' lang='grc' dir='ltr'>ὥσπερ</span> <span class='ocrx_word' id='word_1_431' title='bbox 1088 3892 1178 3948; x_wconf 83' lang='grc' dir='ltr'>καὶ</span> <span class='ocrx_word' id='word_1_432' title='bbox 1208 3896 1271 3949; x_wconf 86' lang='grc' dir='ltr'>τὸ</span> <span class='ocrx_word' id='word_1_433' title='bbox 1327 3897 1441 3969; x_wconf 88' lang='grc'>(19)</span> <span class='ocrx_word' id='word_1_434' title='bbox 1496 3894 1637 3950; x_wconf 81' lang='grc' dir='ltr'>θύειν</span> <span class='ocrx_word' id='word_1_435' title='bbox 1670 3893 1811 3952; x_wconf 79' lang='grc' dir='ltr'>ἔστιν</span> <span class='ocrx_word' id='word_1_436' title='bbox 1842 3900 1874 3951; x_wconf 80' lang='grc' dir='ltr'>ἂ</span> <span class='ocrx_word' id='word_1_437' title='bbox 1906 3899 1996 3952; x_wconf 79' lang='grc' dir='ltr'>καὶ</span> 
     </span>
    </p>
   </div>
   <div class='ocr_carea' id='block_1_57' title="bbox 414 3994 1319 4075">
    <p class='ocr_par' dir='ltr' id='par_1_57' title="bbox 414 3994 1319 4075">
     <span class='ocr_line' id='line_1_58' title="bbox 414 3994 1319 4075; baseline 0.003 -18"><span class='ocrx_word' id='word_1_438' title='bbox 414 4003 514 4075; x_wconf 84' lang='grc'>99)</span> <span class='ocrx_word' id='word_1_439' title='bbox 546 3994 755 4075; x_wconf 31' lang='grc' dir='ltr'>Σέεεινι.</span> <span class='ocrx_word' id='word_1_440' title='bbox 788 4002 1016 4070; x_wconf 89' lang='lat' dir='ltr'>Heins.,</span> <span class='ocrx_word' id='word_1_441' title='bbox 1051 3996 1319 4060; x_wconf 76' lang='grc' dir='ltr'>σέϐεσθαι.</span> 
     </span>
    </p>
   </div>
   <div class='ocr_carea' id='block_1_58' title="bbox 395 4006 1987 4203">
    <p class='ocr_par' dir='ltr' id='par_1_58' title="bbox 395 4006 1987 4203">
     <span class='ocr_line' id='line_1_59' title="bbox 414 4006 1319 4075; baseline 0.002 -18"><span class='ocrx_word' id='word_1_442' title='bbox 414 4006 514 4075; x_wconf 85' lang='grc'>99)</span> <span class='ocrx_word' id='word_1_443' title='bbox 546 4006 755 4058; x_wconf 80' lang='grc' dir='ltr'>Σέὸειν.</span> <span class='ocrx_word' id='word_1_444' title='bbox 788 4006 1016 4070; x_wconf 89' lang='lat' dir='ltr'>Heins.,</span> <span class='ocrx_word' id='word_1_445' title='bbox 1051 4006 1319 4060; x_wconf 74' lang='grc' dir='ltr'>σέϐεσθαι.</span> 
     </span>
     <span class='ocr_line' id='line_1_60' title="bbox 395 4006 1987 4203; baseline 0.004 -74"><span class='ocrx_word' id='word_1_446' title='bbox 395 4006 483 4147; x_wconf 69' lang='grc'>(1)</span> <span class='ocrx_word' id='word_1_447' title='bbox 515 4072 686 4135; x_wconf 80' lang='grc' dir='ltr'>Αὐτὸς</span> <span class='ocrx_word' id='word_1_448' title='bbox 718 4070 838 4203; x_wconf 51' lang='lat' dir='ltr'>tcta.</span> <span class='ocrx_word' id='word_1_449' title='bbox 873 4097 902 4126; x_wconf 78' lang='grc' dir='ltr'>ι(</span> <span class='ocrx_word' id='word_1_450' title='bbox 954 4075 1097 4157; x_wconf 39' lang='lat' dir='ltr'>Ipse.</span> <span class='ocrx_word' id='word_1_451' title='bbox 1134 4076 1298 4159; x_wconf 77' lang='lat' dir='ltr'>dixit.</span> <span class='ocrx_word' id='word_1_452' title='bbox 1348 4100 1369 4127; x_wconf 78' lang='grc' dir='ltr'>ι</span> <span class='ocrx_word' id='word_1_453' title='bbox 1404 4076 1677 4134; x_wconf 90' lang='lat' dir='ltr'>Solemne</span> <span class='ocrx_word' id='word_1_454' title='bbox 1705 4094 1773 4134; x_wconf 91' lang='lat' dir='ltr'>ac</span> <span class='ocrx_word' id='word_1_455' title='bbox 1805 4080 1987 4135; x_wconf 90' lang='lat' dir='ltr'>usita-</span> 
     </span>
     <span class='ocr_line' id='line_1_61' title="bbox 395 4147 1987 4203; baseline 0 0"><span class='ocrx_word' id='word_1_456' title='bbox 395 4163 460 4203; x_wconf 79' lang='grc' dir='ltr'>ω</span> <span class='ocrx_word' id='word_1_457' title='bbox 487 4147 638 4203; x_wconf 83' lang='lat' dir='ltr'>anud</span> <span class='ocrx_word' id='word_1_458' title='bbox 668 4151 751 4203; x_wconf 90' lang='lat' dir='ltr'>Pv</span> <span class='ocrx_word' id='word_1_459' title='bbox 783 4147 1012 4203; x_wconf 74' lang='lat' dir='ltr'>haaora</span> <span class='ocrx_word' id='word_1_460' title='bbox 1043 4147 1368 4203; x_wconf 74' lang='lat' dir='ltr'>discipulos</span> <span class='ocrx_word' id='word_1_461' title='bbox 1421 4165 1793 4203; x_wconf 85' lang='lat' dir='ltr'>resnonsum.</span> <span class='ocrx_word' id='word_1_462' title='bbox 1841 4152 1987 4203; x_wconf 90' lang='lat' dir='ltr'>Cum</span> 
     </span>
    </p>
   </div>
   <div class='ocr_carea' id='block_1_59' title="bbox 321 4147 1987 4222">
    <p class='ocr_par' dir='ltr' id='par_1_59' title="bbox 321 4147 1987 4222">
     <span class='ocr_line' id='line_1_62' title="bbox 321 4147 1987 4222; baseline 0.003 -19"><span class='ocrx_word' id='word_1_463' title='bbox 321 4151 460 4222; x_wconf 82' lang='lat' dir='ltr'>tum</span> <span class='ocrx_word' id='word_1_464' title='bbox 487 4147 640 4222; x_wconf 80' lang='lat' dir='ltr'>apud</span> <span class='ocrx_word' id='word_1_465' title='bbox 668 4147 1012 4219; x_wconf 83' lang='lat' dir='ltr'>Pythagora</span> <span class='ocrx_word' id='word_1_466' title='bbox 1042 4147 1368 4222; x_wconf 80' lang='lat' dir='ltr'>discipulos</span> <span class='ocrx_word' id='word_1_467' title='bbox 1421 4165 1793 4222; x_wconf 88' lang='lat' dir='ltr'>responsum.</span> <span class='ocrx_word' id='word_1_468' title='bbox 1841 4152 1987 4208; x_wconf 89' lang='lat' dir='ltr'>Cum</span> 
     </span>
    </p>
   </div>
   <div class='ocr_carea' id='block_1_60' title="bbox 317 4218 1989 4296">
    <p class='ocr_par' dir='ltr' id='par_1_60' title="bbox 317 4218 1989 4296">
     <span class='ocr_line' id='line_1_63' title="bbox 317 4218 1989 4296; baseline 0.003 -19"><span class='ocrx_word' id='word_1_469' title='bbox 317 4220 487 4278; x_wconf 85' lang='lat' dir='ltr'>enim</span> <span class='ocrx_word' id='word_1_470' title='bbox 514 4218 590 4296; x_wconf 77' lang='lat' dir='ltr'>de</span> <span class='ocrx_word' id='word_1_471' title='bbox 608 4218 883 4291; x_wconf 79' lang='lat' dir='ltr'>dogmate</span> <span class='ocrx_word' id='word_1_472' title='bbox 905 4218 1349 4293; x_wconf 82' lang='lat' dir='ltr'>quodam,quod</span> <span class='ocrx_word' id='word_1_473' title='bbox 1373 4239 1407 4278; x_wconf 88' lang='lat' dir='ltr'>a</span> <span class='ocrx_word' id='word_1_474' title='bbox 1428 4218 1711 4296; x_wconf 78' lang='lat' dir='ltr'>magistro</span> <span class='ocrx_word' id='word_1_475' title='bbox 1734 4225 1989 4296; x_wconf 82' lang='lat' dir='ltr'>accepis-</span> 
     </span>
    </p>
   </div>
   <div class='ocr_carea' id='block_1_61' title="bbox 314 4290 1987 4376">
    <p class='ocr_par' dir='ltr' id='par_1_61' title="bbox 314 4290 1987 4376">
     <span class='ocr_line' id='line_1_64' title="bbox 314 4290 1987 4376; baseline 0.002 -27"><span class='ocrx_word' id='word_1_476' title='bbox 314 4297 479 4376; x_wconf 70' lang='lat' dir='ltr'>sent,</span> <span class='ocrx_word' id='word_1_477' title='bbox 510 4290 1038 4376; x_wconf 64' lang='lat' dir='ltr'>interrogarentur,</span> <span class='ocrx_word' id='word_1_478' title='bbox 1088 4290 1727 4376; x_wconf 50' lang='lat' dir='ltr'>curn—queuejus&#39;causa</span> <span class='ocrx_word' id='word_1_479' title='bbox 1759 4312 1824 4352; x_wconf 88' lang='lat' dir='ltr'>ac</span> <span class='ocrx_word' id='word_1_480' title='bbox 1853 4290 1987 4370; x_wconf 76' lang='lat' dir='ltr'>pro-</span> 
     </span>
    </p>
   </div>
   <div class='ocr_carea' id='block_1_62' title="bbox 311 4362 1987 4441">
    <p class='ocr_par' dir='ltr' id='par_1_62' title="bbox 311 4362 1987 4441">
     <span class='ocr_line' id='line_1_65' title="bbox 311 4362 1987 4441; baseline 0.004 -20"><span class='ocrx_word' id='word_1_481' title='bbox 311 4365 484 4441; x_wconf 80' lang='lat' dir='ltr'>batio</span> <span class='ocrx_word' id='word_1_482' title='bbox 516 4362 691 4441; x_wconf 46' lang='lat' dir='ltr'>eaeis</span> <span class='ocrx_word' id='word_1_483' title='bbox 714 4362 1459 4441; x_wconf 74' lang='lat' dir='ltr'>requireretur,n_ihil__aliud</span> <span class='ocrx_word' id='word_1_484' title='bbox 1482 4368 1721 4441; x_wconf 84' lang='lat' dir='ltr'>omnino</span> <span class='ocrx_word' id='word_1_485' title='bbox 1740 4362 1987 4441; x_wconf 75' lang='lat' dir='ltr'>respon-</span> 
     </span>
    </p>
   </div>
   <div class='ocr_carea' id='block_1_63' title="bbox 310 4432 1989 4514">
    <p class='ocr_par' dir='ltr' id='par_1_63' title="bbox 310 4432 1989 4514">
     <span class='ocr_line' id='line_1_66' title="bbox 310 4432 1989 4514; baseline 0.004 -21"><span class='ocrx_word' id='word_1_486' title='bbox 310 4439 457 4514; x_wconf 74' lang='lat' dir='ltr'>dere</span> <span class='ocrx_word' id='word_1_487' title='bbox 489 4432 1000 4514; x_wconf 29' lang='lat' dir='ltr'>solitum,‘quam,</span> <span class='ocrx_word' id='word_1_488' title='bbox 1051 4432 1393 4514; x_wconf 47' lang='grc' dir='ltr'>Αὐτὸς-ἔφα,</span> <span class='ocrx_word' id='word_1_489' title='bbox 1448 4460 1477 4490; x_wconf 88' lang='grc'>‹‹</span> <span class='ocrx_word' id='word_1_490' title='bbox 1530 4440 1662 4512; x_wconf 91' lang='lat' dir='ltr'>Ipse</span> <span class='ocrx_word' id='word_1_491' title='bbox 1712 4432 1873 4510; x_wconf 75' lang='lat' dir='ltr'>dixit,</span> <span class='ocrx_word' id='word_1_492' title='bbox 1907 4442 1989 4499; x_wconf 88' lang='lat' dir='ltr'>ita</span> 
     </span>
    </p>
   </div>
   <div class='ocr_carea' id='block_1_64' title="bbox 2115 2014 3771 2087">
    <p class='ocr_par' dir='ltr' id='par_1_64' title="bbox 2115 2014 3771 2087">
     <span class='ocr_line' id='line_1_67' title="bbox 2115 2014 3771 2087; baseline 0.001 -17"><span class='ocrx_word' id='word_1_493' title='bbox 2115 2014 2355 2086; x_wconf 85' lang='lat' dir='ltr'>syllabis</span> <span class='ocrx_word' id='word_1_494' title='bbox 2386 2019 2443 2070; x_wconf 91' lang='lat' dir='ltr'>et</span> <span class='ocrx_word' id='word_1_495' title='bbox 2473 2015 2691 2083; x_wconf 87' lang='lat' dir='ltr'>verbis,</span> <span class='ocrx_word' id='word_1_496' title='bbox 2733 2017 2935 2071; x_wconf 91' lang='lat' dir='ltr'>eodem</span> <span class='ocrx_word' id='word_1_497' title='bbox 2967 2020 3162 2072; x_wconf 90' lang='lat' dir='ltr'>tamen</span> <span class='ocrx_word' id='word_1_498' title='bbox 3206 2015 3414 2072; x_wconf 85' lang='lat' dir='ltr'>recidit</span> <span class='ocrx_word' id='word_1_499' title='bbox 3460 2016 3625 2072; x_wconf 91' lang='lat' dir='ltr'>illud.</span> <span class='ocrx_word' id='word_1_500' title='bbox 3654 2018 3771 2087; x_wconf 79' lang='lat' dir='ltr'>Ipse</span> 
     </span>
    </p>
   </div>
   <div class='ocr_carea' id='block_1_65' title="bbox 2110 2104 3764 2178">
    <p class='ocr_par' dir='ltr' id='par_1_65' title="bbox 2110 2104 3764 2178">
     <span class='ocr_line' id='line_1_68' title="bbox 2110 2104 3764 2178; baseline 0.001 -19"><span class='ocrx_word' id='word_1_501' title='bbox 2110 2104 2276 2172; x_wconf 73' lang='lat' dir='ltr'>dixit,</span> <span class='ocrx_word' id='word_1_502' title='bbox 2311 2120 2427 2176; x_wconf 90' lang='lat' dir='ltr'>quo</span> <span class='ocrx_word' id='word_1_503' title='bbox 2458 2109 2727 2161; x_wconf 88' lang='lat' dir='ltr'>nostrum</span> <span class='ocrx_word' id='word_1_504' title='bbox 2774 2105 2960 2175; x_wconf 83' lang='lat' dir='ltr'>Crede,</span> <span class='ocrx_word' id='word_1_505' title='bbox 2996 2105 3268 2177; x_wconf 90' lang='lat' dir='ltr'>quamvis</span> <span class='ocrx_word' id='word_1_506' title='bbox 3298 2106 3356 2160; x_wconf 92' lang='lat' dir='ltr'>id</span> <span class='ocrx_word' id='word_1_507' title='bbox 3388 2105 3668 2178; x_wconf 88' lang='lat' dir='ltr'>sugillare</span> <span class='ocrx_word' id='word_1_508' title='bbox 3698 2122 3764 2161; x_wconf 91' lang='lat' dir='ltr'>ao</span> 
     </span>
    </p>
   </div>
   <div class='ocr_carea' id='block_1_66' title="bbox 2113 2194 3765 2266">
    <p class='ocr_par' dir='ltr' id='par_1_66' title="bbox 2113 2194 3765 2266">
     <span class='ocr_line' id='line_1_69' title="bbox 2113 2194 3765 2266; baseline 0.001 -17"><span class='ocrx_word' id='word_1_509' title='bbox 2113 2194 2411 2250; x_wconf 90' lang='lat' dir='ltr'>morsibus</span> <span class='ocrx_word' id='word_1_510' title='bbox 2429 2198 2697 2266; x_wconf 89' lang='lat' dir='ltr'>appetere</span> <span class='ocrx_word' id='word_1_511' title='bbox 2718 2212 2833 2250; x_wconf 93' lang='lat' dir='ltr'>non</span> <span class='ocrx_word' id='word_1_512' title='bbox 2856 2194 3160 2251; x_wconf 86' lang='lat' dir='ltr'>desinatis.</span> <span class='ocrx_word' id='word_1_513' title='bbox 3180 2199 3299 2250; x_wconf 87' lang='lat' dir='ltr'>Hoc</span> <span class='ocrx_word' id='word_1_514' title='bbox 3315 2195 3472 2251; x_wconf 91' lang='lat' dir='ltr'>enim</span> <span class='ocrx_word' id='word_1_515' title='bbox 3493 2211 3765 2251; x_wconf 88' lang='lat' dir='ltr'>sermone</span> 
     </span>
    </p>
   </div>
   <div class='ocr_carea' id='block_1_67' title="bbox 2111 2282 3761 2355">
    <p class='ocr_par' dir='ltr' id='par_1_67' title="bbox 2111 2282 3761 2355">
     <span class='ocr_line' id='line_1_70' title="bbox 2111 2282 3761 2355; baseline 0.003 -19"><span class='ocrx_word' id='word_1_516' title='bbox 2111 2282 2171 2337; x_wconf 90' lang='lat' dir='ltr'>id</span> <span class='ocrx_word' id='word_1_517' title='bbox 2202 2283 2607 2355; x_wconf 87' lang='lat' dir='ltr'>intelligimus,</span> <span class='ocrx_word' id='word_1_518' title='bbox 2641 2301 2757 2340; x_wconf 91' lang='lat' dir='ltr'>non</span> <span class='ocrx_word' id='word_1_519' title='bbox 2788 2282 2961 2339; x_wconf 89' lang='lat' dir='ltr'>licere</span> <span class='ocrx_word' id='word_1_520' title='bbox 3006 2284 3079 2339; x_wconf 91' lang='lat' dir='ltr'>iis</span> <span class='ocrx_word' id='word_1_521' title='bbox 3132 2301 3258 2355; x_wconf 84' lang='lat' dir='ltr'>qua</span> <span class='ocrx_word' id='word_1_522' title='bbox 3297 2285 3369 2340; x_wconf 93' lang='lat' dir='ltr'>ab</span> <span class='ocrx_word' id='word_1_523' title='bbox 3420 2283 3761 2341; x_wconf 89' lang='lat' dir='ltr'>hominibus</span> 
     </span>
    </p>
   </div>
   <div class='ocr_carea' id='block_1_68' title="bbox 2113 2372 3761 2447">
    <p class='ocr_par' dir='ltr' id='par_1_68' title="bbox 2113 2372 3761 2447">
     <span class='ocr_line' id='line_1_71' title="bbox 2113 2372 3761 2447; baseline 0.002 -20"><span class='ocrx_word' id='word_1_524' title='bbox 2113 2372 2310 2427; x_wconf 90' lang='lat' dir='ltr'>divino</span> <span class='ocrx_word' id='word_1_525' title='bbox 2342 2372 2594 2428; x_wconf 89' lang='lat' dir='ltr'>Numine</span> <span class='ocrx_word' id='word_1_526' title='bbox 2623 2372 2839 2429; x_wconf 87' lang='lat' dir='ltr'>afﬁatis</span> <span class='ocrx_word' id='word_1_527' title='bbox 2869 2374 3025 2429; x_wconf 88' lang='lat' dir='ltr'>dicta</span> <span class='ocrx_word' id='word_1_528' title='bbox 3055 2378 3213 2441; x_wconf 91' lang='lat' dir='ltr'>sunt,</span> <span class='ocrx_word' id='word_1_529' title='bbox 3248 2374 3425 2429; x_wconf 85' lang='lat' dir='ltr'>ﬁdem</span> <span class='ocrx_word' id='word_1_530' title='bbox 3458 2374 3761 2447; x_wconf 87' lang='lat' dir='ltr'>abrogare,</span> 
     </span>
    </p>
   </div>
   <div class='ocr_carea' id='block_1_69' title="bbox 2110 2462 3770 2534">
    <p class='ocr_par' dir='ltr' id='par_1_69' title="bbox 2110 2462 3770 2534">
     <span class='ocr_line' id='line_1_72' title="bbox 2110 2462 3770 2534; baseline 0.001 -18"><span class='ocrx_word' id='word_1_531' title='bbox 2110 2478 2315 2517; x_wconf 89' lang='lat' dir='ltr'>verum</span> <span class='ocrx_word' id='word_1_532' title='bbox 2346 2478 2451 2534; x_wconf 91' lang='lat' dir='ltr'>pro</span> <span class='ocrx_word' id='word_1_533' title='bbox 2480 2463 2772 2518; x_wconf 89' lang='lat' dir='ltr'>sermonis</span> <span class='ocrx_word' id='word_1_534' title='bbox 2801 2466 2855 2518; x_wconf 90' lang='lat' dir='ltr'>et</span> <span class='ocrx_word' id='word_1_535' title='bbox 2885 2462 3162 2518; x_wconf 88' lang='lat' dir='ltr'>doctrina</span> <span class='ocrx_word' id='word_1_536' title='bbox 3194 2462 3658 2532; x_wconf 89' lang='lat' dir='ltr'>conﬁrmatione,</span> <span class='ocrx_word' id='word_1_537' title='bbox 3692 2462 3770 2518; x_wconf 86' lang='lat' dir='ltr'>il-</span> 
     </span>
    </p>
   </div>
   <div class='ocr_carea' id='block_1_70' title="bbox 2112 2550 3768 2625">
    <p class='ocr_par' dir='ltr' id='par_1_70' title="bbox 2112 2550 3768 2625">
     <span class='ocr_line' id='line_1_73' title="bbox 2112 2550 3768 2625; baseline 0.002 -19"><span class='ocrx_word' id='word_1_538' title='bbox 2112 2550 2302 2606; x_wconf 91' lang='lat' dir='ltr'>lorum</span> <span class='ocrx_word' id='word_1_539' title='bbox 2334 2552 2741 2607; x_wconf 84' lang='lat' dir='ltr'>auctoritatem</span> <span class='ocrx_word' id='word_1_540' title='bbox 2772 2567 2922 2621; x_wconf 86' lang='lat' dir='ltr'>esse,</span> <span class='ocrx_word' id='word_1_541' title='bbox 2950 2552 3113 2607; x_wconf 90' lang='lat' dir='ltr'>omni</span> <span class='ocrx_word' id='word_1_542' title='bbox 3152 2550 3343 2625; x_wconf 88' lang='lat' dir='ltr'>logica</span> <span class='ocrx_word' id='word_1_543' title='bbox 3372 2551 3648 2609; x_wconf 84' lang='lat' dir='ltr'>facultate</span> <span class='ocrx_word' id='word_1_544' title='bbox 3679 2556 3768 2609; x_wconf 83' lang='lat' dir='ltr'>at-</span> 
     </span>
    </p>
   </div>
   <div class='ocr_carea' id='block_1_71' title="bbox 2114 2642 3104 2715">
    <p class='ocr_par' dir='ltr' id='par_1_71' title="bbox 2114 2642 3104 2715">
     <span class='ocr_line' id='line_1_74' title="bbox 2114 2642 3104 2715; baseline -0.003 -16"><span class='ocrx_word' id='word_1_545' title='bbox 2114 2659 2228 2715; x_wconf 90' lang='lat' dir='ltr'>que</span> <span class='ocrx_word' id='word_1_546' title='bbox 2258 2642 2714 2698; x_wconf 88' lang='lat' dir='ltr'>contradictione</span> <span class='ocrx_word' id='word_1_547' title='bbox 2740 2642 3104 2698; x_wconf 89' lang='lat' dir='ltr'>validiorem.</span> 
     </span>
    </p>
   </div>
   <div class='ocr_carea' id='block_1_72' title="bbox 2185 2731 3762 2801">
    <p class='ocr_par' dir='ltr' id='par_1_72' title="bbox 2185 2731 3762 2801">
     <span class='ocr_line' id='line_1_75' title="bbox 2185 2731 3762 2801; baseline 0.001 -14"><span class='ocrx_word' id='word_1_548' title='bbox 2185 2732 2326 2789; x_wconf 88' lang='lat' dir='ltr'>CIII.</span> <span class='ocrx_word' id='word_1_549' title='bbox 2360 2734 2473 2789; x_wconf 89' lang='lat' dir='ltr'>Sed</span> <span class='ocrx_word' id='word_1_550' title='bbox 2505 2736 2774 2788; x_wconf 91' lang='lat' dir='ltr'>nostrum</span> <span class='ocrx_word' id='word_1_551' title='bbox 2803 2732 2914 2788; x_wconf 90' lang='lat' dir='ltr'>hoc</span> <span class='ocrx_word' id='word_1_552' title='bbox 2934 2733 3012 2788; x_wconf 87' lang='lat' dir='ltr'>sit</span> <span class='ocrx_word' id='word_1_553' title='bbox 3040 2749 3181 2788; x_wconf 83' lang='lat' dir='ltr'>sane</span> <span class='ocrx_word' id='word_1_554' title='bbox 3203 2731 3338 2801; x_wconf 90' lang='lat' dir='ltr'>tale,</span> <span class='ocrx_word' id='word_1_555' title='bbox 3363 2734 3429 2787; x_wconf 91' lang='lat' dir='ltr'>ut</span> <span class='ocrx_word' id='word_1_556' title='bbox 3450 2731 3762 2789; x_wconf 86' lang='lat' dir='ltr'>calumnia</span> 
     </span>
    </p>
   </div>
   <div class='ocr_carea' id='block_1_73' title="bbox 2113 2822 3761 2895">
    <p class='ocr_par' dir='ltr' id='par_1_73' title="bbox 2113 2822 3761 2895">
     <span class='ocr_line' id='line_1_76' title="bbox 2113 2822 3761 2895; baseline 0 -16"><span class='ocrx_word' id='word_1_557' title='bbox 2113 2840 2180 2879; x_wconf 86' lang='lat' dir='ltr'>ao</span> <span class='ocrx_word' id='word_1_558' title='bbox 2210 2822 2651 2895; x_wconf 87' lang='lat' dir='ltr'>reprehensioni</span> <span class='ocrx_word' id='word_1_559' title='bbox 2692 2827 2904 2894; x_wconf 88' lang='lat' dir='ltr'>pateat.</span> <span class='ocrx_word' id='word_1_560' title='bbox 2946 2822 3092 2877; x_wconf 89' lang='lat' dir='ltr'>Illud</span> <span class='ocrx_word' id='word_1_561' title='bbox 3144 2826 3341 2877; x_wconf 88' lang='lat' dir='ltr'>autem</span> <span class='ocrx_word' id='word_1_562' title='bbox 3374 2838 3489 2894; x_wconf 91' lang='lat' dir='ltr'>quo</span> <span class='ocrx_word' id='word_1_563' title='bbox 3522 2823 3761 2879; x_wconf 87' lang='lat' dir='ltr'>tandem</span> 
     </span>
    </p>
   </div>
   <div class='ocr_carea' id='block_1_74' title="bbox 2115 2912 3757 2985">
    <p class='ocr_par' dir='ltr' id='par_1_74' title="bbox 2115 2912 3757 2985">
     <span class='ocr_line' id='line_1_77' title="bbox 2115 2912 3757 2985; baseline -0.001 -16"><span class='ocrx_word' id='word_1_564' title='bbox 2115 2914 2288 2969; x_wconf 93' lang='lat' dir='ltr'>modo</span> <span class='ocrx_word' id='word_1_565' title='bbox 2322 2912 2619 2985; x_wconf 88' lang='lat' dir='ltr'>probabis,</span> <span class='ocrx_word' id='word_1_566' title='bbox 2653 2929 2955 2969; x_wconf 86' lang='lat' dir='ltr'>sermones</span> <span class='ocrx_word' id='word_1_567' title='bbox 3013 2914 3085 2968; x_wconf 90' lang='lat' dir='ltr'>ad</span> <span class='ocrx_word' id='word_1_568' title='bbox 3142 2915 3197 2967; x_wconf 92' lang='lat' dir='ltr'>te</span> <span class='ocrx_word' id='word_1_569' title='bbox 3228 2912 3564 2983; x_wconf 77' lang='lat' dir='ltr'>pertinere?</span> <span class='ocrx_word' id='word_1_570' title='bbox 3593 2912 3757 2976; x_wconf 89' lang='lat' dir='ltr'>Quod</span> 
     </span>
    </p>
   </div>
   <div class='ocr_carea' id='block_1_75' title="bbox 2114 3001 3761 3074">
    <p class='ocr_par' dir='ltr' id='par_1_75' title="bbox 2114 3001 3761 3074">
     <span class='ocr_line' id='line_1_78' title="bbox 2114 3001 3761 3074; baseline -0.001 -15"><span class='ocrx_word' id='word_1_571' title='bbox 2114 3003 2163 3059; x_wconf 91' lang='lat' dir='ltr'>si</span> <span class='ocrx_word' id='word_1_572' title='bbox 2194 3007 2331 3059; x_wconf 88' lang='lat' dir='ltr'>tuos</span> <span class='ocrx_word' id='word_1_573' title='bbox 2362 3018 2595 3074; x_wconf 92' lang='lat' dir='ltr'>quoque</span> <span class='ocrx_word' id='word_1_574' title='bbox 2626 3018 2755 3058; x_wconf 89' lang='lat' dir='ltr'>esse</span> <span class='ocrx_word' id='word_1_575' title='bbox 2787 3003 3080 3067; x_wconf 90' lang='lat' dir='ltr'>ostendes,</span> <span class='ocrx_word' id='word_1_576' title='bbox 3115 3002 3406 3073; x_wconf 88' lang='lat' dir='ltr'>quomodo</span> <span class='ocrx_word' id='word_1_577' title='bbox 3443 3001 3613 3057; x_wconf 91' lang='lat' dir='ltr'>nobis</span> <span class='ocrx_word' id='word_1_578' title='bbox 3644 3018 3761 3057; x_wconf 92' lang='lat' dir='ltr'>non</span> 
     </span>
    </p>
   </div>
   <div class='ocr_carea' id='block_1_76' title="bbox 2112 3090 3765 3164">
    <p class='ocr_par' dir='ltr' id='par_1_76' title="bbox 2112 3090 3765 3164">
     <span class='ocr_line' id='line_1_79' title="bbox 2112 3090 3765 3164; baseline 0 -16"><span class='ocrx_word' id='word_1_579' title='bbox 2112 3093 2288 3149; x_wconf 85' lang='lat' dir='ltr'>licere</span> <span class='ocrx_word' id='word_1_580' title='bbox 2319 3109 2521 3148; x_wconf 90' lang='lat' dir='ltr'>eorum</span> <span class='ocrx_word' id='word_1_581' title='bbox 2552 3109 2679 3148; x_wconf 90' lang='lat' dir='ltr'>esse</span> <span class='ocrx_word' id='word_1_582' title='bbox 2709 3092 3045 3164; x_wconf 85' lang='lat' dir='ltr'>participes,</span> <span class='ocrx_word' id='word_1_583' title='bbox 3072 3093 3242 3162; x_wconf 86' lang='lat' dir='ltr'>juxta</span> <span class='ocrx_word' id='word_1_584' title='bbox 3280 3096 3445 3147; x_wconf 91' lang='lat' dir='ltr'>tuam</span> <span class='ocrx_word' id='word_1_585' title='bbox 3479 3090 3666 3163; x_wconf 90' lang='lat' dir='ltr'>legem</span> <span class='ocrx_word' id='word_1_586' title='bbox 3698 3109 3765 3148; x_wconf 89' lang='lat' dir='ltr'>ac</span> 
     </span>
    </p>
   </div>
   <div class='ocr_carea' id='block_1_77' title="bbox 2115 3180 3765 3253">
    <p class='ocr_par' dir='ltr' id='par_1_77' title="bbox 2115 3180 3765 3253">
     <span class='ocr_line' id='line_1_80' title="bbox 2115 3180 3765 3253; baseline -0.001 -15"><span class='ocrx_word' id='word_1_587' title='bbox 2115 3182 2497 3238; x_wconf 87' lang='lat' dir='ltr'>stoliditatem</span> <span class='ocrx_word' id='word_1_588' title='bbox 2530 3180 2802 3237; x_wconf 87' lang='lat' dir='ltr'>conﬁcies</span> <span class='ocrx_word' id='word_1_589' title='bbox 2829 3185 2852 3237; x_wconf 72' lang='grc' dir='ltr'><em>Ρ</em></span> <span class='ocrx_word' id='word_1_590' title='bbox 2882 3182 3053 3253; x_wconf 90' lang='lat' dir='ltr'>cujus</span> <span class='ocrx_word' id='word_1_591' title='bbox 3086 3182 3243 3237; x_wconf 89' lang='lat' dir='ltr'>enim</span> <span class='ocrx_word' id='word_1_592' title='bbox 3276 3185 3416 3237; x_wconf 88' lang='lat' dir='ltr'>sunt</span> <span class='ocrx_word' id='word_1_593' title='bbox 3445 3197 3765 3251; x_wconf 86' lang='lat' dir='ltr'>sermones,</span> 
     </span>
    </p>
   </div>
   <div class='ocr_carea' id='block_1_78' title="bbox 2115 3272 3768 3345">
    <p class='ocr_par' dir='ltr' id='par_1_78' title="bbox 2115 3272 3768 3345">
     <span class='ocr_line' id='line_1_81' title="bbox 2115 3272 3768 3345; baseline -0.002 -17"><span class='ocrx_word' id='word_1_594' title='bbox 2115 3272 2334 3345; x_wconf 91' lang='lat' dir='ltr'>quibus</span> <span class='ocrx_word' id='word_1_595' title='bbox 2365 3273 2702 3328; x_wconf 85' lang='lat' dir='ltr'>Gracantur</span> <span class='ocrx_word' id='word_1_596' title='bbox 2731 3272 3047 3327; x_wconf 81' lang='lat' dir='ltr'>homines?</span> <span class='ocrx_word' id='word_1_597' title='bbox 3078 3275 3135 3327; x_wconf 91' lang='lat' dir='ltr'>et</span> <span class='ocrx_word' id='word_1_598' title='bbox 3183 3288 3297 3343; x_wconf 92' lang='lat' dir='ltr'>quo</span> <span class='ocrx_word' id='word_1_599' title='bbox 3340 3287 3518 3327; x_wconf 90' lang='lat' dir='ltr'>sensu</span> <span class='ocrx_word' id='word_1_600' title='bbox 3551 3272 3768 3328; x_wconf 87' lang='lat' dir='ltr'>Graci-</span> 
     </span>
    </p>
   </div>
   <div class='ocr_carea' id='block_1_79' title="bbox 2113 3360 3761 3434">
    <p class='ocr_par' dir='ltr' id='par_1_79' title="bbox 2113 3360 3761 3434">
     <span class='ocr_line' id='line_1_82' title="bbox 2113 3360 3761 3434; baseline -0.001 -16"><span class='ocrx_word' id='word_1_601' title='bbox 2113 3380 2279 3418; x_wconf 88' lang='lat' dir='ltr'>smus</span> <span class='ocrx_word' id='word_1_602' title='bbox 2312 3362 2664 3434; x_wconf 84' lang='lat' dir='ltr'>intelligitur</span> <span class='ocrx_word' id='word_1_603' title='bbox 2691 3362 2785 3416; x_wconf 91' lang='lat' dir='ltr'>hic</span> <span class='ocrx_word' id='word_1_604' title='bbox 2816 3366 2872 3416; x_wconf 89' lang='lat' dir='ltr'>et</span> <span class='ocrx_word' id='word_1_605' title='bbox 2920 3362 3288 3434; x_wconf 81' lang='lat' dir='ltr'>usurpatur?</span> <span class='ocrx_word' id='word_1_606' title='bbox 3322 3360 3487 3417; x_wconf 88' lang='lat' dir='ltr'>Libet</span> <span class='ocrx_word' id='word_1_607' title='bbox 3517 3361 3696 3432; x_wconf 88' lang='lat' dir='ltr'>enim,</span> <span class='ocrx_word' id='word_1_608' title='bbox 3729 3380 3761 3417; x_wconf 92' lang='grc' dir='ltr'>ο</span> 
     </span>
    </p>
   </div>
   <div class='ocr_carea' id='block_1_80' title="bbox 2104 3450 3763 3525">
    <p class='ocr_par' dir='ltr' id='par_1_80' title="bbox 2104 3450 3763 3525">
     <span class='ocr_line' id='line_1_83' title="bbox 2104 3450 3763 3525; baseline -0.001 -17"><span class='ocrx_word' id='word_1_609' title='bbox 2104 3452 2518 3525; x_wconf 89' lang='lat' dir='ltr'>ambiguarum</span> <span class='ocrx_word' id='word_1_610' title='bbox 2550 3468 2755 3507; x_wconf 91' lang='lat' dir='ltr'>vocum</span> <span class='ocrx_word' id='word_1_611' title='bbox 2783 3455 3066 3523; x_wconf 80' lang='lat' dir='ltr'>captator,</span> <span class='ocrx_word' id='word_1_612' title='bbox 3094 3450 3349 3506; x_wconf 89' lang='lat' dir='ltr'>nominis</span> <span class='ocrx_word' id='word_1_613' title='bbox 3371 3451 3487 3504; x_wconf 91' lang='lat' dir='ltr'>vim</span> <span class='ocrx_word' id='word_1_614' title='bbox 3511 3450 3616 3507; x_wconf 89' lang='lat' dir='ltr'>tibi</span> <span class='ocrx_word' id='word_1_615' title='bbox 3642 3452 3763 3507; x_wconf 86' lang='lat' dir='ltr'>dis-</span> 
     </span>
    </p>
   </div>
   <div class='ocr_carea' id='block_1_81' title="bbox 2106 3539 3759 3613">
    <p class='ocr_par' dir='ltr' id='par_1_81' title="bbox 2106 3539 3759 3613">
     <span class='ocr_line' id='line_1_84' title="bbox 2106 3539 3759 3613; baseline 0.001 -16"><span class='ocrx_word' id='word_1_616' title='bbox 2106 3542 2391 3613; x_wconf 88' lang='lat' dir='ltr'>tinguere,</span> <span class='ocrx_word' id='word_1_617' title='bbox 2430 3546 2603 3611; x_wconf 83' lang='lat' dir='ltr'>atque</span> <span class='ocrx_word' id='word_1_618' title='bbox 2634 3558 2722 3608; x_wconf 91' lang='lat' dir='ltr'>ea,</span> <span class='ocrx_word' id='word_1_619' title='bbox 2757 3558 2883 3613; x_wconf 87' lang='lat' dir='ltr'>qua</span> <span class='ocrx_word' id='word_1_620' title='bbox 2932 3541 3020 3596; x_wconf 91' lang='lat' dir='ltr'>vel</span> <span class='ocrx_word' id='word_1_621' title='bbox 3061 3557 3179 3595; x_wconf 93' lang='lat' dir='ltr'>uno</span> <span class='ocrx_word' id='word_1_622' title='bbox 3208 3539 3492 3595; x_wconf 89' lang='lat' dir='ltr'>vocabulo</span> <span class='ocrx_word' id='word_1_623' title='bbox 3525 3540 3759 3598; x_wconf 89' lang='lat' dir='ltr'>diversa</span> 
     </span>
    </p>
   </div>
   <div class='ocr_carea' id='block_1_82' title="bbox 2106 3629 3751 3705">
    <p class='ocr_par' dir='ltr' id='par_1_82' title="bbox 2106 3629 3751 3705">
     <span class='ocr_line' id='line_1_85' title="bbox 2106 3629 3751 3705; baseline 0 -18"><span class='ocrx_word' id='word_1_624' title='bbox 2106 3632 2467 3705; x_wconf 87' lang='lat' dir='ltr'>signiﬁcant,</span> <span class='ocrx_word' id='word_1_625' title='bbox 2489 3630 2578 3686; x_wconf 92' lang='lat' dir='ltr'>vel</span> <span class='ocrx_word' id='word_1_626' title='bbox 2605 3631 2851 3686; x_wconf 86' lang='lat' dir='ltr'>diversis</span> <span class='ocrx_word' id='word_1_627' title='bbox 2873 3631 3099 3698; x_wconf 88' lang='lat' dir='ltr'>eadem,</span> <span class='ocrx_word' id='word_1_628' title='bbox 3122 3629 3207 3685; x_wconf 90' lang='lat' dir='ltr'>vel</span> <span class='ocrx_word' id='word_1_629' title='bbox 3233 3629 3482 3686; x_wconf 84' lang='lat' dir='ltr'>diversis</span> <span class='ocrx_word' id='word_1_630' title='bbox 3502 3630 3751 3687; x_wconf 89' lang='lat' dir='ltr'>diversa.</span> 
     </span>
    </p>
   </div>
   <div class='ocr_carea' id='block_1_83' title="bbox 2104 3718 3758 3791">
    <p class='ocr_par' dir='ltr' id='par_1_83' title="bbox 2104 3718 3758 3791">
     <span class='ocr_line' id='line_1_86' title="bbox 2104 3718 3758 3791; baseline -0.001 -15"><span class='ocrx_word' id='word_1_631' title='bbox 2104 3722 2221 3776; x_wconf 87' lang='lat' dir='ltr'>Aut</span> <span class='ocrx_word' id='word_1_632' title='bbox 2250 3720 2407 3776; x_wconf 90' lang='lat' dir='ltr'>enim</span> <span class='ocrx_word' id='word_1_633' title='bbox 2439 3719 2684 3776; x_wconf 87' lang='lat' dir='ltr'>ethnica</span> <span class='ocrx_word' id='word_1_634' title='bbox 2716 3718 3015 3791; x_wconf 88' lang='lat' dir='ltr'>religionis</span> <span class='ocrx_word' id='word_1_635' title='bbox 3036 3719 3145 3773; x_wconf 90' lang='lat' dir='ltr'>hoc</span> <span class='ocrx_word' id='word_1_636' title='bbox 3165 3734 3292 3774; x_wconf 91' lang='lat' dir='ltr'>esse</span> <span class='ocrx_word' id='word_1_637' title='bbox 3315 3718 3496 3787; x_wconf 88' lang='lat' dir='ltr'>dices,</span> <span class='ocrx_word' id='word_1_638' title='bbox 3524 3727 3622 3774; x_wconf 79' lang='lat' dir='ltr'>aut</span> <span class='ocrx_word' id='word_1_639' title='bbox 3647 3721 3758 3775; x_wconf 90' lang='lat' dir='ltr'>uti-</span> 
     </span>
    </p>
   </div>
   <div class='ocr_carea' id='block_1_84' title="bbox 2108 3807 3762 3881">
    <p class='ocr_par' dir='ltr' id='par_1_84' title="bbox 2108 3807 3762 3881">
     <span class='ocr_line' id='line_1_87' title="bbox 2108 3807 3762 3881; baseline 0.001 -17"><span class='ocrx_word' id='word_1_640' title='bbox 2108 3825 2221 3881; x_wconf 92' lang='lat' dir='ltr'>que</span> <span class='ocrx_word' id='word_1_641' title='bbox 2253 3809 2470 3881; x_wconf 87' lang='lat' dir='ltr'>gentis,</span> <span class='ocrx_word' id='word_1_642' title='bbox 2502 3812 2559 3863; x_wconf 91' lang='lat' dir='ltr'>et</span> <span class='ocrx_word' id='word_1_643' title='bbox 2588 3824 2790 3863; x_wconf 84' lang='lat' dir='ltr'>eorum</span> <span class='ocrx_word' id='word_1_644' title='bbox 2822 3807 2922 3879; x_wconf 89' lang='lat' dir='ltr'>qui</span> <span class='ocrx_word' id='word_1_645' title='bbox 2951 3807 3069 3861; x_wconf 92' lang='lat' dir='ltr'>vim</span> <span class='ocrx_word' id='word_1_646' title='bbox 3092 3807 3305 3879; x_wconf 87' lang='lat' dir='ltr'>lingua</span> <span class='ocrx_word' id='word_1_647' title='bbox 3329 3807 3503 3879; x_wconf 89' lang='lat' dir='ltr'>primi</span> <span class='ocrx_word' id='word_1_648' title='bbox 3531 3808 3762 3865; x_wconf 87' lang='lat' dir='ltr'>invene-</span> 
     </span>
    </p>
   </div>
   <div class='ocr_carea' id='block_1_85' title="bbox 2106 3896 3759 3970">
    <p class='ocr_par' dir='ltr' id='par_1_85' title="bbox 2106 3896 3759 3970">
     <span class='ocr_line' id='line_1_88' title="bbox 2106 3896 3759 3970; baseline 0 -15"><span class='ocrx_word' id='word_1_649' title='bbox 2106 3902 2265 3955; x_wconf 90' lang='lat' dir='ltr'>runt.</span> <span class='ocrx_word' id='word_1_650' title='bbox 2301 3899 2361 3955; x_wconf 91' lang='lat' dir='ltr'>Si</span> <span class='ocrx_word' id='word_1_651' title='bbox 2392 3898 2679 3969; x_wconf 87' lang='lat' dir='ltr'>(ethnica)</span> <span class='ocrx_word' id='word_1_652' title='bbox 2711 3896 3035 3970; x_wconf 87' lang='lat' dir='ltr'>religionis,</span> <span class='ocrx_word' id='word_1_653' title='bbox 3066 3898 3307 3953; x_wconf 88' lang='lat' dir='ltr'>ostende</span> <span class='ocrx_word' id='word_1_654' title='bbox 3344 3913 3603 3969; x_wconf 89' lang='lat' dir='ltr'>quonam</span> <span class='ocrx_word' id='word_1_655' title='bbox 3635 3897 3759 3955; x_wconf 92' lang='lat' dir='ltr'>loco</span> 
     </span>
    </p>
   </div>
   <div class='ocr_carea' id='block_1_86' title="bbox 2169 4002 3755 4081">
    <p class='ocr_par' dir='ltr' id='par_1_86' title="bbox 2169 4002 3755 4081">
     <span class='ocr_line' id='line_1_89' title="bbox 2169 4002 3755 4081; baseline 0.003 -20"><span class='ocrx_word' id='word_1_656' title='bbox 2169 4008 2244 4081; x_wconf 86' lang='grc'>(8)</span> <span class='ocrx_word' id='word_1_657' title='bbox 2275 4002 2701 4077; x_wconf 76' lang='grc' dir='ltr'>Κωμῳδοῦντες.</span> <span class='ocrx_word' id='word_1_658' title='bbox 2723 4006 3015 4081; x_wconf 58' lang='grc' dir='ltr'>«βοωὶοθ</span> <span class='ocrx_word' id='word_1_659' title='bbox 3048 4005 3395 4078; x_wconf 86' lang='lat' dir='ltr'>sugillantes</span> <span class='ocrx_word' id='word_1_660' title='bbox 3421 4023 3433 4074; x_wconf 90' lang='lat'><strong>;</strong></span> <span class='ocrx_word' id='word_1_661' title='bbox 3463 4006 3550 4063; x_wconf 91' lang='lat' dir='ltr'>vel</span> <span class='ocrx_word' id='word_1_662' title='bbox 3576 4006 3755 4065; x_wconf 90' lang='lat' dir='ltr'>etiam</span> 
     </span>
    </p>
   </div>
   <div class='ocr_carea' id='block_1_87' title="bbox 2097 4079 2943 4135">
    <p class='ocr_par' dir='ltr' id='par_1_87' title="bbox 2097 4079 2943 4135">
     <span class='ocr_line' id='line_1_90' title="bbox 2097 4079 2943 4135; baseline -0.009 0"><span class='ocrx_word' id='word_1_663' title='bbox 2097 4080 2156 4135; x_wconf 93' lang='lat' dir='ltr'>in</span> <span class='ocrx_word' id='word_1_664' title='bbox 2180 4079 2434 4135; x_wconf 83' lang='lat' dir='ltr'>theatris</span> <span class='ocrx_word' id='word_1_665' title='bbox 2466 4096 2529 4135; x_wconf 92' lang='lat' dir='ltr'>ac</span> <span class='ocrx_word' id='word_1_666' title='bbox 2561 4079 2883 4134; x_wconf 79' lang='lat' dir='ltr'>comadiis.</span> <span class='ocrx_word' id='word_1_667' title='bbox 2915 4101 2943 4128; x_wconf 86' lang='grc'><strong>››</strong></span> 
     </span>
    </p>
   </div>
   <div class='ocr_carea' id='block_1_88' title="bbox 2169 4149 3756 4234">
    <p class='ocr_par' dir='ltr' id='par_1_88' title="bbox 2169 4149 3756 4234">
     <span class='ocr_line' id='line_1_91' title="bbox 2169 4149 3756 4234; baseline -0.001 -27"><span class='ocrx_word' id='word_1_668' title='bbox 2169 4150 2479 4234; x_wconf 47' lang='lat' dir='ltr'>(miliens,</span> <span class='ocrx_word' id='word_1_669' title='bbox 2512 4156 2620 4234; x_wconf 70' lang='lat' dir='ltr'>etc.</span> <span class='ocrx_word' id='word_1_670' title='bbox 2652 4151 2911 4234; x_wconf 82' lang='lat' dir='ltr'>Comhet‘.</span> <span class='ocrx_word' id='word_1_671' title='bbox 2944 4172 2984 4234; x_wconf 45' lang='grc' dir='ltr'>ξ(</span> <span class='ocrx_word' id='word_1_672' title='bbox 3007 4150 3168 4234; x_wconf 76' lang='lat' dir='ltr'>omni</span> <span class='ocrx_word' id='word_1_673' title='bbox 3199 4149 3503 4234; x_wconf 72' lang='lat' dir='ltr'>dialectica</span> <span class='ocrx_word' id='word_1_674' title='bbox 3522 4154 3756 4234; x_wconf 72' lang='lat' dir='ltr'>arguta-</span> 
     </span>
    </p>
   </div>
   <div class='ocr_carea' id='block_1_89' title="bbox 2099 4222 3753 4296">
    <p class='ocr_par' dir='ltr' id='par_1_89' title="bbox 2099 4222 3753 4296">
     <span class='ocr_line' id='line_1_92' title="bbox 2099 4222 3753 4296; baseline 0 -16"><span class='ocrx_word' id='word_1_675' title='bbox 2099 4222 2213 4296; x_wconf 85' lang='lat' dir='ltr'>que</span> <span class='ocrx_word' id='word_1_676' title='bbox 2230 4222 2583 4296; x_wconf 85' lang='lat' dir='ltr'>disputandi</span> <span class='ocrx_word' id='word_1_677' title='bbox 2614 4241 2680 4281; x_wconf 90' lang='lat' dir='ltr'>ac</span> <span class='ocrx_word' id='word_1_678' title='bbox 2724 4222 3161 4280; x_wconf 89' lang='lat' dir='ltr'>contradicendi</span> <span class='ocrx_word' id='word_1_679' title='bbox 3204 4223 3475 4281; x_wconf 85' lang='lat' dir='ltr'>facultate</span> <span class='ocrx_word' id='word_1_680' title='bbox 3504 4222 3753 4280; x_wconf 88' lang='lat' dir='ltr'>validio-</span> 
     </span>
    </p>
   </div>
   <div class='ocr_carea' id='block_1_90' title="bbox 2099 4313 2307 4353">
    <p class='ocr_par' dir='ltr' id='par_1_90' title="bbox 2099 4313 2307 4353">
     <span class='ocr_line' id='line_1_93' title="bbox 2099 4313 2307 4353; baseline -0.014 -2"><span class='ocrx_word' id='word_1_681' title='bbox 2099 4313 2243 4353; x_wconf 90' lang='lat' dir='ltr'>rem.</span> <span class='ocrx_word' id='word_1_682' title='bbox 2279 4320 2307 4349; x_wconf 86' lang='grc'>›)</span> 
     </span>
    </p>
   </div>
   <div class='ocr_carea' id='block_1_91' title="bbox 2169 4363 3753 4440">
    <p class='ocr_par' dir='ltr' id='par_1_91' title="bbox 2169 4363 3753 4440">
     <span class='ocr_line' id='line_1_94' title="bbox 2169 4363 3753 4440; baseline 0.001 -17"><span class='ocrx_word' id='word_1_683' title='bbox 2169 4370 2445 4440; x_wconf 69' lang='lat' dir='ltr'>(lO)_I_Ic&quot;uq</span> <span class='ocrx_word' id='word_1_684' title='bbox 2504 4363 2580 4422; x_wconf 77' lang='grc' dir='ltr'>δέ.</span> <span class='ocrx_word' id='word_1_685' title='bbox 2641 4368 2728 4424; x_wconf 88' lang='lat' dir='ltr'>Ita</span> <span class='ocrx_word' id='word_1_686' title='bbox 2782 4368 2939 4425; x_wconf 91' lang='lat' dir='ltr'>Pass.</span> <span class='ocrx_word' id='word_1_687' title='bbox 3002 4366 3217 4439; x_wconf 90' lang='lat' dir='ltr'>aliique</span> <span class='ocrx_word' id='word_1_688' title='bbox 3276 4366 3470 4439; x_wconf 88' lang='lat' dir='ltr'>plures</span> <span class='ocrx_word' id='word_1_689' title='bbox 3502 4367 3753 4424; x_wconf 80' lang='lat' dir='ltr'>codices.</span> 
     </span>
    </p>
   </div>
   <div class='ocr_carea' id='block_1_92' title="bbox 2095 4436 2566 4497">
    <p class='ocr_par' dir='ltr' id='par_1_92' title="bbox 2095 4436 2566 4497">
     <span class='ocr_line' id='line_1_95' title="bbox 2095 4436 2566 4497; baseline -0.002 0"><span class='ocrx_word' id='word_1_690' title='bbox 2095 4436 2271 4497; x_wconf 81' lang='lat' dir='ltr'>Deest</span> <span class='ocrx_word' id='word_1_691' title='bbox 2300 4436 2357 4493; x_wconf 75' lang='grc' dir='ltr'>δέ</span> <span class='ocrx_word' id='word_1_692' title='bbox 2382 4441 2439 4496; x_wconf 91' lang='lat' dir='ltr'>in</span> <span class='ocrx_word' id='word_1_693' title='bbox 2472 4440 2566 4496; x_wconf 90' lang='lat' dir='ltr'>ed.</span> 
     </span>
    </p>
   </div>
   <div class='ocr_carea' id='block_1_93' title="bbox 313 4507 1987 4635">
    <p class='ocr_par' dir='ltr' id='par_1_93' title="bbox 313 4507 1987 4635">
     <span class='ocr_line' id='line_1_96' title="bbox 313 4507 1987 4635; baseline 0.002 -69"><span class='ocrx_word' id='word_1_694' title='bbox 313 4509 428 4592; x_wconf 74' lang='lat' dir='ltr'>ipsi</span> <span class='ocrx_word' id='word_1_695' title='bbox 461 4507 834 4591; x_wconf 38' lang='lat' dir='ltr'>visumest.’</span> <span class='ocrx_word' id='word_1_696' title='bbox 860 4530 890 4559; x_wconf 85' lang='grc'>››</span> <span class='ocrx_word' id='word_1_697' title='bbox 934 4507 1098 4591; x_wconf 77' lang='lat' dir='ltr'>Quod</span> <span class='ocrx_word' id='word_1_698' title='bbox 1130 4507 1536 4594; x_wconf 42' lang='lat' dir='ltr'>quidem&#39;apte</span> <span class='ocrx_word' id='word_1_699' title='bbox 1557 4507 1623 4568; x_wconf 71' lang='lat' dir='ltr'>et</span> <span class='ocrx_word' id='word_1_700' title='bbox 1660 4507 1987 4635; x_wconf 70' lang='lat' dir='ltr'>opportune</span> 
     </span>
     <span class='ocr_line' id='line_1_97' title="bbox 313 4577 1987 4635; baseline 0 0"><span class='ocrx_word' id='word_1_701' title='bbox 313 4582 558 4635; x_wconf 74' lang='lat' dir='ltr'>Juliano</span> <span class='ocrx_word' id='word_1_702' title='bbox 590 4577 794 4635; x_wconf 77' lang='lat' dir='ltr'>obiicit</span> <span class='ocrx_word' id='word_1_703' title='bbox 832 4579 1171 4635; x_wconf 72' lang='lat' dir='ltr'>Gregorius.</span> <span class='ocrx_word' id='word_1_704' title='bbox 1219 4587 1283 4635; x_wconf 88' lang='lat' dir='ltr'>ut</span> <span class='ocrx_word' id='word_1_705' title='bbox 1338 4582 1529 4635; x_wconf 82' lang='lat' dir='ltr'>iDSlus</span> <span class='ocrx_word' id='word_1_706' title='bbox 1585 4583 1734 4635; x_wconf 76' lang='grc' dir='ltr'>οιινιι</span> <span class='ocrx_word' id='word_1_707' title='bbox 1763 4585 1987 4635; x_wconf 70' lang='lat' dir='ltr'>stiones</span> 
     </span>
    </p>
   </div>
   <div class='ocr_carea' id='block_1_94' title="bbox 311 4582 1987 4729">
    <p class='ocr_par' dir='ltr' id='par_1_94' title="bbox 311 4582 1987 4729">
     <span class='ocr_line' id='line_1_98' title="bbox 311 4582 1987 4665; baseline 0.002 -27"><span class='ocrx_word' id='word_1_708' title='bbox 311 4582 558 4638; x_wconf 84' lang='lat' dir='ltr'>Juliano</span> <span class='ocrx_word' id='word_1_709' title='bbox 590 4582 794 4661; x_wconf 84' lang='lat' dir='ltr'>objicit</span> <span class='ocrx_word' id='word_1_710' title='bbox 832 4582 1171 4665; x_wconf 76' lang='lat' dir='ltr'>Gregorius,</span> <span class='ocrx_word' id='word_1_711' title='bbox 1219 4587 1283 4637; x_wconf 86' lang='lat' dir='ltr'>ut</span> <span class='ocrx_word' id='word_1_712' title='bbox 1338 4582 1529 4652; x_wconf 89' lang='lat' dir='ltr'>ipsius</span> <span class='ocrx_word' id='word_1_713' title='bbox 1585 4582 1987 4643; x_wconf 83' lang='lat' dir='ltr'>cavillationes</span> 
     </span>
     <span class='ocr_line' id='line_1_99' title="bbox 314 4651 1985 4729; baseline -0.001 -20"><span class='ocrx_word' id='word_1_714' title='bbox 314 4655 606 4729; x_wconf 78' lang='lat' dir='ltr'>adversus</span> <span class='ocrx_word' id='word_1_715' title='bbox 636 4651 804 4729; x_wconf 71' lang='lat' dir='ltr'>istud</span> <span class='ocrx_word' id='word_1_716' title='bbox 827 4651 1699 4729; x_wconf 35' lang='grc' dir='ltr'>(ᾷιζπιειιοοοῐιιιωηῌίστεοσον,α</span> <span class='ocrx_word' id='word_1_717' title='bbox 1731 4657 1930 4729; x_wconf 76' lang='lat' dir='ltr'>Crede,</span> <span class='ocrx_word' id='word_1_718' title='bbox 1956 4680 1985 4709; x_wconf 86' lang='grc'>››</span> 
     </span>
    </p>
   </div>
   <div class='ocr_carea' id='block_1_95' title="bbox 2168 4510 3753 4583">
    <p class='ocr_par' dir='ltr' id='par_1_95' title="bbox 2168 4510 3753 4583">
     <span class='ocr_line' id='line_1_100' title="bbox 2168 4510 3753 4583; baseline 0 -16"><span class='ocrx_word' id='word_1_719' title='bbox 2168 4514 2279 4582; x_wconf 90' lang='grc'>(11)</span> <span class='ocrx_word' id='word_1_720' title='bbox 2340 4510 2532 4567; x_wconf 84' lang='grc' dir='ltr'>Μετόν.</span> <span class='ocrx_word' id='word_1_721' title='bbox 2592 4513 2759 4569; x_wconf 85' lang='lat' dir='ltr'>Pass.</span> <span class='ocrx_word' id='word_1_722' title='bbox 2835 4510 3120 4583; x_wconf 65' lang='lat' dir='ltr'>pellexrév.</span> <span class='ocrx_word' id='word_1_723' title='bbox 3197 4511 3374 4583; x_wconf 85' lang='lat' dir='ltr'>Juxta</span> <span class='ocrx_word' id='word_1_724' title='bbox 3447 4511 3753 4583; x_wconf 76' lang='lat' dir='ltr'>Basilium,</span> 
     </span>
    </p>
   </div>
   <div class='ocr_carea' id='block_1_96' title="bbox 2100 4580 3752 4656">
    <p class='ocr_par' dir='ltr' id='par_1_96' title="bbox 2100 4580 3752 4656">
     <span class='ocr_line' id='line_1_101' title="bbox 2100 4580 3752 4656; baseline -0.001 -19"><span class='ocrx_word' id='word_1_725' title='bbox 2100 4580 2265 4655; x_wconf 82' lang='grc' dir='ltr'>μετόν</span> <span class='ocrx_word' id='word_1_726' title='bbox 2293 4588 2617 4656; x_wconf 91' lang='lat' dir='ltr'>usurpatur</span> <span class='ocrx_word' id='word_1_727' title='bbox 2646 4601 2749 4656; x_wconf 91' lang='lat' dir='ltr'>pro</span> <span class='ocrx_word' id='word_1_728' title='bbox 2785 4580 3019 4655; x_wconf 78' lang='grc' dir='ltr'>μέτεστι,</span> <span class='ocrx_word' id='word_1_729' title='bbox 3052 4584 3203 4639; x_wconf 91' lang='lat' dir='ltr'>sicut</span> <span class='ocrx_word' id='word_1_730' title='bbox 3235 4581 3349 4652; x_wconf 77' lang='grc' dir='ltr'>ἰξόν</span> <span class='ocrx_word' id='word_1_731' title='bbox 3405 4601 3509 4656; x_wconf 90' lang='lat' dir='ltr'>pro</span> <span class='ocrx_word' id='word_1_732' title='bbox 3558 4580 3752 4656; x_wconf 67' lang='grc' dir='ltr'>ἔξεστι,</span> 
     </span>
    </p>
   </div>
   <div class='ocr_carea' id='block_1_97' title="bbox 2095 4654 3749 4727">
    <p class='ocr_par' dir='ltr' id='par_1_97' title="bbox 2095 4654 3749 4727">
     <span class='ocr_line' id='line_1_102' title="bbox 2095 4654 3749 4727; baseline -0.002 -17"><span class='ocrx_word' id='word_1_733' title='bbox 2095 4657 2153 4712; x_wconf 90' lang='lat' dir='ltr'>id</span> <span class='ocrx_word' id='word_1_734' title='bbox 2184 4661 2271 4712; x_wconf 89' lang='lat' dir='ltr'>est</span> <span class='ocrx_word' id='word_1_735' title='bbox 2300 4654 2676 4727; x_wconf 81' lang='lat' dir='ltr'>participium</span> <span class='ocrx_word' id='word_1_736' title='bbox 2709 4672 2812 4727; x_wconf 87' lang='lat' dir='ltr'>pro</span> <span class='ocrx_word' id='word_1_737' title='bbox 2840 4656 3080 4712; x_wconf 88' lang='lat' dir='ltr'>indicat.</span> <span class='ocrx_word' id='word_1_738' title='bbox 3114 4655 3384 4727; x_wconf 76' lang='lat' dir='ltr'>praesenti</span> <span class='ocrx_word' id='word_1_739' title='bbox 3408 4654 3505 4709; x_wconf 66' lang='lat' dir='ltr'>‘ra</span> <span class='ocrx_word' id='word_1_740' title='bbox 3565 4654 3749 4727; x_wconf 85' lang='grc' dir='ltr'>μετὸν,</span> 
     </span>
    </p>
   </div>
   <div class='ocr_carea' id='block_1_98' title="bbox 317 4674 2001 4799">
    <p class='ocr_par' dir='ltr' id='par_1_98' title="bbox 317 4674 1987 4799">
     <span class='ocr_line' id='line_1_103' title="bbox 317 4674 1985 4729; baseline 0 -20"><span class='ocrx_word' id='word_1_741' title='bbox 317 4674 606 4710; x_wconf 74' lang='lat' dir='ltr'>adversus</span> <span class='ocrx_word' id='word_1_742' title='bbox 636 4674 796 4706; x_wconf 72' lang='lat' dir='ltr'>unua</span> <span class='ocrx_word' id='word_1_743' title='bbox 827 4674 1314 4723; x_wconf 75' lang='lat' dir='ltr'>uurlsuanorum,</span> <span class='ocrx_word' id='word_1_744' title='bbox 1348 4674 1699 4722; x_wconf 80' lang='grc' dir='ltr'>υιστευσον,‹‹</span> <span class='ocrx_word' id='word_1_745' title='bbox 1731 4674 1930 4729; x_wconf 67' lang='lat' dir='ltr'>ureae,</span> <span class='ocrx_word' id='word_1_746' title='bbox 1956 4680 1985 4709; x_wconf 82' lang='grc'>›)</span> 
     </span>
     <span class='ocr_line' id='line_1_104' title="bbox 317 4722 1987 4799; baseline 0.004 -18"><span class='ocrx_word' id='word_1_747' title='bbox 317 4724 621 4781; x_wconf 88' lang='lat' dir='ltr'>retundat.</span> <span class='ocrx_word' id='word_1_748' title='bbox 672 4722 1086 4799; x_wconf 72' lang='lat' dir='ltr'>Christianam</span> <span class='ocrx_word' id='word_1_749' title='bbox 1116 4725 1274 4799; x_wconf 83' lang='lat' dir='ltr'>enim</span> <span class='ocrx_word' id='word_1_750' title='bbox 1316 4726 1493 4799; x_wconf 84' lang='lat' dir='ltr'>ﬁdem</span> <span class='ocrx_word' id='word_1_751' title='bbox 1522 4727 1703 4799; x_wconf 87' lang='lat' dir='ltr'>impie</span> <span class='ocrx_word' id='word_1_752' title='bbox 1733 4727 1987 4787; x_wconf 85' lang='lat' dir='ltr'>irridens</span> 
     </span>
    </p>
   </div>
   <div class='ocr_carea' id='block_1_99' title="bbox 2118 4674 3458 4799">
    <p class='ocr_par' dir='ltr' id='par_1_99' title="bbox 2118 4674 3458 4799">
     <span class='ocr_line' id='line_1_105' title="bbox 2118 4674 3458 4727; baseline -0.003 -15"><span class='ocrx_word' id='word_1_753' title='bbox 2118 4674 2153 4712; x_wconf 85' lang='grc' dir='ltr'>α</span> <span class='ocrx_word' id='word_1_754' title='bbox 2184 4674 2271 4712; x_wconf 77' lang='lat' dir='ltr'>est</span> <span class='ocrx_word' id='word_1_755' title='bbox 2300 4674 2676 4727; x_wconf 80' lang='lat' dir='ltr'>paruolplum</span> <span class='ocrx_word' id='word_1_756' title='bbox 2709 4674 2812 4727; x_wconf 83' lang='lat' dir='ltr'>pro</span> <span class='ocrx_word' id='word_1_757' title='bbox 2840 4674 3080 4712; x_wconf 74' lang='lat' dir='ltr'>Iudicat.</span> <span class='ocrx_word' id='word_1_758' title='bbox 3158 4674 3384 4711; x_wconf 74' lang='lat' dir='ltr'>raseuu</span> <span class='ocrx_word' id='word_1_759' title='bbox 3444 4674 3458 4708; x_wconf 80' lang='grc' dir='ltr'>ι</span> 
     </span>
     <span class='ocr_line' id='line_1_106' title="bbox 2120 4674 3458 4799; baseline -0.002 -15"><span class='ocrx_word' id='word_1_760' title='bbox 2120 4728 2311 4799; x_wconf 87' lang='lat' dir='ltr'>nquit,</span> <span class='ocrx_word' id='word_1_761' title='bbox 2348 4725 2559 4799; x_wconf 82' lang='grc' dir='ltr'>μέτεστι</span> <span class='ocrx_word' id='word_1_762' title='bbox 2599 4725 2874 4799; x_wconf 85' lang='grc' dir='ltr'>σημαίνει,</span> <span class='ocrx_word' id='word_1_763' title='bbox 2908 4727 2981 4789; x_wconf 85' lang='grc' dir='ltr'>ὡς</span> <span class='ocrx_word' id='word_1_764' title='bbox 3016 4727 3075 4781; x_wconf 87' lang='grc' dir='ltr'>τὸ</span> <span class='ocrx_word' id='word_1_765' title='bbox 3108 4674 3239 4797; x_wconf 56' lang='grc' dir='ltr'>έὲὸν,</span> <span class='ocrx_word' id='word_1_766' title='bbox 3273 4723 3458 4796; x_wconf 79' lang='grc' dir='ltr'>ἔξεστι.</span> 
     </span>
    </p>
   </div>
   <div class='ocr_carea' id='block_1_100' title="bbox 316 4774 2001 4879">
    <p class='ocr_par' dir='ltr' id='par_1_100' title="bbox 316 4774 1987 4879">
     <span class='ocr_line' id='line_1_107' title="bbox 316 4774 1987 4879; baseline 0.005 -27"><span class='ocrx_word' id='word_1_767' title='bbox 316 4774 638 4879; x_wconf 35' lang='lat' dir='ltr'>mage.</span> <span class='ocrx_word' id='word_1_768' title='bbox 673 4774 1987 4879; x_wconf 52' lang='grc' dir='ltr'>ιῖεῇῑέῖξεῇῑςίῑαεῖιζεθῐῇζῑςτῑείίῑίίίέίενῖέε</span> 
     </span>
    </p>
   </div>
   <div class='ocr_carea' id='block_1_101' title="bbox 2118 4774 3749 4879">
    <p class='ocr_par' dir='ltr' id='par_1_101' title="bbox 2164 4774 3749 4879">
     <span class='ocr_line' id='line_1_108' title="bbox 2164 4774 3749 4879; baseline 0 -24"><span class='ocrx_word' id='word_1_769' title='bbox 2164 4774 2487 4873; x_wconf 56' lang='grc' dir='ltr'>(12)’Τ“ἶνος,</span> <span class='ocrx_word' id='word_1_770' title='bbox 2544 4774 2891 4879; x_wconf 58' lang='lat' dir='ltr'>etc.”_l3illiu,s</span> <span class='ocrx_word' id='word_1_771' title='bbox 2918 4817 2930 4854; x_wconf 88' lang='lat'><strong>:</strong></span> <span class='ocrx_word' id='word_1_772' title='bbox 2958 4774 3017 4879; x_wconf 36' lang='grc' dir='ltr'>Ἲς(</span> <span class='ocrx_word' id='word_1_773' title='bbox 3052 4774 3239 4879; x_wconf 51' lang='lat' dir='ltr'>Qujus’</span> <span class='ocrx_word' id='word_1_774' title='bbox 3262 4774 3419 4879; x_wconf 55' lang='lat' dir='ltr'>enim</span> <span class='ocrx_word' id='word_1_775' title='bbox 3449 4798 3749 4855; x_wconf 88' lang='lat' dir='ltr'>Gracismi</span> 
     </span>
    </p>
   </div>
   <div class='ocr_carea' id='block_1_102' title="bbox 320 4871 3746 4951">
    <p class='ocr_par' dir='ltr' id='par_1_102' title="bbox 320 4871 3746 4951">
     <span class='ocr_line' id='line_1_109' title="bbox 320 4871 3746 4951; baseline 0.001 -27"><span class='ocrx_word' id='word_1_776' title='bbox 320 4871 735 4951; x_wconf 52' lang='lat' dir='ltr'>rusticitaqu</span> <span class='ocrx_word' id='word_1_777' title='bbox 768 4872 969 4951; x_wconf 55' lang='lat' dir='ltr'>notam</span> <span class='ocrx_word' id='word_1_778' title='bbox 1001 4871 1236 4951; x_wconf 74' lang='lat' dir='ltr'>inurere</span> <span class='ocrx_word' id='word_1_779' title='bbox 1266 4871 1658 4951; x_wconf 43' lang='lat' dir='ltr'>conabatur)“</span> <span class='ocrx_word' id='word_1_780' title='bbox 2094 4871 2396 4951; x_wconf 67' lang='lat' dir='ltr'>sermones</span> <span class='ocrx_word' id='word_1_781' title='bbox 2426 4872 2611 4929; x_wconf 85' lang='lat' dir='ltr'>sunt?</span> <span class='ocrx_word' id='word_1_782' title='bbox 2640 4876 2697 4927; x_wconf 89' lang='lat' dir='ltr'>et</span> <span class='ocrx_word' id='word_1_783' title='bbox 2728 4888 2843 4945; x_wconf 93' lang='lat' dir='ltr'>quo</span> <span class='ocrx_word' id='word_1_784' title='bbox 2875 4875 3042 4945; x_wconf 90' lang='lat' dir='ltr'>pacto</span> <span class='ocrx_word' id='word_1_785' title='bbox 3064 4871 3343 4928; x_wconf 86' lang='lat' dir='ltr'>intellecti</span> <span class='ocrx_word' id='word_1_786' title='bbox 3370 4876 3545 4943; x_wconf 87' lang='lat' dir='ltr'>atque</span> <span class='ocrx_word' id='word_1_787' title='bbox 3574 4888 3746 4928; x_wconf 91' lang='lat' dir='ltr'>usur-</span> 
     </span>
    </p>
   </div>
   <div class='ocr_carea' id='block_1_103' title="bbox 415 4930 2001 5017">
    <p class='ocr_par' dir='ltr' id='par_1_103' title="bbox 415 4930 1840 5017">
     <span class='ocr_line' id='line_1_110' title="bbox 415 4930 1840 5017; baseline 0.006 -26"><span class='ocrx_word' id='word_1_788' title='bbox 506 4930 791 5017; x_wconf 45' lang='grc' dir='ltr'>μολιϐῶν..</span> <span class='ocrx_word' id='word_1_789' title='bbox 831 4940 1034 5017; x_wconf 66' lang='lat' dir='ltr'>Heius.</span> <span class='ocrx_word' id='word_1_790' title='bbox 1069 4964 1098 4991; x_wconf 87' lang='grc'>‹‹</span> <span class='ocrx_word' id='word_1_791' title='bbox 1130 4941 1194 4998; x_wconf 89' lang='lat' dir='ltr'>Id</span> <span class='ocrx_word' id='word_1_792' title='bbox 1225 4948 1335 5017; x_wconf 88' lang='lat' dir='ltr'>est,</span> <span class='ocrx_word' id='word_1_793' title='bbox 1368 4966 1398 4995; x_wconf 83' lang='lat'>»</span> <span class='ocrx_word' id='word_1_794' title='bbox 1433 4937 1788 5017; x_wconf 32' lang='lat' dir='ltr'>ueliﬁdlvwv‘.</span> <span class='ocrx_word' id='word_1_795' title='bbox 1809 5014 1840 5017; x_wconf 88' lang='lat'>__</span> 
     </span>
    </p>
   </div>
   <div class='ocr_carea' id='block_1_104' title="bbox 2118 4930 2320 5017">
    <p class='ocr_par' dir='ltr' id='par_1_104' title="bbox 2118 4946 2320 5001">
     <span class='ocr_line' id='line_1_111' title="bbox 2118 4946 2320 5001; baseline -0.025 -1"><span class='ocrx_word' id='word_1_796' title='bbox 2118 4946 2213 5001; x_wconf 62' lang='lat' dir='ltr'>rati</span> <span class='ocrx_word' id='word_1_797' title='bbox 2234 4946 2263 5001; x_wconf 63' lang='grc' dir='ltr'><em>Ἰ</em></span> <span class='ocrx_word' id='word_1_798' title='bbox 2292 4967 2320 4996; x_wconf 79' lang='grc'>››</span> 
     </span>
    </p>
   </div>
   <div class='ocr_carea' id='block_1_105' title="bbox 414 5006 2001 5091">
    <p class='ocr_par' dir='ltr' id='par_1_105' title="bbox 414 5006 1983 5091">
     <span class='ocr_line' id='line_1_112' title="bbox 414 5006 1983 5091; baseline 0.004 -26"><span class='ocrx_word' id='word_1_799' title='bbox 501 5006 854 5091; x_wconf 31' lang='grc' dir='ltr'>Φιλοσοφίαν.</span> <span class='ocrx_word' id='word_1_800' title='bbox 891 5013 1000 5091; x_wconf 39' lang='grc' dir='ltr'>’τῆς</span> <span class='ocrx_word' id='word_1_801' title='bbox 1027 5020 1288 5091; x_wconf 37' lang='grc' dir='ltr'>ῌσιωπῆς.</span> <span class='ocrx_word' id='word_1_802' title='bbox 1319 5006 1333 5017; x_wconf 72' lang='grc'><strong>’</strong></span> <span class='ocrx_word' id='word_1_803' title='bbox 1353 5039 1375 5067; x_wconf 79' lang='grc' dir='ltr'>ι</span> <span class='ocrx_word' id='word_1_804' title='bbox 1420 5006 1662 5091; x_wconf 64' lang='lat' dir='ltr'>Silentii</span> <span class='ocrx_word' id='word_1_805' title='bbox 1721 5014 1983 5091; x_wconf 57' lang='lat' dir='ltr'>philosof</span> 
     </span>
    </p>
   </div>
   <div class='ocr_carea' id='block_1_106' title="bbox 2118 5006 3747 5091">
    <p class='ocr_par' dir='ltr' id='par_1_106' title="bbox 2166 5013 3747 5091">
     <span class='ocr_line' id='line_1_113' title="bbox 2166 5013 3747 5091; baseline -0.001 -19"><span class='ocrx_word' id='word_1_806' title='bbox 2166 5018 2283 5091; x_wconf 72' lang='lat'>(13)_</span> <span class='ocrx_word' id='word_1_807' title='bbox 2338 5014 2645 5091; x_wconf 67' lang='grc' dir='ltr'>Λεγομένου</span> <span class='ocrx_word' id='word_1_808' title='bbox 2700 5013 2789 5091; x_wconf 76' lang='grc' dir='ltr'>καὶ</span> <span class='ocrx_word' id='word_1_809' title='bbox 2848 5014 3173 5091; x_wconf 58' lang='grc' dir='ltr'>νοουμένουἱ</span> <span class='ocrx_word' id='word_1_810' title='bbox 3224 5016 3464 5091; x_wconf 75' lang='lat' dir='ltr'>Codices</span> <span class='ocrx_word' id='word_1_811' title='bbox 3520 5014 3747 5091; x_wconf 35' lang='lat' dir='ltr'>-vulgo,</span> 
     </span>
    </p>
   </div>
   <div class='ocr_carea' id='block_1_107' title="bbox 320 5082 2001 5163">
    <p class='ocr_par' dir='ltr' id='par_1_107' title="bbox 320 5082 1983 5163">
     <span class='ocr_line' id='line_1_114' title="bbox 320 5082 1983 5163; baseline 0.004 -25"><span class='ocrx_word' id='word_1_812' title='bbox 320 5082 610 5163; x_wconf 76' lang='lat' dir='ltr'>phiam._»</span> <span class='ocrx_word' id='word_1_813' title='bbox 640 5082 865 5140; x_wconf 65' lang='lat' dir='ltr'>All&#39;udit</span> <span class='ocrx_word' id='word_1_814' title='bbox 891 5084 988 5142; x_wconf 90' lang='lat' dir='ltr'>hic</span> <span class='ocrx_word' id='word_1_815' title='bbox 1019 5082 1339 5163; x_wconf 73' lang='lat' dir='ltr'>Gregorius</span> <span class='ocrx_word' id='word_1_816' title='bbox 1366 5089 1436 5144; x_wconf 87' lang='lat' dir='ltr'>ad</span> <span class='ocrx_word' id='word_1_817' title='bbox 1461 5082 1983 5163; x_wconf 71' lang='lat' dir='ltr'>Pythagora_m,qui</span> 
     </span>
    </p>
   </div>
   <div class='ocr_carea' id='block_1_108' title="bbox 2118 5082 3753 5163">
    <p class='ocr_par' dir='ltr' id='par_1_108' title="bbox 2122 5082 3753 5163">
     <span class='ocr_line' id='line_1_115' title="bbox 2122 5082 3753 5163; baseline -0.001 -20"><span class='ocrx_word' id='word_1_818' title='bbox 2122 5082 2386 5161; x_wconf 80' lang='grc' dir='ltr'>οουμένου</span> <span class='ocrx_word' id='word_1_819' title='bbox 2418 5082 2507 5143; x_wconf 72' lang='grc' dir='ltr'>καὶ</span> <span class='ocrx_word' id='word_1_820' title='bbox 2541 5086 2859 5163; x_wconf 77' lang='grc' dir='ltr'>λεγομένου.</span> <span class='ocrx_word' id='word_1_821' title='bbox 2895 5094 2958 5145; x_wconf 92' lang='lat' dir='ltr'>In</span> <span class='ocrx_word' id='word_1_822' title='bbox 2982 5082 3125 5161; x_wconf 76' lang='lat' dir='ltr'>Reg.</span> <span class='ocrx_word' id='word_1_823' title='bbox 3161 5088 3281 5158; x_wconf 89' lang='lat' dir='ltr'>bm,</span> <span class='ocrx_word' id='word_1_824' title='bbox 3309 5089 3474 5144; x_wconf 82' lang='lat' dir='ltr'>deest</span> <span class='ocrx_word' id='word_1_825' title='bbox 3520 5082 3753 5161; x_wconf 56' lang='grc' dir='ltr'>λεγομέὲ</span> 
     </span>
    </p>
   </div>
   <div class='ocr_carea' id='block_1_109' title="bbox 316 5153 2206 5231">
    <p class='ocr_par' dir='ltr' id='par_1_109' title="bbox 316 5153 2206 5231">
     <span class='ocr_line' id='line_1_116' title="bbox 316 5153 2206 5231; baseline 0.003 -20"><span class='ocrx_word' id='word_1_826' title='bbox 316 5153 642 5231; x_wconf 69' lang='lat' dir='ltr'>djscipulos</span> <span class='ocrx_word' id='word_1_827' title='bbox 672 5172 814 5213; x_wconf 86' lang='lat' dir='ltr'>suos</span> <span class='ocrx_word' id='word_1_828' title='bbox 843 5153 1449 5231; x_wconf 74' lang='lat' dir='ltr'>per_quinquennium</span> <span class='ocrx_word' id='word_1_829' title='bbox 1498 5153 1689 5217; x_wconf 65' lang='lat' dir='ltr'>facere</span> <span class='ocrx_word' id='word_1_830' title='bbox 1710 5153 1978 5231; x_wconf 75' lang='lat' dir='ltr'>jubebat.</span> <span class='ocrx_word' id='word_1_831' title='bbox 2091 5180 2206 5217; x_wconf 88' lang='grc' dir='ltr'>νου.</span> 
     </span>
    </p>
   </div>
   <div class='ocr_carea' id='block_1_110' title="bbox 317 5227 2001 5305">
    <p class='ocr_par' dir='ltr' id='par_1_110' title="bbox 317 5227 1983 5305">
     <span class='ocr_line' id='line_1_117' title="bbox 317 5227 1983 5305; baseline 0.003 -21"><span class='ocrx_word' id='word_1_832' title='bbox 317 5227 421 5285; x_wconf 88' lang='lat' dir='ltr'>Hic</span> <span class='ocrx_word' id='word_1_833' title='bbox 442 5227 639 5305; x_wconf 79' lang='lat' dir='ltr'>_enim</span> <span class='ocrx_word' id='word_1_834' title='bbox 695 5231 821 5285; x_wconf 88' lang='lat' dir='ltr'>erat</span> <span class='ocrx_word' id='word_1_835' title='bbox 845 5227 1058 5286; x_wconf 48' lang='lat' dir='ltr'>&#39;veluti</span> <span class='ocrx_word' id='word_1_836' title='bbox 1091 5227 1321 5304; x_wconf 76' lang='lat' dir='ltr'>primus</span> <span class='ocrx_word' id='word_1_837' title='bbox 1350 5232 1540 5305; x_wconf 88' lang='lat' dir='ltr'>ipsius</span> <span class='ocrx_word' id='word_1_838' title='bbox 1597 5227 1983 5305; x_wconf 76' lang='lat' dir='ltr'>philosophia</span> 
     </span>
    </p>
   </div>
   <div class='ocr_carea' id='block_1_111' title="bbox 2118 5227 2976 5305">
    <p class='ocr_par' dir='ltr' id='par_1_111' title="bbox 2161 5229 2976 5305">
     <span class='ocr_line' id='line_1_118' title="bbox 2161 5229 2976 5305; baseline -0.005 -18"><span class='ocrx_word' id='word_1_839' title='bbox 2161 5232 2274 5305; x_wconf 73' lang='grc'>(14)</span> <span class='ocrx_word' id='word_1_840' title='bbox 2305 5229 2500 5305; x_wconf 72' lang='grc' dir='ltr'>Ταυτά.</span> <span class='ocrx_word' id='word_1_841' title='bbox 2533 5232 2697 5305; x_wconf 65' lang='lat' dir='ltr'>Pass.</span> <span class='ocrx_word' id='word_1_842' title='bbox 2728 5229 2976 5305; x_wconf 37' lang='lat' dir='ltr'>Tiat’ﬂd&#39;.</span> 
     </span>
    </p>
   </div>
   <div class='ocr_carea' id='block_1_112' title="bbox 320 5236 2001 5378">
    <p class='ocr_par' dir='ltr' id='par_1_112' title="bbox 320 5236 1983 5371">
     <span class='ocr_line' id='line_1_119' title="bbox 320 5236 1983 5371; baseline 0.004 -88"><span class='ocrx_word' id='word_1_843' title='bbox 320 5236 639 5371; x_wconf 60' lang='lat' dir='ltr'>gicdenlm</span> <span class='ocrx_word' id='word_1_844' title='bbox 695 5236 821 5285; x_wconf 88' lang='lat' dir='ltr'>erat</span> <span class='ocrx_word' id='word_1_845' title='bbox 878 5236 1058 5286; x_wconf 88' lang='lat' dir='ltr'>veluti</span> <span class='ocrx_word' id='word_1_846' title='bbox 1091 5236 1321 5304; x_wconf 88' lang='lat' dir='ltr'>primus</span> <span class='ocrx_word' id='word_1_847' title='bbox 1350 5236 1540 5305; x_wconf 88' lang='lat' dir='ltr'>ipsius</span> <span class='ocrx_word' id='word_1_848' title='bbox 1597 5236 1983 5305; x_wconf 88' lang='lat' dir='ltr'>philosophia</span> 
     </span>
     <span class='ocr_line' id='line_1_120' title="bbox 361 5316 559 5356; baseline 0.005 -1"><span class='ocrx_word' id='word_1_849' title='bbox 361 5317 423 5355; x_wconf 92' lang='lat' dir='ltr'>ra</span> <span class='ocrx_word' id='word_1_850' title='bbox 471 5316 559 5356; x_wconf 90' lang='lat' dir='ltr'>us.</span> 
     </span>
    </p>
   </div>
   <div class='ocr_carea' id='block_1_113' title="bbox 2118 5236 3021 5378">
    <p class='ocr_par' dir='ltr' id='par_1_113' title="bbox 2161 5236 3021 5378">
     <span class='ocr_line' id='line_1_121' title="bbox 2186 5236 2976 5299; baseline -0.005 -12"><span class='ocrx_word' id='word_1_851' title='bbox 2186 5236 2274 5299; x_wconf 73' lang='grc'>14)</span> <span class='ocrx_word' id='word_1_852' title='bbox 2305 5236 2500 5287; x_wconf 83' lang='grc' dir='ltr'>Ταυτά.</span> <span class='ocrx_word' id='word_1_853' title='bbox 2533 5236 2697 5288; x_wconf 82' lang='lat' dir='ltr'>Pass.</span> <span class='ocrx_word' id='word_1_854' title='bbox 2728 5236 2795 5287; x_wconf 80' lang='grc' dir='ltr'>τὰ</span> <span class='ocrx_word' id='word_1_855' title='bbox 2824 5236 2976 5284; x_wconf 79' lang='grc' dir='ltr'>αὐτά.</span> 
     </span>
     <span class='ocr_line' id='line_1_122' title="bbox 2161 5236 3021 5378; baseline -0.005 -19"><span class='ocrx_word' id='word_1_856' title='bbox 2161 5236 2277 5378; x_wconf 73' lang='grc'>(45)</span> <span class='ocrx_word' id='word_1_857' title='bbox 2306 5302 2565 5378; x_wconf 86' lang='grc' dir='ltr'>Ἑτέραις.</span> <span class='ocrx_word' id='word_1_858' title='bbox 2600 5303 2771 5378; x_wconf 62' lang='lat' dir='ltr'>Pass.</span> <span class='ocrx_word' id='word_1_859' title='bbox 2797 5302 3021 5378; x_wconf 49' lang='grc' dir='ltr'>ὶτέροιςἐ</span> 
     </span>
    </p>
   </div>
   <div class='ocr_carea' id='block_1_114' title="bbox 390 5368 2001 5449">
    <p class='ocr_par' dir='ltr' id='par_1_114' title="bbox 390 5368 1978 5449">
     <span class='ocr_line' id='line_1_123' title="bbox 390 5368 1978 5449; baseline 0.004 -23"><span class='ocrx_word' id='word_1_860' title='bbox 390 5373 468 5449; x_wconf 51' lang='lat' dir='ltr'>(ﬁ)</span> <span class='ocrx_word' id='word_1_861' title='bbox 496 5370 702 5425; x_wconf 63' lang='grc' dir='ltr'>’Ἐπεγέ</span> <span class='ocrx_word' id='word_1_862' title='bbox 734 5368 1226 5449; x_wconf 75' lang='grc' dir='ltr'>ἀποφαινομένοις,</span> <span class='ocrx_word' id='word_1_863' title='bbox 1246 5379 1365 5449; x_wconf 88' lang='lat' dir='ltr'>etc.</span> <span class='ocrx_word' id='word_1_864' title='bbox 1394 5375 1520 5432; x_wconf 91' lang='lat' dir='ltr'>Duo</span> <span class='ocrx_word' id='word_1_865' title='bbox 1552 5376 1711 5433; x_wconf 88' lang='lat' dir='ltr'>Colb.</span> <span class='ocrx_word' id='word_1_866' title='bbox 1736 5380 1792 5432; x_wconf 85' lang='lat' dir='ltr'>et</span> <span class='ocrx_word' id='word_1_867' title='bbox 1813 5380 1978 5434; x_wconf 84' lang='lat' dir='ltr'>Pass.</span> 
     </span>
    </p>
   </div>
   <div class='ocr_carea' id='block_1_115' title="bbox 2118 5368 3743 5449">
    <p class='ocr_par' dir='ltr' id='par_1_115' title="bbox 2160 5368 3743 5449">
     <span class='ocr_line' id='line_1_124' title="bbox 2160 5368 3743 5449; baseline -0.001 -18"><span class='ocrx_word' id='word_1_868' title='bbox 2160 5368 2680 5449; x_wconf 24' lang='lat' dir='ltr'>(16§T5)7V:1tpalt’tv.</span> <span class='ocrx_word' id='word_1_869' title='bbox 2717 5376 2811 5432; x_wconf 93' lang='lat' dir='ltr'>Sic</span> <span class='ocrx_word' id='word_1_870' title='bbox 2832 5368 2955 5449; x_wconf 77' lang='lat' dir='ltr'>duo</span> <span class='ocrx_word' id='word_1_871' title='bbox 2980 5375 3152 5449; x_wconf 78' lang='lat' dir='ltr'>_Reg.,</span> <span class='ocrx_word' id='word_1_872' title='bbox 3186 5376 3367 5449; x_wconf 14' lang='grc' dir='ltr'>Οιιτίί.</span> <span class='ocrx_word' id='word_1_873' title='bbox 3412 5375 3537 5449; x_wconf 79' lang='lat' dir='ltr'>Non</span> <span class='ocrx_word' id='word_1_874' title='bbox 3571 5374 3743 5449; x_wconf 82' lang='lat' dir='ltr'>pauci</span> 
     </span>
    </p>
   </div>
   <div class='ocr_carea' id='block_1_116' title="bbox 324 5440 2001 5523">
    <p class='ocr_par' dir='ltr' id='par_1_116' title="bbox 324 5440 1982 5523">
     <span class='ocr_line' id='line_1_125' title="bbox 324 5440 1982 5523; baseline 0.007 -29"><span class='ocrx_word' id='word_1_875' title='bbox 324 5440 416 5495; x_wconf 73' lang='grc' dir='ltr'>εἰτ’</span> <span class='ocrx_word' id='word_1_876' title='bbox 445 5440 927 5523; x_wconf 61' lang='grc' dir='ltr'>ἀποφιινομὲνοίς,</span> <span class='ocrx_word' id='word_1_877' title='bbox 961 5467 991 5497; x_wconf 78' lang='grc' dir='ltr'>α</span> <span class='ocrx_word' id='word_1_878' title='bbox 1014 5440 1108 5504; x_wconf 75' lang='grc' dir='ltr'>ἰιο</span> <span class='ocrx_word' id='word_1_879' title='bbox 1157 5440 1259 5504; x_wconf 82' lang='lat' dir='ltr'>ubi</span> <span class='ocrx_word' id='word_1_880' title='bbox 1313 5449 1778 5521; x_wconf 88' lang='lat' dir='ltr'>respondissent,</span> <span class='ocrx_word' id='word_1_881' title='bbox 1811 5449 1982 5506; x_wconf 86' lang='lat' dir='ltr'>ratio-</span> 
     </span>
    </p>
   </div>
   <div class='ocr_carea' id='block_1_117' title="bbox 2118 5440 3739 5523">
    <p class='ocr_par' dir='ltr' id='par_1_117' title="bbox 2118 5440 3739 5523">
     <span class='ocr_line' id='line_1_126' title="bbox 2118 5440 3739 5523; baseline 0.001 -21"><span class='ocrx_word' id='word_1_882' title='bbox 2118 5440 2342 5523; x_wconf 49' lang='lat' dir='ltr'>:p‘drccbv.</span> <span class='ocrx_word' id='word_1_883' title='bbox 2379 5440 2508 5523; x_wconf 72' lang='grc' dir='ltr'>Μοᾴ</span> <span class='ocrx_word' id='word_1_884' title='bbox 2539 5447 2799 5520; x_wconf 90' lang='lat' dir='ltr'>quinque</span> <span class='ocrx_word' id='word_1_885' title='bbox 2830 5447 3014 5520; x_wconf 79' lang='lat' dir='ltr'>Regii,</span> <span class='ocrx_word' id='word_1_886' title='bbox 3047 5440 3164 5504; x_wconf 68' lang='lat' dir='ltr'>tres</span> <span class='ocrx_word' id='word_1_887' title='bbox 3189 5447 3348 5504; x_wconf 88' lang='lat' dir='ltr'>Colb.</span> <span class='ocrx_word' id='word_1_888' title='bbox 3411 5440 3739 5523; x_wconf 66' lang='grc' dir='ltr'>εὑρομένων.</span> 
     </span>
    </p>
   </div>
   <div class='ocr_carea' id='block_1_118' title="bbox 324 5516 2001 5593">
    <p class='ocr_par' dir='ltr' id='par_1_118' title="bbox 324 5516 1770 5593">
     <span class='ocr_line' id='line_1_127' title="bbox 324 5516 1770 5593; baseline 0.013 -25"><span class='ocrx_word' id='word_1_889' title='bbox 324 5530 465 5593; x_wconf 50' lang='grc' dir='ltr'>ΠερὶΔ</span> <span class='ocrx_word' id='word_1_890' title='bbox 487 5516 622 5593; x_wconf 73' lang='lat' dir='ltr'>cum</span> <span class='ocrx_word' id='word_1_891' title='bbox 638 5522 1020 5593; x_wconf 70' lang='lat' dir='ltr'>rogarentur.</span> <span class='ocrx_word' id='word_1_892' title='bbox 1371 5516 1432 5593; x_wconf 37' lang='grc' dir='ltr'>,ί</span> <span class='ocrx_word' id='word_1_893' title='bbox 1553 5588 1566 5593; x_wconf 86' lang='lat'><em>_</em></span> <span class='ocrx_word' id='word_1_894' title='bbox 1585 5586 1632 5593; x_wconf 47' lang='lat'>_.</span> <span class='ocrx_word' id='word_1_895' title='bbox 1764 5516 1770 5518; x_wconf 29' lang='grc'><strong><em>⁷</em></strong></span> 
     </span>
    </p>
   </div>
   <div class='ocr_carea' id='block_1_119' title="bbox 2118 5516 2614 5593">
    <p class='ocr_par' dir='ltr' id='par_1_119' title="bbox 2118 5516 2614 5593">
     <span class='ocr_line' id='line_1_128' title="bbox 2118 5516 2614 5593; baseline -0.006 -15"><span class='ocrx_word' id='word_1_896' title='bbox 2118 5516 2250 5578; x_wconf 64' lang='lat' dir='ltr'>&#39;hss.</span> <span class='ocrx_word' id='word_1_897' title='bbox 2285 5516 2614 5593; x_wconf 65' lang='grc' dir='ltr'>εὑραμένων.</span> 
     </span>
    </p>
   </div>
   <div class='ocr_carea' id='block_1_120' title="bbox 397 5585 2001 5668">
    <p class='ocr_par' dir='ltr' id='par_1_120' title="bbox 397 5585 1698 5668">
     <span class='ocr_line' id='line_1_129' title="bbox 397 5585 1698 5668; baseline -0.005 -14"><span class='ocrx_word' id='word_1_898' title='bbox 397 5587 473 5668; x_wconf 57' lang='grc' dir='ltr'>(ᾗ)</span> <span class='ocrx_word' id='word_1_899' title='bbox 502 5585 876 5668; x_wconf 44' lang='grc' dir='ltr'>Ἀξηδένῖρυο-</span> <span class='ocrx_word' id='word_1_900' title='bbox 898 5590 1105 5668; x_wconf 81' lang='lat' dir='ltr'>Regg.,</span> <span class='ocrx_word' id='word_1_901' title='bbox 1136 5594 1255 5668; x_wconf 81' lang='lat' dir='ltr'>tres</span> <span class='ocrx_word' id='word_1_902' title='bbox 1286 5590 1475 5668; x_wconf 61' lang='lat' dir='ltr'>Colb.,</span> <span class='ocrx_word' id='word_1_903' title='bbox 1509 5586 1698 5668; x_wconf 73' lang='lat' dir='ltr'>068év._</span> 
     </span>
    </p>
   </div>
   <div class='ocr_carea' id='block_1_121' title="bbox 2118 5585 3737 5668">
    <p class='ocr_par' dir='ltr' id='par_1_121' title="bbox 2150 5585 3737 5668">
     <span class='ocr_line' id='line_1_130' title="bbox 2150 5585 3737 5668; baseline -0.001 -21"><span class='ocrx_word' id='word_1_904' title='bbox 2150 5585 2622 5668; x_wconf 48' lang='lat' dir='ltr'>_(17)9pneic_eiac._</span> <span class='ocrx_word' id='word_1_905' title='bbox 2670 5596 2834 5647; x_wconf 84' lang='lat' dir='ltr'>Pass.</span> <span class='ocrx_word' id='word_1_906' title='bbox 2896 5591 3059 5647; x_wconf 83' lang='lat' dir='ltr'>addit</span> <span class='ocrx_word' id='word_1_907' title='bbox 3114 5593 3273 5644; x_wconf 74' lang='grc' dir='ltr'>τοῦτο</span> <span class='ocrx_word' id='word_1_908' title='bbox 3331 5591 3465 5645; x_wconf 79' lang='grc' dir='ltr'>εῖναι</span> <span class='ocrx_word' id='word_1_909' title='bbox 3524 5592 3737 5668; x_wconf 75' lang='grc' dir='ltr'>φήσεις,</span> 
     </span>
    </p>
   </div>
   <div class='ocr_carea' id='block_1_122' title="bbox 392 5658 2001 5739">
    <p class='ocr_par' dir='ltr' id='par_1_122' title="bbox 392 5658 1975 5739">
     <span class='ocr_line' id='line_1_131' title="bbox 392 5658 1975 5739; baseline 0.006 -26"><span class='ocrx_word' id='word_1_910' title='bbox 392 5658 464 5739; x_wconf 55' lang='grc' dir='ltr'>(εὖ)</span> <span class='ocrx_word' id='word_1_911' title='bbox 522 5658 800 5737; x_wconf 78' lang='grc' dir='ltr'>Παραστὰν</span> <span class='ocrx_word' id='word_1_912' title='bbox 858 5658 1097 5734; x_wconf 47' lang='grc' dir='ltr'>ἐκείνῖιῖέ</span> <span class='ocrx_word' id='word_1_913' title='bbox 1130 5664 1287 5721; x_wconf 91' lang='lat' dir='ltr'>Colb.</span> <span class='ocrx_word' id='word_1_914' title='bbox 1347 5664 1401 5731; x_wconf 92' lang='lat'>3,</span> <span class='ocrx_word' id='word_1_915' title='bbox 1459 5660 1755 5739; x_wconf 85' lang='grc' dir='ltr'>παραστάν.</span> <span class='ocrx_word' id='word_1_916' title='bbox 1808 5668 1975 5722; x_wconf 83' lang='lat' dir='ltr'>Pass.</span> 
     </span>
    </p>
   </div>
   <div class='ocr_carea' id='block_1_123' title="bbox 2118 5658 2741 5739">
    <p class='ocr_par' dir='ltr' id='par_1_123' title="bbox 2149 5658 2741 5739">
     <span class='ocr_line' id='line_1_132' title="bbox 2149 5658 2741 5739; baseline -0.017 -17"><span class='ocrx_word' id='word_1_917' title='bbox 2149 5658 2263 5722; x_wconf 77' lang='lat' dir='ltr'>hoc</span> <span class='ocrx_word' id='word_1_918' title='bbox 2289 5658 2417 5722; x_wconf 80' lang='lat' dir='ltr'>esse</span> <span class='ocrx_word' id='word_1_919' title='bbox 2441 5663 2679 5739; x_wconf 81' lang='lat' dir='ltr'>dixeris.</span> <span class='ocrx_word' id='word_1_920' title='bbox 2686 5684 2741 5739; x_wconf 81' lang='lat'>_»</span> 
     </span>
    </p>
   </div>
   <div class='ocr_carea' id='block_1_124' title="bbox 315 5727 2001 5865">
    <p class='ocr_par' dir='ltr' id='par_1_124' title="bbox 315 5727 1974 5865">
     <span class='ocr_line' id='line_1_133' title="bbox 315 5727 1974 5865; baseline 0 0"><span class='ocrx_word' id='word_1_921' title='bbox 315 5727 812 5865; x_wconf 47' lang='grc' dir='ltr'>ὶκὲῧογλνεύθυνόν</span> <span class='ocrx_word' id='word_1_922' title='bbox 834 5825 913 5864; x_wconf 82' lang='grc' dir='ltr'>τε.</span> <span class='ocrx_word' id='word_1_923' title='bbox 946 5828 976 5858; x_wconf 92' lang='grc'>‹‹</span> <span class='ocrx_word' id='word_1_924' title='bbox 1033 5807 1226 5865; x_wconf 87' lang='lat' dir='ltr'>Nullis</span> <span class='ocrx_word' id='word_1_925' title='bbox 1258 5806 1585 5865; x_wconf 87' lang='lat' dir='ltr'>rationibus</span> <span class='ocrx_word' id='word_1_926' title='bbox 1634 5808 1974 5865; x_wconf 86' lang='lat' dir='ltr'>obnoxium.</span> 
     </span>
    </p>
   </div>
   <div class='ocr_carea' id='block_1_125' title="bbox 2118 5727 3520 5865">
    <p class='ocr_par' dir='ltr' id='par_1_125' title="bbox 2156 5733 3520 5865">
     <span class='ocr_line' id='line_1_134' title="bbox 2156 5733 3520 5865; baseline -0.004 -70"><span class='ocrx_word' id='word_1_927' title='bbox 2156 5739 2269 5865; x_wconf 66' lang='grc'>(18)</span> <span class='ocrx_word' id='word_1_928' title='bbox 2300 5740 2413 5792; x_wconf 81' lang='grc' dir='ltr'>Τῶν</span> <span class='ocrx_word' id='word_1_929' title='bbox 2444 5733 2651 5811; x_wconf 77' lang='grc' dir='ltr'>ἱερέων.</span> <span class='ocrx_word' id='word_1_930' title='bbox 2686 5735 2828 5792; x_wconf 84' lang='lat' dir='ltr'>Tres</span> <span class='ocrx_word' id='word_1_931' title='bbox 2852 5734 3037 5865; x_wconf 58' lang='lat' dir='ltr'>Begg.</span> <span class='ocrx_word' id='word_1_932' title='bbox 3066 5738 3124 5819; x_wconf 75' lang='lat' dir='ltr'>et</span> <span class='ocrx_word' id='word_1_933' title='bbox 3152 5738 3243 5790; x_wconf 88' lang='lat' dir='ltr'>0r.</span> <span class='ocrx_word' id='word_1_934' title='bbox 3280 5736 3330 5806; x_wconf 94' lang='grc'>1,</span> <span class='ocrx_word' id='word_1_935' title='bbox 3359 5733 3520 5810; x_wconf 74' lang='grc' dir='ltr'>ίερων</span> 
     </span>
     <span class='ocr_line' id='line_1_135' title="bbox 2156 5806 3412 5865; baseline -0.002 0"><span class='ocrx_word' id='word_1_936' title='bbox 2156 5811 2247 5865; x_wconf 79' lang='grc'>(49</span> <span class='ocrx_word' id='word_1_937' title='bbox 2299 5809 2397 5864; x_wconf 80' lang='grc' dir='ltr'>Καὶ</span> <span class='ocrx_word' id='word_1_938' title='bbox 2427 5807 2512 5865; x_wconf 85' lang='grc' dir='ltr'>τό.</span> <span class='ocrx_word' id='word_1_939' title='bbox 2534 5808 2709 5865; x_wconf 87' lang='lat' dir='ltr'>Deest</span> <span class='ocrx_word' id='word_1_940' title='bbox 2729 5806 2817 5863; x_wconf 90' lang='grc' dir='ltr'>καί</span> <span class='ocrx_word' id='word_1_941' title='bbox 2850 5825 2909 5865; x_wconf 84' lang='lat' dir='ltr'>1n</span> <span class='ocrx_word' id='word_1_942' title='bbox 2942 5826 2977 5865; x_wconf 83' lang='grc' dir='ltr'>ι)</span> <span class='ocrx_word' id='word_1_943' title='bbox 3005 5824 3238 5865; x_wconf 76' lang='lat' dir='ltr'>erisque</span> <span class='ocrx_word' id='word_1_944' title='bbox 3270 5822 3412 5864; x_wconf 83' lang='lat' dir='ltr'>mss.</span> 
     </span>
    </p>
   </div>
   <div class='ocr_carea' id='block_1_126' title="bbox 380 5802 2001 5937">
    <p class='ocr_par' dir='ltr' id='par_1_126' title="bbox 380 5802 1974 5937">
     <span class='ocr_line' id='line_1_136' title="bbox 380 5802 1974 5879; baseline 0.001 -15"><span class='ocrx_word' id='word_1_945' title='bbox 380 5803 462 5877; x_wconf 87' lang='lat'>(7)</span> <span class='ocrx_word' id='word_1_946' title='bbox 496 5802 812 5863; x_wconf 76' lang='grc' dir='ltr'>Ἀνιύθυνόν</span> <span class='ocrx_word' id='word_1_947' title='bbox 834 5825 913 5864; x_wconf 87' lang='grc' dir='ltr'>τε.</span> <span class='ocrx_word' id='word_1_948' title='bbox 946 5828 976 5858; x_wconf 93' lang='grc'>‹‹</span> <span class='ocrx_word' id='word_1_949' title='bbox 1033 5807 1226 5868; x_wconf 86' lang='lat' dir='ltr'>Nullis</span> <span class='ocrx_word' id='word_1_950' title='bbox 1258 5806 1585 5867; x_wconf 87' lang='lat' dir='ltr'>rationibus</span> <span class='ocrx_word' id='word_1_951' title='bbox 1634 5808 1974 5879; x_wconf 86' lang='lat' dir='ltr'>obnoxium,</span> 
     </span>
     <span class='ocr_line' id='line_1_137' title="bbox 380 5878 932 5937; baseline -0.005 0"><span class='ocrx_word' id='word_1_952' title='bbox 380 5892 567 5937; x_wconf 77' lang='lat' dir='ltr'>usura</span> <span class='ocrx_word' id='word_1_953' title='bbox 595 5878 871 5937; x_wconf 82' lang='lat' dir='ltr'>liberum.</span> <span class='ocrx_word' id='word_1_954' title='bbox 902 5896 932 5933; x_wconf 75' lang='grc' dir='ltr'><strong><em>ι</em></strong></span> 
     </span>
    </p>
   </div>
   <div class='ocr_carea' id='block_1_127' title="bbox 2118 5802 3412 5937">
    <p class='ocr_par' dir='ltr' id='par_1_127' title="bbox 2156 5802 3412 5883">
     <span class='ocr_line' id='line_1_138' title="bbox 2156 5802 3412 5883; baseline -0.003 -16"><span class='ocrx_word' id='word_1_955' title='bbox 2156 5802 2269 5883; x_wconf 78' lang='grc'>(49)</span> <span class='ocrx_word' id='word_1_956' title='bbox 2299 5809 2397 5864; x_wconf 81' lang='grc' dir='ltr'>Καὶ</span> <span class='ocrx_word' id='word_1_957' title='bbox 2427 5802 2512 5866; x_wconf 68' lang='grc' dir='ltr'>τόζ</span> <span class='ocrx_word' id='word_1_958' title='bbox 2534 5808 2709 5867; x_wconf 86' lang='lat' dir='ltr'>Deest</span> <span class='ocrx_word' id='word_1_959' title='bbox 2729 5806 2817 5863; x_wconf 86' lang='grc' dir='ltr'>καί</span> <span class='ocrx_word' id='word_1_960' title='bbox 2850 5808 2909 5866; x_wconf 91' lang='lat' dir='ltr'>in</span> <span class='ocrx_word' id='word_1_961' title='bbox 2942 5802 3238 5882; x_wconf 65' lang='lat' dir='ltr'>plerisque</span> <span class='ocrx_word' id='word_1_962' title='bbox 3270 5802 3412 5864; x_wconf 81' lang='lat' dir='ltr'>mss.</span> 
     </span>
    </p>
   </div>
   <div class='ocr_carea' id='block_1_128' title="bbox 307 5890 932 5939">
    <p class='ocr_par' dir='ltr' id='par_1_128' title="bbox 307 5890 932 5939">
     <span class='ocr_line' id='line_1_139' title="bbox 307 5890 932 5939; baseline -0.003 -4"><span class='ocrx_word' id='word_1_963' title='bbox 307 5890 567 5939; x_wconf 73' lang='lat' dir='ltr'>censura</span> <span class='ocrx_word' id='word_1_964' title='bbox 595 5890 871 5939; x_wconf 79' lang='lat' dir='ltr'>uberum.</span> <span class='ocrx_word' id='word_1_965' title='bbox 902 5896 932 5933; x_wconf 77' lang='grc' dir='ltr'><strong>Ι</strong></span> 
     </span>
    </p>
   </div>
  </div>
