4028 6430
313 441 433 502 641

1333 424 1622 492 ORATIO
1667 426 1773 491 ιν.
1807 463 1884 473 --
1914 428 2225 491 CONTRA
2274 426 2672 491 JULIANUM
2723 433 2768 491 l.

3634 428 3754 497 642

311 571 407 628 καὶ
474 568 539 623 τὸ
603 558 931 635 κοναόίξειν,
991 562 1081 616 καὶ
1135 560 1198 615 τὸ
1262 563 1402 634 μῶν,
1461 562 1549 617 καὶ
1595 562 1659 616 τὸ
1711 558 2023 631 δήπουθεν,

2143 579 2224 617 uae
2258 564 2493 619 tandem
2526 562 2646 617 haec
2678 563 2913 636 partitio
2944 568 3054 635 est,
3089 569 3153 621 ut
3185 565 3307 622 haec
3362 569 3555 639 verba,
3589 589 3754 644 σμερ-

316 659 507 717 καὶτὸ
538 657 691 725 ἅττα,
725 655 817 710 καὶ
864 653 927 708 τὸ
967 651 1313 727 ἀμωσγέπως
1362 657 1495 705 εῖναι
1553 658 1652 720 τῆς
1708 648 1994 706 διαλέκτου

328 750 527 825 μόνης,
559 743 740 801 τᾶλλα
773 741 831 799 δὲ
862 745 977 817 (35)
1028 740 1353 817 ἀπερῥίφθαι
1399 740 1474 803 εἷς
1521 739 1855 818 Κυνόσαργες
1887 742 1995 814 (36)

320 838 509 914 ὥσπερ
540 857 604 892 το
634 833 809 890 πάλαι
838 831 970 894 τοὺς
993 830 1185 892 νόθους
1211 849 1224 899 ;
1261 828 1305 884 εἷ
1361 826 1419 884 δὲ
1447 829 1536 884 καὶ
1565 831 1627 884 τὸ
1659 828 1869 892 εὐτελὲς
1900 832 1999 883 τοῦ

324 929 498 1004 λόγου
532 927 621 982 καὶ
654 922 1079 980 ἀκαλλώπιστον
1114 920 1325 994 ὁμοίως
1358 924 1455 974 τοῦ
1478 917 1820 988 Ἐλληνίζειν
1864 917 1997 987 ἐστὶ,

326 1019 492 1091 τίμὴ
539 1016 631 1071 καὶ
679 1013 887 1069 τούτων
944 1011 1291 1084 ἀποστερεῖτε
1335 1012 1504 1084 ἡμᾶς,
1552 1010 1640 1063 καὶ
1674 1007 1865 1070 ἁπλῶς
1889 1009 2001 1082 (37)

326 1108 507 1177 πάσης
569 1100 843 1165 Ἑλλάδος
901 1108 1115 1179 φωνῆς,
1176 1099 1339 1154 ὀποία
1397 1099 1517 1154 πότ’
1577 1099 1635 1153 ἂν
1694 1098 1750 1171 ᾖ,
1804 1098 1894 1152 καὶ
1927 1098 2001 1159 ὡς

332 1196 397 1253 ἂν
448 1191 652 1271 ἔχουσα
700 1191 844 1267 τύχῃ
889 1192 1037 1264 (38);
1096 1190 1242 1244 τοῦτ’
1274 1190 1332 1243 ἂν
1381 1189 1448 1258 ἦν
1483 1190 1635 1261 ὑμῶν
1693 1187 2004 1265 φιλανθρω-

332 1286 567 1361 πότερον
610 1282 699 1339 καὶ
756 1279 982 1342 τελείως
1032 1280 1147 1354 (39)
1197 1285 1297 1349 τῆς
1346 1277 1611 1351 ἀμουσίας
1658 1284 1760 1346 τῆς
1811 1276 2003 1350 ὑμετέ-

337 1396 460 1453 ρας.

416 1464 700 1538 Ρζ’.Ἒχει
749 1457 1110 1536 γὰρ-οὕτως,
1163 1456 1258 1511 ’ἱνα
1319 1478 1401 1511 σοι
1460 1454 1821 1534 φιλοσοφήσω
1881 1454 2006 1531 περὶ

345 1553 575 1619 τούτων,
609 1549 947 1626 ὑψηλότερόν
980 1570 1038 1603 τε
1084 1548 1174 1602 καὶ
1226 1544 1556 1621 τελεώτερον
1592 1566 1602 1578 ·
1647 1545 1710 1599 Ei
1764 1547 1855 1617 μὲν
1917 1543 2007 1599 καὶ

348 1640 490 1697 θεῖαί
539 1640 689 1701 τινάς
734 1638 837 1693 εἰσι
889 1638 1060 1715 φωναὶ
1106 1640 1218 1711 (40)
1270 1640 1604 1712 φωντ,τικοῖς
1638 1632 1891 1710 ὀργάνοις
1924 1634 2009 1688 ἐκ·

344 1730 713 1808 πορευόμεναι
744 1731 882 1802 (41),
911 1728 1003 1782 καὶ
1032 1724 1119 1781 διὰ
1146 1731 1244 1780 τοῦ
1275 1724 1433 1797 ἀέρος
1483 1719 1745 1799 χεόμεναί
1791 1744 1849 1777 τε
1896 1726 2011 1796 (42)

345 1821 437 1876 καὶ
489 1821 677 1880 ἀκοαῖς
728 1817 1052 1889 εἰσρέουσαι,
1111 1820 1219 1870 τῶν
1270 1812 1553 1887 ἡμετέρων
1589 1813 1864 1888 κρείττους
1923 1811 2012 1865 καὶ

2107 647 2322 721 δαλέον,
2372 646 2697 722 κοναϐίζειν,
2754 657 2888 724 μῶν,
2942 650 3234 727 δήπουθεν,
3302 655 3452 725 ἆττα,
3504 658 3755 734 ἀμωσγέ-

2107 762 2245 813 πως,
2282 742 2466 799 solius
2496 743 2713 815 linguae
2745 745 2882 812 sint,
2909 744 3137 816 reliqua
3157 752 3355 801 autem
3386 749 3445 803 in
3478 750 3766 820 Cynosar-

2110 848 2230 904 ges,
2284 837 2350 887 ut
2395 832 2535 887 olim
2585 834 2793 905 spurii,
2840 833 3219 905 relegentur?
3260 835 3317 889 Si
3367 841 3564 891 autem
3618 839 3763 894 viles

2111 921 2285 977 etiam
2313 926 2369 976 et
2391 922 2672 977 inornata:
2697 928 2875 994 atque
2902 923 3260 995 inelegantes
3294 924 3578 980 dictiones
3603 943 3765 997 aeque

2112 1010 2409 1065 Graecismi
2434 1021 2590 1079 sunt,
2616 1013 2759 1083 quin
2782 1014 2887 1068 has
2912 1030 3145 1085 quoque
3168 1014 3539 1086 nobis,atque
3563 1033 3766 1072 omnes

2113 1101 2172 1154 in
2206 1101 2545 1156 universum
2575 1105 2804 1157 Graecas
2828 1119 3016 1174 voces,
3042 1120 3286 1174 quisque
3307 1104 3542 1160 tandem
3575 1104 3686 1161 illae
3710 1109 3769 1162 et

2115 1188 2556 1262 qualescunque
2588 1191 2728 1258 sint,
2762 1191 3072 1248 adimitis?
3123 1191 3231 1248 hoc
3280 1193 3437 1248 enim
3485 1196 3677 1265 majus
3709 1195 3768 1250 in

2112 1279 2276 1335 vobis
2294 1280 2681 1337 humanitatis
2700 1295 2765 1336 ac
2780 1298 3071 1352 supremae
3090 1282 3333 1339 inscitiae
3351 1289 3769 1356 argumentum

2115 1374 2291 1425 esset.

2191 1459 2328 1514 CVI.
2362 1459 2614 1528 Etenim,
2644 1462 2707 1515 ut
2738 1463 2809 1515 de
2840 1461 2931 1517 his
2954 1462 3128 1518 rebus
3151 1463 3330 1519 altius
3361 1482 3425 1520 ac
3457 1465 3771 1536 perfectius

2120 1552 2317 1603 tecum
2347 1564 2542 1620 agam,
2574 1551 2659 1604 sic
2690 1566 2753 1605 se
2782 1567 2874 1605 res
2918 1550 3131 1607 habet:
3184 1554 3239 1607 b‘i
3292 1556 3561 1625 quaedam
3593 1556 3770 1611 etiam

2120 1638 2365 1692 deorum
2396 1654 2566 1693 voces
2598 1645 2757 1707 sunt,
2791 1657 2822 1694 e
2850 1640 3154 1697 vocalibus
3185 1643 3423 1713 organis
3473 1649 3772 1714 exeuntes,

2123 1744 2188 1782 ac
2221 1744 2321 1799 per
2352 1743 2544 1783 aerem
2578 1729 2741 1797 fusae,
2777 1728 3136 1802 auribusque
3167 1731 3502 1803 inﬂuentes,
3530 1734 3776 1790 vocibus

2125 1817 2342 1873 nostris
2367 1817 2807 1889 prazstantiores
2831 1826 2888 1874 et
2912 1820 3399 1890 signiticantiores
3415 1824 3598 1892 (rideo
3624 1824 3781 1879 enim

350 1908 719 1983 εὐσημότεραι
767 1904 939 1982 (γελῶ
982 1908 1083 1981 γὰρ
1132 1906 1284 1977 ὑμῶν
1330 1907 1439 1958 τῶν
1474 1906 1684 1975 σεμνῶν
1716 1903 1777 1957 τὸ
1818 1900 2011 1973 Μῶλυ,

423 1996 671 2007 ..ΑΨ
934 1990 1742 2007 ....,,κι..κ.,...ε
1950 1995 1973 2004 η

2143 1906 2433 1961 10minum
2466 1907 2757 1977 gravium,
2784 1911 2987 1978 quales
3012 1910 3213 1965 haberi
3236 1910 3433 1981 vultis,
3461 1911 3583 1967 haec
3605 1914 3782 1968 verba

348 2000 441 2054 καὶ
469 2000 561 2053 τὸν
594 1996 827 2064 Ξάνθον,
860 1995 950 2050 καὶ
981 1997 1079 2063 τὴν
1112 1991 1399 2065 Χαλκίδα),
1442 1993 1475 2061 ἧ
1512 1990 1602 2046 διὰ
1633 1994 1746 2063 (43)
1796 1995 2015 2067 γυμνῶν

353 2087 633 2159 ἀλλήλοις
666 2086 1011 2162 συγγίνονται
1040 2086 1148 2139 τῶν
1202 2084 1419 2139 ἐννοιῶν
1470 2082 1560 2136 καὶ
1620 2086 1725 2135 τῶν
1753 2079 2016 2153 τυπωμά-

355 2198 485 2244 των,
520 2176 628 2251 οὐχ
657 2175 925 2249 ἡμέτερον
958 2172 1153 2249 λέγειν·
1216 2172 1278 2225 τὸ
1310 2169 1356 2225 δ’
1416 2170 1511 2224 οὖν
1544 2171 1810 2243 ἡμέτερον
1836 2173 2017 2224 τοιοῦ-

355 2268 447 2322 τόν
502 2265 682 2321 ἐστιν·
745 2260 880 2319 Οὔτε
931 2264 1085 2341 φωνή
1141 2266 1247 2316 τῶν
1309 2259 1617 2337 εὐρομένων
1685 2259 1849 2333 μόνον
1911 2260 2023 2331 (44)

358 2355 524 2425 ἐστὶν,
557 2353 705 2410 ἀλλὰ
732 2355 947 2409 πάντων
995 2356 1102 2407 τῶν
1140 2350 1497 2427 μετεχόντων
1541 2346 1664 2403 οὔτε
1712 2349 1881 2424 τέχνη
1940 2368 2023 2410 τις

1892 2436 2022 2493 ἀλλ’

358 2447 394 2516 ἢ
455 2442 821 2515 ἐπιτήδευσις,
869 2440 936 2513 ἤν
1020 2442 1079 2497 ἃν
1139 2440 1509 2514 ἐνθυμηθῆναι
1568 2437 1841 2511 θελήσῃς·

360 2534 541 2611 ὥσπερ
574 2534 625 2589 ἐν
658 2532 895 2609 ἁρμονίᾳ
923 2535 1151 2607 τεχνικῇ
1180 2552 1240 2585 τε
1279 2530 1367 2585 καὶ
1403 2532 1638 2602 μουσικῇ
1691 2526 1862 2590 ἄλλος
1927 2528 2021 2600 μὲν

362 2628 503 2702 ἦχος
528 2621 707 2695 ἄλλης
754 2622 904 2685 τινὸς
951 2625 1060 2676 τῶν
1107 2624 1310 2696 νευρῶν
1349 2619 1759 2691 συντεταμένος,
1817 2619 1849 2687 ἦ
1893 2618 2029 2672 ἀνει-

371 2715 528 2789 μένος
557 2715 695 2787 (45),
719 2713 893 2767 πάντα
938 2708 996 2766 δὲ
1042 2714 1140 2766 τοῦ
1181 2709 1297 2771 ἑνὸς
1332 2709 1608 2785 ἁρμοστοῦ
1638 2707 1727 2762 καὶ
1750 2706 2027 2781 τεχνίτου,

369 2805 508 2881 πρὸς
538 2800 594 2857 ἓν
640 2824 693 2857 τι
740 2800 950 2863 κάλλος
1001 2798 1260 2876 ἁρμονίας
1311 2798 1684 2853 σνντείνοντα⁸
1738 2795 1883 2851 οὕτω
1931 2796 2025 2851 κάν

368 2892 587 2955 τούτοις
620 2893 648 2947 ὁ
676 2891 935 2968 τεχνίτης
963 2891 1052 2945 καὶ
1091 2887 1432 2964 δημιουργὸς
1479 2888 1655 2962 Λόγος
1705 2886 1874 2942 ἄλλον
1930 2886 2024 2959 μὶν

375 2979 554 3049 ἄλλης
623 2980 770 3041 τινὸς
829 2976 1221 3045 ἐπιτηδεύσεως
1279 2979 1313 3047 ἣ
1368 2976 1571 3053 τέχνης
1632 2977 1853 3051 εὑρετὴν
1914 2978 2027 3049 (46)

373 3069 776 3145 προύστήσατο,
826 3069 1000 3122 πάντα
1047 3064 1105 3120 δὲ
1181 3067 1253 3129 εἷς
1331 3069 1491 3141 μέσον
1570 3062 1848 3142 προῦθηκε
1896 3073 2027 3120 πᾶσι

373 3164 493 3221 τοῖς
547 3157 931 3235 βουλομένοις,
977 3160 1056 3229 τῷ
1126 3158 1429 3229 κοινωνικῴ
1505 3156 1592 3211 καὶ
1652 3154 2027 3235 φιλανθρώπῳ

374 3245 608 3303 συνδέων
638 3248 728 3302 τὸν
762 3246 877 3322 βίον
905 3247 1065 3319 ἡμῖν,
1096 3246 1182 3300 καὶ
1210 3251 1383 3301 ποιῶν
1417 3245 1792 3321 ἡμερώτερον.

2127 1995 2298 2067 Moly,
2333 2000 2389 2050 et
2419 1996 2741 2061 Xanthum,
2793 2002 2849 2052 et
2892 1998 3273 2069 Chalcidem),
3320 2008 3420 2055 aut
3460 2018 3561 2071 per
3592 2004 3783 2057 nudas

2130 2085 2509 2156 cogitationes
2539 2091 2595 2140 et
2626 2086 3070 2142 inforinationes
3092 2091 3511 2144 commercium
3544 2091 3696 2146 inter
3718 2107 3781 2146 se

2130 2174 2368 2244 habent,
2422 2174 2881 2246 haudquaquam
2931 2184 3199 2232 nostrum
3250 2184 3338 2233 est
3379 2181 3779 2250 pronuntiare.

2132 2264 2294 2329 Quod
2327 2269 2521 2319 autem
2554 2264 2624 2318 ad
2658 2281 2765 2319 nos
2792 2265 3016 2330 attinet,
3037 2267 3115 2321 ita
3136 2282 3218 2334 se,
3245 2276 3309 2322 ut
3339 2268 3603 2324 dicturus
3627 2287 3785 2338 sum,

2134 2370 2225 2408 res
2258 2353 2452 2408 habet.
2473 2353 2621 2408 Nam
2654 2370 2759 2408 nec
2788 2371 2896 2410 vox
2920 2360 3329 2412 tantummodo
3352 2374 3554 2413 eorum
3578 2364 3667 2413 est
3690 2360 3791 2431 qui

2134 2459 2263 2498 eam
2294 2442 2659 2510 invenerunt,
2681 2445 2781 2499 sed
2805 2444 3070 2500 omnium
3098 2446 3197 2516 qui
3230 2449 3359 2517 ejus
3389 2454 3529 2503 sunt
3548 2448 3787 2519 partici-

2137 2550 2236 2605 pes
2264 2547 2276 2587 :
2312 2549 2417 2587 nec
2447 2548 2543 2587 ars
2575 2532 2697 2588 ulla
2726 2536 2829 2587 aut
2866 2532 2998 2589 vitae
3039 2536 3307 2590 studium
3340 2543 3516 2607 atque
3547 2538 3784 2593 institu-

2139 2626 2287 2691 tum,
2321 2621 2712 2693 quodcunque
2759 2623 3018 2694 cogitare
3069 2624 3324 2680 volueris
3352 2642 3365 2693 ;
3395 2626 3534 2696 quin
3568 2626 3788 2696 potius,

2136 2712 2639 2782 quemadmodum
2670 2712 2730 2765 in
2762 2719 3046 2767 concentu
3079 2714 3393 2769 artificioso
3432 2720 3487 2769 et
3536 2715 3787 2783 musico,

2137 2800 2253 2856 alia
2273 2801 2511 2871 quidem
2540 2800 2761 2856 chorda
2782 2800 2965 2856 alium
2988 2819 3199 2857 sonum
3222 2803 3363 2871 edit,
3388 2809 3563 2875 prout
3584 2805 3789 2859 videli-

2136 2889 2355 2956 cet,vel
2379 2890 2771 2961 contenditur,
2801 2890 2885 2944 vel
2913 2892 3251 2961 remittitur,
3280 2899 3555 2948 caeterum
3587 2894 3788 2950 omnia

2139 2980 2318 3034 unius
2361 2980 2746 3051 ejusdemque
2795 2983 2934 3036 sunt
2973 2980 3405 3037 concinnatoris
3436 2986 3493 3038 et
3523 2983 3787 3052 artiﬁcis,

2138 3072 2312 3137 atque
2338 3068 2411 3122 ad
2435 3083 2615 3123 unam
2638 3070 2957 3139 quamdam
2981 3076 3301 3125 concentus
3330 3070 3679 3143 elegantiam
3705 3089 3792 3127 re-

2138 3157 2443 3212 feruntur:
2478 3159 2549 3213 ad
2582 3159 2855 3214 eumdem
2890 3160 3129 3214 modum
3154 3160 3213 3214 in
3236 3160 3329 3216 his
3355 3178 3585 3233 quoque
3610 3162 3786 3217 rebus

2135 3245 2273 3301 licet
2302 3263 2500 3302 rerum
2530 3247 2735 3302 artifex
2767 3264 2831 3303 ac
2854 3248 3416 3316 conditorVerbum,
3435 3250 3615 3307 alium
3640 3251 3790 3307 alius

373 3338 713 3412 cujuspiam
745 3338 999 3394 instituti
1032 3337 1120 3392 vel
1152 3337 1295 3394 artis
1341 3338 1705 3393 inventorem
1745 3336 2005 3409 elegerit,
2051 3337 2251 3392 omnia
2290 3342 2485 3392 tamen
2517 3338 2795 3392 omnibus
2828 3339 2887 3392 in
2934 3339 3192 3394 medium
3226 3342 3550 3412 proposuit,
3586 3351 3649 3397 ut
3678 3343 3791 3397 sci-

366 3428 506 3484 licet
537 3445 639 3500 per
669 3429 1011 3483 societatem
1051 3433 1109 3483 et
1138 3426 1732 3483 communicationem
1776 3442 1843 3482 ac
1901 3425 2350 3499 benignitatem,
2409 3426 2589 3483 veluti
2648 3427 3003 3497 quibusdam
3034 3428 3286 3485 vinculis
3316 3430 3494 3485 vitam
3535 3437 3796 3487 nostram

363 3516 726 3589 astringeret
756 3533 821 3571 ac
853 3516 1150 3571 mitiorem
1184 3516 1470 3571 redderet.

443 3606 554 3659 PZ"
593 3604 694 3659 Σὸν
723 3605 785 3658 τὸ
812 3601 1186 3674 Ἐλληνίζειν;
1220 3601 1338 3658 εἷ’πέ
1387 3622 1501 3677 μοι·
1533 3601 1587 3657 τί
1638 3599 1733 3673 δέ;
1780 3602 1842 3658 οὐ
1892 3608 2023 3658 Φοι-

2212 3606 2368 3660 136
2399 3603 2561 3661 CVII.
2595 3606 2699 3661 Dic
2728 3605 2911 3662 mihi:
2974 3610 3145 3662 tuum
3188 3610 3278 3663 est
3321 3607 3617 3666 Graecari?
3647 3610 3796 3674 Quid

358 3694 535 3750 νίκων
557 3695 625 3748 τὰ
654 3692 990 3769 γράμματα;
1025 3693 1101 3755 ὡς
1134 3690 1190 3747 δέ
1235 3714 1397 3759 τινες,
1458 3692 1808 3768 Δίγυπτίωνς
1850 3695 1884 3761 ἢ
1924 3698 2030 3748 τῶν

360 3780 447 3838 ἔτι
527 3781 735 3837 τούτων
806 3784 1128 3859 σοφωτέρων
1204 3776 1505 3853 Ἐϐραιων;
1584 3781 1637 3835 οἳ
1720 3782 1810 3836 καὶ
1866 3780 2030 3853 πλαξὶ

1458 3871 1551 3925 τὸν
1632 3870 1801 3942 νόμον
1889 3871 2023 3946 παρὰ

2143 3872 2359 3927 tiorum
2401 3871 2799 3941 Hebraeorum,
2841 3873 2941 3945 qui
2991 3873 3170 3929 etiam
3201 3874 3386 3947 legem
3419 3876 3476 3931 in
3514 3877 3735 3933 tabulis
3768 3897 3801 3934 a

361 3872 767 3948 θεοχαράκτοις
850 3869 1180 3949 ἐγγραφῆναι
1258 3873 1370 3945 (47)

362 4099 515 4147 πως,
546 4102 573 4129 ‹‹
596 4080 833 4152 partim,
857 4079 1310 4151 quadamtenus.
1340 4102 1368 4128 »
1394 4078 1597 4134 Billius
1629 4079 1686 4133 in
1711 4079 1832 4137 haec
1852 4081 2030 4137 verba

364 4152 641 4208 observat
686 4152 1033 4223 Gregorium
1082 4152 1205 4205 haec
1244 4157 1575 4206 mutuatum
1610 4152 1789 4207 videri
1842 4169 1874 4207 a
1922 4158 2027 4207 Lu-

360 4223 561 4289 ciano,
596 4224 693 4278 ubi
723 4223 826 4278 lib.
865 4225 935 4278 De
962 4224 1230 4280 conscrib.
1264 4224 1393 4278 hist.
1447 4223 1775 4278 salsissime
1825 4225 2032 4280 irridet

355 4295 850 4367 inneptissimum
880 4295 1180 4367 hominem
1213 4295 1738 4367 sesquipedalium,
1778 4296 2031 4353 exoleto-

351 4384 499 4427 rum
516 4366 588 4424 iet
634 4366 1220 4422 Demosthenicorum
1261 4366 1572 4424 verborum
1605 4368 2031 4437 aﬂ'ectatorem,

356 4440 470 4513 qui
506 4439 927 4513 sibifacundia
954 4438 1401 4495 Demosthenem
1439 4456 1672 4512 aequare
1700 4441 2030 4511 videbatur,

356 4509 529 4585 quod
555 4509 716 4585 illius
745 4511 939 4585 verbis
972 4514 1251 4567 uteretur.

443 4584 555 4654 (35)
585 4578 775 4635 Τᾶλλα
806 4579 884 4653 δέ,
936 4587 1044 4656 etc.
1097 4585 1325 4656 Caetera:
1371 4599 1504 4638 vero
1561 4583 1848 4640 dictiones
1898 4584 2038 4656 reji-

359 4654 605 4712 ciantur
629 4661 683 4709 et
712 4670 817 4724 pro
849 4654 1065 4724 spuriis
1096 4654 1443 4710 habeantur.

443 4727 554 4798 (36)
588 4725 944 4801 Κυνόσαργες,
974 4726 1162 4801 Locus
1194 4731 1319 4783 erat
1358 4726 1599 4783 Athenis
1644 4725 1942 4800 ignobilis,
1973 4729 2033 4784 in

363 4813 548 4869 quem
577 4798 763 4869 spurii
796 4798 1279 4869 conjiciebantur.

442 4869 556 4940 (37)
586 4866 686 4921 Καὶ
744 4866 955 4930 ἁπλῶς.
1009 4872 1144 4935 Quae
1193 4874 1524 4940 sequuntur
1573 4885 1756 4940 usque
1786 4869 1855 4924 ad
1916 4871 2037 4925 haec

1328 4958 1418 5015 eg.
1455 4944 1617 5011 hu,et
1645 4943 1705 4996 in
1737 4941 1875 4996 edit.
1899 4942 2030 4998 Ald.
2065 4945 2113 5011 D

366 4941 569 5007 verba,
591 4944 752 5014 ’Έχει
781 4946 907 5015 γάρ,
940 4942 1155 4997 desunt
1184 4941 1244 4996 in

369 5016 430 5066 et
460 5011 590 5066 Her.

369 5016 430 5066 et
460 5016 590 5068 Her.

585 5081 756 5159 Τύχῃ..
790 5082 952 5159 Coll).
985 5085 1040 5159 3,
1073 5088 1131 5139 et
1149 5086 1364 5159 _Comb.
1388 5084 1575 5159 τύχοι.

444 5154 554 5225 (39)
585 5154 843 5217 Τελέίως,
877 5156 1051 5212 Savil.
1085 5154 1391 5217 τελείωσις.

444 5159 534 5225 (39
585 5159 843 5217 Τελείως;
877 5159 1051 5212 Savil.
1085 5159 1391 5217 τελείωσις.

438 5159 554 5300 (40)
585 5226 650 5280 Εἰ
713 5225 806 5299 μέν
852 5227 951 5303 Δκαὶ
995 5226 1133 5303 θεῖαί
1189 5228 1329 5289 τινές
1378 5226 1479 5303 εἶσι
1529 5227 1721 5303 φωναί2
1755 5231 1865 5303 etc.
1930 5227 2035 5283 Hic

366 5305 567 5368 poetas
597 5316 666 5354 ac
694 5301 985 5371 praecipue
1018 5301 1355 5366 Homerum,
1388 5300 1654 5371 aliosque
1699 5300 2034 5355 fabularum

372 5376 685 5444 amatores,
711 5373 811 5444 qui
843 5373 959 5428 diis
989 5389 1157 5429 voces
1187 5372 1605 5438 attribuehant,
1639 5371 1843 5426 irridet
1892 5375 2035 5426 Gre-

369 5442 589 5510 gorius.
627 5444 689 5499 In
724 5442 1062 5517 exemplum
1094 5444 1316 5517 profert
1346 5444 1635 5516 quasdam
1665 5445 2036 5517 deorum_vo-

371 5527 491 5588 c_es,
523 5531 669 5585 quas
699 5514 1151 5588 ipseHomeriis
1183 5514 1381 5583 tinxit,
1404 5532 1614 5587 nempe
1645 5536 1673 5588 ς(
1701 5514 2036 5588 Moly,Xan-

369 5583 558 5669 thum:
575 5592 631 5642 et
658 5583 1017 5669 (lli—alcidem,
1051 5605 1309 5669 quarum
1339 5583 2033 5669 pri_ma,)3_inquitlj31ias,

372 5674 406 5707 α
438 5657 605 5733 ξαὰῖκ
630 5659 831 5733 stirpis
864 5657 1177 5733 cujusdam
1221 5657 1357 5733 εει(
1390 5658 1568 5733 altera
1597 5657 1831 5726 ﬂuvius,
1864 5660 2037 5714 tertia

362 5728 643 5804 avis,‘his
670 5728 865 5788 verbis
896 5728 1090 5787 utens:
1119 5732 1275 5804 Moly
1295 5732 1449 5787 hanc
1480 5731 1560 5785 dii
1579 5735 1791 5804 vocant
1820 5746 2035 5804 :quem

358 5800 666 5861 Xanthum
701 5805 783 5861 dii
815 5800 1323 5879 vocant,homines
1355 5808 1554 5860 autem
1580 5800 2032 5861 Scamandrum:

2139 3698 2335 3749 autem
2357 3694 2384 3748 ?
2412 3693 2616 3749 Nonne
2641 3694 2979 3750 thnicum
3004 3701 3145 3750 sunt
3171 3695 3397 3762 litterae,
3425 3698 3534 3764 vel,
3564 3703 3625 3753 ut
3650 3717 3795 3754 non-

2141 3782 2321 3837 nullis
2351 3781 2560 3853 placet,
2594 3784 3015 3854 ;‘Egyptiorum,
3048 3794 3147 3841 aut
3194 3785 3283 3840 his
3333 3787 3526 3842 adhuc
3560 3789 3798 3859 sapien-

2137 4079 2469 4137 Chalcidem
2503 4079 2581 4133 dii
2613 4085 2842 4157 vocant,
2879 4079 3147 4157 homines
3178 4088 3374 4157 autem
3406 4084 3736 4157 Cymindin.
3771 4109 3801 4139 ››

2139 4161 2247 4209 etc.
2280 4157 2409 4207 Hier:
2442 4158 2527 4206 est
2555 4169 2686 4218 ergo
2718 4154 2975 4223 Gregorii
3011 4156 3339 4210 sententia:
3400 4154 3469 4209 si'
3501 4174 3627 4228 quae
3661 4167 3801 4216 sunt

2139 4229 2382 4281 deorum
2417 4240 2607 4293 voces,
2645 4230 2708 4279 ut
2738 4231 2995 4295 nugatur
3017 4230 3323 4293 Homerus,
3352 4245 3547 4283 meum
3575 4248 3689 4285 non
3714 4238 3803 4287 est

2143 4297 2547 4370 pronuntiare.
2583 4297 2746 4372 Quod
2781 4304 2975 4354 autem
3010 4300 3079 4353 ad
3116 4299 3384 4355 homines
3416 4303 3803 4372 pertinet,nec

2140 4368 2269 4444 vox,
2304 4386 2408 4444 nec
2440 4386 2533 4444 ars
2568 4368 2688 4444 ulla
2716 4371 3067 4441 cujusquam
3102 4373 3337 4444 propria
3365 4368 3475 4441 est,
3502 4376 3599 4430 sed
3635 4368 3804 4431 cuili-

2146 4443 2243 4497 bet
2271 4441 2486 4514 volgenti
2520 4441 2590 4495 ad
2619 4458 2791 4514 usum
2828 4459 2992 4513 neque
3024 4441 3204 4514 patet.

2218 4514 2330 4582 (41)
2361 4511 2956 4585 ’Exrropeudpsv1t.lta
2988 4511 3125 4585 Heg.
3180 4515 3217 4580 l,
3247 4516 3403 4570 Colb.
3464 4518 3517 4582 3,
3552 4517 3715 4576 Pass.
3750 4523 3806 4574 et

2145 4583 2529 4662 Com_h._l£diti
2560 4600 2694 4662 vero
2727 4584 3018 4662 et__plu_res
3053 4583 3231 4662 mss,
3254 4586 3622 4662 ἐκπορεύεται.

2216 4656 2330 4727 (42)
2362 4652 2622 4727 Χεόμεναί
2652 4674 2731 4711 τε.
2764 4652 2855 4709 Sic
2886 4657 3049 4711 Pass.
3076 4661 3243 4711 Deest
3269 4677 3327 4711 τε
3356 4652 3413 4713 in
3449 4660 3587 4717 edit.

2216 4674 2330 4727 (az)
2362 4674 2622 4779 Ᾱεοέιεναι
2652 4674 2731 4711 τε.
2764 4674 2855 4709 διο
2886 4674 3049 4711 rasa.
3076 4674 3243 4711 Deest
3269 4677 3327 4711 τε
3356 4676 3413 4713 1n
3449 4674 3587 4717 emt.

2214 4728 2328 4795 (43)
2358 4726 2427 4781 Ἢ
2497 4725 2566 4778 tot.
2602 4727 2697 4782 Sic
2728 4728 2939 4799 Oxon,
2971 4728 3239 4799 hancque
3289 4729 3597 4786 lectionem
3629 4734 3805 4791 verba

2143 4800 2405 4871 proxime
2426 4799 2733 4873 sequentia
2753 4798 3073 4873 postulant,
3109 4798 3571 4873 quamvisediti,
3604 4808 3663 4859 et
3682 4822 3806 4862 om-

2146 4869 2249 4926 nes
2283 4888 2429 4941 quos
2452 4871 2710 4927 vidimus
2736 4869 2965 4927 codices
2998 4869 3254 4927 habeant
3286 4869 3337 4925 o’i
3381 4870 3490 4931 διά.

2216 4944 2333 5022 (44)Δ
2359 4941 2683 5022 ῌρρομέν-ων
2718 4941 2910 5022 μόνον..
2939 4944 3129 5022 Regg._
3152 4945 3273 5010 bm,
3333 4962 3389 5015 q,
3442 4962 3507 5022 Ε,
3554 4945 3803 5022 ᾉςρραμὲ-

2144 5034 2272 5094 νων.
2309 5015 2419 5070 Alii
2440 5014 2567 5071 'duo
2602 5017 2804 5089 Regg.,
2842 5014 3051 5087 μόνωνῖ
3067 5014 3402 5088 Ἠῐῐιειωῳλο
3435 5014 3651 5076 Savilio
3682 5014 3805 5094 pla-

2147 5092 2257 5142 cet.

2216 5159 2330 5229 (45)
2372 5158 2795 5228 Συντεταμένος,
2861 5159 2895 5227 ἢ
2946 5156 3245 5229 ἀνειμένος.
3285 5160 3366 5216 ita
3443 5179 3650 5219 omnes
3710 5182 3804 5220 uo-

2146 5208 2328 5291 dices:
2361 5208 2795 5311 fatenteiitontj.’
2838 5208 3167 5311 qiii__tamen
3210 5232 3430 5301 mallet,
3474 5238 3808 5311 cev-terant-

2144 5321 2261 5371 νης,
2312 5309 2402 5357 etc
2435 5345 2473 5375 ,ν
2501 5304 2599 5357 sed
2652 5304 2892 5375 perinde
2922 5304 3159 5375 dicitur,
3203 5325 3229 5355 α
3260 5320 3442 5360 sonus
3472 5304 3743 5364 intensus
3778 5331 3805 5358 »

2145 5380 2247 5429 aut
2277 5396 2303 5421 ‹‹
2334 5374 2700 5445 remissus,»
2739 5379 2804 5429 ut
2834 5397 2861 5425 «
2897 5374 3115 5429 chorda
3147 5375 3380 5434 intensa
3412 5400 3440 5429 »
3481 5384 3583 5435 aut
3630 5402 3660 5431 «
3712 5397 3806 5436 re-

2145 5462 2349 5501 missa.
2386 5470 2405 5496 ι

2216 5518 2328 5593 (4.6)
2381 5513 2641 5593 Eine-mh.
2704 5517 2997 5593 Mendose
3044 5517 3105 5572 in
3168 5518 3336 5577 Herv.
3397 5519 3611 5593 ἀρετήν.
3672 5525 3809 5589 Qum

2216 5534 2328 5588 (4ο)
2381 5534 2641 5641 nuper-qv.
2704 5534 2980 5572 mendose
3044 5535 3105 5572 1n
3168 5534 3336 5577 nerv.
3397 5534 3611 5593 ἀρετήν.
3672 5534 3808 5589 Qum

2146 5588 2716 5716 ﬁgtlipacﬁpiégtenus
2767 5588 3001 5644 defendi
3055 5594 3268 5662 potest,
3329 5594 3617 5666 quidquid
3652 5594 3808 5649 dicat

2209 5677 2560 5715 ODIROUIIUS.

2216 5733 2329 5803 (47)
2368 5729 2770 5809 Θεοχαράκτοις
2818 5729 3178 5809 ἐγγραφῆναι.
3236 5735 3456 5807 Malim,
3512 5758 3540 5785 ‹‹
3589 5734 3802 5790 divinis

2145 5803 2586 5861 characteribus
2618 5803 2939 5863 exaratam.
2975 5829 3000 5863 ι
