4028 6410
299 403 426 470 649

1306 397 1599 467 ORATIO
1643 405 1747 469 IV.
1781 439 1859 453 -—
1889 406 2200 468 CONTRA
2251 405 2648 468 JULIANUM
2694 405 2742 467 Ι.

3617 410 3741 471 650

295 539 412 597 εἴτε
440 541 577 611 ἡμῖν
612 535 829 612 κέρδος,
862 541 979 599 τοῖς
1013 536 1214 592 ἐκείνου
1240 558 1298 591 τε
1339 540 1451 609 (87)
1480 537 1565 592 καὶ
1615 543 1721 593 τῶν
1773 538 1966 593 ἐκείνοι

2094 539 2393 611 prodierit,
2427 541 2783 598 constituere
2815 555 3056 611 nequeo,
3099 557 3240 599 num
3281 545 3340 601 id
3371 547 3539 603 nobis
3573 544 3739 600 lucro

295 637 496 694 θᾶττον
526 625 1011 701 ἀπηλλαγμένοις,
1047 626 1155 681 εἶτε
1183 631 1260 698 τῷ
1291 626 1620 702 προελθόντι,
1665 627 1828 703 μέχρι
1872 635 1971 697 τῆς

296 719 637 797 ὀνειρώξεως
664 735 677 747 ·
715 713 935 791 ἐδείχθη
975 715 1080 792 γὰρ
1115 715 1176 770 ἂν
1225 713 1348 770 τίνα
1399 717 1492 790 μὲν
1543 716 1841 792 ἀνθρώπων
1891 737 1972 772 κι-

292 812 540 883 νήματα,
572 806 691 861 τίνα
723 803 781 861 δὲ
811 808 1071 876 πιθηκωο
1112 807 1430 879 μιμήματα.
1487 806 1636 862 Ἐπεὶ
1684 805 1774 861 καὶ
1821 807 1968 861 νῧτοι

302 899 585 974 μιμεῖσθαι
644 898 761 970 (88)
821 895 915 970 μὲν
980 893 1226 970 λέγονται
1288 899 1395 948 τῶν
1458 894 1808 969 ἀνθρωπίνων
1852 893 1972 948 τινὰ

313 987 726 1061 δελεασμάτων,
804 986 1152 1060 κακοτέχνως
1234 982 1639 1059 προτιθεμένων
1672 1005 1684 1018 ·
1754 983 1971 1046 τούτοις

307 1080 493 1152 μέντοι
547 1073 637 1131 καί
689 1074 1031 1144 ἁλίσκονται,
1081 1075 1156 1147 μὴ
1203 1071 1504 1148 δυναμένης
1553 1072 1812 1142 ἐξικέσθαι
1861 1076 1967 1145 (9)

299 1171 403 1223 τοῦ
432 1166 710 1241 ἡμετέρου
757 1168 926 1239 σοφοῦ
952 1171 1053 1234 τῆς
1090 1165 1398 1237 μιμήσεως.
1459 1161 1537 1218 Ού
1592 1163 1694 1238 γὰρ
1756 1161 1966 1235 μᾶλλον

295 1256 472 1318 ἵππος
518 1253 821 1324 Θεσσαλικὴ
881 1255 1016 1328 (90),
1074 1252 1164 1306 καὶ
1212 1254 1344 1327 γυνὴ
1409 1249 1828 1324 Λακεδαιμονία,
1881 1253 1969 1306 καὶ

306 1344 496 1420 ἄνδρες
557 1345 610 1400 οἱ
659 1350 760 1414 τῆς
818 1342 1152 1419 Ἀρεθούσης
1200 1342 1466 1412 πίνοντες,
1530 1342 1642 1396 οἷον
1691 1339 1757 1409 δὴ
1822 1340 1969 1417 λέγω

311 1433 667 1505 Σικελιώτας,
715 1432 792 1494 ὡς
854 1433 882 1486 ὁ
934 1431 1060 1507 περὶ
1110 1431 1286 1486 αὐτῶν
1341 1431 1620 1507 χρησμὸς,
1677 1431 1740 1484 τὸ
1789 1426 1968 1504 ἔκκρι-

310 1545 401 1578 τον
461 1523 572 1596 (91)
631 1523 735 1576 τῶν
783 1523 1068 1597 ὁμογενῶν
1116 1519 1359 1596 ἔχουσιν,
1510 1525 1860 1594 Χριστιανοῖς
1905 1522 1972 1576 τὰ

307 1617 530 1668 τοιαῦτα
558 1609 650 1682 ἔθη
679 1631 738 1666 τε
763 1610 851 1665 καὶ
885 1612 1312 1684 νομοθετήματα
1351 1614 1456 1664 τῶν
1507 1607 1969 1683 πρεπωδεστάτων

311 1705 426 1776 (92)
457 1701 588 1757 ἐστι·
622 1700 712 1755 καὶ
744 1700 834 1755 οἷά
861 1699 948 1755 ὑπ’
979 1697 1200 1762 οὐδενὸς
1233 1699 1292 1754 ἂν
1327 1697 1503 1754 ἄλλου
1530 1697 1846 1770 ζηλωθέντα
1862 1705 1970 1755 τῶν

307 1794 446 1865 ἡμῖν
487 1787 701 1846 ἔπεσθαι
766 1788 1158 1865 βουλομένων’
1224 1786 1411 1856 ἐπειδὴ
1478 1790 1553 1861 μή
1610 1789 1970 1865 ἀνθρωπίναις

307 1879 572 1973 έπινοίαις
627 1881 741 1953 (93)
805 1877 1016 1954 μᾶλλον
1054 1880 1087 1949 ἢ
1117 1877 1232 1951 θείᾳ
1263 1876 1487 1952 δυνάμει
1519 1878 1608 1932 καὶ
1643 1878 1846 1954 χρόνου
1882 1880 1970 1955 βει-
2000 1909 2048 1973 Β

310 1965 562 2041 ϐαιότητι
592 1969 659 2024 τὰ
687 1973 910 2024 τοιαῦτα
941 1971 1055 2043 (94)
1086 1968 1383 2039 νενίκηκεν.

2081 635 2256 702 atque
2288 632 2527 688 utilitati
2558 632 2963 704 deputandum
2995 631 3097 701 sit,
3129 634 3347 708 quippe
3379 638 3503 710 qui,
3544 641 3602 692 et
3628 634 3730 691 illo

2081 725 2136 774 et
2161 719 2320 777 illius
2342 722 2666 778 sceleribus
2687 721 2862 777 citius
2883 721 3144 778 defuncti
3178 724 3364 781 simus
3391 744 3404 795 ;
3438 743 3512 781 an
3534 729 3738 782 contra

2080 808 2187 878 illi,
2217 811 2316 882 qui
2350 829 2466 868 non
2499 812 2658 869 ultra
2689 811 3063 885 cogitationis
3093 814 3399 871 somnium
3441 831 3738 887 processe-

2082 899 2177 955 rit.
2208 900 2452 972 Liquido
2484 901 2640 958 enim
2673 890 3238 975 patuisset-quinam
3267 903 3580 960 hominum
3614 920 3738 959 mo-

2079 993 2198 1058 tus,
2221 995 2277 1046 et
2299 1008 2567 1063 quisnam
2592 992 2903 1049 simiarum
2930 992 3290 1050 imitationes
3314 993 3451 1050 sint.
3479 994 3626 1053 Nam
3647 991 3737 1049 hae

2080 1096 2314 1152 quoque
2343 1081 2603 1138 humana
2634 1083 2927 1153 quaedam,
2977 1081 3267 1139 illecebris
3316 1084 3474 1140 vafre
3525 1098 3735 1155 propo-

2080 1170 2234 1238 sitis,
2276 1171 2498 1227 imitari
2549 1172 2875 1240 dicuntur;
2923 1189 3129 1228 verum
3182 1190 3287 1245 per
3333 1173 3455 1228 haac
3504 1186 3740 1244 quoque

2078 1258 2208 1330 ipsa
2232 1261 2586 1333 produntur,
2612 1262 2766 1334 quod
2798 1261 3097 1317 solertiam
3124 1266 3387 1318 nostram
3411 1261 3741 1318 imitatione

2080 1349 2317 1420 assequi
2341 1367 2458 1406 non
2481 1355 2750 1423 possunt.
2776 1351 2976 1422 Neque
2999 1351 3156 1408 enim
3181 1351 3371 1423 magis
3392 1368 3544 1424 equa
3563 1350 3743 1407 Thes-

2081 1437 2230 1505 sala,
2279 1442 2335 1494 et
2383 1439 2596 1495 mulier
2645 1441 2904 1507 Lacaena,
2952 1445 3010 1496 et
3046 1440 3155 1496 viri
3187 1440 3489 1498 Arethusae
3520 1457 3738 1513 aquam

2082 1527 2368 1595 bibentes,
2422 1528 2530 1584 hoc
2579 1533 2687 1597 est,
2739 1529 2944 1598 Siculi,
2998 1534 3062 1585 ut
3091 1531 3204 1586 fert
3233 1531 3458 1587 editum
3489 1531 3562 1586 de
3591 1529 3742 1602 ipsis

2083 1616 2410 1684 oraculum,
2436 1617 2764 1690 principem
2787 1620 2942 1675 inter
2961 1636 3083 1691 eos,
3098 1619 3201 1692 qui
3221 1621 3486 1690 ejusdem
3507 1621 3744 1692 generis

2083 1710 2246 1773 sunt,
2299 1707 2536 1764 laudem
2588 1709 2877 1780 obtinent,
2922 1726 3100 1781 quam
3129 1709 3475 1781 hujusmodi
3506 1709 3658 1766 ritus
3686 1714 3745 1766 et

2084 1796 2416 1853 sanctiones
2446 1796 2797 1854 Christianis
2824 1798 3130 1870 aptissime
3160 1803 3530 1872 congruunt:
3564 1798 3741 1855 tales-

2083 1902 2196 1957 que
2227 1890 2389 1955 sunt,
2415 1891 2479 1943 ut
2510 1886 2714 1943 nullus
2746 1904 2951 1944 eorum
2984 1887 3086 1961 qui
3115 1888 3379 1960 vestigiis
3413 1887 3629 1944 nostris
3659 1888 3746 1942 in-

2079 1974 2287 2032 sistere
2309 1977 2573 2048 cupiunt,
2596 1994 2694 2032 eas
2722 1976 2981 2032 aemulari
3007 1979 3229 2050 possit:
3258 1977 3737 2049 quandoquidem

313 2083 430 2122 non
479 2064 668 2138 magis
727 2063 1002 2120 humanis
1063 2060 1320 2133 ingeniis
1372 2063 1547 2133 atque
1603 2059 2063 2133 inventionibus,
2119 2083 2299 2138 quam
2356 2066 2410 2123 vi
2470 2066 2667 2124 divina
2715 2067 3117 2140 temporisque
3164 2069 3438 2127 ﬁrmitate
3480 2069 3741 2142 vigorem

309 2158 535 2229 adepta;
566 2159 727 2213 sunt.

379 2245 519 2303 PII".
565 2239 734 2300 Οὐδὲν
780 2238 837 2295 δὲ
882 2241 992 2294 οἷον
1044 2239 1133 2294 καὶ
1183 2238 1283 2308 τήν
1317 2237 1612 2311 θαυμασίαν
1643 2242 1749 2313 (95)
1798 2241 1973 2297 αὐτῶν

302 2331 501 2404 ταύτην
553 2331 854 2387 ἀνάπλασιν
901 2332 1016 2404 (96)
1061 2331 1094 2398 ἢ
1127 2325 1459 2402 μετάπλασιν
1514 2327 1589 2390 ὡς
1622 2328 1710 2382 ἐπὶ
1765 2338 1973 2400 σκηνῆς

309 2425 580 2501 θεωρῆσαι
628 2422 717 2476 καὶ
765 2422 1094 2493 καταμαθεῖν
1147 2420 1284 2493 (97),
1320 2417 1402 2480 τίς
1440 2418 1532 2490 μὲν
1565 2418 1622 2472 ἂν
1674 2419 1740 2487 ἧν
1798 2423 1912 2492 (98)
1944 2421 1972 2476 ὁ

305 2519 405 2582 τῆς
436 2509 784 2573 διδασκαλίας
814 2509 1017 2587 τρόπος
1048 2507 1310 2573 αύτοῖς,τί
1343 2505 1400 2562 δὲ
1430 2509 1491 2562 τὸ
1522 2508 1688 2583 πέρας
1718 2513 1824 2563 τῶν
1857 2531 1972 2564 συν-

314 2599 598 2658 ελεύσεωψ
630 2599 723 2674 ἵν’,
758 2600 787 2655 ὅ
819 2621 952 2679 φησι
983 2597 1210 2654 Πλάτων
1243 2597 1367 2673 περὶ
1407 2605 1509 2668 τῆς
1561 2596 1611 2652 ἐν
1663 2597 1812 2675 λόγῳ
1870 2599 1971 2655 πό-

313 2689 474 2765 λεως,
537 2689 738 2765 ἴδωμεν
793 2687 1116 2763 κινουμένην
1173 2689 1288 2761 (99)
1337 2686 1514 2742 αὐτῶν
1571 2689 1669 2756 τὴν
1707 2688 1968 2748 ἐπίνοιαν.

309 2781 400 2844 Εἷς
467 2779 562 2836 δύο
610 2782 712 2855 γὰρ
761 2784 930 2834 ταῦτα
986 2776 1327 2854 διῃρημένης
1385 2778 1562 2846 πάσης
1623 2778 1967 2856 φιλοσοφίας,

311 2870 538 2947 θεωρίαν
586 2892 645 2926 τε
692 2867 839 2944 λέγω
887 2869 976 2922 καὶ
1023 2869 1251 2942 πρᾶξιν·
1282 2865 1372 2922 καί
1400 2875 1502 2936 τῆς
1551 2868 1643 2939 μὲν
1699 2867 1969 2942 ὑψηλοτέ-

317 2977 411 3033 ρας
466 2958 655 3029 οὕσης,
705 2955 1102 3031 δυστεκμάρτου
1181 2954 1281 3011 δέ·
1359 2963 1459 3027 τῆς
1535 2954 1592 3010 δὲ
1663 2961 1971 3014 ταπεινοτέ-

317 3066 411 3121 ρας
450 3049 556 3120 (1),
609 3045 1034 3123 χρησιμωτέρας
1093 3043 1183 3100 δέ’
1243 3049 1377 3120 ἡμῖν
1435 3047 1528 3120 μὲν
1562 3047 1842 3124 ἀμφότερα
1900 3045 1968 3103 δι’

312 3134 581 3207 ἀλλήλων
638 3133 953 3209 εὐδοκιμεῖ·
1018 3135 1105 3189 καὶ
1167 3137 1266 3212 γὰρ
1338 3137 1566 3213 θεωρίαν
1633 3136 1970 3212 συνέκδημον

307 3226 444 3302 πρὸς
499 3225 567 3280 τὰ
614 3224 816 3281 ἐκεῖθεν
863 3227 940 3299 (2)
990 3223 1311 3299 ποιούμεθα,
1366 3226 1454 3280 καὶ
1504 3228 1692 3300 πρᾶξιν
1741 3228 1968 3304 θεωρίας

2157 2245 2344 2302 CXIII.
2397 2245 2516 2302 Nec
2567 2263 2700 2303 vero
2751 2247 3078 2318 quidquam
3127 2248 3496 2306 commodius
3546 2248 3743 2320 fuerit,

2084 2353 2260 2406 quam
2293 2336 2704 2392 admirandam
2738 2337 2893 2394 hanc
2923 2354 3127 2394 eorum
3159 2338 3476 2409 ﬁctionem,
3508 2338 3597 2395 vel
3641 2355 3742 2412 po-

2084 2424 2203 2480 tius
2252 2425 2741 2494 transﬁctionem,
2787 2429 3072 2498 tanquam
3117 2427 3178 2484 in
3229 2444 3406 2484 scena
3456 2431 3741 2501 spectare,

2083 2518 2256 2585 atque
2288 2531 2661 2587 cognoscere,
2694 2520 2822 2571 tum
2877 2533 3006 2588 quas
3055 2517 3318 2590 ipsorum
3367 2518 3429 2574 in
3480 2518 3739 2575 docendo

2083 2604 2255 2673 ratio,
2281 2609 2407 2659 tum
2432 2603 2562 2676 quis
2587 2608 2981 2661 conventuum
3005 2606 3141 2662 linis
3164 2610 3358 2664 esset:
3383 2611 3466 2679 ut,
3494 2607 3649 2679 quod
3671 2607 3743 2663 de

2083 2693 2313 2748 civitate
2345 2693 2448 2750 illa
2482 2694 2538 2748 in
2570 2694 2764 2750 verbis
2795 2693 2911 2751 sita
2948 2695 3113 2752 Plato
3146 2696 3358 2769 inquit,
3399 2706 3554 2754 motu
3585 2698 3740 2754 I40

2078 2783 2380 2854 praeditum
2411 2801 2616 2839 eorum
2649 2783 2963 2839 consilium
3005 2784 3384 2857 aspiciamus.
3419 2786 3567 2843 Nam
3599 2803 3736 2841 cum

2080 2876 2204 2927 tota
2228 2872 2601 2944 philosophia
2631 2872 2688 2927 in
2713 2873 2861 2929 duas
2890 2878 3109 2946 partes,
3130 2874 3240 2930 hoc
3261 2878 3370 2945 est,
3390 2875 3450 2930 in
3481 2879 3741 2932 contem-

2080 2960 2398 3033 plationem
2448 2967 2504 3018 et
2552 2962 2867 3031 actionem,
2901 2963 3085 3020 divisa
3114 2965 3192 3020 sit
3220 2982 3233 3033 ;
3269 2981 3521 3036 quarum
3554 2964 3738 3021 altera

2081 3057 2145 3107 ut
2165 3051 2498 3120 sublimior,
2523 3051 2604 3108 ita
2629 3051 2955 3122 difﬁcilior;
2984 3052 3170 3110 altera
3189 3053 3470 3111 humilior
3491 3054 3732 3127 quidem

2082 3145 2257 3212 atque
2306 3141 2608 3212 abjectior,
2649 3146 2924 3197 caeterum
2976 3143 3371 3213 fructuosior;
3420 3145 3576 3216 apud
3626 3161 3734 3200 nos

2083 3235 2331 3301 utraque
2379 3229 2620 3286 alterius
2673 3247 2779 3302 ope
2830 3235 3005 3304 atque
3055 3232 3398 3304 adjumento
3444 3233 3632 3290 ﬂoret.
3667 3232 3738 3289 Ut

374 3353 488 3435 (87)
521 3350 760 3409 Ἐκείνου
793 3371 869 3408 τε.
900 3353 992 3409 Sic
1024 3352 1290 3425 plerique
1320 3354 1571 3410 codices.
1614 3356 1787 3410 Deest
1813 3375 1872 3408 τε
1903 3355 1962 3411 in

2092 3372 2196 3435 nec
2253 3371 2486 3435 quoque
2536 3354 2767 3435 (simiae)
2815 3357 3107 3414 humanas
3137 3361 3444 3435 quasdam
3478 3360 3736 3435 actiones

299 3425 443 3482 edit.

375 3497 490 3569 (88)
522 3498 849 3570 Μιμεῖσθαι.
886 3496 1048 3570 Pass.
1082 3494 1301 3570 aliique
1360 3496 1651 3570 nonnulli,
1685 3515 1792 3570 σχη
1807 3495 1968 3570 ματί-

303 3567 522 3642 (esset.
562 3567 1074 3642 Lecusidifﬁcilis,
1126 3567 1323 3642 inquit
1390 3567 1817 3642 Montacutiu's,’
1869 3571 1966 3642 qui

298 3658 411 3697 nec
441 3641 578 3696 Eliae
611 3657 716 3696 nec
748 3640 901 3696 Billii
941 3641 1147 3711 probat
1179 3640 1966 3708 interpretationemNerum

298 3713 532 3769 fallitur
560 3713 974 3781 Montacutius,
998 3713 1138 3766 dum
1159 3713 1675 3784 putatGregorium
1694 3713 1967 3769 allusisse

298 3787 372 3841 ad
412 3784 748 3852 Historiam,
784 3785 853 3839 de
884 3801 1000 3855 qua
1028 3789 1330 3856 Nyssenus
1369 3783 1429 3839 in
1469 3783 1605 3840 'Vz'ta
1651 3785 1846 3855 Moysz’s
1895 3787 1966 3841 de

296 3856 686 3929 simiisregis
713 3855 1135 3929 Egyptiorum.
1176 3855 1430 3929 Historia
1460 3872 1715 3926 namque
1746 3857 1817 3911 de
1849 3874 1966 3928 qua

297 3930 398 3985 hic
433 3928 649 4001 agitur,
708 3928 804 4001 ea’
828 3932 916 3983 est
971 3928 1041 3982 de
1098 3945 1212 3999 qua
1249 3928 1571 3999 Nyssenus,
1606 3945 1719 3982 non
1752 3930 1814 3982 in
1848 3931 1966 3984 Vita

296 3999 541 4072 Moysis,
572 4001 672 4056 sed
719 3999 778 4054 in
828 4004 1082 4055 tractatu
1139 4001 1216 4054 De
1263 4001 1489 4055 nomine
1536 4005 1587 4054 et
1623 4003 1967 4069 professio-nc

300 4072 626 4128 Christiana
653 4072 725 4127 ad
755 4073 1143 4143 Harmoniam,
1167 4076 1210 4125 t.
1248 4072 1346 4138 Ill,
1379 4088 1435 4143 p.
1483 4073 1589 4125 268
1619 4076 1675 4126 et
1704 4073 1828 4138 269,
1865 4073 1963 4127 ubi

299 4160 427 4200 non
451 4145 519 4199 de
541 4144 726 4200 simiis
749 4144 904 4215 regis
919 4141 1460 4215 Egyptiorumqa‘ed
1487 4145 1559 4198 de
1582 4143 1753 4198 simia
1785 4145 1966 4200 circu-

297 4215 511 4272 latoris
541 4214 851 4288 cujusdam
883 4219 940 4271 et
967 4214 1410 4288 praestigiatoris
1441 4215 1874 4272 Alexandrini.«
1912 4218 1964 4273 Is

295 4287 641 4357 circulator,
672 4309 701 4339 »
737 4293 802 4343 ut
831 4291 1032 4342 narrat
1062 4287 1383 4358 Nyssenus,
1437 4309 1463 4336 «
1515 4294 1851 4344 exercuerat
1898 4307 1963 4344 ac

293 4363 585 4417 docuerat
614 4359 945 4425 simiam,ut
973 4358 1231 4429 agilitate
1263 4360 1519 4430 quadam
1551 4361 1610 4414 in
1634 4361 1883 4416 formam
1908 4366 1965 4416 et

294 4433 574 4488 habitum
595 4431 910 4512 saltatricis
925 4447 1052 4487 sese
1065 4432 1636 4512 componeret,eique
1648 4432 1964 4512 saltatricis

294 4509 662 4577 apposugerat
708 4519 1043 4577 personam,
1105 4519 1172 4559 ac
1211 4507 1454 4577 _ve_stem_
1502 4505 1967 4560 circumdederat

293 4572 578 4633 eiércitio
610 4572 1146 4632 convenientem...
1175 4572 1351 4630 simia
1387 4575 1460 4630 ad
1493 4592 1806 4631 numerum
1838 4592 1965 4632 sese

296 4648 577 4704 ﬂectebat
589 4647 1112 4718 etcontorquebat,
1143 4661 1208 4701 ac
1231 4663 1334 4717 per
1355 4647 1554 4718 omnia
1572 4663 1698 4717 quae
1717 4647 1966 4704 faciebat

293 4724 354 4777 et
381 4719 580 4775 facere
608 4717 1217 4775 videbaturmaturam
1242 4717 1740 4774 occultabat.Cum
1765 4725 1962 4775 autem

295 4791 458 4862 capti
489 4795 686 4847 essent
715 4791 796 4846 rei
826 4791 1084 4847 novitate
1133 4794 1520 4862 spectatores,
1566 4791 1800 4859 quidam
1857 4809 1964 4846 cae-

295 4861 444 4920 teris
473 4863 747 4930 astutior,
781 4862 1020 4918 simiam
1048 4861 1184 4919 esse
1225 4863 1461 4918 simiam
1510 4861 1649 4916 ludo
1707 4865 1960 4933 quodam

300 4935 582 4990 ostendit.
606 4934 1083 4991 Acclamantibus
1128 4935 1288 4990 enim
1337 4934 1566 4990 cunctis
1613 4939 1672 4988 et
1715 4935 1962 5005 applau-

301 5006 581 5063 dentibus
609 5006 858 5079 agilitati
889 5007 1095 5074 simiae,
1130 5007 1204 5062 ad
1236 5012 1476 5063 cantum
1508 5010 1563 5061 et
1613 5006 1964 5079 modulatio-

301 5093 438 5161 nem
470 5083 603 5161 apte
631 5078 1012 5161 semoventis
1041 5083 1098 5134 et
1126 5078 1963 5161 circumagentis-proﬁcitin

300 5149 605 5222 orchestra
633 5167 666 5206 θ
695 5149 958 5206 bellariis
988 5167 1058 5207 ea
1089 5168 1217 5222 qua:
1242 5149 1475 5222 talium,
1502 5149 1824 5206 bestiarum
1871 5149 1962 5222 in:

299 5221 558 5294 gluviem
596 5222 905 5278 attrahunt
935 5221 1431 5294 atque’invitant;
1465 5221 1566 5277 illa
1622 5238 1753 5278 vero
1815 5221 1960 5294 nihil

301 5293 595 5365 cunctata,
627 5300 694 5349 ut
721 5294 866 5350 vidit
894 5293 1032 5350 ante
1059 5295 1304 5349 chorum
1336 5294 1603 5364 dispersa
1632 5293 1961 5365 amygdala,

304 5363 481 5436 oblita
511 5366 840 5422 saltationis
873 5367 1127 5423 accurrit
1157 5366 1230 5421 ad
1262 5369 1413 5431 ea,et
1435 5363 1965 5436 manuum—palmis

305 5434 576 5510 collegit;
609 5454 946 5510 personam,
981 5457 1054 5495 ne
1083 5438 1506 5510 impedimento
1537 5434 1960 5510 esset,oride-

200 5529 202 5531 >
303 5507 500 5584 traxit.
546 5507 570 5584 ,ξ
605 5507 630 5566 ῖ
664 5553 676 5567 .
702 5551 735 5584 7.
771 5515 945 5583 atque
973 5513 1056 5567 ita
1077 5507 1188 5584 pro
1203 5509 1479 5584 laudibus
1497 5509 1965 5584 etadmiratione

305 5578 490 5657 risum
523 5583 755 5639 abunde
785 5578 969 5657 movit
995 5578 1452 5657 spectatoribus.
1471 5603 1512 5657 _»
1539 5581 1689 5657 ΔΗςίεο
1720 5586 1808 5636 est
1837 5598 1967 5657 nar-

305 5656 437 5706 rata
464 5671 496 5727 a
525 5659 789 5727 Nysseno
819 5652 1087 5726 historia,
1120 5652 1490 5727 quamhaud
1523 5652 1698 5727 dubie
1716 5653 1966 5727 oratoris

301 5725 493 5800 nostri
540 5724 715 5784 verba
764 5733 1034 5800 spectant
1059 5724 1078 5795 ;⁷
1125 5724 1254 5799 quas
1303 5725 1520 5800 idcirco
1553 5724 1636 5800 sic
1663 5726 1965 5800 vertenda,

297 5801 411 5871 aut
441 5798 524 5854 sic
555 5801 697 5856 verti
731 5797 905 5871 posse
930 5797 1263 5856 existimem
1290 5815 1302 5854 :
1343 5821 1363 5848 α
1401 5797 1650 5871 Liquido
1678 5797 1966 5871 enim_pa-

294 5868 861 5946 tuisset,propositis
892 5871 1048 5929 vafre
1078 5872 1434 5943 quibusdam
1453 5868 1965 5927 illecebris...Nam

589 6003 858 6064 PATBOL.
891 6002 1003 6065 Gn.
1048 5999 1296 6092 XXXV.”
1400 6015 1405 6020 ·

2081 3432 2138 3504 et
2167 3433 2366 3504 motus
2400 3427 2663 3483 aemulari
2694 3428 3010 3504 dicuntur;
3045 3427 3246 3486 verum
3279 3448 3384 3504 per
3430 3432 3574 3502 haec,
3620 3431 3740 3489 illis

2080 3499 2363 3572 nimirum
2387 3506 2594 3572 captae,
2622 3501 2973 3572 produntur.
3007 3524 3034 3552 »

2149 3573 2258 3644 (89)
2307 3569 2643 3644 ,Ἰζξικέσθαιῖ
2676 3571 2837 3644 C_olb.
2871 3574 2924 3644 3,
2953 3578 3009 3628 et
3038 3573 3203 3630 Pass.
3237 3571 3573 3642 ἐξικνεῖσθαι.

2149 3643 2486 3718 (90))Ἰππος
2535 3640 2860 3718 Θεεσαλική,
2909 3640 3031 3701 etc.
3096 3640 3324 3718 Sensus
3361 3652 3484 3701 est:
3523 3663 3736 3718 quem-

2075 3713 2395 3769 admodum
2428 3731 2579 3784 equa
2605 3714 2888 3770 Thessala
2917 3717 3140 3772 caeteris
3172 3717 3446 3772 omnibus
3479 3713 3731 3775 arilecel-

2075 3784 2176 3859 lit,
2197 3791 2253 3859 et
2279 3785 2491 3859 mulier
2513 3792 2749 3859 Lacaena
2779 3788 3056 3843 omnibus
3088 3788 3218 3844 aliis
3269 3789 3638 3859 mulieribus,
3671 3795 3730 3849 et

2075 3857 2180 3911 viri
2210 3857 2413 3928 Siculi
2472 3858 2749 3914 omnibus
2801 3859 2981 3927 viris;
3015 3861 3096 3916 ita
3125 3859 3464 3928 Christiani,
3497 3864 3556 3918 in
3591 3857 3726 3918 reli-

2073 3927 2254 4002 giosis
2289 3929 2500 3984 ritibus
2529 3933 2586 3984 et
2614 3929 3041 4002 sanctionibus,
3084 3932 3360 3989 mortales
3391 3927 3594 3991 omnes
3621 3952 3724 3992 an-

2076 4001 2372 4067 tecellunt,
2406 4016 2512 4056 nec
2543 4018 2640 4057 eos
2672 4001 2890 4074 imitari
2921 4001 3200 4074 posSibile
3230 4010 3337 4061 est.

2147 4074 2255 4149 (91)
2288 4077 2596 4149 "lingu-com
2630 4074 2791 4149 Pass.
2823 4071 3089 4148 ἔγκριτον.
3123 4081 3250 4133 Sav.
3285 4074 3571 4149 ἐξαίρετον.

2148 4142 2806 4231 (92)δΙΙρεπωδεστάτων.
2862 4142 2933 4204 Iri
2991 4149 3130 4221 Reg.
3182 4142 3600 4218 bm,vet'Mont.
3633 4167 3724 4226 γρ.

2073 4217 2552 4290 πρεπωδεστέρων.

2291 4286 2612 4368 Ἐπινοίαιῇ
2641 4289 2704 4344 In
2739 4290 2865 4368 Bill.
2900 4295 2958 4368 et
2998 4291 3250 4368 Montac:
3279 4313 3367 4368 γρ.
3406 4290 3655 4354 ἐννοίαις.

2147 4362 2259 4442 (9.4)
2289 4362 2716 4442 TocaBza._Reg.
2748 4363 2872 4431 bm,
2903 4364 2963 4420 in
2995 4368 3195 4435 textu;
3229 4362 3432 4424 Billius
3475 4371 3533 4442 et
3571 4367 3733 4423 Mon-

2073 4437 2194 4488 tac.
2235 4436 2292 4486 in
2327 4451 2449 4499 ora,
2479 4436 2666 4489 ταῦτα.
3513 4439 3530 4456 ”

2289 4504 2621 4578 Θαυμασίαν.
2656 4505 2814 4578 Colb.
2847 4507 2904 4572 k,
2947 4509 3284 4578 θαυμαστήν.

2145 4575 2255 4646 (96)
2278 4573 2638 4652 V’Avijtlddtv:
2671 4598 2701 4626 ‹‹
2761 4573 3295 4652 Reformationem:
3343 4600 3370 4632 η
3448 4577 3728 4652 μετάπλιιο

2072 4665 2176 4712 σιν,
2213 4669 2240 4695 ‹‹
2271 4646 2838 4716 tranformationem,
2871 4671 2900 4700 ››
2943 4651 3217 4707 aemulam
3269 4646 3458 4708 alieni
3477 4653 3626 4708 ritus
3655 4653 3728 4709 ad

2073 4717 2391 4774 Christiani
2421 4720 2739 4774 ﬁctionem.
2782 4740 2810 4769 »

2141 4789 2255 4860 (97)
2307 4789 2450 4866 ΑἘπ]
2489 4795 2717 4859 σκηνῆς,
2765 4795 2871 4866 etc.
2930 4813 2960 4866 ι(
3010 4792 3300 4866 Socrates,
3350 4815 3378 4842 ››
3409 4795 3565 4866 apud
3596 4793 3726 4866 Pla-

2072 4865 2270 4936 tonem
2303 4863 2550 4936 inTim..
2588 4885 2616 4914 ‹‹
2649 4867 2783 4934 post
2811 4862 3118 4920 fundatam
3150 4862 3620 4936 instructamque
3644 4864 3731 4921 le-

2073 4933 2247 5007 gibus
2277 4935 2590 5005 civitatem,
2621 4933 2835 5007 cupere
2863 4953 2926 4991 se
2955 4936 3037 4992 ait
3065 4953 3194 4992 eam
3227 4941 3390 4992 motu
3421 4933 3729 4994 incitatam

2074 5005 2289 5074 videre,
2324 5029 2352 5056 ››
2386 5007 2496 5081 hoc
2525 5013 2638 5081 est,
2677 5005 2715 5057 ι’
2725 5009 2898 5078 juxta
2934 5007 3130 5081 legum
3174 5025 3414 5064 suarum
3465 5011 3730 5080 praescri-

2074 5081 2243 5164 ptum
2277 5080 2396 5164 regi
2429 5097 2494 5136 ac
2526 5079 2862 5164 gubernari.
2892 5103 2928 5162 _n
2949 5079 3180 5164 .ljlodem
3213 5081 3385 5164 modo
3419 5079 3732 5164 Gregorius

2076 5149 2160 5223 ait
2189 5166 2251 5204 se
2282 5149 2502 5223 optare,
2530 5149 2604 5207 ut
2633 5151 2735 5207 illa
2773 5152 3238 5208 Christianorum
3290 5152 3511 5210 rituum
3533 5149 3735 5210 imita-

2076 5221 2156 5276 tio
2191 5239 2223 5276 a
2251 5221 2494 5299 Juliano
2518 5224 2860 5299 excogitata,
2896 5224 2953 5278 in
2986 5242 3130 5294 opus
3179 5226 3415 5281 tandem
3471 5228 3732 5299 prodeat,

2077 5310 2192 5363 quo
2225 5296 2413 5366 magis
2446 5295 2696 5366 ridicula
2727 5301 3025 5366 appareat.

2147 5365 2260 5437 (98)
2289 5365 2379 5426 Τίς
2413 5366 2508 5438 μὲν
2543 5366 2602 5420 ἃν
2635 5365 2723 5433 ἦν.
2767 5365 2935 5422 Colb.
2981 5367 3109 5422 All).
3162 5368 3330 5426 Herv.
3363 5367 3444 5433 τίς
3482 5368 3576 5444 μὲν
3609 5366 3669 5424 ἂν
3703 5370 3732 5425 6

2072 5454 2191 5503 της.

2148 5508 2259 5621 (θῖ)
2294 5508 2651 5579 Κινουμένην.
2683 5511 2858 5563 Mont.
2893 5529 2982 5584 γρ.
3030 5508 3368 5587 ἐνερροῦσαν.
3415 5515 3530 5574 Alii
3588 5511 3735 5590 ἐνερ-

2111 5596 2372 5633 ουμενην.

2074 5599 2176 5652 γου
2186 5599 2372 5650 μεν-ην.

2150 5653 2226 5728 (1)
2253 5646 2662 5728 Tecmessae.-
2697 5655 3076 5728 Pass-addit.
3113 5655 3232 5728 μέν.

2259 5722 2398 5796 Πρὸς
2429 5719 2747 5802 τάέκεῖθεν.
2794 5723 2922 5780 Bill.
2955 5751 2983 5781 ιι
3036 5719 3125 5785 ωἷ
3158 5731 3485 5789 cwlestium
3534 5743 3728 5786 rerum

2078 5795 2341 5852 studium
2373 5795 2668 5851 comitem.
2701 5815 2734 5874 »λ

3374 6002 3456 6105 ³3
