4028 6438
245 448 365 514 653

1250 439 1542 508 ORATIO
1586 449 1692 509 ιν.
1727 482 1804 492 -—
1834 446 2146 507 CONTRA
2194 445 2592 507 JULIANUM
2638 439 2684 506 Ι.

3563 446 3682 508 654

248 584 388 655 ἔξεις
407 581 522 656 (16)
556 578 740 641 αὐτοῖς
775 576 1059 655 ὑποφήτας
1092 573 1306 648 δηλαδὴ
1361 578 1634 652 θεοφόρων
1689 577 1918 652 λογίων,

2053 577 2174 643 )uid
2211 577 2454 649 postea?
2486 575 2778 632 Praebebis
2808 577 2956 649 ipsis
2989 577 3213 633 scilicet
3243 578 3594 648 divinorum,
3620 585 3684 636 ut

246 675 325 736 ὡς
359 670 418 728 ἃν
449 669 602 725 αὐτοὶ
636 667 832 747 φαίητε
863 669 997 740 (17)⁶
1034 666 1122 721 καὶ
1162 661 1384 740 βίϐλους
1440 665 1699 738 ἀνελίξεις
1737 667 1922 730 Οεολο-

245 761 406 839 γικάς
462 781 519 815 τε
575 757 665 814 καὶ
727 754 943 828 ἡθικάς.
999 755 1156 819 Τίνας
1205 756 1422 828 ταύτας,
1477 756 1594 810 εἰπέ
1653 778 1766 830 μοι,
1831 755 1920 810 καὶ

245 852 452 919 τίνωνς
504 846 681 904 Καλὸν
731 844 1098 923 προσᾴδεσθαι
1163 847 1262 915 τὴν
1330 843 1581 901 Ἡσιόδου
1633 845 1921 921 Θεογονίαν

251 941 438 1002 αὐτοῖς
495 939 585 992 καὶ
639 935 770 998 τοὺς
819 935 930 990 ἐκεῖ
977 933 1261 1008 πολέμους
1323 935 1412 990 καὶ

255 1033 507 1101 Τιτᾶνας,
539 1026 669 1088 τοὺς
721 1023 996 1101 Γίγαντας,
1055 1025 1187 1098 μετά
1229 1028 1338 1079 τῶν
1364 1018 1609 1102 φοϐερῶν
1641 1023 1920 1097 ὀνομάτων

254 1140 316 1174 τε
359 1118 448 1173 καὶ
512 1113 892 1192 πραγμάτων;
950 1113 1119 1176 Κότος
1179 1115 1312 1187 (18),
1373 1112 1675 1189 Βριάρεως,
1721 1112 1923 1188 Γύγης,

258 1203 612 1283 Ἐγκέλαδος,
665 1205 717 1259 οὶ
767 1201 1196 1280 δρακοντόποδες
1224 1204 1399 1276 ὑμῶν,
1450 1203 1502 1257 οἶ
1532 1202 1925 1281 κεραυνοφόροι

261 1299 398 1367 θεοὶ,
427 1297 481 1350 αἱ
509 1294 724 1356 τούτοις
756 1293 1108 1370 ἐπαφιέμεναι
1140 1299 1316 1362 νῆσοι,
1383 1292 1518 1367 βέλη
1563 1313 1622 1348 τε
1671 1295 1812 1366 ὁμοῦ
1839 1292 1926 1347 καὶ

261 1389 427 1464 τάφοι
455 1389 572 1447 τοῖς
621 1383 954 1453 ἀπαντήσασι
980 1402 992 1415 ·
1045 1384 1113 1438 τὰ
1157 1381 1326 1457 πικρὰ
1368 1381 1575 1436 τούτων
1614 1384 1929 1458 γεννήματα

267 1476 358 1530 καὶ
408 1468 794 1550 προϐλήματα,
845 1470 1056 1549 Ὓδραι,
1106 1470 1398 1547 Χίμαιραι,
1454 1467 1740 1546 Κέρϐεροι,
1798 1478 1929 1546 Γορ-

268 1567 426 1643 γόνες
454 1567 587 1640 (19),
617 1563 905 1641 φιλοτιμία
936 1563 1132 1625 παντὸς
1163 1566 1352 1616 κακοῦ⁹
1407 1566 1583 1616 Ταῦτα
1635 1560 1770 1616 ἔστω
1818 1565 1926 1615 τῶν

271 1656 496 1711 Ἠσιόου
569 1655 753 1710 καλῶν
813 1658 932 1715 ταῖς
990 1653 1177 1713 ἀκοαῖς
1234 1650 1620 1728 προτιθέμενα.
1699 1649 1928 1726 Ὀρφεὺς

266 1746 481 1819 παρίτω
540 1745 676 1818 μετά
731 1750 830 1814 τῆς
888 1744 1115 1818 κιθάρας
1171 1742 1261 1796 καὶ
1306 1748 1409 1810 τῆς
1459 1742 1632 1795 πάντα
1663 1740 1931 1810 ἑλκούσης

267 1833 441 1909 ᾠδῆς,
493 1830 836 1908 ἐπιϐρεμὲτω
887 1833 967 1887 Διὶ
1011 1835 1078 1887 τὰ
1129 1829 1339 1908 μεγάλα
1387 1831 1478 1884 καὶ
1535 1831 1779 1906 ὑπερφυῆ
1828 1836 1931 1899 τῆς

270 1924 556 2001 θεολογίας
589 1923 808 2001 ῥήματα
836 1922 924 1978 καὶ
957 1924 1211 1993 νοήματα
1235 1941 1246 1954 ·

1488 933 1743 1003 κλόνους,
1795 937 1923 997 τοὺς

346 2216 442 2268 Ζεῦ
489 2208 728 2281 κύδιστε,
784 2213 1004 2286 μὲγιστε
1052 2211 1210 2277 θεῶν,
1257 2206 1508 2281 εἶλυμένε
1556 2208 1669 2281 (20)
1716 2203 1930 2280 κόπρῳ,

273 2391 371 2464 ὅση
424 2413 484 2448 τε
535 2389 740 2466 μηλείη
793 2392 928 2464 (21),
975 2391 1074 2460 ’ὀση
1108 2409 1167 2444 τε
1195 2386 1404 2459 ἵππων,
1437 2385 1537 2458 ὅση
1569 2407 1627 2441 τε
1657 2384 1930 2458 ἡμιόνων,

267 2479 340 2537 ’ίν’
371 2480 630 2553 ἰντεῦθεν,
663 2481 816 2555 οἶμαι
849 2482 983 2554 (22),
1018 2477 1214 2553 δειχθῇ
1245 2479 1307 2533 τὸ
1344 2476 1614 2552 ζωογόνον
1662 2479 1757 2530 τοῦ
1805 2476 1932 2528 θεοῦ

272 2571 361 2626 καὶ
393 2565 671 2649 φερέσϐιον
703 2588 715 2601 ·
752 2569 816 2624 οὐ
846 2570 948 2646 γὰρ
981 2565 1168 2630 ἄλλως
1221 2565 1334 2621 οἷόν
1372 2587 1430 2621 τε
1466 2567 1531 2635 ἧν
1571 2585 1582 2597 ·
1639 2566 1728 2619 καὶ
1792 2561 1932 2640 μηδὲ

271 2667 370 2733 τῆς
404 2659 580 2733 ἄλλης
614 2657 886 2736 φείδεσθαι
918 2662 1028 2734 (23)
1065 2655 1500 2734 μεγαληγορίας.

469 2799 567 2858 ’Ὡς
598 2793 822 2850 είποῦσα
851 2796 944 2848 θεὰ
975 2789 1157 2854 δοιοὺς
1187 2789 1475 2862 ἀνεσύρατο
1511 2809 1743 2866 μηρους,

270 2908 364 2965 ’ίνα
417 2909 610 2983 τελέσῃ
673 2910 800 2972 τοὺς
857 2909 1104 2985 ἐραστὰς,
1149 2906 1180 2961 ἂ
1227 2907 1317 2961 καὶ
1365 2911 1453 2960 νῦν
1505 2904 1583 2961 ἔτι
1634 2906 1781 2962 τελεῖ
1825 2906 1934 2978 (24)

281 3003 400 3062 τοῖς
450 3002 753 3073 σχήμασιν.
806 2997 928 3054 Ἐπὶ
973 3002 1131 3052 πᾶσιν
1183 2997 1210 3050 6
1251 2997 1436 3065 Φάνης
1464 3017 1522 3051 τε
1549 2996 1638 3050 καὶ
1668 2997 1694 3050 6
1726 2996 1938 3071 ’Πρικα-

285 3092 468 3159 παῖος,
519 3088 609 3142 καὶ
660 3088 688 3141 6
735 3085 936 3148 πάντας
990 3085 1292 3140 καταπίνων
1361 3084 1488 3147 τοὺς
1558 3082 1785 3153 ἄλλους,
1845 3085 1939 3138 εἶτ’

286 3173 576 3239 ἀναδιδοὺς
623 3175 776 3240 θεοὺς
822 3173 913 3230 ’ίνα
957 3175 1175 3251 γένηται
1224 3177 1404 3251 πατὴρ
1455 3171 1664 3250 ἀνδρῶν
1714 3195 1772 3228 τε
1803 3177 1936 3237 θεῶν

275 3286 353 3322 τε.
433 3270 607 3321 Ταῦτα
665 3262 1122 3321 ἐπεισκυκλείσθω
1205 3269 1322 3327 τοῖς
1417 3266 1749 3338 θαυμαστοῖς
1839 3270 1937 3332 τῆς

2031 668 2139 739 ipsi
2173 668 2362 723 dicere
2395 667 2616 734 soletis,
2651 667 3024 722 oraculorum
3058 666 3445 740 interpretes;
3500 687 3565 726 ac
3611 670 3681 725 li-

2032 758 2187 824 bros,
2221 761 2346 812 tum
2381 755 2761 829 theologicos,
2797 760 2920 812 tum
2951 756 3205 812 morales
3235 758 3460 813 evolves
3500 762 3556 814 et
3587 776 3680 814 ex-

2031 845 2295 917 plicabis.
2323 847 2620 910 Quosnam
2651 847 2888 902 tandem
2921 845 3049 914 hos,
3075 846 3189 916 dic,
3214 863 3430 918 quaeso,
3455 851 3512 902 et
3541 864 3682 919 quo-

2033 936 2204 990 rum?
2229 936 2574 992 Praeclarum
2601 936 2709 991 erit
2729 935 2965 992 Hesiodi
2991 935 3385 1006 Theogoniam
3407 935 3551 1008 ipsis
3584 953 3683 991 ac-

2035 1024 2172 1096 cini,
2205 1029 2262 1080 et
2290 1025 2446 1081 bella
2478 1026 2597 1080 illic
2630 1026 2942 1098 descripta,
2984 1030 3042 1080 et
3073 1023 3390 1093 tumultus,
3424 1025 3683 1097 Titanes,

2035 1113 2332 1186 Gigantes,
2367 1114 2709 1172 nominibus
2741 1114 2918 1170 simul
2969 1132 3034 1170 ac
3083 1115 3258 1171 rebus
3306 1115 3627 1170 horrendos
3660 1115 3689 1170 ‘I

2034 1205 2411 1261 Proferentur
2465 1205 2667 1273 Cotus,
2727 1204 3018 1273 Briareus,
3069 1207 3277 1278 Gyges,
3336 1203 3685 1277 Enceladus,

2036 1294 2397 1367 anguipedes
2426 1291 2627 1362 vestri,
2662 1293 2861 1366 diique
2891 1294 3112 1350 fulmen
3144 1297 3462 1366 gestantes,
3502 1299 3561 1350 et
3597 1295 3688 1349 in-

2039 1384 2178 1439 sulae
2226 1385 2283 1438 in
2335 1399 2432 1440 eos
2487 1384 2738 1456 injectae,
2789 1400 2917 1455 quae
2970 1382 3088 1439 tela
3127 1383 3302 1439 simul
3334 1388 3390 1440 et
3418 1382 3692 1456 sepulcra

2036 1472 2154 1528 illis
2185 1475 2256 1528 ad
2308 1474 2576 1546 praelium
2629 1473 3074 1530 occurrentibus
3106 1473 3500 1530 exstiterunt:
3560 1477 3688 1530 tum

2040 1563 2231 1618 acerbi
2288 1567 2464 1632 atque
2512 1563 2804 1620 immanes
2852 1580 3052 1618 eorum
3096 1563 3270 1619 foetus
3323 1581 3388 1619 ac
3437 1563 3688 1631 soboles,

2039 1652 2267 1725 Hydraa,
2299 1652 2616 1725 Cbimmraa,
2651 1653 2903 1721 Cerberi,
2937 1653 3259 1725 Gorgones,
3293 1653 3486 1709 omnis
3524 1653 3690 1709 deni-

2041 1758 2152 1814 que
2185 1741 2323 1797 mali
2355 1741 2656 1798 colluvies.
2691 1743 2818 1797 Haec
2858 1743 2979 1797 sint
3014 1741 3246 1814 egregia
3273 1741 3395 1811 illa,
3427 1758 3551 1812 qua:
3583 1758 3693 1796 au-

2042 1831 2330 1887 ditoribus
2378 1849 2445 1886 ex
2491 1831 2744 1887 Hesiodo
2794 1835 3213 1904 proponentur.
3255 1831 3522 1902 Orpheus
3564 1832 3692 1902 jam

2042 1937 2176 1976 cum
2207 1920 2450 1988 cithara,
2483 1925 2540 1976 et
2568 1925 2744 1977 cantu
2776 1921 2976 1977 omnia
3003 1920 3272 1976 trahente
3301 1921 3566 1994 prodeat,
3598 1921 3693 1975 Jo-

2039 2010 2212 2082 vique
2243 2027 2461 2084 magna
2490 2011 2590 2066 illa
2628 2014 2684 2066 et
2726 2011 2940 2066 eximia
2969 2009 3276 2083 theologia:
3305 2011 3482 2067 verba
3511 2014 3568 2066 et
3597 2026 3694 2065 co-

2041 2100 2226 2172 gitata
2257 2100 2349 2155 inf
2348 2117 2467 2157 rem
2477 2104 2533 2156 at
2569 2119 2582 2157 :

2111 2211 2324 2282 Jupiter
2349 2210 2768 2278 augustissime,
2809 2207 3034 2264 deorum
3070 2208 3316 2264 maxime
3354 2207 3448 2280 qui
3487 2213 3537 2264 ιε
3576 2205 3692 2262 vol-

2221 2283 2305 2336 vi:
2334 2283 2395 2336 in
2437 2283 2587 2352 ﬁmo,

2041 2393 2166 2443 tum
2200 2388 2417 2459 ovium,
2450 2392 2579 2444 tum
2610 2403 2920 2460 equorum,
2944 2391 3072 2444 tum
3101 2385 3422 2455 mulorum,
3445 2390 3512 2442 ut
3537 2384 3637 2440 vid

2039 2477 2175 2535 licet
2218 2477 2354 2534 hinc
2402 2478 2599 2534 vitalis
2653 2482 2710 2534 et
2759 2478 3007 2533 fecunda
3051 2477 3145 2533 dei
3188 2477 3278 2533 vis
3318 2477 3698 2546 declaretur;

2042 2584 2230 2638 neque
2260 2567 2417 2624 enim
2449 2567 2617 2624 aliter
2647 2571 2909 2640 poterat;
2962 2566 3104 2639 quin
3159 2584 3265 2623 nec
3319 2566 3416 2623 alii
3457 2566 3698 2639 quidem

2042 2657 2384 2728 hujusmodi
2416 2655 2939 2729 grandiloquentiae
2981 2673 3219 2730 parcere
3253 2674 3266 2712 :

2119 2795 2222 2850 Ubi
2250 2793 2351 2849 dea
2383 2797 2565 2850 locum
2593 2796 2692 2859 est,
2724 2796 3021 2866 utramque
3049 2809 3241 2848 coxam
3273 2792 3501 2862 detexit,

2045 2913 2112 2966 ut
2136 2910 2391 2966 amasios
2415 2925 2554 2965 suos
2578 2908 2857 2978 initiaret,
2875 2925 3002 2980 qua
3024 2907 3262 2981 quidem
3288 2926 3443 2965 nunc
3468 2925 3701 2981 quoque

2047 3000 2238 3056 adhuc
2293 3016 2395 3072 per
2444 2999 2610 3072 signa
2657 3003 2715 3054 et
2767 3003 2972 3071 gestus
3020 2998 3411 3055 celebrantur.
3453 3000 3536 3055 Ad
3582 2999 3703 3055 haec

2049 3089 2248 3145 omnia
2270 3089 2497 3144 Phanas
2531 3089 2788 3156 accedat,
2814 3091 2871 3144 et
2901 3087 3258 3161 Ericapaaus,
3282 3091 3339 3144 et
3369 3088 3468 3160 qui
3499 3104 3702 3145 omnes

2050 3179 2196 3235 alios
2248 3180 2388 3234 deos
2433 3180 2689 3250 devorat,
2740 3195 2805 3233 ac
2860 3183 3065 3250 postea
3117 3177 3318 3251 egerit,
3368 3182 3429 3234 ut
3460 3179 3704 3237 deorum

2059 3273 2237 3341 atque
2259 3268 2568 3324 hominum
2599 3273 2762 3340 pater
2781 3267 3088 3325 efficiatur.
3114 3267 3245 3323 Haec
3275 3267 3504 3324 eximiis
3534 3271 3591 3323 et
3611 3269 3708 3323 ad-

272 3352 560 3432 θεολογίας
590 3355 902 3431 ἀκροαταῖς,
936 3354 1033 3409 εἶτ’
1063 3352 1382 3417 ἐπινοείσθω
1423 3335 1638 3415 τούτοις
1696 3351 1930 3429 ἀλληγο-

2053 3335 2341 3415 mirandis
2370 3335 2698 3414 divinitatis
2731 3357 3098 3414 auditoribus
3129 3357 3516 3425 inculcentur,
3543 3362 3703 3429 post-

272 3448 495 3521 ρήματα
541 3444 630 3501 καὶ
677 3443 1048 3521 τερατεύματα
1076 3462 1088 3476 ·
1141 3442 1230 3497 καὶ
1279 3447 1383 3496 τῶν
1427 3441 1802 3516 προκειμένων
1846 3442 1932 3497 ἐκ·

265 3535 483 3590 πίπτων
535 3536 563 3589 ὁ
612 3535 780 3608 λόγος
832 3534 910 3596 εἷς
955 3535 1196 3608 βάραθρα
1224 3532 1500 3608 χωρείτω,
1533 3533 1622 3587 καὶ
1651 3531 1930 3607 κρημνοὺς

265 3621 499 3700 θεωρίας
533 3621 633 3677 οὐκ
661 3620 897 3697 ἐχούσης
925 3619 988 3676 τὸ
1021 3619 1302 3693 στάσιμον.

341 3800 475 3868 ΡΙζ’.
511 3800 763 3871 ’Όμηρον
811 3794 869 3852 δὲ
915 3802 1022 3852 ποῦ
1072 3799 1278 3867 θήσεις,
1329 3797 1420 3852 τὸν
1459 3797 1622 3872 μεγαν
1653 3800 1760 3852 τῶν
1793 3800 1926 3851 θεῶν

263 3909 366 3943 σου
541 3884 1037 3966 κωμῳδιογράιρον,
1067 3886 1161 3942 εἰτ’
1194 3885 1285 3941 οὗν
1317 3884 1733 3962 τραγῳδοποιόν
1763 3889 1878 3960 (26)
1910 3905 1923 3953 ;

259 3976 586 4055 Ἀμςρότερα
630 3978 731 4053 γὰρ
791 3977 1038 4052 εὑρησεις
1100 3976 1151 4031 ἐν
1211 3981 1324 4039 τοῖς
1380 3974 1704 4049 θαυμασίοις
1762 3976 1925 4030 αὐτοῦ

263 4068 562 4139 ποιήμασι·
594 4069 662 4122 τὰ
694 4067 790 4141 μὲν
825 4071 1123 4144 συμφορᾶς,
1156 4067 1223 4120 τὰ
1254 4063 1310 4120 δὲ
1350 4063 1592 4141 γέλωτος
1637 4066 1774 4136 ἀξια.
1827 4073 1925 4119 Και

262 4155 379 4230 γὰρ
406 4154 574 4218 ὅντως
607 4154 668 4210 ού
721 4163 917 4232 μικρᾶς
965 4158 1064 4224 τῆς
1102 4152 1384 4232 φροντίδος
1415 4155 1589 4210 ὲκεῖνο
1621 4153 1774 4227 ἰδεῖν,
1809 4161 1926 4218 πῶς

267 4246 372 4319 μὲν
409 4245 653 4307 Ὠκεανὸς
698 4245 872 4315 Τηθύϊ
919 4243 1395 4321 καταλλαγήσεται
1457 4242 1527 4299 δι’
1583 4247 1756 4322 ’Ἡρας
1795 4266 1930 4322 πορ-

257 4336 432 4395 νικῶς
461 4335 848 4408 κοσμουμένης
875 4353 886 4364 ·
920 4331 1109 4403 ἐπειδὴ
1141 4331 1390 4396 κίνδυνος
1419 4338 1497 4406 τῷ
1536 4335 1695 4389 παντί
1727 4335 1926 4410 χρόνον

255 4422 388 4479 τινὰ
434 4423 856 4502 σωφρονούντων
909 4423 1085 4478 αὐτῶν
1113 4443 1124 4455 ·
1161 4419 1253 4478 εἰτ’
1314 4420 1406 4477 οὖν
1435 4424 1534 4491 τὴν
1567 4424 1730 4499 ξηρὰν
1773 4425 1928 4501 φύσιν

255 4512 356 4568 καὶ
383 4513 483 4580 τήν
517 4512 683 4588 ὑγρὰν
715 4511 1180 4568 καταλλάττεσθαι
1210 4509 1344 4584 δέοι,
1383 4513 1458 4583 μὴ
1491 4517 1569 4584 τῷ
1597 4512 1934 4586 πλεονασμῷ

254 4606 363 4658 τοῦ
395 4602 583 4677 ἑτέρου
611 4601 674 4656 τὸ
731 4607 834 4656 πᾶν
887 4603 1132 4676 συγχεθῇ
1181 4604 1333 4674 (27)”
1389 4597 1496 4655 εἷίτε
1539 4621 1589 4655 τι
1637 4598 1776 4656 ἄλλο
1804 4602 1929 4656 τού-

2045 3464 2231 3519 eaque
2263 3447 2354 3503 his
2381 3447 2672 3519 allegoriae
2704 3463 2769 3502 ac
2804 3451 3156 3517 portentosas
3188 3447 3701 3518 interpretationes

2045 3537 2484 3609 excogitentur;
2529 3541 2703 3609 atque
2750 3553 2783 3591 a
2831 3534 3151 3608 propositis
3189 3536 3367 3592 rebus
3417 3535 3698 3593 aberrans

2044 3627 2248 3694 oratio,
2275 3628 2334 3681 in
2367 3631 2657 3698 praerupta
2687 3624 3218 3697 contemplationis,
3244 3642 3369 3698 qua:
3401 3625 3545 3680 nihil
3579 3630 3698 3688 stas

2041 3716 2158 3770 bile
2190 3732 2256 3771 ac
2286 3716 2541 3771 solidum
2577 3715 2810 3784 habeat,
2844 3715 3086 3769 feratur.

2114 3805 2291 3862 CXVI.
2330 3807 2393 3859 At
2423 3820 2555 3859 vero
2577 3808 2896 3859 Homerum
2921 3819 3038 3875 quo
3060 3804 3299 3860 tandem
3334 3803 3458 3860 loco
3488 3821 3693 3876 pones,

2045 3909 2349 3965 magnum,
2373 3893 2638 3966 inquam,
2667 3891 2836 3947 illum
2871 3892 3114 3947 deorum
3149 3893 3303 3949 I42
3337 3898 3573 3949 tuorum
3605 3911 3698 3951 co-

2046 3983 2394 4039 moediarum
2445 3983 2639 4038 dicam
2689 3999 2763 4037 an
2817 3981 3238 4054 tragoediarum
3291 3984 3639 4056 scriptorem
3671 3985 3698 4040 ‘P

2045 4079 2373 4142 Utrumque
2393 4073 2551 4127 enim
2574 4073 2634 4126 in
2660 4071 2926 4126 miriﬁcis
2947 4070 3108 4127 illius
3129 4072 3395 4128 versibus
3418 4073 3697 4146 reperies,

2045 4164 2158 4220 alia
2205 4178 2414 4234 nempe
2456 4162 2649 4216 tristia
2692 4165 2748 4216 et
2801 4160 3165 4227 calamitosa,
3203 4161 3317 4216 alia
3347 4161 3465 4216 risu
3499 4163 3698 4235 digna.

2044 4252 2244 4325 Neque
2289 4251 2444 4306 enim
2481 4251 2743 4322 profecto
2787 4248 2932 4305 levis
2979 4247 3125 4304 illud
3175 4266 3325 4306 curae
3376 4255 3466 4307 est
3509 4251 3704 4308 videre

2045 4342 2545 4413 quemadmodum
2579 4340 2867 4405 Oceanus,
2900 4339 3153 4395 Junonis
3185 4340 3514 4397 meretricio
3546 4357 3705 4398 more

2045 4431 2213 4487 cultae
2246 4431 2667 4500 instructaeque
2697 4445 2895 4500 opera,
2918 4427 2977 4483 in
3008 4429 3261 4501 gratiam
3293 4447 3428 4486 cum
3460 4430 3706 4486 Thetide

2046 4521 2346 4576 rediturus
2403 4519 2528 4573 sit:
2578 4518 3061 4589 quandoquidem
3109 4535 3305 4573 rerum
3337 4517 3703 4576 universitati

2046 4606 2372 4681 periculum
2400 4607 2766 4677 imminebat,
2792 4606 2838 4661 si
2864 4605 2975 4677 ipsi
3001 4606 3433 4679 aliquantisper
3463 4627 3497 4664 a
3528 4610 3704 4665 rebus

255 4712 376 4747 των
431 4693 546 4765 (28)
607 4688 841 4752 ἐπινοεῖς
895 4691 1258 4763 ἀτοπώτερον.
1317 4688 1408 4752 Τίς
1463 4687 1520 4743 δὲ
1575 4692 1610 4760 ἡ
1670 4693 1930 4763 θαυμασία

2053 4696 2309 4753 venereis
2331 4695 2731 4751 abstinerent:
2768 4695 2888 4750 sive
2912 4694 3007 4750 his
3035 4695 3228 4750 verbis
3260 4696 3369 4752 hoc
3391 4696 3706 4769 intelligas,

260 4779 448 4853 Ἠίξις
491 4784 588 4835 τοῦ
635 4778 1062 4859 νεφεληγερίτου
1110 4781 1225 4853 (29)
1274 4777 1363 4834 καὶ
1406 4785 1509 4847 τῆς
1553 4786 1752 4850 σεμνῆς
1786 4801 1943 4856 μρας,

263 4868 440 4940 ἡνίκα
469 4869 805 4945 ἀσχημονεῖν
857 4868 1018 4924 αὐτὸν
1066 4868 1337 4924 ἀναπείθει
1391 4868 1663 4941 μεσούσης
1711 4870 1942 4945 ἡμέρας.

353 5014 467 5099 $.19)
490 5013 770 5099 ,ιῖαρὲξιιιο
806 5016 945 5099 11.68-
962 5031 1022 5099 μιν
1051 5011 1506 5099 Pass-MM“-

345 5085 463 5168 (17)
490 5085 670 5148 Ὦςᾶν
699 5085 853 5141 αὐτοὶ
880 5085 1094 5163 ᾠαίητε.
1136 5091 1270 5143 Haec
1310 5085 1374 5141 in
1428 5102 1542 5141 uno
1583 5085 1723 5158 Reg.
1758 5104 1816 5158 q,
1849 5105 1938 5143 re-

276 5174 566 5230 perimus.

346 5230 460 5290 (18)
492 5228 684 5290 Κότος.
716 5229 822 5285 Alii
855 5226 1080 5289 Κόττος.

370 5231 438 5287 18
492 5231 684 5290 Κότος.
716 5231 822 5285 Alii
855 5231 1080 5289 Κόττος.

364 5231 460 5374 19)
486 5299 773 5427 Γοργόνες.
809 5301 948 5374 Reg.
990 5302 1118 5368 hu.,
1153 5296 1437 5382 Γοργόναιἶ

364 5373 455 5439 20)
507 5374 548 5428 Ε
579 5369 800 5439 λυμὲνε.
854 5373 995 5439 Reg.
1046 5375 1170 5438 bm,
1223 5377 1282 5427 et
1341 5371 1437 5426 all]

343 5230 363 5443 ἑ

579 5367 800 5446 λύμὲνε.
854 5367 1002 5446 Ριέε.
1046 5367 1170 5438 bin,
1223 5367 1284 5427 et
1341 5370 1465 5435 alii,
1501 5367 1744 5442 ἷλυμένε.
1791 5375 1937 5446 Edit.

271 5438 592 5515 ιξλυμμὲνε.
652 5438 971 5501 ὒωῐθιδυαῖ
992 5445 1090 5500 hic
1140 5460 1344 5500 versus
1392 5447 1478 5515 Aet,
1514 5438 1790 5514 sequens,
1866 5445 1942 5505 ὥς

269 5511 522 5642 cium-iga,
553 5521 662 5574 etc.
696 5534 813 5573 non
846 5519 1220 5588 reperiuntur
1248 5516 1309 5570 in
1339 5513 1518 5570 editis
1550 5511 1783 5586 orphei
1813 5533 1943 5572 car-

276 5603 428 5642 mini
477 5605 568 5642 us.

276 5603 568 5644 minibus.

350 5661 462 5728 (21)
494 5656 735 5729 Μηλείη.
770 5660 914 5716 Tres
946 5660 1086 5731 Reg.
1120 5663 1177 5715 et
1205 5659 1368 5714 Colb.
1406 5657 1466 5724 k,
1503 5651 1706 5726 μηλίη.

373 5733 468 5802 22)
497 5731 683 5802 Οἶμαι.
716 5737 892 5787 Deest
920 5732 980 5785 in
1009 5732 1174 5787 Pass.

373 5733 446 5787 22
497 5733 683 5802 Οἶμαι.
716 5737 892 5787 Deest
920 5733 980 5785 in
1009 5733 1174 5787 Pass.

501 5799 806 5860 Φείδεσθαι.
837 5803 978 5860 Tres
1009 5803 1149 5874 Reg.
1181 5801 1279 5859 0r.
1326 5802 1380 5873 4,
1433 5804 1491 5856 et
1537 5799 1784 5856 Montac.
1836 5801 1945 5877 φεί-

2057 4791 2330 4842 naturam
2353 4786 2569 4841 siccam
2591 4800 2729 4840 cum
2752 4783 2999 4839 humida
3021 4785 3081 4838 in
3107 4784 3484 4840 concordiam
3507 4786 3708 4841 reduci

2056 4880 2342 4948 oportere,
2378 4890 2449 4929 ne
2489 4872 2830 4930 alterutrius
2861 4873 3254 4929 redundantia
3284 4874 3544 4930 mundus
3576 4889 3713 4948 per-

2053 5015 2224 5093 δεσθε.
2259 5017 2455 5093 Schol.
2477 5013 2732 5093 pelagi-:05
2764 5015 2818 5093 oi
2847 5012 3331 5093 ’Έλληνες-δμειῆ

2121 5090 2236 5161 (24)
2267 5089 2383 5144 Ἔτι
2413 5085 2582 5144 τελεῖ.
2618 5089 2758 5161 Reg.
2794 5090 2916 5159 bm,
2937 5089 3096 5161 _Bill._
3123 5085 3277 5144 Elias
3323 5085 3400 5142 ἔτι
3431 5086 3710 5161 (τελεῖται.

2052 5157 2195 5217 Tres
2228 5161 2370 5233 Reg.
2404 5167 2463 5216 et
2493 5161 2652 5217 Pass.
2685 5157 2776 5214 καί
2807 5157 2907 5213 νῦν
2932 5157 3188 5214 ἐπιτελεῖ.
3223 5161 3353 5217 Sav.
3378 5160 3508 5218 Ald.
3532 5161 3715 5216 ἐπιτε-

2055 5236 2248 5287 Λεῖται.

2126 5306 2238 5376 (25)
2269 5306 2386 5355 Τῶν
2421 5306 2556 5376 θεῶν
2592 5322 2707 5376 σου.
2743 5303 2946 5376 βίίιὶυῖε
2975 5318 2987 5357 :
3019 5325 3048 5352 «
3078 5301 3443 5376 Divinarum.
3476 5326 3507 5356 »

2125 5371 2238 5448 (26)
2268 5371 2713 5448 Τραγῳδοποιόν.
2740 5375 2864 5430 Duo
2901 5375 3078 5445 Regg.
3108 5371 3572 5448 τραγῳδιοποιόν.

2147 5447 2239 5518 '37)
2273 5447 2547 5522 Συγχεθῇ.
2581 5447 2666 5502 Ita
2696 5447 2872 5522 Regg.
2905 5462 3132 5522 omnes,
3163 5447 3258 5504 0r.
3280 5450 3307 5503 1
3335 5466 3349 5518 ;
3382 5449 3570 5522 Pass.,
3601 5451 3717 5521 sto,

2055 5517 2237 5575 Mont.
2271 5517 2424 5590 vero,
2459 5518 2585 5572 Par.
2619 5524 2674 5573 et
2702 5517 2839 5590 ,Sav.’
2871 5517 3140 5590 συγχυθῇ.

2127 5592 2238 5661 (28)
2269 5587 2504 5644 Τούτων.
2534 5590 2627 5645 Sic
2658 5589 2921 5662 plerique
2951 5587 3390 5649 c'odices.Pauci
3420 5608 3555 5647 cum
3588 5591 3713 5647 edi-

2055 5662 2131 5717 tis
2160 5665 2431 5716 τοιοῦτον.

2131 5734 2245 5805 (29).
2292 5735 2397 5785 Τοῦ
2446 5729 2893 5807 νεφεληγερέτου.
2947 5757 2974 5784 ‹‹
3024 5734 3285 5792 Nubium
3331 5735 3706 5806 congregato-

2057 5804 2160 5878 ris,
2197 5828 2224 5854 »
2257 5820 2485 5878 nempe.
2516 5804 2546 5853 ὶ(
2578 5804 2761 5863 Jovis.
2795 5827 2824 5859 ››
