4028 6424
327 428 446 488 csa
498 506 503 512 η

1585 429 1649 483 S.
1699 419 2065 483 cancrum
2120 421 2515 506 THEOLHQI

3647 426 3779 494 656

319 561 588 617 turbetur
618 576 632 618 :
669 560 791 616 sive
823 558 984 617 aliud
1017 559 1304 633 quiddam
1336 559 1428 614 his
1460 557 1781 615 absurdius
1815 574 1977 613 exco-

2094 555 2184 611 κᾶν
2220 557 2270 610 oi
2304 557 2527 627 ποιηταὶ
2581 557 2715 631 μετὰ
2761 563 2870 613 τῶν
2921 557 3132 634 μέτρων
3183 557 3341 615 αὐτὸν
3392 558 3773 637 κολακεύωσι,

323 651 494 723 gites.
521 651 676 722 Jam,
711 651 846 724 quis
878 650 1274 706 admirandus
1304 649 1464 705 Jovis
1498 648 1678 715 illius,
1714 665 1778 702 ac
1805 664 1977 702 vene-

324 741 520 797 randae
539 740 793 796 Junonis
817 757 1190 812 congressus,
1221 756 1353 796 cum
1379 739 1486 795 hoc
1508 738 1637 809 ipsa
1656 737 1707 794 ei
1739 754 1980 809 persua-

326 830 442 896 det,
478 834 542 884 ut
585 830 777 885 medio
820 830 948 902 ipso
991 831 1084 883 die
1117 831 1378 884 obscenae
1412 829 1491 883 rei
1525 829 1688 882 daret
1719 843 1980 899 operam,

327 923 629 990 utcunque
659 924 838 990 poetae
870 919 1234 974 carminibus
1267 919 1391 974 suis
1434 918 1546 990 ipsi
1577 917 1980 986 blandiantur,

328 1006 518 1063 lotum
567 1008 863 1064 roscidum
911 1009 1378 1078 substernentes,
1431 1013 1490 1062 et
1537 1024 1774 1063 crocum
1807 1012 1982 1079 atque

330 1097 710 1168 hyacinthum
771 1115 800 1153 e
859 1103 1014 1153 terra
1064 1098 1498 1169 producentes?
1547 1097 1708 1152 Unde
1754 1097 1894 1165 haec,
1927 1100 1984 1151 et

331 1205 457 1258 quae
480 1187 701 1243 haerum
731 1191 821 1242 est
843 1186 988 1243 ratio
1006 1187 1032 1240 ‘?
1055 1188 1176 1252 Quo
1202 1188 1379 1244 etiam
1404 1191 1572 1260 pacto
1593 1191 1785 1243 vestra
1803 1188 1980 1254 Juno,

329 1276 430 1332 illa
460 1276 659 1349 magni
678 1277 838 1333 Jovis
870 1294 1037 1334 soror
1067 1283 1124 1334 et
1149 1279 1385 1350 conjux,
1410 1277 1512 1334 illa
1543 1277 1816 1334 ulnarum
1845 1295 1981 1333 can-

326 1367 484 1436 dore,
517 1366 820 1438 roseisque
850 1367 1054 1440 digitis
1086 1367 1358 1440 insignis,
1394 1384 1550 1422 nunc
1589 1367 1648 1422 in
1681 1366 1893 1422 azthere
1926 1370 1983 1422 et

323 1455 582 1511 nubibus
617 1457 852 1529 pendet,
887 1456 1208 1530 ferreisque
1249 1456 1568 1512 incudibus
1600 1455 1978 1528 deprimitur,

321 1545 633 1617 aureisque
661 1545 914 1602 manicis
942 1546 1217 1613 vincitur,
1243 1547 1388 1602 adeo
1416 1553 1480 1600 ut
1512 1561 1584 1602 ne
1606 1545 1719 1600 diis
1739 1544 1977 1615 quidem

317 1633 554 1690 veniam
581 1634 633 1690 ei
657 1651 690 1689 a
709 1635 848 1691 Jove
870 1634 1188 1708 impetrare
1211 1634 1726 1700 contendentibus,
1741 1632 1985 1706 periculi

319 1739 531 1795 expers
579 1723 926 1794 hujusmodi
958 1724 1300 1781 humanitas
1340 1730 1497 1782 esset
1529 1741 1541 1778 :
1602 1741 1756 1779 nunc
1787 1727 1983 1779 autem

320 1812 666 1869 universum
717 1830 985 1869 amorum
1038 1819 1265 1871 cestum
1327 1813 1597 1882 assumit,
1648 1813 1982 1885 lascivoque

320 1907 533 1958 ornatu
553 1902 753 1960 Jovem
776 1902 859 1959 ita
885 1902 1087 1974 allicit,
1117 1909 1180 1959 ut
1208 1905 1335 1976 ipse
1359 1921 1594 1977 quoque
1615 1920 1821 1960 omnes
1843 1920 1982 1958 suos

322 1991 588 2048 omnium
610 1993 966 2050 feminarum
987 2011 1219 2050 amores
1238 1994 1346 2051 hoc
1365 2012 1481 2050 uno
1501 1993 1699 2050 multis
1719 1993 1984 2066 partibus

321 2086 627 2142 inferiores
645 2103 774 2143 esse
791 2089 1176 2143 conﬁteatur?
1195 2089 1335 2154 Quis
1355 2092 1633 2160 praeterea
1652 2087 1744 2142 hic
1765 2091 1979 2154 metus,

324 2191 396 2230 ne
427 2174 538 2232 diis
582 2193 686 2247 pro
724 2178 953 2232 Lacaena
987 2181 1180 2234 scorto
1212 2177 1494 2245 incitatis,
1531 2177 1794 2248 ccnloque
1828 2177 1979 2231 into-

324 2270 520 2334 nante,
553 2269 718 2321 terrae
750 2266 988 2339 quidem
1022 2267 1190 2323 sedes
1222 2273 1554 2338 rumpatur,
1590 2283 1750 2322 mare
1782 2271 1977 2322 autem

323 2355 666 2427 invertatur,
719 2361 775 2411 et
824 2356 953 2412 Orci
1009 2357 1169 2428 regia
1220 2357 1480 2428 pateﬁat,
1525 2361 1699 2428 atque
1729 2371 1814 2424 ea,
1852 2372 1978 2427 quae

321 2443 604 2500 diuturno
638 2449 902 2518 tempore
928 2447 1158 2502 obtecta
1191 2446 1442 2515 fuerant,
1477 2447 1536 2501 in
1582 2450 1848 2516 apertum
1880 2461 1980 2500 ve-

319 2533 527 2589 niant?
555 2533 695 2598 Quis
725 2551 895 2604 porro
927 2534 1024 2591 ille
1057 2536 1361 2607 nigrorum
1395 2535 1845 2608 superciliorum
1869 2551 1977 2589 nu-

317 2627 437 2689 tus,
490 2627 548 2678 et
606 2623 943 2680 divinorum
1002 2624 1255 2682 crinium
1306 2625 1621 2681 commotio
1675 2624 1976 2696 olympum

313 2716 506 2768 totum
529 2713 872 2771 concutiens
891 2713 918 2769 ?
950 2714 1091 2781 Quis
1114 2715 1291 2770 etiam
1316 2715 1471 2772 Mars
1495 2715 1591 2770 ille
1613 2713 1973 2783 vulneratus,

319 2807 421 2858 aut
450 2818 609 2859 aeneo
641 2820 872 2862 carcere
905 2805 1223 2864 conclusus
1244 2807 1272 2860 ‘2
1323 2805 1443 2874 ille,
1486 2807 1752 2879 inquam,
1787 2823 1974 2861 aurem

2090 643 2265 700 λωτὸν
2339 647 2800 724 ὑπ’)στρωννύντες
2879 647 3165 723 ἑρσήεντα,
3233 650 3323 706 καὶ
3377 651 3578 728 κρόκον
3641 655 3773 710 ἀνα-

2091 735 2312 812 φύοντες
2367 735 2425 791 ἐκ
2477 739 2576 806 τῆς
2626 744 2731 813 γῆς
2770 738 2861 792 καὶ
2895 738 3183 809 ὑάκινθον;
3219 740 3384 797 Πόθεν
3415 747 3610 814 ταῦτα,
3670 747 3768 799 καὶ

2087 824 2173 887 τίς
2198 825 2405 880 τούτων
2440 827 2467 879 6
2500 824 2702 902 λόγος;
2738 831 2862 891 Πῶς
2893 825 2952 883 δὲ
2997 832 3032 899 ἡ
3085 829 3221 900 αὐτὴ
3268 831 3386 886 καθ’
3420 831 3562 906 ὑμᾶς
3592 836 3767 908 "Hpa,

2091 917 2124 983 ἡ
2170 920 2266 969 τοῦ
2300 919 2407 988 (30)
2458 917 2698 992 μεγάλου
2750 919 2872 980 Διὸς
2925 917 3134 998 ἀδελφὴ
3179 921 3268 975 καί
3317 922 3616 997 ὁμόζυγος,
3671 929 3762 979 νῦν

2096 1005 2188 1077 μὲν
2223 1004 2273 1058 έν
2306 1005 2476 1081 αἰθέρι
2525 1007 2613 1061 καὶ
2662 1007 2914 1086 νεφέλαις
2957 1011 3297 1084 κρεμαμένη,
3358 1011 3447 1066 καὶ
3498 1009 3756 1089 σιδηροῖς

2093 1091 2290 1166 ἄκμοσι
2339 1095 2738 1169 καθελκομένη,
2788 1099 2877 1153 καὶ
2923 1105 3152 1176 χρυσαῖς
3214 1101 3505 1175 τιμωμένη
3560 1123 3751 1180 χειρο-

2091 1182 2300 1255 πέδαις,
2335 1188 2368 1255 ἡ
2422 1185 2756 1249 λευκώλενός
2806 1209 2864 1243 τε
2917 1189 3005 1244 καὶ
3039 1187 3469 1266 ῥοδοδάκτυλος,
3503 1191 3578 1255 ὡς
3616 1192 3748 1266 μηδὲ

2089 1281 2208 1338 τοῖς
2255 1279 2629 1350 παραιτεῖσθαι
2685 1277 3046 1353 βουλομένοις
3097 1284 3204 1335 τῶν
3258 1285 3393 1345 θεῶν
3475 1280 3741 1337 ἀκίνδυνον

2092 1364 2224 1419 εἶναι
2253 1366 2348 1434 τὴν
2385 1363 2794 1443 φιλανθρωπίαν
2822 1387 2834 1400 ·
2867 1373 2954 1422 νῦν
2989 1366 3047 1424 δὲ
3077 1368 3206 1425 ὅλον
3234 1370 3325 1425 τὸν
3382 1374 3492 1426 τῶν
3539 1369 3746 1446 ἆρώτων

2089 1457 2274 1509 κεστὸν
2309 1453 2388 1532 ἐφ’
2415 1455 2606 1525 ἑαυτὴν
2640 1459 2754 1530 (31)
2778 1454 3012 1512 ἕλκουσα
3042 1456 3132 1514 διὰ
3169 1463 3277 1516 τῶν
3326 1461 3465 1536 πρὸς
3516 1462 3608 1516 τὸν
3666 1461 3762 1515 Δία

2089 1542 2599 1618 καλλωπισμάτων,
2649 1547 2724 1608 ὡς
2770 1545 2858 1602 καί
2905 1547 3103 1611 πάντας
3154 1548 3544 1625 ὁμολογεῖσθαι
3603 1550 3751 1624 αύτῷ

2090 1634 2217 1696 τοὺς
2249 1632 2334 1688 ἐπὶ
2367 1636 2563 1698 πάσαις
2584 1633 2789 1710 ἔρωτας
2840 1638 2956 1700 ἑνὸς
2974 1637 3171 1693 τούτου
3193 1638 3487 1714 παραπολὺ
3508 1642 3618 1713 (32)
3646 1640 3756 1696 λει-

2089 1723 2364 1797 πομένους
2389 1742 2401 1793 ;
2431 1723 2522 1788 Τίς
2554 1721 2620 1780 δὰ
2651 1726 2679 1780 ὁ
2711 1721 2900 1804 φόϐος,
2938 1728 3014 1801 μὴ
3052 1732 3160 1784 τῶν
3219 1730 3352 1784 θεῶν
3412 1731 3754 1802 κινουμένων

2093 1815 2226 1890 ὑπὲρ
2302 1822 2401 1884 τῆς
2483 1815 2758 1886 Λακαίνης
2842 1813 3112 1892 μοιχάδος
3186 1821 3324 1892 (33),
3382 1819 3472 1874 καὶ
3532 1819 3764 1896 ούρανοῦ

2093 1902 2452 1972 σαλπίζοντος
2485 1908 2618 1978 (34),
2651 1904 2903 1980 ἀναρρμῇ
2941 1907 3034 1979 μὲν
3070 1913 3174 1982 γῆς
3213 1903 3362 1984 ἔδρα,
3400 1910 3757 1985 μεθαρμοσθῇ

2094 1991 2150 2048 δὲ
2195 1991 2456 2066 θάλασσα,
2512 1992 2846 2069 δηποσιευθῇ
2898 1993 2955 2051 δὲ
3001 1993 3132 2067 ᾆδου
3187 1997 3456 2073 βασίλεια,
3517 1997 3606 2052 καὶ
3681 1999 3761 2062 εἰς

2091 2083 2399 2159 τούμφανὶς
2457 2081 2587 2157 ἔλθῃ
2641 2084 2707 2138 τὰ
2763 2089 2842 2156 τῷ
2895 2085 3086 2162 μακρῷ
3144 2087 3334 2162 χρόνῳ
3395 2086 3751 2162 κεκαλυμμέ-

2089 2195 2153 2227 να
2183 2176 2332 2246 (35);
2366 2174 2456 2235 Τίς
2488 2171 2544 2228 δὲ
2586 2175 2620 2243 ἡ
2649 2178 2754 2228 τῶν
2795 2173 3032 2229 κυανέων
3062 2174 3279 2253 ὀφρύων
3331 2175 3618 2248 ἔπίνευσις,
3661 2180 3752 2232 καί

2089 2266 2123 2333 ἡ
2154 2268 2258 2317 τῶν
2293 2258 2610 2338 ἀμϐροσίων
2639 2268 2848 2339 τριχῶν
2900 2264 3236 2340 στγκίνησις,
3298 2264 3355 2321 ὅ)
3370 2288 3426 2321 ον
3460 2265 3747 2342 Ὄλυμπον

2088 2352 2442 2407 κατασείουσα
2484 2355 2634 2427 (36);
2684 2352 2774 2415 Τίς
2823 2350 2881 2408 δὲ
2929 2354 2956 2408 6
3002 2355 3437 2430 τιτρωσκόμενος
3488 2358 3687 2433 ’Δρης,
3719 2360 3752 2427 ἢ

2088 2441 2286 2517 χαλκῷ
2333 2448 2558 2516 κεράμῳ
2587 2440 3045 2516 κατακλειόμενος
3073 2465 3086 2515 ;
3120 2445 3147 2499 6
3176 2451 3279 2515 τῆς
3308 2449 3518 2523 χρυσῆς
3549 2448 3752 2525 Ἀφρο-

2089 2530 2242 2602 δίτης
2298 2532 2472 2609 ἀφυὴς
2522 2531 2768 2608 ἐραστὴς,
2819 2533 2910 2588 καὶ
2973 2534 3175 2610 μοιχὸς
3206 2534 3601 2612 ἃπερίσκεπτος
3657 2536 3748 2592 καὶ

2085 2621 2164 2696 τῷ
2211 2623 2603 2699 ’Δμφιγυήεντι
2651 2625 2764 2696 (37)
2805 2623 3201 2700 κρατούμενος,
3248 2625 3338 2681 καὶ
3393 2627 3611 2704 θέατρον
3643 2632 3750 2681 τῶν

2089 2716 2222 2776 θεῶν
2258 2710 2338 2789 ἐφ’
2394 2712 2568 2784 ἑαυτῷ
2613 2711 2892 2790 συλλέγων
2930 2713 3371 2790 ἀσχημονοῦντι,
3403 2717 3492 2772 καὶ
3529 2723 3748 2795 μικροῖς

2087 2804 2368 2878 χρήμασιν
2403 2802 2696 2879 ἀφιέμενος
2721 2821 2734 2872 ;

317 2891 562 2948 Veneris
593 2891 870 2966 illepidus
899 2901 1146 2967 amator,
1190 2895 1538 2968 adulterque
1588 2895 1829 2952 minime
1879 2895 2366 2966 circumspectus,
2417 2898 2594 2964 atque
2643 2910 2678 2949 a
2725 2892 2982 2966 loripede
3029 2895 3292 2954 Vulcano
3346 2901 3650 2971 correptus
3697 2900 3755 2954 et

322 2981 699 3048 constrictus,
733 2984 1097 3057 deorumque
1127 2986 1424 3043 theatrum
1475 2986 1546 3042 ob
1598 2985 2027 3059 turpitudinem
2081 2999 2248 3039 suam
2299 2988 2357 3038 et
2403 2983 2825 3041 obscenitatem
2866 2983 3170 3058 colligens,
3202 2987 3534 3063 exiguoque
3567 2986 3754 3062 pretio

326 3067 613 3128 dimissus
641 3072 670 3128 ?

399 3159 612 3218 CXVII.
659 3164 802 3218 Cum
855 3162 977 3220 haec
1029 3165 1247 3235 omnia,
1301 3170 1475 3238 atque
1523 3165 1618 3222 his
1667 3164 1857 3237 plura,
1906 3166 1987 3221 ita
2017 3181 2060 3248 ρ

329 3248 478 3306 scite
509 3254 567 3306 et
593 3250 754 3308 varie
779 3253 1106 3326 composita
1134 3258 1312 3326 atque
1342 3271 1587 3326 prorsus
1621 3254 1902 3310 inusitata
1923 3270 1986 3311 se

330 3339 608 3409 habeant,
625 3341 760 3412 quis
781 3343 936 3414 apud
964 3360 1063 3399 vos
1078 3346 1113 3400 I
1128 3345 1231 3400 43
1252 3345 1334 3401 ita
1355 3361 1609 3417 magnus
1631 3349 1688 3400 et
1711 3343 1986 3401 sublimis

328 3433 440 3500 est,
469 3445 535 3484 ac
558 3445 690 3486 vere
709 3429 836 3488 Jovi
867 3431 1110 3489 consilio
1140 3450 1265 3505 par,
1291 3438 1377 3505 ut,
1402 3451 1584 3506 supra
1614 3435 1801 3490 nubes
1823 3432 1983 3490 elatae

324 3519 872 3592 contemplationis,
904 3523 1236 3595 mentisque
1266 3528 1480 3580 nostrae
1511 3528 1749 3595 captum
1780 3528 1836 3579 et
1867 3540 1986 3580 mo-

320 3607 531 3664 dulum
567 3611 904 3682 superantis
936 3611 1287 3684 rationibus,
1319 3631 1384 3670 ea
1415 3613 1662 3670 honesta
1692 3619 1747 3669 et
1776 3613 1986 3670 decora

321 3697 568 3754 reddere
598 3700 787 3771 possit
813 3699 840 3754 ?
879 3705 946 3757 Et
975 3702 1239 3774 quidem,
1274 3703 1325 3760 si
1357 3704 1480 3760 haec
1508 3721 1644 3760 vera
1674 3707 1832 3771 sunt,
1867 3721 1983 3760 non

323 3787 676 3845 erubescant
703 3789 813 3860 illi,
837 3792 938 3848 sed
971 3791 1168 3863 potius
1199 3793 1543 3866 glorientur,
1569 3798 1671 3850 aut
1699 3809 1768 3850 ea
1796 3794 1983 3867 turpi-

322 3875 530 3932 tudine
559 3894 756 3935 carere
787 3879 1052 3952 probent.
1089 3882 1239 3946 Quid
1271 3883 1428 3940 enim
1461 3900 1699 3940 necesse
1749 3888 1838 3939 est
1883 3900 1983 3939 eos

323 3965 398 4020 ad
420 3965 998 4040 fabulam,tanquam
1019 3971 1090 4026 ad
1109 3972 1489 4044 turpitudinis
1509 3973 1980 4045 integumentum

321 4055 628 4129 perfugere
648 4057 676 4111 ?
706 4057 908 4131 Neque
931 4059 1091 4115 enim
1113 4063 1564 4132 praeﬁdentium,
1593 4063 1696 4117 sed
1720 4066 1983 4116 metuen-

321 4144 474 4202 tium
497 4160 564 4201 ao
584 4149 751 4217 terga
773 4148 1127 4204 vertentium
1152 4154 1243 4205 est
1264 4150 1481 4206 fabula.
1505 4151 1563 4205 Si
1585 4156 1782 4205 autem
1811 4151 1977 4219 falsa,

322 4231 583 4304 primum
598 4233 1104 4308 nudostheologos
1120 4238 1287 4294 nobis
1305 4240 1640 4307 ostendant,
1658 4245 1868 4296 utcum
1885 4239 1980 4296 his

321 4319 786 4392 disputationem
811 4321 1103 4380 ineamus.
1129 4325 1346 4382 Deinde
1369 4329 1589 4398 dicant,
1611 4345 1806 4384 annon
1835 4327 1979 4384 stul-

320 4413 450 4466 tum
481 4409 580 4482 sit,
613 4409 832 4482 quibus
888 4419 954 4469 ut
1003 4414 1152 4470 ﬁctis
1193 4420 1250 4471 et
1286 4417 1570 4474 fabulosis
1601 4419 1977 4486 erubescunt,

319 4498 554 4567 iisdem,
580 4503 646 4557 ut
675 4501 886 4571 ﬁrmis,
912 4519 1042 4560 sese
1065 4505 1289 4575 jactare
1313 4524 1326 4574 ;
1361 4510 1416 4562 et
1445 4524 1574 4578 quae
1606 4507 1976 4563 multitudini

318 4589 570 4646 obscura
598 4594 776 4663 atque
804 4592 1104 4666 incognita
1133 4613 1260 4652 esse
1292 4597 1645 4669 potuissent,
1670 4614 1786 4653 non
1817 4599 1976 4654 cnim

317 4680 584 4739 omnium
613 4685 706 4741 est
733 4683 1008 4753 eruditio,
1044 4684 1188 4755 haec,
1220 4689 1348 4743 tum
1376 4703 1481 4760 per
1511 4687 1812 4760 ﬁgmenta,
1847 4691 1976 4744 tum

383 4941 674 5021 (30)_”Hpa
706 4943 774 5021 ﬂ
801 4947 918 5021 τος).
973 4944 1294 5021 Sic__Mont.
1337 4943 1464 5000 Bill.
1496 4943 1660 5001 Pass.
1693 4949 1752 5000 et
1783 4944 1972 5000 caeteri

315 5025 458 5086 mss.
478 5015 665 5086 fDee'st
691 5016 726 5086 ἠ
759 5017 821 5074 in
851 5018 980 5074 Par.
1015 5015 1154 5086 edit.

521 5087 638 5164 Ἐφ’
680 5085 909 5164 ﬁdei-36v:
928 5085 1214 5164 Herv.,é<p’
1243 5085 1460 5164 ἑαυτῆς.

526 5155 850 5233 Ιίοἰρᾳπολύζ
882 5155 1148 5233 Plerique
1173 5155 1610 5233 'OOdiOeSL‘ﬁdpi‘!
1640 5155 1806 5233 πολύ.

287 5259 290 5262 ’
553 5223 715 5306 Ὑίτζὶρ
762 5237 862 5306 τῇς
911 5223 1214 5306 Λακαίνης*
1255 5223 1552 5306 μνιχᾶϐοςξ
1610 5254 1665 5306 «μ
1700 5232 1808 5306 ΡΓο
1867 5230 1972 5286 La-

497 5301 717 5359 scorto.
751 5325 774 5355 υ
812 5303 892 5362 De
921 5301 1143 5379 Argivaé
1172 5301 1401 5360 Helena:
1432 5305 1602 5375 raptu
1652 5303 1747 5360 hic
1779 5319 1971 5359 sermo

316 5383 428 5426 εει.

129 5453 170 5504 3"
357 5441 496 5516 (ξι-ἓ)
529 5438 926 5516 Σαλτςίζοντρς.
979 5471 1006 5498 α
1042 5447 1219 5516 Quasi
1264 5447 1409 5502 tuba
1441 5445 1674 5516 signum
1708 5448 1902 5501 dante.
1942 5469 1968 5494 ››

401 5508 496 5593 39)
523 5508 1120 5593 gsmluppéwLRe'g.
1155 5521 1198 5588 Ι,
1229 5508 1742 5593 συγκεκαλυμμένα.

401 5530 474 5566 ὄο
525 5530 944 5633 ΚεκαΛυΓ-μενα.
979 5530 1120 5593 Heg.
1155 5530 1198 5588 ι,
1229 5530 1547 5591 συγκεκαλυλ

395 5530 736 5648 θὸἰθκατασε
761 5599 911 5643 ουσα.
941 5589 1106 5648 Pass.
1139 5589 1547 5645 κατασείσουσα.

390 5649 490 5775 3’32
521 5651 937 5775 Ἀμριγυῄεντι.
970 5661 1139 5719 Pass.
1181 5660 1478 5738 ἀμφιγύηῖ.
1515 5661 1655 5732 Reg.
1691 5661 1812 5729 bm,
1861 5658 1967 5730 ἀμ-

390 5741 434 5772 ὐ
483 5737 546 5773 ει.
582 5724 618 5775 Α
645 5737 723 5775 ιι.
755 5729 1005 5775 nummis.
1055 5731 1289 5775 ἅιιιωνιςῖ
1339 5729 1629 5775 summum

296 5724 1030 5858 essem
1044 5724 1631 5858 sarisam

515 5787 602 5849 Τίξ
631 5786 856 5853 οὕτωὶῖο⁸
877 5786 1167 5878 Ῑῖθείὺίῐιξ
1185 5786 1489 5870 ντίς-ὀύτοις.

2173 3164 2310 3218 PIZ'.
2344 3167 2519 3217 Ταῦτα
2565 3164 2740 3217 πάντα
2785 3160 2875 3218 καί
2920 3162 3102 3222 πλοιω
3136 3162 3344 3222 τούτων
3397 3164 3545 3221 οὓτώ
3575 3169 3754 3242 σοφῶς

2096 3251 2185 3306 καὶ
2218 3249 2582 3328 πολυτρόπως
2616 3252 2962 3328 συγκείμενα,
3013 3251 3104 3310 καὶ
3129 3251 3463 3310 παντάπασιν
3489 3253 3596 3323 ἔξω
3639 3259 3746 3308 τῶν

2095 3340 2519 3416 νενομισμένων,
2567 3343 2647 3404 τίς
2708 3342 2878 3405 οὕτως
3097 3337 3224 3414 ύμῖν
3265 3337 3482 3414 ὑψηλός
3533 3360 3592 3394 τι
3648 3339 3738 3395 καὶ

2100 3429 2290 3506 μέγας,
2349 3431 2437 3486 καὶ
2493 3427 2661 3493 ὅντως
2707 3433 2789 3486 Διὶ
2826 3433 2978 3506 μῆτιν
3029 3426 3344 3500 ἀτάλαντος,
3405 3428 3480 3490 ὡς
3535 3427 3609 3490 εἷς
3674 3429 3741 3483 τὸ

2095 3521 2356 3597 εὐπρεπὲς
2414 3521 2630 3597 ἀγαγεῖν
2689 3524 2799 3594 (39)
2860 3519 3044 3597 λόγοις
3095 3518 3322 3594 θεωρίας
3383 3517 3742 3596 ὑπερνεφοῦς,

2093 3610 2183 3666 καὶ
2242 3611 2373 3684 ὑπὲρ
2431 3611 2497 3666 τὰ
2553 3612 2794 3686 ἡμέτερα
2827 3612 2996 3685 μέτρα
3024 3615 3125 3679 τῆς
3169 3605 3532 3681 καταλήψεως
3587 3609 3743 3681 (4Ο);

2093 3700 2278 3755 Καίτοι
2308 3705 2476 3756 ταῦτα
2507 3700 2551 3755 εἰ
2587 3701 2680 3775 μὲν
2729 3700 2932 3772 ἀληθῆ,
2985 3699 3115 3772 μήτ’
3159 3696 3614 3773 αἰσχυνέσθωσαν,
3659 3698 3744 3752 καὶ

2094 3791 2608 3869 φιλοτιμεῖσθωσαν,
2658 3791 2716 3862 ἣ,
2749 3790 2832 3844 ὅτι
2867 3791 2943 3863 μὴ
2978 3788 3201 3865 αἰσχρὰ,
3233 3786 3562 3843 πειθέτωσαν
3586 3806 3600 3819 ο
3653 3786 3742 3845 καὶ

2089 3881 2142 3934 τί
2203 3879 2284 3936 δεῖ
2338 3880 2687 3958 καταφεύγειν
2746 3878 2942 3941 αὐτοὺς
3002 3877 3092 3934 ἰπὶ
3151 3878 3242 3933 τὸν
3298 3879 3488 3950 μῦθον,
3521 3877 3596 3939 ὡς
3647 3883 3743 3945 τῆς

2092 3971 2361 4046 αἰσχύνης
2393 3972 2505 4044 (lii)
2536 3967 2944 4045 συγκάλυμμα;
2979 3967 3039 4022 οὐ
3069 3967 3169 4044 γὰρ
3213 3965 3574 4042 θαρῥούντων,
3621 3965 3741 4021 ἀλλ’

2094 4058 2533 4136 ὑποχωρούντων
2567 4059 2594 4112 6
2628 4060 2799 4131 μῦθος
2841 4060 2977 4132 (42)·
3017 4057 3064 4112 εἰ
3096 4055 3154 4112 δὲ
3182 4052 3375 4131 ψευδῆ,
3405 4059 3620 4131 πρῶτον
3651 4055 3740 4128 μὶν

2093 4147 2543 4204 έπιδεικνύτωσαν
2595 4151 2728 4221 ἡμῖν
2773 4168 2901 4210 τους
2960 4143 3201 4222 γυμνοὺς
3251 4141 3567 4222 θεολόγους,
3610 4141 3738 4218 ἵν’ἶί

2088 4234 2226 4310 πρὸς
2276 4234 2510 4298 ἐκείνους
2569 4238 2706 4310 ἡμῖν
2755 4236 2784 4290 ὁ
2829 4233 2997 4310 λόγος
3026 4253 3038 4266 ·
3073 4229 3258 4288 ἔπειτα
3288 4231 3592 4308 λεγέτωσαν
3621 4235 3734 4295 πῶς

2090 4325 2189 4382 οὐκ
2247 4326 2456 4399 εῧηθες,
2516 4327 2596 4389 οἷς
2654 4327 2727 4387 ὡς
2785 4327 3034 4399 μυθικοῖς
3066 4322 3419 4400 αἰσχύνονται
3451 4324 3584 4397 (43),
3614 4320 3736 4377 τού-

2087 4436 2202 4479 τοις
2235 4417 2308 4477 ὡς
2343 4415 2592 4492 ἰσχυροῖς
2625 4414 3064 4484 καλλωπίζεσθαι
3099 4432 3112 4446 ο
3145 4409 3236 4467 καί
3277 4411 3311 4467 ἂ
3335 4411 3466 4475 τοὺς
3495 4409 3732 4474 πολλοὺς

2088 4504 2364 4560 λανθάνειν
2427 4504 2644 4561 δυνατὸν
2707 4505 2798 4575 ἦν,
2850 4503 2914 4561 οὐ
2963 4503 3068 4580 γὰρ
3114 4502 3330 4559 πάντων
3379 4503 3416 4571 ἡ
3446 4498 3734 4568 παίδευσις,

2083 4599 2250 4650 ταῦτα
2309 4592 2654 4668 δημοσιεύειν
2711 4599 2830 4657 ταῖς
2903 4591 3150 4648 ἁπάντων
3224 4585 3408 4666 ὅψεσιν
3486 4588 3539 4646 ἑν
3607 4585 3735 4646 πλά-

2087 4682 2252 4757 σμασί
2281 4685 2390 4756 (44)
2421 4703 2479 4738 τε
2527 4683 2616 4738 καὶ
2665 4684 2939 4757 σχήμασι,
2992 4681 3084 4736 καὶ
3139 4679 3204 4736 τὸ
3254 4675 3584 4753 δεινότατον,
3629 4677 3736 4752 μεθ’

3113 4805 3194 4856 ,οζι

2154 4945 2269 5019 (39)
2298 4941 2394 5019 Εἰς
2440 4941 2504 4996 τὸ
2550 4941 2816 5019 εὐπρεπὲς
2870 4941 3170 5019 ἀγαγεῖν,‹‹
3203 4938 3279 4998 Ut
3306 4955 3376 4997 ea
3405 4940 3476 4997 ad
3509 4939 3730 5000 honesti

2083 5034 2148 5073 ac
2166 5014 2387 5088 decori
2405 5014 2668 5086 speciem
2691 5014 2929 5088 trahere
2955 5014 3179 5088 possit:
3199 5035 3228 5064 »

2129 5079 2498 5236 églggiolvlérpa
2541 5094 2643 5156 τῆς
2695 5079 3081 5160 καταλήψεως.
3149 5086 3317 5143 Pass.
3380 5079 3818 5236 καταλήψεως

2085 5179 2595 5321 “amissam.
2629 5231 2766 5305 Reg.
2799 5231 2904 5302 hu,
2938 5231 3054 5287 duo
3085 5228 3248 5286 Golb.
3279 5230 3337 5286 et
3359 5232 3528 5286 Pass.
3559 5179 3798 5306 ιὶσιχηεέῃ

2085 5321 2349 5445 μοῖίὲρῧ
2393 5374 2581 5445 μῦθος.
2626 5375 2789 5430 Pass.
2821 5370 2960 5427 ἔστιν
3058 5374 3248 5445 μῦθος,
3280 5370 3540 5445 βοὼεῂ,
3582 5369 3612 5425 ὁ
3637 5369 3726 5442 μδ-

2081 5442 2171 5507 οός
2206 5442 2370 5500 ἐστιν.
2395 5442 2467 5500 Ἰο
2498 5447 2632 5502 aliis
2661 5447 2982 5516 omittitur,
3013 5442 3177 5514 ἐστίν,
3209 5443 3299 5502 vel
3329 5443 3607 5501 scribitur
3629 5457 3724 5500 an-

2081 5522 2162 5584 te,
2187 5523 2288 5574 aut
2319 5524 2470 5590 post,
2507 5518 2534 5571 ὁ
2568 5519 2755 5590 μῦθος.

2118 5592 2260 5680 ’,(4ἒξ)
2295 5583 2677 5664 Ᾰίσχύνονται.
2713 5593 2799 5644 Ita
2829 5588 3090 5645 melioris
3121 5591 3274 5645 notas
3301 5586 3552 5645 codices.
3581 5583 3720 5644 Edit.

2079 5679 2466 5735 αισχυνωνται.

2151 5734 2263 5802 (li/1)
2295 5731 2607 5805 Πλάσμασι,
2641 5737 2749 5789 etc.
2781 5731 2987 5805 Comb.
3008 5729 3234 5805 vertit:
3268 5752 3298 5782 ε(
3335 5745 3443 5803 per
3487 5725 3722 5792 etmalo-

2079 5819 2179 5862 cra
2206 5810 2261 5863 et
2293 5803 2647 5865 cerimonias
2676 5807 2734 5863 et
2775 5803 3278 5878 gesticulationss.
3311 5824 3342 5858 η
3409 5807 3414 5811 ‘

3571 6281 3612 6296 ,_
3643 6271 3722 6290 ,ἀντ
3781 6271 3788 6276 π

3517 6275 3814 6381 ςκιῇ”ί
3843 6313 3883 6367 .li
