4028 6402
314 454 435 515 6ὕ¹¹1

1313 450 1605 512 ORATIO
1655 450 1754 511 IV.
1792 484 1866 495 —
1898 451 2210 512 CONTRA
2253 452 2655 515 JULIANUM
2702 454 2748 513 Ῑ.

3636 460 3755 521 658

314 585 449 654 ’ὀσης
478 584 578 651 τῆς
614 580 693 643 εἰς
728 582 995 657 χρήματα
1019 584 1081 650 ζη
1095 582 1241 653 μίας,
1266 576 1318 635 ἕν
1349 601 1407 635 τε
1436 586 1585 643 ναοῖς
1616 581 1704 635 καὶ
1740 582 1961 656 βωμοῖς,

2091 600 2190 654 per
2242 583 2480 655 ﬁguras,
2517 585 2588 640 ob
2642 586 2909 641 omnium
2962 586 3161 642 oculos
3208 603 3444 658 ponere,
3476 591 3752 661 quodque

310 674 407 730 καὶ
462 670 722 748 ἰδρύμασι
775 673 920 744 (45),
972 671 1061 725 καὶ
1106 670 1432 742 ἀναθήμασι,
1480 671 1569 725 καὶ
1620 672 1826 733 θυσίαις
1877 692 1976 725 πο-

312 762 699 833 λυταλάντοις,
750 759 839 815 καὶ
890 758 1145 832 ἀζημίως
1200 763 1314 835 (46)
1366 760 1479 815 ἐνὸν
1533 756 1809 834 εὐσεϐεῖν,
1855 761 1974 815 ἀσε-

311 848 430 909 ϐεῖν
461 852 731 929 αἱρεῖσθαι
767 851 902 925 μετὰ
934 848 1134 924 ζημίας
1164 869 1179 921 ;

389 1123 533 1178 PIH'.
590 1121 655 1175 Ei
715 1118 773 1173 δὲ
846 1116 1015 1173 ταῦτα
1076 1116 1170 1190 μὲν
1226 1120 1466 1183 ποιητῶν
1547 1117 1679 1171 εἶναι
1738 1118 1971 1193 φήσουσι

307 1212 608 1285 πλάσματα
655 1208 745 1264 καὶ
788 1207 1107 1284 ληρήματα,
1143 1206 1238 1261 δύο
1272 1207 1486 1268 τούτοις
1518 1209 1969 1282 προσχρωμένων

316 1302 393 1364 εἲς
424 1302 487 1355 τὸ
516 1300 744 1375 τερπνὸν
790 1305 893 1367 τῆς
935 1299 1232 1368 ποιήσεως,
1290 1296 1470 1371 μέτρῳ
1518 1296 1607 1350 καὶ
1661 1296 1837 1368 μύθῳ,
1881 1297 1969 1350 καὶ

318 1388 1002 1465 οἶονκαταγλυκαινόντων
1030 1388 1247 1448 τούτοις
1294 1388 1393 1454 τήν
1441 1387 1630 1455 ἀκοὴν,
1684 1386 1865 1448 αὐτοῖς
1916 1385 1970 1441 δὲ

319 1477 753 1554 ἀπορῥητότερον
803 1476 937 1531 εἶναι
984 1475 1074 1531 καὶ
1140 1476 1432 1550 βαθύτερον
1482 1476 1572 1529 τὸν
1625 1474 1969 1548 έναποκείμε-

316 1589 403 1623 νον
436 1566 646 1627 τούτοις
673 1564 820 1638 νοῦν,
872 1564 961 1620 καὶ
1012 1560 1263 1619 διαϐατὸν
1319 1562 1533 1639 ὀλίγοις
1579 1568 1685 1618 τῶν
1739 1567 1971 1642 σοφωτὲ-

312 1678 443 1734 ρων,
496 1661 769 1727 σκοπεῖτε,
804 1655 879 1718 ὠς
929 1652 1122 1717 ἁπλῶς
1168 1653 1257 1709 καὶ
1313 1651 1537 1715 δικαίως
1588 1654 1711 1725 περὶ
1759 1653 1965 1708 τούτων

308 1747 416 1823 ἐγὼ
449 1744 790 1819 διαλέξομαι.
840 1748 1063 1819 Πρῶτον
1115 1746 1207 1818 μὲν
1259 1748 1379 1805 πῶς
1429 1742 1707 1797 ἐπαινοῦσι
1736 1742 1863 1805 τοὺς
1892 1745 1963 1797 ὧν

308 1832 558 1892 σέϐουσιν
622 1831 875 1913 ὑϐριστὰς
931 1837 1095 1907 (47),
1154 1833 1244 1888 καὶ
1322 1833 1519 1907 μικροῦ
1576 1837 1684 1887 τῶν
1748 1833 1968 1887 ἰσοθέων

311 1926 518 1996 ἀξιοῦσι
560 1928 764 1998 τιμῶν,
812 1926 897 1987 οἷς
943 1925 1004 1979 τὸ
1039 1924 1115 1998 μὴ
1165 1921 1351 1978 δοῦναι
1400 1920 1554 1992 δίκην
1583 1929 1681 1991 τῆς
1720 1919 1965 1985 ἀσεϐείας
2001 1967 2043 2030 Β

355 2017 364 2030 l
416 2014 439 2030 Α
585 2012 610 2030 ν
855 2017 884 2030 ν
988 2013 1048 2030 n9
1145 2013 1158 2029 \
1314 2018 1338 2029 υ
1446 2012 1460 2030 ν
1542 2008 1565 2027 Π
1688 2016 1791 2030 [ιιήχ
1850 2025 1861 2030 ,
1911 2014 1921 2027 ι

311 2014 502 2090 κέρδος
548 2012 803 2089 αὔταρκες
845 2017 911 2083 ἦν
941 2032 954 2083 ;
988 2013 1051 2068 Εἰ
1101 2013 1202 2090 γὰρ
1248 2018 1367 2075 τοῖς
1418 2012 1494 2074 εἷς
1542 2008 1634 2066 ἕνα
1681 2016 1795 2087 (48)
1845 2014 1962 2076 θεὸν

311 2106 486 2161 αὐτῶν
520 2103 608 2159 καὶ
650 2102 761 2176 ἰδίᾳ
808 2104 896 2159 καὶ
951 2104 1117 2178 μικρὰ
1166 2105 1277 2177 (49)
1330 2101 1757 2179 βλασφημήσασι
1804 2103 1963 2156 θάνα-

304 2217 397 2258 τος
430 2196 463 2263 ἢ
496 2193 670 2268 ζημία
880 2194 1027 2270 παρα
1075 2197 1183 2247 τῶν
1233 2192 1438 2266 νόμων,
1486 2192 1539 2246 τί
1581 2194 1811 2267 πάσχειν
1856 2189 1962 2246 ἔδει

304 2286 430 2347 τοὺς
464 2290 624 2339 πᾶσιν
661 2286 802 2357 ὁμοῦ
837 2282 924 2337 καὶ
959 2280 1219 2356 δημοσίᾳ,
1251 2283 1342 2336 καὶ
1372 2281 1459 2336 ἐπὶ
1489 2286 1607 2344 τοῖς
1657 2280 1961 2357 αἶσχίστοις

304 2374 626 2451 ἐπαφιέντας
656 2374 757 2444 τὴν
790 2372 1035 2444 ποίησιν,
1066 2370 1156 2426 καὶ
1192 2376 1384 2447 μακρῷ
1413 2370 1603 2447 χρόνῳ
1624 2368 1960 2447 παραδόντας

303 2465 403 2532 τὴν
436 2461 733 2536 κωμῳδίαν
772 2464 1042 2533 ;“Έπειτα
1085 2462 1175 2516 καὶ
1221 2465 1384 2516 τοῦτο
1434 2461 1735 2537 λογίζεσθαι
1789 2459 1956 2534 ἄξιον·

307 2551 407 2607 εἰσὶ
449 2552 539 2607 καὶ
586 2553 712 2625 παρ’
760 2554 896 2625 ἡμῖν
944 2553 1061 2607 κατ’
1104 2549 1387 2627 ἐπίκρυψιν
1442 2550 1604 2625 λόγοι
1650 2551 1813 2617 τινες,
1864 2549 1962 2604 οὐκ

304 2643 648 2718 ἀρνήσομαι,
702 2640 849 2697 ἀλλὰ
896 2640 978 2703 τίς
1021 2642 1048 2695 ὁ
1098 2641 1303 2717 τρόπος
1357 2644 1464 2713 (51)
1513 2639 1687 2695 αὐτῶν
1733 2648 1832 2709 τῆς
1885 2638 1960 2695 δι-

302 2732 505 2803 πλόης,
536 2732 625 2788 καὶ
656 2732 745 2796 τίς
775 2735 809 2802 ἡ
844 2729 1072 2805 δύναμις
1106 2750 1121 2801 ;
1154 2728 1293 2789 Οὔτε
1321 2732 1384 2786 τὸ
1435 2730 1759 2808 φαινόμενον
1793 2731 1957 2807 ἀπρε-

302 2823 421 2894 πὲς,
470 2822 561 2877 καὶ
611 2824 674 2877 τὸ
722 2821 1094 2895 κρυπτόμενον
1143 2822 1443 2895 Θαυμάσιον
1492 2823 1601 2894 (52)
1643 2820 1731 2875 καὶ
1784 2822 1958 2895 ὑπέρ-

308 2910 562 2987 λαμπρον
592 2916 711 2974 τοῖς
743 2910 819 2974 εὶς
848 2912 912 2966 τὸ
947 2912 1113 2987 βάθος
1150 2909 1540 2987 εἰσαγομένοις,
1572 2911 1661 2964 καὶ
1695 2908 1876 2986 ὥσπερ
1906 2932 1959 2964 τι

311 3004 472 3072 σῶμα
497 2998 662 3055 καλὸν
694 2996 786 3055 itii
834 3000 1149 3076 ἀπρόσιτον,
1178 3000 1238 3056 οὐ
1288 3000 1468 3079 φαύλῃ
1516 3004 1584 3073 τῇ
1634 2999 1815 3070 ἐσθῆτι
1857 3020 1957 3055 πε-

311 3087 715 3163 ρικαλύπτεται·
778 3085 861 3143 δεῖ
915 3089 1038 3164 γὰρ,
1097 3089 1171 3151 ὡς
1225 3095 1353 3164 γοῦν
1406 3086 1595 3165 ἔμοιγε
1640 3087 1807 3159 δοκεῖ,
1852 3094 1954 3144 τῶν

307 3178 463 3242 θείων
527 3176 668 3252 μηδὲ
720 3177 815 3241 τὰς
871 3175 1119 3248 ἐνδείξεις
1175 3182 1288 3249 (53)
1321 3227 1337 3247 ,
1394 3180 1484 3234 καὶ
1541 3180 1637 3241 τὰς
1698 3180 1954 3258 ἐμφάσεις

300 3268 562 3343 ἀπρεπεῖς
617 3270 751 3323 εἶναι
794 3270 884 3323 καὶ
932 3268 1152 3339 ἀναξίας
1199 3273 1305 3324 τῶν
1354 3268 1749 3342 δηλουμένων,
1816 3267 1957 3342 μηδὲ

2088 673 2498 743 gravissimum
2532 680 2771 745 est,non
2806 675 2931 731 sine
2964 676 3219 732 maximo
3251 679 3632 747 pecuniarum
3656 682 3751 737 de-

2086 759 2383 827 trimento,
2400 761 2458 815 in
2490 762 2747 834 templis,
2767 763 2907 831 aris,
2934 763 3166 832 statuis,
3191 752 3471 835 donariis,
3495 783 3560 821 ac
3582 784 3744 823 sum-

2085 850 2485 921 ptuosissimis
2513 852 2838 922 sacriﬁciis,
2864 868 3119 924 cumque
3150 852 3295 908 citra
3326 853 3409 908 rei
3439 854 3744 911 familiaris

2084 939 2459 1010 dispendium
2506 941 2781 1013 pietatem
2832 941 3021 998 colere
3069 940 3259 1010 liceat,
3312 941 3564 1014 impium
3614 960 3743 1001 esse

2084 1027 2255 1083 malle
2284 1045 2416 1083 cum
2449 1030 2847 1085 detrimento?

2152 1118 2392 1175 CXVIII.
2427 1121 2591 1185 Quod
2640 1120 2690 1174 si
2721 1120 2976 1175 dixerint
3025 1119 3148 1175 hac
3182 1120 3423 1191 quidem
3472 1136 3602 1177 esse
3634 1124 3739 1193 fig-

2083 1212 2283 1263 menta
2311 1213 2367 1263 et
2398 1214 2757 1281 nugamenta
2792 1212 3121 1280 poetarum,
3155 1209 3260 1280 qui
3292 1211 3408 1266 duo
3440 1209 3583 1279 haec,
3609 1229 3740 1268 car-

2082 1314 2213 1352 men
2247 1297 2472 1353 scilicet
2502 1302 2559 1353 et
2588 1298 2867 1365 fabulam,
2903 1299 2974 1353 ad
3006 1298 3433 1355 conciliandam
3465 1301 3741 1372 poesiju-

2080 1387 2462 1455 cunditatem,
2488 1387 2788 1456 adhibere,
2812 1391 2991 1459 atque
3011 1387 3085 1442 iis
3104 1404 3306 1443 aurem
3328 1389 3488 1445 velut
3508 1391 3738 1445 demul-

2080 1492 2207 1531 cere
2237 1476 2526 1531 voluerint
2556 1494 2568 1543 ;
2603 1481 2881 1530 caeterum
2930 1492 3066 1531 vero
3098 1475 3365 1532 altiorem
3397 1481 3455 1533 et
3501 1480 3739 1535 abstru-

2078 1564 2292 1619 siorem
2324 1563 2384 1619 in
2416 1564 2487 1619 iis
2518 1581 2759 1620 sensum
2793 1565 3157 1620 reconditum
3188 1582 3336 1633 esse,
3369 1570 3546 1638 atque
3576 1568 3737 1639 ejus-

2078 1654 2258 1724 modi,
2311 1658 2376 1708 ut
2424 1654 2851 1725 sapientiorum
2902 1654 3073 1725 pauci
3123 1656 3195 1710 ad
3243 1672 3379 1710 eum
3436 1661 3740 1727 penetrare

2079 1744 2309 1814 possint
2335 1761 2346 1798 :
2368 1744 2557 1798 videte
2583 1760 2765 1815 quam
2790 1744 3139 1815 simpliciter
3170 1747 3227 1800 et
3246 1760 3409 1817 aeque
3431 1746 3501 1801 de
3523 1746 3615 1802 his
3647 1765 3740 1803 re-

2078 1834 2188 1888 bus
2221 1833 2952 1901 disseram.Primum,cur
2980 1850 3079 1889 eos
3111 1835 3211 1906 qui
3236 1834 3360 1891 suis
3390 1836 3739 1893 numinibus

2077 1923 2464 1979 contumelias
2494 1924 2772 1993 inferunt,
2806 1923 3068 1991 laudant,
3093 1924 3425 1997 divinisque
3456 1941 3603 1997 pene
3637 1928 3738 1982 ho-

2076 2014 2318 2068 noribus
2336 2014 2850 2083 afliciunt,quibus
2871 2014 3193 2085 impietatis
3214 2031 3448 2085 poenam
3474 2033 3584 2071 non
3611 2034 3737 2087 per-

2074 2102 2297 2158 solvere
2329 2103 2473 2159 satis
2501 2108 2763 2173 amplum
2796 2102 3025 2158 lucrum
3059 2103 3230 2158 erat?
3261 2103 3407 2158 Nam
3439 2106 3489 2158 si
3520 2105 3577 2158 in
3611 2122 3731 2172 eos,

2073 2192 2173 2264 qui
2192 2209 2375 2247 unum
2390 2193 2727 2264 quempiam
2744 2193 2987 2247 deorum
3004 2209 3247 2247 suorum
3267 2193 3537 2264 privatim
3553 2195 3730 2250 etiam

2072 2298 2139 2336 ac
2172 2282 2281 2336 levi
2316 2282 2625 2338 maledicto
2655 2282 2971 2347 affecerint,
3003 2280 3092 2336 vel
3123 2281 3311 2337 multa
3340 2283 3429 2339 vel
3461 2284 3731 2355 capitalis

2072 2388 2241 2443 poena
2271 2371 2499 2443 legibus
2531 2372 2849 2427 constituta
2875 2372 2971 2437 sit,
3009 2388 3157 2442 quas
3188 2372 3425 2428 tandem
3460 2390 3558 2428 eos
3593 2391 3730 2444 pen-

2071 2462 2206 2516 dere
2236 2462 2557 2532 oportebat,
2591 2461 2691 2532 qui
2743 2462 2801 2516 in
2834 2478 3040 2516 omnes
3070 2461 3250 2515 simul
3299 2466 3358 2517 et
3389 2462 3640 2534 publice,
3675 2469 3732 2519 et

2071 2551 2143 2605 ob
2157 2550 2478 2605 foedissima
2492 2550 2713 2621 flagitia
2737 2550 2928 2621 poesis
2951 2566 3069 2604 suae
3093 2550 3322 2606 aculeos
3345 2551 3727 2617 strinxerunt,

2071 2644 2245 2711 atque
2275 2640 2425 2694 hanc
2457 2640 2800 2695 comoediam
2843 2638 3095 2709 posteris
3126 2639 3186 2692 in
3218 2639 3462 2711 longum
3494 2644 3729 2712 tempus

2069 2730 2481 2785 tradiderunt?
2511 2730 2660 2783 Tum
2710 2729 2819 2784 hoc
2851 2745 3088 2800 quoque
3138 2729 3510 2784 considerare
3541 2745 3728 2801 operae

2070 2820 2322 2893 pretium
2356 2820 2560 2876 fuerit:
2583 2822 2723 2875 sunt
2752 2818 2929 2874 etiam
2963 2819 3117 2890 apud
3151 2835 3257 2874 nos
3279 2818 3463 2874 abditi
3485 2818 3727 2891 quidam

2070 2914 2127 2964 et
2173 2908 2465 2981 allegorici
2518 2924 2838 2976 sermones,
2899 2923 3005 2963 nec
3056 2908 3114 2961 id
3164 2922 3471 2979 negavero,
3522 2925 3726 2964 verum

2070 3016 2339 3072 quaenam
2388 2998 2643 3070 duplicis
2690 3014 2893 3053 eorum
2927 3012 3137 3052 sensus
3166 2999 3257 3051 est
3304 2996 3472 3067 ratio,
3495 3000 3553 3052 et
3599 3014 3727 3069 quae

2067 3090 2154 3145 vis
2186 3106 2251 3143 ac
2283 3092 2542 3160 potestas
2564 3088 2590 3141 ?
2615 3087 2729 3142 Nec
2750 3091 2989 3142 externa
3019 3086 3243 3158 species
3262 3085 3540 3141 indecora
3559 3090 3616 3141 et
3637 3086 3725 3141 in-

2068 3178 2314 3235 honesta
2361 3182 2469 3245 est,
2511 3181 2567 3233 et
2612 3177 2767 3248 quod
2822 3178 2980 3231 144
3029 3174 3375 3243 occultatur,
3427 3175 3726 3231 admiran-

2067 3271 2209 3325 dum
2240 3272 2349 3335 est,
2383 3268 2593 3339 iisque,
2611 3266 2712 3338 qui
2743 3266 2803 3320 in
2835 3265 3157 3337 penetralia
3182 3264 3311 3337 ipsa
3339 3265 3721 3337 inducuntur,

297 3356 440 3421 οἵαις
495 3358 555 3413 ἃν
604 3359 694 3413 καὶ
745 3360 858 3432 (54)
909 3354 1181 3431 ἅνθρωποι
1233 3357 1554 3434 λεγομέναις
1605 3361 1730 3436 περὶ
1778 3360 1953 3414 αὐτῶν

2078 3359 2215 3414 mire
2244 3358 2642 3429 splendidum,
2676 3373 2742 3411 ac
2772 3354 3153 3427 pulcherrimi
3186 3354 3374 3410 instar
3412 3355 3723 3425 cujusdam

294 3446 721 3524 δυσχεραίνοιεν·
773 3448 901 3504 ἀλλ’
943 3450 977 3517 ἢ
1026 3450 1087 3503 τὸ
1130 3448 1424 3504 κάλλιστον
1477 3450 1692 3511 πάντως
1724 3446 1891 3525 ἔχειν,
1924 3452 1957 3519 ἢ

294 3539 376 3611 μή
408 3539 470 3593 τὸ
528 3536 954 3614 αἷ¹σχιστον,’ίνα
1006 3538 1069 3592 τὸ
1134 3538 1227 3611 μὲν
1284 3537 1413 3601 τοὺς
1474 3538 1816 3616 σοφωτέρους
1868 3539 1955 3595 εὐ-

289 3625 515 3706 φραίνῃ,
547 3628 609 3682 τὸ
641 3626 699 3685 δὲ
729 3630 803 3700 μή
989 3626 1204 3701 βλάπτῃ
1232 3626 1361 3690 τοὺς
1388 3624 1667 3689 πλείονας.

2068 3449 2327 3521 corporis
2379 3446 2685 3512 inaccessi,
2720 3446 2879 3500 haud
2929 3445 3300 3516 aspernanda
3330 3448 3490 3499 veste
3526 3449 3733 3500 conte-

2067 3540 2243 3611 gitur.
2278 3538 2494 3591 Rerum
2546 3536 2704 3589 enim
2748 3535 3103 3601 divinarum,
3138 3550 3269 3588 mea
3323 3533 3565 3604 quidem
3597 3550 3731 3589 sen-

2067 3629 2271 3694 tentia,
2308 3644 2379 3681 ne
2427 3625 2812 3680 indicationes
2843 3624 3082 3693 quidem
3133 3624 3294 3693 ipsas
3341 3626 3727 3695 externasque

286 3719 524 3791 species
556 3718 901 3775 inhonestae
935 3735 1063 3775 esse
1092 3719 1383 3784 convenit,
1416 3719 1709 3791 rebusque
1757 3718 2105 3790 signiﬁcatis
2139 3716 2432 3785 indignas,
2467 3731 2533 3769 ac
2578 3714 2829 3782 denique
2859 3711 3026 3779 tales,
3074 3715 3139 3765 ut
3177 3710 3447 3767 homines
3494 3727 3730 3784 quoque

287 3808 410 3881 ipsi
443 3824 541 3865 eas
574 3809 644 3864 de
674 3825 738 3864 se
786 3808 1089 3880 praedicari
1121 3809 1474 3881 permoleste
1521 3808 1698 3863 laturi
1732 3808 1886 3875 sint;
1918 3824 2121 3865 verum
2152 3810 2253 3861 aut
2301 3804 2617 3859 maximam
2667 3802 2907 3858 omnino
2938 3800 3437 3873 pulchritudinem
3490 3801 3729 3873 habere,

290 3902 404 3955 aut
435 3901 589 3954 certe
620 3915 655 3954 θ.
684 3914 922 3955 summa
968 3897 1339 3970 turpitudine
1370 3898 1596 3969 abesse,
1631 3901 1697 3952 ut
1740 3897 1958 3969 partim
2009 3896 2358 3953 eruditiores
2408 3893 2719 3959 oblectent,
2754 3890 2968 3963 partim
3018 3888 3177 3961 vulgi
3217 3890 3449 3946 animos
3480 3889 3727 3947 minime

288 3987 670 4044 labefactent.

378 4078 513 4130 PIG’.
554 4076 706 4149 Ὑμῖν
759 4073 817 4129 δὲ
856 4069 980 4129 οὔτε
1026 4074 1090 4129 τὸ
1138 4075 1432 4148 νοούμενον
1483 4074 1811 4148 ἀξιόπιστον,
1866 4077 1956 4130 καὶ

290 4165 363 4219 τὸ
412 4159 866 4239 προϐεϐλημένον
920 4162 1190 4241 ὀλέθριον.
1230 4164 1341 4219 Καὶ
1389 4165 1471 4227 τίς
1522 4168 1556 4235 ἡ
1607 4165 1815 4228 σύνεσις
1869 4165 1958 4219 διὰ

292 4251 575 4333 βορϐόρου
759 4255 896 4327 πρὸς
947 4253 1110 4310 πόλιν
1154 4256 1324 4330 ἄγειν,
1369 4255 1405 4325 ἢ
1440 4253 1531 4310 διὰ
1574 4251 1867 4333 προϐόλων
1898 4278 1957 4309 τε

287 4344 387 4400 οιαὶ
439 4344 659 4422 ὑφάλων
715 4343 792 4406 εἲς
845 4341 1017 4420 ὅρμον
1072 4343 1377 4419 ἐπείγεσθαι
1411 4363 1426 4414 ;
1465 4344 1527 4399 Τί
1575 4345 1678 4422 γὰρ
1732 4346 1790 4400 ἐκ
1831 4345 1955 4400 τού-

286 4456 393 4492 του
443 4436 557 4508 (57)
604 4429 942 4508 συμϐήσεται
977 4461 989 4504 ,
1022 4434 1113 4489 καὶ
1159 4434 1211 4489 τί
1258 4439 1365 4489 τῶν
1416 4432 1601 4511 λόγων
1641 4436 1704 4489 τὸ
1735 4438 1902 4511 πέρας
1936 4456 1949 4505 ;

292 4523 378 4581 Σὺ
413 4524 505 4597 μὲν
540 4522 827 4600 ληρήσεις,
857 4523 947 4579 καὶ
997 4524 1407 4600 ἀλληγορήσεις
1457 4526 1559 4587 τὰς
1603 4525 1695 4587 σὰς
1727 4524 1954 4601 ἀτυχίας

192 4620 201 4621 ί
289 4617 327 4687 ἣ
395 4613 709 4692 φαντασίας⁸
768 4616 797 4669 ὁ
855 4611 913 4669 δὶ
970 4614 1290 4686 πεισόμενος
1348 4614 1448 4669 οὐκ
1504 4612 1670 4669 ἔσται·
1730 4617 1792 4669 τὸ
1850 4617 1952 4689 γὰρ

293 4706 582 4781 ὁρώμενον
610 4705 997 4781 πιθανώτερον.
1031 4701 1169 4761 Οῧτε
1217 4700 1307 4758 οὗν
1357 4704 1448 4758 τὸν
1506 4702 1774 4777 ἀκροατὴν
1808 4699 1953 4773 ὤνη-

296 4815 416 4867 σας,
450 4794 540 4849 καὶ
576 4793 668 4850 τὸν
719 4796 914 4864 θεατὴν
966 4791 1255 4855 ἀπώλεσας
1310 4793 1446 4867 μετὰ
1491 4796 1587 4848 τοῦ
1628 4792 1955 4869 φαινομένου

398 5032 487 5103 45)
514 5026 811 5103 Ἱδρύμασι.
843 5029 1008 5103 Pass.
1043 5025 1360 5103 ίδρύσμασι.

398 5033 466 5087 45
514 5032 584 5085 Ἱδ
624 5032 811 5103 ύμασι.
843 5032 1008 5086 Pass.
1043 5032 1360 5102 ἱδρύσμασι.

515 5048 825 5191 ﬁgam;
859 5101 1016 5187 Gplb.
1052 5102 1110 5191 k,
1143 5100 1423 5191 ἀζημίοις,

374 5166 482 5250 (47)
515 5166 977 5250 ῌζιξς”ἔπαινοῢσι
1027 5166 1288 5250 τοὺς-ζῶν
1349 5169 1595 5229 σέϐουσιν
1637 5166 1959 5250 Δὑϐρισσνεάς;

301 5246 473 5305 Βειιε⁷
505 5246 713 5305 Billius
763 5247 823 5301 in
878 5247 1071 5319 prima
1110 5247 1253 5303 edit.
1290 5268 1318 5297 «
1349 5264 1455 5303 cur
1483 5246 1797 5301 numinum
1830 5262 1962 5300 suo-

303 5338 434 5379 rum
467 5318 891 5391 convicjatores
920 5318 1209 5376 laudant?
1239 5341 1267 5369 »
1300 5320 1361 5373 In
1394 5320 1578 5375 Paris.
1608 5318 1963 5391 praetermis-

306 5408 455 5459 sum,
488 5393 561 5446 ὧν
596 5386 831 5459 σέϐουσι.

377 5458 487 5537 (48)
528 5463 622 5525 Εἲς
668 5458 779 5518 ἕνα.
838 5466 1009 5520 Deest
1062 5459 1136 5521 ἐις
1184 5462 1242 5517 in
1295 5463 1528 5518 duobus
1572 5462 1750 5535 Regg.
1800 5463 1962 5517 Pass.

308 5541 415 5593 etc.

404 5608 493 5680 49)
524 5604 657 5679 Ἰδίᾳ
684 5604 777 5680 καῖ
810 5603 997 5680 μικρά.
1034 5605 1139 5661 Hic
1173 5606 1583 5663 adverbialiter
1612 5606 1820 5680 posita.

313 5748 489 5827 quem
519 5748 839 5827 aequinon
870 5748 1237 5827 dubitamus:
1268 5752 1330 5827 In
1360 5750 1504 5827 edit.
1532 5748 1796 5827 ἡζημιίαιζ

379 5828 497 5905 (51)
524 5820 621 5891 Τίξ
651 5825 679 5881 ὁ
705 5822 927 5901 τρόπος.
988 5822 1131 5897 Reg.
1174 5839 1230 5899 v,
1280 5822 1442 5886 Golb.
1489 5823 1548 5897 k,
1600 5820 1732 5884 su.
1764 5820 1967 5883 Gomb.

404 5610 470 5665 49
524 5608 657 5679 Ἰδίᾳ
684 5608 774 5661 καὶ
810 5608 997 5680 μικρά.
1034 5608 1139 5661 Hic
1173 5608 1583 5663 adverbialiter
1612 5608 1820 5678 posita.

380 5608 495 5754 (50)
524 5680 594 5734 "H
644 5677 834 5763 ζημία.
882 5679 1165 5763 _Sic__Reg.
1217 5698 1289 5763 γε
1319 5680 1499 5763 codex
1529 5679 1764 5763 optima?
1798 5682 1965 5747 notae,

2139 4076 2323 4130 CXIX.
2355 4074 2524 4146 Apud
2553 4089 2657 4127 vos
2688 4075 2909 4137 contra,
2941 4084 3048 4125 nec
3079 4069 3236 4140 quod
3276 4068 3725 4141 intelligendum

2066 4165 2431 4239 proponitur,
2469 4164 2643 4218 ﬁdem
2677 4165 2952 4228 meretur,
2987 4163 3043 4215 et
3079 4160 3235 4231 quod
3269 4162 3502 4215 externe
3536 4160 3721 4215 oculis

2066 4256 2362 4328 objicitur,
2406 4255 2708 4309 funestum
2756 4256 2813 4307 et
2865 4249 3176 4306 exitiosum
3225 4254 3332 4306 est.
3367 4247 3501 4312 Quae
3555 4266 3726 4321 porro

2066 4345 2379 4418 prudentia
2409 4347 2498 4400 est
2528 4360 2631 4414 per
2656 4358 2887 4397 ccenum
2920 4340 2993 4395 ad
3024 4339 3231 4395 urbem
3253 4340 3484 4406 ducere,
3504 4343 3605 4394 aut
3628 4356 3729 4411 per

2063 4454 2204 4493 saxa
2232 4441 2290 4491 et
2344 4434 2617 4506 scopulos
2665 4432 2737 4487 ad
2792 4430 3105 4487 stationem
3150 4427 3547 4485 contendere?
3575 4429 3724 4493 Quid

2064 4526 2220 4580 enim
2252 4539 2321 4578 ex
2352 4539 2419 4578 eo
2450 4521 2696 4587 accidet,
2721 4524 2780 4575 et
2810 4519 2944 4591 quis
2974 4518 3288 4573 verborum
3321 4518 3457 4573 ﬁnis
3489 4518 3726 4573 futurus

2064 4618 2209 4669 est?
2254 4614 2340 4667 Tu
2384 4610 2622 4681 quidem
2672 4608 3010 4679 nugaberis,
3044 4612 3298 4678 tuosque
3348 4622 3574 4662 errores
3627 4612 3729 4661 aut

2066 4701 2249 4759 animi
2302 4702 2600 4772 ﬁgmenta,
2638 4713 2814 4752 sensu
2851 4696 3163 4767 allegorico
3219 4694 3542 4766 explicabis
3577 4711 3589 4748 :
3623 4696 3724 4765 qui

2066 4796 2261 4849 autem
2293 4790 2399 4847 tibi
2429 4788 2606 4843 ﬁdem
2638 4786 2870 4857 habeat,
2888 4802 3004 4842 non
3035 4785 3163 4841 erit.
3179 4785 3326 4841 Nam
3361 4784 3519 4855 quod
3539 4782 3728 4840 oculis

2287 5022 2434 5078 όγος.

2070 5023 2793 5205 τίῖέῗὲἶὲίιέςμάῗιονᾌξξθε.
2829 5095 2867 5161 f,
2911 5094 3072 5150 Colb.
3106 5093 3163 5163 k,
3197 5094 3254 5147 et
3283 5090 3443 5148 Pass.
3479 5092 3728 5163 addunt,

2073 5170 2161 5223 καὶ
2196 5166 2427 5237 ὑψηλόν,
2461 5170 2518 5222 et
2548 5166 2885 5237 sublime.»

2149 5193 2161 5222 ι
2196 5193 2427 5237 υνηΛον,
2461 5193 2518 5222 διο
2548 5193 2820 5223 δυυιιιιιυ.
2856 5193 2885 5215 υ

2147 5193 2263 5315 (53L)
2291 5237 2612 5315 ’EvSsiEeic._
2627 5238 2787 5315 Pass.
2822 5231 3119 5315 ἐπιδείξεις.

2146 5306 2259 5384 (54)
2292 5306 2945 5384 ”Αν,καί.Ηξεο-ιὶεειιι]ε
2979 5309 3039 5384 in
3072 5307 3302 5384 duobus
3334 5306 3515 5380 Regg.

2169 5377 2260 5455 δε)
2290 5386 2359 5437 Τὸ
2393 5382 2449 5437 ’δὲ
2484 5381 2776 5455 μήλοοιι).
2811 5382 2961 5449 1ς,τὸ
2992 5379 3049 5434 δὲ
3072 5377 3164 5433 τινα
3193 5380 3290 5450 μή.

2292 5456 2388 5510 Διὰ
2425 5450 2732 5582 1βορϐόρου,
2785 5458 2894 5510 etc.
2945 5476 2973 5504 ‹‹
3022 5458 3130 5509 Per
3158 5468 3391 5509 ccenum
3424 5452 3496 5507 ad
3528 5451 3731 5507 urbem

2169 5546 2310 5582 aere.
2346 5552 2373 5578 ››
2471 5524 2809 5582 roverbialis
2858 5526 3072 5582 locutio
3113 5524 3417 5582 commode
3450 5528 3731 5582 usurpata

2079 5524 2310 5587 ducere.
2346 5552 2373 5578 ››
2425 5524 2809 5582 Prdverbialis
2858 5526 3072 5582 locutio
3113 5524 3417 5582 commode
3450 5528 3732 5594 usurpata

2078 5605 2360 5659 adversus
2390 5617 2509 5665 eos,
2565 5598 2663 5669 qui
2699 5612 2801 5668 per
2829 5600 3115 5655 obscenas
3142 5597 3371 5654 fabulas
3404 5598 3475 5652 ad
3510 5594 3731 5667 allego—

2079 5677 2230 5731 ricos
2262 5689 2472 5729 sensus
2506 5671 2749 5725 ducunt.

2151 5748 2261 5820 (57)
2291 5743 2514 5799 Τούτου.
2540 5741 2715 5799 Savil.
2746 5739 2973 5796 τούτων.

2147 5388 2162 5529 ἓ
