  <div class='ocr_page' id='page_1' title='image "/cluster/home/n/w/nwhite01/storage/ocr_20150623/35:no.1/coo.31924054869320/336.png"; bbox 0 0 4028 6404; ppageno 0'>
   <div class='ocr_carea' id='block_1_1' title="bbox 333 433 461 495">
    <p class='ocr_par' dir='ltr' id='par_1_1' title="bbox 333 433 461 495">
     <span class='ocr_line' id='line_1_1' title="bbox 333 433 461 495; baseline 0 -1"><span class='ocrx_word' id='word_1_1' title='bbox 333 433 461 495; x_wconf 83' lang='grc'>661</span> 
     </span>
    </p>
   </div>
   <div class='ocr_carea' id='block_1_2' title="bbox 1343 435 2781 498">
    <p class='ocr_par' dir='ltr' id='par_1_2' title="bbox 1343 435 2781 498">
     <span class='ocr_line' id='line_1_2' title="bbox 1343 435 2781 498; baseline 0 -4"><span class='ocrx_word' id='word_1_2' title='bbox 1343 435 1638 496; x_wconf 77' lang='lat' dir='ltr'><strong>ORATIO</strong></span> <span class='ocrx_word' id='word_1_3' title='bbox 1681 436 1786 498; x_wconf 87' lang='lat' dir='ltr'>1V.</span> <span class='ocrx_word' id='word_1_4' title='bbox 1820 469 1897 478; x_wconf 94' lang='lat'>-—</span> <span class='ocrx_word' id='word_1_5' title='bbox 1929 437 2241 496; x_wconf 85' lang='lat' dir='ltr'>CONTRA</span> <span class='ocrx_word' id='word_1_6' title='bbox 2286 435 2689 498; x_wconf 76' lang='lat' dir='ltr'>JULIANUM</span> <span class='ocrx_word' id='word_1_7' title='bbox 2732 437 2781 496; x_wconf 93' lang='lat' dir='ltr'>I.</span> 
     </span>
    </p>
   </div>
   <div class='ocr_carea' id='block_1_3' title="bbox 3653 439 3772 498">
    <p class='ocr_par' dir='ltr' id='par_1_3' title="bbox 3653 439 3772 498">
     <span class='ocr_line' id='line_1_3' title="bbox 3653 439 3772 498; baseline 0 0"><span class='ocrx_word' id='word_1_8' title='bbox 3653 439 3772 498; x_wconf 79' lang='lat'>662</span> 
     </span>
    </p>
   </div>
   <div class='ocr_carea' id='block_1_4' title="bbox 329 561 1997 640">
    <p class='ocr_par' dir='ltr' id='par_1_4' title="bbox 329 561 1997 640">
     <span class='ocr_line' id='line_1_4' title="bbox 329 561 1997 640; baseline -0.001 -20"><span class='ocrx_word' id='word_1_9' title='bbox 329 565 430 620; x_wconf 83' lang='grc' dir='ltr'>καὶ</span> <span class='ocrx_word' id='word_1_10' title='bbox 491 562 682 640; x_wconf 85' lang='grc' dir='ltr'>Κρόνῳ</span> <span class='ocrx_word' id='word_1_11' title='bbox 737 561 864 626; x_wconf 79' lang='grc' dir='ltr'>Ζεὺς</span> <span class='ocrx_word' id='word_1_12' title='bbox 921 562 1366 638; x_wconf 77' lang='grc' dir='ltr'>ἐπανιστάμενος,</span> <span class='ocrx_word' id='word_1_13' title='bbox 1421 565 1557 621; x_wconf 84' lang='grc' dir='ltr'>κατά</span> <span class='ocrx_word' id='word_1_14' title='bbox 1617 566 1849 640; x_wconf 81' lang='grc' dir='ltr'>μίμησιν</span> <span class='ocrx_word' id='word_1_15' title='bbox 1906 563 1997 621; x_wconf 72' lang='grc' dir='ltr'>τοῦ</span> 
     </span>
    </p>
   </div>
   <div class='ocr_carea' id='block_1_5' title="bbox 2120 561 3773 640">
    <p class='ocr_par' dir='ltr' id='par_1_5' title="bbox 2120 568 3773 639">
     <span class='ocr_line' id='line_1_5' title="bbox 2120 568 3773 639; baseline 0.002 -17"><span class='ocrx_word' id='word_1_16' title='bbox 2120 568 2394 624; x_wconf 83' lang='lat' dir='ltr'>ﬂuctibus</span> <span class='ocrx_word' id='word_1_17' title='bbox 2428 569 2542 635; x_wconf 88' lang='lat' dir='ltr'>det,</span> <span class='ocrx_word' id='word_1_18' title='bbox 2578 572 2641 622; x_wconf 91' lang='lat' dir='ltr'>ut</span> <span class='ocrx_word' id='word_1_19' title='bbox 2671 569 2862 635; x_wconf 89' lang='lat' dir='ltr'>deam,</span> <span class='ocrx_word' id='word_1_20' title='bbox 2897 583 3118 639; x_wconf 57' lang='lat' dir='ltr'>spumae</span> <span class='ocrx_word' id='word_1_21' title='bbox 3151 568 3356 636; x_wconf 87' lang='lat' dir='ltr'>fetum,</span> <span class='ocrx_word' id='word_1_22' title='bbox 3381 569 3638 625; x_wconf 85' lang='lat' dir='ltr'>efﬁciant</span> <span class='ocrx_word' id='word_1_23' title='bbox 3672 596 3686 638; x_wconf 85' lang='lat'><strong>;</strong></span> <span class='ocrx_word' id='word_1_24' title='bbox 3718 579 3773 627; x_wconf 86' lang='lat' dir='ltr'>et</span> 
     </span>
    </p>
   </div>
   <div class='ocr_carea' id='block_1_6' title="bbox 330 651 2003 732">
    <p class='ocr_par' dir='ltr' id='par_1_6' title="bbox 330 651 2003 732">
     <span class='ocr_line' id='line_1_6' title="bbox 330 651 2003 732; baseline -0.001 -21"><span class='ocrx_word' id='word_1_25' title='bbox 330 653 548 732; x_wconf 72' lang='grc' dir='ltr'>πατρὸς</span> <span class='ocrx_word' id='word_1_26' title='bbox 606 656 634 708; x_wconf 98' lang='lat'>6</span> <span class='ocrx_word' id='word_1_27' title='bbox 683 652 888 730; x_wconf 76' lang='grc' dir='ltr'>γλυκὺς</span> <span class='ocrx_word' id='word_1_28' title='bbox 933 651 1088 716; x_wconf 81' lang='grc' dir='ltr'>λίθος</span> <span class='ocrx_word' id='word_1_29' title='bbox 1137 655 1225 708; x_wconf 78' lang='grc' dir='ltr'>καὶ</span> <span class='ocrx_word' id='word_1_30' title='bbox 1287 656 1482 723; x_wconf 84' lang='grc' dir='ltr'>πικρὸς</span> <span class='ocrx_word' id='word_1_31' title='bbox 1536 655 1954 732; x_wconf 81' lang='grc' dir='ltr'>τυραννοκτόνος</span> <span class='ocrx_word' id='word_1_32' title='bbox 1991 677 2003 688; x_wconf 94' lang='grc'><strong>·</strong></span> 
     </span>
    </p>
   </div>
   <div class='ocr_carea' id='block_1_7' title="bbox 331 741 2006 821">
    <p class='ocr_par' dir='ltr' id='par_1_7' title="bbox 331 741 2006 821">
     <span class='ocr_line' id='line_1_7' title="bbox 331 741 2006 821; baseline -0.001 -19"><span class='ocrx_word' id='word_1_33' title='bbox 331 744 446 802; x_wconf 80' lang='grc' dir='ltr'>εἷ’τε</span> <span class='ocrx_word' id='word_1_34' title='bbox 502 765 553 799; x_wconf 89' lang='grc' dir='ltr'>τι</span> <span class='ocrx_word' id='word_1_35' title='bbox 616 741 760 800; x_wconf 80' lang='grc' dir='ltr'>ἄλλο</span> <span class='ocrx_word' id='word_1_36' title='bbox 789 747 1039 798; x_wconf 81' lang='grc' dir='ltr'>τοιοῦτον</span> <span class='ocrx_word' id='word_1_37' title='bbox 1080 743 1264 806; x_wconf 86' lang='grc' dir='ltr'>αὐτοῖς</span> <span class='ocrx_word' id='word_1_38' title='bbox 1297 744 1374 807; x_wconf 82' lang='grc' dir='ltr'>εἷς</span> <span class='ocrx_word' id='word_1_39' title='bbox 1404 747 1573 818; x_wconf 73' lang='grc' dir='ltr'>τιμὴν</span> <span class='ocrx_word' id='word_1_40' title='bbox 1604 750 1709 801; x_wconf 79' lang='grc' dir='ltr'>τῶν</span> <span class='ocrx_word' id='word_1_41' title='bbox 1746 768 2006 821; x_wconf 83' lang='grc' dir='ltr'>γεννησα-</span> 
     </span>
    </p>
   </div>
   <div class='ocr_carea' id='block_1_8' title="bbox 342 828 2007 912">
    <p class='ocr_par' dir='ltr' id='par_1_8' title="bbox 342 828 2007 912">
     <span class='ocr_line' id='line_1_8' title="bbox 342 828 2007 912; baseline -0.001 -22"><span class='ocrx_word' id='word_1_42' title='bbox 342 836 521 910; x_wconf 78' lang='grc' dir='ltr'>μὲνων</span> <span class='ocrx_word' id='word_1_43' title='bbox 576 833 631 889; x_wconf 77' lang='grc' dir='ltr'>αἱ</span> <span class='ocrx_word' id='word_1_44' title='bbox 683 828 870 909; x_wconf 78' lang='grc' dir='ltr'>βίϐλοι</span> <span class='ocrx_word' id='word_1_45' title='bbox 923 835 1165 912; x_wconf 72' lang='grc' dir='ltr'>φέρουσι.</span> <span class='ocrx_word' id='word_1_46' title='bbox 1216 833 1414 910; x_wconf 84' lang='grc' dir='ltr'>Τρίτον</span> <span class='ocrx_word' id='word_1_47' title='bbox 1461 836 1644 898; x_wconf 78' lang='grc' dir='ltr'>αὐτοῖς</span> <span class='ocrx_word' id='word_1_48' title='bbox 1697 834 1832 890; x_wconf 81' lang='grc' dir='ltr'>ἔστω</span> <span class='ocrx_word' id='word_1_49' title='bbox 1863 855 2007 910; x_wconf 86' lang='grc' dir='ltr'>χρη-</span> 
     </span>
    </p>
   </div>
   <div class='ocr_carea' id='block_1_9' title="bbox 345 922 2006 1002">
    <p class='ocr_par' dir='ltr' id='par_1_9' title="bbox 345 922 2006 1002">
     <span class='ocr_line' id='line_1_9' title="bbox 345 922 2006 1002; baseline 0.001 -24"><span class='ocrx_word' id='word_1_50' title='bbox 345 924 530 998; x_wconf 81' lang='grc' dir='ltr'><strong>μάτων</strong></span> <span class='ocrx_word' id='word_1_51' title='bbox 584 922 872 998; x_wconf 72' lang='grc' dir='ltr'>ὑπεροψίιο,</span> <span class='ocrx_word' id='word_1_52' title='bbox 923 923 1013 977; x_wconf 85' lang='grc' dir='ltr'>καὶ</span> <span class='ocrx_word' id='word_1_53' title='bbox 1061 924 1125 978; x_wconf 85' lang='grc' dir='ltr'>τὸ</span> <span class='ocrx_word' id='word_1_54' title='bbox 1180 925 1254 996; x_wconf 81' lang='grc' dir='ltr'>μὴ</span> <span class='ocrx_word' id='word_1_55' title='bbox 1299 925 1638 1002; x_wconf 78' lang='grc' dir='ltr'>πανταχόθεν</span> <span class='ocrx_word' id='word_1_56' title='bbox 1691 923 2006 1001; x_wconf 74' lang='grc' dir='ltr'>κερδαίνειν,</span> 
     </span>
    </p>
   </div>
   <div class='ocr_carea' id='block_1_10' title="bbox 348 1008 2007 1089">
    <p class='ocr_par' dir='ltr' id='par_1_10' title="bbox 348 1008 2007 1089">
     <span class='ocr_line' id='line_1_10' title="bbox 348 1008 2007 1089; baseline 0.001 -22"><span class='ocrx_word' id='word_1_57' title='bbox 348 1011 490 1087; x_wconf 77' lang='grc' dir='ltr'>μηδὲ</span> <span class='ocrx_word' id='word_1_58' title='bbox 546 1017 644 1068; x_wconf 80' lang='grc' dir='ltr'>τοῦ</span> <span class='ocrx_word' id='word_1_59' title='bbox 698 1009 989 1089; x_wconf 84' lang='grc' dir='ltr'>δυστυχεῖν</span> <span class='ocrx_word' id='word_1_60' title='bbox 1061 1008 1372 1089; x_wconf 65' lang='grc' dir='ltr'>ἀρραϐῶνα,</span> <span class='ocrx_word' id='word_1_61' title='bbox 1431 1014 1496 1069; x_wconf 87' lang='grc' dir='ltr'>τὸ</span> <span class='ocrx_word' id='word_1_62' title='bbox 1555 1019 1732 1076; x_wconf 79' lang='grc' dir='ltr'>κακῶς</span> <span class='ocrx_word' id='word_1_63' title='bbox 1787 1017 2007 1070; x_wconf 81' lang='grc' dir='ltr'>κτᾶσθαι</span> 
     </span>
    </p>
   </div>
   <div class='ocr_carea' id='block_1_11' title="bbox 348 1097 2006 1177">
    <p class='ocr_par' dir='ltr' id='par_1_11' title="bbox 348 1097 2006 1177">
     <span class='ocr_line' id='line_1_11' title="bbox 348 1097 2006 1177; baseline -0.001 -18"><span class='ocrx_word' id='word_1_64' title='bbox 348 1097 672 1176; x_wconf 75' lang='grc' dir='ltr'>λαμϐάνειν.</span> <span class='ocrx_word' id='word_1_65' title='bbox 732 1107 857 1165; x_wconf 82' lang='grc' dir='ltr'>Πῶς</span> <span class='ocrx_word' id='word_1_66' title='bbox 906 1099 996 1157; x_wconf 80' lang='grc' dir='ltr'>οὖν</span> <span class='ocrx_word' id='word_1_67' title='bbox 1049 1102 1078 1156; x_wconf 86' lang='grc' dir='ltr'>ὁ</span> <span class='ocrx_word' id='word_1_68' title='bbox 1132 1099 1379 1174; x_wconf 84' lang='grc' dir='ltr'>Κερδῷος</span> <span class='ocrx_word' id='word_1_69' title='bbox 1421 1105 1533 1177; x_wconf 82' lang='lat'>(69)</span> <span class='ocrx_word' id='word_1_70' title='bbox 1565 1103 1748 1166; x_wconf 76' lang='grc' dir='ltr'>αὐτοῖς</span> <span class='ocrx_word' id='word_1_71' title='bbox 1809 1106 2006 1174; x_wconf 85' lang='grc' dir='ltr'>σταθή-</span> 
     </span>
    </p>
   </div>
   <div class='ocr_carea' id='block_1_12' title="bbox 341 1188 2005 1266">
    <p class='ocr_par' dir='ltr' id='par_1_12' title="bbox 341 1188 2005 1266">
     <span class='ocr_line' id='line_1_12' title="bbox 341 1188 2005 1266; baseline 0.001 -21"><span class='ocrx_word' id='word_1_72' title='bbox 341 1212 516 1262; x_wconf 90' lang='grc' dir='ltr'>σεται,</span> <span class='ocrx_word' id='word_1_73' title='bbox 565 1191 656 1246; x_wconf 81' lang='grc' dir='ltr'>καὶ</span> <span class='ocrx_word' id='word_1_74' title='bbox 704 1190 769 1246; x_wconf 85' lang='grc' dir='ltr'>τὸ</span> <span class='ocrx_word' id='word_1_75' title='bbox 818 1190 1108 1247; x_wconf 79' lang='grc' dir='ltr'>σακὲλλιον</span> <span class='ocrx_word' id='word_1_76' title='bbox 1158 1193 1271 1266; x_wconf 89' lang='grc'>(70)</span> <span class='ocrx_word' id='word_1_77' title='bbox 1324 1188 1798 1266; x_wconf 75' lang='grc' dir='ltr'>προϐληθήσεται,</span> <span class='ocrx_word' id='word_1_78' title='bbox 1851 1195 1938 1248; x_wconf 78' lang='grc' dir='ltr'>καὶ</span> <span class='ocrx_word' id='word_1_79' title='bbox 1971 1195 2005 1262; x_wconf 84' lang='grc' dir='ltr'>ἡ</span> 
     </span>
    </p>
   </div>
   <div class='ocr_carea' id='block_1_13' title="bbox 340 1279 2008 1357">
    <p class='ocr_par' dir='ltr' id='par_1_13' title="bbox 340 1279 2008 1357">
     <span class='ocr_line' id='line_1_13' title="bbox 340 1279 2008 1357; baseline 0.001 -20"><span class='ocrx_word' id='word_1_80' title='bbox 340 1280 615 1351; x_wconf 83' lang='grc' dir='ltr'>κλεπτική</span> <span class='ocrx_word' id='word_1_81' title='bbox 645 1286 743 1337; x_wconf 78' lang='grc' dir='ltr'>τοῦ</span> <span class='ocrx_word' id='word_1_82' title='bbox 771 1283 894 1338; x_wconf 76' lang='grc' dir='ltr'>Θεοῦ</span> <span class='ocrx_word' id='word_1_83' title='bbox 925 1279 1154 1356; x_wconf 79' lang='grc' dir='ltr'>δύναμις</span> <span class='ocrx_word' id='word_1_84' title='bbox 1183 1286 1571 1357; x_wconf 67' lang='grc' dir='ltr'>τιμηθήσεται,</span> <span class='ocrx_word' id='word_1_85' title='bbox 1606 1284 1695 1340; x_wconf 83' lang='grc' dir='ltr'>καὶ</span> <span class='ocrx_word' id='word_1_86' title='bbox 1714 1284 1775 1339; x_wconf 84' lang='grc' dir='ltr'>τό</span> <span class='ocrx_word' id='word_1_87' title='bbox 1803 1304 1813 1316; x_wconf 83' lang='lat'><strong><em>°</em></strong></span> <span class='ocrx_word' id='word_1_88' title='bbox 1847 1287 2008 1341; x_wconf 75' lang='grc' dir='ltr'>’Ἁνευ</span> 
     </span>
    </p>
   </div>
   <div class='ocr_carea' id='block_1_14' title="bbox 345 1366 2009 1447">
    <p class='ocr_par' dir='ltr' id='par_1_14' title="bbox 345 1366 2009 1447">
     <span class='ocr_line' id='line_1_14' title="bbox 345 1366 2009 1447; baseline 0.001 -21"><span class='ocrx_word' id='word_1_89' title='bbox 345 1374 463 1444; x_wconf 90' lang='grc'>(71)</span> <span class='ocrx_word' id='word_1_90' title='bbox 493 1371 708 1446; x_wconf 76' lang='grc' dir='ltr'>χαλκοῦ</span> <span class='ocrx_word' id='word_1_91' title='bbox 739 1366 944 1427; x_wconf 79' lang='grc' dir='ltr'>Φοῖϐον</span> <span class='ocrx_word' id='word_1_92' title='bbox 982 1374 1056 1446; x_wconf 82' lang='grc' dir='ltr'>μή</span> <span class='ocrx_word' id='word_1_93' title='bbox 1094 1371 1466 1446; x_wconf 81' lang='grc' dir='ltr'>μαντεύεσθαι,</span> <span class='ocrx_word' id='word_1_94' title='bbox 1505 1371 1644 1447; x_wconf 82' lang='grc' dir='ltr'>μηδὲ</span> <span class='ocrx_word' id='word_1_95' title='bbox 1671 1373 1802 1428; x_wconf 79' lang='grc' dir='ltr'>εἶναί</span> <span class='ocrx_word' id='word_1_96' title='bbox 1831 1396 1882 1428; x_wconf 88' lang='grc' dir='ltr'>τι</span> <span class='ocrx_word' id='word_1_97' title='bbox 1911 1378 2009 1429; x_wconf 76' lang='grc' dir='ltr'>τοῦ</span> 
     </span>
    </p>
   </div>
   <div class='ocr_carea' id='block_1_15' title="bbox 352 1455 2008 1539">
    <p class='ocr_par' dir='ltr' id='par_1_15' title="bbox 352 1455 2008 1539">
     <span class='ocr_line' id='line_1_15' title="bbox 352 1455 2008 1539; baseline 0.002 -25"><span class='ocrx_word' id='word_1_98' title='bbox 352 1455 560 1515; x_wconf 70' lang='grc' dir='ltr'>ὀϐολοῦ</span> <span class='ocrx_word' id='word_1_99' title='bbox 606 1462 968 1538; x_wconf 84' lang='grc' dir='ltr'>τιμιώτερον;</span> <span class='ocrx_word' id='word_1_100' title='bbox 1016 1467 1192 1518; x_wconf 78' lang='grc' dir='ltr'>Ταῦτα</span> <span class='ocrx_word' id='word_1_101' title='bbox 1239 1463 1342 1539; x_wconf 77' lang='grc' dir='ltr'>γὰρ</span> <span class='ocrx_word' id='word_1_102' title='bbox 1392 1462 1568 1518; x_wconf 83' lang='grc' dir='ltr'>αὐτῶν</span> <span class='ocrx_word' id='word_1_103' title='bbox 1598 1464 1666 1518; x_wconf 72' lang='grc' dir='ltr'>τὰ</span> <span class='ocrx_word' id='word_1_104' title='bbox 1696 1463 1864 1537; x_wconf 79' lang='grc' dir='ltr'>σεμνὰ</span> <span class='ocrx_word' id='word_1_105' title='bbox 1919 1464 2008 1518; x_wconf 80' lang='grc' dir='ltr'>καὶ</span> 
     </span>
    </p>
   </div>
   <div class='ocr_carea' id='block_1_16' title="bbox 357 1545 646 1623">
    <p class='ocr_par' dir='ltr' id='par_1_16' title="bbox 357 1545 646 1623">
     <span class='ocr_line' id='line_1_16' title="bbox 357 1545 646 1623; baseline 0 -19"><span class='ocrx_word' id='word_1_106' title='bbox 357 1545 646 1623; x_wconf 77' lang='grc' dir='ltr'>σεϐάσμια,</span> 
     </span>
    </p>
   </div>
   <div class='ocr_carea' id='block_1_17' title="bbox 417 1816 2010 1899">
    <p class='ocr_par' dir='ltr' id='par_1_17' title="bbox 417 1816 2010 1899">
     <span class='ocr_line' id='line_1_17' title="bbox 417 1816 2010 1899; baseline 0.003 -27"><span class='ocrx_word' id='word_1_107' title='bbox 417 1825 572 1874; x_wconf 82' lang='grc' dir='ltr'>ΡΚΒ¹.</span> <span class='ocrx_word' id='word_1_108' title='bbox 605 1817 665 1872; x_wconf 87' lang='grc' dir='ltr'>Τί</span> <span class='ocrx_word' id='word_1_109' title='bbox 725 1816 841 1888; x_wconf 61' lang='lat' dir='ltr'>Eu;</span> <span class='ocrx_word' id='word_1_110' title='bbox 904 1819 1273 1898; x_wconf 70' lang='grc' dir='ltr'>Σωφροσύνην</span> <span class='ocrx_word' id='word_1_111' title='bbox 1339 1818 1756 1893; x_wconf 66' lang='grc' dir='ltr'>διδασκέτωσαν,</span> <span class='ocrx_word' id='word_1_112' title='bbox 1820 1822 2010 1899; x_wconf 76' lang='grc' dir='ltr'>ἐγκρα-</span> 
     </span>
    </p>
   </div>
   <div class='ocr_carea' id='block_1_18' title="bbox 2114 656 3769 732">
    <p class='ocr_par' dir='ltr' id='par_1_18' title="bbox 2114 656 3769 732">
     <span class='ocr_line' id='line_1_18' title="bbox 2114 656 3769 732; baseline 0.002 -21"><span class='ocrx_word' id='word_1_113' title='bbox 2114 658 2346 729; x_wconf 79' lang='lat' dir='ltr'>Jupiter</span> <span class='ocrx_word' id='word_1_114' title='bbox 2373 659 2654 714; x_wconf 87' lang='lat' dir='ltr'>adversus</span> <span class='ocrx_word' id='word_1_115' title='bbox 2703 658 3046 725; x_wconf 82' lang='lat' dir='ltr'>Saturnum,</span> <span class='ocrx_word' id='word_1_116' title='bbox 3103 656 3286 728; x_wconf 87' lang='lat' dir='ltr'>patris</span> <span class='ocrx_word' id='word_1_117' title='bbox 3337 659 3427 713; x_wconf 89' lang='lat' dir='ltr'>sui</span> <span class='ocrx_word' id='word_1_118' title='bbox 3484 658 3769 732; x_wconf 86' lang='lat' dir='ltr'>exemplo,</span> 
     </span>
    </p>
   </div>
   <div class='ocr_carea' id='block_1_19' title="bbox 2118 745 3771 819">
    <p class='ocr_par' dir='ltr' id='par_1_19' title="bbox 2118 745 3771 819">
     <span class='ocr_line' id='line_1_19' title="bbox 2118 745 3771 819; baseline 0.002 -19"><span class='ocrx_word' id='word_1_119' title='bbox 2118 746 2449 819; x_wconf 82' lang='lat' dir='ltr'>insurgens,</span> <span class='ocrx_word' id='word_1_120' title='bbox 2509 746 2698 802; x_wconf 86' lang='lat' dir='ltr'>dulcis</span> <span class='ocrx_word' id='word_1_121' title='bbox 2757 746 3046 818; x_wconf 87' lang='lat' dir='ltr'>(inquam)</span> <span class='ocrx_word' id='word_1_122' title='bbox 3097 745 3192 801; x_wconf 90' lang='lat' dir='ltr'>ille</span> <span class='ocrx_word' id='word_1_123' title='bbox 3239 745 3411 817; x_wconf 89' lang='lat' dir='ltr'>lapis,</span> <span class='ocrx_word' id='word_1_124' title='bbox 3479 752 3536 802; x_wconf 90' lang='lat' dir='ltr'>et</span> <span class='ocrx_word' id='word_1_125' title='bbox 3582 765 3771 803; x_wconf 69' lang='lat' dir='ltr'>saevus</span> 
     </span>
    </p>
   </div>
   <div class='ocr_carea' id='block_1_20' title="bbox 2120 834 3770 908">
    <p class='ocr_par' dir='ltr' id='par_1_20' title="bbox 2120 834 3770 908">
     <span class='ocr_line' id='line_1_20' title="bbox 2120 834 3770 908; baseline 0.001 -18"><span class='ocrx_word' id='word_1_126' title='bbox 2120 835 2518 908; x_wconf 82' lang='lat' dir='ltr'>tyrannicida:</span> <span class='ocrx_word' id='word_1_127' title='bbox 2544 840 2648 891; x_wconf 89' lang='lat' dir='ltr'>aut</span> <span class='ocrx_word' id='word_1_128' title='bbox 2680 836 2728 890; x_wconf 88' lang='lat' dir='ltr'>si</span> <span class='ocrx_word' id='word_1_129' title='bbox 2761 836 2894 906; x_wconf 93' lang='lat' dir='ltr'>quid</span> <span class='ocrx_word' id='word_1_130' title='bbox 2918 835 3076 890; x_wconf 84' lang='lat' dir='ltr'>aliud</span> <span class='ocrx_word' id='word_1_131' title='bbox 3107 834 3451 905; x_wconf 87' lang='lat' dir='ltr'>hujusmodi</span> <span class='ocrx_word' id='word_1_132' title='bbox 3469 835 3539 890; x_wconf 91' lang='lat' dir='ltr'>ad</span> <span class='ocrx_word' id='word_1_133' title='bbox 3564 853 3770 906; x_wconf 88' lang='lat' dir='ltr'>paren-</span> 
     </span>
    </p>
   </div>
   <div class='ocr_carea' id='block_1_21' title="bbox 2117 924 3770 982">
    <p class='ocr_par' dir='ltr' id='par_1_21' title="bbox 2117 924 3770 982">
     <span class='ocr_line' id='line_1_21' title="bbox 2117 924 3770 982; baseline -0.001 -2"><span class='ocrx_word' id='word_1_134' title='bbox 2117 929 2244 980; x_wconf 86' lang='lat' dir='ltr'>tum</span> <span class='ocrx_word' id='word_1_135' title='bbox 2277 924 2557 982; x_wconf 83' lang='lat' dir='ltr'>honorem</span> <span class='ocrx_word' id='word_1_136' title='bbox 2591 925 2987 981; x_wconf 85' lang='lat' dir='ltr'>voluminibus</span> <span class='ocrx_word' id='word_1_137' title='bbox 3009 941 3212 980; x_wconf 87' lang='lat' dir='ltr'>eorum</span> <span class='ocrx_word' id='word_1_138' title='bbox 3245 924 3616 980; x_wconf 85' lang='lat' dir='ltr'>continetur?</span> <span class='ocrx_word' id='word_1_139' title='bbox 3634 926 3770 980; x_wconf 89' lang='lat' dir='ltr'>Ter-</span> 
     </span>
    </p>
   </div>
   <div class='ocr_carea' id='block_1_22' title="bbox 2119 1013 3771 1087">
    <p class='ocr_par' dir='ltr' id='par_1_22' title="bbox 2119 1013 3771 1087">
     <span class='ocr_line' id='line_1_22' title="bbox 2119 1013 3771 1087; baseline -0.001 -17"><span class='ocrx_word' id='word_1_140' title='bbox 2119 1016 2268 1071; x_wconf 91' lang='lat' dir='ltr'>tium</span> <span class='ocrx_word' id='word_1_141' title='bbox 2303 1015 2443 1087; x_wconf 86' lang='lat' dir='ltr'>ipsis</span> <span class='ocrx_word' id='word_1_142' title='bbox 2476 1016 2573 1083; x_wconf 83' lang='lat' dir='ltr'>sit,</span> <span class='ocrx_word' id='word_1_143' title='bbox 2605 1015 2882 1087; x_wconf 87' lang='lat' dir='ltr'>pecunias</span> <span class='ocrx_word' id='word_1_144' title='bbox 2915 1013 3212 1086; x_wconf 90' lang='lat' dir='ltr'>descipere</span> <span class='ocrx_word' id='word_1_145' title='bbox 3241 1018 3418 1086; x_wconf 88' lang='lat' dir='ltr'>atque</span> <span class='ocrx_word' id='word_1_146' title='bbox 3449 1015 3771 1086; x_wconf 85' lang='lat' dir='ltr'>aspernari,</span> 
     </span>
    </p>
   </div>
   <div class='ocr_carea' id='block_1_23' title="bbox 2119 1105 3774 1177">
    <p class='ocr_par' dir='ltr' id='par_1_23' title="bbox 2119 1105 3774 1177">
     <span class='ocr_line' id='line_1_23' title="bbox 2119 1105 3774 1177; baseline -0.001 -17"><span class='ocrx_word' id='word_1_147' title='bbox 2119 1121 2225 1160; x_wconf 91' lang='lat' dir='ltr'>nec</span> <span class='ocrx_word' id='word_1_148' title='bbox 2249 1106 2640 1177; x_wconf 87' lang='lat' dir='ltr'>undecunque</span> <span class='ocrx_word' id='word_1_149' title='bbox 2667 1105 2897 1160; x_wconf 91' lang='lat' dir='ltr'>lucrum</span> <span class='ocrx_word' id='word_1_150' title='bbox 2920 1105 3277 1176; x_wconf 88' lang='lat' dir='ltr'>captandum</span> <span class='ocrx_word' id='word_1_151' title='bbox 3299 1119 3562 1173; x_wconf 88' lang='lat' dir='ltr'>esse,nec</span> <span class='ocrx_word' id='word_1_152' title='bbox 3592 1105 3774 1160; x_wconf 82' lang='lat' dir='ltr'>facul-</span> 
     </span>
    </p>
   </div>
   <div class='ocr_carea' id='block_1_24' title="bbox 2118 1193 3776 1266">
    <p class='ocr_par' dir='ltr' id='par_1_24' title="bbox 2118 1193 3776 1266">
     <span class='ocr_line' id='line_1_24' title="bbox 2118 1193 3776 1266; baseline -0.001 -16"><span class='ocrx_word' id='word_1_153' title='bbox 2118 1195 2339 1250; x_wconf 83' lang='lat' dir='ltr'>tatibus</span> <span class='ocrx_word' id='word_1_154' title='bbox 2369 1195 2450 1266; x_wconf 87' lang='lat' dir='ltr'>inj</span> <span class='ocrx_word' id='word_1_155' title='bbox 2463 1199 2592 1250; x_wconf 89' lang='lat' dir='ltr'>usta</span> <span class='ocrx_word' id='word_1_156' title='bbox 2610 1194 2833 1250; x_wconf 79' lang='lat' dir='ltr'>ratione</span> <span class='ocrx_word' id='word_1_157' title='bbox 2853 1193 3560 1265; x_wconf 65' lang='lat' dir='ltr'>quaerendis,calamitatis</span> <span class='ocrx_word' id='word_1_158' title='bbox 3577 1194 3710 1250; x_wconf 88' lang='lat' dir='ltr'>arrb</span> <span class='ocrx_word' id='word_1_159' title='bbox 3721 1211 3776 1249; x_wconf 88' lang='lat' dir='ltr'>a-</span> 
     </span>
    </p>
   </div>
   <div class='ocr_carea' id='block_1_25' title="bbox 2119 1282 3772 1356">
    <p class='ocr_par' dir='ltr' id='par_1_25' title="bbox 2119 1282 3772 1356">
     <span class='ocr_line' id='line_1_25' title="bbox 2119 1282 3772 1356; baseline 0 -17"><span class='ocrx_word' id='word_1_160' title='bbox 2119 1285 2331 1340; x_wconf 90' lang='lat' dir='ltr'>bonem</span> <span class='ocrx_word' id='word_1_161' title='bbox 2382 1285 2664 1356; x_wconf 89' lang='lat' dir='ltr'>accipere.</span> <span class='ocrx_word' id='word_1_162' title='bbox 2734 1284 3035 1348; x_wconf 86' lang='lat' dir='ltr'>Quomodo</span> <span class='ocrx_word' id='word_1_163' title='bbox 3087 1282 3271 1355; x_wconf 84' lang='lat' dir='ltr'>igitur</span> <span class='ocrx_word' id='word_1_164' title='bbox 3320 1282 3567 1339; x_wconf 88' lang='lat' dir='ltr'>Lucrius</span> <span class='ocrx_word' id='word_1_165' title='bbox 3626 1282 3772 1356; x_wconf 88' lang='lat' dir='ltr'>ipsis</span> 
     </span>
    </p>
   </div>
   <div class='ocr_carea' id='block_1_26' title="bbox 2118 1371 3774 1444">
    <p class='ocr_par' dir='ltr' id='par_1_26' title="bbox 2118 1371 3774 1444">
     <span class='ocr_line' id='line_1_26' title="bbox 2118 1371 3774 1444; baseline 0 -16"><span class='ocrx_word' id='word_1_166' title='bbox 2118 1373 2529 1441; x_wconf 82' lang='lat' dir='ltr'>constituetur,</span> <span class='ocrx_word' id='word_1_167' title='bbox 2562 1378 2618 1428; x_wconf 88' lang='lat' dir='ltr'>et</span> <span class='ocrx_word' id='word_1_168' title='bbox 2665 1371 2934 1428; x_wconf 85' lang='lat' dir='ltr'>sacculus</span> <span class='ocrx_word' id='word_1_169' title='bbox 2973 1372 3319 1444; x_wconf 85' lang='lat' dir='ltr'>proferetur,</span> <span class='ocrx_word' id='word_1_170' title='bbox 3353 1377 3410 1428; x_wconf 85' lang='lat' dir='ltr'>et</span> <span class='ocrx_word' id='word_1_171' title='bbox 3465 1373 3631 1428; x_wconf 82' lang='lat' dir='ltr'>furax</span> <span class='ocrx_word' id='word_1_172' title='bbox 3679 1373 3774 1428; x_wconf 91' lang='lat' dir='ltr'>dei</span> 
     </span>
    </p>
   </div>
   <div class='ocr_carea' id='block_1_27' title="bbox 2117 1461 3770 1535">
    <p class='ocr_par' dir='ltr' id='par_1_27' title="bbox 2117 1461 3770 1535">
     <span class='ocr_line' id='line_1_27' title="bbox 2117 1461 3770 1535; baseline 0 -17"><span class='ocrx_word' id='word_1_173' title='bbox 2117 1463 2207 1518; x_wconf 85' lang='lat' dir='ltr'>vis</span> <span class='ocrx_word' id='word_1_174' title='bbox 2249 1466 2423 1535; x_wconf 88' lang='lat' dir='ltr'>atque</span> <span class='ocrx_word' id='word_1_175' title='bbox 2472 1461 2719 1518; x_wconf 86' lang='lat' dir='ltr'>facultas</span> <span class='ocrx_word' id='word_1_176' title='bbox 2760 1462 3146 1518; x_wconf 88' lang='lat' dir='ltr'>honorabitur</span> <span class='ocrx_word' id='word_1_177' title='bbox 3197 1481 3209 1518; x_wconf 88' lang='lat'><strong>:</strong></span> <span class='ocrx_word' id='word_1_178' title='bbox 3260 1461 3523 1534; x_wconf 86' lang='lat' dir='ltr'>illudque</span> <span class='ocrx_word' id='word_1_179' title='bbox 3568 1463 3770 1534; x_wconf 90' lang='lat' dir='ltr'>etiam,</span> 
     </span>
    </p>
   </div>
   <div class='ocr_carea' id='block_1_28' title="bbox 2120 1551 3773 1623">
    <p class='ocr_par' dir='ltr' id='par_1_28' title="bbox 2120 1551 3773 1623">
     <span class='ocr_line' id='line_1_28' title="bbox 2120 1551 3773 1623; baseline 0 -15"><span class='ocrx_word' id='word_1_180' title='bbox 2120 1553 2252 1608; x_wconf 80' lang='lat' dir='ltr'>Sine</span> <span class='ocrx_word' id='word_1_181' title='bbox 2279 1568 2394 1609; x_wconf 70' lang='lat' dir='ltr'>acre</span> <span class='ocrx_word' id='word_1_182' title='bbox 2421 1551 2684 1608; x_wconf 75' lang='lat' dir='ltr'>Phazbum</span> <span class='ocrx_word' id='word_1_183' title='bbox 2711 1554 2948 1608; x_wconf 76' lang='lat' dir='ltr'>minime</span> <span class='ocrx_word' id='word_1_184' title='bbox 2973 1554 3291 1623; x_wconf 78' lang='lat' dir='ltr'>vaticinari,</span> <span class='ocrx_word' id='word_1_185' title='bbox 3308 1568 3407 1608; x_wconf 81' lang='lat' dir='ltr'>nec</span> <span class='ocrx_word' id='word_1_186' title='bbox 3433 1552 3585 1608; x_wconf 88' lang='lat' dir='ltr'>obolo</span> <span class='ocrx_word' id='word_1_187' title='bbox 3614 1552 3773 1623; x_wconf 79' lang='lat' dir='ltr'>quid-</span> 
     </span>
    </p>
   </div>
   <div class='ocr_carea' id='block_1_29' title="bbox 2121 1641 3772 1715">
    <p class='ocr_par' dir='ltr' id='par_1_29' title="bbox 2121 1641 3772 1715">
     <span class='ocr_line' id='line_1_29' title="bbox 2121 1641 3772 1715; baseline 0 -18"><span class='ocrx_word' id='word_1_188' title='bbox 2121 1659 2284 1715; x_wconf 84' lang='lat' dir='ltr'>quam</span> <span class='ocrx_word' id='word_1_189' title='bbox 2317 1658 2430 1698; x_wconf 70' lang='grc' dir='ltr'>εδει</span> <span class='ocrx_word' id='word_1_190' title='bbox 2452 1644 2789 1714; x_wconf 63' lang='lat' dir='ltr'>prwtantius</span> <span class='ocrx_word' id='word_1_191' title='bbox 2809 1646 2834 1696; x_wconf 70' lang='lat'>.9</span> <span class='ocrx_word' id='word_1_192' title='bbox 2863 1642 2993 1697; x_wconf 63' lang='lat' dir='ltr'>Haec</span> <span class='ocrx_word' id='word_1_193' title='bbox 3022 1641 3178 1698; x_wconf 92' lang='lat' dir='ltr'>enim</span> <span class='ocrx_word' id='word_1_194' title='bbox 3209 1657 3413 1714; x_wconf 86' lang='lat' dir='ltr'>graves</span> <span class='ocrx_word' id='word_1_195' title='bbox 3456 1657 3660 1698; x_wconf 88' lang='lat' dir='ltr'>eorum</span> <span class='ocrx_word' id='word_1_196' title='bbox 3704 1658 3772 1698; x_wconf 89' lang='lat' dir='ltr'>ac</span> 
     </span>
    </p>
   </div>
   <div class='ocr_carea' id='block_1_30' title="bbox 2119 1730 2986 1788">
    <p class='ocr_par' dir='ltr' id='par_1_30' title="bbox 2119 1730 2986 1788">
     <span class='ocr_line' id='line_1_30' title="bbox 2119 1730 2986 1788; baseline -0.001 -2"><span class='ocrx_word' id='word_1_197' title='bbox 2119 1733 2464 1788; x_wconf 80' lang='lat' dir='ltr'>venerandae</span> <span class='ocrx_word' id='word_1_198' title='bbox 2497 1736 2636 1788; x_wconf 91' lang='lat' dir='ltr'>sunt</span> <span class='ocrx_word' id='word_1_199' title='bbox 2660 1730 2986 1788; x_wconf 79' lang='lat' dir='ltr'>sententiae.</span> 
     </span>
    </p>
   </div>
   <div class='ocr_carea' id='block_1_31' title="bbox 2193 1818 3772 1892">
    <p class='ocr_par' dir='ltr' id='par_1_31' title="bbox 2193 1818 3772 1892">
     <span class='ocr_line' id='line_1_31' title="bbox 2193 1818 3772 1892; baseline -0.002 -17"><span class='ocrx_word' id='word_1_200' title='bbox 2193 1821 2413 1876; x_wconf 81' lang='lat' dir='ltr'>CXXII.</span> <span class='ocrx_word' id='word_1_201' title='bbox 2475 1821 2623 1886; x_wconf 84' lang='lat' dir='ltr'>Quid</span> <span class='ocrx_word' id='word_1_202' title='bbox 2693 1819 3030 1892; x_wconf 81' lang='lat' dir='ltr'>praeterea?</span> <span class='ocrx_word' id='word_1_203' title='bbox 3087 1818 3435 1876; x_wconf 83' lang='lat' dir='ltr'>Pudicitiam</span> <span class='ocrx_word' id='word_1_204' title='bbox 3504 1818 3772 1890; x_wconf 87' lang='lat' dir='ltr'>doceant,</span> 
     </span>
    </p>
   </div>
   <div class='ocr_carea' id='block_1_32' title="bbox 341 1907 1997 2010">
    <p class='ocr_par' dir='ltr' id='par_1_32' title="bbox 341 1907 1997 1985">
     <span class='ocr_line' id='line_1_32' title="bbox 341 1907 1997 1985; baseline 0.002 -23"><span class='ocrx_word' id='word_1_205' title='bbox 341 1929 488 1962; x_wconf 88' lang='grc' dir='ltr'>τειαν</span> <span class='ocrx_word' id='word_1_206' title='bbox 551 1907 1012 1984; x_wconf 77' lang='grc' dir='ltr'>εἷσηγείσθωσαν·</span> <span class='ocrx_word' id='word_1_207' title='bbox 1073 1910 1163 1964; x_wconf 84' lang='grc' dir='ltr'>καὶ</span> <span class='ocrx_word' id='word_1_208' title='bbox 1226 1911 1254 1964; x_wconf 90' lang='lat'>6</span> <span class='ocrx_word' id='word_1_209' title='bbox 1313 1910 1513 1974; x_wconf 85' lang='grc' dir='ltr'>πείθων</span> <span class='ocrx_word' id='word_1_210' title='bbox 1592 1910 1775 1985; x_wconf 78' lang='grc' dir='ltr'>ἐγγὺς,</span> <span class='ocrx_word' id='word_1_211' title='bbox 1839 1913 1997 1966; x_wconf 72' lang='grc' dir='ltr'>πάντο</span> 
     </span>
    </p>
   </div>
   <div class='ocr_carea' id='block_1_33' title="bbox 2120 1907 3773 2010">
    <p class='ocr_par' dir='ltr' id='par_1_33' title="bbox 2121 1909 3773 1981">
     <span class='ocr_line' id='line_1_33' title="bbox 2121 1909 3773 1981; baseline -0.002 -15"><span class='ocrx_word' id='word_1_212' title='bbox 2121 1911 2547 1966; x_wconf 88' lang='lat' dir='ltr'>continentiam</span> <span class='ocrx_word' id='word_1_213' title='bbox 2592 1911 2901 1966; x_wconf 80' lang='lat' dir='ltr'>suadeant.</span> <span class='ocrx_word' id='word_1_214' title='bbox 2937 1909 2999 1964; x_wconf 92' lang='lat' dir='ltr'>In</span> <span class='ocrx_word' id='word_1_215' title='bbox 3033 1909 3366 1981; x_wconf 89' lang='lat' dir='ltr'>propinquo</span> <span class='ocrx_word' id='word_1_216' title='bbox 3395 1911 3485 1965; x_wconf 86' lang='lat' dir='ltr'>est</span> <span class='ocrx_word' id='word_1_217' title='bbox 3513 1909 3611 1979; x_wconf 91' lang='lat' dir='ltr'>qui</span> <span class='ocrx_word' id='word_1_218' title='bbox 3645 1924 3773 1980; x_wconf 82' lang='lat' dir='ltr'>per-</span> 
     </span>
    </p>
   </div>
   <div class='ocr_carea' id='block_1_34' title="bbox 345 1995 2005 2075">
    <p class='ocr_par' dir='ltr' id='par_1_34' title="bbox 345 1995 2005 2075">
     <span class='ocr_line' id='line_1_34' title="bbox 345 1995 2005 2075; baseline 0.003 -25"><span class='ocrx_word' id='word_1_219' title='bbox 345 1996 635 2072; x_wconf 86' lang='grc' dir='ltr'>γινόμενος</span> <span class='ocrx_word' id='word_1_220' title='bbox 681 1995 770 2052; x_wconf 80' lang='grc' dir='ltr'>διὰ</span> <span class='ocrx_word' id='word_1_221' title='bbox 817 1998 910 2060; x_wconf 70' lang='grc' dir='ltr'>τὰς</span> <span class='ocrx_word' id='word_1_222' title='bbox 959 2004 1233 2074; x_wconf 88' lang='grc' dir='ltr'>γυναῖκας,</span> <span class='ocrx_word' id='word_1_223' title='bbox 1281 2001 1309 2054; x_wconf 91' lang='lat'>6</span> <span class='ocrx_word' id='word_1_224' title='bbox 1359 1999 1509 2069; x_wconf 83' lang='grc' dir='ltr'>Ζεὺς,</span> <span class='ocrx_word' id='word_1_225' title='bbox 1568 2000 1854 2075; x_wconf 78' lang='grc' dir='ltr'>καὶΦρυξὶ</span> <span class='ocrx_word' id='word_1_226' title='bbox 1889 2022 2005 2073; x_wconf 88' lang='grc' dir='ltr'>μει-</span> 
     </span>
    </p>
   </div>
   <div class='ocr_carea' id='block_1_35' title="bbox 348 2085 2003 2166">
    <p class='ocr_par' dir='ltr' id='par_1_35' title="bbox 348 2085 2003 2166">
     <span class='ocr_line' id='line_1_35' title="bbox 348 2085 2003 2166; baseline 0.003 -27"><span class='ocrx_word' id='word_1_227' title='bbox 348 2085 624 2162; x_wconf 81' lang='grc' dir='ltr'>ρακίσκοις</span> <span class='ocrx_word' id='word_1_228' title='bbox 677 2089 789 2160; x_wconf 84' lang='grc'>(72)</span> <span class='ocrx_word' id='word_1_229' title='bbox 845 2086 999 2150; x_wconf 83' lang='grc' dir='ltr'>ἀετὸς</span> <span class='ocrx_word' id='word_1_230' title='bbox 1058 2087 1286 2163; x_wconf 75' lang='grc' dir='ltr'>ἐραστὴς</span> <span class='ocrx_word' id='word_1_231' title='bbox 1361 2090 1389 2142; x_wconf 88' lang='lat'>6</span> <span class='ocrx_word' id='word_1_232' title='bbox 1448 2087 1709 2166; x_wconf 77' lang='grc' dir='ltr'>φίλτατος</span> <span class='ocrx_word' id='word_1_233' title='bbox 1780 2089 1871 2164; x_wconf 60' lang='grc' dir='ltr'>(ἶν’</span> <span class='ocrx_word' id='word_1_234' title='bbox 1930 2091 2003 2153; x_wconf 84' lang='grc' dir='ltr'>ὡς</span> 
     </span>
    </p>
   </div>
   <div class='ocr_carea' id='block_1_36' title="bbox 342 2173 2004 2257">
    <p class='ocr_par' dir='ltr' id='par_1_36' title="bbox 342 2173 2004 2257">
     <span class='ocr_line' id='line_1_36' title="bbox 342 2173 2004 2257; baseline 0.003 -28"><span class='ocrx_word' id='word_1_235' title='bbox 342 2173 542 2246; x_wconf 58' lang='grc' dir='ltr'>ἥδιστα</span> <span class='ocrx_word' id='word_1_236' title='bbox 584 2179 1009 2250; x_wconf 82' lang='grc' dir='ltr'>συμποσιάζοιεν</span> <span class='ocrx_word' id='word_1_237' title='bbox 1065 2179 1117 2231; x_wconf 77' lang='grc' dir='ltr'>οἱ</span> <span class='ocrx_word' id='word_1_238' title='bbox 1177 2177 1315 2250; x_wconf 75' lang='grc' dir='ltr'>θεοὶ,</span> <span class='ocrx_word' id='word_1_239' title='bbox 1373 2184 1489 2241; x_wconf 90' lang='grc' dir='ltr'>τοῖς</span> <span class='ocrx_word' id='word_1_240' title='bbox 1549 2180 1672 2242; x_wconf 85' lang='grc' dir='ltr'>Διὸς</span> <span class='ocrx_word' id='word_1_241' title='bbox 1722 2180 2004 2257; x_wconf 72' lang='grc' dir='ltr'>οἰνοχοού-</span> 
     </span>
    </p>
   </div>
   <div class='ocr_carea' id='block_1_37' title="bbox 349 2263 2003 2341">
    <p class='ocr_par' dir='ltr' id='par_1_37' title="bbox 349 2263 2003 2341">
     <span class='ocr_line' id='line_1_37' title="bbox 349 2263 2003 2341; baseline 0.002 -19"><span class='ocrx_word' id='word_1_242' title='bbox 349 2287 502 2341; x_wconf 86' lang='grc' dir='ltr'>μενοι</span> <span class='ocrx_word' id='word_1_243' title='bbox 552 2263 852 2338; x_wconf 82' lang='grc' dir='ltr'>παιδικοῖς)</span> <span class='ocrx_word' id='word_1_244' title='bbox 883 2285 895 2296; x_wconf 88' lang='grc'><strong>·</strong></span> <span class='ocrx_word' id='word_1_245' title='bbox 945 2267 1034 2322; x_wconf 84' lang='grc' dir='ltr'>καὶ</span> <span class='ocrx_word' id='word_1_246' title='bbox 1082 2273 1202 2330; x_wconf 88' lang='grc' dir='ltr'>ταῖς</span> <span class='ocrx_word' id='word_1_247' title='bbox 1250 2271 1589 2340; x_wconf 81' lang='grc' dir='ltr'>πεντήκοντα</span> <span class='ocrx_word' id='word_1_248' title='bbox 1637 2270 1856 2325; x_wconf 83' lang='grc' dir='ltr'>Θεστίου</span> <span class='ocrx_word' id='word_1_249' title='bbox 1913 2282 2003 2334; x_wconf 87' lang='grc' dir='ltr'>θυ-</span> 
     </span>
    </p>
   </div>
   <div class='ocr_carea' id='block_1_38' title="bbox 345 2354 2000 2434">
    <p class='ocr_par' dir='ltr' id='par_1_38' title="bbox 345 2354 2000 2434">
     <span class='ocr_line' id='line_1_38' title="bbox 345 2354 2000 2434; baseline 0.002 -24"><span class='ocrx_word' id='word_1_250' title='bbox 345 2354 604 2432; x_wconf 77' lang='grc' dir='ltr'>γατράσιν</span> <span class='ocrx_word' id='word_1_251' title='bbox 655 2354 959 2412; x_wconf 80' lang='grc' dir='ltr'>ἐναθλεύων</span> <span class='ocrx_word' id='word_1_252' title='bbox 1005 2355 1281 2434; x_wconf 84' lang='grc' dir='ltr'>Ἡρακλῆς</span> <span class='ocrx_word' id='word_1_253' title='bbox 1329 2359 1380 2413; x_wconf 84' lang='grc' dir='ltr'>ἐν</span> <span class='ocrx_word' id='word_1_254' title='bbox 1436 2364 1534 2432; x_wconf 83' lang='grc' dir='ltr'>μιᾷ</span> <span class='ocrx_word' id='word_1_255' title='bbox 1583 2359 1734 2414; x_wconf 88' lang='grc' dir='ltr'>νυκτὶ</span> <span class='ocrx_word' id='word_1_256' title='bbox 1793 2361 1821 2414; x_wconf 80' lang='grc' dir='ltr'><strong>ὁ</strong></span> <span class='ocrx_word' id='word_1_257' title='bbox 1878 2365 2000 2434; x_wconf 88' lang='grc' dir='ltr'>Τρι-</span> 
     </span>
    </p>
   </div>
   <div class='ocr_carea' id='block_1_39' title="bbox 340 2444 2000 2522">
    <p class='ocr_par' dir='ltr' id='par_1_39' title="bbox 340 2444 2000 2522">
     <span class='ocr_line' id='line_1_39' title="bbox 340 2444 2000 2522; baseline 0.002 -21"><span class='ocrx_word' id='word_1_258' title='bbox 340 2447 592 2522; x_wconf 76' lang='grc' dir='ltr'>ἐσπερος,</span> <span class='ocrx_word' id='word_1_259' title='bbox 641 2447 730 2501; x_wconf 83' lang='grc' dir='ltr'>καὶ</span> <span class='ocrx_word' id='word_1_260' title='bbox 794 2444 1232 2520; x_wconf 74' lang='grc' dir='ltr'>τρισκαιδέκατον</span> <span class='ocrx_word' id='word_1_261' title='bbox 1293 2449 1457 2512; x_wconf 73' lang='grc' dir='ltr'>ἆθλον</span> <span class='ocrx_word' id='word_1_262' title='bbox 1507 2451 1700 2505; x_wconf 71' lang='grc' dir='ltr'>τοῦτον</span> <span class='ocrx_word' id='word_1_263' title='bbox 1756 2448 2000 2505; x_wconf 70' lang='grc' dir='ltr'>ἐπιτελὲ-</span> 
     </span>
    </p>
   </div>
   <div class='ocr_carea' id='block_1_40' title="bbox 344 2531 2000 2614">
    <p class='ocr_par' dir='ltr' id='par_1_40' title="bbox 344 2531 2000 2614">
     <span class='ocr_line' id='line_1_40' title="bbox 344 2531 2000 2614; baseline 0.004 -26"><span class='ocrx_word' id='word_1_264' title='bbox 344 2555 462 2608; x_wconf 84' lang='grc' dir='ltr'>σας,</span> <span class='ocrx_word' id='word_1_265' title='bbox 494 2533 596 2588; x_wconf 78' lang='grc' dir='ltr'>οὐκ</span> <span class='ocrx_word' id='word_1_266' title='bbox 623 2531 726 2589; x_wconf 81' lang='grc' dir='ltr'>οἷδ’</span> <span class='ocrx_word' id='word_1_267' title='bbox 756 2536 904 2598; x_wconf 79' lang='grc' dir='ltr'>ὃπως</span> <span class='ocrx_word' id='word_1_268' title='bbox 932 2541 1049 2599; x_wconf 87' lang='grc' dir='ltr'>τοῖς</span> <span class='ocrx_word' id='word_1_269' title='bbox 1100 2535 1293 2599; x_wconf 83' lang='grc' dir='ltr'>ἄλλοις</span> <span class='ocrx_word' id='word_1_270' title='bbox 1343 2559 1407 2612; x_wconf 90' lang='grc' dir='ltr'>γε</span> <span class='ocrx_word' id='word_1_271' title='bbox 1453 2539 1516 2593; x_wconf 85' lang='grc' dir='ltr'>οὐ</span> <span class='ocrx_word' id='word_1_272' title='bbox 1566 2539 2000 2614; x_wconf 80' lang='grc' dir='ltr'>συναριθμούμε-</span> 
     </span>
    </p>
   </div>
   <div class='ocr_carea' id='block_1_41' title="bbox 346 2625 2003 2703">
    <p class='ocr_par' dir='ltr' id='par_1_41' title="bbox 346 2625 2003 2703">
     <span class='ocr_line' id='line_1_41' title="bbox 346 2625 2003 2703; baseline 0.003 -23"><span class='ocrx_word' id='word_1_273' title='bbox 346 2645 460 2682; x_wconf 89' lang='grc' dir='ltr'>νον.</span> <span class='ocrx_word' id='word_1_274' title='bbox 498 2625 866 2680; x_wconf 79' lang='grc' dir='ltr'>Ἐπικοπτὲτω</span> <span class='ocrx_word' id='word_1_275' title='bbox 895 2626 986 2682; x_wconf 86' lang='grc' dir='ltr'>τὸν</span> <span class='ocrx_word' id='word_1_276' title='bbox 1023 2626 1194 2700; x_wconf 81' lang='grc' dir='ltr'>θυμὸν</span> <span class='ocrx_word' id='word_1_277' title='bbox 1247 2628 1414 2703; x_wconf 81' lang='grc' dir='ltr'>Ἀρῃς</span> <span class='ocrx_word' id='word_1_278' title='bbox 1466 2630 1598 2702; x_wconf 88' lang='grc'>(73),</span> <span class='ocrx_word' id='word_1_279' title='bbox 1665 2628 1832 2702; x_wconf 69' lang='grc' dir='ltr'>μέθην</span> <span class='ocrx_word' id='word_1_280' title='bbox 1886 2629 2003 2685; x_wconf 78' lang='grc' dir='ltr'>Διό-</span> 
     </span>
    </p>
   </div>
   <div class='ocr_carea' id='block_1_42' title="bbox 347 2714 2002 2792">
    <p class='ocr_par' dir='ltr' id='par_1_42' title="bbox 347 2714 2002 2792">
     <span class='ocr_line' id='line_1_42' title="bbox 347 2714 2002 2792; baseline 0.003 -23"><span class='ocrx_word' id='word_1_281' title='bbox 347 2735 527 2783; x_wconf 86' lang='grc' dir='ltr'>νυσος,</span> <span class='ocrx_word' id='word_1_282' title='bbox 590 2714 892 2788; x_wconf 78' lang='grc' dir='ltr'>μισοξενίαν</span> <span class='ocrx_word' id='word_1_283' title='bbox 953 2717 1238 2791; x_wconf 80' lang='grc' dir='ltr'>Ἀρτεμις,</span> <span class='ocrx_word' id='word_1_284' title='bbox 1298 2715 1507 2788; x_wconf 77' lang='grc' dir='ltr'>ἀπάτην</span> <span class='ocrx_word' id='word_1_285' title='bbox 1567 2719 1595 2773; x_wconf 86' lang='grc' dir='ltr'>ὁ</span> <span class='ocrx_word' id='word_1_286' title='bbox 1655 2716 1842 2788; x_wconf 79' lang='grc' dir='ltr'>λοξίας</span> <span class='ocrx_word' id='word_1_287' title='bbox 1889 2723 2002 2792; x_wconf 82' lang='grc'>(74)</span> 
     </span>
    </p>
   </div>
   <div class='ocr_carea' id='block_1_43' title="bbox 343 2803 2003 2884">
    <p class='ocr_par' dir='ltr' id='par_1_43' title="bbox 343 2803 2003 2884">
     <span class='ocr_line' id='line_1_43' title="bbox 343 2803 2003 2884; baseline 0.003 -26"><span class='ocrx_word' id='word_1_288' title='bbox 343 2803 520 2859; x_wconf 78' lang='grc' dir='ltr'>αὐτῶν</span> <span class='ocrx_word' id='word_1_289' title='bbox 572 2803 1004 2880; x_wconf 80' lang='grc' dir='ltr'>χρησμολόγος,</span> <span class='ocrx_word' id='word_1_290' title='bbox 1055 2803 1301 2880; x_wconf 72' lang='grc' dir='ltr'>γέλωτος</span> <span class='ocrx_word' id='word_1_291' title='bbox 1348 2806 1608 2880; x_wconf 74' lang='grc' dir='ltr'>ἀμετρίαν</span> <span class='ocrx_word' id='word_1_292' title='bbox 1661 2809 1688 2863; x_wconf 90' lang='lat'>6</span> <span class='ocrx_word' id='word_1_293' title='bbox 1747 2829 2003 2884; x_wconf 80' lang='grc' dir='ltr'>καταχω-</span> 
     </span>
    </p>
   </div>
   <div class='ocr_carea' id='block_1_44' title="bbox 341 2892 2002 2970">
    <p class='ocr_par' dir='ltr' id='par_1_44' title="bbox 341 2892 2002 2970">
     <span class='ocr_line' id='line_1_44' title="bbox 341 2892 2002 2970; baseline 0.003 -23"><span class='ocrx_word' id='word_1_294' title='bbox 341 2892 518 2947; x_wconf 75' lang='grc' dir='ltr'>λεύων</span> <span class='ocrx_word' id='word_1_295' title='bbox 567 2892 712 2961; x_wconf 76' lang='grc' dir='ltr'>θεὸς,</span> <span class='ocrx_word' id='word_1_296' title='bbox 756 2897 862 2947; x_wconf 81' lang='grc' dir='ltr'>τῶν</span> <span class='ocrx_word' id='word_1_297' title='bbox 917 2895 1048 2948; x_wconf 79' lang='grc' dir='ltr'>θεῶν</span> <span class='ocrx_word' id='word_1_298' title='bbox 1085 2892 1466 2969; x_wconf 74' lang='grc' dir='ltr'>λυπουμένων,</span> <span class='ocrx_word' id='word_1_299' title='bbox 1498 2896 1586 2950; x_wconf 86' lang='grc' dir='ltr'>καὶ</span> <span class='ocrx_word' id='word_1_300' title='bbox 1620 2897 1832 2970; x_wconf 84' lang='grc' dir='ltr'>ἀραιαῖς</span> <span class='ocrx_word' id='word_1_301' title='bbox 1886 2903 2002 2960; x_wconf 90' lang='grc' dir='ltr'>ταῖς</span> 
     </span>
    </p>
   </div>
   <div class='ocr_carea' id='block_1_45' title="bbox 345 2981 2002 3062">
    <p class='ocr_par' dir='ltr' id='par_1_45' title="bbox 345 2981 2002 3062">
     <span class='ocr_line' id='line_1_45' title="bbox 345 2981 2002 3062; baseline 0.004 -28"><span class='ocrx_word' id='word_1_302' title='bbox 345 2982 585 3052; x_wconf 78' lang='grc' dir='ltr'>κνήμαις</span> <span class='ocrx_word' id='word_1_303' title='bbox 662 2981 1170 3058; x_wconf 72' lang='grc' dir='ltr'>ἐπιρῥωννύμενος·</span> <span class='ocrx_word' id='word_1_304' title='bbox 1249 2986 1686 3062; x_wconf 80' lang='grc' dir='ltr'>γαστριμαργίαν</span> <span class='ocrx_word' id='word_1_305' title='bbox 1764 2988 1791 3040; x_wconf 94' lang='lat'>6</span> <span class='ocrx_word' id='word_1_306' title='bbox 1878 2992 2002 3050; x_wconf 80' lang='grc' dir='ltr'>Ζεὺς</span> 
     </span>
    </p>
   </div>
   <div class='ocr_carea' id='block_1_46' title="bbox 353 3067 2000 3149">
    <p class='ocr_par' dir='ltr' id='par_1_46' title="bbox 353 3067 2000 3149">
     <span class='ocr_line' id='line_1_46' title="bbox 353 3067 2000 3149; baseline 0.004 -25"><span class='ocrx_word' id='word_1_307' title='bbox 353 3069 442 3124; x_wconf 78' lang='grc' dir='ltr'>ἐπὶ</span> <span class='ocrx_word' id='word_1_308' title='bbox 473 3067 628 3124; x_wconf 82' lang='grc' dir='ltr'>δαῖτα</span> <span class='ocrx_word' id='word_1_309' title='bbox 657 3067 890 3144; x_wconf 84' lang='grc' dir='ltr'>λιπαρὰν</span> <span class='ocrx_word' id='word_1_310' title='bbox 936 3073 1150 3148; x_wconf 77' lang='grc' dir='ltr'>τρέχων</span> <span class='ocrx_word' id='word_1_311' title='bbox 1203 3076 1316 3147; x_wconf 71' lang='grc' dir='ltr'>μετ’</span> <span class='ocrx_word' id='word_1_312' title='bbox 1366 3074 1647 3149; x_wconf 80' lang='grc' dir='ltr'>ἀμύμονας</span> <span class='ocrx_word' id='word_1_313' title='bbox 1698 3075 2000 3147; x_wconf 79' lang='grc' dir='ltr'>Αἰθιοπῆας</span> 
     </span>
    </p>
   </div>
   <div class='ocr_carea' id='block_1_47' title="bbox 351 3158 2002 3240">
    <p class='ocr_par' dir='ltr' id='par_1_47' title="bbox 351 3158 2002 3240">
     <span class='ocr_line' id='line_1_47' title="bbox 351 3158 2002 3240; baseline 0.004 -27"><span class='ocrx_word' id='word_1_314' title='bbox 351 3158 445 3213; x_wconf 81' lang='grc' dir='ltr'>σὺν</span> <span class='ocrx_word' id='word_1_315' title='bbox 491 3164 609 3222; x_wconf 88' lang='grc' dir='ltr'>τοῖς</span> <span class='ocrx_word' id='word_1_316' title='bbox 659 3159 880 3222; x_wconf 84' lang='grc' dir='ltr'>λοιποῖς</span> <span class='ocrx_word' id='word_1_317' title='bbox 931 3158 1222 3234; x_wconf 82' lang='grc' dir='ltr'>δαίμοσιν·</span> <span class='ocrx_word' id='word_1_318' title='bbox 1293 3166 1321 3220; x_wconf 92' lang='lat'>6</span> <span class='ocrx_word' id='word_1_319' title='bbox 1372 3165 1662 3228; x_wconf 81' lang='grc' dir='ltr'>Βουθοίνας</span> <span class='ocrx_word' id='word_1_320' title='bbox 1719 3169 1854 3240; x_wconf 78' lang='grc'>(75),</span> <span class='ocrx_word' id='word_1_321' title='bbox 1911 3168 2002 3221; x_wconf 85' lang='grc' dir='ltr'>τὸν</span> 
     </span>
    </p>
   </div>
   <div class='ocr_carea' id='block_1_48' title="bbox 346 3248 2001 3330">
    <p class='ocr_par' dir='ltr' id='par_1_48' title="bbox 346 3248 2001 3330">
     <span class='ocr_line' id='line_1_48' title="bbox 346 3248 2001 3330; baseline 0.005 -29"><span class='ocrx_word' id='word_1_322' title='bbox 346 3248 590 3323; x_wconf 86' lang='grc' dir='ltr'>γεωργὸν</span> <span class='ocrx_word' id='word_1_323' title='bbox 665 3252 1024 3325; x_wconf 73' lang='grc' dir='ltr'>τυραννήσας,</span> <span class='ocrx_word' id='word_1_324' title='bbox 1099 3252 1187 3306; x_wconf 77' lang='grc' dir='ltr'>καὶ</span> <span class='ocrx_word' id='word_1_325' title='bbox 1254 3255 1343 3308; x_wconf 90' lang='grc' dir='ltr'>τὸν</span> <span class='ocrx_word' id='word_1_326' title='bbox 1419 3255 1618 3330; x_wconf 78' lang='grc' dir='ltr'>ἀρότην</span> <span class='ocrx_word' id='word_1_327' title='bbox 1702 3257 1830 3330; x_wconf 73' lang='grc' dir='ltr'>βοῦν</span> <span class='ocrx_word' id='word_1_328' title='bbox 1910 3255 2001 3310; x_wconf 87' lang='grc' dir='ltr'>λα-</span> 
     </span>
    </p>
   </div>
   <div class='ocr_carea' id='block_1_49' title="bbox 2117 1999 3772 2072">
    <p class='ocr_par' dir='ltr' id='par_1_49' title="bbox 2117 1999 3772 2072">
     <span class='ocr_line' id='line_1_49' title="bbox 2117 1999 3772 2072; baseline -0.002 -17"><span class='ocrx_word' id='word_1_329' title='bbox 2117 2001 2385 2071; x_wconf 88' lang='lat' dir='ltr'>suadeat,</span> <span class='ocrx_word' id='word_1_330' title='bbox 2424 2000 2656 2072; x_wconf 85' lang='lat' dir='ltr'>Jupiter</span> <span class='ocrx_word' id='word_1_331' title='bbox 2685 1999 2990 2068; x_wconf 88' lang='lat' dir='ltr'>nimirum,</span> <span class='ocrx_word' id='word_1_332' title='bbox 3022 1999 3094 2054; x_wconf 90' lang='lat' dir='ltr'>ob</span> <span class='ocrx_word' id='word_1_333' title='bbox 3126 1999 3481 2054; x_wconf 83' lang='lat' dir='ltr'>feminarum</span> <span class='ocrx_word' id='word_1_334' title='bbox 3513 2013 3772 2053; x_wconf 88' lang='lat' dir='ltr'>amorem</span> 
     </span>
    </p>
   </div>
   <div class='ocr_carea' id='block_1_50' title="bbox 2118 2086 3773 2161">
    <p class='ocr_par' dir='ltr' id='par_1_50' title="bbox 2118 2086 3773 2161">
     <span class='ocr_line' id='line_1_50' title="bbox 2118 2086 3773 2161; baseline -0.003 -16"><span class='ocrx_word' id='word_1_335' title='bbox 2118 2089 2444 2161; x_wconf 85' lang='lat' dir='ltr'>quamlibet</span> <span class='ocrx_word' id='word_1_336' title='bbox 2473 2090 2723 2144; x_wconf 85' lang='lat' dir='ltr'>formam</span> <span class='ocrx_word' id='word_1_337' title='bbox 2756 2089 3006 2144; x_wconf 89' lang='lat' dir='ltr'>subinde</span> <span class='ocrx_word' id='word_1_338' title='bbox 3036 2087 3308 2155; x_wconf 90' lang='lat' dir='ltr'>induens,</span> <span class='ocrx_word' id='word_1_339' title='bbox 3341 2092 3398 2143; x_wconf 91' lang='lat' dir='ltr'>et</span> <span class='ocrx_word' id='word_1_340' title='bbox 3446 2086 3773 2158; x_wconf 83' lang='lat' dir='ltr'>Phrygibus</span> 
     </span>
    </p>
   </div>
   <div class='ocr_carea' id='block_1_51' title="bbox 2116 2174 3772 2248">
    <p class='ocr_par' dir='ltr' id='par_1_51' title="bbox 2116 2174 3772 2248">
     <span class='ocr_line' id='line_1_51' title="bbox 2116 2174 3772 2248; baseline -0.002 -14"><span class='ocrx_word' id='word_1_341' title='bbox 2116 2178 2572 2235; x_wconf 87' lang='lat' dir='ltr'>adolescentulis</span> <span class='ocrx_word' id='word_1_342' title='bbox 2622 2177 2868 2232; x_wconf 85' lang='lat' dir='ltr'>amatrix</span> <span class='ocrx_word' id='word_1_343' title='bbox 2917 2175 3117 2248; x_wconf 91' lang='lat' dir='ltr'>aquila</span> <span class='ocrx_word' id='word_1_344' title='bbox 3146 2177 3334 2232; x_wconf 88' lang='lat' dir='ltr'>factus</span> <span class='ocrx_word' id='word_1_345' title='bbox 3364 2179 3453 2248; x_wconf 90' lang='lat' dir='ltr'>(ut</span> <span class='ocrx_word' id='word_1_346' title='bbox 3483 2175 3585 2246; x_wconf 86' lang='lat' dir='ltr'>dii,</span> <span class='ocrx_word' id='word_1_347' title='bbox 3616 2174 3772 2230; x_wconf 85' lang='lat' dir='ltr'>Jovis</span> 
     </span>
    </p>
   </div>
   <div class='ocr_carea' id='block_1_52' title="bbox 2115 2264 3770 2337">
    <p class='ocr_par' dir='ltr' id='par_1_52' title="bbox 2115 2264 3770 2337">
     <span class='ocr_line' id='line_1_52' title="bbox 2115 2264 3770 2337; baseline -0.004 -14"><span class='ocrx_word' id='word_1_348' title='bbox 2115 2267 2354 2324; x_wconf 63' lang='lat' dir='ltr'>cinaedis</span> <span class='ocrx_word' id='word_1_349' title='bbox 2382 2268 2586 2323; x_wconf 89' lang='lat' dir='ltr'>vinum</span> <span class='ocrx_word' id='word_1_350' title='bbox 2623 2267 3008 2323; x_wconf 87' lang='lat' dir='ltr'>fundentibus</span> <span class='ocrx_word' id='word_1_351' title='bbox 3033 2266 3184 2322; x_wconf 78' lang='lat' dir='ltr'>I46</span> <span class='ocrx_word' id='word_1_352' title='bbox 3210 2282 3388 2337; x_wconf 90' lang='lat' dir='ltr'>quam</span> <span class='ocrx_word' id='word_1_353' title='bbox 3419 2264 3770 2320; x_wconf 74' lang='lat' dir='ltr'>suavissime</span> 
     </span>
    </p>
   </div>
   <div class='ocr_carea' id='block_1_53' title="bbox 2114 2353 3766 2429">
    <p class='ocr_par' dir='ltr' id='par_1_53' title="bbox 2114 2353 3766 2429">
     <span class='ocr_line' id='line_1_53' title="bbox 2114 2353 3766 2429; baseline -0.004 -16"><span class='ocrx_word' id='word_1_354' title='bbox 2114 2361 2544 2429; x_wconf 88' lang='lat' dir='ltr'>compotarent)</span> <span class='ocrx_word' id='word_1_355' title='bbox 2594 2373 2605 2410; x_wconf 89' lang='lat'><strong>:</strong></span> <span class='ocrx_word' id='word_1_356' title='bbox 2655 2372 2721 2411; x_wconf 88' lang='lat' dir='ltr'>ac</span> <span class='ocrx_word' id='word_1_357' title='bbox 2777 2355 3160 2428; x_wconf 86' lang='lat' dir='ltr'>Trivesperus</span> <span class='ocrx_word' id='word_1_358' title='bbox 3216 2354 3311 2410; x_wconf 90' lang='lat' dir='ltr'>ille</span> <span class='ocrx_word' id='word_1_359' title='bbox 3360 2353 3655 2419; x_wconf 88' lang='lat' dir='ltr'>Hercules,</span> <span class='ocrx_word' id='word_1_360' title='bbox 3710 2353 3766 2406; x_wconf 93' lang='lat' dir='ltr'>in</span> 
     </span>
    </p>
   </div>
   <div class='ocr_carea' id='block_1_54' title="bbox 2114 2444 3762 2519">
    <p class='ocr_par' dir='ltr' id='par_1_54' title="bbox 2114 2444 3762 2519">
     <span class='ocr_line' id='line_1_54' title="bbox 2114 2444 3762 2519; baseline -0.002 -17"><span class='ocrx_word' id='word_1_361' title='bbox 2114 2445 2540 2519; x_wconf 85' lang='lat' dir='ltr'>quinquaginta</span> <span class='ocrx_word' id='word_1_362' title='bbox 2568 2445 2787 2501; x_wconf 88' lang='lat' dir='ltr'>Thestii</span> <span class='ocrx_word' id='word_1_363' title='bbox 2818 2444 3050 2500; x_wconf 83' lang='lat' dir='ltr'>ﬁliabus</span> <span class='ocrx_word' id='word_1_364' title='bbox 3083 2461 3199 2500; x_wconf 90' lang='lat' dir='ltr'>una</span> <span class='ocrx_word' id='word_1_365' title='bbox 3226 2447 3391 2500; x_wconf 90' lang='lat' dir='ltr'>nocte</span> <span class='ocrx_word' id='word_1_366' title='bbox 3413 2446 3663 2510; x_wconf 86' lang='lat' dir='ltr'>certans,</span> <span class='ocrx_word' id='word_1_367' title='bbox 3696 2460 3762 2498; x_wconf 88' lang='lat' dir='ltr'>ac</span> 
     </span>
    </p>
   </div>
   <div class='ocr_carea' id='block_1_55' title="bbox 2113 2533 3757 2604">
    <p class='ocr_par' dir='ltr' id='par_1_55' title="bbox 2113 2533 3757 2604">
     <span class='ocr_line' id='line_1_55' title="bbox 2113 2533 3757 2604; baseline -0.004 -12"><span class='ocrx_word' id='word_1_368' title='bbox 2113 2536 2407 2592; x_wconf 89' lang='lat' dir='ltr'>decimum</span> <span class='ocrx_word' id='word_1_369' title='bbox 2451 2539 2692 2592; x_wconf 73' lang='lat' dir='ltr'>tertium</span> <span class='ocrx_word' id='word_1_370' title='bbox 2743 2535 2852 2590; x_wconf 92' lang='lat' dir='ltr'>hoc</span> <span class='ocrx_word' id='word_1_371' title='bbox 2891 2537 3186 2590; x_wconf 88' lang='lat' dir='ltr'>certamen</span> <span class='ocrx_word' id='word_1_372' title='bbox 3235 2533 3572 2600; x_wconf 85' lang='lat' dir='ltr'>conﬁciens,</span> <span class='ocrx_word' id='word_1_373' title='bbox 3605 2534 3757 2604; x_wconf 90' lang='lat' dir='ltr'>quod</span> 
     </span>
    </p>
   </div>
   <div class='ocr_carea' id='block_1_56' title="bbox 2112 2622 3761 2697">
    <p class='ocr_par' dir='ltr' id='par_1_56' title="bbox 2112 2622 3761 2697">
     <span class='ocr_line' id='line_1_56' title="bbox 2112 2622 3761 2697; baseline -0.003 -16"><span class='ocrx_word' id='word_1_374' title='bbox 2112 2627 2269 2681; x_wconf 89' lang='lat' dir='ltr'>haud</span> <span class='ocrx_word' id='word_1_375' title='bbox 2320 2626 2441 2682; x_wconf 88' lang='lat' dir='ltr'>scio</span> <span class='ocrx_word' id='word_1_376' title='bbox 2509 2642 2689 2697; x_wconf 89' lang='lat' dir='ltr'>quare</span> <span class='ocrx_word' id='word_1_377' title='bbox 2733 2624 2793 2679; x_wconf 91' lang='lat' dir='ltr'>in</span> <span class='ocrx_word' id='word_1_378' title='bbox 2840 2623 3227 2679; x_wconf 87' lang='lat' dir='ltr'>certaminum</span> <span class='ocrx_word' id='word_1_379' title='bbox 3276 2622 3463 2694; x_wconf 90' lang='lat' dir='ltr'>ipsius</span> <span class='ocrx_word' id='word_1_380' title='bbox 3517 2639 3761 2677; x_wconf 89' lang='lat' dir='ltr'>numero</span> 
     </span>
    </p>
   </div>
   <div class='ocr_carea' id='block_1_57' title="bbox 2113 2713 3763 2787">
    <p class='ocr_par' dir='ltr' id='par_1_57' title="bbox 2113 2713 3763 2787">
     <span class='ocr_line' id='line_1_57' title="bbox 2113 2713 3763 2787; baseline -0.002 -16"><span class='ocrx_word' id='word_1_381' title='bbox 2113 2715 2288 2771; x_wconf 83' lang='lat' dir='ltr'>fuerit</span> <span class='ocrx_word' id='word_1_382' title='bbox 2319 2715 2805 2787; x_wconf 64' lang='lat' dir='ltr'>praetermissum.</span> <span class='ocrx_word' id='word_1_383' title='bbox 2841 2714 2994 2770; x_wconf 89' lang='lat' dir='ltr'>Iram</span> <span class='ocrx_word' id='word_1_384' title='bbox 3044 2713 3198 2770; x_wconf 89' lang='lat' dir='ltr'>Mars</span> <span class='ocrx_word' id='word_1_385' title='bbox 3237 2713 3537 2785; x_wconf 87' lang='lat' dir='ltr'>reprimat,</span> <span class='ocrx_word' id='word_1_386' title='bbox 3571 2716 3763 2768; x_wconf 87' lang='lat' dir='ltr'>temu-</span> 
     </span>
    </p>
   </div>
   <div class='ocr_carea' id='block_1_58' title="bbox 2111 2802 3765 2876">
    <p class='ocr_par' dir='ltr' id='par_1_58' title="bbox 2111 2802 3765 2876">
     <span class='ocr_line' id='line_1_58' title="bbox 2111 2802 3765 2876; baseline -0.002 -16"><span class='ocrx_word' id='word_1_387' title='bbox 2111 2805 2352 2861; x_wconf 88' lang='lat' dir='ltr'>lentiam</span> <span class='ocrx_word' id='word_1_388' title='bbox 2385 2806 2668 2872; x_wconf 84' lang='lat' dir='ltr'>Bacchus,</span> <span class='ocrx_word' id='word_1_389' title='bbox 2702 2803 3005 2876; x_wconf 88' lang='lat' dir='ltr'>hospitum</span> <span class='ocrx_word' id='word_1_390' title='bbox 3033 2803 3234 2858; x_wconf 91' lang='lat' dir='ltr'>odium</span> <span class='ocrx_word' id='word_1_391' title='bbox 3267 2802 3468 2872; x_wconf 90' lang='lat' dir='ltr'>Diana,</span> <span class='ocrx_word' id='word_1_392' title='bbox 3497 2803 3765 2859; x_wconf 89' lang='lat' dir='ltr'>fraudem</span> 
     </span>
    </p>
   </div>
   <div class='ocr_carea' id='block_1_59' title="bbox 2113 2892 3766 2967">
    <p class='ocr_par' dir='ltr' id='par_1_59' title="bbox 2113 2892 3766 2967">
     <span class='ocr_line' id='line_1_59' title="bbox 2113 2892 3766 2967; baseline -0.003 -16"><span class='ocrx_word' id='word_1_393' title='bbox 2113 2895 2389 2966; x_wconf 89' lang='lat' dir='ltr'>obliquus</span> <span class='ocrx_word' id='word_1_394' title='bbox 2438 2894 2534 2950; x_wconf 88' lang='lat' dir='ltr'>ille</span> <span class='ocrx_word' id='word_1_395' title='bbox 2597 2895 2862 2967; x_wconf 90' lang='lat' dir='ltr'>ipsorum</span> <span class='ocrx_word' id='word_1_396' title='bbox 2920 2898 3106 2961; x_wconf 86' lang='lat' dir='ltr'>vates,</span> <span class='ocrx_word' id='word_1_397' title='bbox 3169 2893 3326 2948; x_wconf 89' lang='lat' dir='ltr'>risus</span> <span class='ocrx_word' id='word_1_398' title='bbox 3379 2892 3766 2964; x_wconf 84' lang='lat' dir='ltr'>petulantiam</span> 
     </span>
    </p>
   </div>
   <div class='ocr_carea' id='block_1_60' title="bbox 2112 2981 3766 3054">
    <p class='ocr_par' dir='ltr' id='par_1_60' title="bbox 2112 2981 3766 3054">
     <span class='ocr_line' id='line_1_60' title="bbox 2112 2981 3766 3054; baseline -0.002 -14"><span class='ocrx_word' id='word_1_399' title='bbox 2112 2985 2260 3040; x_wconf 90' lang='lat' dir='ltr'>deus</span> <span class='ocrx_word' id='word_1_400' title='bbox 2290 2984 2408 3054; x_wconf 91' lang='lat' dir='ltr'>ille,</span> <span class='ocrx_word' id='word_1_401' title='bbox 2453 2985 2836 3040; x_wconf 82' lang='lat' dir='ltr'>maerentibus</span> <span class='ocrx_word' id='word_1_402' title='bbox 2868 2982 2999 3039; x_wconf 90' lang='lat' dir='ltr'>aliis</span> <span class='ocrx_word' id='word_1_403' title='bbox 3029 2982 3165 3051; x_wconf 87' lang='lat' dir='ltr'>diis,</span> <span class='ocrx_word' id='word_1_404' title='bbox 3197 2981 3556 3050; x_wconf 89' lang='lat' dir='ltr'>claudicans,</span> <span class='ocrx_word' id='word_1_405' title='bbox 3590 2981 3766 3037; x_wconf 88' lang='lat' dir='ltr'>raris-</span> 
     </span>
    </p>
   </div>
   <div class='ocr_carea' id='block_1_61' title="bbox 2114 3073 3764 3148">
    <p class='ocr_par' dir='ltr' id='par_1_61' title="bbox 2114 3073 3764 3148">
     <span class='ocr_line' id='line_1_61' title="bbox 2114 3073 3764 3148; baseline -0.003 -17"><span class='ocrx_word' id='word_1_406' title='bbox 2114 3093 2227 3148; x_wconf 88' lang='lat' dir='ltr'>que</span> <span class='ocrx_word' id='word_1_407' title='bbox 2258 3081 2314 3132; x_wconf 89' lang='lat' dir='ltr'>et</span> <span class='ocrx_word' id='word_1_408' title='bbox 2342 3076 2621 3132; x_wconf 88' lang='lat' dir='ltr'>tenuibus</span> <span class='ocrx_word' id='word_1_409' title='bbox 2653 3075 2815 3131; x_wconf 90' lang='lat' dir='ltr'>tibiis</span> <span class='ocrx_word' id='word_1_410' title='bbox 2850 3075 3138 3132; x_wconf 87' lang='lat' dir='ltr'>innitens:</span> <span class='ocrx_word' id='word_1_411' title='bbox 3164 3073 3483 3146; x_wconf 87' lang='lat' dir='ltr'>ingluviem</span> <span class='ocrx_word' id='word_1_412' title='bbox 3511 3073 3764 3145; x_wconf 86' lang='lat' dir='ltr'>Jupiter,</span> 
     </span>
    </p>
   </div>
   <div class='ocr_carea' id='block_1_62' title="bbox 2111 3162 3769 3238">
    <p class='ocr_par' dir='ltr' id='par_1_62' title="bbox 2111 3162 3769 3238">
     <span class='ocr_line' id='line_1_62' title="bbox 2111 3162 3769 3238; baseline -0.003 -16"><span class='ocrx_word' id='word_1_413' title='bbox 2111 3167 2349 3238; x_wconf 88' lang='lat' dir='ltr'>pinguis</span> <span class='ocrx_word' id='word_1_414' title='bbox 2381 3165 2629 3222; x_wconf 82' lang='lat' dir='ltr'>convivii</span> <span class='ocrx_word' id='word_1_415' title='bbox 2668 3182 2864 3233; x_wconf 89' lang='lat' dir='ltr'>causa,</span> <span class='ocrx_word' id='word_1_416' title='bbox 2909 3163 3089 3220; x_wconf 91' lang='lat' dir='ltr'>simul</span> <span class='ocrx_word' id='word_1_417' title='bbox 3120 3179 3254 3219; x_wconf 91' lang='lat' dir='ltr'>cum</span> <span class='ocrx_word' id='word_1_418' title='bbox 3287 3162 3528 3235; x_wconf 86' lang='lat' dir='ltr'>reliquis</span> <span class='ocrx_word' id='word_1_419' title='bbox 3557 3162 3769 3218; x_wconf 70' lang='lat' dir='ltr'>daemo-</span> 
     </span>
    </p>
   </div>
   <div class='ocr_carea' id='block_1_63' title="bbox 2113 3251 3766 3328">
    <p class='ocr_par' dir='ltr' id='par_1_63' title="bbox 2113 3251 3766 3328">
     <span class='ocr_line' id='line_1_63' title="bbox 2113 3251 3766 3328; baseline -0.002 -17"><span class='ocrx_word' id='word_1_420' title='bbox 2113 3257 2288 3313; x_wconf 89' lang='lat' dir='ltr'>nibus</span> <span class='ocrx_word' id='word_1_421' title='bbox 2322 3257 2391 3312; x_wconf 89' lang='lat' dir='ltr'>ad</span> <span class='ocrx_word' id='word_1_422' title='bbox 2428 3256 2760 3328; x_wconf 87' lang='lat' dir='ltr'>inculpatos</span> <span class='ocrx_word' id='word_1_423' title='bbox 2809 3253 3103 3326; x_wconf 72' lang='lat' dir='ltr'>Ethiopes</span> <span class='ocrx_word' id='word_1_424' title='bbox 3134 3269 3416 3321; x_wconf 85' lang='lat' dir='ltr'>currens;</span> <span class='ocrx_word' id='word_1_425' title='bbox 3448 3251 3766 3308; x_wconf 85' lang='lat' dir='ltr'>Buthcenas</span> 
     </span>
    </p>
   </div>
   <div class='ocr_carea' id='block_1_64' title="bbox 340 3321 1997 3420">
    <p class='ocr_par' dir='ltr' id='par_1_64' title="bbox 340 3336 1997 3420">
     <span class='ocr_line' id='line_1_64' title="bbox 340 3336 1997 3420; baseline 0.006 -30"><span class='ocrx_word' id='word_1_426' title='bbox 340 3336 530 3414; x_wconf 70' lang='grc' dir='ltr'>φύξας,</span> <span class='ocrx_word' id='word_1_427' title='bbox 561 3337 650 3392; x_wconf 85' lang='grc' dir='ltr'>καὶ</span> <span class='ocrx_word' id='word_1_428' title='bbox 680 3339 781 3408; x_wconf 78' lang='grc' dir='ltr'>τὴν</span> <span class='ocrx_word' id='word_1_429' title='bbox 827 3338 1024 3410; x_wconf 79' lang='grc' dir='ltr'>κλῆσιν</span> <span class='ocrx_word' id='word_1_430' title='bbox 1085 3337 1266 3397; x_wconf 73' lang='grc' dir='ltr'>λαϐὼν</span> <span class='ocrx_word' id='word_1_431' title='bbox 1329 3343 1388 3398; x_wconf 84' lang='grc' dir='ltr'>ἐκ</span> <span class='ocrx_word' id='word_1_432' title='bbox 1443 3351 1542 3414; x_wconf 84' lang='grc' dir='ltr'>τῆς</span> <span class='ocrx_word' id='word_1_433' title='bbox 1599 3345 1862 3420; x_wconf 72' lang='grc' dir='ltr'>πράξεως,</span> <span class='ocrx_word' id='word_1_434' title='bbox 1910 3346 1997 3402; x_wconf 76' lang='grc' dir='ltr'>καὶ</span> 
     </span>
    </p>
   </div>
   <div class='ocr_carea' id='block_1_65' title="bbox 2120 3321 3767 3420">
    <p class='ocr_par' dir='ltr' id='par_1_65' title="bbox 2120 3342 3767 3417">
     <span class='ocr_line' id='line_1_65' title="bbox 2120 3342 3767 3417; baseline -0.004 -14"><span class='ocrx_word' id='word_1_435' title='bbox 2120 3347 2311 3415; x_wconf 81' lang='lat' dir='ltr'>etiam,</span> <span class='ocrx_word' id='word_1_436' title='bbox 2337 3345 2437 3417; x_wconf 89' lang='lat' dir='ltr'>qui</span> <span class='ocrx_word' id='word_1_437' title='bbox 2462 3345 2725 3417; x_wconf 74' lang='lat' dir='ltr'>agricolre</span> <span class='ocrx_word' id='word_1_438' title='bbox 2753 3344 2870 3400; x_wconf 88' lang='lat' dir='ltr'>vim</span> <span class='ocrx_word' id='word_1_439' title='bbox 2903 3342 3123 3412; x_wconf 87' lang='lat' dir='ltr'>attulit,</span> <span class='ocrx_word' id='word_1_440' title='bbox 3155 3347 3212 3399; x_wconf 91' lang='lat' dir='ltr'>et</span> <span class='ocrx_word' id='word_1_441' title='bbox 3239 3343 3447 3399; x_wconf 88' lang='lat' dir='ltr'>bovem</span> <span class='ocrx_word' id='word_1_442' title='bbox 3479 3347 3767 3399; x_wconf 88' lang='lat' dir='ltr'>aratorem</span> 
     </span>
    </p>
   </div>
   <div class='ocr_carea' id='block_1_66' title="bbox 338 3425 2000 3512">
    <p class='ocr_par' dir='ltr' id='par_1_66' title="bbox 338 3425 2000 3512">
     <span class='ocr_line' id='line_1_66' title="bbox 338 3425 2000 3512; baseline 0.007 -32"><span class='ocrx_word' id='word_1_443' title='bbox 338 3425 531 3490; x_wconf 89' lang='grc' dir='ltr'>πάντες</span> <span class='ocrx_word' id='word_1_444' title='bbox 615 3433 735 3492; x_wconf 92' lang='grc' dir='ltr'>ταῖς</span> <span class='ocrx_word' id='word_1_445' title='bbox 815 3429 1058 3494; x_wconf 91' lang='grc' dir='ltr'>κνίσσαις</span> <span class='ocrx_word' id='word_1_446' title='bbox 1144 3433 1233 3487; x_wconf 78' lang='grc' dir='ltr'>καὶ</span> <span class='ocrx_word' id='word_1_447' title='bbox 1319 3439 1438 3496; x_wconf 87' lang='grc' dir='ltr'>ταῖς</span> <span class='ocrx_word' id='word_1_448' title='bbox 1515 3429 1728 3498; x_wconf 76' lang='grc' dir='ltr'>λοιϐαῖς</span> <span class='ocrx_word' id='word_1_449' title='bbox 1790 3436 2000 3512; x_wconf 77' lang='grc' dir='ltr'>ἐπιτρέ-</span> 
     </span>
    </p>
   </div>
   <div class='ocr_carea' id='block_1_67' title="bbox 343 3537 561 3592">
    <p class='ocr_par' dir='ltr' id='par_1_67' title="bbox 343 3537 561 3592">
     <span class='ocr_line' id='line_1_67' title="bbox 343 3537 561 3592; baseline 0.014 -21"><span class='ocrx_word' id='word_1_450' title='bbox 343 3537 561 3592; x_wconf 86' lang='grc' dir='ltr'>χοντες.</span> 
     </span>
    </p>
   </div>
   <div class='ocr_carea' id='block_1_68' title="bbox 417 3698 1998 3781">
    <p class='ocr_par' dir='ltr' id='par_1_68' title="bbox 417 3698 1998 3781">
     <span class='ocr_line' id='line_1_68' title="bbox 417 3698 1998 3781; baseline 0.006 -31"><span class='ocrx_word' id='word_1_451' title='bbox 417 3699 560 3754; x_wconf 79' lang='lat' dir='ltr'>PKI&#39;.</span> <span class='ocrx_word' id='word_1_452' title='bbox 621 3698 812 3755; x_wconf 86' lang='grc' dir='ltr'>Καίτοι</span> <span class='ocrx_word' id='word_1_453' title='bbox 885 3702 1002 3760; x_wconf 80' lang='grc' dir='ltr'>πῶς</span> <span class='ocrx_word' id='word_1_454' title='bbox 1072 3704 1238 3755; x_wconf 77' lang='grc' dir='ltr'>ταῦτα</span> <span class='ocrx_word' id='word_1_455' title='bbox 1294 3705 1402 3756; x_wconf 82' lang='grc' dir='ltr'>τῶν</span> <span class='ocrx_word' id='word_1_456' title='bbox 1460 3703 1745 3779; x_wconf 70' lang='grc' dir='ltr'>ἡμετέρων</span> <span class='ocrx_word' id='word_1_457' title='bbox 1820 3703 1998 3781; x_wconf 75' lang='grc' dir='ltr'>ἐγγὺς.</span> 
     </span>
    </p>
   </div>
   <div class='ocr_carea' id='block_1_69' title="bbox 339 3786 2000 3866">
    <p class='ocr_par' dir='ltr' id='par_1_69' title="bbox 339 3786 2000 3866">
     <span class='ocr_line' id='line_1_69' title="bbox 339 3786 2000 3866; baseline 0.005 -25"><span class='ocrx_word' id='word_1_458' title='bbox 339 3788 421 3849; x_wconf 81' lang='grc' dir='ltr'>οἷς</span> <span class='ocrx_word' id='word_1_459' title='bbox 490 3786 616 3862; x_wconf 72' lang='grc' dir='ltr'>ὅρος</span> <span class='ocrx_word' id='word_1_460' title='bbox 683 3788 777 3861; x_wconf 72' lang='grc' dir='ltr'>μὲν</span> <span class='ocrx_word' id='word_1_461' title='bbox 850 3787 1039 3865; x_wconf 76' lang='grc' dir='ltr'>φιλίας</span> <span class='ocrx_word' id='word_1_462' title='bbox 1117 3792 1230 3864; x_wconf 84' lang='grc'>(76)</span> <span class='ocrx_word' id='word_1_463' title='bbox 1271 3791 1431 3866; x_wconf 72' lang='grc' dir='ltr'>αὐτος</span> <span class='ocrx_word' id='word_1_464' title='bbox 1487 3789 1735 3864; x_wconf 71' lang='grc' dir='ltr'>ἕκαστος,</span> <span class='ocrx_word' id='word_1_465' title='bbox 1790 3793 1880 3848; x_wconf 84' lang='grc' dir='ltr'>καὶ</span> <span class='ocrx_word' id='word_1_466' title='bbox 1937 3795 2000 3850; x_wconf 86' lang='grc' dir='ltr'>τὸ</span> 
     </span>
    </p>
   </div>
   <div class='ocr_carea' id='block_1_70' title="bbox 336 3875 1994 3958">
    <p class='ocr_par' dir='ltr' id='par_1_70' title="bbox 336 3875 1994 3958">
     <span class='ocr_line' id='line_1_70' title="bbox 336 3875 1994 3958; baseline 0.004 -27"><span class='ocrx_word' id='word_1_467' title='bbox 336 3875 407 3931; x_wconf 76' lang='grc' dir='ltr'>ττὶ</span> <span class='ocrx_word' id='word_1_468' title='bbox 462 3876 596 3932; x_wconf 76' lang='grc' dir='ltr'>αὐτὰ</span> <span class='ocrx_word' id='word_1_469' title='bbox 648 3877 942 3953; x_wconf 72' lang='grc' dir='ltr'>βούλεσθαι</span> <span class='ocrx_word' id='word_1_470' title='bbox 982 3883 1103 3941; x_wconf 87' lang='grc' dir='ltr'>τοῖς</span> <span class='ocrx_word' id='word_1_471' title='bbox 1149 3879 1394 3952; x_wconf 87' lang='grc' dir='ltr'>πλησίον</span> <span class='ocrx_word' id='word_1_472' title='bbox 1444 3882 1475 3936; x_wconf 79' lang='grc' dir='ltr'>ἃ</span> <span class='ocrx_word' id='word_1_473' title='bbox 1528 3882 1617 3936; x_wconf 83' lang='grc' dir='ltr'>καὶ</span> <span class='ocrx_word' id='word_1_474' title='bbox 1665 3881 1844 3958; x_wconf 71' lang='grc' dir='ltr'>σφίσιν</span> <span class='ocrx_word' id='word_1_475' title='bbox 1904 3883 1994 3938; x_wconf 79' lang='grc' dir='ltr'>αὗ-</span> 
     </span>
    </p>
   </div>
   <div class='ocr_carea' id='block_1_71' title="bbox 337 3963 2000 4046">
    <p class='ocr_par' dir='ltr' id='par_1_71' title="bbox 337 3963 2000 4046">
     <span class='ocr_line' id='line_1_71' title="bbox 337 3963 2000 4046; baseline 0.005 -26"><span class='ocrx_word' id='word_1_476' title='bbox 337 3971 455 4027; x_wconf 81' lang='grc' dir='ltr'>τοῖς</span> <span class='ocrx_word' id='word_1_477' title='bbox 483 3985 495 3997; x_wconf 83' lang='grc'><em>’</em></span> <span class='ocrx_word' id='word_1_478' title='bbox 530 3963 789 4041; x_wconf 77' lang='grc' dir='ltr'>ἔγκλημα</span> <span class='ocrx_word' id='word_1_479' title='bbox 828 3965 874 4023; x_wconf 89' lang='grc' dir='ltr'>δ’</span> <span class='ocrx_word' id='word_1_480' title='bbox 906 3968 968 4023; x_wconf 78' lang='grc' dir='ltr'>οὗ</span> <span class='ocrx_word' id='word_1_481' title='bbox 1003 3968 1167 4041; x_wconf 86' lang='grc' dir='ltr'>μόνον</span> <span class='ocrx_word' id='word_1_482' title='bbox 1197 3971 1259 4025; x_wconf 86' lang='grc' dir='ltr'>τὸ</span> <span class='ocrx_word' id='word_1_483' title='bbox 1317 3970 1565 4046; x_wconf 74' lang='grc' dir='ltr'>γενέσθαι</span> <span class='ocrx_word' id='word_1_484' title='bbox 1607 3973 1794 4044; x_wconf 85' lang='grc' dir='ltr'>κακὸν,</span> <span class='ocrx_word' id='word_1_485' title='bbox 1853 3971 2000 4028; x_wconf 75' lang='grc' dir='ltr'>ἀλλὰ</span> 
     </span>
    </p>
   </div>
   <div class='ocr_carea' id='block_1_72' title="bbox 339 4053 1998 4137">
    <p class='ocr_par' dir='ltr' id='par_1_72' title="bbox 339 4053 1998 4137">
     <span class='ocr_line' id='line_1_72' title="bbox 339 4053 1998 4137; baseline 0.005 -28"><span class='ocrx_word' id='word_1_486' title='bbox 339 4053 431 4109; x_wconf 78' lang='grc' dir='ltr'>καὶ</span> <span class='ocrx_word' id='word_1_487' title='bbox 486 4055 547 4109; x_wconf 84' lang='grc' dir='ltr'>τὸ</span> <span class='ocrx_word' id='word_1_488' title='bbox 609 4054 884 4130; x_wconf 81' lang='grc' dir='ltr'>μελλῆσαι</span> <span class='ocrx_word' id='word_1_489' title='bbox 939 4060 1050 4131; x_wconf 87' lang='grc'>(77)</span> <span class='ocrx_word' id='word_1_490' title='bbox 1113 4064 1330 4134; x_wconf 77' lang='grc' dir='ltr'>μικροῦ,</span> <span class='ocrx_word' id='word_1_491' title='bbox 1382 4061 1471 4115; x_wconf 87' lang='grc' dir='ltr'>καὶ</span> <span class='ocrx_word' id='word_1_492' title='bbox 1527 4068 1627 4130; x_wconf 75' lang='grc' dir='ltr'>τῆς</span> <span class='ocrx_word' id='word_1_493' title='bbox 1663 4061 1838 4137; x_wconf 69' lang='grc' dir='ltr'>ὀργῆς</span> <span class='ocrx_word' id='word_1_494' title='bbox 1888 4065 1998 4136; x_wconf 82' lang='grc'>(78)</span> 
     </span>
    </p>
   </div>
   <div class='ocr_carea' id='block_1_73' title="bbox 337 4141 1260 4220">
    <p class='ocr_par' dir='ltr' id='par_1_73' title="bbox 337 4141 1260 4220">
     <span class='ocr_line' id='line_1_73' title="bbox 337 4141 1260 4220; baseline 0.005 -23"><span class='ocrx_word' id='word_1_495' title='bbox 337 4141 734 4218; x_wconf 72' lang='grc' dir='ltr'>κολαζομένης,</span> <span class='ocrx_word' id='word_1_496' title='bbox 813 4147 890 4210; x_wconf 85' lang='grc' dir='ltr'>ὡς</span> <span class='ocrx_word' id='word_1_497' title='bbox 963 4146 1206 4220; x_wconf 79' lang='grc' dir='ltr'>πράξεως</span> <span class='ocrx_word' id='word_1_498' title='bbox 1248 4168 1260 4181; x_wconf 89' lang='grc'><strong>·</strong></span> 
     </span>
    </p>
   </div>
   <div class='ocr_carea' id='block_1_74' title="bbox 337 4231 1996 4318">
    <p class='ocr_par' dir='ltr' id='par_1_74' title="bbox 337 4231 1996 4318">
     <span class='ocr_line' id='line_1_74' title="bbox 337 4231 1996 4318; baseline 0.006 -30"><span class='ocrx_word' id='word_1_499' title='bbox 337 4231 483 4289; x_wconf 79' lang='grc' dir='ltr'>οὕτω</span> <span class='ocrx_word' id='word_1_500' title='bbox 533 4233 909 4307; x_wconf 77' lang='grc' dir='ltr'>σπουδάζεται,</span> <span class='ocrx_word' id='word_1_501' title='bbox 963 4235 1100 4292; x_wconf 84' lang='grc' dir='ltr'>ὥστε</span> <span class='ocrx_word' id='word_1_502' title='bbox 1171 4239 1262 4293; x_wconf 88' lang='grc' dir='ltr'>καὶ</span> <span class='ocrx_word' id='word_1_503' title='bbox 1326 4239 1610 4318; x_wconf 78' lang='grc' dir='ltr'>ὀφθαλμὸς</span> <span class='ocrx_word' id='word_1_504' title='bbox 1667 4240 1996 4297; x_wconf 72' lang='grc' dir='ltr'>ἀναστέλλε-</span> 
     </span>
    </p>
   </div>
   <div class='ocr_carea' id='block_1_75' title="bbox 332 4322 1996 4408">
    <p class='ocr_par' dir='ltr' id='par_1_75' title="bbox 332 4322 1996 4408">
     <span class='ocr_line' id='line_1_75' title="bbox 332 4322 1996 4408; baseline 0.005 -30"><span class='ocrx_word' id='word_1_505' title='bbox 332 4340 462 4378; x_wconf 88' lang='grc' dir='ltr'>ται·</span> <span class='ocrx_word' id='word_1_506' title='bbox 523 4325 646 4400; x_wconf 79' lang='grc' dir='ltr'>χεὶρ</span> <span class='ocrx_word' id='word_1_507' title='bbox 705 4322 762 4380; x_wconf 72' lang='grc' dir='ltr'>δὲ</span> <span class='ocrx_word' id='word_1_508' title='bbox 814 4327 1010 4404; x_wconf 76' lang='grc' dir='ltr'>φονική</span> <span class='ocrx_word' id='word_1_509' title='bbox 1071 4332 1328 4383; x_wconf 77' lang='grc' dir='ltr'>τοσοῦτον</span> <span class='ocrx_word' id='word_1_510' title='bbox 1405 4329 1682 4407; x_wconf 71' lang='grc' dir='ltr'>πόρρωθεν</span> <span class='ocrx_word' id='word_1_511' title='bbox 1762 4328 1996 4408; x_wconf 71' lang='grc' dir='ltr'>εἷ’ργεται</span> 
     </span>
    </p>
   </div>
   <div class='ocr_carea' id='block_1_76' title="bbox 336 4411 1996 4496">
    <p class='ocr_par' dir='ltr' id='par_1_76' title="bbox 336 4411 1996 4496">
     <span class='ocr_line' id='line_1_76' title="bbox 336 4411 1996 4496; baseline 0.005 -29"><span class='ocrx_word' id='word_1_512' title='bbox 336 4411 475 4469; x_wconf 81' lang='grc' dir='ltr'>ὥστε</span> <span class='ocrx_word' id='word_1_513' title='bbox 533 4414 623 4468; x_wconf 79' lang='grc' dir='ltr'>καὶ</span> <span class='ocrx_word' id='word_1_514' title='bbox 683 4415 854 4488; x_wconf 81' lang='grc' dir='ltr'>θυμὸς</span> <span class='ocrx_word' id='word_1_515' title='bbox 926 4419 1333 4493; x_wconf 67' lang='grc' dir='ltr'>σωφρονίζεταιι</span> <span class='ocrx_word' id='word_1_516' title='bbox 1413 4419 1665 4496; x_wconf 79' lang='grc' dir='ltr'>ἐπίορκον</span> <span class='ocrx_word' id='word_1_517' title='bbox 1726 4419 1783 4476; x_wconf 72' lang='grc' dir='ltr'>δὲ</span> <span class='ocrx_word' id='word_1_518' title='bbox 1860 4421 1996 4493; x_wconf 84' lang='grc' dir='ltr'>ὀμό-</span> 
     </span>
    </p>
   </div>
   <div class='ocr_carea' id='block_1_77' title="bbox 333 4501 1992 4584">
    <p class='ocr_par' dir='ltr' id='par_1_77' title="bbox 333 4501 1992 4584">
     <span class='ocr_line' id='line_1_77' title="bbox 333 4501 1992 4584; baseline 0.005 -27"><span class='ocrx_word' id='word_1_519' title='bbox 333 4523 421 4557; x_wconf 89' lang='grc' dir='ltr'>σαι</span> <span class='ocrx_word' id='word_1_520' title='bbox 473 4504 587 4578; x_wconf 79' lang='grc'>(79)</span> <span class='ocrx_word' id='word_1_521' title='bbox 637 4501 780 4559; x_wconf 76' lang='grc' dir='ltr'>οὕτω</span> <span class='ocrx_word' id='word_1_522' title='bbox 831 4501 1002 4560; x_wconf 83' lang='grc' dir='ltr'>δεινὸν</span> <span class='ocrx_word' id='word_1_523' title='bbox 1052 4507 1142 4561; x_wconf 86' lang='grc' dir='ltr'>καὶ</span> <span class='ocrx_word' id='word_1_524' title='bbox 1190 4508 1514 4584; x_wconf 69' lang='grc' dir='ltr'>ὑπέρογκον,</span> <span class='ocrx_word' id='word_1_525' title='bbox 1563 4508 1701 4564; x_wconf 81' lang='grc' dir='ltr'>ὣστε</span> <span class='ocrx_word' id='word_1_526' title='bbox 1756 4511 1845 4565; x_wconf 85' lang='grc' dir='ltr'>καὶ</span> <span class='ocrx_word' id='word_1_527' title='bbox 1903 4511 1992 4565; x_wconf 83' lang='grc' dir='ltr'>τὸν</span> 
     </span>
    </p>
   </div>
   <div class='ocr_carea' id='block_1_78' title="bbox 1340 4150 1997 4226">
    <p class='ocr_par' dir='ltr' id='par_1_78' title="bbox 1340 4150 1997 4226">
     <span class='ocr_line' id='line_1_78' title="bbox 1340 4150 1997 4226; baseline 0.005 -22"><span class='ocrx_word' id='word_1_528' title='bbox 1340 4151 1421 4211; x_wconf 82' lang='grc' dir='ltr'>οἷς</span> <span class='ocrx_word' id='word_1_529' title='bbox 1498 4150 1819 4226; x_wconf 71' lang='grc' dir='ltr'>σωφροσύνη</span> <span class='ocrx_word' id='word_1_530' title='bbox 1903 4153 1997 4225; x_wconf 74' lang='grc' dir='ltr'>μὲν</span> 
     </span>
    </p>
   </div>
   <div class='ocr_carea' id='block_1_79' title="bbox 2110 3431 3767 3508">
    <p class='ocr_par' dir='ltr' id='par_1_79' title="bbox 2110 3431 3767 3508">
     <span class='ocr_line' id='line_1_79' title="bbox 2110 3431 3767 3508; baseline -0.004 -15"><span class='ocrx_word' id='word_1_531' title='bbox 2110 3436 2353 3506; x_wconf 87' lang='lat' dir='ltr'>voravit,</span> <span class='ocrx_word' id='word_1_532' title='bbox 2389 3440 2564 3508; x_wconf 89' lang='lat' dir='ltr'>atque</span> <span class='ocrx_word' id='word_1_533' title='bbox 2610 3453 2679 3490; x_wconf 87' lang='lat' dir='ltr'>ex</span> <span class='ocrx_word' id='word_1_534' title='bbox 2716 3451 2782 3490; x_wconf 92' lang='lat' dir='ltr'>eo</span> <span class='ocrx_word' id='word_1_535' title='bbox 2814 3434 3070 3490; x_wconf 86' lang='lat' dir='ltr'>facinore</span> <span class='ocrx_word' id='word_1_536' title='bbox 3121 3449 3333 3489; x_wconf 88' lang='lat' dir='ltr'>nomen</span> <span class='ocrx_word' id='word_1_537' title='bbox 3383 3431 3637 3504; x_wconf 83' lang='lat' dir='ltr'>accepit;</span> <span class='ocrx_word' id='word_1_538' title='bbox 3686 3432 3767 3488; x_wconf 92' lang='lat' dir='ltr'>dii</span> 
     </span>
    </p>
   </div>
   <div class='ocr_carea' id='block_1_80' title="bbox 2113 3521 3768 3597">
    <p class='ocr_par' dir='ltr' id='par_1_80' title="bbox 2113 3521 3768 3597">
     <span class='ocr_line' id='line_1_80' title="bbox 2113 3521 3768 3597; baseline -0.004 -15"><span class='ocrx_word' id='word_1_539' title='bbox 2113 3527 2364 3597; x_wconf 89' lang='lat' dir='ltr'>denique</span> <span class='ocrx_word' id='word_1_540' title='bbox 2395 3541 2620 3595; x_wconf 87' lang='lat' dir='ltr'>omnes,</span> <span class='ocrx_word' id='word_1_541' title='bbox 2655 3524 2726 3578; x_wconf 90' lang='lat' dir='ltr'>ad</span> <span class='ocrx_word' id='word_1_542' title='bbox 2778 3522 3046 3579; x_wconf 73' lang='lat' dir='ltr'>carnium</span> <span class='ocrx_word' id='word_1_543' title='bbox 3097 3521 3332 3577; x_wconf 87' lang='lat' dir='ltr'>nidores</span> <span class='ocrx_word' id='word_1_544' title='bbox 3380 3525 3440 3576; x_wconf 90' lang='lat' dir='ltr'>et</span> <span class='ocrx_word' id='word_1_545' title='bbox 3483 3521 3768 3578; x_wconf 84' lang='lat' dir='ltr'>libamina</span> 
     </span>
    </p>
   </div>
   <div class='ocr_carea' id='block_1_81' title="bbox 2113 3613 3180 3683">
    <p class='ocr_par' dir='ltr' id='par_1_81' title="bbox 2113 3613 3180 3683">
     <span class='ocr_line' id='line_1_81' title="bbox 2113 3613 3180 3683; baseline -0.003 -13"><span class='ocrx_word' id='word_1_546' title='bbox 2113 3631 2350 3670; x_wconf 91' lang='lat' dir='ltr'>summa</span> <span class='ocrx_word' id='word_1_547' title='bbox 2380 3613 2752 3669; x_wconf 87' lang='lat' dir='ltr'>festinatione</span> <span class='ocrx_word' id='word_1_548' title='bbox 2782 3613 3180 3683; x_wconf 87' lang='lat' dir='ltr'>properantes.</span> 
     </span>
    </p>
   </div>
   <div class='ocr_carea' id='block_1_82' title="bbox 2185 3698 3767 3770">
    <p class='ocr_par' dir='ltr' id='par_1_82' title="bbox 2185 3698 3767 3770">
     <span class='ocr_line' id='line_1_82' title="bbox 2185 3698 3767 3770; baseline -0.001 -12"><span class='ocrx_word' id='word_1_549' title='bbox 2185 3702 2467 3758; x_wconf 77' lang='lat' dir='ltr'>CXXXIII.</span> <span class='ocrx_word' id='word_1_550' title='bbox 2503 3708 2591 3756; x_wconf 84' lang='lat' dir='ltr'>An</span> <span class='ocrx_word' id='word_1_551' title='bbox 2622 3717 2756 3756; x_wconf 90' lang='lat' dir='ltr'>vero</span> <span class='ocrx_word' id='word_1_552' title='bbox 2785 3700 2907 3754; x_wconf 83' lang='lat' dir='ltr'>haec</span> <span class='ocrx_word' id='word_1_553' title='bbox 2939 3700 3010 3754; x_wconf 89' lang='lat' dir='ltr'>ad</span> <span class='ocrx_word' id='word_1_554' title='bbox 3042 3703 3306 3755; x_wconf 84' lang='lat' dir='ltr'>nostram</span> <span class='ocrx_word' id='word_1_555' title='bbox 3337 3698 3678 3770; x_wconf 89' lang='lat' dir='ltr'>religionem</span> <span class='ocrx_word' id='word_1_556' title='bbox 3709 3705 3767 3756; x_wconf 87' lang='lat' dir='ltr'>et</span> 
     </span>
    </p>
   </div>
   <div class='ocr_carea' id='block_1_83' title="bbox 2112 3786 3768 3860">
    <p class='ocr_par' dir='ltr' id='par_1_83' title="bbox 2112 3786 3768 3860">
     <span class='ocr_line' id='line_1_83' title="bbox 2112 3786 3768 3860; baseline -0.002 -13"><span class='ocrx_word' id='word_1_557' title='bbox 2112 3791 2437 3848; x_wconf 89' lang='lat' dir='ltr'>doctrinam</span> <span class='ocrx_word' id='word_1_558' title='bbox 2471 3791 2778 3855; x_wconf 86' lang='lat' dir='ltr'>accedunt,</span> <span class='ocrx_word' id='word_1_559' title='bbox 2803 3788 2962 3860; x_wconf 91' lang='lat' dir='ltr'>apud</span> <span class='ocrx_word' id='word_1_560' title='bbox 2993 3787 3148 3859; x_wconf 81' lang='lat' dir='ltr'>quod</span> <span class='ocrx_word' id='word_1_561' title='bbox 3180 3786 3272 3842; x_wconf 83' lang='lat' dir='ltr'>lex</span> <span class='ocrx_word' id='word_1_562' title='bbox 3302 3792 3358 3843; x_wconf 88' lang='lat' dir='ltr'>et</span> <span class='ocrx_word' id='word_1_563' title='bbox 3385 3803 3592 3844; x_wconf 86' lang='lat' dir='ltr'>norma</span> <span class='ocrx_word' id='word_1_564' title='bbox 3622 3789 3768 3844; x_wconf 89' lang='lat' dir='ltr'>ami-</span> 
     </span>
    </p>
   </div>
   <div class='ocr_carea' id='block_1_84' title="bbox 2113 3876 3767 3952">
    <p class='ocr_par' dir='ltr' id='par_1_84' title="bbox 2113 3876 3767 3952">
     <span class='ocr_line' id='line_1_84' title="bbox 2113 3876 3767 3952; baseline -0.002 -15"><span class='ocrx_word' id='word_1_565' title='bbox 2113 3881 2259 3937; x_wconf 72' lang='lat' dir='ltr'>citia:</span> <span class='ocrx_word' id='word_1_566' title='bbox 2292 3880 2543 3952; x_wconf 86' lang='lat' dir='ltr'>quisque</span> <span class='ocrx_word' id='word_1_567' title='bbox 2574 3878 2699 3951; x_wconf 91' lang='lat' dir='ltr'>ipse</span> <span class='ocrx_word' id='word_1_568' title='bbox 2729 3882 2835 3943; x_wconf 88' lang='lat' dir='ltr'>est,</span> <span class='ocrx_word' id='word_1_569' title='bbox 2870 3881 3046 3945; x_wconf 84' lang='lat' dir='ltr'>atque</span> <span class='ocrx_word' id='word_1_570' title='bbox 3077 3877 3281 3932; x_wconf 90' lang='lat' dir='ltr'>eadem</span> <span class='ocrx_word' id='word_1_571' title='bbox 3314 3876 3596 3949; x_wconf 82' lang='lat' dir='ltr'>proximis</span> <span class='ocrx_word' id='word_1_572' title='bbox 3625 3877 3767 3933; x_wconf 87' lang='lat' dir='ltr'>velle</span> 
     </span>
    </p>
   </div>
   <div class='ocr_carea' id='block_1_85' title="bbox 2111 3966 3762 4043">
    <p class='ocr_par' dir='ltr' id='par_1_85' title="bbox 2111 3966 3762 4043">
     <span class='ocr_line' id='line_1_85' title="bbox 2111 3966 3762 4043; baseline -0.002 -16"><span class='ocrx_word' id='word_1_573' title='bbox 2111 3987 2236 4043; x_wconf 69' lang='lat' dir='ltr'>quin</span> <span class='ocrx_word' id='word_1_574' title='bbox 2270 3975 2327 4027; x_wconf 90' lang='lat' dir='ltr'>et</span> <span class='ocrx_word' id='word_1_575' title='bbox 2342 3969 2454 4026; x_wconf 90' lang='lat' dir='ltr'>sibi</span> <span class='ocrx_word' id='word_1_576' title='bbox 2487 3968 2630 4041; x_wconf 89' lang='lat' dir='ltr'>ipsis</span> <span class='ocrx_word' id='word_1_577' title='bbox 2656 3985 2669 4023; x_wconf 88' lang='lat'><strong><em>:</em></strong></span> <span class='ocrx_word' id='word_1_578' title='bbox 2696 3967 2917 4022; x_wconf 88' lang='lat' dir='ltr'>crimen</span> <span class='ocrx_word' id='word_1_579' title='bbox 2949 3969 3166 4035; x_wconf 89' lang='lat' dir='ltr'>autem,</span> <span class='ocrx_word' id='word_1_580' title='bbox 3190 3982 3306 4021; x_wconf 90' lang='lat' dir='ltr'>non</span> <span class='ocrx_word' id='word_1_581' title='bbox 3339 3967 3514 4022; x_wconf 92' lang='lat' dir='ltr'>modo</span> <span class='ocrx_word' id='word_1_582' title='bbox 3541 3966 3762 4023; x_wconf 91' lang='lat' dir='ltr'>malum</span> 
     </span>
    </p>
   </div>
   <div class='ocr_carea' id='block_1_86' title="bbox 2108 4055 3761 4127">
    <p class='ocr_par' dir='ltr' id='par_1_86' title="bbox 2108 4055 3761 4127">
     <span class='ocr_line' id='line_1_86' title="bbox 2108 4055 3761 4127; baseline -0.005 -9"><span class='ocrx_word' id='word_1_583' title='bbox 2108 4059 2544 4125; x_wconf 85' lang='lat' dir='ltr'>exstitisse,sed</span> <span class='ocrx_word' id='word_1_584' title='bbox 2577 4057 2754 4113; x_wconf 88' lang='lat' dir='ltr'>etiam</span> <span class='ocrx_word' id='word_1_585' title='bbox 2787 4075 2820 4112; x_wconf 90' lang='lat' dir='ltr'>a</span> <span class='ocrx_word' id='word_1_586' title='bbox 2849 4055 3002 4112; x_wconf 90' lang='lat' dir='ltr'>malo</span> <span class='ocrx_word' id='word_1_587' title='bbox 3035 4073 3242 4127; x_wconf 87' lang='lat' dir='ltr'>parum</span> <span class='ocrx_word' id='word_1_588' title='bbox 3274 4055 3553 4118; x_wconf 82' lang='lat' dir='ltr'>abfuisse.</span> <span class='ocrx_word' id='word_1_589' title='bbox 3587 4056 3761 4112; x_wconf 91' lang='lat' dir='ltr'>nimi-</span> 
     </span>
    </p>
   </div>
   <div class='ocr_carea' id='block_1_87' title="bbox 2109 4145 3761 4222">
    <p class='ocr_par' dir='ltr' id='par_1_87' title="bbox 2109 4145 3761 4222">
     <span class='ocr_line' id='line_1_87' title="bbox 2109 4145 3761 4222; baseline -0.004 -14"><span class='ocrx_word' id='word_1_590' title='bbox 2109 4169 2239 4208; x_wconf 88' lang='lat' dir='ltr'>rum</span> <span class='ocrx_word' id='word_1_591' title='bbox 2274 4149 2592 4222; x_wconf 88' lang='lat' dir='ltr'>cupiditate</span> <span class='ocrx_word' id='word_1_592' title='bbox 2623 4163 2857 4220; x_wconf 88' lang='lat' dir='ltr'>quoque</span> <span class='ocrx_word' id='word_1_593' title='bbox 2887 4145 3016 4218; x_wconf 90' lang='lat' dir='ltr'>ipsa</span> <span class='ocrx_word' id='word_1_594' title='bbox 3063 4161 3229 4217; x_wconf 90' lang='lat' dir='ltr'>pene,</span> <span class='ocrx_word' id='word_1_595' title='bbox 3264 4149 3327 4202; x_wconf 89' lang='lat' dir='ltr'>ut</span> <span class='ocrx_word' id='word_1_596' title='bbox 3362 4145 3608 4214; x_wconf 83' lang='lat' dir='ltr'>actione,</span> <span class='ocrx_word' id='word_1_597' title='bbox 3641 4162 3761 4218; x_wconf 83' lang='lat' dir='ltr'>pce-</span> 
     </span>
    </p>
   </div>
   <div class='ocr_carea' id='block_1_88' title="bbox 2108 4234 3756 4310">
    <p class='ocr_par' dir='ltr' id='par_1_88' title="bbox 2108 4234 3756 4310">
     <span class='ocr_line' id='line_1_88' title="bbox 2108 4234 3756 4310; baseline -0.004 -12"><span class='ocrx_word' id='word_1_598' title='bbox 2108 4259 2246 4299; x_wconf 89' lang='lat' dir='ltr'>nam</span> <span class='ocrx_word' id='word_1_599' title='bbox 2269 4240 2465 4295; x_wconf 84' lang='lat' dir='ltr'>luente</span> <span class='ocrx_word' id='word_1_600' title='bbox 2490 4257 2502 4306; x_wconf 93' lang='lat'><strong>;</strong></span> <span class='ocrx_word' id='word_1_601' title='bbox 2528 4238 2684 4310; x_wconf 88' lang='lat' dir='ltr'>apud</span> <span class='ocrx_word' id='word_1_602' title='bbox 2721 4253 2869 4308; x_wconf 90' lang='lat' dir='ltr'>quos</span> <span class='ocrx_word' id='word_1_603' title='bbox 2901 4240 3136 4292; x_wconf 89' lang='lat' dir='ltr'>tantum</span> <span class='ocrx_word' id='word_1_604' title='bbox 3161 4234 3455 4308; x_wconf 63' lang='lat' dir='ltr'>pudicitiae</span> <span class='ocrx_word' id='word_1_605' title='bbox 3488 4236 3756 4292; x_wconf 87' lang='lat' dir='ltr'>studium</span> 
     </span>
    </p>
   </div>
   <div class='ocr_carea' id='block_1_89' title="bbox 2109 4324 3760 4400">
    <p class='ocr_par' dir='ltr' id='par_1_89' title="bbox 2109 4324 3760 4400">
     <span class='ocr_line' id='line_1_89' title="bbox 2109 4324 3760 4400; baseline -0.005 -10"><span class='ocrx_word' id='word_1_606' title='bbox 2109 4335 2217 4390; x_wconf 87' lang='lat' dir='ltr'>est‘</span> <span class='ocrx_word' id='word_1_607' title='bbox 2255 4337 2316 4387; x_wconf 90' lang='lat' dir='ltr'>ut</span> <span class='ocrx_word' id='word_1_608' title='bbox 2345 4329 2550 4386; x_wconf 88' lang='lat' dir='ltr'>oculus</span> <span class='ocrx_word' id='word_1_609' title='bbox 2581 4344 2814 4400; x_wconf 91' lang='lat' dir='ltr'>quoque</span> <span class='ocrx_word' id='word_1_610' title='bbox 2846 4326 3107 4382; x_wconf 88' lang='lat' dir='ltr'>frenetur</span> <span class='ocrx_word' id='word_1_611' title='bbox 3137 4343 3203 4381; x_wconf 88' lang='lat' dir='ltr'>ac</span> <span class='ocrx_word' id='word_1_612' title='bbox 3234 4324 3589 4398; x_wconf 87' lang='lat' dir='ltr'>reprimatur</span> <span class='ocrx_word' id='word_1_613' title='bbox 3633 4351 3646 4394; x_wconf 87' lang='lat'><strong>;</strong></span> <span class='ocrx_word' id='word_1_614' title='bbox 3704 4333 3760 4382; x_wconf 82' lang='lat' dir='ltr'>et</span> 
     </span>
    </p>
   </div>
   <div class='ocr_carea' id='block_1_90' title="bbox 2110 4414 3759 4490">
    <p class='ocr_par' dir='ltr' id='par_1_90' title="bbox 2110 4414 3759 4490">
     <span class='ocr_line' id='line_1_90' title="bbox 2110 4414 3759 4490; baseline -0.004 -14"><span class='ocrx_word' id='word_1_615' title='bbox 2110 4437 2323 4476; x_wconf 88' lang='lat' dir='ltr'>manus</span> <span class='ocrx_word' id='word_1_616' title='bbox 2354 4417 2736 4490; x_wconf 88' lang='lat' dir='ltr'>sanguinaria</span> <span class='ocrx_word' id='word_1_617' title='bbox 2764 4420 2823 4470; x_wconf 90' lang='lat' dir='ltr'>et</span> <span class='ocrx_word' id='word_1_618' title='bbox 2854 4414 3157 4471; x_wconf 88' lang='lat' dir='ltr'>mortifera</span> <span class='ocrx_word' id='word_1_619' title='bbox 3197 4414 3279 4471; x_wconf 89' lang='lat' dir='ltr'>ita</span> <span class='ocrx_word' id='word_1_620' title='bbox 3308 4415 3479 4488; x_wconf 86' lang='lat' dir='ltr'>longe</span> <span class='ocrx_word' id='word_1_621' title='bbox 3512 4420 3759 4484; x_wconf 88' lang='lat' dir='ltr'>arcetur,</span> 
     </span>
    </p>
   </div>
   <div class='ocr_carea' id='block_1_91' title="bbox 2107 4504 3760 4578">
    <p class='ocr_par' dir='ltr' id='par_1_91' title="bbox 2107 4504 3760 4578">
     <span class='ocr_line' id='line_1_91' title="bbox 2107 4504 3760 4578; baseline -0.002 -12"><span class='ocrx_word' id='word_1_622' title='bbox 2107 4515 2174 4566; x_wconf 90' lang='lat' dir='ltr'>ut</span> <span class='ocrx_word' id='word_1_623' title='bbox 2195 4511 2283 4564; x_wconf 88' lang='lat' dir='ltr'>ira</span> <span class='ocrx_word' id='word_1_624' title='bbox 2303 4507 2479 4563; x_wconf 89' lang='lat' dir='ltr'>etiam</span> <span class='ocrx_word' id='word_1_625' title='bbox 2500 4506 2631 4578; x_wconf 89' lang='lat' dir='ltr'>ipsa</span> <span class='ocrx_word' id='word_1_626' title='bbox 2657 4508 2992 4561; x_wconf 88' lang='lat' dir='ltr'>coerceatur</span> <span class='ocrx_word' id='word_1_627' title='bbox 3012 4523 3025 4561; x_wconf 92' lang='lat'><strong>:</strong></span> <span class='ocrx_word' id='word_1_628' title='bbox 3051 4505 3173 4576; x_wconf 90' lang='lat' dir='ltr'>perj</span> <span class='ocrx_word' id='word_1_629' title='bbox 3187 4504 3381 4561; x_wconf 87' lang='lat' dir='ltr'>urium</span> <span class='ocrx_word' id='word_1_630' title='bbox 3399 4508 3596 4561; x_wconf 89' lang='lat' dir='ltr'>autem</span> <span class='ocrx_word' id='word_1_631' title='bbox 3619 4509 3760 4562; x_wconf 87' lang='lat' dir='ltr'>adeo</span> 
     </span>
    </p>
   </div>
   <div class='ocr_carea' id='block_1_92' title="bbox 401 4645 3759 4730">
    <p class='ocr_par' dir='ltr' id='par_1_92' title="bbox 401 4645 3759 4730">
     <span class='ocr_line' id='line_1_92' title="bbox 401 4645 3759 4730; baseline -0 -23"><span class='ocrx_word' id='word_1_632' title='bbox 401 4651 524 4730; x_wconf 79' lang='lat'>(69)</span> <span class='ocrx_word' id='word_1_633' title='bbox 548 4645 824 4730; x_wconf 63' lang='grc' dir='ltr'>ξζιρδῷοςἒ</span> <span class='ocrx_word' id='word_1_634' title='bbox 861 4671 890 4701; x_wconf 89' lang='grc'>‹‹</span> <span class='ocrx_word' id='word_1_635' title='bbox 934 4651 1210 4730; x_wconf 83' lang='lat' dir='ltr'>L_ucrius,_</span> <span class='ocrx_word' id='word_1_636' title='bbox 1234 4674 1262 4702; x_wconf 84' lang='lat'>»</span> <span class='ocrx_word' id='word_1_637' title='bbox 1318 4653 1585 4730; x_wconf 75' lang='lat' dir='ltr'>Mercurii</span> <span class='ocrx_word' id='word_1_638' title='bbox 1638 4654 1986 4730; x_wconf 80' lang='lat' dir='ltr'>epithetum,</span> <span class='ocrx_word' id='word_1_639' title='bbox 2023 4660 2066 4724; x_wconf 91' lang='grc'>[)</span> <span class='ocrx_word' id='word_1_640' title='bbox 2098 4659 2156 4711; x_wconf 91' lang='lat' dir='ltr'>et</span> <span class='ocrx_word' id='word_1_641' title='bbox 2186 4651 2465 4722; x_wconf 82' lang='lat' dir='ltr'>ambigua</span> <span class='ocrx_word' id='word_1_642' title='bbox 2496 4647 2734 4730; x_wconf 77' lang='lat' dir='ltr'>oracula</span> <span class='ocrx_word' id='word_1_643' title='bbox 2783 4648 3068 4730; x_wconf 67' lang='lat' dir='ltr'>redderet,</span> <span class='ocrx_word' id='word_1_644' title='bbox 3101 4665 3229 4730; x_wconf 69' lang='lat' dir='ltr'>quae</span> <span class='ocrx_word' id='word_1_645' title='bbox 3259 4647 3545 4730; x_wconf 84' lang='lat' dir='ltr'>plurimos</span> <span class='ocrx_word' id='word_1_646' title='bbox 3576 4651 3637 4706; x_wconf 91' lang='lat' dir='ltr'>in</span> <span class='ocrx_word' id='word_1_647' title='bbox 3669 4668 3759 4706; x_wconf 89' lang='lat' dir='ltr'>er-</span> 
     </span>
    </p>
   </div>
   <div class='ocr_carea' id='block_1_93' title="bbox 329 4722 1988 4797">
    <p class='ocr_par' dir='ltr' id='par_1_93' title="bbox 329 4722 1988 4797">
     <span class='ocr_line' id='line_1_93' title="bbox 329 4722 1988 4797; baseline 0.002 -18"><span class='ocrx_word' id='word_1_648' title='bbox 329 4724 404 4779; x_wconf 87' lang='lat' dir='ltr'>ad</span> <span class='ocrx_word' id='word_1_649' title='bbox 433 4722 1148 4797; x_wconf 82' lang='lat' dir='ltr'>subindioandamipsius</span> <span class='ocrx_word' id='word_1_650' title='bbox 1197 4725 1256 4780; x_wconf 94' lang='lat' dir='ltr'>in</span> <span class='ocrx_word' id='word_1_651' title='bbox 1297 4732 1524 4797; x_wconf 86' lang='lat' dir='ltr'>quaestu</span> <span class='ocrx_word' id='word_1_652' title='bbox 1560 4722 1824 4782; x_wconf 82' lang='lat' dir='ltr'>faciendo</span> <span class='ocrx_word' id='word_1_653' title='bbox 1855 4722 1988 4782; x_wconf 66' lang='grc' dir='ltr'>ἀεθχέ</span> 
     </span>
    </p>
   </div>
   <div class='ocr_carea' id='block_1_94' title="bbox 330 4795 1989 4870">
    <p class='ocr_par' dir='ltr' id='par_1_94' title="bbox 330 4795 1989 4870">
     <span class='ocr_line' id='line_1_94' title="bbox 330 4795 1989 4870; baseline 0.002 -19"><span class='ocrx_word' id='word_1_654' title='bbox 330 4795 666 4870; x_wconf 82' lang='lat' dir='ltr'>teritatem;</span> <span class='ocrx_word' id='word_1_655' title='bbox 727 4795 1110 4866; x_wconf 81' lang='lat' dir='ltr'>quamobrem</span> <span class='ocrx_word' id='word_1_656' title='bbox 1168 4813 1202 4852; x_wconf 89' lang='lat' dir='ltr'>a</span> <span class='ocrx_word' id='word_1_657' title='bbox 1255 4795 1466 4870; x_wconf 81' lang='lat' dir='ltr'>priscis</span> <span class='ocrx_word' id='word_1_658' title='bbox 1518 4799 1869 4870; x_wconf 80' lang='lat' dir='ltr'>pingebatur</span> <span class='ocrx_word' id='word_1_659' title='bbox 1899 4816 1989 4855; x_wconf 86' lang='lat' dir='ltr'>ac-</span> 
     </span>
    </p>
   </div>
   <div class='ocr_carea' id='block_1_95' title="bbox 330 4867 1984 4941">
    <p class='ocr_par' dir='ltr' id='par_1_95' title="bbox 330 4867 1984 4941">
     <span class='ocr_line' id='line_1_95' title="bbox 330 4867 1984 4941; baseline 0.003 -19"><span class='ocrx_word' id='word_1_660' title='bbox 330 4867 562 4941; x_wconf 86' lang='lat' dir='ltr'>cinctus</span> <span class='ocrx_word' id='word_1_661' title='bbox 592 4882 750 4941; x_wconf 84' lang='lat' dir='ltr'>pera,</span> <span class='ocrx_word' id='word_1_662' title='bbox 783 4883 964 4941; x_wconf 85' lang='lat' dir='ltr'>quam</span> <span class='ocrx_word' id='word_1_663' title='bbox 990 4885 1024 4924; x_wconf 89' lang='lat' dir='ltr'>a</span> <span class='ocrx_word' id='word_1_664' title='bbox 1053 4867 1570 4941; x_wconf 59' lang='lat' dir='ltr'>sacco,&#39;sacculum</span> <span class='ocrx_word' id='word_1_665' title='bbox 1589 4867 1984 4941; x_wconf 78' lang='lat' dir='ltr'>appellabant.</span> 
     </span>
    </p>
   </div>
   <div class='ocr_carea' id='block_1_96' title="bbox 329 4939 1769 5016">
    <p class='ocr_par' dir='ltr' id='par_1_96' title="bbox 329 4939 1769 5016">
     <span class='ocr_line' id='line_1_96' title="bbox 329 4939 1769 5016; baseline 0.002 -23"><span class='ocrx_word' id='word_1_666' title='bbox 329 4940 592 5016; x_wconf 69' lang='lat' dir='ltr'>Habetur</span> <span class='ocrx_word' id='word_1_667' title='bbox 616 4940 800 5016; x_wconf 72' lang='lat' dir='ltr'>etiam</span> <span class='ocrx_word' id='word_1_668' title='bbox 830 4941 896 4994; x_wconf 89' lang='lat' dir='ltr'>ut</span> <span class='ocrx_word' id='word_1_669' title='bbox 924 4939 1072 5016; x_wconf 89' lang='lat' dir='ltr'>luc_r_i</span> <span class='ocrx_word' id='word_1_670' title='bbox 1103 4958 1169 5016; x_wconf 79' lang='lat' dir='ltr'>ac</span> <span class='ocrx_word' id='word_1_671' title='bbox 1200 4940 1494 5016; x_wconf 79' lang='lat' dir='ltr'>furtorum</span> <span class='ocrx_word' id='word_1_672' title='bbox 1534 4939 1769 5016; x_wconf 59' lang='lat' dir='ltr'>praeses.</span> 
     </span>
    </p>
   </div>
   <div class='ocr_carea' id='block_1_97' title="bbox 399 5006 1986 5085">
    <p class='ocr_par' dir='ltr' id='par_1_97' title="bbox 399 5006 1986 5085">
     <span class='ocr_line' id='line_1_97' title="bbox 399 5006 1986 5085; baseline 0.004 -20"><span class='ocrx_word' id='word_1_673' title='bbox 399 5010 515 5084; x_wconf 87' lang='lat'>(70)</span> <span class='ocrx_word' id='word_1_674' title='bbox 601 5006 925 5085; x_wconf 69' lang='grc' dir='ltr'>Σακὲλλιρν.</span> <span class='ocrx_word' id='word_1_675' title='bbox 1014 5013 1216 5068; x_wconf 86' lang='lat' dir='ltr'>Mallet</span> <span class='ocrx_word' id='word_1_676' title='bbox 1291 5006 1710 5085; x_wconf 79' lang='lat' dir='ltr'>Montacutius)</span> <span class='ocrx_word' id='word_1_677' title='bbox 1795 5009 1986 5066; x_wconf 79' lang='grc' dir='ltr'>σακύλ-</span> 
     </span>
    </p>
   </div>
   <div class='ocr_carea' id='block_1_98' title="bbox 327 5080 1986 5211">
    <p class='ocr_par' dir='ltr' id='par_1_98' title="bbox 327 5080 1986 5211">
     <span class='ocr_line' id='line_1_98' title="bbox 327 5080 1986 5161; baseline 0.002 -24"><span class='ocrx_word' id='word_1_678' title='bbox 327 5080 470 5152; x_wconf 62' lang='lat' dir='ltr'>im,</span> <span class='ocrx_word' id='word_1_679' title='bbox 498 5080 622 5138; x_wconf 82' lang='lat' dir='ltr'>sed</span> <span class='ocrx_word' id='word_1_680' title='bbox 678 5081 950 5156; x_wconf 88' lang='lat' dir='ltr'>displicet</span> <span class='ocrx_word' id='word_1_681' title='bbox 1005 5085 1376 5158; x_wconf 78' lang='lat' dir='ltr'>Combeﬁsio,</span> <span class='ocrx_word' id='word_1_682' title='bbox 1417 5087 1556 5159; x_wconf 89' lang='lat' dir='ltr'>quia</span> <span class='ocrx_word' id='word_1_683' title='bbox 1583 5080 1986 5161; x_wconf 85' lang='lat' dir='ltr'>grammaticis</span> 
     </span>
     <span class='ocr_line' id='line_1_99' title="bbox 327 5154 685 5211; baseline 0 0"><span class='ocrx_word' id='word_1_684' title='bbox 327 5154 685 5211; x_wconf 89' lang='lat' dir='ltr'>inauditum.</span> 
     </span>
    </p>
   </div>
   <div class='ocr_carea' id='block_1_99' title="bbox 325 5171 685 5212">
    <p class='ocr_par' dir='ltr' id='par_1_99' title="bbox 325 5171 685 5212">
     <span class='ocr_line' id='line_1_100' title="bbox 325 5171 685 5212; baseline 0 -1"><span class='ocrx_word' id='word_1_685' title='bbox 325 5171 685 5212; x_wconf 78' lang='lat' dir='ltr'>inauditum.</span> 
     </span>
    </p>
   </div>
   <div class='ocr_carea' id='block_1_100' title="bbox 394 5226 1984 5299">
    <p class='ocr_par' dir='ltr' id='par_1_100' title="bbox 394 5226 1984 5299">
     <span class='ocr_line' id='line_1_101' title="bbox 394 5226 1984 5299; baseline 0.001 -18"><span class='ocrx_word' id='word_1_686' title='bbox 394 5227 509 5299; x_wconf 90' lang='grc'>(71)</span> <span class='ocrx_word' id='word_1_687' title='bbox 542 5226 723 5293; x_wconf 88' lang='grc' dir='ltr'>Ἀνευ,</span> <span class='ocrx_word' id='word_1_688' title='bbox 775 5230 885 5281; x_wconf 85' lang='lat' dir='ltr'>etc.</span> <span class='ocrx_word' id='word_1_689' title='bbox 921 5228 1016 5284; x_wconf 91' lang='lat' dir='ltr'>Sie</span> <span class='ocrx_word' id='word_1_690' title='bbox 1066 5229 1237 5299; x_wconf 83' lang='lat' dir='ltr'>codd.</span> <span class='ocrx_word' id='word_1_691' title='bbox 1272 5234 1332 5285; x_wconf 90' lang='lat' dir='ltr'>et</span> <span class='ocrx_word' id='word_1_692' title='bbox 1360 5230 1523 5286; x_wconf 86' lang='lat' dir='ltr'>editi.</span> <span class='ocrx_word' id='word_1_693' title='bbox 1558 5231 1726 5286; x_wconf 90' lang='lat' dir='ltr'>Herv.</span> <span class='ocrx_word' id='word_1_694' title='bbox 1758 5245 1892 5284; x_wconf 88' lang='lat' dir='ltr'>vero</span> <span class='ocrx_word' id='word_1_695' title='bbox 1924 5227 1984 5283; x_wconf 90' lang='lat' dir='ltr'>in</span> 
     </span>
    </p>
   </div>
   <div class='ocr_carea' id='block_1_101' title="bbox 320 5297 1986 5372">
    <p class='ocr_par' dir='ltr' id='par_1_101' title="bbox 320 5297 1986 5372">
     <span class='ocr_line' id='line_1_102' title="bbox 320 5297 1986 5372; baseline 0.001 -17"><span class='ocrx_word' id='word_1_696' title='bbox 320 5297 520 5372; x_wconf 58' lang='lat' dir='ltr'>testu,</span> <span class='ocrx_word' id='word_1_697' title='bbox 539 5303 597 5355; x_wconf 88' lang='lat' dir='ltr'>et</span> <span class='ocrx_word' id='word_1_698' title='bbox 625 5299 877 5355; x_wconf 87' lang='lat' dir='ltr'>Montac.</span> <span class='ocrx_word' id='word_1_699' title='bbox 911 5299 969 5357; x_wconf 87' lang='lat' dir='ltr'>in</span> <span class='ocrx_word' id='word_1_700' title='bbox 1002 5316 1124 5369; x_wconf 88' lang='lat' dir='ltr'>ora,</span> <span class='ocrx_word' id='word_1_701' title='bbox 1157 5297 1361 5356; x_wconf 80' lang='grc' dir='ltr'>ἄνευθε.</span> <span class='ocrx_word' id='word_1_702' title='bbox 1413 5302 1552 5358; x_wconf 89' lang='lat' dir='ltr'>Erat</span> <span class='ocrx_word' id='word_1_703' title='bbox 1598 5302 1656 5358; x_wconf 91' lang='lat' dir='ltr'>id</span> <span class='ocrx_word' id='word_1_704' title='bbox 1699 5300 1986 5372; x_wconf 85' lang='lat' dir='ltr'>Apollinis</span> 
     </span>
    </p>
   </div>
   <div class='ocr_carea' id='block_1_102' title="bbox 325 5369 653 5427">
    <p class='ocr_par' dir='ltr' id='par_1_102' title="bbox 325 5369 653 5427">
     <span class='ocr_line' id='line_1_103' title="bbox 325 5369 653 5427; baseline -0.003 -1"><span class='ocrx_word' id='word_1_705' title='bbox 325 5369 653 5427; x_wconf 87' lang='lat' dir='ltr'>oraculum.</span> 
     </span>
    </p>
   </div>
   <div class='ocr_carea' id='block_1_103' title="bbox 399 5439 1978 5518">
    <p class='ocr_par' dir='ltr' id='par_1_103' title="bbox 399 5439 1978 5518">
     <span class='ocr_line' id='line_1_104' title="bbox 399 5439 1978 5518; baseline 0.003 -24"><span class='ocrx_word' id='word_1_706' title='bbox 571 5441 740 5517; x_wconf 79' lang='grc' dir='ltr'>Φρυξὶ</span> <span class='ocrx_word' id='word_1_707' title='bbox 796 5439 1192 5518; x_wconf 73' lang='grc' dir='ltr'>μειρακίσκρις.</span> <span class='ocrx_word' id='word_1_708' title='bbox 1264 5445 1350 5518; x_wconf 77' lang='lat' dir='ltr'>Ita</span> <span class='ocrx_word' id='word_1_709' title='bbox 1407 5461 1802 5518; x_wconf 16' lang='lat' dir='ltr'>pene‘omnes</span> <span class='ocrx_word' id='word_1_710' title='bbox 1835 5461 1978 5518; x_wconf 76' lang='lat' dir='ltr'>mss.</span> 
     </span>
    </p>
   </div>
   <div class='ocr_carea' id='block_1_104' title="bbox 323 5513 1985 5598">
    <p class='ocr_par' dir='ltr' id='par_1_104' title="bbox 323 5513 1985 5598">
     <span class='ocr_line' id='line_1_105' title="bbox 323 5513 1985 5598; baseline 0.003 -32"><span class='ocrx_word' id='word_1_711' title='bbox 513 5513 635 5597; x_wconf 61' lang='lat' dir='ltr'>vso,</span> <span class='ocrx_word' id='word_1_712' title='bbox 671 5513 841 5598; x_wconf 61' lang='grc' dir='ltr'>ιξρυξὶ</span> <span class='ocrx_word' id='word_1_713' title='bbox 877 5513 1202 5598; x_wconf 77' lang='grc' dir='ltr'>μειρακίοις.</span> <span class='ocrx_word' id='word_1_714' title='bbox 1251 5513 1475 5572; x_wconf 80' lang='lat' dir='ltr'>Alludit</span> <span class='ocrx_word' id='word_1_715' title='bbox 1521 5515 1616 5574; x_wconf 84' lang='lat' dir='ltr'>hi0</span> <span class='ocrx_word' id='word_1_716' title='bbox 1670 5517 1985 5590; x_wconf 84' lang='lat' dir='ltr'>Gregorius</span> 
     </span>
    </p>
   </div>
   <div class='ocr_carea' id='block_1_105' title="bbox 326 5585 1063 5659">
    <p class='ocr_par' dir='ltr' id='par_1_105' title="bbox 326 5585 1063 5659">
     <span class='ocr_line' id='line_1_106' title="bbox 326 5585 1063 5659; baseline 0 -15"><span class='ocrx_word' id='word_1_717' title='bbox 326 5587 400 5644; x_wconf 87' lang='lat' dir='ltr'>ad</span> <span class='ocrx_word' id='word_1_718' title='bbox 431 5585 784 5659; x_wconf 0' lang='lat' dir='ltr'>(Ganimedis</span> <span class='ocrx_word' id='word_1_719' title='bbox 805 5585 1063 5659; x_wconf 85' lang='lat' dir='ltr'>raptum.</span> 
     </span>
    </p>
   </div>
   <div class='ocr_carea' id='block_1_106' title="bbox 313 5657 1983 5788">
    <p class='ocr_par' dir='ltr' id='par_1_106' title="bbox 313 5657 1983 5788">
     <span class='ocr_line' id='line_1_107' title="bbox 394 5657 1983 5786; baseline 0.002 -75"><span class='ocrx_word' id='word_1_720' title='bbox 394 5657 512 5786; x_wconf 70' lang='grc'>(73)</span> <span class='ocrx_word' id='word_1_721' title='bbox 540 5657 720 5732; x_wconf 79' lang='grc' dir='ltr'>θυμὸν</span> <span class='ocrx_word' id='word_1_722' title='bbox 769 5657 964 5734; x_wconf 66' lang='grc' dir='ltr'>Ἄρης.</span> <span class='ocrx_word' id='word_1_723' title='bbox 1019 5660 1289 5732; x_wconf 90' lang='lat' dir='ltr'>Quinque</span> <span class='ocrx_word' id='word_1_724' title='bbox 1340 5661 1477 5734; x_wconf 84' lang='lat' dir='ltr'>Reg.</span> <span class='ocrx_word' id='word_1_725' title='bbox 1515 5659 1609 5715; x_wconf 88' lang='lat' dir='ltr'>Or.</span> <span class='ocrx_word' id='word_1_726' title='bbox 1644 5659 1697 5728; x_wconf 77' lang='lat' dir='ltr'>l,</span> <span class='ocrx_word' id='word_1_727' title='bbox 1730 5663 1786 5715; x_wconf 88' lang='lat' dir='ltr'>et</span> <span class='ocrx_word' id='word_1_728' title='bbox 1815 5660 1983 5716; x_wconf 86' lang='lat' dir='ltr'>Com-</span> 
     </span>
     <span class='ocr_line' id='line_1_108' title="bbox 313 5729 1274 5788; baseline 0.001 0"><span class='ocrx_word' id='word_1_729' title='bbox 313 5732 390 5788; x_wconf 86' lang='lat' dir='ltr'>be</span> <span class='ocrx_word' id='word_1_730' title='bbox 421 5774 434 5786; x_wconf 92' lang='lat'>.</span> <span class='ocrx_word' id='word_1_731' title='bbox 467 5729 711 5788; x_wconf 68' lang='lat' dir='ltr'>legunt:</span> <span class='ocrx_word' id='word_1_732' title='bbox 743 5731 916 5788; x_wconf 73' lang='grc' dir='ltr'>θυμὸν</span> <span class='ocrx_word' id='word_1_733' title='bbox 947 5731 1042 5788; x_wconf 79' lang='grc' dir='ltr'>μὶν</span> <span class='ocrx_word' id='word_1_734' title='bbox 1077 5729 1274 5788; x_wconf 70' lang='lat' dir='ltr'>&quot;Aona.</span> 
     </span>
    </p>
   </div>
   <div class='ocr_carea' id='block_1_107' title="bbox 357 5741 1985 5882">
    <p class='ocr_par' dir='ltr' id='par_1_107' title="bbox 357 5741 1985 5882">
     <span class='ocr_line' id='line_1_109' title="bbox 357 5741 1274 5806; baseline 0 -18"><span class='ocrx_word' id='word_1_735' title='bbox 357 5741 434 5788; x_wconf 71' lang='lat' dir='ltr'>et:</span> <span class='ocrx_word' id='word_1_736' title='bbox 468 5741 711 5804; x_wconf 84' lang='lat' dir='ltr'>legunt:</span> <span class='ocrx_word' id='word_1_737' title='bbox 743 5741 806 5794; x_wconf 88' lang='grc' dir='ltr'>θυ</span> <span class='ocrx_word' id='word_1_738' title='bbox 857 5741 916 5786; x_wconf 88' lang='grc' dir='ltr'>ὸν</span> <span class='ocrx_word' id='word_1_739' title='bbox 947 5741 1042 5804; x_wconf 82' lang='grc' dir='ltr'>μὲν</span> <span class='ocrx_word' id='word_1_740' title='bbox 1078 5741 1274 5806; x_wconf 84' lang='grc' dir='ltr'>Ἀρης.</span> 
     </span>
     <span class='ocr_line' id='line_1_110' title="bbox 390 5751 1985 5882; baseline -0.001 -18"><span class='ocrx_word' id='word_1_741' title='bbox 390 5802 509 5879; x_wconf 75' lang='grc'>(74)</span> <span class='ocrx_word' id='word_1_742' title='bbox 538 5801 759 5882; x_wconf 75' lang='grc' dir='ltr'>Λοξίας.</span> <span class='ocrx_word' id='word_1_743' title='bbox 789 5751 886 5866; x_wconf 62' lang='grc' dir='ltr'>έίο</span> <span class='ocrx_word' id='word_1_744' title='bbox 914 5803 1119 5879; x_wconf 86' lang='lat' dir='ltr'>Apollo</span> <span class='ocrx_word' id='word_1_745' title='bbox 1148 5803 1499 5882; x_wconf 82' lang='lat' dir='ltr'>appellatus,</span> <span class='ocrx_word' id='word_1_746' title='bbox 1548 5803 1706 5878; x_wconf 84' lang='lat' dir='ltr'>quod</span> <span class='ocrx_word' id='word_1_747' title='bbox 1735 5802 1985 5864; x_wconf 83' lang='lat' dir='ltr'>obscura</span> 
     </span>
    </p>
   </div>
   <div class='ocr_carea' id='block_1_108' title="bbox 2101 4719 3502 4782">
    <p class='ocr_par' dir='ltr' id='par_1_108' title="bbox 2101 4719 3502 4782">
     <span class='ocr_line' id='line_1_111' title="bbox 2101 4719 3502 4782; baseline -0.006 0"><span class='ocrx_word' id='word_1_748' title='bbox 2101 4742 2290 4782; x_wconf 89' lang='lat' dir='ltr'>rorem</span> <span class='ocrx_word' id='word_1_749' title='bbox 2322 4719 2379 4779; x_wconf 79' lang='lat' dir='ltr'>et</span> <span class='ocrx_word' id='word_1_750' title='bbox 2411 4721 2697 4776; x_wconf 85' lang='lat' dir='ltr'>maximas</span> <span class='ocrx_word' id='word_1_751' title='bbox 2729 4719 3092 4774; x_wconf 88' lang='lat' dir='ltr'>calamitates</span> <span class='ocrx_word' id='word_1_752' title='bbox 3123 4719 3502 4775; x_wconf 87' lang='lat' dir='ltr'>induxerunt.</span> 
     </span>
    </p>
   </div>
   <div class='ocr_carea' id='block_1_109' title="bbox 2169 4791 3754 4869">
    <p class='ocr_par' dir='ltr' id='par_1_109' title="bbox 2169 4791 3754 4869">
     <span class='ocr_line' id='line_1_112' title="bbox 2169 4791 3754 4869; baseline -0.001 -19"><span class='ocrx_word' id='word_1_753' title='bbox 2169 4799 2282 4869; x_wconf 83' lang='lat'>(75)</span> <span class='ocrx_word' id='word_1_754' title='bbox 2317 4791 2724 4869; x_wconf 55' lang='lat' dir='ltr'>Boooot‘aaclta</span> <span class='ocrx_word' id='word_1_755' title='bbox 2769 4791 3217 4862; x_wconf 87' lang='lat' dir='ltr'>cognominatus</span> <span class='ocrx_word' id='word_1_756' title='bbox 3266 4791 3569 4848; x_wconf 85' lang='lat' dir='ltr'>Hercules.</span> <span class='ocrx_word' id='word_1_757' title='bbox 3611 4792 3754 4849; x_wconf 89' lang='lat' dir='ltr'>Vide</span> 
     </span>
    </p>
   </div>
   <div class='ocr_carea' id='block_1_110' title="bbox 2099 4866 2644 4936">
    <p class='ocr_par' dir='ltr' id='par_1_110' title="bbox 2099 4866 2644 4936">
     <span class='ocr_line' id='line_1_113' title="bbox 2099 4866 2644 4936; baseline -0.013 -11"><span class='ocrx_word' id='word_1_758' title='bbox 2099 4866 2208 4926; x_wconf 88' lang='lat' dir='ltr'>col.</span> <span class='ocrx_word' id='word_1_759' title='bbox 2239 4866 2366 4936; x_wconf 83' lang='lat'>603,</span> <span class='ocrx_word' id='word_1_760' title='bbox 2400 4870 2522 4922; x_wconf 90' lang='lat' dir='ltr'>not.</span> <span class='ocrx_word' id='word_1_761' title='bbox 2555 4866 2644 4919; x_wconf 84' lang='lat'>86.</span> 
     </span>
    </p>
   </div>
   <div class='ocr_carea' id='block_1_111' title="bbox 2170 4932 3753 5018">
    <p class='ocr_par' dir='ltr' id='par_1_111' title="bbox 2170 4932 3753 5018">
     <span class='ocr_line' id='line_1_114' title="bbox 2170 4932 3753 5018; baseline -0.004 -23"><span class='ocrx_word' id='word_1_762' title='bbox 2170 4943 2282 5018; x_wconf 80' lang='grc'>(76)</span> <span class='ocrx_word' id='word_1_763' title='bbox 2313 4932 2532 5018; x_wconf 48' lang='lat' dir='ltr'>didier.</span> <span class='ocrx_word' id='word_1_764' title='bbox 2565 4934 2957 5018; x_wconf 57' lang='lat' dir='ltr'>Montacutius</span> <span class='ocrx_word' id='word_1_765' title='bbox 2989 4933 3227 5018; x_wconf 71' lang='lat' dir='ltr'>conjicit</span> <span class='ocrx_word' id='word_1_766' title='bbox 3250 4932 3573 5018; x_wconf 42' lang='lat' dir='ltr'>legendum.</span> <span class='ocrx_word' id='word_1_767' title='bbox 3596 4932 3753 5012; x_wconf 83' lang='grc' dir='ltr'>φιλο-</span> 
     </span>
    </p>
   </div>
   <div class='ocr_carea' id='block_1_112' title="bbox 2098 5006 3749 5090">
    <p class='ocr_par' dir='ltr' id='par_1_112' title="bbox 2098 5006 3749 5090">
     <span class='ocr_line' id='line_1_115' title="bbox 2098 5006 3749 5090; baseline -0.001 -23"><span class='ocrx_word' id='word_1_768' title='bbox 2098 5006 2312 5090; x_wconf 55' lang='grc' dir='ltr'>σοφίας.</span> <span class='ocrx_word' id='word_1_769' title='bbox 2336 5014 2442 5068; x_wconf 85' lang='lat' dir='ltr'>Sed</span> <span class='ocrx_word' id='word_1_770' title='bbox 2476 5009 2673 5090; x_wconf 76' lang='lat' dir='ltr'>nullos</span> <span class='ocrx_word' id='word_1_771' title='bbox 2703 5008 2892 5065; x_wconf 85' lang='lat' dir='ltr'>favere</span> <span class='ocrx_word' id='word_1_772' title='bbox 2923 5006 3151 5090; x_wconf 77' lang='lat' dir='ltr'>codices</span> <span class='ocrx_word' id='word_1_773' title='bbox 3181 5006 3414 5090; x_wconf 45' lang='lat' dir='ltr'>‘asserit</span> <span class='ocrx_word' id='word_1_774' title='bbox 3453 5006 3749 5090; x_wconf 58' lang='lat' dir='ltr'>variarum</span> 
     </span>
    </p>
   </div>
   <div class='ocr_carea' id='block_1_113' title="bbox 2094 5077 3746 5150">
    <p class='ocr_par' dir='ltr' id='par_1_113' title="bbox 2094 5077 3746 5150">
     <span class='ocr_line' id='line_1_116' title="bbox 2094 5077 3746 5150; baseline -0.002 -9"><span class='ocrx_word' id='word_1_775' title='bbox 2094 5077 2406 5142; x_wconf 78' lang='lat' dir='ltr'>lectionem</span> <span class='ocrx_word' id='word_1_776' title='bbox 2469 5083 2779 5148; x_wconf 85' lang='lat' dir='ltr'>collector;</span> <span class='ocrx_word' id='word_1_777' title='bbox 2839 5097 3042 5150; x_wconf 84' lang='lat' dir='ltr'>verum</span> <span class='ocrx_word' id='word_1_778' title='bbox 3099 5077 3746 5150; x_wconf 83' lang='lat' dir='ltr'>hallucinatur;Coisl.</span> 
     </span>
    </p>
   </div>
   <div class='ocr_carea' id='block_1_114' title="bbox 2095 5148 3022 5228">
    <p class='ocr_par' dir='ltr' id='par_1_114' title="bbox 2095 5148 3022 5228">
     <span class='ocr_line' id='line_1_117' title="bbox 2095 5148 3022 5228; baseline -0.009 -14"><span class='ocrx_word' id='word_1_779' title='bbox 2095 5174 2353 5228; x_wconf 84' lang='lat' dir='ltr'>namque</span> <span class='ocrx_word' id='word_1_780' title='bbox 2383 5148 3022 5228; x_wconf 30' lang='grc' dir='ltr'>2λ118ὒθῐμφιλοσοφίας.</span> 
     </span>
    </p>
   </div>
   <div class='ocr_carea' id='block_1_115' title="bbox 2169 5219 3182 5301">
    <p class='ocr_par' dir='ltr' id='par_1_115' title="bbox 2169 5219 3182 5301">
     <span class='ocr_line' id='line_1_118' title="bbox 2169 5219 3182 5301; baseline -0.008 -17"><span class='ocrx_word' id='word_1_781' title='bbox 2169 5219 2277 5301; x_wconf 87' lang='lat'>(77)</span> <span class='ocrx_word' id='word_1_782' title='bbox 2311 5219 2800 5301; x_wconf 51' lang='grc' dir='ltr'>Μελλῆσαιίῖἱθε.</span> <span class='ocrx_word' id='word_1_783' title='bbox 2835 5219 2900 5297; x_wconf 58' lang='lat' dir='ltr'>y;</span> <span class='ocrx_word' id='word_1_784' title='bbox 2927 5219 3182 5301; x_wconf 60' lang='grc' dir='ltr'>μελῆσαι.</span> 
     </span>
    </p>
   </div>
   <div class='ocr_carea' id='block_1_116' title="bbox 2169 5295 3749 5373">
    <p class='ocr_par' dir='ltr' id='par_1_116' title="bbox 2169 5295 3749 5373">
     <span class='ocr_line' id='line_1_119' title="bbox 2169 5295 3749 5373; baseline -0.003 -17"><span class='ocrx_word' id='word_1_785' title='bbox 2169 5295 2281 5373; x_wconf 57' lang='lat'>(&#39;78)</span> <span class='ocrx_word' id='word_1_786' title='bbox 2313 5299 2412 5353; x_wconf 81' lang='grc' dir='ltr'>Καὶ</span> <span class='ocrx_word' id='word_1_787' title='bbox 2443 5305 2541 5366; x_wconf 81' lang='grc' dir='ltr'>τῆς</span> <span class='ocrx_word' id='word_1_788' title='bbox 2575 5295 2778 5372; x_wconf 62' lang='grc' dir='ltr'>ὁρμῆςζ</span> <span class='ocrx_word' id='word_1_789' title='bbox 2833 5295 2944 5351; x_wconf 83' lang='lat' dir='ltr'>etc.</span> <span class='ocrx_word' id='word_1_790' title='bbox 3004 5317 3032 5344; x_wconf 84' lang='lat'><strong><em>«</em></strong></span> <span class='ocrx_word' id='word_1_791' title='bbox 3093 5295 3226 5367; x_wconf 91' lang='lat' dir='ltr'>Ipso</span> <span class='ocrx_word' id='word_1_792' title='bbox 3272 5295 3456 5351; x_wconf 82' lang='lat' dir='ltr'>animi</span> <span class='ocrx_word' id='word_1_793' title='bbox 3488 5300 3650 5353; x_wconf 89' lang='lat' dir='ltr'>motu</span> <span class='ocrx_word' id='word_1_794' title='bbox 3682 5314 3749 5352; x_wconf 91' lang='lat' dir='ltr'>ac</span> 
     </span>
    </p>
   </div>
   <div class='ocr_carea' id='block_1_117' title="bbox 2094 5373 2807 5440">
    <p class='ocr_par' dir='ltr' id='par_1_117' title="bbox 2094 5373 2807 5440">
     <span class='ocr_line' id='line_1_120' title="bbox 2094 5373 2807 5440; baseline -0.008 -11"><span class='ocrx_word' id='word_1_795' title='bbox 2094 5373 2415 5440; x_wconf 87' lang='lat' dir='ltr'>cupiditate</span> <span class='ocrx_word' id='word_1_796' title='bbox 2445 5389 2610 5440; x_wconf 88' lang='lat' dir='ltr'>pene,</span> <span class='ocrx_word' id='word_1_797' title='bbox 2645 5374 2807 5440; x_wconf 71' lang='lat' dir='ltr'>nete.</span> 
     </span>
    </p>
   </div>
   <div class='ocr_carea' id='block_1_118' title="bbox 2188 5435 3747 5516">
    <p class='ocr_par' dir='ltr' id='par_1_118' title="bbox 2188 5435 3747 5516">
     <span class='ocr_line' id='line_1_121' title="bbox 2188 5435 3747 5516; baseline -0.003 -16"><span class='ocrx_word' id='word_1_798' title='bbox 2188 5446 2278 5516; x_wconf 80' lang='grc'>79)</span> <span class='ocrx_word' id='word_1_799' title='bbox 2331 5435 2616 5516; x_wconf 72' lang='grc' dir='ltr'>Ἑπίορκον</span> <span class='ocrx_word' id='word_1_800' title='bbox 2811 5435 3034 5516; x_wconf 71' lang='grc' dir='ltr'>ῥμὸσαι.</span> <span class='ocrx_word' id='word_1_801' title='bbox 3106 5440 3192 5516; x_wconf 56' lang='grc' dir='ltr'>Ι]εο</span> <span class='ocrx_word' id='word_1_802' title='bbox 3251 5438 3390 5516; x_wconf 58' lang='lat' dir='ltr'>Reg,</span> <span class='ocrx_word' id='word_1_803' title='bbox 3474 5444 3747 5516; x_wconf 68' lang='lat' dir='ltr'>quatuor,</span> 
     </span>
    </p>
   </div>
   <div class='ocr_carea' id='block_1_119' title="bbox 2093 5507 3752 5599">
    <p class='ocr_par' dir='ltr' id='par_1_119' title="bbox 2093 5507 3752 5599">
     <span class='ocr_line' id='line_1_122' title="bbox 2093 5507 3752 5599; baseline -0.012 -26"><span class='ocrx_word' id='word_1_804' title='bbox 2093 5507 2536 5599; x_wconf 47' lang='lat' dir='ltr'>et‘dumeolb.</span> <span class='ocrx_word' id='word_1_805' title='bbox 2600 5513 2748 5599; x_wconf 50' lang='lat' dir='ltr'>Ed‘it.</span> <span class='ocrx_word' id='word_1_806' title='bbox 2807 5507 3058 5599; x_wconf 46' lang='grc' dir='ltr'>ἐπίορκον</span> <span class='ocrx_word' id='word_1_807' title='bbox 3117 5507 3752 5599; x_wconf 52' lang='grc' dir='ltr'>δὲΜχωρῆσαι-ῇρμήέ</span> 
     </span>
    </p>
   </div>
   <div class='ocr_carea' id='block_1_120' title="bbox 2096 5580 3747 5657">
    <p class='ocr_par' dir='ltr' id='par_1_120' title="bbox 2096 5580 3747 5657">
     <span class='ocr_line' id='line_1_123' title="bbox 2096 5580 3747 5657; baseline -0.004 -16"><span class='ocrx_word' id='word_1_808' title='bbox 2096 5608 2204 5646; x_wconf 85' lang='grc' dir='ltr'>σαι.</span> <span class='ocrx_word' id='word_1_809' title='bbox 2269 5589 2377 5644; x_wconf 81' lang='lat' dir='ltr'>Alii</span> <span class='ocrx_word' id='word_1_810' title='bbox 2438 5604 2573 5644; x_wconf 78' lang='lat' dir='ltr'>vero</span> <span class='ocrx_word' id='word_1_811' title='bbox 2634 5586 2832 5657; x_wconf 85' lang='lat' dir='ltr'>plures</span> <span class='ocrx_word' id='word_1_812' title='bbox 2863 5580 2950 5637; x_wconf 75' lang='grc' dir='ltr'>ἐπὶ</span> <span class='ocrx_word' id='word_1_813' title='bbox 2983 5580 3142 5657; x_wconf 71' lang='grc' dir='ltr'>ὅρκον</span> <span class='ocrx_word' id='word_1_814' title='bbox 3178 5580 3518 5657; x_wconf 53' lang='grc' dir='ltr'>δὲ’λχωρῆσαι</span> <span class='ocrx_word' id='word_1_815' title='bbox 3549 5581 3582 5649; x_wconf 83' lang='grc' dir='ltr'>ἣ</span> <span class='ocrx_word' id='word_1_816' title='bbox 3613 5580 3747 5653; x_wconf 83' lang='grc' dir='ltr'>ὁμό-</span> 
     </span>
    </p>
   </div>
   <div class='ocr_carea' id='block_1_121' title="bbox 2097 5656 3748 5734">
    <p class='ocr_par' dir='ltr' id='par_1_121' title="bbox 2097 5656 3748 5734">
     <span class='ocr_line' id='line_1_124' title="bbox 2097 5656 3748 5734; baseline -0.004 -21"><span class='ocrx_word' id='word_1_817' title='bbox 2097 5681 2204 5734; x_wconf 85' lang='grc' dir='ltr'>σαι,</span> <span class='ocrx_word' id='word_1_818' title='bbox 2238 5679 2366 5733; x_wconf 69' lang='grc' dir='ltr'>ί]υῶ</span> <span class='ocrx_word' id='word_1_819' title='bbox 2396 5659 2565 5734; x_wconf 87' lang='lat' dir='ltr'>lectio</span> <span class='ocrx_word' id='word_1_820' title='bbox 2599 5656 2712 5714; x_wconf 85' lang='lat' dir='ltr'>non</span> <span class='ocrx_word' id='word_1_821' title='bbox 2745 5656 3098 5728; x_wconf 82' lang='lat' dir='ltr'>spernenda,</span> <span class='ocrx_word' id='word_1_822' title='bbox 3141 5656 3241 5713; x_wconf 88' lang='lat' dir='ltr'>sed</span> <span class='ocrx_word' id='word_1_823' title='bbox 3271 5656 3487 5712; x_wconf 76' lang='lat' dir='ltr'>tamen</span> <span class='ocrx_word' id='word_1_824' title='bbox 3536 5658 3748 5709; x_wconf 74' lang='lat' dir='ltr'>nostrae</span> 
     </span>
    </p>
   </div>
   <div class='ocr_carea' id='block_1_122' title="bbox 2099 5733 2521 5806">
    <p class='ocr_par' dir='ltr' id='par_1_122' title="bbox 2099 5733 2521 5806">
     <span class='ocr_line' id='line_1_125' title="bbox 2099 5733 2521 5806; baseline -0.012 -15"><span class='ocrx_word' id='word_1_825' title='bbox 2099 5733 2521 5806; x_wconf 74' lang='lat' dir='ltr'>poethabenda.</span> 
     </span>
    </p>
   </div>
  </div>
