2014 3202
149 229 214 260 665

660 227 807 258 ORATIO
830 226 917 257 V.—
936 227 1093 258 CONTRA
1116 227 1317 258 JULIANUM
1340 226 1379 257 Il.

1809 226 1869 258 686

152 293 336 331 ἐπεδειξάμην
360 293 461 325 ἱκανῶς
480 294 530 328 τήν
562 295 610 321 τοῦ
646 291 742 330 ἀνδρὸς
769 293 930 328 κακοήθειαν
961 293 987 321 ἒν

1047 294 1263 330 improbitatem
1275 302 1308 322 ac
1318 293 1539 330 perversitatem
1550 292 1665 322 abunde
1675 293 1870 329 ostendi,tam

153 341 198 373 οἷς
228 338 324 377 ἔδρασέ
345 349 374 366 τε
401 339 460 366 καθ’
483 339 574 375 ἡμῶν,
604 338 648 365 καὶ
674 338 714 369 οἷς
740 337 866 374 ἔμελλεν,
896 337 936 365 ἀεί
963 349 989 365 τι

151 387 210 413 τῶν
230 384 373 421 παρόντων
399 383 516 411 ἐπινοῶν
543 382 702 422 βαρύτερον.
723 385 776 410 Νῦν
799 382 862 410 αὖτε
891 383 990 410 σκοπὸν

154 429 254 466 ἄλλον,
279 428 307 456 ὃν
333 428 383 456 οὐκ
399 427 450 456 οἶδ’
475 427 503 456 εἷ(
521 439 564 459 τις
590 425 736 466 βέϐληκεν,
757 426 812 463 ἤδη
829 430 878 455 τοῦ
904 426 991 465 λόγου

154 473 380 512 προστησόμεθα,
412 475 469 509 Θεῷ
496 483 527 501 τε
555 473 712 511 ἱερώτερον,
741 473 786 500 καὶ
815 473 883 509 ἡμῖν
907 471 990 508 ἡδίω,

155 519 203 547 καὶ
239 521 299 549 τοῖς
335 518 428 546 ἔπειτα
465 518 698 556 ’χρησιμώτερον’
737 520 795 548 τοῖς
835 517 990 555 εἰρημένοις

155 564 315 602 προσθεῖναι
345 564 403 600 (89)
430 562 464 590 τὰ
487 561 577 590 δίκαια
602 564 651 590 τοῦ
675 564 742 590 Θεοῦ
775 562 891 598 σταθμία
921 564 989 599 (90),

195 609 202 619 \
244 609 255 630 7
300 609 322 635 ὦ
392 606 409 635 λ
483 606 489 617 Ι
508 618 522 625 ,-
627 619 633 626 1
683 607 690 627 ί
883 609 895 615 υ
960 608 968 616 1

155 619 203 637 και
228 619 268 639 ο.ς
321 618 391 635 θτιτα
412 618 551 635 αντευειαι
590 617 708 645 nomine
749 608 816 644 (91),
850 618 908 638 τοις
941 617 988 644 μεν

156 652 268 681 αὐτόθεν
298 653 355 689 (92)
385 653 541 686 ἀπαντῶσα,
569 654 628 683 τοῖς
660 650 688 679 δὲ
716 652 760 679 καὶ
792 652 886 689 μικρὸν
916 651 990 680 ὕστε-

161 707 226 736 ρον’
243 696 384 733 8πως,ἃν,
414 698 504 734 οἶμαι,
533 697 573 733 τῷ
602 697 714 734 τεχνίτῃ
742 696 824 734 Λόγῳ
840 695 917 733 δοκῇ,
943 697 988 724 καὶ

163 742 250 779 ταμίᾳ
277 744 330 770 τῶν
359 742 500 780 ἡμετέρων
530 743 606 779 (93)’
633 742 662 772 ὃς
687 740 746 769 οἶδε
770 743 910 781 συμφορὰν
941 741 988 779 μὲν

163 787 316 815 ἐπικόπτειν
346 787 423 824 ἐλέῳ,
441 787 540 825 θράσος
569 785 597 814 δὲ
627 786 722 823 ἀτιμίᾳ
749 786 923 825 σωφρονίζειν
944 787 989 814 καὶ

162 833 296 870 μάστιξιν,
325 833 365 864 οἷς
391 833 471 864 αὐτὸς
494 832 632 860 ἐπίσταται
659 831 768 870 μέτροις
798 833 854 869 (94)
878 831 989 861 παιδεύ-

158 888 239 909 σεως.

1045 348 1097 376 per
1111 347 1145 367 ea
1161 348 1224 376 quas
1245 339 1385 367 adversus
1407 346 1461 367 nos
1485 338 1673 374 perpetravit,
1698 346 1788 374 quam
1804 346 1869 375 quas

1046 384 1140 412 facere
1156 384 1289 420 parabat,
1302 384 1344 412 sic
1361 383 1494 412 videlicet
1519 383 1617 411 animo
1628 384 1827 419 comparatus,
1839 385 1872 411 ut

1045 429 1081 457 ad
1098 431 1255 465 praesentes
1277 429 1449 457 acerbitates
1462 428 1581 464 aliquid
1606 427 1737 464 quotidie
1752 427 1870 464 gravius

1045 474 1232 510 excogitaret.
1243 474 1326 501 Nunc
1336 482 1403 502 vero
1415 473 1506 502 alium
1514 474 1577 508 jam
1589 472 1730 501 orationis
1745 480 1869 508 scopum

1045 519 1080 547 ad
1098 527 1185 555 quem
1201 519 1279 546 haud
1295 519 1355 547 scio
1375 527 1412 546 an
1438 519 1596 554 quisquam
1623 517 1790 551 collimarit,
1805 518 1869 545 tum

1044 564 1122 600 apud
1143 564 1235 592 Deum
1253 564 1441 597 sanctiorem,
1457 565 1522 591 tum
1545 563 1631 591 nobis
1655 562 1869 598 iucundiorem,

1044 611 1130 645 atque
1146 609 1217 637 adeo
1233 608 1357 644 posteris
1374 608 1531 643 utiliorem,
1552 608 1637 636 nobis
1652 616 1870 644 proponemus;

1044 653 1185 681 nimirum
1201 655 1234 681 ut
1249 653 1284 681 ad
1301 662 1334 681 ea
1347 661 1410 689 quae
1426 653 1562 689 superius
1578 661 1594 680 θ.
1605 652 1690 681 nobis
1705 652 1783 681 dicta
1798 654 1870 681 sunt

1039 699 1138 734 justas
1147 699 1196 726 Dei
1206 698 1304 726 lances
1316 699 1524 734 adjungamus,
1533 706 1642 733 easque
1649 706 1748 734 pcenas
1761 697 1870 734 quibus

1044 743 1219 779 improbitas
1242 745 1459 779 compensatur,
1494 742 1560 771 aliis
1593 742 1733 771 nimirum
1756 742 1870 776 statim,

1044 788 1110 816 aliis
1127 790 1224 816 autem
1241 788 1390 824 aliquanto
1407 788 1484 816 148
1509 784 1576 824 po'st
1595 796 1769 822 occurrens;
1785 789 1874 824 prout

1045 833 1158 869 opinor,
1176 833 1280 861 artiﬁci
1295 833 1399 868 Verbo,
1411 841 1567 868 rerumque
1579 834 1748 861 nostrarum
1764 832 1872 861 arbitro

1045 880 1073 906 et
1103 877 1280 906 moderatori
1296 877 1393 906 visum
1418 877 1508 905 fuerit
1523 887 1529 912 ;
1546 878 1607 914 qui,
1620 879 1653 906 ut
1675 877 1873 906 calamitatem

158 923 363 952 misericordia
378 923 520 960 reprimit,
537 923 578 950 ita
591 923 680 951 etiam
693 922 855 958 ignominia
869 926 899 951 et
913 923 1022 959 ﬂagris,
1038 931 1090 959 pro
1107 931 1140 950 eo
1156 922 1419 951 animadversionis
1434 923 1532 958 modo,
1558 930 1648 960 quem
1672 922 1734 960 ipse
1749 929 1870 961 perspe-

159 970 242 997 ctum
257 970 285 996 et
300 968 482 1004 exploratum
498 968 597 1001 habet,
614 967 809 996 temeritatem
823 976 855 996 ac
870 968 1059 996 insolentiam
1076 969 1198 996 coercet.

199 1015 233 1040 B’.
264 1012 365 1043 Νόσους
406 1012 454 1049 μὶν
494 1011 526 1047 δὴ
566 1014 619 1040 τῶν
655 1009 759 1039 ἀσεϐῶν
791 1010 922 1047 ἐνδίκους,
947 1012 989 1040 καὶ

1085 1013 1107 1041 ΙΙ
1122 1013 1275 1041 Enimvero
1293 1012 1359 1049 quis
1371 1013 1471 1048 justos
1498 1012 1657 1049 impiorum
1673 1012 1803 1047 morbos,
1819 1012 1875 1040 mi-

161 1057 252 1096 ῥήξεις
278 1057 327 1085 οὐκ
350 1058 471 1096 ἀφανεῖς,
494 1057 539 1084 καὶ
564 1055 756 1095 πολυτρόπους
777 1056 863 1088 ἄλλας
880 1056 990 1095 πληγὰς

159 1102 205 1130 καὶ
237 1103 366 1141 μάστιγας
404 1102 444 1133 οἷς
482 1101 667 1138 τετολμήκασι
703 1101 898 1140 παραπλησίας
923 1103 989 1139 (95),

159 1147 205 1175 καὶ
229 1147 357 1178 θανάτους
384 1146 415 1175 οὐ
444 1147 511 1174 κατὰ
539 1146 570 1174 τὸ
601 1146 697 1177 εἰωθὸς
727 1148 920 1185 χωρήσαντας,
945 1146 990 1174 καὶ

158 1193 208 1223 τὰς
233 1192 258 1219 ἐν
285 1192 378 1223 αὐτοῖς
401 1195 459 1223 τοῖς
489 1190 589 1223 δεινοῖς
613 1191 798 1229 ἐξαγορεύσεις
822 1191 866 1219 καὶ
892 1192 990 1227 ἀνονή-

158 1247 223 1267 τους
258 1235 448 1273 μεταμελείας,
478 1236 525 1267 τάς
550 1247 579 1263 τε
614 1235 648 1263 δι’
674 1235 820 1273 ὀνειράτων
846 1237 902 1273 (96)
928 1246 991 1263 παι-

159 1281 273 1314 δεύσεις,
295 1282 340 1308 καὶ
364 1282 397 1308 τὰ
419 1281 476 1309 καθ’
501 1281 572 1319 ὕπαρ
601 1282 657 1318 (97)
681 1280 867 1320 φαντάσματα,
891 1280 932 1312 τίς
962 1281 992 1308 ἂν

159 1326 241 1361 ἀξίως
272 1324 519 1364 ἐκτραγῳδήσειεν;
544 1326 594 1353 ὅσα
620 1336 650 1353 τε
678 1326 696 1360 ἢ
721 1326 783 1362 περὶ
812 1326 876 1356 τοὺς
905 1325 992 1357 θείους

159 1370 254 1402 θ’ίκους
290 1372 530 1408 παρανομήσασιν,
554 1371 571 1405 ἦ
595 1371 657 1408 περὶ
684 1370 731 1401 τὰς
756 1369 831 1407 ἱερὰς
857 1371 992 1408 τραπέζας
1014 1388 1016 1391 -

165 1413 335 1453 έξυϐρίσασιν
372 1417 429 1452 (98)
467 1416 484 1450 ἢ
522 1415 583 1452 περὶ
619 1414 681 1446 τοὺς
713 1415 858 1452 μυστικοὺς
890 1419 992 1454 κρατῆ-

168 1469 217 1496 ρας
234 1461 291 1496 (99)
319 1462 450 1496 μανεῗσιν,
479 1461 496 1494 ἢ
519 1462 572 1487 τῶν
597 1459 730 1497 σωμάτων
747 1461 826 1497 ἡμῶν
844 1459 940 1496 ἀνέδην
955 1458 994 1492 (1)

168 1503 395 1541 ἒμωορουμένοις,
422 1505 439 1538 ἢ
465 1503 555 1531 τᾶλλα
590 1504 676 1532 πάντα
711 1504 761 1533 ὅσα
794 1504 992 1542 ἰτεειεολμπιςκοισι,Ι

167 1548 402 1585 νεανιευσαμένοις
439 1549 531 1580 αὐτοῖς
569 1548 716 1586 ἀπήντησε,
754 1553 804 1585 τῆς
841 1552 890 1578 τοῦ
926 1553 993 1578 Θεοῦ

165 1594 234 1621 κατὰ
261 1595 315 1621 τῶν
343 1593 473 1622 τοιούτων
505 1594 590 1631 ὀργῆς
617 1594 717 1633 ἐναργῆ
748 1595 793 1622 καὶ
820 1595 920 1635 φανερὰ
954 1597 993 1633 (2)

164 1638 360 1676 γνωρίσματα;
390 1640 477 1666 Ταῦτα
512 1639 558 1675 μὶν
599 1638 644 1667 οὖν
686 1639 754 1668 ἑκὼν
790 1637 992 1678 ὑπερϐήσομαι,

162 1683 214 1711 οὐκ
239 1684 360 1711 ἀπιστῶν
382 1686 440 1711 τοῖς
471 1684 635 1722 ὁρωμένοις,
657 1684 701 1711 καὶ
727 1684 897 1723 λεγομένοις,
931 1684 993 1713 οὐδὲ
1008 1704 1030 1738 C

185 1728 191 1738 ,
260 1728 265 1738 Ι
379 1728 387 1738 ι
478 1731 492 1737 -
560 1729 568 1738 κ
699 1729 704 1738 ι
756 1729 768 1738 ι.
785 1729 797 1738 η
816 1729 823 1738 ι
888 1730 895 1738 ς

161 1728 309 1766 αὐτομάτῳ
335 1728 387 1757 τινὶ
423 1731 493 1767 φορᾷ
524 1729 568 1756 καὶ
593 1729 722 1768 συντυχίᾳ
754 1729 846 1761 διδοὺς
866 1730 899 1757 τὰ
924 1741 992 1767 συμ-

158 1771 299 1809 ϐαίνοντα,
327 1774 394 1801 κατά
417 1773 481 1804 τοὺς
505 1773 566 1809 εἰκῆ
588 1774 622 1801 τὰ
643 1776 757 1802 τοιαῦτα
781 1772 991 1812 ὑπολαμϐάνον-

155 1829 218 1853 τας,
249 1818 312 1846 ἀλλ’
338 1817 384 1846 ’ίνα
415 1819 452 1855 μή
478 1819 540 1857 περὶ
566 1819 600 1846 τὰ
627 1820 710 1857 μικρὰ
739 1817 884 1857 διατρίϐειν
910 1819 990 1856 δόξω,

155 1863 254 1901 παρεὶς
287 1864 321 1890 τὰ
349 1863 433 1900 μείζω
461 1863 506 1890 καὶ
532 1863 734 1902 ὀνομαστότερα
759 1865 798 1901 (3)
813 1873 819 1880 ·
842 1865 874 1891 τὸ
898 1863 920 1891 δ’
944 1863 989 1891 οὖν

154 1905 323 1946 περιϐόητον
342 1911 406 1935 πᾶσι
434 1910 535 1945 θαῦμα,
560 1908 605 1936 καὶ
622 1907 685 1936 οὐδὲ
711 1911 771 1940 τοῖς
790 1908 879 1940 ἀθέοις
898 1909 991 1940 αὐτοῖς

156 1952 355 1990 ἀπτστούμενον
373 1952 456 1990 λέξων
473 1951 603 1991 ἔρχομαι.

1046 1057 1184 1094 nimeque
1199 1057 1340 1086 obscuras
1363 1066 1517 1094 corporum
1538 1057 1700 1093 ruptiones,
1726 1065 1759 1085 ac
1775 1057 1876 1085 multi-

1045 1102 1135 1138 plices
1151 1103 1223 1130 alias
1239 1102 1341 1139 plagas
1356 1104 1386 1130 et
1401 1102 1503 1139 ﬂagra,
1513 1110 1614 1130 eorum
1631 1102 1792 1130 sceleribus
1806 1110 1875 1130 con-

1045 1147 1190 1184 gruentia,
1215 1149 1382 1183 mortesque
1403 1147 1643 1184 haudquaquam
1671 1147 1779 1174 usitato
1794 1154 1877 1174 more

1046 1193 1190 1226 orbortas,
1200 1200 1360 1228 eorumque
1372 1192 1448 1220 inter
1462 1193 1542 1229 ipsos
1556 1192 1706 1220 cruciatus
1716 1191 1875 1220 confessio-

1047 1245 1108 1271 nes,
1125 1239 1153 1265 et
1168 1237 1288 1265 inutiles
1308 1237 1505 1273 pcenitentias,
1521 1245 1629 1274 easque
1660 1245 1724 1273 qua:
1745 1238 1809 1264 tum
1824 1244 1876 1273 per

1046 1282 1204 1316 insomnia,
1221 1285 1285 1310 tum
1302 1290 1354 1318 per
1367 1291 1435 1310 vera
1457 1282 1521 1310 visa
1544 1282 1739 1318 contigerunt,
1750 1281 1874 1317 castiga-

1047 1327 1151 1361 tiones,
1183 1335 1235 1362 pro
1263 1327 1406 1363 dignitate
1438 1335 1558 1355 narrare
1590 1329 1675 1363 atque
1700 1334 1875 1363 exaggerare

1047 1372 1199 1400 sufﬁciat?
1210 1380 1344 1408 quisque,
1360 1372 1404 1400 vel
1417 1372 1452 1400 ob
1469 1371 1579 1408 ﬂagitia
1593 1372 1670 1400 circa
1684 1380 1783 1400 sacras
1799 1371 1873 1400 sedes

1048 1416 1187 1451 admissa,
1197 1416 1240 1444 vel
1251 1417 1288 1445 ob
1300 1425 1398 1444 sacras
1412 1425 1514 1445 mensa
1522 1426 1535 1445 s
1543 1416 1729 1445 contumeliis
1744 1417 1873 1450 affectas,

1047 1462 1092 1490 vel
1108 1461 1143 1490 ob
1159 1461 1282 1498 mystica
1303 1461 1408 1498 pocula
1427 1462 1536 1490 furiose
1552 1461 1761 1495 contaminata,
1777 1461 1821 1489 vel
1837 1461 1873 1489 ob

1047 1509 1179 1541 ventrem
1194 1506 1366 1542 corporibus
1380 1507 1488 1535 nostris
1498 1507 1627 1543 projects
1637 1507 1766 1543 quadam
1778 1506 1875 1542 impu~

1048 1551 1149 1580 dentia
1163 1553 1340 1587 saturatum,
1351 1551 1395 1580 vel
1408 1552 1445 1580 ob
1460 1552 1559 1580 omnia
1573 1552 1631 1579 alia
1645 1551 1756 1580 scelera
1771 1559 1874 1587 perpe-

1047 1598 1125 1625 trata
1149 1596 1223 1633 ipsis
1245 1596 1425 1631 acciderunt,
1449 1596 1528 1625 clara
1549 1598 1651 1633 utique
1671 1598 1699 1625 et
1720 1595 1876 1632 perspicua

1048 1642 1152 1670 divinas
1168 1641 1309 1670 adversus
1325 1641 1497 1677 hujusmodi
1526 1641 1660 1670 homines
1683 1641 1731 1669 irae
1747 1641 1832 1677 signa
1846 1642 1876 1669 et

1049 1686 1244 1723 argumenta?
1259 1686 1366 1715 Verum
1389 1686 1450 1714 haec
1476 1686 1607 1715 consulto
1633 1685 1798 1722 preteribo,
1816 1693 1875 1714 non

1048 1732 1126 1767 quod
1142 1731 1179 1759 iis
1194 1740 1258 1767 quea
1282 1731 1311 1759 in
1336 1731 1491 1759 hominum
1514 1731 1607 1759 oculis
1626 1732 1714 1767 atque
1738 1737 1874 1758 sermone

1047 1776 1142 1812 posita
1165 1778 1246 1812 sunt,
1272 1776 1360 1803 ﬁdem
1383 1776 1532 1812 abrogem,
1558 1778 1607 1803 aut
1633 1783 1731 1803 rerum
1750 1776 1874 1803 eventus

1046 1821 1203 1848 temerario
1236 1820 1354 1848 cuidam
1388 1820 1483 1848 motui
1520 1820 1701 1855 fortunaeque
1733 1819 1874 1852 tribuam,

1046 1865 1296 1901 quemadmodum
1308 1865 1362 1899 illi,
1375 1865 1427 1902 qui
1442 1872 1489 1893 res
1501 1864 1674 1900 bujusmodi
1685 1866 1794 1892 temere
1810 1872 1876 1892 sen-

1044 1910 1134 1944 tiunt,
1150 1909 1200 1938 sed
1216 1918 1263 1944 ne,
1279 1909 1442 1945 majoribus
1455 1911 1544 1945 atque
1554 1908 1769 1945 insignioribus
1784 1909 1874 1937 rebus

1045 1954 1262 1991 praetermissis,
1287 1953 1444 1982 levioribus
1476 1954 1627 1982 immorari
1650 1954 1760 1982 videar.
1795 1953 1871 1981 Illud

154 2006 227 2026 vero
241 1998 429 2034 miraculum,
447 1999 524 2035 quod
540 1999 673 2028 omnium
688 2007 737 2028 ore
753 1998 929 2036 celebratur,
945 2007 979 2028 ac
1003 2007 1039 2028 ne
1054 2000 1131 2036 apud
1147 2007 1196 2027 eos
1213 1999 1344 2035 quidem,
1360 1999 1411 2035 qui
1427 1999 1517 2027 Deum
1545 1998 1662 2027 nullum
1683 2000 1799 2035 putant,
1815 1998 1873 2026 ﬁde

157 2045 252 2077 caret,
268 2043 398 2072 oratione
413 2052 586 2080 prosequar.

196 2087 387 2125 Γ’.Ἐμαίνετο
424 2088 485 2115 καθ’
521 2090 602 2125 ἡμῶν
641 2088 682 2116 ἀεί
718 2100 744 2116 τι
782 2088 877 2125 πλέον,
898 2088 988 2128 ὥσπερ

154 2131 274 2170 κύμασιν
314 2132 461 2171 ἐπεγείρων
500 2132 618 2171 κύματα,
649 2134 664 2161 ὸ
689 2134 748 2161 καθ’
783 2134 879 2162 ἑαυτοῦ
913 2136 989 2173 πρῶ-

185 2237 248 2281 (89)
265 2237 436 2300 sacceum.
453 2248 468 2263 «
485 2238 573 2275 Lego,
589 2248 604 2264 »
621 2238 661 2266 ait
676 2238 824 2273 Heinsius.
842 2237 887 2266 οὖν
903 2248 988 2277 προσ-

154 2274 242 2301 θειναι
259 2271 289 2304 et
311 2283 343 2301 ω.

171 2283 242 2301 ειναι
259 2283 343 2304 υεΛω.

190 2309 250 2353 (90)
281 2308 412 2345 Σταθμία.
438 2309 511 2337 Tres
539 2310 609 2346 Reg.
639 2310 718 2339 Golb.
747 2310 777 2346 Κ,
807 2310 855 2338 0r.
880 2310 987 2345 4,στα-

197 2354 214 2372 α

194 2381 250 2419 (91)
267 2379 406 2419 [ζονηρίαᾲ
415 2380 447 2408 In
464 2380 554 2419 Mont.
572 2390 616 2418 γρ.
632 2380 762 2419 πονηρίᾳ,
785 2382 863 2417 quod
872 2381 990 2419 habent

155 2417 223 2445 Ald.
239 2418 267 2444 et
282 2417 365 2445 Herv.
383 2417 466 2445 Hunc
490 2416 595 2445 locum
615 2417 657 2446 sic
681 2416 778 2446 reddit
792 2416 899 2446 ’Comb.
927 2430 941 2444 (ί
955 2420 989 2446 Et

158 2453 267 2495 quibus
283 2452 426 2494 iniquitas
442 2454 613 2495 rependitur
628 2454 757 2490 pondera
773 2454 986 2490 appendamus,

158 2491 224 2524 ipsa
240 2491 392 2524 nimirum,
410 2500 421 2515 ι
439 2491 494 2517 etc.

193 2525 248 2562 (02)
264 2523 475 2562 Aii'zéilev._Seg'
494 2533 523 2561 q,
539 2525 619 2553 Colb.
640 2526 667 2560 3,
692 2525 798 2555 αὐτίκα,
824 2526 872 2554 Or.
899 2526 926 2560 1,
951 2526 987 2554 ad

158 2559 260 2605 marg;
268 2559 379 2588 αὐτόθεν
393 2559 549 2589 ἀπαντῶσα.
579 2559 669 2590 Mont.
696 2565 795 2591 censet
819 2562 986 2599 legendum,

158 2606 225 2624 απαν
229 2607 317 2624 τωντα
321 2618 328 2624 .

193 2634 249 2670 (93)
264 2632 430 2670 Ἠμετὲρων.
448 2643 462 2658 ι(
479 2633 611 2670 subaudi
626 2631 729 2670 λόγων,
747 2644 762 2659 ι)
783 2634 881 2670 inquit
895 2634 986 2663 Mont.

160 2677 174 2693 «ι
189 2668 246 2706 non
262 2668 443 2706 πραγμάτων,
460 2671 492 2706 ut
508 2669 652 2706 Billius.qn

194 2690 248 2741 (aii)
264 2690 717 2742 6ἳέἈξέὲῖἐπῖξτξὶἐξζέρἒῥοις.
742 2705 833 2742 Oxon.
863 2705 907 2732 καὶ
938 2706 987 2736 οἷς,

159 2739 244 2779 133185..
252 2740 380 2779 ,μάστιξιν
397 2741 439 2779 αἶς
456 2740 536 2779 αὐτὸς
553 2739 763 2779 ἒπίοταταιηκαζ
783 2742 837 2779 οἷς,
856 2741 986 2779 μετρίοις.

159 2775 206 2814 ξίο
222 2775 309 2814 etiam
324 2775 427 2806 Gemb.
459 2778 509 2813 qui
531 2778 634 2806 vertit:
660 2789 674 2802 «
687 2777 811 2814 rQuibus
831 2775 894 2814 ipse
907 2775 989 2806 'novit

161 2811 260 2850 ﬂagris
275 2815 303 2842 et
319 2814 432 2850 quibus
444 2811 710 2842 animadversionis
722 2813 832 2850 modis.
843 2811 862 2838 ἶ)

269 2848 476 2912 Ιξαρῖνπλησίας.
502 2860 517 2875 ‹‹
533 2850 660 2887 Flagella
672 2849 832 2878 sceleribus
849 2850 989 2886 ausisque

158 2892 270 2914 amula.
288 2898 302 2912 ››

193 2922 249 2960 (96)
264 2923 305 2950 Δι’
330 2919 487 2959 ὀνειράτων.
513 2933 528 2948 α
552 2923 608 2951 Per
622 2921 779 2952 insomnia.
796 2931 810 2947 »
840 2921 886 2950 Sic
901 2921 987 2951 casti-

1081 2090 1127 2118 III.
1141 2089 1267 2118 Furebat
1281 2089 1330 2117 ille
1345 2089 1375 2117 in
1391 2089 1453 2118 dies
1476 2090 1616 2118 adversus
1642 2097 1695 2118 nos
1717 2089 1873 2118 vehemen-

1044 2134 1114 2171 tius,
1132 2143 1190 2163 non
1211 2143 1297 2164 secus
1313 2142 1346 2163 ac
1358 2135 1465 2163 ﬂuctus
1485 2143 1574 2171 super
1598 2135 1705 2164 fluctus
1731 2134 1872 2170 excitans,

1063 2240 1129 2267 atus
1145 2240 1189 2267 est
1204 2238 1372 2267 Abimeleoh
1389 2246 1439 2266 rex
1454 2239 1579 2273 Geraraa,
1592 2247 1659 2268 cum
1671 2240 1773 2267 Saram
1784 2239 1875 2267 Abra-

1064 2283 1086 2302 ee
1103 2283 1223 2303 uxorem
1239 2275 1419 2302 abstulisset.
1437 2277 1506 2302 Gen.
1523 2283 1570 2302 xx.

1078 2311 1136 2344 (97)
1153 2309 1217 2346 Καθ’
1232 2309 1311 2345 ὕπαρ.
1331 2322 1343 2334 (ι
1362 2310 1506 2346 Verisque
1520 2311 1589 2339 visis
1601 2310 1700 2339 oblata
1714 2312 1839 2346 spectra.
1858 2322 1873 2336 ››

1004 2349 1028 2382 D
1043 2345 1132 2379 Editi,
1156 2344 1232 2382 ὑπὲρ.
1246 2344 1305 2386 ¹δίο
1331 2344 1502 2386 Balthasaro
1525 2346 1699 2386 impendens
1721 2344 1874 2375 calamitas

1044 2390 1096 2418 per
1109 2390 1209 2410 verum
1226 2382 1320 2409 visum
1339 2382 1514 2417 praesignem
1529 2385 1583 2410 est.
1599 2382 1712 2410 Daniel.
1727 2390 1754 2409 v.

1078 2418 1134 2454 (98)
1163 2415 1358 2453 Ἐξυϐρίσασιν.
1390 2419 1459 2453 Reg.
1501 2418 1521 2451 1,
1557 2420 1586 2446 et
1622 2420 1670 2446 ΟΡ.
1709 2418 1735 2452 1,
1771 2414 1862 2454 ἐνυϐρί

1210 2425 1358 2453 υῠρισασιν.
1390 2425 1459 2453 lteg.
1503 2425 1521 2451 ι,
1557 2425 1586 2446 et
1622 2425 1670 2446 Ur.
1709 2425 1735 2452 1,
1771 2425 1874 2455 ενυορι-

1042 2464 1130 2483 σασιν.

1079 2490 1136 2554 (99)
1160 2488 1312 2520 Μυστικοὺς
1342 2490 1490 2527 κρατῆρας.
1528 2502 1538 2516 ι
1570 2489 1692 2526 Mystica
1716 2488 1830 2525 pocula.
1846 2500 1871 2531 ρ»

1044 2526 1081 2554 Ju
1097 2534 1181 2567 ianus
1197 2526 1361 2567 praefectus,
1377 2527 1524 2562 Apostatm
1547 2525 1720 2567 avunculus,
1747 2524 1874 2567 et‘Felix

1043 2562 1151 2599 regalis
1166 2561 1258 2590 sararii
1273 2561 1480 2599 quiestormum
1496 2564 1611 2599 sacrata
1625 2561 1683 2590 Deo
1698 2570 1769 2599 vasa
1782 2563 1873 2599 teme-

1042 2598 1169 2633 rassent,
1187 2598 1332 2635 extemplo
1348 2598 1481 2626 horribili
1498 2598 1599 2626 morbo
1614 2598 1873 2635 correptitmiser-

1044 2635 1120 2663 rima
1134 2637 1226 2662 morte
1241 2634 1424 2663 interierunt.
1443 2635 1513 2662 Rem
1531 2636 1652 2662 narrant
1665 2634 1785 2670 Nicepb.
1803 2635 1871 2662 Hist.

1044 2670 1107 2704 1.x,
1125 2679 1149 2698 c.
1165 2671 1210 2705 29,
1240 2673 1260 2697 t.
1286 2671 1320 2704 Il,
1348 2679 1415 2706 pag.
1440 2671 1484 2698 67.
1510 2670 1735 2706 Chrysostomus
1755 2677 1872 2706 quoque

1043 2707 1123 2770 (λέπη,
1140 2707 1166 2741 4,
1183 2707 1213 2734 in
1226 2706 1344 2735 laudem
1367 2706 1477 2742 populi,
1501 2708 1531 2735 et
1553 2706 1726 2735 Theodoret.
1749 2706 1769 2733 l.
1787 2714 1828 2740 HI,
1845 2714 1869 2735 ο.

1061 2761 1116 2814 ~(l)
1134 2776 1257 2812 ’Avthv.
1284 2777 1355 2806 Mss.
1381 2786 1438 2806 non
1462 2777 1558 2814 pauci,
1585 2776 1709 2813 ἀναίδην,
1735 2788 1748 2803 u
1773 2777 1870 2813 impu-

1044 2814 1155 2842 denter.
1172 2825 1186 2838 η

1079 2851 1118 2885 (2)
1134 2847 1250 2886 ᾤανιρά.
1272 2850 1354 2886 Pass.
1371 2845 1482 2886 φοϐερά.
1501 2859 1521 2886 «Α
1537 2850 1695 2886 Horrenda.
1712 2860 1728 2875 »

1079 2883 1118 2921 (3)
1134 2883 1358 2922 Ὀνομαστότερα.
1375 2883 1447 2923 Reg;
1463 2886 1493 2921 b,
1510 2884 1722 2923 ὀνομαστότατα.
