4028 6408
317 431 438 492 669

1336 430 1634 493 ORATIO
1678 434 1857 495 V.-—
1888 433 2203 494 CONTRA
2248 430 2656 493 JULIANUM
2701 430 2777 491 Il.

3640 424 3763 485 670

318 560 614 634 τάπληξιν,
649 560 739 615 καὶ
768 563 877 615 τῶν
918 556 1151 615 εὐσεϐῶν
1193 560 1485 639 ἀσφαλειαν
1513 583 1525 596 ·
1573 562 1605 619 ὅ
1654 562 1712 619 δὲ
1760 566 1977 626 ἅπαντες

2104 564 2199 639 plo
2257 565 2499 637 quidem
2553 563 2849 620 admissos
2900 561 3082 618 fuisse
3130 576 3606 629 commemorem,
3658 558 3761 615 sed

316 650 428 723 ἤδη
473 651 564 706 καὶ
614 648 838 726 λέγουσι
910 650 998 705 καὶ
1056 650 1423 721 πιστεύουσιν,
1483 651 1564 708 ὅτι
1628 653 1986 729 βιαζομένους

319 740 519 802 αὐτοὺς
583 739 672 794 καὶ
753 743 1195 816 φιλονεικοῦντας
1261 742 1384 817 περὶ
1432 742 1530 811 τὴν
1593 740 1820 817 εἷ’σοδον,
1880 747 1985 817 πῦρ

317 830 542 902 ἔστησεν
596 830 908 899 ἀπαντῆσαν
960 830 1019 885 ἐκ
1063 834 1160 885 τοῦ
1205 830 1375 906 ἱεροῦ,
1406 832 1495 885 καὶ
1543 832 1670 894 τοὺς
1708 833 1802 905 μὲν
1860 854 1986 887 κατ-

320 919 512 998 έφλεξε
570 918 661 974 καὶ
725 917 1003 989 ἀνήλωσεν
1084 919 1182 992 (ὡς
1253 918 1446 993 ὅμοιόν
1507 942 1559 976 τι
1614 922 1737 997 περὶ
1794 922 1987 984 αὐτοὺς

322 1004 593 1080 συμϐῆναι
624 1013 743 1071 τοῖς
796 1007 1120 1083 Σοδομιτῶν
1168 1007 1411 1077 πάθεσιν,
1472 1013 1509 1080 ἦ
1537 1012 1615 1083 τῷ
1648 1011 1770 1087 περὶ
1802 1007 1986 1066 Νάδαϐ

321 1100 412 1155 καὶ
442 1094 668 1156 Ἀϐιοὺδ
719 1098 952 1172 θαύματι
1004 1099 1167 1169 ξένως
1215 1097 1306 1152 καὶ
1358 1100 1649 1172 θυμιάσασι
1682 1100 1771 1154 καὶ
1802 1098 1984 1155 κινδυ-

318 1188 579 1261 νεύσασι),
635 1187 764 1251 τοὺς
821 1186 878 1243 δί
926 1193 1032 1243 τῶν
1100 1188 1325 1263 γαιρίων
1376 1188 1787 1266 ἀκρωτηριάσαν
1849 1192 1983 1263 (17),

315 1280 531 1349 στήλην
565 1278 766 1355 ἀφῆκεν
801 1272 1055 1353 ἔμψυχον
1086 1284 1189 1346 τῆς
1218 1282 1315 1333 τοῦ
1348 1282 1481 1333 Θεοῦ
1511 1279 1646 1333 κατὰ
1677 1284 1781 1333 τῶν
1807 1280 1986 1353 ἀμαρ-

316 1366 517 1422 τωλῶν
550 1366 780 1431 ἀπειλῆς
831 1367 922 1421 καὶ
972 1369 1260 1438 κινήσεως.
1310 1372 1481 1422 Τοῦτο
1518 1368 1612 1440 μὶν
1648 1367 1713 1437 δὴ
1744 1366 1984 1437 τοιοῦτο,

321 1456 417 1511 καὶ
451 1456 737 1511 ἀπιστείτω
771 1454 988 1529 μηδεὶς,
1020 1456 1102 1512 ὅτι
1141 1455 1281 1530 μηδὲ
1320 1460 1433 1531 (18)
1489 1462 1609 1520 ταῖς
1643 1455 1839 1520 ἄλλαις
1886 1462 1986 1513 τοῦ

323 1550 459 1600 Θεοῦ
492 1542 797 1618 δυνάμεσιν
847 1544 877 1599 ὅ
926 1543 983 1600 δὲ
1030 1542 1109 1601 ἔτι
1157 1544 1356 1600 τούτου
1402 1548 1516 1620 (19)
1554 1544 1981 1621 παραδοξότερον

318 1635 411 1690 καὶ
465 1636 937 1713 περιφανέστερον,
990 1632 1116 1707 ἔστη
1178 1640 1292 1714 φῶς
1355 1635 1406 1691 έν
1455 1641 1535 1708 τῷ
1604 1636 1816 1713 οὐρανῴ
1871 1641 1984 1711 (20)

312 1726 409 1779 τὸν
446 1726 671 1801 σταυρὸν
727 1722 1059 1803 περιγράφον
1120 1728 1256 1799 (21),
1314 1724 1403 1780 καί
1458 1727 1521 1781 τὸ
1578 1726 1842 1803 πρότερον
1896 1728 1983 1782 ἐπὶ

314 1821 423 1889 γῆς
472 1815 875 1888 ἀτιμαζόμενον
924 1821 1040 1877 τοῖς
1091 1813 1275 1877 ἀθέοις
1314 1814 1401 1870 xui
1436 1823 1633 1892 σχῆμα
1688 1818 1778 1871 καὶ
1809 1812 1985 1890 ὄνομα

314 1908 411 1958 νῦν
445 1902 495 1959 ἐν
529 1903 747 1980 οὐρανῷ
779 1902 1048 1959 δείκνυται
1081 1910 1239 1959 πᾶσιν
1274 1904 1491 1977 ἐπίσης,
1528 1905 1833 1982 καὶγίνεται
1862 1906 1983 1981 τρό-

317 2014 479 2047 παιον
510 1995 589 2065 τῷ
620 1995 738 2066 Θεῴ
786 1998 884 2063 τῆς
931 1995 1067 2049 κατὰ
1112 1999 1217 2049 τῶν
1274 1990 1481 2050 ἀσεϐῶν
1514 1996 1690 2067 νίκης,
1720 1996 1981 2072 τροπαίου

318 2083 520 2145 παντὸς
546 2083 649 2157 ὑψη
661 2082 907 2160 λότερον.

2099 672 2233 712 cum
2265 657 2337 711 ad
2371 659 2604 727 apertas
2635 654 2788 711 fores
2820 652 3228 715 accessissent,
3262 656 3493 721 repente
3524 651 3760 707 easdem

2098 745 2331 801 clausas
2382 743 2736 817 pessuloque
2784 742 3070 799 obductas
3123 740 3457 810 offendisse,
3503 740 3761 812 potentia

2098 836 2354 907 quadam
2386 833 2694 905 invisibili,
2727 850 2855 904 quae
2908 832 2977 887 ad
3014 830 3333 902 impiorum
3382 834 3663 885 terrorem
3696 846 3760 887 ac

2098 925 2330 997 piorum
2363 923 2831 979 incolumitatem
2875 920 3220 993 hujusmodi
3248 918 3518 992 prodigia
3560 918 3757 975 efﬁcit.

2097 1019 2217 1070 Hoc
2248 1018 2442 1069 autem
2495 1030 2611 1068 uno
2655 1014 2781 1084 jam
2833 1028 2931 1067 ore
2982 1027 3187 1067 omnes
3236 1009 3516 1076 referunt,
3550 1025 3615 1064 ac
3658 1024 3761 1080 pro

2099 1107 2255 1160 certo
2288 1103 2529 1171 habent,
2562 1102 2718 1159 150
2749 1102 2904 1173 quod
2932 1117 3031 1156 eos
3061 1116 3299 1155 summa
3328 1098 3385 1153 vi
3418 1102 3594 1170 atque
3624 1114 3761 1153 con-

2099 1192 2360 1249 tentione
2408 1192 2742 1265 ingressum
2774 1190 2887 1247 sibi
2938 1189 3161 1263 aperire
3209 1192 3510 1257 conantes,
3546 1187 3698 1261 ignis
3729 1203 3759 1244 e

2096 1283 2317 1355 templo
2349 1297 2661 1338 occurrens
2696 1280 2977 1348 inhibuit,
3000 1283 3057 1335 et
3086 1278 3230 1334 alios
3261 1278 3501 1350 quidem
3533 1277 3758 1335 exussit

2097 1378 2154 1428 et
2182 1372 2516 1443 absumpsit
2546 1371 2633 1442 (ut
2683 1369 2876 1426 simile
2908 1369 3191 1442 quiddam
3242 1367 3408 1440 ipsis,
3460 1368 3617 1439 quod
3650 1368 3753 1423 So~

2096 1460 2358 1529 domitis,
2401 1459 2678 1515 acciderit
2732 1461 2800 1527 “1,
2841 1463 2943 1515 aut
2998 1458 3175 1514 etiam
3233 1458 3386 1528 quod
3442 1456 3643 1512 Nadab
3700 1460 3758 1513 et

2095 1550 2285 1606 Abiud
2314 1550 2378 1618 θ’,
2413 1550 2513 1621 qui
2546 1549 2828 1605 inusitato
2882 1564 3044 1604 more
3082 1552 3138 1603 et
3168 1547 3305 1603 thus
3355 1545 3754 1617 adoleverunt,

2094 1644 2152 1695 et
2205 1638 2471 1711 oppressi
2519 1639 2700 1710 sunt),
2762 1637 2909 1693 alios
2959 1653 3093 1692 vero
3142 1635 3452 1708 pracipuis
3496 1634 3756 1707 corporis

2094 1729 2361 1801 partibus
2410 1732 2737 1797 truncatos,
2781 1728 2975 1784 vivam
3028 1726 3365 1783 columnam
3413 1724 3619 1780 divinae
3650 1725 3752 1780 ad-

2092 1836 2297 1875 versus
2335 1824 2669 1892 peccatores
2701 1817 3178 1875 comminationis
3212 1820 3268 1872 et
3316 1815 3589 1872 motionis
3619 1814 3752 1871 reli-

2094 1910 2243 1981 quit.
2278 1911 2458 1981 Atque
2479 1910 2590 1965 hoc
2622 1909 2859 1981 quidem
2884 1909 2957 1964 ad
2978 1908 3135 1963 hunc
3168 1908 3409 1963 modum
3433 1922 3495 1961 se
3528 1904 3755 1976 habuit,

2096 2015 2200 2055 nec
2248 1999 2424 2055 fidem
2456 1999 2772 2071 quisquam
2820 1999 3080 2070 deroget,
3116 1996 3227 2052 nisi
3280 1996 3379 2067 qui
3427 1996 3629 2051 eadem
3661 2012 3754 2049 ra-

2092 2088 2250 2144 tione
2280 2088 2412 2145 aliis
2445 2104 2678 2160 quoque
2714 2088 2809 2144 Dei
2842 2086 3143 2144 miraculis
3188 2085 3411 2141 nullam
3443 2084 3616 2139 ﬁdem
3648 2083 3753 2139 ba-

315 2175 566 2230 bendam
598 2178 787 2248 putet.
818 2176 982 2239 Quod
1017 2179 1214 2231 autem
1266 2175 1376 2231 hoc
1407 2175 1583 2232 etiam
1637 2176 1966 2234 mirabilius
1997 2177 2329 2250 clariusque
2376 2178 2504 2249 fuit,
2539 2178 2638 2233 lux
2688 2177 2746 2232 in
2778 2176 2920 2233 cmlo
2949 2176 3128 2243 stetit,
3161 2190 3393 2231 crucem
3444 2173 3503 2229 in
3549 2173 3750 2229 orbem

311 2264 686 2333 describens,
722 2281 789 2320 ac
823 2281 1036 2321 nomen
1077 2263 1222 2320 illud
1253 2270 1311 2320 et
1343 2266 1551 2337 ﬁgura,
1585 2284 1713 2337 quae
1745 2267 1805 2323 in
1837 2271 1994 2323 terra
2024 2266 2189 2339 prius
2222 2267 2423 2339 impiis
2454 2267 2818 2339 contemptui
2852 2268 3061 2332 fuerat,
3094 2264 3153 2320 in
3186 2264 3329 2320 coelo
3362 2280 3518 2319 nunc
3562 2262 3750 2319 omni-

313 2354 428 2409 bus
459 2370 525 2411 ex
553 2371 720 2426 sequo
751 2353 1107 2425 ostenditur,
1141 2354 1379 2426 Deoque
1408 2355 1663 2411 victoriis
1696 2356 1975 2412 adversus
2008 2357 2221 2429 impios
2251 2356 2579 2428 trophaaum
2628 2356 2903 2423 efﬁcitur,
2936 2354 3192 2429 trophaeo
3220 2353 3381 2411 omni
3434 2351 3752 2409 sublimius

314 2447 373 2497 et
406 2442 803 2513 prastantius.

388 2536 460 2585 E'.
495 2531 635 2604 Πρὸς
683 2535 851 2585 ταῦτα
897 2530 949 2584 τί
996 2532 1261 2608 φήσουσιν
1317 2528 1373 2583 oi’
1424 2534 1520 2585 τοῦ
1553 2532 1750 2594 αἰῶνος
1780 2533 1975 2588 τούτου

312 2619 499 2697 σοφοὶ,
546 2619 635 2674 καὶ
686 2620 753 2675 τὰ
802 2621 926 2695 παρ’
975 2619 1158 2682 αὐτοῖς
1232 2619 1715 2694 ἀποσεμνύνοντες,
1778 2621 1832 2676 0i
1883 2622 1976 2684 τὰς

316 2710 532 2785 βαθείας
585 2710 793 2781 ὑπήνας
840 2707 1111 2778 ἕλκοντες,
1162 2709 1251 2763 καὶ
1294 2710 1356 2763 τὸ
1408 2710 1622 2785 κομψὸν
1655 2710 1975 2787 περισύρον-

309 2820 399 2860 τες
432 2801 543 2872 (22)
576 2802 711 2872 ἡμῖν
744 2794 1033 2875 τριϐώνιον
1062 2817 1076 2867 ;
1127 2796 1505 2875 ἀντιδιήγησαί
1558 2821 1649 2873 μοι
1699 2801 1788 2855 καὶ
1820 2801 1882 2855 σὺ
1914 2800 1978 2857 τὰ

314 2888 402 2951 σὰ,
436 2888 464 2941 ὁ
494 2887 619 2949 τοὺς
655 2888 896 2964 μακροὺς
934 2888 1135 2963 λόγους
1168 2886 1411 2967 γράφων,
1443 2889 1533 2944 καὶ
1579 2892 1674 2953 τὰς
1718 2890 1975 2955 ἀπίστους

317 2976 579 3038 συντιθεὶς
638 2976 902 3051 ἱστορίας,
961 2978 1051 3031 καὶ
1099 2980 1350 3054 κεχηνὼς
1396 2980 1531 3055 πρὸς
1575 2981 1643 3034 τὰ
1689 2979 1800 3035 ἀνω
1841 2983 1976 3055 (23),

314 3062 406 3119 καὶ
440 3068 545 3119 τῶν
578 3065 841 3142 οὐρανίων
873 3064 1360 3142 καταψευδόμενος,
1401 3067 1491 3124 xu‘i
1538 3070 1755 3125 πλέκων
1790 3070 1849 3125 ἐκ
1876 3077 1975 3141 τῆς

309 3158 422 3209 τῶν
446 3153 686 3231 ἀστέρων
721 3157 837 3230 (24)
869 3158 1128 3227 κινήσεως
1178 3158 1271 3222 τὰς
1318 3159 1549 3236 γενέσεις
1578 3160 1668 3215 καὶ
1714 3162 1781 3215 τὰ
1838 3182 1977 3235 συμ-

311 3238 604 3315 ϐαίνοντα;
660 3245 798 3321 Λέγε
848 3268 942 3319 μοι
990 3245 1079 3301 καὶ
1129 3246 1192 3302 σὺ
1238 3248 1367 3311 τοὺς
1412 3248 1535 3311 σοὺς
1583 3249 1829 3327 ἀστέρας,
1890 3251 1979 3305 τὸν

311 3331 608 3409 Ἀριάδνης
682 3336 959 3414 στέφανον,
1018 3335 1106 3391 καὶ
1168 3338 1259 3393 τὸν
1316 3340 1611 3414 Βερυνίκης
1662 3338 1977 3413 πλόκαμον,

2158 2536 2221 2591 ν.
2254 2536 2336 2590 Ad
2372 2535 2494 2593 haec
2525 2552 2697 2607 porro
2728 2535 2869 2607 quid
2902 2533 3114 2590 dicturi
3146 2537 3286 2590 sunt
3334 2532 3515 2603 huius
3546 2517 3752 2588 seaculi

2087 2625 2406 2697 sapientes,
2463 2641 2687 2696 suaque
2743 2623 3075 2697 magnificis
3127 2621 3318 2679 verbis
3374 2624 3745 2686 exornantes,

2086 2715 2190 2786 qui
2222 2715 2545 2786 profundas
2575 2714 2790 2769 barbas
2820 2716 3071 2786 gestant,
3114 2729 3181 2768 ac
3211 2711 3426 2768 scitum
3458 2714 3515 2765 et
3542 2726 3751 2765 venus-

2086 2808 2214 2860 tum
2266 2803 2512 2876 pallium
2568 2803 2865 2860 trahunt?
2915 2804 3001 2857 Tu
3051 2818 3286 2874 quoque
3341 2805 3442 2856 tua
3485 2799 3630 2855 mihi
3680 2815 3749 2855 ex

2088 2894 2329 2950 adverso
2384 2910 2578 2964 narra,
2614 2894 2713 2966 qui
2759 2892 3014 2966 prolixas
3064 2891 3356 2948 orationes
3403 2889 3746 2959 conscribis,

2087 2983 2483 3055 historiaeque
2517 3000 2550 3039 a
2581 2984 2696 3039 ﬁde
2744 2982 3125 3039 abhorrentes
3174 2980 3435 3051 conficis,
3468 2983 3643 3051 atque
3676 2979 3747 3033 ad

2088 3090 2303 3146 supera
2347 3073 2578 3141 inhias,
2630 3073 2892 3144 falsaque
2955 3073 3026 3128 de
3076 3071 3414 3128 cmlestibus
3464 3068 3747 3142 loqueris,

2088 3166 2264 3235 atque
2314 3161 2644 3219 nativitates
2692 3170 2746 3218 et
2792 3179 2988 3218 rerum
3046 3165 3288 3217 eventus
3338 3176 3405 3215 ex
3454 3164 3747 3216 astrorum

2089 3258 2252 3309 motu
2284 3252 2589 3309 contexis?
2623 3253 2828 3309 Sidera
2876 3268 3111 3324 quoque
3157 3254 3261 3306 tua
3310 3250 3455 3305 mihi
3502 3264 3745 3321 expone,

2091 3343 2378 3399 Ariadnes
2428 3359 2727 3409 coronam,
2765 3347 2822 3397 et
2851 3342 3153 3399 Berenices
3200 3357 3453 3408 comam,
3487 3343 3543 3395 et
3592 3338 3749 3394 sala-

311 3422 401 3477 xui
450 3425 541 3478 τὸν
603 3422 817 3501 ἀσελγῆ
865 3424 1087 3489 Κύκνον,
1144 3429 1233 3482 καὶ
1281 3428 1372 3483 τὸν
1422 3424 1680 3503 ὑϐριστὴν
1729 3434 1971 3505 Ταῦρον·

2098 3449 2215 3489 cem
2250 3435 2609 3505 Cygnum,et
2641 3407 3003 3504 petulantem
3025 3436 3281 3487 Taurum
3307 3448 3320 3497 ;
3354 3407 3528 3501 atque
3548 3429 3749 3494 etiam,

314 3511 367 3567 εἲ
395 3510 450 3567 δὲ
484 3513 694 3588 βούλει,
726 3515 819 3570 τὸν
856 3515 1147 3593 Ὀφιοῦχόν
1376 3540 1492 3588 σου,
1543 3519 1632 3573 καὶ
1679 3520 1767 3573 τὸν
1812 3519 1975 3596 Αἰγό-

312 3622 457 3675 κιρω
518 3605 653 3677 (26),
708 3604 914 3659 καὶτὸν
950 3606 1184 3677 Λέοντα,
1218 3605 1423 3670 ἄλλους
1470 3629 1529 3662 τε
1554 3606 1712 3669 ὅσους
1763 3608 1850 3663 ἐπὶ
1897 3613 1977 3681 τῷ

314 3696 469 3763 κακῷ
526 3694 640 3766 (27)
698 3694 988 3770 γνωρίσας,
1034 3696 1068 3764 ἢ
1122 3695 1275 3760 θεοὺς
1419 3695 1641 3772 ἀστέρας
1693 3696 1971 3767 ἐποίησας.

318 3787 432 3836 Ποῦ
461 3780 523 3836 σὺ
552 3786 743 3838 τοῦτον
939 3782 1088 3859 ἔχεις
1116 3786 1207 3841 τὸν
1240 3784 1441 3840 κύκλον
1475 3785 1526 3839 έν
1555 3791 1672 3848 τοῖς
1707 3791 1821 3847 σοῖς
1870 3808 1975 3859 μα-

315 3874 525 3943 θήμασι
552 3890 566 3941 ;
629 3877 742 3927 Ποῦ
791 3871 848 3928 δὲ
886 3876 978 3929 τὸν
1010 3872 1097 3929 έπὶ
1128 3873 1377 3949 Βῆθλεὶμ
1406 3872 1684 3950 δραμόντα
1712 3875 1973 3951 πρότερον

316 3959 381 4014 ix
408 3966 507 4029 τῆς
538 3959 676 4033 ἑῴας
724 3961 938 4038 ἀστέρα,
986 3962 1077 4016 τὸν
1128 3959 1326 4039 ὁδηγὸν
1377 3966 1482 4017 τῶν
1517 3966 1622 4018 σῶν
1657 3965 1854 4041 Μάγων
1885 3964 1975 4019 καὶ

324 4048 623 4122 πρόξενον;
675 4056 832 4126 ’Έχω
887 4073 941 4106 τι
983 4052 1135 4128 κάγὼ
1195 4050 1371 4129 λέγειν
1420 4052 1480 4109 ἐκ
1523 4057 1629 4109 τῶν
1664 4053 1927 4131 οὐρανίων
1959 4073 1971 4086 ·

317 4135 523 4201 ἐκεῖνος
554 4140 651 4209 τήν
684 4145 917 4216 Χριστοῦ
947 4142 1245 4216 παρουσίαν
1277 4139 1615 4213 ἀνεδηλωσεν
1646 4146 1760 4221 (29)
1799 4144 1826 4198 ὁ
1879 4146 1973 4199 ἀσ-

313 4228 421 4301 τήρ
444 4245 457 4258 °
493 4224 649 4292 οὗτος
681 4236 779 4301 τῆς
808 4235 1041 4306 Χριστοῦ
1066 4231 1217 4303 νίκης
1252 4233 1280 4286 ὁ
1310 4234 1594 4311 στέφανος.

2089 3522 2139 3579 si
2169 3522 2251 3578 ita
2276 3522 2385 3590 vis,
2436 3520 2811 3593 Ophiuchum
2862 3524 3055 3588 tuum,
3105 3524 3163 3576 et
3210 3518 3653 3590 Capricornum,
3694 3521 3751 3574 et

2090 3612 2364 3678 Leonem,
2396 3610 2661 3682 aliosque
2709 3625 2937 3677 omnes,
2971 3625 3136 3679 quos,
3169 3608 3243 3663 ob
3288 3606 3510 3664 malum
3544 3606 3749 3680 cogni-

2087 3705 2201 3766 tos,
2233 3699 2321 3755 vel
2353 3700 2412 3754 in
2446 3698 2813 3766 deorum,vel
2845 3697 2903 3753 in
2936 3698 3196 3754 siderum
3229 3713 3542 3752 numerum
3574 3696 3749 3753 ascri-

2088 3789 2279 3862 psisli.
2306 3790 2410 3847 Ubi
2440 3793 2503 3844 tu
2538 3789 2695 3844 hunc
2718 3788 3008 3843 circulum
3028 3786 3086 3843 in
3121 3791 3224 3843 tua
3246 3785 3497 3843 mathesi
3529 3784 3749 3841 habes?

2086 3878 2195 3934 Ubi
2223 3878 2398 3933 etiam
2432 3876 2665 3933 stellam
2699 3875 2885 3944 illam,
2920 3877 3226 3949 Magorum
3256 3879 3494 3931 tuorum
3538 3874 3747 3929 ducem

2086 3972 2143 4024 et
2172 3967 2497 4040 auspicem,
2532 3984 2659 4039 quae
2711 3965 2877 4038 prius
2906 3966 2979 4021 ab
3010 3969 3139 4021 ortu
3173 3964 3230 4020 in
3264 3963 3601 4020 Bethlehem
3647 3980 3745 4019 cu-

2086 4059 2272 4113 currit
2302 4057 2401 4111 “?
2451 4057 2581 4129 Ipse
2629 4072 2865 4127 quoque
2916 4054 3183 4112 nonnihil
3235 4055 3419 4111 habeo
3468 4054 3624 4125 quod
3675 4053 3747 4110 de

2085 4146 2421 4204 cmlestibus
2445 4145 2733 4203 disseram
2765 4162 2777 4201 :
2809 4146 2982 4203 stella
3006 4144 3104 4201 illa
3130 4144 3343 4201 Christi
3374 4142 3745 4216 praesentiam

2084 4236 2366 4294 indicavit
2402 4255 2415 4294 :
2449 4236 2571 4294 haec
2601 4235 2853 4294 victoria:
2884 4235 3103 4293 Christi
3134 4252 3348 4293 corona
3380 4234 3507 4290 fuit.

383 4402 424 4437 ⁶¹
457 4403 601 4460 Gen.
635 4421 753 4476 nx,
785 4407 876 4461 24.
952 4407 998 4442 ⁶²
1032 4408 1214 4465 Levit.
1247 4427 1303 4475 ι,
1335 4410 1389 4463 2.
1467 4408 1513 4444 ⁸⁸
1543 4409 1751 4467 Matth.
1780 4427 1842 4483 ιι,
1874 4411 1899 4464 1
1937 4424 2102 4481 seqq.

306 4576 515 4652 humo.
544 4575 633 4652 ita
660 4575 1147 4652 impiiﬂApostatea
1178 4595 1333 4652 spes,
1369 4598 1505 4652 qua,
1529 4585 1595 4637 ut
1623 4597 1760 4637 cum
1789 4579 1969 4635 Theo-

307 4599 515 4632 nuxuu.
544 4599 633 4633 ua
661 4599 824 4648 impu
860 4599 1147 4650 apostaw
1178 4599 1333 4652 spes,
1412 4599 1505 4650 ua,
1529 4599 1595 4637 ut.
1623 4599 1760 4637 cum
1789 4599 1967 4635 ’11180-

306 4650 517 4729 durato
545 4647 776 4729 loquar,
812 4651 972 4729 qua,
1001 4649 1222 4729 lib._1r1,
1256 4668 1306 4707 ο.
1342 4599 1470 4707 1%.:
1506 4670 1634 4709 sese
1665 4652 1797 4729 falsi
1828 4668 1967 4729 pras-

309 4722 1368 4806 dictionem.Dominihconyicturum
1416 4741 1545 4780 esse
1592 4722 1887 4797 sperabat,
1934 4746 1963 4773 »

309 4793 559 4874 impleta
588 4797 697 4861 est,
730 4798 796 4849 ut
826 4792 1023 4850 stultis
1070 4794 1196 4867 ipse
1228 4796 1353 4853 suis
1386 4801 1587 4853 contra
1621 4792 1801 4853 Deum
1833 4812 1974 4851 con-

306 4864 488 4954 alitis“
526 4864 781 4954 nescius,
854 4866 1191 4954 invitusque
1249 4868 1638 4954 adimplenda
1663 4940 1677 4954 ς
1708 4866 1976 4922 servierit

307 4936 830 5010 praedictioni,quae
862 4937 1075 5010 alioqui
1094 4936 1177 4996 'ad
1211 4936 1500 4999 amussim
1534 4940 1789 4998 necdum
1822 4954 1975 4994 com-

309 5006 467 5135 Eleta
497 5014 638 5077 erat,
672 5006 806 5065 cum
825 5006 1115 5067 decimam
1148 5014 1419 5085 quintam
1445 5012 1799 5072 catechesim
1832 5010 1973 5067 scri-

350 5086 469 5135 eret
500 5080 747 5135 Cvrillus
778 5082 1365 5135 Hierosolvmitanus.

350 5086 485 5156 cret
500 5080 747 5156 Cyrillus
778 5080 1365 5156 Hierosolymitanus.

378 5153 493 5237 (1"?)
524 5153 988 5228 Ἀκρωτηριάσαν.
1023 5153 1109 5212 lta
1142 5174 1287 5214 mss.
1320 5174 1544 5215 omnes.
1603 5156 1760 5214 Edit.
1811 5153 1974 5227 ἀκρο-

309 5244 579 5285 τεριασας.

371 5244 659 5373 ῗίέῖαῗὸτι
713 5293 887 5373 git-:18;
914 5298 1021 5373 _Sic
1068 5300 1232 5356 Pass.
1290 5300 1509 5372 aliique
1571 5300 1768 5373 plures
1811 5297 1973 5373 codi-

306 5383 441 5442 ces;
478 5392 503 5417 ‹‹
537 5370 1052 5441 Quandoquidem,
1088 5396 1114 5419 ν
1149 5378 1260 5427 etc.
1293 5370 1452 5442 Vel,«
1487 5373 1535 5428 si
1568 5370 1741 5428 modo
1773 5371 1968 5442 aliis...

306 5438 482 5527 ﬁdem
520 5460 634 5498 non
668 5438 931 5514 abrogat.
969 5465 995 5493 ››
1028 5438 1181 5501 Edit.
1218 5449 1349 5501 Par.
1383 5438 1516 5499 Ald.
1565 5449 1623 5499 et
1672 5449 1840 5500 Herv.
1896 5439 1971 5495 ἔτι

313 5520 475 5582 μηδὲ.

381 5584 496 5654 (19)
524 5585 593 5636 "N
626 5580 683 5637 δὲ
712 5580 791 5637 ἔτι
819 5584 1039 5643 τούτου.
1074 5587 1169 5643 Sic
1219 5604 1364 5645 mss.
1418 5602 1644 5642 omnes.
1690 5586 1861 5643 Deest
1912 5586 1971 5640 in

312 5654 445 5713 Par.
479 5656 618 5712 edit'
652 5654 869 5712 τούτου.

404 5729 497 5800 28)
526 5730 612 5799 Τῷ
643 5727 877 5802 οὐρανῷ.
914 5731 1086 5786 Deest
1112 5734 1212 5802 τῷ,
1245 5732 1305 5787 in
1338 5729 1632 5802 pluribus.

402 5803 493 5873 21)
549 5800 913 5879 Περιγράφον.
971 5824 995 5859 α
1044 5800 1287 5864 Crucem
1340 5800 1713 5873 describens,
1787 5824 1807 5852 ιο
1872 5804 1974 5859 aut

2080 4600 2109 4629 ‹‹
2139 4579 2465 4634 delineans.
2520 4601 2547 4627 »
2590 4579 2737 4642 Quid
2792 4581 2865 4635 sit
2913 4597 3056 4635 crux
3108 4581 3166 4634 in
3218 4580 3417 4635 orbem
3450 4578 3745 4650 descripta

2079 4667 2195 4705 non
2207 4650 2903 4707 video.Miraculumistud
2918 4651 3254 4707 testimonio
3268 4668 3372 4706 suo
3389 4651 3738 4705 conﬁrmant

1995 4706 2041 4770 D
2072 4721 2549 4795 Chrysostomus,
2578 4706 3097 4795 Ruﬁnus,The0d.,
3132 4706 3736 4791 Sozom.Socrat.,etc.

2175 4792 2267 4867 22)
2302 4792 2706 4867 Περισύροντες.
2742 4816 2773 4867 ι(
2802 4794 3255 4867 Circumferunt.
3292 4818 3312 4845 ι

2175 4796 2248 4849 22
2302 4796 2706 4867 Περισύροντες.
2744 4816 2773 4843 ‹‹
2802 4796 3255 4851 Circumferunt.
3292 4818 3312 4845 ι

2155 4796 2269 4939 (23)
2303 4865 2442 4940 [ipim
2468 4866 2541 4940 τὰ
2570 4863 2701 4920 ἅνω.
2736 4866 2885 4940 Reg.
2909 4884 2962 4933 a,
2997 4865 3071 4927 εἰς
3104 4865 3172 4940 τα
3202 4862 3332 4940 ἄνω.

2159 4930 2268 5010 (24)
2327 4930 2616 5015 ’Ᾱστέρων.
2680 4930 2999 5011 ΠυουΗϐς.
3059 4938 3218 4996 Colb.
3280 4938 3338 5006 Β,
3399 4933 3494 4990 0r.
3560 4930 3739 5001 1,ἇίσ-

2081 5029 2249 5085 τρων.

2158 5082 2268 5167 (2β)
2301 5079 2743 5167 Ὀιριοξχόνισοψ
2777 5105 2805 5131 ‹‹
2837 5082 3292 5167 Serpe‘ntarium.
3340 5102 3365 5127 ››
3417 5078 3578 5167 Pass.
3631 5096 3735 5130 σοι.

2084 5152 2383 5226 δυοίᾳυῖ
2430 5152 2827 5227 Esculapium
2886 5152 3234 5225 intelligant,
3283 5152 3435 5223 quod
3485 5166 3738 5224 anguem

2084 5244 2263 5301 manu
2298 5231 2510 5301 tenens
2542 5228 2900 5301 pingeretur.

2086 5299 2267 5423 Α,(216)
2312 5294 2613 5374 Αἶγόκερὶυ.
2650 5294 2748 5354 ulta
2796 5297 3053 5371 plerique
3101 5296 3354 5352 codices.
3410 5295 3537 5351 Par.
3600 5294 3737 5349 edit.

2139 5391 2189 5423 [Υ
2210 5390 2423 5423 λκεοων.

2197 5391 2423 5425 οκεοων.

2157 5391 2270 5513 ((27)
2292 5421 2423 5498 ’Ἐπὶ
2454 5439 2534 5513 τῷ
2564 5445 2740 5513 κακῷ.
2780 5464 2801 5491 ι
2836 5440 2919 5496 Ab
2946 5440 3163 5513 insigni
3198 5439 3351 5496 malo
3407 5441 3595 5503 notos,
3645 5454 3738 5493 ce-

2084 5514 2293 5570 lebres.
2336 5538 2361 5562 η

2156 5587 2268 5654 (28)
2296 5588 2517 5654 Τοῦτον.
2560 5585 2735 5641 Coisl.
2767 5586 2821 5650 2,
2853 5580 3085 5639 τούτων.

2154 5648 2693 5740 (29);Ανεδήλωσεν.
2726 5648 2962 5714 Codices
2992 5655 3389 5723 communiue,
3438 5648 3733 5723 έδήλωσεν.

2081 5727 2257 5787 Cois].
2278 5727 2340 5803 2,
2374 5728 2662 5801 ἐμήνυσεν,
