4028 6414
288 422 413 490 6'73

1302 420 1593 484 ORATIO
1638 422 1714 484 ν.
1747 456 1825 465 —
1855 420 2168 482 CONTRA
2215 421 2611 482 JULIANUM
2664 418 2739 479 ll.

3603 428 3726 485 6⁸74

287 560 586 629 θελήσαντι
638 554 802 629 μόνον
861 554 975 628 (47)
1032 551 1280 621 ἐλπίσας,
1338 551 1428 606 καί
1482 574 1599 607 τινα
1652 551 1788 607 κατὰ
1840 555 1948 606 τῶν

2099 553 2413 619 onfecerat,
2446 552 2505 606 in
2538 568 2666 606 eam
2713 568 2878 623 spem
2919 552 3207 607 adductus
3238 558 3345 622 est,
3379 548 3525 611 nihil
3575 571 3727 627 esse,

291 646 562 724 ἑσπερίων
616 640 903 720 βαρϐάρων
956 642 1248 719 εὐημερίαν
1314 642 1576 717 ἁρπάσας,
1643 641 1766 714 μίαν
1831 642 1958 715 βου-

292 737 514 793 Λεύεται
542 734 743 803 ταύτην
785 731 993 809 βουλὴν
1025 730 1398 801 συνετωτάτην
1426 754 1484 786 τε
1512 730 1602 786 καὶ
1650 730 1958 807 φιλανθρω-

290 830 563 894 ποτάτην.
599 826 763 900 Ἀρας
796 824 973 878 διττὸν
1008 820 1217 878 ἐνθένδε
1246 820 1495 899 στρατὸν,
1543 821 1635 875 τὸν
1695 820 1788 893 μὲν
1847 823 1961 892 (48)

291 916 560 985 ὁπλιτῶν,
592 915 684 970 τὸν
720 912 777 968 δὲ
805 917 913 968 τῶν
942 912 1186 988 ἀγόντων
1246 911 1403 966 αὐτὸν
1448 908 1742 982 δαιμόνων,
1795 910 1841 982 ᾦ
1870 910 1959 963 καὶ

298 1006 511 1081 μᾶλλον
547 1004 665 1079 εἶχε
695 1003 937 1079 θαῤῥεῖν,
979 1001 1066 1057 ἐπὶ
1116 1001 1327 1076 Πέρσας
1386 1000 1683 1077 στρατεύει,
1735 1000 1962 1074 θράσους

294 1097 492 1173 ἀλογίᾳ
525 1091 741 1168 μᾶλλον
782 1094 816 1161 ἢ
848 1092 1044 1169 ῥώμης
1076 1088 1343 1167 ἀσφαλείᾳ
1372 1090 1659 1152 πιστεύσας
1686 1108 1699 1120 ’
1733 1089 1823 1143 καὶ
1848 1087 1962 1143 οὐδ’

292 1186 465 1242 έκεῖνο
499 1181 730 1239 συνιδεῖν
763 1179 1012 1253 δυνηθεὶς
1055 1183 1083 1236 ὁ
1135 1181 1473 1258 σοφώτατος,
1511 1180 1595 1235 ὅτι
1646 1180 1841 1255 Θάρσος
1870 1179 1959 1233 καὶ

290 1278 488 1351 θράσος
517 1276 654 1348 (49),
684 1271 780 1326 κᾶν
812 1271 858 1326 εί
886 1276 1004 1333 τοῖς
1055 1270 1282 1343 ὀνόμασι
1332 1268 1651 1340 πλησιάζοι,
1703 1268 1958 1323 πλεῖστον

295 1362 563 1435 ἀλλήλων
594 1366 663 1436 τῇ
697 1359 921 1434 δυνάμει
955 1360 1311 1435 κεχώρισται,
1346 1357 1537 1435 ἀνδρίᾳ
1564 1378 1621 1412 τε
1670 1357 1735 1426 ἥν
1786 1357 1957 1435 φαμὲν

299 1455 391 1509 καὶ
423 1449 695 1528 ἀνανδρίᾳ.
725 1452 798 1505 Τὸ
830 1450 922 1523 μὶν
955 1449 1056 1525 γὰρ
1098 1449 1149 1503 έν
1198 1454 1314 1510 τοῖς
1363 1448 1697 1520 τολμητέοις
1746 1446 1959 1523 θαῤῥεῖν

304 1540 525 1618 ἀνδρίας
579 1538 738 1611 ἐστὶν,
797 1538 978 1614 ὣσπερ
1031 1538 1094 1592 τὸ
1160 1536 1401 1614 ὑφίεσθαι
1463 1534 1709 1598 δειλιας·
1781 1534 1846 1589 οὗ
1906 1533 1964 1589 δὲ

296 1630 505 1687 πλείων
534 1631 562 1686 ὁ
591 1626 858 1701 κίνδυνος,
887 1627 1057 1700 ὁμόσε
1088 1632 1294 1703 χωρεῖν
1321 1626 1411 1680 καὶ
1453 1624 1760 1695 ὠθίζεσθαι,
1818 1623 1963 1679 ἀλλά

299 1723 378 1795 μὴ
409 1719 752 1796 κατέχεσθαι,
782 1718 1033 1794 θράσους,
1087 1716 1268 1792 ὥσπερ
1317 1717 1379 1772 τὸ
1430 1716 1741 1791 ὑποχωρεῖν
1794 1715 1964 1792 ἀσφα-

296 1808 472 1872 λείας.
532 1809 633 1864 Καὶ
689 1808 751 1864 οὐ
808 1812 904 1861 τοῦ
958 1806 1124 1862 αὐτοῦ
1169 1805 1337 1882 λόγου
1384 1803 1562 1859 θετέον
1619 1803 1847 1882 φυλάξαι
1898 1802 1964 1857 τὰ

295 1895 452 1971 ὄντα,
501 1900 594 1954 καὶ
639 1902 748 1953 τῶν
781 1896 880 1952 οὐκ
910 1892 1081 1951 ὄντων
1111 1917 1163 1950 τι
1195 1890 1528 1969 προσλαϐεῖν
1556 1936 1569 1948 .
1603 1895 1665 1948 τὸ
1729 1894 1822 1966 μὲν
1859 1892 1962 1968 γὰρ

302 1988 545 2063 μάλιστα
590 1985 681 2043 καὶ
726 1991 943 2063 πρῶτον
992 1990 1113 2047 τοῖς
1143 1988 1265 2040 νοῦν
1312 1980 1503 2059 ἔχουσι
1552 1982 1814 2056 τιμητέον
1845 2002 1857 2014 ·
1905 1983 1965 2036 τὸ

301 2077 387 2147 δὲ,
437 2076 499 2132 ἂν
553 2078 645 2151 μὲν
695 2075 917 2152 ὑπάρχῃ
968 2075 1103 2149 μετά
1136 2074 1440 2151 ῥᾳστώνης,
1474 2071 1721 2128 δεκτέον·
1789 2072 1847 2127 ἂν
1909 2070 1967 2127 δὲ

298 2166 613 2240 ἀντιπίπτῃ,
662 2166 1008 2242 περιοπτέον.
1058 2166 1118 2221 Ὁ
1170 2161 1227 2217 δὲ
1287 2163 1418 2239 ὑπὲρ
1464 2167 1560 2216 τοῦ
1585 2162 1883 2232 κτήσασθαί
1914 2184 1965 2216 τι

296 2263 408 2313 τῶν
461 2254 837 2329 ἐλπιζομένων
897 2260 1027 2309 πᾶσι
1084 2258 1204 2316 τοῖς
1264 2253 1572 2327 ὑπάρχουσι
1639 2250 1965 2306 κινδυνεύων

302 2346 427 2403 λίαν
461 2346 691 2417 ἀνόητος
724 2348 859 2418 (50).
895 2343 994 2399 Καί
1030 2364 1125 2417 μοι
1172 2344 1548 2419 προσεοικέναι
1600 2340 1748 2396 δοκεῖ
1795 2341 1970 2414 πύκτῃ

300 2441 455 2509 κακῷ
491 2437 591 2506 τὴν
622 2436 846 2511 τέχνην,
892 2434 1019 2510 πρὶν
1065 2434 1165 2501 τήν
1218 2432 1397 2488 στάσιν
1460 2431 1516 2487 εὖ
1572 2432 1774 2505 θέσθαι,
1833 2452 1968 2507 προ-

302 2521 641 2600 ϐαλλομένῳ
666 2543 678 2557 ’
712 2526 746 2593 ἢ
774 2518 1077 2598 κυϐερνήτῃ
1115 2521 1419 2595 λελυμένης
1469 2520 1616 2593 αὐτῷ
1666 2528 1768 2590 τῆς
1813 2523 1967 2594 νηὸς,

301 2615 394 2671 καὶ
427 2613 489 2670 οὐ
528 2614 788 2687 πλοῖμως
839 2614 953 2687 (51)
996 2611 1258 2687 ἐχούσης,
1302 2614 1429 2665 ναῦν
1480 2607 1804 2665 καυαδύοντι
1859 2612 1971 2683 (52)

300 2701 600 2776 πολεμίαν,
660 2703 694 2771 ἢ
740 2698 1022 2756 καταδύειν
1081 2696 1459 2754 ἐσπουδακότι.
1510 2700 1604 2752 Ὧν
1669 2719 1762 2771 μοι
1824 2694 1974 2752 δοκεῖ

312 2791 482 2866 μηδὶν
544 2792 749 2854 ἐκεῖνος
796 2789 1141 2863 ἐνθυμηθεὶς,
1222 2788 1493 2864 ἐγχειρεῖν
1563 2787 1973 2864 ἀπερισκέπτως

312 2887 431 2942 τοῖς
488 2880 866 2956 ἐγνωσμένοις,
942 2875 1021 2935 ἔτι
1096 2883 1204 2933 τῶν
1274 2879 1595 2951 Ῥωμαϊκῶν
1666 2874 1972 2932 ὠδινόντων

321 2970 468 3040 αὐτῷ
525 2971 662 3042 (53),
719 2970 811 3024 καὶ
858 2973 1037 3029 κακῶς
1083 2964 1436 3041 διακειμένων
1468 2971 1549 3039 τῷ
1581 2964 1815 3042 διωγμῷ
1875 2966 1976 3039 μά-

324 3058 505 3129 λιστα,
534 3058 633 3127 τὴν
663 3055 962 3133 ἀλλοτρίαν
1008 3060 1300 3132 περινοῶν,
1340 3056 1429 3112 καὶ
1479 3055 1810 3129 Σαλμωνεὺς
1863 3058 1978 3130 (54)

324 3146 460 3202 εἶναί
488 3168 573 3209 τις
598 3146 658 3201 έκ
691 3145 896 3223 βύρσης
932 3147 1188 3220 βροντῶν,
1213 3146 1350 3221 πρὸς
1369 3145 1498 3208 τοὺς
1524 3144 1826 3220 Τραῖανοὺς
1852 3142 1980 3219 βλέ-

322 3259 439 3293 πων
472 3236 703 3298 ἐκείνους
753 3235 842 3291 καὶ
895 3236 1021 3297 τοὺς
1063 3232 1374 3312 Ἀδριανοὺς
1405 3238 1540 3309 (55),
1573 3237 1646 3289 ὧν
1680 3234 1786 3311 οὐχ
1816 3237 1978 3304 ἧττον

2071 642 2441 713 ᾳυοά,’ῐηοᾱο
2464 640 2655 711 vellet,
2682 642 2836 698 I52
2872 658 3151 713 superare
3181 647 3237 697 et
3257 660 3589 718 expugnare
3610 667 3726 715 non

2071 735 2289 802 posset,
2323 748 2389 785 ac
2441 736 2718 802 praeterea
2776 732 3039 803 prosperi
3088 734 3400 803 cujusdam
3452 739 3730 797 adversus

2071 822 2360 876 Occiduos
2392 821 2672 875 barbaros
2701 820 2889 875 bellici
2915 838 3225 878 successus
3249 826 3614 884 occasionem
3649 848 3735 886 ra-

2072 911 2259 983 piens,
2285 910 2393 965 hoc
2428 926 2610 965 unum
2636 910 2972 981 consilium,
2996 912 3531 982 prudentissimum
3554 918 3733 975 simul

2070 1005 2128 1057 et
2159 1000 2661 1056 humanissimum
2687 1000 2861 1071 capit.
2894 1001 3191 1073 Duplicem
3225 1004 3384 1060 enim
3414 1006 3552 1063 inde
3582 1025 3737 1064 exer-

2071 1090 2251 1145 citum
2270 1106 2531 1158 movens,
2549 1088 2799 1144 alterum
2821 1107 2872 1143 Ill
2889 1090 3360 1159 ilitum,alterum
3379 1095 3733 1169 daemonum,

2073 1197 2107 1235 a
2135 1179 2354 1250 quibus
2400 1178 2751 1244 ducebatur,
2778 1183 2834 1234 et
2868 1180 2924 1233 iu
2959 1181 3129 1251 cujus
3162 1198 3271 1254 ope
3300 1182 3491 1255 ipsius
3520 1186 3740 1244 ﬁducia

2072 1270 2261 1341 magis
2285 1268 2599 1336 nitebatur,
2615 1270 2902 1325 adversus
2925 1270 3134 1327 Persas
3156 1274 3584 1343 expeditionem
3612 1294 3742 1333 sus-

2072 1360 2232 1431 cipit,
2266 1357 2551 1430 praacipiti
2580 1359 2911 1414 temeritate
2959 1360 3155 1431 potius
3191 1379 3367 1432 quam
3398 1364 3610 1421 virium
3639 1367 3739 1421 ﬁr-

2074 1448 2278 1503 mitate
2308 1448 2492 1504 fretus
2528 1465 2540 1503 :
2575 1464 2640 1503 ac
2671 1464 2742 1503 ne
2793 1448 2940 1504 illud
2974 1451 3213 1520 quidem
3264 1454 3621 1525 perspiciens
3653 1456 3741 1511 vir

2073 1536 2573 1608 sapientissimus,
2610 1538 2885 1593 ﬁduciam
2929 1544 2985 1594 et
3032 1540 3362 1609 audaciam,
3386 1542 3520 1599 licet
3548 1545 3738 1601 nomi-

2074 1626 2167 1681 nis
2198 1627 2423 1682 ratione
2472 1627 2627 1681 inter
2656 1644 2719 1682 se
2743 1627 2946 1682 vicinas
2979 1628 3118 1695 sint,
3145 1631 3406 1701 potentia
3453 1637 3649 1690 tamen
3682 1640 3740 1691 et

2074 1715 2355 1772 facultate
2384 1716 2712 1788 plurimum
2750 1717 2903 1772 inter
2937 1734 2998 1773 se
3041 1717 3353 1776 distinctas
3382 1738 3533 1793 esse,
3566 1728 3623 1779 et
3654 1723 3739 1779 di-

2075 1811 2231 1861 stare
2264 1806 2395 1877 plus
2418 1823 2597 1878 quam
2621 1806 2903 1862 fortitudo
2933 1808 3116 1863 distat
3147 1809 3217 1863 ab
3255 1809 3741 1881 ignavia.Etenim

2074 1895 2133 1950 in
2166 1896 2340 1951 rebus
2382 1897 2583 1953 arduis
2632 1897 3033 1968 praefidentem
3066 1898 3333 1955 animum
3362 1918 3581 1974 gerere,
3617 1921 3740 1960 ma-

2077 1985 2486 2057 gnanimitatis
2508 1990 2626 2053 est;
2653 1987 3153 2058 quemadmodum
3174 1994 3395 2058 contra,
3410 1992 3740 2063 periculum

2078 2075 2419 2141 detrectare,
2446 2075 2783 2130 timiditatis
2812 2080 2869 2130 et
2900 2075 3163 2147 ignaviae.
3190 2081 3260 2132 At
3293 2080 3391 2135 ubi
3427 2081 3561 2151 plus
3587 2085 3742 2154 peri-

2080 2163 2195 2219 culi
2228 2165 2517 2233 imminet,
2544 2168 2670 2219 tum
2704 2164 2932 2219 obviam
2966 2169 3295 2239 procedere,
3326 2186 3507 2242 seque
3538 2172 3595 2227 in
3629 2173 3745 2228 dis-

2079 2255 2301 2308 crimen
2334 2254 2666 2321 obtrudere,
2703 2270 2815 2307 non
2851 2259 3047 2309 autem
3080 2256 3397 2327 reprimere
3433 2277 3498 2315 ac
3530 2262 3741 2318 retine-

2080 2359 2162 2412 re,
2193 2342 2511 2398 temeritati
2538 2343 2851 2398 dicendum
2875 2349 2990 2410 est;
3027 2347 3531 2415 quemadmodum
3557 2365 3587 2405 e
3610 2367 3744 2407 con-

2079 2431 2280 2497 trario,
2331 2432 2554 2501 cedere,
2587 2431 2845 2487 cautioni
2893 2437 2950 2488 et
2999 2435 3482 2504 prudentiaa.Nec
3536 2441 3742 2497 eodem

2081 2520 2208 2576 loco
2240 2521 2579 2592 ponendum
2607 2525 2715 2590 est,
2742 2537 2809 2576 ea
2839 2538 2965 2592 quas
2998 2524 3233 2592 adsunt,
3257 2526 3429 2595 tueri,
3454 2532 3511 2583 et
3540 2545 3745 2585 eorum

2083 2626 2212 2681 quae
2244 2626 2360 2665 non
2390 2609 2629 2681 habeas,
2662 2609 2884 2682 aliquid
2915 2611 3182 2684 adipisci.
3214 2613 3380 2670 Illius
3410 2617 3566 2673 enim
3598 2637 3748 2691 prae-

2083 2700 2259 2771 cipua
2288 2704 2345 2755 et
2374 2699 2656 2770 primaria
2685 2700 2831 2756 ratio
2863 2702 3121 2758 cordatis
3141 2702 3285 2759 viris
3318 2704 3591 2763 habenda
3618 2713 3706 2765 est
3731 2726 3745 2765 :

2083 2789 2193 2845 hoc
2214 2806 2368 2857 vero,
2388 2789 2683 2860 siquidem
2707 2794 2833 2846 tuto
2860 2790 3145 2863 facileque
3169 2792 3363 2861 liceat,
3394 2796 3748 2868 amplecten-

2086 2880 2263 2948 dum;
2298 2879 2391 2935 sin
2423 2884 2621 2935 autem
2659 2880 2721 2935 in
2760 2882 3119 2937 contrarium
3154 2883 3341 2952 cedat,
3366 2890 3748 2943 contemnen-

2088 2969 2251 3024 dum.
2287 2968 2395 3033 Qui
2423 2985 2575 3038 vero,
2600 2973 2665 3023 ut
2703 2968 2925 3040 aliquid
2958 2986 3184 3040 eorum,
3209 2989 3337 3044 quae
3387 2991 3490 3046 spe
3538 2993 3746 3033 conce-

2089 3058 2195 3130 pit,
2223 3062 2594 3129 assequatur,
2620 3060 2989 3115 fortunarum
3022 3061 3290 3118 omnium
3322 3080 3566 3122 suarum
3600 3048 3748 3140 peri-

2090 3146 2221 3202 culo
2252 3146 2513 3215 dimicat,
2542 3147 2601 3201 in
2633 3164 2848 3220 magna
2889 3149 3141 3206 stultitia
3169 3157 3457 3210 versatur.
3491 3160 3572 3211 Ac
3604 3158 3749 3213 mihi

2091 3235 2245 3293 malo
2266 3236 2450 3309 pugili
2472 3254 2587 3293 non
2612 3237 2921 3294 dissimilis
2938 3256 3067 3296 esse
3082 3240 3333 3309 videtur,
3350 3248 3533 3302 artem
3554 3263 3747 3318 suam,

318 3334 423 3397 τῆς
475 3323 722 3402 ἀνδρείας
778 3326 842 3380 τὸ
895 3323 1131 3404 ἀσφαλὲς
1174 3325 1529 3400 ἐθαυμάζετο.
1561 3326 1660 3381 Τὸν
1694 3324 1864 3401 Κάρον
1923 3324 1972 3380 δὲ

2093 3326 2440 3399 priusquam
2487 3328 2736 3400 gradum
2786 3332 2940 3383 recte
2988 3330 3196 3400 ﬁxerit,
3244 3334 3608 3403 proferenti:
3652 3317 3753 3393 aut

322 3416 421 3472 οὐκ
453 3415 649 3472 ἐνενόει
681 3415 906 3486 ἐκεῖνον,
940 3412 1066 3470 οὐδὲ
1094 3413 1185 3470 τὸν
1211 3413 1575 3490 Οὐαλεριανὸν
1609 3412 1806 3487 (56),ο’ί
1830 3412 1972 3477 δίκας

2093 3416 2491 3489 gubernatori,
2523 3417 2714 3473 soluta
2745 3435 2887 3474 nave
2918 3435 3045 3487 sua,
3082 3436 3186 3475 nec
3230 3422 3300 3476 ad
3350 3424 3749 3497 navigandum

318 3503 509 3561 ἔδοσαν
541 3506 721 3581 ὁρμῆς
754 3502 1072 3580 ἀλογίστου,
1101 3502 1177 3559 ’ίν⁹
1207 3503 1237 3559 ὅ
1276 3526 1436 3583 φησιν
1470 3507 1505 3576 ἡ
1553 3502 1852 3580 τραγῳδία,
1902 3505 1972 3577 μή

2093 3505 2321 3575 idonea,
2355 3522 2563 3563 navem
2610 3506 2883 3563 hostilem
2929 3509 3304 3579 deprimenti,
3337 3517 3440 3568 aut
3469 3518 3623 3571 certe
3653 3518 3751 3573 de-

322 3592 575 3664 ὁνειδίζω
624 3594 719 3657 τὰς
767 3593 959 3669 τύχας,
1009 3593 1060 3649 έν
1114 3598 1332 3671 Περσῶν
1383 3595 1557 3671 ὃροις,
1612 3594 1664 3648 ἐν
1695 3595 1846 3669 ἀκμῇ
1879 3601 1972 3664 τῆς

2093 3596 2346 3667 primere
2387 3596 2642 3653 conanti.
2676 3599 2935 3663 Quorum
2985 3597 3084 3653 ille
3136 3598 3307 3669 nihil,
3341 3606 3406 3657 ut
3435 3603 3582 3660 mihi
3616 3607 3752 3677 qui-

318 3683 576 3759 εὐτυχίας
609 3685 1013 3749 καταλυθέντες.

2093 3686 2224 3741 dem
2242 3684 2492 3754 videtur,
2516 3689 2819 3757 reputans,
2842 3685 3175 3742 inconsulte
3195 3704 3262 3744 ea
3284 3706 3415 3761 quas
3438 3696 3751 3767 statuerat,

318 3778 685 3851 aggreditur,
717 3779 893 3834 rebus
922 3777 1202 3834 Romanis
1232 3776 1423 3832 adhuc
1448 3775 1819 3845 exulceratis,
1852 3774 2123 3846 maleque
2159 3776 2486 3846 praesertim
2518 3776 2590 3830 ob
2622 3775 2931 3831 excitatam
2982 3779 3472 3854 persecutionem,
3504 3785 3753 3856 affectis,

320 3870 580 3925 alienam
614 3867 910 3941 regionem
943 3868 1245 3939 cogitans;
1278 3883 1345 3922 ac
1392 3865 1773 3922 Salmoneum
1822 3866 2161 3936 quemdam,
2193 3882 2223 3919 e
2266 3864 2421 3921 corio
2472 3869 2777 3920 tonantem
2826 3865 2996 3922 nobis
3039 3868 3316 3939 referens,
3348 3872 3755 3947 Trajanosque

319 3957 461 4014 illos
492 3963 550 4013 et
580 3958 865 4013 Adrianus
897 3956 1010 4013 sibi
1041 3956 1113 4013 ob
1145 3955 1347 4013 oculos
1377 3972 1731 4029 proponens,
1765 3972 2014 4029 quorum
2048 3955 2247 4010 minus
2295 3955 2489 4010 cautio
2522 3959 2580 4010 et
2608 3955 2942 4026 prudentia,
2973 3974 3152 4027 quam
3193 3959 3376 4015 animi
3408 3966 3758 4035 magnitudo

326 4046 708 4103 admirationi
739 4063 867 4102 esse
897 4044 1142 4101 solebat.
1174 4048 1255 4101 Ac
1284 4046 1360 4113 ei,
1394 4063 1500 4101 nec
1529 4046 1659 4105 Cari
1698 4046 1856 4101 illius
1888 4044 1947 4101 in
1979 4049 2236 4101 mentem
2263 4044 2532 4100 veniebat
2561 4061 2710 4111 sors,
2738 4060 2845 4099 nec
2889 4045 3204 4114 Valeriani,
3237 4048 3335 4118 qui
3380 4050 3636 4123 impetus
3666 4055 3756 4111 in-

325 4135 583 4193 consulti
614 4152 817 4207 poenas
848 4136 1137 4191 dederunt
1165 4136 1281 4207 (ne,
1310 4137 1811 4207 quemadmodum
1843 4135 1924 4193 ait
1951 4136 2212 4208 tragicus
2240 4134 2375 4207 (57).
2407 4137 2657 4206 fortunas
2687 4135 3057 4207 exprobrem),
3088 4136 3150 4192 in
3191 4136 3501 4197 Persarum
3532 4142 3755 4200 ﬁnibus

326 4229 392 4283 in
424 4225 616 4282 medio
650 4224 946 4282 felicitatis
976 4242 1155 4281 cursu
1190 4226 1478 4297 oppressi.

401 4314 474 4371 0'.
533 4310 692 4368 Ἀλλ’
751 4311 840 4368 οὗν
885 4308 1034 4383 ἔδοξε
1100 4317 1289 4385 ταῦτα,
1365 4314 1455 4369 καὶ
1527 4321 1628 4385 τῆς
1692 4313 1871 4387 ὁρμῆς
1918 4312 1972 4383 ἧι

2170 4314 2325 4371 153
2357 4314 2447 4370 ΙΧ.
2482 4313 2701 4371 Verum
2746 4314 2867 4371 haec
2914 4315 3101 4387 ipsius
3151 4318 3348 4375 animo
3395 4319 3759 4391 insederant,

323 4409 499 4458 πᾶσαν
542 4401 794 4477 μαντείας
842 4402 933 4457 καὶ
974 4402 1247 4477 γοητείας,
1300 4402 1475 4479 ῥητῆς
1520 4425 1579 4459 τε
1630 4404 1719 4458 καὶ
1746 4402 1972 4480 ἀῤῥήτοι

2096 4408 2373 4476 totusque
2404 4404 2463 4459 in
2494 4422 2624 4461 eam
2660 4406 3088 4477 expeditionem
3133 4408 3446 4480 ferebatur,
3479 4412 3641 4469 omni
3672 4412 3760 4466 di-

406 4585 516 4657 (47)
579 4583 779 4657 Μόνον.
851 4584 1057 4657 Plures
1099 4584 1331 4640 codices
1389 4547 1629 4651 habent,
1649 4654 1670 4657 ,ν
1692 4582 1754 4638 οὐ
1802 4580 1989 4657 μόνον.

331 4654 507 4742 Passi
570 4656 644 4729 oi,
723 4657 863 4728 Reg.
922 4656 963 4727 l,
1015 4655 1087 4727 οἱ,
1140 4657 1358 4711 forsam
1423 4673 1551 4728 pro,
1611 4654 1696 4727 οὗ,
1747 4654 1858 4728 vel,
1917 4654 1990 4728 oi,

339 4730 649 4926 ;:(?81).'i‘)6v
684 4797 797 4872 μέν,
857 4803 965 4856 etc.
1013 4799 1111 4857 Or.
1163 4800 1216 4869 1,
1265 4799 1449 4856 Mont.
1498 4800 1606 4853 τῶν
1666 4796 1833 4869 μέν...
1883 4802 1990 4852 τῶν

408 4939 521 5015 (49)
553 4937 786 5018 Θάρσος.
805 4940 894 4995 καὶ
926 4941 1143 5018 θράσος,
1192 4941 1493 5018 «fiducia
1520 4947 1578 5000 et
1608 4941 1855 5018 audacia
1904 4958 1994 4999 so-

338 5013 424 5069 no'
444 5030 654 5085 parum
676 5013 973 5084 differunt,
1007 5023 1066 5070 at
1094 5014 1521 5087 signiﬁcatione
1553 5015 1828 5070 multum.
1866 5036 1895 5063 »

408 5086 525 5157 (ὖοὶ
550 5086 839 5157 Ἀνοητοςι,
864 5087 1006 5157 Reg.
1038 5093 1314 5157 quatuor,
1345 5086 1508 5143 Colb.
1542 5088 1602 5157 k,
1633 5086 1762 5141 Bill.
1826 5084 1921 5138 ἀνό

615 5104 827 5142 νοητος.
864 5103 1006 5142 ηερ.
1038 5103 1313 5142 quatuor.
1345 5103 1508 5142 U010.
1543 5103 1602 5142 Κ.
1633 5103 1762 5141 13111.
1826 5103 1997 5142 ανοη-

408 5086 521 5177 (50)
550 5086 827 5153 Ἀνοητος·
864 5087 1006 5171 Reg.
1038 5086 1314 5157 quatuor,
1345 5086 1508 5171 Qolb.
1542 5088 1602 5157 k,
1633 5086 1762 5141 Bill.
1826 5086 1996 5168 ἀνόη-

334 5174 449 5232 τος,
512 5153 626 5232 ί-σος
673 5175 765 5232 μοι
821 5153 994 5232 δοκων
1040 5156 1217 5232 πύκτῃ
1264 5176 1435 5228 κακῳ,
1468 5163 1576 5232 etc.
1612 5159 1996 5232 Budaeus-lto.

336 5230 494 5285 hunc
524 5226 721 5303 locum
751 5229 928 5303 legit:
963 5229 1061 5283 Καί
1098 5226 1201 5303 ,μοι
1230 5226 1603 5303 προσεοικέναι
1638 5226 1788 5303 δοκεῖ
1818 5226 1993 5303 πύκτῃ

337 5318 394 5353 τε
421 5305 575 5373 κακῷ
622 5300 721 5373 τήν
752 5300 974 5373 τέχνην,
1024 5300 1135 5369 καὶ,
1180 5300 1307 5373 πρὶν
1338 5302 1437 5369 τήν
1474 5300 1651 5354 στάσιν
1686 5301 1742 5355 εὖ
1790 5300 1991 5373 θέσθαι,

338 5366 801 5455 προϐαλλομένῳ.
820 5366 1004 5455 Ὀορξί
1036 5366 1130 5455 sic;
1150 5366 1344 5455 reddit
1367 5391 1379 5429 :
1397 5366 1405 5369 ⁷
1423 5373 1684 5455 Mihique
1711 5366 1997 5455 assimilis

343 5459 471 5528 esse
517 5444 983 5528 videtu-rupugili
1023 5446 1166 5528 artis
1221 5445 1455 5528 ignaro,
1500 5444 1605 5515 qui
1652 5446 1999 5528 priusquam

344 5520 567 5590 statum
614 5516 1079 5590 stabilitoipede
1129 5517 1483 5590 composuit,
1530 5533 1759 5589 pugnos
1806 5518 1864 5572 in
1899 5517 1999 5571 ad-

342 5587 672 5644 versarium
702 5587 977 5644 intendit.
1009 5609 1039 5639 »

416 5657 638 5733 (51)ὶοὖ
666 5657 948 5733 πλοίμως.
982 5661 1151 5733 Reg._
1165 5677 1219 5730 a,
1252 5658 1352 5715 οὐκ
1381 5654 1721 5733 ερπλοΐμως.

417 5727 535 5802 (52)
584 5727 937 5805 Καταδύοντι.
990 5727 1099 5788 Ιιθῖ
1126 5727 1287 5791 Pass.
1343 5731 1562 5805 aliique
1587 5727 1839 5805 'plures;
1903 5729 2003 5789 alii

344 5800 483 5863 vero
514 5800 890 5863 καταδύνοντι.

2174 4583 2289 4661 (53)
2328 4578 2670 4661 Ὤδινόντων.
2696 4584 2958 4661 __Bud._«_
2992 4588 3254 4661 nondum
3302 4590 3527 4661 pacatis
3583 4593 3761 4647 rebus

2104 4652 2284 4733 domi,
2314 4674 2349 4733 _»
2404 4653 2518 4733 vel,
2563 4675 2591 4704 «
2644 4654 2837 4711 adhuc
2884 4652 3323 4729 laborantibus;
3346 4660 3578 4733 sibique
3606 4662 3763 4720 velut

2025 4710 2073 4774 D
2103 4710 2588 4798 parturientibus.
2608 4744 2648 4798 p

2172 4797 2284 4869 (54)
2318 4794 2678 4873 Σαλμωνεύς,
2709 4796 3079 4873 Salmoneus,
3132 4801 3285 4873 apud
3318 4807 3540 4873 poetas,
3574 4802 3759 4860 Elidis

2101 4886 2224 4939 rex,
2258 4871 2358 4945 qui
2391 4875 2458 4925 ut
2488 4871 2634 4945 deus
2664 4869 2998 4945 haberetur,
3033 4869 3211 4945 super
3238 4869 3413 4945 ponte
3442 4869 3589 4931 aereo
3621 4893 3762 4931 cur-

2103 4958 2233 4998 rum
2262 4943 2492 5012 agitans
2523 4941 2767 4998 fulmine
2789 4949 3076 5014 armatus,
3107 4941 3521 5003 fulminantem
3553 4947 3761 5004 Jovem

2112 5013 2333 5069 imitari
2364 5013 2566 5070 voluit.
2602 5014 2713 5069 Sed
2752 5031 2887 5071 eum
2913 5013 3142 5078 Jupiter
3170 5019 3241 5072 ad
3270 5018 3486 5075 inferos
3516 5020 3764 5078 fulmine

2106 5086 2381 5175 detrpsint.
2410 5085 2767 5175 Yide’Virg.,
2799 5085 3136 5175 (Εηςτάκνι,
3167 5106 3321 5175 νοτε,
3347 5092 3472 5146 585.

2317 5155 2816 5233 ξΓρα¹ίανούς...“καί
2860 5156 2988 5219 τοὺς
3040 5155 3375 5233 Ἀδριανούς.
3412 5186 3440 5213 ‹ι
3476 5163 3763 5233 Trajanus

2107 5232 2163 5306 et
2190 5229 2483 5306 Adrianus
2515 5229 2762 5306 Romani
2802 5229 3204 5306 imperatores,
3240 5233 3360 5306 qui,
3398 5256 3420 5285 ι
3474 5238 3539 5289 ut
3570 5229 3763 5306 loqui-

2106 5305 2205 5355 tur
2234 5299 2420 5377 Elias,_
2440 5324 2467 5351 «
2502 5302 2572 5377 ad
2603 5299 3029 5377 fortitudinem,
3075 5299 3374 5377 animique
3396 5299 3756 5377 magnitudi-

2109 5372 2598 5447 nemprudentiae
2631 5374 3127 5447 quoqueiaudem
3172 5372 3588 5447 adjunxerunt.
3626 5401 3653 5427 ››

2349 5443 2447 5495 Τὸν
2512 5442 2785 5529 suam“;
2827 5443 2916 5496 τὸν
2943 5442 3384 5529 ᾗΟὗαλεριᾶνόν.
3442 5450 3644 5529 .Carus
3709 5453 3767 5506 et

2111 5515 2452 5571 Valerianus
2510 5516 2893 5586 imperatores
2943 5515 3212 5586 Romani,
3264 5536 3399 5575 cum
3439 5520 3499 5575 in
3531 5537 3768 5576 summa

2111 5586 2388 5662 felicitate
2417 5591 2808 5662 versarentur,
2838 5586 3037 5642 stolidi
3070 5607 3135 5645 ac
3163 5591 3461 5647 temerarii
3510 5592 3766 5662 impetus

2113 5674 2314 5784 Saintes
2345 5659 2651 5729 dederunt,
2684 5658 2743 5713 in
2776 5658 3087 5716 Persarum
3119 5662 3336 5719 ﬁnibus
3384 5658 3646 5735 oppressi
3698 5678 3762 5719 ac

2154 5746 2184 5784 e
2208 5746 2238 5784 e
2266 5746 2306 5784 1.

2154 5730 2306 5785 eleti.

2186 5801 2294 5873 (57)
2330 5799 2633 5873 Euripides
2662 5800 2721 5857 in
2752 5803 2971 5858 Oreste.
