4028 6424
212 448 332 506 677

206 598 320 633 των
381 569 750 647 διαδιδράσκει
801 566 1047 625 κίνδυνον
1084 611 1098 625 .

212 668 338 734 σικὴ
400 662 629 735 δύναμις
687 664 1058 738 παραφανεῖσα
1092 705 1105 731 ,
1165 658 1253 712 καὶ
1330 657 1410 712 ἀεί
1466 680 1546 719 τις
1602 662 1668 722 τῆ
1728 654 1861 722 ούση

210 753 672 834 προσγινομένη,
728 749 862 804 κατᾶ
925 749 1178 823 μετώπου
1254 750 1368 820 (75)
1427 747 1521 821 μὲν
1580 743 1866 813 ἵστασθαι,

212 847 304 902 καὶ
364 839 782 899 διακινδυνεύειν
864 838 963 893 οὐκ
1036 836 1171 910 ᾤετο
1250 834 1359 891 δεῖν
1436 834 1567 911 δίχα
1631 834 1873 911 μεγάλης

216 937 479 1009 ἀνάγκης,
540 932 655 985 ἐνὸν
716 928 775 983 ἐκ
848 928 1159 1004 περιουσίας
1215 931 1475 1003 κρατεῖν·
1538 925 1595 980 ἐκ
1653 923 1708 979 δὲ
1764 927 1872 978 τῶν

220 1022 407 1101 λόφων
467 1020 557 1075 καὶ
614 1022 722 1073 τῶν
781 1022 976 1072 στενῶν
1130 1016 1404 1090 παρείκοι,
1460 1013 1743 1090 βάλλουσα
1787 1013 1877 1068 καὶ

220 1098 530 1185 τοξεύουσα,
563 1106 652 1163 καὶ
694 1106 760 1161 τὰ
806 1106 988 1180 καίρια
1034 1112 1135 1175 τῆς
1181 1102 1367 1159 διόδου
1415 1098 1877 1181 προκααλαμτϐά-

222 1222 431 1272 νουσα,
494 1194 697 1275 ῥᾳδίως
776 1195 918 1273 εἶργε
992 1199 1089 1249 τοῦ
1170 1195 1359 1271 πρόσω
1401 1212 1412 1227 ·
1472 1198 1768 1264 τηνικαῦτα
1831 1192 1883 1246 ἐν

221 1291 421 1369 ἀπορίᾳ
475 1310 534 1343 τε
588 1287 655 1356 ἦν
696 1282 805 1355 ἤδη
866 1282 1080 1359 πολλῇ,
1130 1284 1219 1339 καὶ
1268 1283 1367 1339 ούκ
1418 1280 1561 1360 ἔχων
1610 1284 1719 1353 ’ὀπη
1768 1285 1882 1356 (76)

216 1380 493 1459 τράπηται
580 1375 735 1433 λύσιν
822 1374 1055 1449 εύρίσκει
1134 1376 1373 1449 πονηρὰν
1460 1377 1557 1428 τοῦ
1649 1371 1883 1449 βουλεύ-

237 1491 427 1545 ματος.

1211 437 1503 497 ORATIO
1546 430 1626 498 V.
1660 464 1734 480 —
1766 432 2074 496 CONTRA
2120 434 2521 496 JULIANUM
2569 436 2645 494 II.

1151 572 1236 629 Ὡς
1296 564 1353 621 δὲ
1423 566 1671 644 προϊόντι
1730 573 1914 642 Περ-λ

2033 571 2314 623 astrorum
2348 568 2556 622 horum
2592 563 2918 639 periculum
2946 569 3167 641 effugit.
3189 564 3261 626 Ut
3284 574 3477 628 autem
3512 592 3645 645 pro-

1980 656 2269 728 gredienti
2306 658 2545 712 Persicm
2578 658 2758 727 copiae
2803 657 2860 711 in
2911 662 3291 729 conspectum
3324 665 3646 718 venientes?

3525 440 3648 502 678

1987 746 2363 817 quotidieque
2395 752 2797 817 augescentes,
2832 764 2960 801 eam
2994 747 3234 819 gerendi
3286 749 3417 804 belli
3468 752 3645 807 ratio-

1990 852 2120 889 nem
2157 840 2353 890 tenere
2384 841 2685 907 ccepcrunt
2733 841 2796 891 ut
2844 837 3091 891 adversa
3124 837 3360 909 quidem
3396 838 3516 894 acie
3549 857 3648 894 ne-

1990 941 2288 995 quaquam
2349 925 2460 979 sibi
2522 926 2821 991 standum,
2857 943 2983 996 nec,
3019 942 3153 981 cum
3203 927 3507 999 copiarum
3560 947 3660 984 ex.

1990 1014 2297 1070 uberantia
2346 1015 2575 1071 vincere
2625 1013 2845 1082 licent,
2881 1016 2993 1071 nisi
3045 1033 3259 1089 magna
3309 1019 3658 1075 necessitate

1991 1109 2256 1176 urgente,
2291 1105 2633 1160 tentandam
2668 1105 2775 1160 sibi
2827 1122 3033 1177 pugnae
3069 1105 3255 1162 aleam
3280 1108 3657 1178 judicarent;

1993 1198 2264 1249 caeterum
2297 1211 2326 1251 e
2361 1194 2605 1250 tumulis
2639 1200 2693 1250 et
2722 1194 2789 1249 lu.
2815 1212 2982 1251 orum
3014 1196 3326 1269 angustiis,
3354 1198 3454 1254 ubi
3481 1197 3663 1254 facul-

1996 1288 2086 1339 tas
2119 1284 2377 1350 daretur,
2412 1288 2609 1340 hostes
2650 1284 2883 1356 sagittis
2934 1285 3302 1357 impeterent,
3338 1291 3512 1360 atque
3557 1306 3660 1361 op-

1996 1373 2441 1444 portunissimis
2473 1374 2575 1428 viae
2619 1374 2970 1429 transitibus
3015 1376 3338 1448 occupatis,
3367 1395 3465 1434 eos
3499 1378 3663 1434 facil-

1995 1461 2155 1530 lime,
2200 1480 2273 1519 ne
2330 1480 2501 1534 porro
2551 1464 3063 1534 progrederemur,
3122 1464 3498 1522 inhiberent:
3534 1472 3661 1523 tum

230 1579 364 1617 vero
396 1560 454 1614 in
485 1573 689 1630 magna
742 1555 924 1612 animi
969 1554 1258 1611 anxietate
1306 1554 1678 1623 versabatur;
1713 1569 1839 1619 nec,
1874 1568 1987 1623 quo
2022 1567 2083 1606 se
2114 1556 2384 1620 verteret,
2422 1552 2664 1622 habens,
2698 1569 2942 1624 pravum
2999 1554 3235 1611 tandem
3291 1556 3521 1612 consilii
3569 1554 3664 1612 sui

229 1651 448 1706 exitum
483 1646 718 1720 reperit.

250 1737 403 1809 dIA'.
465 1735 634 1808 ’Δνήρ
692 1734 795 1809 γάρ
853 1753 937 1794 τις
992 1736 1097 1786 τῶν
1156 1730 1253 1786 οὐκ
1312 1728 1591 1803 ἀδοκίμων
1645 1728 1695 1783 ἐν
1756 1730 1891 1804 Πὲρ-

232 1847 373 1888 σαις.
420 1825 511 1879 τὸν
563 1823 649 1878 ἐπὶ
709 1817 991 1877 Βαϐυλῶνι
1044 1823 1181 1897 πρὸς
1226 1825 1404 1895 Κῦρον
1635 1819 1892 1893 Ζώπυρον

239 1915 651 1990 μιμησάμενος,
712 1912 789 1974 ὡς
848 1910 913 1982 δή
969 1932 1021 1966 τι
1083 1914 1163 1982 τῷ
1219 1913 1438 1985 Περσῶν
1492 1911 1606 1981 (78)
1658 1905 1894 1981 βασιλεῖ,

242 2002 459 2080 μᾶλλον
521 1999 577 2057 δὲ
632 2003 860 2077 μέγιστα
911 2000 1000 2055 καὶ
1062 2000 1148 2054 ἐπὶ
1204 1998 1478 2075 μεγίστοις
1528 2017 1896 2073 προσκεκρου-

235 2097 376 2167 κὼς,
415 2093 505 2148 καὶ
556 2089 776 2153 δύσνους
830 2092 924 2165 μὲν
973 2095 1091 2151 τοῖς
1142 2088 1346 2144 ἐκείνου
1407 2087 1664 2162 μάλιστα,
1717 2084 1897 2148 εὔνους

234 2183 303 2239 δὲ
358 2188 476 2245 τοῖς
524 2181 803 2254 Ῥωμαίων
860 2179 1141 2255 πράγμασι
1204 2176 1293 2234 διὰ
1348 2183 1509 2234 τοῦτο
1562 2176 1848 2255 τυγίάνων
1886 2221 1899 2246 ,

234 2274 335 2330 καὶ
388 2274 449 2328 τὸ
505 2271 845 2327 πιστεύεσθαι
906 2266 1090 2324 λαϐὼν
1145 2268 1204 2323 ἐκ
1257 2272 1355 2322 τοῦ
1411 2266 1732 2341 πλάσματος
1768 2285 1780 2297 ·
1836 2264 1903 2321 Τί

233 2368 459 2435 ταῦτα,
538 2359 750 2440 φησίν,
808 2357 851 2413 ὦ
931 2360 1203 2433 βασιλεῦ;
1268 2362 1393 2419 Πῶς
1471 2356 1613 2410 οὕτω
1690 2358 1902 2429 σαθρῶς

242 2452 377 2528 ’περὶ
470 2450 736 2506 τοσούτου
819 2446 1141 2524 βουλεύεσθε
1214 2446 1538 2521 πράγματος
1615 2464 1627 2515 ;
1702 2443 1792 2505 Τίς
1876 2443 1904 2496 ὁ

242 2541 450 2614 νηίτης
506 2538 664 2601 οὗτός
726 2559 807 2592 σοι
868 2542 1016 2597 σῖτος
1072 2535 1162 2589 καὶ
1221 2536 1248 2589 ὁ
1306 2536 1557 2609 περιττὸς
1615 2534 1834 2611 φόρτος,
1879 2535 1907 2588 ὁ

240 2638 352 2702 τῆς
435 2627 722 2703 ἀνανδρίας
814 2624 1139 2686 διδάσκαλος
1222 2651 1235 2692 ;
1312 2621 1482 2680 Οὐδὲν
1563 2622 1666 2699 γὰρ
1765 2621 1908 2677 οὕτω

248 2718 538 2794 δύσμαχον
610 2718 724 2791 (79)
801 2714 887 2769 καὶ
963 2713 1270 2792 φιλόνεικον
1308 2759 1321 2783 ,
1380 2712 1455 2775 ὡς
1505 2713 1714 2788 γαστὴρ
1748 2757 1762 2783 ,
1821 2712 1909 2766 καὶ

244 2810 318 2865 τὸ
374 2808 425 2863 ἒν
498 2806 687 2883 χερσὶν
770 2802 914 2882 ἔχειν
985 2805 1083 2873 τὴν
1147 2802 1462 2877 σωτηρίαν.
1527 2800 1683 2857 Ἀλλ’
1759 2799 1810 2856 εἷ’
1860 2823 1910 2856 τι

258 2896 389 2970 ἐμοὶ
484 2895 684 2968 πείθῃ,
740 2894 804 2948 τὸ
891 2894 984 2965 μὲν
1090 2891 1337 2945 ναυτικὸν
1441 2895 1601 2945 τοῦτο
1706 2890 1915 2965 χαίρειν

264 2985 439 3044 ἰάσεις
495 3028 509 3052 ,
565 2983 653 3036 καὶ
723 2984 823 3049 τὴν
900 2980 1171 3053 ἑπομένην
1250 2975 1466 3034 ἔκλυσιν
1542 2985 1622 3052 τῷ
1690 2981 1917 3056 γενναίῳ

257 3072 445 3144 τούτῳ
518 3068 773 3147 στρατῷ·
834 3069 993 3131 αὐτὸς
1071 3066 1128 3123 δὶ
1205 3066 1271 3123 δι’
1346 3068 1523 3140 ἄλλης
1601 3068 1729 3123 ὀδοῦ
1807 3070 1917 3124 εὐ-

2072 1728 2163 1784 ΧΙ.
2199 1728 2303 1783 Vir
2331 1728 2488 1784 enim
2519 1728 2780 1801 quidam,
2808 1729 2958 1785 inter
2980 1731 3187 1787 Persas
3218 1748 3332 1787 non
3366 1732 3664 1805 ignobilis.

2004 1818 2209 1891 Zopyri
2258 1818 2416 1875 illius
2457 1835 2594 1891 erga
2624 1819 2861 1891 Cyrum,
2896 1820 2953 1875 in
2999 1820 3310 1893 Babylonis
3342 1822 3666 1890 obsidione,

2009 1906 2235 1962 facinus
2286 1906 2572 1976 imitatus,
2608 1906 2776 1978 quasi
2826 1907 2899 1962 ob
2948 1908 3330 1979 gravissimas
3379 1911 3669 1983 quasdam

2008 2012 2219 2052 causas
2251 1996 2309 2051 in
2342 1996 2753 2069 gravissimam
2794 1997 3175 2054 offensionem
3210 1999 3515 2057 Persarum
3549 2002 3671 2074 regi

2009 2086 2289 2154 venisset,
2319 2086 2390 2140 ob
2425 2086 2600 2157 idque
2631 2085 2688 2140 in
2722 2102 2855 2142 eum
2890 2086 3144 2159 pessime
3177 2088 3495 2159 animatus,
3528 2107 3675 2147 con-

2017 2180 2225 2248 traque
2257 2192 2393 2247 erga
2429 2176 2721 2231 Romanos
2755 2177 2973 2247 optime
3003 2177 3248 2234 affectus
3278 2183 3453 2251 esset,
3477 2197 3544 2237 ac
3572 2197 3677 2253 per

2016 2264 2356 2335 hujusmodi
2388 2265 2583 2320 fucum
2607 2270 2664 2320 et
2688 2264 3130 2322 simulationem
3156 2269 3330 2325 ﬁdem
3354 2269 3465 2325 sibi
3489 2271 3679 2325 conci-

2013 2353 2261 2409 liasset:
2313 2352 2453 2421 Quid
2508 2356 2638 2422 haec,
2696 2355 2910 2424 inquit,
2959 2358 3312 2426 imperator?
3362 2359 3503 2428 Quid
3558 2364 3681 2416 tam

2016 2445 2275 2514 ignavum
2307 2452 2470 2515 atque
2516 2446 2859 2501 imbecillum
2890 2446 2955 2501 de
2984 2450 3131 2502 tanti
3157 2451 3421 2505 momenti
3466 2451 3681 2521 negotio

2016 2534 2309 2588 consilium
2355 2534 2555 2588 initis?
2601 2535 2869 2603 Quorsum
2922 2536 3022 2592 hoc
3067 2538 3265 2593 navale
3311 2540 3679 2609 frumentum,

2021 2639 2083 2678 ac
2111 2624 2449 2694 superﬂuum
2477 2640 2633 2695 onus,
2669 2626 2909 2694 ignaviae
2939 2628 3309 2696 magistrum?
3336 2626 3505 2683 Nihil
3533 2631 3685 2685 enim

2021 2712 2099 2767 ad
2156 2714 2596 2783 expugnandum
2646 2714 2955 2786 difﬁcilius,
2998 2716 3144 2772 nihil
3191 2719 3538 2787 pervicacius
3585 2723 3684 2789 est,

2023 2819 2187 2873 quam
2218 2812 2424 2874 venter,
2457 2804 2723 2876 sita-mque
2771 2806 2833 2859 in
2882 2806 3141 2863 manibus
3171 2808 3372 2863 habere
3414 2825 3565 2881 spem
3595 2826 3685 2864 sa-

2028 2893 2178 2947 lutis.
2218 2894 2507 2961 Quocirca,
2539 2895 2591 2947 si
2636 2895 2776 2965 quid
2820 2910 2906 2949 me
2955 2895 3169 2967 audies,
3201 2899 3492 2954 nauticum
3543 2900 3690 2953 hunc

2027 2990 2358 3053 apparatum
2408 2982 2590 3037 valere
2646 2984 2879 3054 iubebis,
2923 2985 3350 3058 lunguoremque
3394 3003 3465 3043 ea:
3507 3004 3569 3043 eo
3620 2987 3691 3043 ad

2030 3073 2398 3142 fortissimum
2430 3071 2575 3126 hunc
2596 3074 2904 3128 exercitum
2928 3074 3241 3131 redeuntem
3262 3095 3279 3130 :
3305 3080 3364 3132 tu
3393 3080 3579 3133 autem
3603 3080 3693 3133 via

254 3160 581 3237 πορωτὲρας
663 3180 720 3213 τε
800 3158 889 3213 καὶ
973 3155 1395 3237 ἀσφαλεστέρας,
1481 3160 1547 3229 ἦς
1636 3158 1745 3235 ἐγώ
1829 3180 1911 3215 σοι

2033 3158 2282 3225 faciliori
2322 3162 2369 3215 et
2401 3162 2614 3228 tutiori,
2634 3162 2790 3232 cujus
2821 3163 2926 3217 tibi
2952 3179 3039 3218 me
3067 3164 3259 3221 ducem
3287 3168 3407 3237 fore
3432 3166 3695 3238 proﬁteor

251 3250 586 3326 καθηγητὴς
645 3245 925 3322 (ἔμπειρος
988 3246 1044 3302 δὲ
1120 3245 1172 3301 εἷ’
1222 3270 1306 3311 τις
1386 3247 1561 3311 ἄλλος
1621 3248 1765 3326 φημὶ
1823 3256 1922 3321 τῆς

255 3342 457 3417 χώρας
512 3338 645 3393 εἶναι
702 3345 802 3407 τῆς
860 3340 1181 3412 Περσικῆς),
1244 3332 1505 3411 ἐμϐαλεῖς
1562 3360 1619 3393 τε
1676 3339 1749 3401 εἷς
1821 3341 1921 3409 τὴν

255 3429 533 3504 πολεμίαν
570 3475 585 3501 ,
648 3426 735 3482 καὶ
812 3430 918 3482 τῶν
986 3426 1123 3481 κατᾶ
1195 3427 1421 3503 Ῥώμην
1498 3431 1683 3504 τυχῶν
1764 3428 1923 3482 ἐπαν-

259 3522 436 3593 ήξεις·
497 3521 643 3591 ἡμᾶς
703 3514 759 3572 δὲ
814 3521 1108 3586 τηνικαῦτα
1187 3514 1243 3571 εὗ
1302 3519 1589 3587 ποιήσεις,
1647 3516 1807 3587 ἡνίκα
1864 3518 1922 3573 ἂν

260 3609 413 3684 ἔργῳ
463 3610 573 3683 (80)
623 3612 812 3683 πεῖραν
873 3601 1045 3681 λάϐῃς
1093 3612 1197 3676 τῆς
1247 3607 1517 3683 ἡμετέρας
1578 3606 1788 3670 εὐνοίας
1837 3606 1926 3662 καὶ

262 3698 657 3774 παραινέσεως.

345 3788 440 3844 ΙΒ’.
498 3788 587 3850 Ὠς
648 3783 705 3840 δὲ
763 3786 880 3841 εἷπε
934 3788 1123 3854 ταῦτα,
1181 3785 1269 3841 καὶ
1330 3783 1494 3840 εἷ’πὼν
1557 3782 1787 3855 ἔπεισεν,
1844 3782 1930 3840 sii-

263 3898 462 3934 στιστον
523 3878 626 3951 γὰρ
703 3877 738 3945 ἡ
819 3874 1139 3954 κουφότης,
1193 3874 1284 3929 καὶ
1342 3879 1439 3929 τοῦ
1496 3879 1631 3929 Θεοῦ
1697 3872 1933 3947 μάλιστα

269 3966 715 4032 συνελαύνοντος,
773 3966 979 4019 ἅπαντα
1037 3966 1101 4032 ἦν
1154 3964 1294 4038 ὁμοῦ
1350 3966 1417 4018 τὰ
1466 3961 1631 4018 δεινά·
1678 3965 1773 4019 τὰς
1837 3965 1931 4037 μὲν

270 4061 401 4119 ναῦς
436 4055 553 4131 εἶχε
582 4056 644 4109 τὸ
675 4057 805 4129 πῦρ,
852 4053 941 4107 καὶ
974 4053 1001 4106 ὁ
1043 4058 1191 4115 σῖτος
1243 4052 1342 4107 ούκ
1388 4055 1479 4123 ἦν,
1528 4053 1618 4107 καὶ
1665 4056 1873 4129 προσ-ῆν
1907 4054 1934 4106 ὁ

272 4148 473 4223 γελως⁶
508 4143 768 4219 αὐτόχειρ
826 4143 926 4219 γὰρ
987 4144 1021 4213 ἡ
1083 4143 1260 4221 σφαγὴ
1326 4140 1544 4219 σχεδόψ
1603 4143 1672 4198 τὰ
1725 4140 1782 4197 δὲ
1829 4147 1934 4198 τῶν

282 4233 523 4292 ἐλπίδων
577 4236 689 4309 (81)
738 4230 965 4311 φροῦδα,
1014 4232 1102 4287 καὶ
1156 4234 1184 4287 ὁ
1234 4230 1438 4309 ὁδηγὸς
1470 4235 1586 4308 (82)
1630 4231 1941 4305 συναπῆλθι

271 4332 395 4388 ταῖς
445 4322 821 4401 ὑποσχέσεσιν.
882 4328 968 4377 Ἐν
1022 4321 1213 4395 κύκλῳ
1273 4320 1331 4376 δὲ
1388 4323 1439 4377 οὶ
1496 4324 1790 4397 πολέμιοι,
1850 4322 1939 4379 καὶ

275 4414 579 4491 περιρρέων
641 4414 669 4468 ὁ
726 4411 991 4487 πόλεμοςο
1050 4412 1085 4481 ἢ
1144 4432 1203 4467 τε
1258 4410 1496 4488 πρόοδος
1557 4412 1619 4467 ού
1670 4411 1851 4489 ῥᾳδία,
1904 4415 1938 4483 ἡ

280 4506 460 4582 τροφὴ
511 4502 567 4559 δὲ
616 4502 715 4559 ούκ
754 4500 1005 4593 εὕποροςξ
1058 4501 1111 4593 ἂν
1156 4502 1362 4593 ἀθυμίῃ
1572 4504 1820 4593 στρατὸς,
1851 4502 1940 4557 καὶ
1972 4528 2019 4593 D

285 4590 357 4648 δι’
393 4591 564 4668 ὀργῆς
612 4594 761 4668 εἶχον
794 4594 907 4665 (83)
958 4592 1047 4645 τὸν
1094 4588 1340 4665 βασιλέαο
1396 4590 1640 4645 ἐλείπετο
1695 4590 1752 4646 δὲ
1799 4612 1944 4668 χρη-

287 4690 419 4753 στῆς
451 4679 674 4745 ἐλπίδος
707 4678 881 4737 οὐδέν’
920 4676 1104 4754 μίαδέ
1135 4680 1208 4741 ὡς
1258 4679 1309 4733 ἐν
1354 4685 1470 4741 τοῖς
1516 4685 1777 4755 παροῦσιν
1822 4680 1941 4737 ἐδό-

284 4795 369 4829 κει
432 4772 593 4846 μόνη,
652 4772 752 4841 τὴς
800 4774 1043 4846 πονηρᾶς
1094 4767 1477 4844 ἀπαλλαγῆναι
1529 4767 1806 4843 βασιλείας
1853 4771 1944 4825 καὶ

287 4860 637 4938 στρατηγίας.
1491 4869 1506 4881 ⁸

382 5072 476 5142 75)
509 5070 659 5128 Κατὰ
702 5068 976 5142 μετώπου.
1010 5068 1191 5124 Mont.
1226 5086 1315 5142 γρ,
1347 5068 1484 5121 κατὰ
1519 5066 1787 5140 μέτωπον.

384 5138 476 5213 76)
500 5146 669 5211 Ὅπη.
704 5138 965 5213 Plerique
997 5138 1249 5213 codices,
1268 5138 1427 5213 bum.

384 5184 478 5285 ἧς
510 5184 1251 5290 ﬁss'ss.‘itss“c“y;s;,"gsa
1272 5184 1495 5290 ,δεῖξας
1526 5211 1853 5283 Ηγειεερίε,
1886 5214 1953 5266 ut

290 5284 678 5347 ex'Herodoto
711 5292 768 5341 et
798 5284 1109 5340 Plutarcho
1137 5284 1447 5338 discimus.

364 5361 479 5445 (28)
509 5360 601 5442 Ἰξῷ
632 5360 885 5445 Περσων...
906 5357 993 5412 Ita
1014 5360 1160 5445 “tres,
1174 5355 1378 5445 Regg.,
1430 5355 1546 5409 duo
1579 5351 1740 5409 Colb.
1769 5356 1826 5408 et
1854 5352 1949 5409 Or.

293 5434 344 5487 1.
376 5430 554 5486 Panci
586 5447 720 5486 cum
740 5430 944 5501 editis,
975 5430 1082 5480 τῶν
1096 5430 1355 5501 ᾙερσῶν.

370 5503 488 5575 (79)
511 5500 677 5579 ρῧνω
722 5494 1038 5579 δύσμαχον.
1093 5499 1180 5554 Ita
1197 5494 1393 5579 ’.βᾶθι
1421 5511 1519 5579 “ac
1564 5494 1954 5579 plerique'co-

290 5565 481 5633 dices:
511 5574 638 5629 Par.
672 5565 1153 5656 ama-turpavit.
1203 5565 1707 5656 Nonnulli,‘o‘iifcee
1732 5565 1955 5656 -ὲπίμζα-

287 5667 419 5724 χον,
454 5662 603 5718 quos
635 5646 905 5727 sequitur
936 5638 1139 5699 Comb.
1174 5642 1276 5713 qui
1310 5642 1392 5697 sic
1436 5639 1629 5694 reddit
1670 5638 1826 5721 hunc
1856 5638 1956 5697 ‘10-

288 5736 429 5778 cum
451 5736 464 5773 :
489 5717 679 5773 «Nihil
712 5734 875 5789 seque
897 5716 970 5772 ad
994 5730 1262 5789 pugnam,
1278 5716 1645 5789 segne-atque
1668 5727 1956 5789 _r1x_osum,

286 5811 355 5852 ac
387 5796 612 5856 venter,
644 5781 932 5861 suamque
947 5781 1064 5861 prae
1081 5781 1374 5844 inanibus
1383 5782 1635 5843 salutem
1667 5781 1898 5845 habere.
1926 5806 1956 5836 »

2033 3252 2187 3320 (nam
2218 3251 2464 3307 Persicae
2494 3252 2734 3319 regionis
2779 3256 2891 3309 tam
2919 3256 3132 3324 peritus
3160 3272 3287 3310 sum
3319 3273 3484 3328 quam
3514 3258 3697 3328 quivis

2034 3340 2230 3409 alius),
2256 3341 2314 3395 in
2346 3340 2584 3397 hostium
2614 3346 2821 3397 terram
2852 3345 3267 3415 impressionem
3294 3348 3485 3418 facies,
3514 3348 3703 3403 rebus-

2037 3447 2141 3503 que
2168 3446 2237 3484 ατ
2266 3433 2445 3486 animi
2472 3433 2740 3487 sententia
2769 3435 3036 3504 confectis
3062 3434 3131 3489 ad
3169 3434 3403 3492 reditum
3432 3440 3483 3492 te
3512 3439 3702 3492 accin-

2037 3536 2145 3592 ges.
2174 3520 2252 3574 Me
2281 3526 2473 3576 autem
2504 3529 2632 3576 tunc
2661 3521 2881 3578 demum
2919 3522 3186 3592 beneﬁcio
3220 3525 3459 3595 efﬁcies,
3490 3541 3617 3581 cum
3648 3539 3709 3579 re

2038 3611 2165 3681 ipsa
2196 3609 2588 3668 benevolentiae
2615 3627 2751 3684 erga
2782 3620 2831 3668 te
2858 3627 2999 3669 meae
3035 3614 3369 3685 consiliique
3400 3616 3515 3671 mei
3541 3615 3709 3672 docu-

2039 3702 2284 3753 mentum
2315 3700 2539 3769 ceperis.

2112 3787 2229 3842 ΧΙΙ.
2264 3788 2381 3843 Hac
2412 3787 2673 3844 oratione
2705 3805 2861 3857 cum,
2894 3789 2953 3844 id
2994 3792 3151 3862 quod
3182 3792 3565 3863 proponebat,
3597 3792 3674 3848 Ju

2043 3876 2202 3933 liano
2234 3876 2650 3950 persuasisset,
2673 3878 2914 3936 credula
2946 3880 3102 3935 enim
3139 3884 3227 3936 est
3252 3880 3479 3952 levitas,
3512 3881 3713 3953 praeci-

2045 3983 2276 4039 pueque
2329 3966 2507 4023 etiam
2544 3970 2656 4023 Deo
2718 3968 2969 4040 impium
3028 3970 3392 4042 exagitante,
3428 3971 3711 4027 omnibus

2046 4056 2225 4113 simul
2278 4056 2669 4113 incommodis
2725 4058 2913 4130 premi
2963 4062 3139 4131 coepit
3185 4060 3491 4117 exercitus.
3526 4060 3716 4116 Naves

2048 4146 2170 4219 igni
2202 4146 2666 4219 conﬂagrabant,
2707 4148 3072 4207 frumentum
3106 4149 3338 4206 nullum
3371 4155 3515 4218 erat,
3550 4167 3616 4205 ac
3646 4149 3721 4205 ri-

2050 4252 2154 4292 sus
2211 4235 2456 4309 insuper
2512 4236 2855 4306 accedebat;
2898 4236 3052 4295 idem
3112 4238 3269 4295 enim
3328 4239 3510 4295 ferme
3569 4244 3715 4307 erat,

2052 4326 2201 4383 155
2237 4343 2303 4382 ac
2334 4325 2383 4381 si
2430 4342 2643 4382 manus
2693 4326 2804 4385 sibi
2853 4327 2967 4400 ipsi
3019 4345 3340 4401 necemque
3396 4327 3714 4397 attulisset,

2054 4432 2188 4487 spes
2213 4431 2417 4470 omnes
2439 4416 2719 4481 evanida},
2739 4417 2971 4490 duxque
2995 4417 3222 4474 itineris
3245 4434 3381 4475 cum
3406 4418 3718 4491 promissis

2054 4504 2178 4560 suis
2210 4504 2595 4559 abscesserat.
2625 4504 2687 4558 In
2719 4506 2921 4561 orbem
2950 4522 3120 4578 porro
3152 4507 3350 4564 hostes
3392 4507 3717 4576 instabant,

2056 4592 2272 4648 bellum
2308 4591 2753 4647 circumﬂuebat
2782 4609 2794 4649 :
2829 4611 3177 4666 progressus
3220 4613 3337 4652 non
3387 4596 3598 4665 facilis,
3630 4597 3717 4652 vi-

2056 4686 2184 4737 ctus
2215 4697 2365 4753 aegre
2407 4679 2685 4752 parabilis
2715 4698 2728 4737 :
2762 4680 3081 4753 languebat
3128 4685 3436 4752 exercitus,
3472 4684 3715 4741 animis-

2056 4788 2167 4842 que
2189 4768 2615 4838 conciderat,in
2638 4769 3052 4843 imperatorem
3076 4787 3359 4830 accensus
3380 4777 3504 4831 erat
3528 4790 3540 4829 :
3567 4772 3719 4830 nihil

2062 5066 2278 5122 Eodem
2308 5080 2490 5138 sensu
2522 5064 2763 5138 exponit
2792 5061 3076 5138 δύσμαχον
3112 5066 3363 5122 Budmus
3406 5067 3467 5123 in
3500 5065 3720 5123 Plutar.

2061 5140 2261 5218 Symp.
2303 5135 2491 5218 Voluit
2530 5135 2787 5218 profecto
2843 5135 3130 5218 impostor
3171 5140 3417 5218 suadere
3461 5138 3722 5218 Juliano,

2061 5208 2316 5281 militare
2348 5208 2525 5262 robur
2557 5209 2770 5281 frangi,
2803 5225 2869 5264 ac
2893 5208 3153 5281 rixosum
3178 5210 3322 5276 ﬁeri,
3348 5227 3483 5265 cum
3506 5208 3726 5266 diffluit

2062 5280 2289 5354 deliciis
2315 5294 2327 5333 :
2353 5284 2409 5354 et
2431 5280 2830 5354 praefidentem
2855 5288 3028 5354 atque
3047 5280 3349 5354 incautum
3372 5284 3721 5354 plerumque

2063 5351 2427 5419 labefactari,
2459 5352 2686 5419 cumin
2718 5350 2994 5407 manibus
3024 5350 3184 5407 salus
3214 5370 3345 5409 esse
3369 5350 3618 5409 videtur.

2158 5425 2249 5495 80)
2278 5417 2466 5496 ’ῌνίκα
2498 5421 2557 5474 ἂν
2592 5417 2758 5496 ἔργῳ.
2810 5424 2904 5478 Sic
2951 5439 3098 5479 mss.
3149 5429 3206 5480 et
3254 5426 3417 5482 editi.
3468 5430 3719 5481 Montac.

2064 5503 2118 5552 et
2143 5490 2276 5550 Par.
2311 5491 2362 5546 ἐν
2394 5490 2558 5565 ἔργῳ,

2156 5567 2246 5636 81)
2285 5569 2398 5617 Τῶν
2424 5561 2695 5618 ’ἑλπίδωψ
2719 5569 2884 5619 Pass.
2916 5561 3296 5622 ἐλπισθέντων.

2135 5568 2588 5709 (82)έο7ὁδηγός.
2642 5641 2722 5691 Ita
2760 5640 2924 5691 Pass.
2984 5643 3040 5691 et
3098 5637 3195 5692 alii
3235 5639 3293 5709 pl

2158 5632 2249 5707 82)
2274 5636 2335 5711 f0
2355 5632 2588 5711 etwa,
2642 5641 2722 5691 Ita
2760 5640 2924 5691 Pass.
2984 5643 3040 5691 et
3098 5637 3195 5692 alii
3235 5639 3500 5710 plerique
3549 5637 3719 5695 codd.

2066 5708 2239 5764 Deest
2268 5708 2317 5776 ὁ,
2352 5708 2410 5763 in
2442 5708 2633 5763 editis.

2138 5782 2251 5854 (83)
2282 5779 2473 5851 Εἶχον.
2508 5780 2710 5836 Comb.
2744 5778 2883 5852 εἶχε.
