4028 6400
298 380 413 445 681

1300 370 1591 437 ORATIO
1638 376 1713 435 V.
1747 409 1821 419 —
1854 367 2166 434 CONTRA
2216 374 2615 440 JULIANUM
2662 374 2736 439 ll.

3601 377 3719 440 682

298 514 350 570 ἐν
408 516 570 569 τοῦτο
627 511 727 579 τὴν
782 508 920 564 κατὰ
967 510 1073 562 τῶν
1127 506 1320 562 ἑαυτοῦ
1370 505 1700 583 σπλάγχνων
1732 505 1955 581 πληγήν

2099 506 2271 563 halel
2284 508 2384 565 56
2399 514 2553 566 certe
2571 510 2813 582 orbique
2832 510 3104 567 universo
3122 511 3380 568 salutare
3396 513 3615 569 vulnus
3628 530 3719 569 ac-

298 602 590 681 ἠγνόησεν.

2068 596 2304 668 cipit,ao
2328 615 2429 670 per
2450 599 2684 655 unicam
2708 599 3409 667 incisionem,multorum
3433 602 3723 658 viscerum

298 694 519 767 quibus
552 689 706 747 male
737 687 1071 746 crediderat
1110 703 1313 759 poenas
1362 684 1625 742 exsolvit.
1659 684 1821 748 Quod
1853 688 1908 739 et
1937 683 2133 756 ipsum
2183 686 2384 752 miror,
2418 705 2532 758 quo
2582 688 2756 743 modo
2784 687 2960 744 homo
2989 705 3199 755 vanus,
3232 689 3329 761 qui
3363 690 3561 745 omnia
3588 690 3724 746 hinc

300 801 362 840 se
393 781 545 838 scire
576 778 972 840 existimabat,
1008 777 1113 832 hoc
1146 793 1330 831 unum
1360 775 1671 848 ignoravit,
1706 774 1989 829 nimirum
2020 772 2236 829 vulnus
2268 776 2589 832 visceribus
2624 777 2748 833 suis
2780 776 3188 850 inﬂigendum.

374 873 469 927 IA’.
519 870 703 941 ’Ἄξιον
772 863 829 921 δὲ
882 862 1026 938 μηδέ
1073 868 1235 919 τοῦτο
1286 860 1660 943 παραδραμεῖν
1709 866 1807 917 τοῦ
1870 862 1960 915 ἆν-

306 959 454 1038 δρὸς,
518 957 772 1034 μεγίστήν
832 962 931 1024 τῆς
976 953 1182 1009 ἐκείνου
1228 950 1652 1025 κακοδαιμονίας
1697 952 1815 1038 ,(94)
1876 949 1963 1004 ἐπὶ

306 1036 542 1110 πολλοῖς
571 1043 699 1122 ἕχον
732 1043 1027 1116 ἀπόδειξιν.
1061 1044 1275 1098 Ἔκειτο
1312 1042 1402 1115 μὲν
1439 1040 1527 1096 ἐπὶ
1557 1045 1624 1116 τῇ
1676 1036 1817 1116 ὄχθῃ
1866 1042 1963 1094 τοῦ

316 1141 588 1210 ποταμοῦ,
618 1136 709 1191 καὶ
753 1137 1014 1211 πονηρῶς
1047 1134 1164 1208 εἶχε
1190 1136 1288 1187 τοῦ
1338 1129 1647 1207 τραύματος
1674 1149 1684 1161 ·
1718 1126 1963 1190 πολλοὺς

308 1227 366 1284 δὲ
423 1227 580 1288 είῦὼς
635 1229 743 1279 τῶν
802 1223 910 1298 πρὸ
964 1222 1128 1277 αὐτοῦ
1185 1220 1347 1294 δόξης
1400 1222 1745 1293 ἠξιωμένων,
1776 1220 1850 1280 ὡς
1908 1218 1966 1272 ἂν

307 1318 441 1392 ύπὶρ
491 1316 771 1391 ἄνθρωπον
821 1314 1144 1385 νομισθεῖεν,
1211 1312 1435 1386 τέχναις
1492 1309 1632 1364 τισὶν
1681 1308 1730 1380 ἐξ
1760 1308 1965 1383 ἀνθρώ-

308 1426 425 1460 πων
484 1404 885 1482 ἀιρανισθέντας,
932 1402 1023 1455 καὶ
1074 1398 1164 1455 διὰ
1209 1404 1369 1454 τοῦτο
1418 1398 1572 1460 θεοὺς
1616 1397 1967 1471 νομισθέντας

311 1492 472 1571 ἔρωτι
502 1499 601 1563 τῆς
628 1491 794 1561 αὐτῆς
825 1488 987 1561 δόξης
1018 1488 1304 1557 ἑαλωκώς,
1353 1487 1443 1543 καὶ
1492 1489 1605 1560 ἅμα
1653 1490 1731 1558 τῷ
1777 1483 1967 1560 τρόπῳ

307 1590 409 1652 τῆς
464 1582 725 1650 τελευτῆς
770 1577 859 1634 διὰ
913 1579 976 1633 τὸ
1021 1585 1121 1647 τῆς
1167 1572 1432 1637 ἀϐουλίας
1485 1572 1672 1646 ἄδοξον
1708 1572 1966 1650 αἰσχυνό-

318 1692 498 1746 μενος,
568 1669 619 1725 τί
679 1674 1016 1743 μηχανᾶται,
1069 1667 1159 1721 καὶ
1205 1666 1257 1721 τί
1303 1670 1486 1736 ποιεῖ;
1548 1661 1673 1719 οὐδὲ
1730 1663 1833 1738 γὰρ
1890 1666 1969 1735 τῷ

320 1762 422 1838 βίῳ
481 1758 921 1815 συναναλίσκεται
978 1756 1255 1833 πονηρία’
1319 1755 1471 1832 ῥίψαι
1528 1754 1664 1809 κατὰ
1716 1756 1813 1808 τοῦ
1870 1772 1969 1806 πο-

309 1854 491 1924 ταμοῦ
551 1854 804 1926 πειρᾶται
855 1847 919 1903 τὸ
977 1851 1157 1919 σῶμα,
1214 1848 1305 1901 καὶ
1361 1844 1501 1922 πρὸς
1551 1847 1713 1899 τοῦτο
1763 1840 1969 1919 ἐχρῆτό

2144 864 2284 931 XIV,
2316 866 2425 921 Sed
2458 884 2530 921 ne
2551 867 2661 923 hoc
2685 867 2926 939 quidem
2947 867 3418 939 praetereundum
3452 869 3724 939 est,quod

2076 958 2287 1024 praeter
2306 954 2422 1011 alia
2443 956 2978 1025 multa,maximum
3005 958 3240 1030 perditae
3262 956 3425 1013 illius
3455 957 3724 1013 amentiae

2073 1046 2486 1113 argumentum
2518 1043 2794 1100 habet.In
2827 1044 3090 1100 ﬂuminis
3122 1044 3250 1116 ripa
3275 1043 3727 1115 jacebat,gravi-

2075 1135 2164 1185 ter
2216 1146 2285 1186 ex
2334 1132 2573 1189 vulnere
2610 1137 2900 1206 aegrotans
2934 1151 2945 1189 :
2980 1151 3113 1189 cum
3153 1138 3349 1189 autem
3401 1132 3729 1205 permultos

2075 1233 2299 1287 eorum,
2334 1220 2433 1291 qui
2471 1226 2603 1276 ante
2635 1222 2825 1294 ipsius
2867 1225 3097 1277 aetatem
3150 1221 3398 1293 gloriam
3430 1222 3729 1277 consecuti

2078 1307 2330 1374 fuerant,
2364 1314 2429 1365 ut
2458 1310 2720 1366 humana
2752 1311 3088 1366 conditione
3137 1312 3386 1382 majores
3416 1326 3732 1366 censeren-

2076 1398 2426 1464 tur,artibus
2440 1400 2796 1471 quibusdam
2814 1417 2883 1455 ex
2905 1399 3215 1455 hominum
3241 1400 3426 1456 oculis
3448 1416 3576 1455 sese
3597 1400 3733 1456 sub-

2078 1486 2625 1560 duxissse,eamque
2643 1489 2714 1545 ob
2738 1506 2975 1545 causam
3001 1506 3103 1561 pro
3138 1489 3253 1544 diis
3284 1489 3516 1545 habitos
3549 1489 3736 1545 fuisse

2080 1576 2272 1643 sciret,
2305 1576 2573 1647 ejusdem
2604 1577 2799 1649 gloriae
2832 1577 3153 1650 cupiditate
3184 1583 3413 1649 captus,
3434 1577 3736 1649 simulque

2079 1665 2287 1721 mortis
2317 1683 2437 1722 suae
2472 1667 2706 1722 modum
2756 1671 2995 1740 propter
3043 1666 3394 1723 temeritatis
3426 1667 3734 1722 infamiam

2079 1754 2452 1822 erubescens,
2487 1755 2627 1827 quid
2652 1754 2935 1812 molitur?
2963 1756 3105 1828 quid
3144 1755 3330 1810 facit?
3364 1771 3551 1827 neque
3580 1756 3737 1811 enim

2083 1842 2262 1898 simul
2285 1860 2419 1899 cum
2440 1844 2558 1900 vita
2580 1844 2927 1917 improbitas
2942 1844 3424 1917 exstinguiturzin
3444 1844 3738 1916 proﬂuen-

312 1961 423 1994 τισι
484 1942 589 1993 τῶν
649 1941 853 1993 πιστῶν
907 1936 1097 1991 ἑαυτοῦ
1146 1939 1427 2010 συνεργοῖς
1488 1932 1578 1989 καὶ
1613 1932 1837 2005 μύσταις
1865 1934 1973 1986 τῶν

2099 1947 2199 1987 ιθω
2231 1948 2442 2004 corpus
2465 1949 2640 1988 suum
2667 1933 2950 2005 projicere
2972 1934 3314 2003 conatur,ad
3343 1949 3591 2005 eamque
3614 1949 3735 1989 rem

318 2026 665 2103 ἀπορῥήτων.
716 2025 814 2079 Καὶ
864 2025 909 2079 εἰ
963 2025 1038 2097 μὴ
1070 2028 1177 2079 τῶν
1225 2020 1523 2098 βασιλικῶν
1558 2020 1835 2095 εὖνουχων
1866 2040 1969 2089 τις,

314 2118 379 2171 τὸ
438 2120 661 2191 πρᾶγμα
709 2113 1054 2187 αἰσθόμενος,
1113 2111 1203 2166 καὶ
1260 2116 1379 2172 τοῖς
1440 2109 1635 2172 ἄλλοις
1666 2107 1977 2181 καταμηνύ-

319 2227 436 2275 σας,
496 2204 639 2277 μίσει
695 2206 793 2257 τοῦ
848 2202 1307 2277 κακουργήματος
1362 2200 1463 2267 τήν
1539 2199 1711 2274 ὁρφὴν
1790 2195 1979 2252 διεκώ-

320 2295 469 2365 λυσε,
532 2293 627 2346 κᾶν
715 2290 885 2369 ἐφάνη
962 2311 1041 2351 τις
1116 2288 1285 2349 ἄλλος
1362 2293 1479 2349 τοῖς
1553 2288 1805 2357 ἀνοήτοις
1860 2286 1978 2347 θεὸς

316 2382 435 2444 νὲος
497 2382 547 2451 ἐξ
597 2381 974 2454 ἀτυχήματοςο
1026 2375 1184 2431 Ἀλλ’
1233 2375 1436 2437 ἐκεῖνος
1487 2374 1629 2430 οὕτω
1676 2375 1769 2448 μὲν
1827 2376 1979 2450 βασι-

321 2472 542 2538 λεύσας,
594 2469 738 2524 οὕτω
780 2466 838 2523 δὲ
869 2467 1270 2542 στρατηγήσας,
1304 2464 1447 2520 οὕτω
1479 2464 1570 2520 καὶ
1599 2463 1856 2520 καταλύει
1886 2464 1976 2519 τὸν

326 2561 443 2638 βίον
476 2562 607 2634 (95).

400 2738 501 2795 IE'.
562 2733 953 2809 Διαδεξάμενος
1012 2730 1072 2788 δὶ
1127 2734 1225 2802 τὴν
1311 2729 1590 2808 βασιλείαν
1661 2729 1813 2792 εὐθὺς

332 2829 447 2901 μετ’
489 2827 716 2895 ἐκεῖνον,
748 2825 776 2880 ὁ
840 2824 955 2897 μετ’
1004 2822 1207 2878 ἐκεῖνον
1254 2820 1576 2897 ἂναρῥηθεὶς
1615 2820 1667 2875 ἐν
1714 2819 1862 2891 αύτῷ
1903 2823 1983 2891 τῷ

330 2913 677 2990 στρατοπέδῳ
716 2915 852 2987 (97),
907 2910 1000 2966 καὶ
1047 2914 1116 2984 τῇ
1146 2914 1252 2966 τῶν
1301 2905 1565 2965 κινδύνων
1620 2908 1770 2982 ἀκμῇ
1820 2909 1983 2984 ἀναγ-

331 3003 498 3064 καίως
558 3001 887 3074 ἐπιζητούσῃ
942 3000 1035 3055 τὸν
1094 2998 1467 3074 ἡγησόμενον,
1522 2998 1657 3071 ἀνὴρ
1718 2997 1983 3075 ἐπιφανὴς

329 3092 396 3147 τά
426 3113 485 3146 τε
512 3088 655 3145 ἄλλα
698 3090 788 3145 καὶ
841 3091 941 3159 τήν
1002 3084 1288 3161 εὐσέϐειαν,
1348 3087 1523 3143 καὶτὸ
1570 3085 1731 3155 εἶδος,
1762 3085 1984 3157 ἀληθῶς

329 3177 645 3255 τυραννίδος
702 3177 846 3249 ἄξιος
910 3180 1044 3251 (98),
1096 3176 1155 3231 τὸ
1209 3176 1303 3250 μὲν
1357 3177 1433 3239 εἰς
1464 3181 1656 3253 χεῖρας
1691 3175 1822 3230 ἰέναι
1857 3174 1989 3250 Πέρ-

331 3289 470 3334 σαις,
526 3270 561 3337 ἢ
622 3268 870 3344 προϊέναι
938 3264 1194 3340 οὐδαμῶς
1272 3265 1384 3327 οἶός
1441 3287 1498 3320 τε
1548 3268 1638 3339 ἦν,
1698 3265 1874 3320 καίτοι
1925 3286 2061 3375 γεα

340 3358 353 3375 9
402 3355 426 3375 δ
502 3356 513 3375 1
706 3356 720 3375 \
898 3367 917 3375 Α
1014 3356 1024 3375 Ι
1179 3353 1253 3375 ὀὒκ
1346 3353 1430 3375 ’ἿΧ
1480 3352 1491 3375 Γ
1752 3360 1777 3369 ὐ
1906 3374 1911 3375 ,

330 3355 579 3431 ἀνδρείας
632 3356 722 3411 καὶ
782 3356 1087 3432 προθυμίας
1138 3353 1290 3411 οὐδὲν
1342 3352 1635 3425 ἐλλείπων,
1684 3360 1781 3410 τοῦ
1828 3374 1986 3429 στρα-

330 3452 426 3501 τοῦ
485 3447 807 3522 παρεικότος
866 3448 977 3518 (99)
1028 3445 1123 3507 τὰς
1179 3451 1368 3522 χεῖρας
1425 3445 1513 3499 καὶ
1588 3446 1683 3506 τὰς
1742 3444 1990 3515 ἐλπίδας,

333 3536 509 3607 ἐζήτει
570 3534 627 3591 δὲ
682 3537 782 3604 τὴν
840 3535 1152 3608 ἀνάζευξιν·
1212 3536 1302 3589 καὶ
1371 3535 1521 3597 ὅπως
1596 3536 1656 3589 ἂν
1730 3535 1988 3613 ἀσφαλῶς

329 3625 493 3701 τύχοι
529 3628 603 3698 (1)
634 3623 830 3691 ταύτης
863 3622 1100 3695 ἐσκόπει,
1147 3621 1328 3698 ὥσπερ
1387 3623 1452 3677 οὐ
1507 3622 1805 3698 βασιλείας,
1862 3622 1990 3678 ἀλλ’

334 3715 505 3785 ἥττης
534 3713 771 3790 γεγονὼς
820 3712 1196 3786 κληρονόμος.
1248 3711 1311 3766 Εἰ
1372 3712 1465 3784 μὲν
1499 3712 1588 3766 οὗν
1647 3713 1721 3784 μὴ
1781 3714 1989 3789 Πάρσαι

332 3808 401 3877 τῇ
464 3804 583 3877 νίκῃ
643 3800 1018 3877 μετριάζοντες
1065 3801 1175 3874 (καὶ
1226 3800 1326 3877 γὰρ
1385 3800 1555 3873 νόμος
1589 3801 1746 3863 οὗτος
1805 3800 1988 3866 αὖτοῖς

330 3889 528 3947 εἰδέναι
583 3896 794 3967 μετρεῖν
847 3889 1140 3966 εὐπραγίαν
1200 3892 1322 3963 [2]),
1381 3889 1414 3959 ἢ
1463 3911 1515 3943 τι
1550 3888 1816 3953 δείσαντες
1848 3890 1988 3947 ἄλλο

325 3986 439 4037 τῶν
497 3978 831 4055 λεγομενων,
896 3979 970 4040 εἴς
1020 3974 1318 4051 συμϐάσεις
1370 3977 1683 4054 ἐτράποντο,
1744 3981 1832 4034 καὶ
1862 3979 1989 4034 ταύ-

326 4092 422 4125 τας
473 4066 776 4139 ἀδοκήτους
825 4066 968 4122 οὕτω
1025 4067 1114 4122 καὶ
1184 4066 1627 4144 φιλανθρώπους,
1669 4066 1821 4123 οὐδὲν
1852 4068 1987 4123 ἐκώ-

329 4159 429 4215 λυε
490 4156 631 4233 μηδὲ
688 4157 966 4235 πυρφόρον
1030 4158 1130 4231 (3),
1191 4156 1221 4211 ὅ
1271 4154 1337 4228 δή
1389 4178 1566 4235 φασιν,
1601 4157 1990 4237 ὑπολειφθῆναι

324 4248 409 4321 τῷ
456 4248 706 4324 πρατῷο
764 4250 1025 4301 τοσοῦτον
1074 4246 1225 4323 εἶχον
1285 4246 1481 4309 αὐτοὺς
1540 4248 1592 4303 οἱ
1643 4247 1841 4324 Πέρσαι
1901 4246 1991 4303 διὰ

326 4338 538 4414 χειρὸς,
597 4336 648 4390 ἐν
709 4339 782 4412 γῇ
842 4357 901 4391 τε
959 4333 1070 4408 ἰδίᾳ
1131 4332 1475 4413 μαχόμενοι,
1527 4338 1617 4392 καὶ
1672 4358 1989 4415 προσεπηρ-

338 4424 491 4497 μὲνοι
565 4429 682 4486 τοῖς
740 4423 1060 4501 γεγονόσιν⁸
1128 4425 1307 4480 ἱκανὸν
1367 4424 1471 4502 γὰρ
1524 4425 1586 4480 τό
1643 4447 1695 4481 τι
1743 4427 1986 4503 προσλα-

334 4507 449 4566 ϐεῖν
507 4515 582 4587 (4)
640 4512 955 4590 εὐημερίας,
1010 4512 1100 4569 καὶ
1159 4514 1295 4588 πρὸς
1322 4516 1423 4583 τὴν
1455 4512 1654 4570 ἐλπίδα
1706 4520 1805 4571 τοῦ
1858 4516 1991 4588 μιλ-

405 4639 522 4709 (94)
545 4636 1007 4713 Κακοδαιμονίας.
1041 4640 1301 4696 Combef.
1335 4663 1356 4713 σι
1388 4640 1627 4713 fanatici
1673 4642 1835 4701 illius
1866 4645 1997 4701 ani-

332 4713 450 4784 mi.
473 4734 499 4762 ››
534 4712 728 4784 Malim
758 4711 842 4784 Δτέ(
880 4711 1231 4784 malogenio
1262 4712 1491 4783 agitati.
1527 4733 1557 4762 »

410 4782 522 4859 (95)
555 4780 822 4859 Καταλύει
868 4783 958 4859 τὸν
997 4780 1136 4857 βίον.
1194 4780 1565 4859 Ammianus,
1626 4783 1751 4859 liba
1776 4803 1907 4858 xxv,
1941 4804 1997 4859 p.

331 4856 462 4921 291,
515 4856 721 4931 «__v_ita_
758 4860 849 4931 est
899 4856 1207 4931 abeolutus
1258 4856 1688 4931 medio_noctis
1738 4856 1999 4931 horrore,

335 4932 498 4983 sexto
530 4927 657 4997 Kal.
684 4927 835 4997 ,Jul.,
868 4944 1022 4983 anno
1055 4928 1242 4983 aetatis
1268 4930 1339 4983 32
1369 4928 1663 4984 inchoato.
1696 4946 1722 4978 η

411 4999 519 5072 (96)
553 4996 751 5072 Σύβύς,
782 4996 892 5072 etc.
927 5000 1070 5072 Reg.
1102 5000 1160 5066 b,
1190 5000 1250 5053 in
1303 5004 1483 5070 textu,
1517 5000 1614 5056 alii
1648 4999 1912 5072 plerique
1941 5001 2001 5057 in

336 5062 599 5141 margine
628 5062 914 5137 Ἰοϐιανός,
954 5094 981 5123 α

458 5072 599 5141 εἰπε
628 5072 914 5137 Ἰοόιανός,
954 5094 981 5123 ‹‹
1024 5072 1323 5127 Jovianus.
1355 5093 1384 5122 »
1441 5072 1605 5129 Pass.
1659 5077 1716 5128 et
1746 5072 1907 5128 Colb.
1941 5075 2001 5141 k,

458 5142 817 5197 termittunt.
854 5143 969 5197 μετ’
1001 5141 1229 5197 ἐκεῖνον.

335 5158 817 5214 praetermittunt,

406 5142 817 5206 aetermittunt,
897 5143 969 5195 ετ’
1001 5141 1229 5198 ἐκεῖνον.

404 5214 521 5285 (97)
556 5162 940 5287 Στρατοπέδλῳ.
987 5215 1114 5272 Duo
1163 5216 1343 5341 119.3%.
1403 5214 1646 5269 addunt.
1702 5211 2004 5288 πλανωμέ-

404 5305 435 5340 ι.
472 5285 650 5342 Rege.
689 5303 748 5342 u.
800 5304 854 5342 v.
888 5288 1048 5342 Golb.
1094 5288 1153 5342 k.
1214 5286 1289 5341 ha
1335 5290 1434 5340 ent
1489 5290 1719 5341 tantum
1781 5285 2003 5341 πλανω-

336 5303 435 5354 νῳ.
473 5301 650 5357 uegg.
689 5303 748 5354 u,
800 5304 854 5357 y,
888 5301 1048 5342 U010.
1094 5301 1153 5352 Κ,
1214 5301 1434 5341 habent
1489 5301 1719 5341 tantum
1781 5301 2003 5341 πλανω-

344 5356 514 5433 μὲνῳ,
549 5363 608 5412 ct
639 5357 694 5433 in
730 5360 1091 5433 marg._R_eg.
1128 5376 1186 5433 u_,
1220 5377 1309 5430 γρ.
1341 5356 1421 5433 ιιῇῴ
1454 5356 1736 5433 πολέμῳ..
1764 5360 2001 5433 ΙηιΒθε.

388 5444 445 5510 ιζ,
475 5446 563 5501 γρ.
595 5426 698 5510 καὶ.
725 5432 832 5510 ’τῶ
864 5426 1096 5503 Tuum}.
1151 5426 1314 5487 Pass.
1365 5426 1418 5483 ἐν
1467 5426 1614 5500 αύτῷ
1661 5426 1744 5501 τῷ
1790 5426 2003 5505 πλανῷ,

348 5498 551 5570 ωἱεεό,
583 5499 698 5570 μετ’
720 5498 941 5559 ἐκεῖνον.

414 5570 529 5652 (9β)
559 5569 764 5642 Ἀξιος.
787 5573 914 5631 Duo
946 5574 1124 5647 Regg.
1158 5577 1217 5630 et
1244 5573 1409 5629 Pass.
1440 5569 1608 5641 ἄξιον.
1651 5573 1843 5630 Verba
1865 5579 2007 5632 sunt

344 5640 663 5701 Euripidis.

512 5660 925 5792 Ξιῖἰῖιέκικάτος.
941 5715 1151 5779 801101.
1174 5712 1533 5792 παρειμένου.

624 5843 895 5909 Paeon.
928 5846 1041 5909 Gn.
1086 5843 1327 5912 XXXV.

2084 2020 2679 2094 nonnullorum,quos
2693 2022 2945 2079 maxime
2960 2023 3108 2079 ﬁdos
3120 2039 3402 2078 arcanoru
3413 2039 3584 2095 mque
3600 2040 3736 2079 con-

2085 2112 2239 2168 scios
2270 2113 2574 2181 habuerat,
2602 2130 2778 2185 opera
2800 2114 3261 2179 utebatur.Quod
3295 2114 3409 2168 nisi
3442 2113 3736 2185 quispiam

2087 2218 2156 2257 ex
2178 2201 2384 2257 aulicis
2406 2202 2830 2275 eunuchis,hac
2860 2218 2918 2257 re
2950 2204 3205 2275 cognita,
3231 2202 3585 2273 scelerisque
3608 2202 3741 2258 odio

2088 2294 2146 2345 et
2176 2290 2560 2346 detestatione
2586 2289 2719 2347 aliis
2747 2291 3197 2363 patefacta,huic
3229 2293 3460 2347 conatui
3486 2291 3746 2347 obstitis-

2091 2384 2197 2443 set,
2234 2396 2419 2437 novus
2454 2381 2659 2451 utique
2690 2381 2841 2436 alius
2872 2397 2940 2436 ex
2970 2380 3304 2436 calamitate
3335 2381 3482 2436 deus
3514 2379 3747 2436 stolidis

2090 2469 2432 2525 hominibus
2455 2469 2990 2541 exstitisset.Atque
3021 2469 3119 2526 ille
3148 2470 3552 2541 quidem,cum
3586 2469 3669 2525 sic
3690 2472 3749 2525 et

2092 2558 2406 2630 imperium
2437 2558 2716 2630 gessisset
2762 2563 2819 2615 et
2861 2558 3081 2614 bellum
3132 2558 3628 2627 administrasset,
3662 2557 3747 2614 sic

2095 2663 2323 2719 quoque
2352 2664 2383 2702 e
2412 2647 2531 2703 vita
2560 2647 2829 2703 discedit.

2165 2737 2282 2792 XV.
2314 2737 2525 2792 Statim
2550 2740 2745 2792 autem
2777 2741 2910 2809 post
2940 2737 3125 2810 ipsius
3149 2741 3396 2793 mortem
3428 2736 3745 2808 imperium

2095 2826 2411 2898 excipiens,
2445 2825 2544 2895 qui
2579 2832 2711 2897 post
2738 2825 2909 2882 illum
2941 2827 2999 2881 in
3032 2826 3177 2898 ipsis
3209 2826 3440 2892 castris,
3476 2831 3653 2898 atque
3686 2826 3745 2882 in

2094 2916 2225 2988 ipsa
2256 2913 2645 2986 periculorum
2681 2914 3156 2986 ﬂamma,ducem
3191 2915 3520 2971 necessario
3549 2915 3749 2987 requi-

2096 3008 2279 3073 rente,
2331 3005 2707 3060 renuntiatus
2758 3005 2968 3072 fuerat,
3020 3006 3125 3072 vir,
3158 3009 3223 3059 ut
3252 3003 3385 3060 aliis
3444 3005 3642 3077 rebus,
3670 3005 3752 3061 ita

2097 3094 2311 3167 pietate
2343 3093 2537 3149 clarus
2568 3098 2623 3149 et
2653 3092 2925 3167 insignis,
2961 3099 3134 3166 atque
3165 3093 3282 3151 oris
3314 3095 3640 3166 majestate,
3662 3111 3751 3150 re-

2097 3200 2210 3255 gno
2246 3183 2504 3255 profecto
2536 3183 2717 3255 digna
2748 3185 3050 3255 praeditus,
3072 3200 3205 3238 cum
3238 3200 3344 3238 nec
3380 3201 3591 3239 manus
3618 3200 3752 3238 cum

2100 3272 2291 3328 Persis
2324 3288 2649 3340 conserere,
2685 3289 2789 3328 nec
2835 3272 3105 3344 progredi
3139 3272 3259 3327 ullo
3310 3274 3484 3327 modo
3518 3277 3753 3345 posset;

2100 3362 2236 3416 licet
2268 3361 2487 3433 alioqui
2520 3361 2703 3415 animi
2735 3361 3161 3433 magnitudinis
3212 3366 3387 3433 atque
3437 3361 3759 3417 alacritatis

2100 3449 2275 3505 nullae
2301 3454 2498 3521 partes
2529 3450 2824 3519 deessent,
2848 3450 3114 3522 quamvis
3147 3450 3363 3506 milites
3396 3450 3670 3506 manibus
3701 3458 3760 3507 et

2100 3556 2203 3612 spe
2236 3539 2403 3594 fracti
2434 3538 2837 3611 debilitatique
2867 3544 3083 3606 essent,
3132 3544 3324 3595 castra
3376 3556 3626 3607 movere,
3662 3556 3756 3595 co-

2100 3630 2347 3702 piasque
2378 3629 2654 3683 reducere
2686 3630 2990 3701 satagebat
3024 3645 3034 3681 :
3071 3629 3270 3699 idque,
3300 3632 3366 3683 ut
3385 3633 3510 3683 tuto
3535 3628 3644 3683 sibi
3671 3629 3755 3684 fa-

2100 3735 2228 3773 cere
2258 3718 2475 3785 liceret,
2509 3717 2832 3784 laborabat,
2866 3718 3108 3789 perinde
3157 3722 3331 3789 atque
3376 3736 3489 3773 non
3522 3718 3754 3789 imperii

2100 3809 2200 3864 sed
2232 3806 2417 3862 cladis
2447 3805 2631 3862 haeres
2664 3807 3094 3872 eﬂ'ectus.0uod
3130 3806 3240 3861 nisi
3272 3810 3461 3862 Persae
3493 3807 3548 3861 in
3574 3807 3751 3862 victo-

2102 3898 2189 3953 ria
2219 3899 2593 3952 moderatese
2614 3897 3028 3968 gerentes(hoc
3046 3896 3201 3951 enim
3216 3898 3370 3968 apud
3392 3914 3489 3952 eos
3511 3897 3568 3951 in
3594 3915 3753 3953 more

2101 3987 2358 4060 positum
2390 3990 2499 4052 est,
2534 3987 2683 4042 157
2722 3989 2787 4039 ut
2817 3985 2998 4041 animi
3032 3986 3498 4041 moderationem
3531 3986 3589 4041 in
3622 4003 3754 4058 pro-

2101 4074 2859 4148 eperitateadbibeant),aut
2888 4073 3045 4130 aliud
3078 4075 3362 4146 quiddam
3397 4091 3760 4146 eorum,quae

2101 4166 2255 4220 fama
2287 4163 2641 4235 ferebantur,
2686 4167 3038 4233 metuentes,
3071 4166 3143 4221 ad
3204 4165 3469 4221 ineunda
3526 4166 3759 4235 foedera,

2099 4260 2156 4311 et
2184 4254 2423 4327 quidem
2456 4254 2600 4309 adeo
2631 4254 2935 4326 inopinata
2964 4259 3022 4309 et
3054 4255 3336 4323 humana,
3371 4272 3500 4311 sese
3526 4271 3761 4311 conver-

2094 4344 2329 4411 tissent,
2359 4360 2432 4399 ne
2461 4343 2675 4415 ignifer
2721 4343 2981 4415 quidem,
3015 4348 3080 4399 ut
3128 4344 3240 4400 dici
3274 4344 3443 4414 solet,
3477 4343 3763 4400 exercitui

2101 4433 2490 4506 superfuisset
2514 4448 2526 4488 :
2564 4449 2754 4504 usque
2778 4433 2924 4489 adeo
2950 4449 3050 4489 eos
3072 4434 3145 4490 ad
3168 4450 3411 4490 manum
3439 4439 3629 4490 Persae
3660 4433 3762 4488 ba-

2100 4522 2340 4587 bebant,
2372 4524 2501 4575 tum
2533 4519 2592 4575 in
2625 4525 2782 4577 terra
2812 4538 2919 4576 sua
2948 4521 3455 4591 dimicantes,tum
3487 4524 3666 4579 etiam
3690 4522 3765 4578 ob

2183 4644 2256 4735 £12
2286 4642 2479 4735 τέκοι·
2508 4642 3002 4735 annuam.

2113 4713 2259 4856 ξί
2317 4713 2648 4791 Εύπραγίαν.
2706 4716 2868 4773 Pass.
2912 4713 3149 4791 "aliique
3200 4718 3495 4788 ηοηηυυί,
3563 4715 3762 4793 εὐπρα-

2164 4808 2245 4843 αν.

2185 4860 2263 4935 (3)
2296 4856 2616 4935 Hupedpov,
2638 4863 2749 4916 etc.
2790 4879 2816 4911 ιι
2856 4859 3200 4932 Igniferum,
3265 4884 3293 4911 ››
3354 4861 3409 4915 id
3442 4866 3550 4935 est,
3597 4860 3769 4935 juxta

2112 4930 2321 5005 Eliam,
2358 4930 2389 4981 (ί
2420 4930 2914 5005 saberdotem,qui
2945 4951 3176 4990 sacrum
3210 4935 3405 5005 ignem
3440 4934 3509 4988 ad
3544 4933 3765 4987 sacrifi-

2115 5004 2206 5078 cia
2236 5004 2636 5078 consumenda
2672 5004 2810 5078 olim
2841 5004 2900 5060 in
2934 5005 3086 5062 bello
3118 5004 3406 5078 gestabat.
3426 5005 3536 5078 His
3562 5005 3770 5078 ignife-

2114 5075 2195 5131 ris
2225 5076 2664 5150 ngeceminferre
2694 5077 3047 5150 nefaserat,
3100 5075 3275 5150 atque
3324 5077 3469 5149 ipsis
3520 5075 3768 5133 victores

2115 5148 2370 5204 maxime
2402 5148 2896 5220 parcebant,quod
2929 5148 3378 5205 deorum'cultu’i
3414 5156 3470 5204 et
3486 5149 3767 5220 obsequio

2116 5224 2284 5275 erant
2316 5219 2728 5294 consecratin
2761 5224 2954 5294 autem
2977 5222 3037 5294 in
3061 5222 3350 5294 proverbii
3381 5219 3766 5294 consuetudif

2117 5308 2250 5346 nem
2282 5293 2459 5364 venit,
2494 5297 2550 5346 et
2580 5308 2681 5364 per
2710 5291 3086 5363 hyperbolem
3115 5295 3336 5350 dictum
3369 5298 3459 5349 est
3479 5293 3769 5364 deiis,qui

2116 5364 2175 5419 in
2209 5363 2406 5435 praelia
2438 5364 2515 5435 ita
2546 5365 2618 5417 ad
2650 5363 3107 5421 internecionem
3140 5367 3273 5422 caesi
3305 5383 3370 5421 ac
3403 5364 3577 5421 deleti
3609 5370 3768 5432 sunt,

2117 5442 2183 5491 ut
2213 5434 2285 5490 ne
2316 5435 2365 5489 is
2396 5434 2657 5510 quidem,
2692 5435 2829 5510 quid
2860 5438 3015 5510 apud
3048 5455 3147 5495 eos
3196 5437 3540 5510 hujusmodi
3573 5437 3768 5509 ignem

2124 5511 2334 5580 gestat,
2369 5506 2930 5580 cladinsuperfuerit.
2967 5530 2996 5559 »

2182 5580 2269 5664 (4)
2300 5570 2663 5653 Προσλαϐεῖν.
2707 5577 2838 5634 Bill.
2896 5583 2954 5636 et
3010 5580 3185 5638 Sevil.
3249 5605 3276 5631 ‹‹

2119 5573 2663 5704 ξέῦηροσλαϐεῖηῐ.
2707 5577 2838 5634 Bill.
2896 5583 2954 5636 et
3010 5580 3185 5638 Sevil.
3249 5605 3276 5631 ‹‹
3338 5582 3507 5649 forte,
3562 5573 3773 5655 προλα-

2157 5669 2252 5706 ειν.

3765 2697 3815 2745 ’\
