4028 6406
359 391 482 452 689

1359 384 1652 445 ORATIO
1701 384 1771 443 V.
1808 415 1885 427 —
1915 382 2228 445 CONTRA
2277 380 2677 442 JULIANUM
2728 378 2806 440 II.

3676 376 3797 441 690

358 526 461 589 τῆς
490 517 661 587 αὐτῆς
717 513 945 594 φατρίας
1000 535 1058 570 τε
1114 514 1202 569 καὶ
1258 512 1480 584 τάξεως.
1540 516 1633 570 Ἕν
1680 517 1786 567 τῶν
1816 512 2022 567 ἐκείνου

2142 529 2244 569 nec
2274 530 2362 580 ea,
2383 528 2498 583 qua
2526 510 2646 567 illic
2680 510 3170 567 Rhadamanthus
3201 511 3435 579 fruitur,
3450 510 3797 584 gloria|:qua

363 610 657 682 θαυμάζειν
694 603 843 681 ἔχω’
896 602 1139 663 πολλοὺς
1169 605 1267 678 γαρ
1320 608 1427 657 τῶν
1475 603 1620 674 αὖτῷ
1673 605 1917 672 συνήθων
1968 622 2025 656 τε

362 699 454 755 καὶ
486 695 808 772 γνωρίμων,
867 694 926 748 ἐκ
980 696 1086 747 τῶν
1146 694 1281 746 κατὰ
1336 693 1435 759 τὴν
1497 692 1676 746 Ἀσίαν
1729 686 2018 766 διατριϐῶν

369 786 630 862 μάλιστα,
686 782 863 838 ἐκάλει
916 782 1007 854 μὲν
1060 782 1194 835 κατὰ
1252 786 1423 834 πᾶσαν
1485 778 1751 849 σπουδὴν,
1799 781 1870 841 ὡς
1904 776 2026 852 δρά-

367 898 476 931 σων
513 873 806 946 θαυμάσια,
840 871 925 925 οἶα
963 870 1053 924 καὶ
1080 875 1195 931 ταῖς
1249 868 1461 924 ἐλπίσιν
1516 868 1763 940 ἐπτὲρου,
1816 889 2024 941 μεμνη-

374 964 567 1040 μένους
625 967 731 1016 τῶν
802 962 1188 1034 ὑποσχέσεων
1251 959 1365 1014 ἐπεὶ
1424 957 1481 1013 δὲ
1549 963 1790 1031 παρεῖεν,
1864 961 2025 1011 τοῦτο

371 1054 543 1110 ἐκεῖνο
576 1054 687 1124 (51)
720 1051 771 1104 αἱ
802 1053 910 1103 τῶν
943 1051 1138 1125 ψήφων
1181 1048 1406 1121 κλοπαὶ,
1438 1048 1526 1102 καὶ
1556 1052 1663 1102 τῶν
1699 1047 1874 1120 ὀψεων
1909 1050 2023 1120 (52)

368 1142 603 1198 ἀπάται·
656 1138 783 1201 τοὺς
831 1138 924 1211 μὶν
977 1137 1105 1199 τοὺς
1158 1134 1214 1191 δὲ
1260 1138 1352 1192 -ιὸν
1402 1140 1511 1210 (53)
1557 1136 1779 1213 τρόπον,
1810 1134 1937 1197 τοὺς
1968 1134 2023 1189 δὲ

364 1232 453 1285 τὸν
499 1228 795 1297 διαπαίζων
825 1247 838 1258 ·
886 1224 999 1281 ἔστι
1031 1224 1089 1280 δὲ
1120 1226 1213 1288 οὕς
1246 1226 1335 1280 καὶ
1376 1228 1613 1301 τραπέζῃ
1661 1224 2025 1304 φιλοφρονού-

368 1338 552 1394 μενος,
614 1316 703 1371 καὶ
753 1314 897 1371 πολὺ
956 1315 1019 1370 τὸ
1067 1318 1278 1391 Ἑταῖρε
1325 1314 1626 1391 προπίνων,
1684 1315 1773 1369 καὶ
1833 1313 2027 1388 λαρυγ-

362 1408 527 1485 γίζων
563 1409 679 1477 (54)
712 1406 822 1460 ἀντ’
856 1402 1030 1460 ἄλλου
1077 1406 1221 1467 τινὸς
1269 1402 1634 1477 δελεάσματος
1684 1406 1817 1477 (55),
1864 1402 2029 1474 ἀπρά-

363 1517 526 1557 κτους
574 1495 913 1568 ἀπὶπεμπεν,
975 1493 1074 1548 οὐκ
1123 1490 1350 1569 ἔχοντας
1400 1492 1509 1565 ὅτῳ
1564 1494 1868 1570 μέμφονται
1916 1496 2028 1563 (56)

363 1584 555 1655 πΛέον,
608 1583 798 1657 ἐκείνῳ
846 1590 948 1653 τῆς
1000 1583 1213 1653 ἀπάτης
1263 1583 1297 1653 ἢ
1350 1581 1527 1661 σφίσιν
1557 1582 1741 1645 αὐτοῖς
1772 1589 1871 1651 τῆς
1900 1603 2025 1635 κου-

368 1675 630 1753 φότητος.

2135 607 2299 675 parte
2331 602 2575 673 dignum
2606 617 2740 656 eum
2775 604 3035 669 censent,
3060 600 3161 671 qui
3183 601 3446 670 ejusdem
3469 604 3611 656 sunt
3630 601 3796 657 soda-

2137 692 2241 746 lilii
2268 696 2443 762 atque
2468 690 2692 746 ordinis
2714 691 2777 743 ⁸⁷.
2795 690 2912 744 Hoc
2936 706 3118 744 unum
3144 705 3213 743 ex
3237 688 3394 744 illius
3416 690 3592 745 rebus
3608 689 3796 745 habeo

2136 780 2292 852 quod
2326 781 2579 835 admirer
2605 798 2617 835 :
2645 796 2780 835 nam
2815 778 3033 833 multos
3060 778 3302 849 quidem
3333 792 3536 833 eorum
3562 777 3662 849 qui
3684 777 3797 848 ipsi

2136 869 2257 924 noti
2290 886 2355 923 ac
2383 868 2701 924 familiares
2746 868 2994 936 fuerant,
3028 884 3094 921 ac
3126 866 3452 939 praesertim
3484 882 3554 921 ex
3582 865 3797 921 Asiati-

2137 958 2219 1013 cis
2249 958 2488 1028 scholis,
2524 975 2757 1013 summo
2790 957 3006 1025 studio,
3041 956 3211 1028 quasi
3241 954 3506 1011 miriﬁcis
3552 955 3797 1027 quibus-

2143 1049 2277 1103 dam
2336 1048 2633 1103 beneﬁciis
2692 1063 2791 1102 eos
2836 1052 3175 1112 ornaturus,
3210 1045 3565 1112 accersebat,
3600 1060 3665 1100 ac
3696 1061 3798 1116 spe

2146 1137 2373 1193 animos
2404 1154 2604 1191 eorum
2637 1137 2913 1207 erigebat,
2949 1140 3141 1191 vetera
3173 1136 3362 1206 ipsius
3394 1134 3685 1206 promissa
3740 1136 3797 1188 in

2145 1228 2485 1281 memoriam
2521 1230 2877 1281 revocantes.
2911 1227 2981 1280 At
3011 1242 3144 1280 cum
3178 1226 3473 1294 adessent,
3505 1224 3614 1279 hoc
3655 1221 3798 1278 illud

2134 1314 2789 1383 videlicet,calculorum
2823 1314 3153 1386 praestigiae,
3180 1318 3237 1369 et
3266 1313 3570 1369 oculorum
3609 1312 3800 1368 ludiﬁ-

2138 1406 2434 1473 cationes;
2470 1406 2576 1459 hos
2606 1405 2763 1460 enim
2797 1404 2906 1460 hoc
2934 1405 3127 1473 modo,
3162 1403 3294 1459 illos
3342 1401 3455 1459 alio
3513 1402 3798 1471 eludens;

2139 1494 2426 1565 quosdam
2461 1494 2637 1548 etiam
2672 1510 2877 1548 mensa
2908 1492 3153 1549 comiter
3184 1492 3516 1564 accipiens;
3548 1508 3615 1548 ac
3646 1491 3803 1547 mul-

2140 1588 2270 1639 tum
2326 1582 2495 1653 illud,
2528 1583 2767 1653 Sodalis,
2804 1583 3148 1654 propinans,
3177 1586 3234 1638 et
3265 1598 3369 1653 pro
3400 1581 3517 1637 alia
3547 1582 3805 1653 quadam

2141 1672 2417 1745 illecebra
2449 1672 2689 1727 diducto
2722 1677 2959 1743 gutture
2981 1670 3550 1739 clamitans,infectis
3573 1671 3807 1726 tandem

371 1767 548 1822 rebus
580 1764 936 1832 dimittebat,
971 1762 1128 1819 haud
1161 1762 1307 1819 satis
1342 1761 1731 1818 constitutum
1761 1760 2063 1831 habentes,
2096 1760 2331 1817 illiusne
2361 1762 2629 1817 fraudem
2664 1761 2875 1833 magis,
2909 1777 2981 1817 an
3014 1776 3184 1817 suam
3214 1760 3479 1832 ipsorum
3512 1759 3808 1816 levitatem

371 1857 742 1912 accusarent.

441 1944 566 1998 KA'.
602 1944 804 1996 Ἐκεῖνο
865 1937 922 1994 δὲ
978 1943 1096 2001 πῶς
1155 1938 1254 1993 οὒκ
1310 1938 1581 1993 ἐπαινετὸν
1638 1940 1749 2012 (57)
1797 1945 1897 2007 τῆς
1926 1943 2024 1992 τοῦ

2205 1939 2347 1995 ΧΧΙ.
2379 1939 2531 1993 Illud
2566 1956 2699 1994 vero
2734 1956 2811 1994 an
2847 1955 2961 1994 non
2991 1937 3051 1992 in
3082 1936 3417 2010 philosophi
3461 1937 3643 2008 hujus
3699 1938 3802 1993 do—

371 2031 674 2112 φιλοσόφου
733 2027 1091 2099 παιδεύσεως,
1140 2028 1223 2082 ὅτι
1281 2032 1539 2082 τοσοῦτον
1606 2027 1880 2103 ἀόργητος
1940 2029 2030 2099 ἦν,

370 2119 459 2173 καὶ
488 2122 596 2173 τῶν
640 2121 827 2181 παθῶν
883 2116 1245 2191 ὑψηλότερος,
1296 2116 1432 2170 κατά
1478 2116 1607 2177 τοὺς
1654 2117 1877 2171 πώποτε
1924 2121 2031 2169 τῶν

374 2206 640 2283 βασιλέων
673 2206 969 2283 ἀτρέπτους
997 2206 1087 2261 καὶ
1121 2207 1436 2276 ἀκινήτους,
1469 2205 1558 2259 καὶ
1596 2203 1725 2278 μηδ’
1760 2206 1840 2273 ἂν,
1896 2202 1947 2260 εἴ
1983 2218 2034 2259 τι

367 2299 598 2376 γένοιτο,
630 2304 727 2353 τοῦ
760 2299 1059 2373 προσώπου
1104 2318 1157 2350 τι
1189 2295 1632 2371 παρατρέψαντας
1686 2297 1821 2367 (58),
1872 2294 1905 2363 ἢ
1940 2296 2036 2349 πά·

370 2400 498 2453 θους
532 2387 688 2464 ἴχνος
723 2385 1178 2459 ἐπισημαίνοντας
1218 2387 1369 2457 (59)'
1426 2383 1554 2447 ὥσθ’
1604 2382 1685 2437 ὅτι
1742 2385 1834 2456 μὲν
1891 2385 2030 2458 βοῶν

367 2479 458 2533 καὶ
490 2480 727 2549 σεισμῶν
760 2474 1005 2550 ἐπλήρου
1034 2475 1102 2529 τὰ
1137 2473 1386 2547 βασίλεια
1435 2470 1690 2543 δικάζων,
1726 2472 1907 2547 ὥσπερ
1940 2472 2033 2525 αὐ·-

366 2567 461 2629 τὸς
496 2566 568 2619 ὥν
602 2567 630 2620 ὁ
659 2564 1092 2640 τυραννονόμενος
1122 2562 1211 2617 καὶ
1248 2562 1642 2635 ζημιούμενος,
1691 2561 1790 2615 οὐκ
1837 2560 2031 2623 ἄλλοις

370 2660 539 2711 ταῦτα
568 2656 892 2730 πάσχουσιν,
938 2652 1269 2725 ἐπαμύνων;
1320 2655 1495 2705 Ταῦτα
1548 2652 1641 2723 μὲν
1690 2648 1815 2705 οὐδέ
1864 2650 2031 2725 λόγου

372 2745 517 2807 τινὸς
548 2744 848 2816 ἀξιώσομεν
880 2762 892 2775 ·
925 2747 1089 2797 τοῦσο
1132 2738 1189 2795 δὲ
1234 2741 1315 2803 τίς
1368 2742 1555 2815 ἀγνοεῖ
1601 2745 1707 2795 τῶν
1758 2740 2029 2807 ἀπάντων,

374 2832 456 2888 ὅτι
489 2831 735 2894 πολλοὺς
767 2831 1091 2907 προσιόντας
1124 2832 1174 2885 οἷ
1355 2829 1595 2903 δημοσίᾳ
1642 2830 1731 2883 καὶ
1775 2834 1883 2883 τῶν
1934 2829 2030 2903 ἀγ-

387 2923 731 2997 ροικοτέρων,
765 2920 903 2976 ὥστε
931 2925 1117 2996 τυχεῖν
1146 2940 1292 2980 τινος
1323 2920 1395 2973 ὧν
1438 2917 1715 2993 ἄνθρωποι
1770 2918 2034 2993 βασιλέων

383 3007 618 3079 δέονται,
648 3009 821 3063 παίων
854 3009 955 3081 πὺξ
989 3007 1227 3081 δημοσίᾳ
1246 3008 1335 3063 καὶ
1368 3007 1465 3079 λὰξ
1496 3006 1861 3081 ἐναλλόμενος
1890 3005 2032 3062 οὕτω

379 3097 594 3154 διετίθει
627 3103 829 3172 κακῶς,
860 3097 986 3153 ὥστ’
1018 3100 1228 3173 ἀγαπᾷν
1261 3097 1499 3160 ἐκείνους
1529 3098 1591 3152 τὸ
1626 3099 1700 3171 μή
1748 3119 1800 3151 τι
1848 3099 2034 3151 παθεῖν

376 3186 766 3264 χαλεπώτερον
794 3205 806 3256 ;

2146 2030 2334 2085 ctrina
2376 2028 2691 2095 laudabile,
2724 2029 2879 2099 quod
2912 2028 3054 2083 adeo
3087 2028 3159 2083 ab
3193 2027 3278 2083 ira
3307 2026 3536 2083 alienus
3567 2030 3711 2095 erat,
3741 2043 3808 2082 ac

2145 2118 2505 2174 turbulentis
2538 2117 2718 2172 animi
2753 2116 3222 2187 permotionibus
3253 2115 3584 2186 sublimior;
3620 2115 3811 2171 instar

2146 2208 2429 2263 nimirum
2444 2224 2642 2262 eorum
2664 2223 2799 2278 regu
2812 2223 2867 2260 m
2883 2223 2947 2260 ac
2964 2207 3385 2277 imperatorum
3406 2206 3506 2276 qui
3520 2203 3809 2276 tranquil-

2143 2297 2327 2352 litatis
2350 2303 2406 2352 et
2433 2297 2773 2351 constantiae
2808 2294 2979 2350 laude
3011 2296 3307 2366 quondam
3343 2295 3646 2363 ﬂorebant,
3681 2309 3806 2359 nec,

2144 2387 2318 2443 etiam
2344 2387 2390 2441 si
2416 2386 2556 2457 quid
2579 2385 2859 2441 molestiae
2874 2384 3020 2458 ipsis
3034 2383 3596 2453 accidisset,vultum
3611 2388 3807 2439 tamen

2147 2476 2265 2531 ullo
2289 2477 2462 2531 modo
2498 2476 2913 2544 immutabant,
2964 2478 3064 2530 aut
3122 2473 3583 2546 perturbationis
3633 2472 3808 2528 vesti-

2144 2565 2306 2637 gium
2368 2566 2790 2631 ostendebant;
2840 2570 2905 2618 ut
2936 2564 3115 2635 quod,
3147 2563 3287 2618 dum
3311 2561 3533 2633 judicia
3565 2578 3809 2617 munere

2143 2656 2503 2725 fungeretur,
2536 2653 2732 2709 aulam
2765 2652 3117 2707 clamoribus
3144 2668 3209 2707 ac
3232 2651 3477 2722 strepitu
3510 2650 3805 2722 impleret,

2147 2760 2260 2797 non
2283 2743 2452 2799 aliter
2478 2760 2542 2797 ac
2568 2744 2612 2798 si
2640 2744 2763 2814 ipse
2793 2746 2948 2797 esset
2978 2742 3071 2796 cui
3104 2741 3189 2796 vis
3221 2745 3278 2795 et
3310 2742 3596 2795 damnum
3628 2740 3808 2796 infer-

2144 2836 2320 2898 retur,
2338 2848 2401 2887 ac
2427 2849 2538 2886 non
2567 2831 2698 2885 aliis
2723 2830 2915 2901 potius
2953 2829 3074 2884 haec
3107 2828 3467 2900 patientibus
3500 2844 3803 2883 succurre-

2144 2921 2269 2976 ret?
2292 2922 2421 2977 Haec
2443 2927 2595 2976 certe
2618 2937 2688 2975 ne
2712 2920 2975 2976 oratione
3011 2919 3249 2991 quidem
3299 2917 3606 2989 complecti
3662 2917 3807 2973 veli-

2148 3027 2299 3065 mus.
2333 3011 2450 3065 Hoc
2482 3016 2675 3065 autem
2716 3009 2876 3063 eccui
2911 3024 2980 3063 ex
3035 3007 3309 3063 omnibus
3367 3006 3635 3078 ignotum
3696 3011 3807 3074 est,

2144 3101 2299 3171 quod
2326 3100 2510 3155 multo
2532 3099 2706 3153 etiam
2731 3114 2759 3152 e
2784 3097 3214 3163 rusticioribus,
3251 3096 3350 3169 qui
3376 3097 3447 3151 ad
3481 3112 3615 3150 eum
3650 3096 3801 3151 16]

2144 3189 2378 3260 publice
2410 3188 2867 3251 accedebant,ut
2897 3202 3269 3258 eorum,quts
3302 3185 3501 3258 populi
3523 3186 3596 3241 ab
3618 3185 3808 3258 impe-

375 3280 669 3335 ratoribus
702 3283 895 3351 petere
928 3278 1143 3349 solent,
1176 3277 1398 3350 aliquid
1430 3282 1951 3349 consequerentur,
1986 3279 2067 3333 ita
2098 3280 2441 3347 mulctabat,
2475 3278 2666 3350 palam
2703 3293 2897 3349 pugno
2930 3276 3164 3341 feriens,
3196 3274 3575 3347 calcibusque
3617 3274 3806 3347 impe-

375 3373 525 3435 tens,
560 3374 625 3424 ut
655 3368 931 3441 praclare
963 3386 1161 3424 secum
1198 3373 1393 3423 actum
1426 3372 1720 3438 putarent,
1755 3369 1911 3438 quod
1943 3368 2198 3423 atrocius
2232 3368 2451 3440 aliquid
2488 3367 2729 3422 minime
2762 3367 2920 3438 passi
2950 3366 3192 3421 essent?

442 3458 695 3517 ΚΒ’.Τὰς
740 3454 798 3510 δὲ
855 3459 1113 3531 φυσῆσεις
1170 3477 1229 3510 τε
1284 3455 1373 3510 καὶ
1431 3458 1830 3533 ἀντιφυσήσεις,
1890 3456 1949 3517 ἃς
2001 3458 2024 3511 ὅ

2214 3460 2386 3513 XXII.
2421 3458 2552 3513 Jam
2579 3457 2945 3512 sui'ﬂationes
2967 3460 3023 3511 et
3044 3455 3398 3521 reﬂationes,
3418 3472 3567 3527 quas
3608 3455 3805 3509 admi-

368 3545 666 3616 θαυμάσιος
715 3544 937 3615 ἐκεῖνος,
988 3545 1076 3598 καὶ
1126 3544 1192 3597 τὰ
1255 3544 1497 3619 ἡμέτερα
1560 3542 1853 3619 διασύρων,
1909 3550 2025 3605 τοῖς

366 3629 636 3706 γραϊδίοις
668 3629 1128 3699 ἀντεπεδείκνυτο,
1159 3632 1221 3685 τὸ
1254 3627 1556 3704 ἐπιϐώμιον
1590 3638 1695 3705 πῦρ
1748 3633 2021 3701 ἀνάπτων,

366 3724 471 3775 ποῦ
505 3719 670 3796 λόγου
698 3722 933 3793 θήσομεν
966 3723 1115 3793 (61(;
1151 3721 1223 3776 ’Ή
1270 3718 1436 3775 καλόν
1475 3724 1579 3791 (62)
1628 3743 1687 3796 γε
1737 3725 1833 3774 τοῦ
1890 3724 2021 3776 Ῥω-

371 3809 543 3883 μαίων
611 3809 879 3886 βασιλέως
939 3809 1035 3871 τὰς
1094 3809 1322 3884 γνάθους
1392 3810 1519 3885 ὁρᾷν
1572 3809 2021 3885 ἀσχημονούσας,

364 3900 454 3954 καὶ
484 3897 701 3973 γέλωτα
732 3897 904 3953 πολὺν
934 3898 1300 3973 παρεχούσας,
1334 3897 1395 3952 οὐ
1425 3902 1543 3960 τοῖς
1592 3894 1779 3969 ἔξωθεν
1832 3899 2022 3971 μόνον,

367 3986 513 4044 ἀλλά
542 3988 630 4042 καὶ
662 3986 867 4059 αὐτοῖς,
901 3987 983 4049 οἷς
1012 3992 1178 4041 ταῦτα
1211 3991 1384 4041 ποιῶν
1419 3986 1659 4061 ἀρέσκειν
1705 3986 1863 4061 ᾤετο.
1914 3990 2017 4058 Τὴν

367 4079 598 4147 Ἀθηνᾶν
651 4074 708 4131 δὲ
757 4076 855 4132 οὐκ
901 4074 1090 4146 ἤκουε,
1140 4078 1237 4146 τὴν
1283 4077 1474 4132 ἑαυτοῦ
1510 4078 1625 4133 θεὸν
1660 4080 1792 4152 (63),
1825 4078 2020 4133 δτικαὶ

361 4171 479 4229 τοῖς
540 4168 650 4241 (64)
729 4165 918 4227 αὐλοῖς
981 4167 1347 4242 κατηράσατο,
1404 4167 1484 4228 οἷς
1540 4166 2018 4242 ἐνασχημονοῦσαν

363 4256 558 4324 ἑαυτὴν
630 4253 1023 4327 κατεμάνθανεν
1102 4258 1235 4329 (65),
1305 4255 1413 4311 ἀντ’
1482 4252 1748 4332 ἐσόπτρου
1806 4276 2018 4332 χρησα-

366 4339 500 4418 μένη
713 4348 794 4415 τῷ
841 4341 1013 4401 ὕδατι.
1064 4344 1165 4405 Τὰς
1211 4341 1268 4399 δε
1316 4344 1615 4421 προπόσεις
1658 4367 1715 4401 τε
1743 4345 1832 4400 καὶ
1866 4344 2022 4423 φιλο-

433 4444 475 4479 δτ
506 4443 692 4517 Virg.,
726 4444 969 4511 AEneid.,
1002 4461 1080 4499 vr.

460 4542 550 4609 51)
575 4543 742 4613 Τουτο
774 4538 964 4597 ἰκεῖνο.
997 4542 1155 4597 Colb.
1190 4543 1248 4607 k,
1278 4546 1439 4595 τοῦτο
1472 4540 1679 4613 ἐκείνῳ.

585 4611 848 4687 Καὶ-τῶνᾷ
868 4614 1006 4687 Reg.
1042 4618 1099 4669 et
1127 4614 1146 4668 l
1180 4615 1384 4684 Mont.,
1415 4614 1505 4687 καὶ
1533 4615 1589 4687 αἱ
1617 4611 1749 4668 τῶν.

404 4754 419 4773 κ
442 4681 552 4756 (53)
610 4682 743 4745 Τοὺς
806 4681 863 4738 δὲ
891 4681 1006 4740 τόν.
1040 4690 1126 4741 Ita
1157 4702 1303 4741 mss.
1338 4681 1395 4740 et
1416 4686 1507 4741 ed.
1543 4686 1671 4741 Par.
1704 4686 1807 4740 Ed.
1843 4682 1932 4739 τόν
1966 4682 2024 4739 Si

362 4774 481 4810 τον.

440 4826 555 4897 (54)
586 4824 954 4909 Λαρυγγίζων.
981 4826 1241 4909 ϐοωὴθς.
1273 4827 1466 4909 vertit,
1500 4850 1529 4877 «
1557 4830 1796 4899 gutture
1842 4828 2031 4885 accla-

370 4915 561 4973 mans,
595 4900 853 4973 suaviter
879 4917 909 4955 e
938 4904 1191 4973 gutture,
1206 4900 1481 4973 fundens.
1520 4921 1549 4973 η

588 4967 985 5045 ᾼελεάσματοξ.
1026 4974 1145 5027 Duo
1175 4972 1358 5045 Begg.
1393 4968 1749 5043 δελεάματος.

588 5041 933 5119 Μέμφονται.
958 5044 1086 5099 Sav.
1125 5041 1466 5116 μὲμιρωνται.

463 5115 553 5185 57)
614 5114 962 5170 Ἐπαινετόν.
1024 5121 1146 5171 Duo
1206 5114 1363 5171 mss.
1424 5119 1482 5170 et

367 5203 478 5238 ται.

583 5256 1055 5331 βαρατρέψαντας.
1090 5259 1220 5331 Sav.
1253 5254 1717 5331 παρατρέποντας.

437 5327 1093 5401 (59))Επισημαίνοντας.
1155 5330 1279 5385 Duo
1335 5327 1506 5385 ood'd.
1568 5327 2030 5401 ἑπισημήναντας.

367 5398 471 5454 Hic
522 5398 956 5457 observandum
990 5401 1235 5470 Regium
1269 5402 1525 5457 codicem
1562 5401 1581 5454 Ι
1614 5398 1884 5456 omittere
1914 5402 2035 5457 dis-

370 5471 673 5544 tinctionis
705 5477 929 5537 notam,
959 5490 1086 5543 quae
1116 5473 1268 5529 inter
1298 5472 1455 5540 ἐπιση
1468 5471 1725 5544 μαίνοντα
1784 5478 1841 5529 et
1900 5471 2037 5526 ὥστε

376 5543 750 5616 subsequens
782 5544 1093 5616 roperitur.

582 5613 595 5616 _
612 5613 940 5697 Προσιόντας
965 5616 1061 5697 ὀί..
1095 5616 1235 5697 Par._
1260 5616 1407 5697 edit;
1434 5614 1754 5697 προσιόντας
1786 5613 1932 5697 αὐτῷ
1963 5614 2036 5669 οἱ.

376 5685 888 5815 ἒ1ἱ1,’προσιόντας
920 5686 1087 5759 αὐτῷ,
1137 5690 1239 5745 sed
1269 5685 1415 5762 αὐτῷ
1472 5685 1785 5759 utrobique
1834 5689 2042 5744 redun-

418 5775 452 5815 ἃ
486 5801 499 5815 ο

418 5775 499 5815 αι.

1547 5116 1687 5171 Pass
1712 5158 1722 5183 ,
1796 5113 1948 5167 ὲπαιν
1958 5117 2032 5166 εῖ-

2140 3549 2355 3603 randus
2381 3547 2474 3601 ille
2496 3546 2602 3611 vir,
2625 3546 3020 3615 doctrinaeque
3042 3548 3254 3599 nostras
3287 3543 3615 3615 sugillator,
3639 3549 3805 3599 vetu-

2138 3639 2207 3692 lis
2243 3636 2608 3691 mulierculis
2640 3636 2698 3689 in
2759 3634 3119 3689 contrarium
3182 3633 3536 3699 ostentabat,
3595 3632 3808 3687 altaris

2138 3729 2326 3787 ignem
2362 3726 2839 3795 accendens,quo
2872 3722 3109 3777 tandem
3143 3722 3425 3776 orationis
3457 3720 3583 3777 loco
3615 3737 3806 3793 pone-

2137 3816 2311 3871 mus?
2344 3813 2691 3869 Prmclarum
2718 3812 2871 3865 enim
2898 3813 3154 3882 profecto
3177 3816 3323 3876 erat,
3349 3827 3587 3865 cernere
3610 3810 3805 3882 impe-

2136 3904 2343 3959 ratoris
2370 3902 2611 3957 Romani
2641 3902 2856 3956 buccas
2887 3900 3157 3955 indecore
3185 3904 3500 3966 tumentes,
3535 3917 3601 3955 ac
3632 3900 3790 3955 exci-

2134 3998 2325 4048 tantes
2384 3993 2681 4063 ingentem
2728 3988 2937 4054 risum,
2971 4005 3084 4043 non
3119 3989 3371 4045 externis
3402 3993 3653 4058 tantum,
3686 3988 3785 4043 sed

2134 4083 2205 4137 iis
2236 4083 2433 4150 etiam,
2471 4081 2686 4151 quibus
2721 4080 2825 4134 hac
2857 4078 3083 4133 ratione
3114 4079 3347 4149 placere
3405 4093 3465 4133 se
3526 4078 3787 4147 putabet.

2134 4171 2447 4226 Minervam
2506 4172 2698 4223 autem
2757 4168 2922 4222 deam
2988 4183 3155 4222 suam
3189 4183 3305 4221 non
3338 4166 3633 4234 audiebat,
3663 4182 3792 4237 quae

2132 4260 2307 4315 tibias
2340 4262 2637 4315 exsecrata
2668 4257 2902 4323 dicitur,
2939 4260 3348 4328 posteaquam,
3372 4254 3541 4327 aquis
3573 4254 3795 4328 speculi

2129 4348 2254 4403 vice
2289 4364 2415 4418 usa,
2441 4365 2538 4403 eas
2572 4345 2839 4402 dedecori
2872 4345 2985 4401 sibi
3016 4360 3143 4401 esse
3177 4345 3489 4417 perspexit.
3515 4344 3794 4417 Propina-

2204 4546 2317 4615 (61)
2348 4545 2617 4615 ϐήσομεν.
2653 4544 2777 4598 Duo
2811 4544 2990 4615 Regg.
3024 4547 3080 4597 et
3109 4542 3204 4597 Or.
3242 4543 3292 4609 1,
3326 4542 3385 4596 ἱη
3446 4557 3633 4613 marg.
3695 4539 3793 4609 θή-

2054 4656 2099 4719 D
2132 4634 2314 4755 σεξῗέέ)
2347 4686 2413 4737 Ἠ
2434 4681 2623 4739 καλόν.
2662 4685 2911 4738 Montac.
2947 4707 2975 4734 ‹‹
3010 4684 3219 4755 forte.»
3258 4682 3327 4755 Ἦ
3348 4678 3539 4755 καλόν.
3574 4682 3795 4755 Deinde

2137 4752 2406 4813 observat
2436 4757 2591 4811 hunc
2622 4756 2812 4811 locum
2849 4755 2931 4808 sic
2958 4757 3029 4809 ab
3061 4754 3183 4809 Elia
3213 4753 3417 4824 accipi,
3458 4752 3630 4823 quasi
3686 4752 3796 4807 Ju-

2137 4830 2334 4885 lianus
2365 4835 2618 4897 tantum,
2656 4829 2761 4882 hac
2792 4827 3145 4891 imitatione,
3188 4824 3649 4897 Christianorum
3706 4824 3798 4878 in-

2142 4921 2206 4957 su
2220 4902 2505 4957 l'ﬂationes
2524 4904 2580 4954 in
2607 4894 2978 4971 baptismatis
3000 4899 3214 4971 ritibus
3230 4896 3473 4952 irridere
3484 4894 3796 4971 voluisset.

2140 4975 2353 5029 Verum
2389 4979 2586 5028 censet
2616 4967 2702 5027 vir
2733 4973 2962 5039 doctus,
2994 4970 3295 5028 Julianum
3328 4968 3616 5039 praecipue
3642 4967 3736 5023 hic
3766 4983 3800 5023 a

2140 5045 2412 5115 Gregoria
2446 5045 2735 5117 redargui,
2764 5045 2941 5117 quod,
2966 5045 3287 5117 cumesset
3311 5042 3659 5117 imperator,
3682 5056 3800 5117 non

2144 5112 2446 5172 erubuerit
2468 5135 2528 5171 se
2549 5112 2681 5171 cuin
2708 5112 3071 5171 mulierculis
3094 5115 3164 5169 de
3191 5112 3381 5167 triviis
3399 5116 3457 5168 et
3486 5112 3797 5183 scortis,ad

2142 5189 2279 5243 vilia
2338 5196 2390 5242 ut
2433 5190 2767 5253 deridenda,
2806 5188 2958 5243 circa
2988 5202 3153 5242 sacra
3183 5202 3311 5255 sua,
3344 5184 3673 5240 ministeria
3702 5185 3803 5239 de-

2145 5262 2394 5316 mittere.
2431 5266 2554 5315 Non
2590 5263 2739 5316 male
2770 5260 3024 5332 quidem;
3057 5257 3274 5332 etenim
3306 5256 3803 5332 Montacuti‘isen-

2144 5334 2341 5387 tentias
2376 5335 2565 5387 favent
2595 5329 2890 5404 Chrysost.
2923 5335 2982 5386 in
3006 5330 3508 5404 gentiqurudent.
3570 5329 3801 5395 Liban.,

2146 5422 2229 5461 or.
2266 5423 2331 5461 x.
2371 5404 2685 5467 Ammian.,
2714 5402 2819 5457 lib.
2856 5420 2997 5466 xxn,
3031 5419 3086 5473 p.
3118 5402 3245 5473 225,
3278 5407 3387 5458 etc.

2224 5478 2331 5544 (63)
2363 5474 2512 5529 Θεόν.
2544 5475 2712 5530 Cois].
2747 5477 2802 5540 2,
2836 5479 2891 5528 et
2926 5472 3107 5540 Pass.,
3141 5472 3285 5527 θεάν.

2184 5540 2333 5672 duit)
2367 5546 2627 5606 Καὶτοῖς.
2682 5549 2766 5601 Ita
2823 5546 3085 5617 plerique
3143 5546 3311 5601 codd.
3373 5545 3547 5601 Deest
3600 5540 3690 5595 καί
3747 5541 3806 5597 in

2224 5637 2288 5672 l.

2148 5629 2288 5674 edit.

2222 5692 2334 5761 (05)
2368 5688 2777 5761 Κατεμάνθανεν.
2815 5689 2953 5759 Reg.
2987 5689 3107 5759 bm,
3141 5686 3460 5761 κατεμαθεν.

2224 5759 2331 5835 (66)
2362 5760 2717 5835 Χρησαμὲνη.
2750 5761 2888 5832 Reg.
2923 5761 2981 5827 b,
3013 5759 3396 5835 χρησαμένην.
