4028 6412
351 379 468 440 693

1350 370 1644 433 ORATIO
1688 372 1763 434 ν.
1798 404 1875 415 -
1905 369 2213 431 CONTRA
2262 368 2658 430 JULIANUM
2699 368 2776 428 Π.

3656 364 3779 427 694

350 507 636 585 ἐγνώρισα.
694 503 797 559 Καὶ
854 501 909 559 εἷ’
963 523 1055 578 μοι
1103 503 1349 579 παρῆσάν
1398 524 1537 565 τινες
1569 506 1676 557 τῶν
1704 505 1998 571 τηνικαῦτα

2118 506 2321 573 postea
2350 498 2729 572 deprehendi.
2764 501 2925 566 Quod
2958 500 3007 555 si
3037 501 3131 570 qui
3164 517 3233 557 ex
3260 501 3355 568 iis,
3387 500 3488 572 qui
3535 504 3663 556 tum
3695 500 3776 556 si-

348 598 618 653 συνόντων
650 593 739 649 καὶ
774 592 1202 657 ἀκουσάντων,οὖ
1226 590 1485 667 χαλεπῶς
1520 591 1577 645 ἂν
1605 591 2004 666 ἐμαρτύρησαν·

352 687 455 755 οἷς,
490 681 680 753 ἐπειδὴ
709 688 874 738 ταῦτα
906 680 1227 753 ἐθεασάμην.
1264 679 1416 743 εόθὺς
1465 680 1820 757 ἐφθεγξάμην·
1873 679 2004 735 Οίον

349 776 514 831 κακὸν
548 776 582 843 ἡ
617 771 901 845 Ῥωμαίων
936 774 1049 844 (77)
1080 770 1258 847 τρέφει
1288 772 1298 825 l
1332 770 1422 823 καὶ
1454 768 1862 844 προαγορεύσας
1896 769 2007 841 (78)

350 866 441 919 καὶ
472 862 710 940 γενέσθαι
744 860 1107 935 ψευδόμαντις
1141 860 1380 931 ἐμαυτοῦ
1427 858 1823 930 κατευξάμενος
1871 859 2004 929 (79).

351 960 607 1029 Κρεῖσσον
642 951 743 1026 γὰρ
775 952 809 1019 ἢ
843 949 1049 1004 τούτων
1079 951 1191 1021 (80)
1224 947 1656 1018 πλησθῆναιτὴν
1679 946 2005 1019 οἷκουμὲνην

352 1048 552 1111 κακῶν,
611 1040 699 1095 καὶ
760 1043 1006 1093 τοιοῦτον
1067 1038 1401 1114 ἀναφανῆναι
1457 1038 1637 1112 τέρας,
1692 1037 1805 1089 οῖον
1852 1035 2008 1089 οὒπω

351 1132 614 1206 πρότερον
647 1130 759 1201 (81)
786 1147 797 1160 '

347 1242 477 1288 νων,
530 1216 761 1273 πολλῶν
818 1215 872 1272 δὲ
902 1217 1269 1291 ὲμπρησμῶν,
1301 1218 1390 1270 καὶ
1428 1216 1685 1291 βρασμῶν
1749 1217 1851 1287 (82)
1883 1221 2007 1289 γῆς,

344 1310 435 1363 καὶ
484 1309 809 1383 χασμάτων,
865 1303 941 1362 ἔτι
998 1305 1053 1360 δὲ
1093 1303 1301 1380 ἀνδρῶν
1361 1303 1868 1380 ἀπανθρωποτάτων
1895 1306 2008 1377 (83)

344 1396 435 1453 καὶ
482 1396 689 1467 Θηρίων
755 1392 1073 1451 ἄλλοκότων
1125 1416 1183 1449 τε
1231 1393 1320 1448 καὶ
1366 1392 1653 1463 συνθέτων,
1689 1393 1760 1447 ὧν
1788 1395 1823 1461 ἡ
1853 1392 2009 1469 φύσις

348 1484 737 1558 ἰκαινοτόμησε
768 1486 901 1558 (84).
960 1483 1135 1556 Ταύτῃ
1173 1504 1257 1537 τοι
1310 1483 1399 1536 καὶ
1442 1480 1603 1543 τέλος
1657 1483 1800 1553 ἄξιον
1845 1479 2006 1555 ἠνεγ-

348 1596 479 1630 κατο
510 1582 607 1644 τῆς
653 1573 948 1635 ἀπονοίας.
998 1573 1223 1627 ἐνταῦθα
1275 1572 1436 1645 μόνον
1489 1570 1588 1626 οὐκ
1628 1570 2006 1644 ἀνασχομένου

344 1669 443 1719 τοῦ
499 1667 632 1718 Θεοῦ
679 1671 779 1733 τῆς
826 1663 1087 1732 συνήθους
1146 1660 1544 1737 μακροθυμίας,
1602 1656 1720 1715 ἔνθα
1769 1658 2005 1721 πολλοῖς

344 1752 508 1807 κακὸν
568 1753 635 1821 ἦν
683 1753 744 1806 τὸ
790 1749 1196 1829 φιλάνθρωπον,
1246 1751 1336 1805 καὶ
1386 1748 1605 1817 πολλὴν
1661 1749 1752 1821 μὶν
1804 1744 2005 1820 ἔμελλε

852 1125 1079 1182 πολλῶν
1138 1127 1230 1198 μὲν
1281 1124 1629 1200 ἐπικλυσμῶν
1674 1123 2014 1199 Ορυλλουμὲ-

2116 590 2237 644 mul
2269 594 2454 659 erant,
2490 593 2663 660 atque
2694 588 3031 657 audiebant,
3066 588 3208 643 mihi
3238 607 3391 644 nunc
3433 594 3641 661 praesto
3673 606 3765 646 es-

2120 683 2269 743 sent,
2296 679 2453 733 haud
2485 695 2635 751 aegre
2668 678 3073 734 testimonium
3098 677 3457 733 cxhiberent.
3486 679 3567 733 Ad
3593 694 3769 749 quos,

2121 772 2187 823 ut
2207 767 2327 822 haec
2355 768 2649 839 conspexi,
2672 768 2871 822 statim
2896 766 2987 822 his
3008 767 3203 822 verbis
3226 782 3371 821 usus
3393 782 3526 821 sum
3550 783 3561 821 :
3589 767 3772 834 Qnan-

2121 864 2235 911 tum
2262 858 2475 912 malum
2503 858 2613 912 sibi
2641 858 2747 913 alit
2777 862 3083 912 Romanum
3127 855 3427 926 imperium
3453 859 3471 909 Ι
3501 854 3775 925 praefatus

2120 947 2274 1013 licet,
2309 964 2375 1003 ac
2412 948 2574 1013 mihi,
2611 950 2675 1001 ut
2708 946 2891 1000 falsus
2932 951 3094 1003 vates
3146 962 3360 1012 essem,
3394 944 3776 1017 imprecatus.

2121 1036 2522 1091 Praestabilius
2554 1036 2709 1090 enim
2744 1035 2801 1089 id
2837 1035 3047 1103 fuerat,
3074 1051 3248 1105 quam
3280 1034 3463 1089 tantis
3495 1032 3671 1089 malis
3692 1050 3778 1088 or-

2119 1126 2251 1179 bem
2282 1129 2570 1181 terrarum
2595 1123 3087 1195 impleri,taleque
3114 1128 3445 1178 monstrum
3468 1122 3772 1188 exsistere,

2122 1213 2291 1286 quale
2314 1230 2617 1284 nunquam
2648 1217 2821 1267 antea
2843 1212 3032 1267 visum
3059 1212 3273 1279 fuerat;
3300 1211 3527 1267 etiamsi
3554 1210 3776 1282 alioqui

2120 1303 2338 1358 diluvia
2390 1303 2590 1372 multa,
2624 1306 2681 1356 et
2731 1302 3002 1356 incendia
3061 1301 3265 1369 multa,
3296 1305 3579 1372 terraeque
3617 1300 3778 1356 velut

2120 1391 2512 1455 ebullitiones,
2550 1396 2606 1445 et
2632 1390 2853 1455 hiatus,
2873 1406 2937 1444 ac
2961 1390 3132 1446 multi
3164 1391 3406 1462 insuper
3434 1388 3773 1445 crudelissi-

2119 1480 2200 1533 mi
2232 1479 2521 1544 homines,
2557 1478 2879 1549 belluaeque
2913 1479 3279 1551 prodigiosae,
3300 1483 3356 1533 et
3385 1494 3454 1533 ex
3478 1477 3656 1533 variis
3682 1494 3774 1551 ge-

2118 1568 2357 1625 neribus
2391 1568 2673 1637 conﬂatee,
2699 1585 2845 1639 quas
2878 1572 3085 1623 natura
3108 1585 3254 1623 novo
3287 1584 3447 1623 more
3477 1568 3769 1639 produxit,

2118 1674 2386 1714 sermone
2410 1660 2730 1728 jactentur.
2751 1660 2829 1712 Ac
2853 1658 3097 1728 proinde
3118 1658 3294 1711 finem
3318 1673 3552 1728 quoque
3578 1673 3773 1712 amen-

2116 1748 2198 1803 tia
2228 1765 2336 1802 sua
2367 1748 2613 1818 dignum
2648 1746 2787 1801 tulit
2818 1763 2830 1801 :
2857 1746 2974 1801 Deo
3006 1746 3100 1801 hic
3130 1745 3323 1802 solum
3356 1750 3636 1801 consueta
3666 1763 3773 1801 sua

344 1837 590 1917 παρέξειν
646 1838 877 1913 ἀθυμίαν
923 1844 1041 1901 τοῖς
1098 1840 1443 1911 κατορθοῦσι,
1502 1836 1720 1906 πολλὴν
1782 1834 1837 1891 δὲ
1887 1842 1998 1899 τοῖς

2120 1853 2184 1892 ac
2215 1836 2391 1907 longa
2423 1835 2706 1907 patientia
2736 1835 2820 1890 uti
2869 1852 2984 1890 non
3034 1834 3386 1901 sustinente,
3421 1834 3521 1890 ubi
3566 1833 3770 1890 multis

346 1931 714 2005 ἁμαρτάνουσι
764 1928 1188 2007 καταφρόνησιν’
1245 1928 1318 1989 ὡς
1376 1926 1474 1982 οὐκ
1532 1926 1834 2004 ἐφορῶντος
1885 1928 1999 1999 (85)

348 2016 563 2080 οὐδενὸς
620 2020 687 2072 τὰ
744 2017 1005 2093 ἡμέτερα,
1049 2014 1173 2071 οὐδὲ
1233 2016 1401 2087 οὔσης
1456 2016 1604 2077 τινὸς
1630 2010 2004 2090 κυϐερνήσεως

343 2108 379 2177 ἢ
439 2104 760 2169 ἀντιδόσεως
809 2109 948 2179 (86),
1006 2104 1153 2161 ἀλλά
1211 2110 1308 2161 τοῦ
1338 2104 1651 2177 αὐτομάτου
1679 2103 1741 2159 τὸ
1773 2111 1874 2157 πᾶν
1909 2103 1999 2182 φε-

343 2195 533 2273 ροντός
586 2217 645 2251 τε
690 2196 780 2251 καὶ
833 2195 1249 2272 περιτρέποντος
1277 2215 1288 2227 ·
1326 2196 1355 2250 ’ὁ
1389 2192 1624 2256 διανοίας
1658 2193 1768 2247 ἐστὶ
1824 2214 2000 2263 πονη-

342 2291 436 2360 ρᾶς
493 2286 583 2340 καὶ
644 2282 765 2339 λίαν
830 2282 1144 2363 ἐπισφαλῶς
1204 2282 1465 2357 περὶτῶν
1501 2282 1768 2357 μεγίστων
1799 2279 1999 2335 διακει-

346 2374 529 2448 μένης.

2113 1925 2444 1998 perniciosa
2476 1925 2672 1979 futura
2701 1928 2825 1979 erat
2855 1928 3161 1996 prorogata
3182 1923 3538 1994 benignitas,
3559 1940 3624 1978 ac
3648 1927 3766 1978 tum

2116 2016 2187 2070 iis
2210 2014 2307 2086 qui
2328 2015 2570 2070 honeste
2591 2018 2648 2067 et
2668 2030 2736 2068 ex
2752 2013 2942 2069 ofﬁcio
2959 2014 3164 2068 vivunt
3180 2013 3361 2068 animi
3384 2013 3766 2083 dejectionem

2116 2103 2381 2165 multam,
2414 2107 2538 2156 tum
2574 2102 2951 2173 peccantibus
2983 2107 3380 2174 contemptum
3414 2106 3471 2157 et
3501 2100 3768 2173 petulan-

2111 2194 2254 2248 tiam
2287 2210 2400 2248 non
2429 2208 2663 2263 parvam
2689 2190 2939 2247 allatura
2963 2208 2975 2245 :
3000 2195 3281 2262 tanquam
3306 2190 3576 2247 videlicet
3592 2206 3765 2246 nemo

2110 2287 2263 2337 esset
2295 2282 2397 2353 qui
2429 2298 2520 2336 res
2555 2284 2787 2335 nostras
2819 2280 3153 2350 inspiceret,
3184 2281 3539 2352 praemiaque
3569 2284 3626 2335 et
3646 2297 3765 2352 pce-

2111 2387 2216 2425 nas
2241 2370 2451 2441 cuique
2474 2386 2577 2441 pro
2602 2370 2807 2424 merito
2830 2370 3298 2440 rependeret,sed
3324 2374 3544 2424 temere
3564 2385 3631 2424 ac
3653 2370 3767 2424 for-

337 2466 488 2520 tuito
522 2464 782 2519 mundus
814 2463 1081 2531 ferretur,
1107 2466 1163 2517 et
1183 2461 1545 2530 volveretur;
1580 2462 1735 2532 quod
1770 2478 1955 2533 prava:
1987 2461 2203 2517 mentis
2235 2464 2342 2528 est,
2366 2459 2651 2531 valdeque
2684 2458 3007 2530 periculose
3027 2459 3098 2514 de
3129 2459 3402 2514 maximis
3431 2459 3602 2514 rebus
3634 2474 3767 2513 Βοη-

339 2554 564 2610 tientis.

412 2642 532 2697 KE'.
563 2644 738 2695 Ταῦτα
792 2642 899 2694 τῶν
963 2636 1274 2693 Γαλιλαίων
1326 2641 1508 2712 ἡμῶν,
1548 2642 1716 2693 ταῦτα
1744 2642 1848 2692 τῶν
1884 2636 1997 2692 ἀτί-

344 2750 459 2803 μων
488 2732 553 2783 τὰ
587 2726 925 2804 διηγήματα·
960 2732 1127 2782 ταῦτα
1156 2729 1207 2781 οἱ
1238 2726 1330 2782 τὸν
1373 2726 1780 2803 ἐσταυρωμένον
1827 2746 1994 2801 προσ-

338 2822 623 2880 κυνοῦντες
684 2821 870 2891 ἡμεῖς,
924 2814 1091 2871 ταῦτα
1149 2817 1200 2870 οἱ
1256 2821 1362 2871 τῶν
1403 2815 1601 2872 ἀλιὲων
1641 2816 1873 2888 μαθηταὶ
1906 2815 1995 2869 καὶ

338 2911 446 2959 τῶν
507 2904 867 2973 ἀπαιδεύτων,
935 2906 1008 2967 ὡς
1069 2905 1221 2960 αὐτοὶ
1283 2904 1526 2981 λὲγουσιο
1579 2909 1745 2960 ταῦτα
1776 2905 1828 2958 οἱ
1881 2909 1996 2965 τοῖς

340 2991 611 3069 γραϊδίοις
672 2995 1141 3070 συγκαθεζόμενοι,
1201 2994 1292 3050 καὶ
1340 2993 1780 3069 συμψάλλοντες·
1830 2998 1996 3047 ταῦτα

2179 2639 2333 2693 163
2367 2637 2529 2693 XXV.
2566 2638 2658 2691 Hae
2693 2640 2926 2703 nostra,
2963 2636 3067 2691 hoc
3110 2639 3217 2705 est,
3244 2635 3639 2692 Galileslorum
3674 2635 3759 2691 hae

2110 2730 2581 2797 contemptorum
2628 2731 2685 2781 et
2735 2726 3096 2795 abjectorum
3131 2725 3437 2780 hominum
3478 2724 3763 2780 narratio-

2111 2833 2237 2871 nes.
2276 2816 2402 2870 Haec
2438 2832 2561 2878 nos,
2600 2814 2699 2885 qui
2730 2814 3086 2869 Crucifixum
3130 2815 3485 2869 adoramus:
3519 2813 3641 2869 haec
3672 2812 3763 2885 pi-

2109 2909 2428 2970 scatorum,
2462 2908 2538 2969 et,
2566 2909 2630 2957 ut
2662 2904 2773 2974 ipsi
2807 2903 2992 2969 aiunt,
3020 2902 3429 2974 imperitorum
3463 2901 3763 2973 discipuli.

2106 2995 2236 3048 Haec
2268 3010 2393 3059 nos,
2431 2992 2531 3063 qui
2579 3008 2713 3046 cum
2747 2991 2956 3046 vetulis
3000 2992 3276 3047 sedemus
3324 2996 3378 3047 et
3429 2991 3763 3063 psallimus.

339 3084 395 3138 οἱ
427 3088 548 3145 ταῖς
607 3088 838 3155 μακραῖς
894 3082 1164 3152 νηστείαις
1216 3083 1603 3159 ἐκτετηγμὲνοι
1642 3083 1731 3138 καὶ
1764 3085 1997 3155 ἡμιθνῆ-

2117 3082 2241 3138 Haec
2274 3100 2380 3137 nos
2413 3081 2603 3152 longis
2641 3082 2887 3150 jejuniis
2938 3080 3207 3148 confecti,
3242 3097 3307 3135 ac
3362 3080 3760 3136 semianimes.

335 3193 421 3235 τες
458 3175 588 3246 (87)·
621 3177 789 3228 ταῦτα
820 3173 869 3227 οῖ
907 3173 1081 3247 μάτην
1114 3174 1506 3250 ἀγρυπνοῦντες
1539 3175 1724 3247 ἡμεῖς,
1758 3174 1847 3226 καὶ
1878 3177 1996 3232 ταῖς

334 3261 632 3338 παννύχοις
716 3263 926 3317 στάσεσι
1002 3263 1472 3339 παραληροῦντες,
1527 3263 1616 3317 καὶ
1674 3263 1814 3335 ὑμᾶς
1886 3262 1997 3334 (88)

332 3346 789 3413 καταϐάλλοντες.
842 3356 953 3407 Ποῦ
998 3351 1130 3405 εἰσιν
1162 3353 1213 3405 οἱ
1242 3351 1615 3428 γραμματικοί
1650 3355 1754 3405 ποῦ
1789 3350 1919 3405 εἰσιν
1945 3351 1997 3403 οἱ

336 3435 645 3513 συμϐουλοι
675 3460 688 3509 ;
724 3443 816 3494 Ἐκ
846 3445 956 3494 τῶν
989 3442 1114 3515 παρ’
1146 3443 1281 3509 ἡμῖν
1309 3462 1455 3503 τινος
1490 3440 1726 3517 ἆσόφων,
1758 3440 1831 3501 ὡς
1865 3443 1993 3514 γοῦν

338 3529 465 3600 ὑμῖν
499 3526 669 3598 δοκεῖ,
704 3524 973 3598 λαμϐάνω
1029 3530 1119 3582 τὸν
1182 3529 1468 3585 ἐπινίκιον.
1529 3527 1643 3584 Ποῦ
1691 3530 1746 3582 αἱ
1797 3527 1994 3596 θυσίαι,

336 3616 428 3669 καὶ
469 3614 703 3684 τελεταὶ,
764 3615 852 3668 καὶ
909 3618 1217 3690 μυστήρια;
1266 3621 1371 3670 ποῦ
1431 3619 1631 3692 σφάγια
1687 3619 1884 3693 φανερά
1939 3636 1997 3669 τε

338 3702 427 3757 καὶ
486 3701 703 3780 ἀφανῆ;
762 3706 867 3756 ποῦ
926 3700 1093 3778 τέχνη
1155 3705 1290 3759 κατὰ
1333 3708 1439 3758 τῶν
1473 3704 1713 3778 ἐντόμων
1747 3704 1995 3758 ἐπαινου-

341 3791 473 3864 μὲνη
533 3792 684 3864 (89);
745 3794 852 3845 1:06
906 3792 1153 3867 τερατεία
1220 3793 1581 3869 προγνώσεως
1647 3792 1736 3847 καὶ
1795 3798 1996 3863 σημεῖα

336 3879 788 3956 ἐγγαστριμύθων
816 3898 829 3949 ;
862 3884 968 3935 ποῦ
1000 3875 1262 3937 Βαϐυλὼν
1287 3884 1321 3952 ἡ
1348 3878 1557 3953 ἔνδοξος
1581 3881 1992 3958 θρυλλουμὲνη,

329 3968 420 4023 καὶ
453 3968 749 4042 οἰκουμένη
782 3975 925 4024 πᾶσα
967 3972 1367 4045 περινοουμὲνη
1416 3972 1527 4044 (90)
1582 3969 1652 4025 δι’
1688 3968 1875 4047 ὀλίγου
1905 3973 1993 4026 καὶ

329 4058 552 4134 ἐναγοῦς
600 4055 867 4130 αἷ¹ματος;
916 4063 1020 4113 ποῦ
1080 4057 1137 4113 δὲ
1187 4061 1239 4115 οἱ
1272 4059 1323 4115 ἰν
1372 4062 1443 4131 τῇ
1473 4060 1597 4136 χερὶ
1629 4060 1992 4135 κρατούμενοι

334 4148 532 4223 Πέρσαι
593 4146 681 4201 καὶ
734 4146 963 4218 Μῆδοι;
1022 4153 1129 4203 ποῦ
1188 4147 1246 4204 δὲ
1286 4151 1339 4204 οἱ
1395 4150 1852 4225 προπεμπόμενοι
1903 4152 1993 4205 καὶ

326 4238 794 4310 παραπάμποντες
850 4240 985 4310 (91),
1040 4235 1129 4293 καὶ
1180 4238 1658 4315 προπολεμοῦντες
1711 4240 1800 4295 καὶ
1860 4261 1995 4313 συμ-

399 4327 444 4362 ⁶⁸
476 4326 587 4383 Isa.
617 4343 819 4395 χχχιιι,
854 4328 954 4395 18;
986 4329 1005 4383 Ι
1037 4329 1166 4384 Cor.
1200 4346 1241 4398 ι,
1273 4330 1365 4386 20.
1440 4331 1486 4367 σθ
1516 4335 1539 4385 Ι
1570 4332 1698 4387 Cor.
1730 4348 1788 4402 x,
1819 4332 1910 4387 20.

422 4414 637 4494 77):?”
669 4413 983 4494 Ῥωμριίων.
1052 4416 1294 4488 Nempe,
1339 4417 1615 4494 πολιτεία,
1663 4419 1773 4494 vel,
1831 4419 1993 4494 βασι-
2024 4428 2069 4492 D

402 4413 517 4537 (77)
548 4414 637 4497 ᾙ⁸
669 4413 983 4485 Ῥωμαίων.
1052 4416 1294 4488 Nempe,
1339 4417 1615 4501 πολιτεία,
1664 4419 1773 4487 vel,
1831 4419 1993 4494 βασι-

333 4482 399 4570 λρ
424 4504 475 4539 α.
510 4486 738 4570 Billius,
761 4508 788 4570 ‹ς
820 4488 1222 4545 Romanorum
1253 4506 1435 4563 regio,
1463 4513 1485 4543 ι
1524 4493 1679 4562 quod
1711 4492 1993 4549 Combeﬁ-

334 4557 424 4614 sio
458 4573 574 4613 non
606 4557 813 4627 placet.

401 4629 529 4717 (78),
552 4627 985 4704 Προαγορεύσας.
1020 4630 1105 4686 Ita
1134 4629 1400 4703 plerique
1443 4632 1611 4689 codd.
1639 4633 1789 4688 Edit.
1822 4651 1990 4707 προσ-

328 4718 668 4775 αγορευσας.

328 4769 970 4857 -.(79).Κατευὶάμενος.
1021 4771 1201 4857 luunt.
1254 4791 1358 4857 ‘vp.
1408 4771 1768 4857 κατευξάμην.
1828 4774 1993 4831 Unde

328 4844 603 4900 Valesius
630 4862 643 4899 :
674 4866 702 4895 «
729 4844 994 4918 Cumque
1025 4844 1083 4897 id
1116 4844 1540 4916 praedixissem,
1561 4846 1769 4913 Deum,
1790 4863 1992 4918 preca-

329 4920 431 4973 tus
463 4932 596 4970 sum
629 4920 693 4970 ut
723 4914 911 4970 falsus
941 4918 1102 4970 vates
1120 4914 1347 4973 essem.
1385 4941 1414 4969 ››

428 4987 521 5058 80)
552 4985 791 5058 Τούτων.
819 4987 959 5058 Mss.
997 4990 1375 5045 communius
1403 4986 1687 5044 τοιούτων.

430 5059 525 5133 81)
554 5057 849 5133 Πρότερον.
884 5057 1087 5133 Plures
1121 5076 1265 5133 mss.
1300 5062 1548 5126 addunt,
1580 5061 1672 5130 ἦν.

425 5130 516 5202 82)
549 5130 842 5205 Βρασμῷν,
902 5131 1338 5205 VertitVales.
1403 5157 1431 5184 «
1490 5139 1657 5189 terrae
1714 5136 1992 5189 motus.»

333 5202 609 5284 mosque,
643 5225 690 5284 «_
709 5203 780 5258 ad
814 5202 1275 5284 h_aac.hominu:_n
1308 5206 1645 5261 inhumana
1678 5205 1900 5278 species
1930 5219 1997 5260 ac

334 5273 630 5343 belluinae,
664 5274 797 5329 ferae
828 5273 1105 5344 denique,
1142 5301 1163 5327 ι
1203 5281 1313 5332 etc.

406 5345 521 5417 (83)
558 5345 1119 5417 Ἀπανθρωποτὰτων.
1177 5347 1261 5403 Ita
1320 5364 1523 5403 omnes
1581 5345 1828 5404 codices.
1889 5346 1996 5403 Lo-

336 5431 443 5539 gus
473 5415 567 5472 hic
599 5415 842 5473 omnino
895 5422 1205 5489 corruptus
1263 5418 1323 5475 in
1378 5420 1613 5475 Socrate
1662 5419 1791 5475 Par.
1832 5418 1998 5472 ἀπαν-

373 5505 601 5539 οωπων-

408 5506 575 5540 ωπων
588 5532 601 5543 .

660 5557 818 5635 φύσις
868 5556 1285 5631 ἐκαινοτόμησα.
1346 5561 1615 5633 Quinque
1666 5562 1843 5634 Regg.
1900 5562 1996 5617 Or.

338 5629 391 5696 1,
421 5628 615 5701 φύσεις
644 5628 863 5701 κάινοτο
873 5651 948 5701 μη
958 5628 1147 5692 θεῖσαι.

411 5700 528 5775 (85)
557 5703 644 5764 Ὠς
676 5702 775 5779 οὐᾼκ
805 5700 1134 5779 ἆφρρῷντος,
1178 5707 1288 5762 etc.
1344 5704 1701 5761 Claudianus
1731 5704 2000 5761 eamdem

337 5772 461 5833 fere
492 5772 855 5835 sententiam
878 5772 1056 5833 habet
1087 5792 1101 5833 :

406 4988 423 5199 ἓ

2110 3173 2239 3227 Haec
2275 3189 2401 3237 nos,
2438 3170 2537 3241 qui
2576 3170 2791 3223 frustra
2823 3168 3160 3241 vigilamus,
3193 3175 3370 3241 atque
3422 3170 3480 3224 in
3534 3175 3765 3226 noctur-

2112 3262 2200 3314 nis
2235 3260 2591 3316 stationibus
2640 3275 2954 3330 nugamur,
2986 3263 3042 3313 et
3074 3262 3273 3312 tamen
3306 3275 3405 3313 vos
3437 3259 3766 3329 prosterni-

2109 3349 2375 3404 mus.Ubi
2409 3353 2548 3402 sunt
2578 3348 2947 3419 grammatici
2976 3347 3111 3402 Pubi
3147 3345 3574 3402 consiliarii“?
3606 3347 3763 3403 Libet

2108 3438 2263 3492 enim
2288 3438 2360 3492 ab
2381 3437 2747 3491 indoctorum
2771 3436 3122 3491 nostratium
3148 3437 3498 3507 quodam,ut
3518 3436 3760 3507 quidem

2106 3528 2270 3582 vobis
2300 3527 2546 3591 videtur,
2582 3524 2999 3595 triumphalem
3033 3524 3319 3595 hymnum
3365 3525 3604 3579 mutari.
3653 3524 3756 3580 Ubi

2108 3615 2414 3679 sacriﬁcia,
2440 3619 2497 3669 et
2528 3630 2713 3679 sacra,
2735 3618 2791 3667 et
2817 3612 3093 3683 mysteria
3116 3613 3161 3646 ⁶⁰
3182 3613 3208 3665 ?
3240 3612 3336 3667 ubi
3369 3613 3617 3667 victima:
3640 3618 3761 3667 tam

2107 3710 2319 3777 apertae
2369 3720 2545 3774 quam
2596 3702 2883 3756 occultae?
2916 3701 3014 3756 ubi
3067 3702 3418 3773 aruspicinae
3466 3718 3581 3772 ars,
3635 3718 3765 3774 quis

2105 3795 2277 3849 laude
2330 3809 2395 3847 ac
2438 3791 2848 3863 praedicatione
2897 3790 3180 3845 effertur?
3230 3791 3326 3844 ubi
3381 3790 3756 3861 praescienties

2107 3883 2351 3949 vanitas,
2385 3888 2442 3936 et
2493 3880 2994 3950 ventriloquorum
3053 3878 3257 3951 signa?
3308 3880 3406 3934 ubi
3454 3880 3614 3935 clara
3662 3879 3765 3935 illa

2106 3971 2360 4045 Babylon
2396 3986 2663 4025 sermone
2689 3968 3001 4034 celebrata,
3036 3973 3093 4023 et
3124 3968 3436 4024 universus
3469 3974 3758 4024 terrarum

2105 4062 2262 4117 orbis
2289 4077 2387 4131 per
2411 4060 2687 4129 exiguum
2710 4064 2765 4113 et
2788 4059 3212 4113 exsecrandum
3232 4058 3581 4129 sanguinem
3607 4059 3761 4130 cogi-

2104 4151 2322 4206 tatione
2355 4151 2662 4220 perceptus
2684 4147 2712 4201 ‘?
2751 4146 2848 4200 ubi
2885 4146 3068 4202 Persa:
3099 4146 3184 4201 illi
3214 4150 3270 4200 et
3298 4147 3469 4211 Medi,
3502 4147 3602 4217 qui
3634 4163 3757 4201 ma-

2106 4240 2285 4295 nibus
2308 4235 2698 4293 tenebantur?
2732 4234 2829 4289 ubi
2863 4236 2944 4289 dii
2977 4234 3082 4303 illi,
3117 4235 3217 4307 qui
3252 4236 3535 4305 praeibant
3564 4239 3624 4291 et
3659 4236 3762 4308 qui

2245 4416 2403 4485 Saepe
2429 4416 2575 4469 mihi
2602 4413 2827 4468 dubiam
2857 4416 3032 4468 traxit
3061 4415 3338 4469 sententia
3365 4417 3602 4470 mentem

2249 4489 2524 4543 Curarent
2554 4487 2757 4555 Superi
2785 4490 2981 4552 terras,
3014 4502 3088 4539 an
3116 4486 3307 4540 nullus
3337 4488 3535 4541 inesset

2244 4560 2455 4623 nectar,
2490 4566 2540 4612 et
2574 4559 2781 4611 incerto
2809 4558 3044 4625 ﬂuerent
3072 4557 3335 4612 mortalia
3362 4572 3530 4612 cursu

2173 4701 2285 4772 (86)
2352 4692 2729 4755 Ἀντιδόσεως.
2812 4696 2952 4768 Reg.
3014 4697 3117 4765 hu,
3206 4697 3370 4752 Pass.
3456 4692 3757 4749 ἀνταποδό-

2102 4793 2259 4832 σεως.

2195 4845 2283 4911 87)
2315 4840 2661 4912 ’[ἶμιθνῆτες.
2697 4836 2856 4912 coll).
2889 4838 2946 4906 k,
2979 4838 3300 4911 ἡμιθνῆτοι.

2196 4916 2286 4987 88)
2317 4910 2498 4987 nec.
2536 4913 2699 4987 Herv.
2732 4910 2899 4987 ἡμᾷςτ

2200 4977 2290 5057 89)
2323 4977 2743 5065 Ἐπαινουμρνη.
2778 4977 2873 5039 Sic
2896 4982 3077 5107 Regg.
3112 4985 3360 5053 septem,
3409 4977 3569 5035 Colb.
3617 4983 3761 5063 tres,

2200 5077 2270 5107 is-
2305 5065 2415 5107 etc-
2469 5057 2662 5107 Paucx.
2713 5053 2980 5107 ἐπινοουυ.
3009 5074 3094 5107 νη.
3133 5074 3160 5107 α
3196 5054 3306 5107 Ars
3338 5068 3464 5107 aute
3493 5052 3565 5107 de
3597 5068 3761 5107 0881:

2105 5052 2283 5115 Pass:
2305 5065 2415 5113 etc.
2469 5052 2662 5121 PauCi,
2713 5052 3094 5125 ἐπινοουμένῖη.
3133 5074 3160 5107 α
3182 5052 3306 5109 ’Ars
3338 5068 3464 5125 quas
3493 5052 3565 5108 de
3597 5053 3764 5109 caesis

2106 5131 2254 5188 extis
2286 5146 2350 5183 ac
2383 5127 2713 5198 uisceribus
2744 5126 3071 5198 excogitata
3100 5128 3205 5198 est.
3246 5146 3297 5179 n.

2176 5203 2292 5274 (90)
2324 5197 2784 5274 Περινοουμὲνη,‹‹
2822 5194 2989 5274 Orbis
3013 5197 3323 5274 universus
3355 5194 3536 5274 animi
3565 5194 3637 5250 de
3658 5195 3763 5274 sti-

2109 5263 2343 5329 natione
2378 5263 2727 5343 przeceptus.
2765 5293 2790 5318 υ
2822 5271 2914 5325 Sic
2946 5272 3075 5323 Put.
3110 5269 3168 5322 in
3198 5269 3490 5343 Phocione,
3551 5263 3763 5343 μεγαλα

2107 5348 2223 5405 ταῖς
2256 5338 2435 5398 ἐλπίσι
2468 5338 2755 5416 περινοῶν·
2797 5365 2823 5392 (ι
2862 5346 2971 5411 Spe
3012 5356 3228 5413 magna
3263 5340 3458 5395 animo
3505 5338 3759 5409 comple-

2105 5434 2391 5575 Χίῗέᾖίῖῡῖι
2438 5481 2927 5575 προπεμπόμενοι,
2971 5480 3060 5535 καὶ
3107 5481 3575 5575 καραπὲμποντες.
3605 5477 3761 5575 Εςίῐί

2110 5554 2334 5615 addunt
2368 5577 2379 5613 :
2414 5554 2502 5611 καὶ
2536 5554 2979 5631 προπέμποντες,
3014 5554 3524 5631 quod'delevimus
3557 5554 3760 5631 aucto-

2112 5634 2281 5686 ritate
2314 5648 2412 5685 sex
2444 5621 2619 5703 Regg.
2785 5629 2862 5703 _i_,_
2891 5632 3000 5703 etc.
3031 5621 3313 5703 Agnoscit
3357 5631 3551 5703 tamen
3593 5621 3761 5703 Com:

2110 5705 2225 5759 bef.
2259 5712 2313 5759 et
2344 5695 2605 5770 vertitfi
2638 5699 2728 5755 Dii
2782 5698 2865 5751 illi
2912 5695 3153 5755 honoris
3205 5715 3382 5755 causa
3420 5695 3677 5759 deducti,
3707 5695 3765 5747 et

2114 5777 2470 5833 deducentes
2502 5790 2569 5830 ac
2599 5770 2863 5828 comites.
2902 5793 2928 5819 ››

2812 4696 2952 4768 Reg.
3014 4697 3117 4765 hu,
