4028 6426
368 432 485 497 69⁵7

1366 433 1658 494 ORATIO
1703 434 1777 495 V.
1811 464 1891 477 -—
1920 430 2236 493 CONTRA
2279 434 2671 497 JULlANUM
2720 436 2797 496 II.

3672 438 3790 501 698

370 587 478 620 νων
510 568 587 640 (1)
627 562 960 640 θρασύτητος
986 565 998 620 l
1033 560 1485 638 Ἐπηγγέλθημεν
1527 562 1640 618 ἀντ’
1670 559 1844 618 ἄλλου
1874 560 2021 624 τινὸς

2152 567 2293 621 lacob
2323 566 2368 601 ⁷³
2387 567 2415 621 ‘I
2443 566 2487 623 Ο
2518 566 2893 625 incredibiles
2942 567 3342 626 narrationes!
3377 569 3420 626 Ο
3450 586 3648 627 rerum
3689 587 3789 642 spe

374 656 573 733 ἱερείου
601 659 721 716 τοῖς
755 651 995 726 δαίμοσι*
1028 653 1115 708 καὶ
1147 655 1181 722 ἡ
1220 652 1430 729 μεγάλη
1463 658 1561 707 τοῦ
1592 656 1724 707 Θεοῦ
1754 652 2022 728 κληρονοο

381 746 500 819 μία,
584 746 648 799 τὸ
734 741 886 818 ἅγιον
960 741 1130 809 ἔθνος,
1206 744 1268 798 τὸ
1345 742 1619 818 βασίλειον
1709 742 2019 818 ἱεράτευμα,

378 841 506 907 μιᾶς
538 832 701 889 ἆθλον
754 829 993 899 ἐλπίδος,
1042 831 1131 887 καὶ
1165 832 1282 895 ἰνὸς
1313 831 1566 906 πολεμου
1599 835 1673 906 (2)
1704 833 2018 906 νικητήριον

376 922 488 1001 ἔγεν
497 922 523 977 ό
533 924 685 996 μεθα.

453 1100 566 1155 ΚΖ’.
600 1102 772 1153 Ταῦτα
818 1100 1161 1171 Χριστιανοῖς
1223 1100 1369 1174 παρὰ
1413 1103 1508 1154 σοῦ
1539 1098 1652 1153 ἀνθ’
1695 1100 1768 1153 ὧν
1820 1098 2027 1167 ἐσώθης

382 1187 452 1243 δι’
490 1187 663 1242 αὐτῶν
696 1192 877 1248 κακῶς
934 1189 1000 1242 τὰ
1048 1188 1298 1263 ἐπίχειρα
1346 1191 1459 1261 (3);
1509 1193 1685 1243 Ταῦτα
1744 1188 2028 1261 Κυρίῳτῷ

379 1280 494 1348 Θεῷ
541 1298 637 1331 σου
693 1273 1113 1345 ἀνταπέὃωκας;
1181 1277 1449 1353 Πρότερον
1495 1279 1587 1350 μὲν
1623 1276 1713 1333 οῦν
1743 1282 1841 1350 (4),
1875 1277 2032 1347 ἡνίκα

374 1362 453 1421 ἔτι
513 1366 701 1440 ἀνεῖχε
756 1365 845 1419 καὶ
895 1360 1225 1421 ἀνεϐάλλετο
1274 1368 1374 1435 τὴν
1430 1368 1565 1442 ὑπὲρ
1601 1370 1760 1439 ἡμῶν
1798 1366 1967 1441 ὀργὴν
2001 1368 2028 1421 ὁ

380 1454 532 1523 Θεὸς,
597 1456 688 1508 καὶ
747 1453 899 1508 οὕπω
946 1454 1118 1509 πάντα
1164 1455 1255 1510 τὸν
1336 1455 1527 1509 ἑαυτοῦ
1588 1455 1755 1525 ζῆλον
1818 1455 2028 1528 ἐξέκαυ-

379 1564 466 1598 σεν
508 1545 605 1616 (5),
641 1541 767 1598 ἀλλ’
821 1542 1041 1616 ὑψηλὴν
1093 1540 1170 1598 ἔτι
1217 1546 1355 1599 κατὰ
1390 1550 1497 1599 τῶν
1547 1541 1754 1599 ἀσεϐῶν
1785 1545 1902 1620 εἶχε
1929 1546 2028 1613 τὴν

378 1646 562 1718 χεῖρα,
594 1639 683 1695 καὶ
740 1641 802 1695 τὸ
848 1641 1001 1712 τόξον
1041 1640 1264 1697 ἐνέτεινε
1310 1643 1404 1716 μὶν
1464 1643 1551 1697 καὶ
1612 1643 1880 1717 ἡτοίμασε
1931 1647 2028 1718 (6),

380 1735 605 1805 κατεῖχε
661 1727 718 1784 δὲ
781 1730 888 1804 βίᾳ,
948 1730 1037 1785 καὶ
1093 1730 1273 1806 ὥσπερ
1328 1753 1382 1786 τι
1428 1732 1643 1806 νόσημα
1671 1731 1911 1787 ὓπουλον
1942 1733 2031 1787 καὶ

375 1819 643 1889 κακόηθες
702 1818 991 1895 ἐκραγῆναι
1044 1820 1306 1895 πρότερον
1379 1824 1454 1895 (7)
1514 1821 1651 1891 ὅλην
1711 1822 1873 1877 αὐτοῦ
1930 1824 2030 1892 τὴν

2130 660 2541 727 conceptarum
2578 658 2963 714 temeritatem
2994 659 3005 713 l
3040 660 3435 725 Daemonibus,
3468 660 3657 716 instar
3686 678 3785 715 cu-

2126 747 2365 816 jusdam
2423 746 2573 803 alius
2628 749 2898 820 victimae,
2961 748 3238 822 promissi
3297 749 3596 805 fueramus
3648 767 3661 804 :
3725 767 3790 805 ac

2134 852 2350 906 magna
2377 836 2477 892 illa
2523 838 2618 892 Dei
2652 838 2986 905 haereditas,
3031 854 3161 909 gens
3208 839 3311 893 illa
3356 847 3570 904 sancta,
3602 840 3792 907 regale

2131 922 2501 978 sacerdotium
2531 925 2595 992 73,
2630 925 2807 981 unius
2856 925 2980 996 spei
3013 926 3337 997 premium,
3392 932 3570 997 atque
3618 925 3795 981 unius

2132 1010 2270 1067 belli
2306 1012 2498 1084 palma
2528 1013 2661 1069 facli
2694 1030 2950 1069 eramus.

2206 1101 2421 1158 XXVII.
2455 1103 2583 1158 Haec
2634 1108 2697 1159 tu
2747 1103 2969 1160 scilicet
3010 1103 3357 1160 Christianis
3412 1104 3485 1159 ob
3543 1102 3793 1160 salutem

2139 1208 2241 1263 per
2269 1208 2368 1247 eos
2401 1191 2553 1248 male
2603 1198 2897 1264 acceptam
2955 1193 3195 1266 praemia
3238 1194 3488 1249 retulisti
3512 1194 3539 1249 ‘?
3575 1195 3701 1249 Haec
3731 1198 3795 1248 tu

2139 1280 2384 1337 Domino
2414 1282 2530 1337 Deo
2562 1286 2661 1337 tuo
2684 1283 3003 1355 rependisti
3025 1284 3051 1337 ‘I
3074 1292 3155 1338 Ac
3179 1285 3342 1355 prius
3390 1284 3627 1355 quidem
3661 1300 3795 1340 cum

2140 1375 2293 1425 Deus
2324 1388 2491 1426 suam
2530 1389 2633 1443 pro
2668 1372 2835 1427 nobis
2859 1373 3007 1427 iram
3041 1373 3232 1428 adhuc
3254 1373 3591 1440 sustineret,
3622 1377 3798 1445 atque

2139 1459 2416 1528 diti‘erret,
2451 1462 2701 1517 necdum
2730 1460 2918 1517 zelum
2951 1479 3185 1518 omnem
3219 1480 3391 1518 suum
3427 1463 3799 1518 inﬂammas-

2140 1553 2249 1614 set,
2281 1566 2485 1605 verum
2517 1551 2829 1607 sublimem
2881 1551 3073 1607 adhuc
3104 1553 3384 1608 adversus
3431 1552 3646 1625 impios
3676 1569 3801 1608 ma-

2142 1654 2285 1693 num
2316 1638 2575 1706 haberet,
2609 1645 2785 1712 atque
2817 1657 3038 1709 arcum,
3064 1640 3442 1712 tametsijam
3477 1642 3798 1697 adductum

2141 1731 2200 1782 et
2226 1732 2518 1800 paratum,
2543 1746 2644 1801 per
2673 1730 2788 1784 vim
2822 1730 3115 1795 retineret.
3140 1731 3542 1803 tantisperque
3571 1746 3803 1803 exspec-

2141 1820 2311 1887 taret,
2344 1818 2485 1872 dum
2534 1824 2656 1873 tota
2687 1819 2848 1874 illius
2891 1820 3259 1891 improbitas,
3295 1820 3462 1893 quasi
3494 1818 3805 1891 supputri--

382 1908 649 1985 πονηρίαν
697 1910 967 1982 ἀνέμενεν,
1026 1909 1206 1985 ὣσπερ
1268 1908 1332 1980 δὴ
1388 1914 1463 1984 (8)
1508 1916 1641 1967 Θεοῦ
1687 1912 1915 1987 κρίσεως
1945 1913 2032 1969 νό-

2152 1906 2256 1960 dus
2287 1911 2343 1961 et
2392 1907 2690 1979 malignus
2739 1908 2979 1975 quidam
3030 1911 3292 1975 morbus,
3342 1909 3672 1980 erupisset;
3705 1908 3801 1963 hic

395 2020 519 2073 μος,
574 1996 646 2053 ’ίν’
684 2000 718 2068 ἢ
753 2001 898 2074 σώσῃ
953 1998 1022 2074 τῇ
1070 2000 1324 2074 μετανοίᾳ
1370 2003 1404 2071 ἢ
1437 2000 1739 2073 κολάσηται
1773 2001 2037 2059 δικαιότε-

391 2106 483 2163 ρον
508 2105 521 2118 ⁶
554 2087 679 2142 τότε
712 2088 831 2161 μὶν,
864 2085 1378 2165 δυσανασχετοῦντες
1407 2097 1522 2152 τοῖς
1562 2090 1890 2166 γινομένοις,
1949 2092 2038 2148 καὶ

390 2178 528 2253 πρὸς
582 2178 645 2231 τὸ
708 2175 913 2250 μέλλον
970 2178 1264 2251 κάμνοντες
1313 2173 1408 2253 (οὗ
1458 2180 1560 2255 γὰρ
1619 2180 1880 2257 ἐφέρομεν
1937 2184 2037 2253 τὴν

388 2267 882 2342 ἀποκρυπτομένην
952 2268 1116 2323 αὐτοῦ
1190 2274 1305 2330 τοῖς
1361 2268 1588 2331 οἰκείοις
1641 2271 2037 2347 χρηστότητα),

387 2354 591 2417 ἐκείνας
646 2355 877 2431 ἠφίεμεν
934 2358 1010 2428 (9)
1066 2358 1204 2432 πρὸς
1262 2358 1354 2411 τὸν
1412 2358 1538 2413 Θεὸν
1591 2359 1686 2420 τὰς
1738 2360 1940 2436 φωνὰς,
1974 2362 2040 2415 τὰ

397 2442 489 2516 μὶν
519 2446 631 2516 (10)
662 2445 736 2506 ὡς
769 2442 1036 2515 δεσπότην
1069 2444 1513 2519 ἐπικαλούμενοι,
1568 2447 1635 2501 τά
1667 2444 1725 2502 δὲ
1782 2448 1856 2509 ὡς
1901 2450 2037 2524 πρὸς

391 2532 597 2607 πατέρα
625 2534 867 2608 χρηστὸν
890 2534 1279 2608 ποτνιώμενοι,
1311 2536 1378 2590 τὰ
1419 2533 1476 2590 δὲ
1516 2536 1627 2589 οἷον
1686 2534 2034 2605 ὀνειδίζοντες

382 2621 474 2677 καὶ
535 2620 1046 2699 δικαιολογούμενοι
1106 2626 1243 2701 πρὸς
1300 2625 1482 2696 αὐτὸν,
1529 2625 1617 2680 οἶα
1670 2627 1738 2681 τὰ
1784 2632 1891 2681 τῶν
1936 2628 2033 2684 ἆλ-

377 2711 661 2786 γούντων·
722 2714 838 2769 Ἵνα
893 2712 945 2769 ἰί
999 2715 1223 2783 ἀπώσω,
1278 2716 1306 2769 ὁ
1363 2716 1515 2781 Θεὸς,
1575 2714 1653 2777 εἷς
1694 2714 2032 2793 τέλος;ὠρ-

374 2798 533 2877 γίσθη
580 2803 608 2857 ὁ
667 2802 841 2876 θυμός
891 2825 986 2858 σου
1045 2803 1134 2858 ἐπὶ
1193 2802 1440 2878 πρόϐατα
1498 2813 1677 2879 νομῆς
1735 2826 1868 2876 σου;
1929 2808 2033 2863 Καὶ

393 2891 659 2961 μνήσθητι
734 2898 837 2961 τῆς
906 2901 1218 2969 συναγωγῆς
1293 2916 1409 2963 σου,
1494 2897 1560 2964 ἧς
1647 2894 1859 2967 ἐκτήσω
1945 2898 2033 2950 ἀπ’

386 2979 587 3054 ἀρχῆς,
638 2982 699 3050 ἢν
750 2985 1121 3055 περιεποιήσω
1168 2990 1284 3045 τοῖς
1336 2988 1431 3039 τοῦ
1495 2990 1817 3060 μονογενοῦς
1856 2985 2034 3063 Λόγου

388 3091 483 3124 σου
514 3072 757 3139 πάθεσιν,
814 3074 874 3142 ἣν
921 3080 1022 3143 τῆς
1075 3073 1319 3150 μεγάλης
1353 3096 1448 3128 σου
1482 3072 1749 3145 διαθήκης
1779 3077 2033 3148 ἠξίωσας,

381 3162 443 3229 ἣν
475 3160 563 3215 καὶ
596 3158 845 3225 ε’ίλκυσας
905 3164 981 3225 εἷς
1039 3163 1299 3240 οὐρανοὺς
1358 3167 1469 3237 (11)
1512 3170 1590 3236 τῷ
1634 3170 1800 3237 καινῷ
1834 3187 2038 3237 μυστη-

387 3248 513 3324 ρίῳ,
565 3251 655 3304 καὶ
700 3256 780 3324 τῷ
837 3250 1114 3328 ἀρῥαθῖὦνι
1169 3258 1266 3307 τοῦ
1329 3253 1673 3327 Πνεύματος’
1735 3256 1823 3310 καὶ
1897 3257 2033 3309 Ἔπ-

380 3358 509 3413 αρον
566 3341 661 3403 τὰς
720 3343 910 3417 χεῖράς
972 3364 1065 3397 σου
1123 3343 1210 3398 ἐπὶ
1263 3344 1356 3405 τὰς
1428 3343 1801 3422 ὑπερηφανίας
1859 3345 2034 3400 αὐτῶν

380 3426 455 3489 είς
532 3428 712 3500 τὲλος,
792 3430 1302 3503 ὑπομιμνήσκοντες
1374 3435 1487 3507 (12)
1565 3432 1665 3487 ὅσα
1740 3432 2035 3510 ἐπονηρεό-

380 3536 539 3570 σαντο
606 3519 743 3572 κατὰ
807 3523 914 3574 τῶν
984 3520 1146 3594 ἁγίων
1226 3543 1321 3575 σου
1390 3523 1441 3576 οἱ
1510 3522 1700 3597 ἐχθροὶ
1756 3524 1845 3578 καὶ
1901 3525 2039 3578 κατά

378 3608 486 3658 τῶν
546 3605 750 3680 ἑορτῶν
811 3628 905 3661 σου
964 3607 1375 3683 ἐκαυχήσαντο·
1460 3613 1559 3679 τὴν
1641 3611 1908 3690 ῥομφαίαν
1979 3633 2038 3668 τε

383 3691 841 3767 προεκαλούμεθα
894 3699 1031 3768 (13),
1064 3697 1278 3758 καὶτὰς
1317 3697 1695 3772 Αἴγυπτιακὰς
1748 3702 2035 3777 μάστιγας,

381 3782 471 3837 καὶ
518 3779 730 3838 δικάσαι
788 3785 887 3853 τήν
941 3784 1133 3839 ἑαυτοῦ
1185 3782 1338 3856 δίκην
1390 3788 1668 3860 ἠξιοῦμεν,
1726 3788 1815 3843 καὶ
1862 3787 2039 3846 διανα-

379 3871 567 3941 στῆναί
623 3874 736 3946 (14)
787 3894 921 3928 ποτε
971 3871 1391 3948 διεκελευόμεθα
1438 3875 1573 3930 κατὰ
1618 3880 1725 3931 τῶν
1788 3874 2032 3934 ἀσεϐῶν*

380 3965 526 4023 Ἕως
583 3961 717 4017 πότε
770 3960 1091 4037 ἀμαρτωλοῖ
1151 3963 1334 4039 Κύριε,
1399 3964 1669 4040 λέγοντες,
1748 3962 1851 4031 ἕως
1904 3969 2036 4025 πότε

382 4047 705 4125 ἁμαρτωλοὶ
780 4053 1173 4127 καυχήσονται,
1254 4053 1345 4108 τόν
1428 4075 1488 4108 τε
1573 4054 1702 4110 λαόν
1778 4078 1873 4111 σου
1947 4079 2036 4112 τα-

381 4141 729 4210 πεινώσουσι,
837 4144 927 4196 καὶ
1032 4144 1129 4211 τὴν
1214 4143 1591 4220 κληρονομίαν
1675 4167 1769 4201 σου
1854 4148 2034 4201 κακώ-

379 4254 552 4304 σουσι,
643 4234 957 4312 φθέγξονταί
1040 4256 1100 4289 τε
1185 4236 1394 4309 ὁμοίως
1458 4238 1683 4311 ἀνομίαν
1763 4239 1852 4293 καὶ
1908 4238 2035 4315 δρά-

378 4343 526 4376 σουσι
559 4341 572 4391 ;
632 4324 722 4377 καὶ
780 4324 887 4395 μὴν
921 4322 1166 4385 κάκείνας
1198 4322 1273 4379 ἔτι
1302 4324 1397 4387 τὰς
1457 4326 1653 4400 γοερὰς
1709 4327 1796 4381 καὶ
1825 4328 2031 4382 τούτων

376 4411 707 4487 οἰκειοτέρας
766 4416 880 4483 (15)
944 4412 1148 4490 φωνάς·
1206 4417 1372 4470 ’Έθου
1439 4419 1588 4489 ἡμᾶς
1666 4417 1740 4481 εἷς
1813 4417 2032 4475 ἀντιλο-

2144 1996 2301 2050 enim
2325 1996 2729 2068 divinijudicii
2763 2015 2890 2054 mos
2912 2004 3018 2064 est,
3044 2004 3109 2053 ut
3133 1999 3220 2054 vel
3255 2015 3356 2071 per
3398 1998 3800 2070 paenitentiam

2144 2083 2394 2140 salutem
2421 2085 2645 2152 afferat,
2678 2086 2765 2143 vel
2793 2087 3030 2158 justiori
3061 2086 3233 2143 titulo
3264 2089 3505 2160 puniat:
3535 2092 3661 2142 tum
3693 2103 3801 2142 nos

2144 2189 2231 2243 ea,
2264 2191 2391 2245 quae
2443 2175 2679 2243 fiebant,
2711 2192 2859 2248 aegre
2889 2180 2946 2231 et
2976 2177 3178 2231 acerbe
3215 2177 3485 2242 ferentes,
3520 2180 3694 2247 atque
3726 2175 3798 2230 ad

2144 2264 2410 2319 futurum
2442 2266 2656 2321 animis
2687 2266 3022 2322 fatiscentes
3067 2267 3197 2338 (nec
3230 2265 3386 2321 enim
3416 2265 3605 2337 ipsius
3636 2265 3796 2320 beni-

2143 2355 2425 2427 gnitatem
2476 2355 2600 2411 suis
2648 2355 3052 2411 absconditam
3102 2354 3459 2425 ferebamus)
3504 2371 3518 2422 ;
3571 2354 3676 2409 has
3725 2354 3798 2409 ad

2142 2443 2325 2498 Deum
2381 2459 2549 2498 voces
2606 2444 3047 2515 emittebamus,
3100 2443 3311 2516 partim
3369 2447 3435 2497 ut
3491 2442 3797 2498 dominum

2143 2532 2501 2603 invocantes,
2536 2533 2749 2605 partim
2803 2537 2866 2588 ut
2895 2534 3050 2604 apud
3101 2533 3419 2604 benignum
3468 2537 3524 2588 et
3570 2531 3798 2587 facilem

2143 2627 2366 2695 patrem
2418 2626 2862 2694 conquerentes,
2908 2623 3121 2695 partim
3182 2622 3334 2678 165
3393 2621 3552 2677 velut
3599 2637 3799 2693 expro-

2144 2713 2401 2779 brantes,
2436 2718 2493 2767 et
2521 2729 2655 2767 cum
2688 2729 2753 2768 eo
2784 2711 3244 2783 expostulantes,
3278 2716 3342 2767 ut
3389 2712 3577 2766 solent
3607 2711 3708 2782 qui
3740 2711 3801 2765 in

2144 2800 2340 2856 dolore
2370 2805 2678 2856 versantur
2710 2817 2723 2855 :
2760 2802 2825 2859 Ut
2855 2802 3176 2872 quid,Deus,
3207 2800 3475 2871 repulisti
3506 2802 3561 2855 in
3596 2801 3809 2871 ﬁnem?

2144 2892 2320 2945 iratus
2358 2900 2437 2945 est
2479 2893 2639 2961 furor
2668 2900 2796 2945 tuus
2824 2907 2990 2963 super
3017 2906 3139 2947 oves
3162 2906 3386 2961 pascuae
3410 2897 3527 2947 tuae
3546 2893 3571 2944 ?
3607 2890 3806 2945 Memor

2143 2984 2252 3035 esto
2282 2981 2732 3050 congregationis
2763 2984 2895 3046 tuae,
2931 2997 3098 3051 quam
3126 2980 3413 3051 possedisti
3440 2980 3511 3034 ab
3542 2980 3715 3035 initio
3734 2980 3799 3048 7‘,

2146 3086 2321 3141 quam
2357 3069 2642 3141 unigeniti
2688 3070 2853 3125 Verbi
2885 3070 2971 3125 tui
3003 3069 3379 3141 passionibus
3428 3068 3535 3123 tibi
3566 3085 3806 3140 compa-

2147 3160 2312 3227 rasti,
2347 3176 2525 3231 quam
2575 3176 2786 3231 magno
2827 3164 2927 3215 tuo
2958 3160 3171 3215 foedere
3201 3158 3477 3232 dignatus
3508 3175 3591 3226 es,
3627 3174 3805 3230 quam

2147 3266 2249 3320 per
2270 3265 2485 3304 novum
2508 3250 2853 3322 mysterium
2879 3254 2934 3304 et
2958 3249 3214 3321 Spiritus
3246 3249 3481 3304 arrham
3506 3248 3565 3302 in
3598 3246 3806 3302 ccelum

2148 3339 2377 3395 traxisti
2403 3357 2416 3406 ;
2439 3345 2496 3394 et
2521 3357 2532 3395 :
2567 3342 2705 3395 Leva
2734 3356 2933 3395 manus
2963 3348 3084 3395 tuas
3123 3341 3185 3394 in
3212 3340 3500 3411 superbius
3528 3354 3719 3393 eorum
3749 3338 3810 3391 in

2146 3430 2335 3499 ﬁnem,
2369 3429 2429 3483 in
2462 3429 2805 3485 memoriam
2833 3434 3191 3499 revocantes,
3226 3433 3434 3499 quanta
3476 3433 3652 3484 essent
3684 3444 3808 3481 ma-

2150 3519 2353 3590 lignati
2406 3520 2676 3575 adversus
2730 3524 2945 3574 sanctos
3000 3521 3123 3574 tuos
3177 3519 3420 3587 inimici,
3452 3525 3502 3572 et
3548 3516 3812 3571 adversus

2148 3610 2520 3666 solemnitates
2579 3618 2699 3664 tuas
2752 3609 2987 3679 gloriati
3041 3607 3122 3675 7‘;
3172 3606 3436 3679 gladium
3496 3606 3694 3671 etiam,
3752 3610 3810 3660 et

2148 3699 2517 3771 Egyptiacas
2546 3699 2750 3771 plagas
2801 3698 3284 3768 provocabamus,
3336 3700 3532 3766 atque,
3566 3698 3631 3750 ut
3672 3710 3809 3749 cau-

2150 3804 2277 3844 sam
2337 3798 2504 3843 suam
2562 3787 2687 3858 ipse
2726 3787 3044 3857 judicaret,
3076 3785 3433 3856 tandemque
3491 3782 3808 3853 aliquando

2150 3878 2428 3932 adversus
2460 3876 2674 3947 impios
2705 3878 3062 3947 exsurgeret,
3096 3874 3472 3946 rogabamus,
3509 3874 3806 3944 Usquequo,

2149 3968 2397 4033 Domine,
2431 3966 2712 4033 dicentes,
2745 3979 3021 4036 usquequo
3048 3966 3371 4035 peccatores
3396 3961 3805 4033 gloriabuntur,

2144 4058 2525 4132 populumque
2555 4062 2711 4111 tuum
2741 4055 3138 4125 humiliabunt,
3171 4056 3220 4108 et
3249 4052 3627 4108 hareditatem
3654 4055 3809 4105 tuam

2147 4149 2449 4212 vexabant,
2497 4148 2953 4217 iniquitatemque
2982 4147 3031 4199 et
3080 4144 3371 4213 loquentur
3416 4144 3473 4195 et
3515 4145 3807 4212 perpetra-

2149 4238 2380 4295 bant“?
2404 4236 2553 4302 Quin
2582 4234 2691 4290 has
2720 4249 2951 4305 quoque
2980 4232 3284 4286 luctuosas
3315 4234 3373 4285 et
3405 4229 3809 4301 superioribus

2146 4329 2405 4401 aptiores
2450 4342 2620 4381 voces
2658 4323 3163 4395 adjungebamus:
3192 4321 3434 4376 Posuisti
3461 4335 3559 4373 nos
3591 4321 3651 4372 in
3680 4334 3809 4372 con-

2147 4419 2531 4475 tradictionem
2562 4419 2612 4471 et
2637 4413 2907 4485 probrum
2948 4413 3149 4469 vicinis
3190 4412 3417 4478 nostris,
3448 4410 3505 4465 in
3535 4408 3806 4464 similitu-

449 4566 496 4601 ⁷²
526 4567 706 4621 Amos
735 4583 858 4635 vm,
890 4570 944 4623 7.
1021 4570 1065 4605 ⁷³
1095 4570 1117 4626 Ι
1147 4571 1299 4627 Petr.
1336 4588 1399 4644 ιι,
1430 4573 1487 4627 9.
1563 4574 1610 4608 ⁷⁴
1638 4573 1790 4630 Psal.
1826 4592 2020 4648 LXXIII,

2152 4576 2195 4631 2..
2269 4574 2316 4607 ⁷⁵
2346 4571 2490 4626 Ibid.
2523 4571 2578 4639 3,
2612 4570 2664 4624 4.
2740 4569 2784 4604 ’³⁵
2814 4566 2966 4623 Psal.
2998 4582 3158 4634 xcm,
3188 4566 3307 4622 3-5.

447 4717 527 4791 (1)
555 4715 980 4791 Ἑλπιζομὲνων.
1048 4721 1112 4777 In
1180 4723 1431 4779 Montac.
1502 4728 1559 4779 et
1621 4724 1879 4781 Combef.

378 4788 817 4872 ἐπηγγελμένων.
838 4814 868 4842 ‹‹
892 4793 937 4847 Ο
966 4797 1234 4872 votorum
1268 4795 1658 4851 temeritatem
1686 4796 1849 4854 lvoto
1880 4788 2037 4855 enim

376 4865 565 4920 devoti
599 4879 857 4931 eramus,
895 4886 924 4914 »
955 4870 1065 4921 etc.

448 4936 523 5061 (2)
556 4933 651 4987 Καὶ
685 4934 798 4997 ἑνὸς
829 4934 1100 5009 πολέμου.
1139 4958 1166 4986 ‹‹
1198 4936 1381 4993 Unius
1430 4937 1565 4993 belli
1599 4955 1664 4994 ac
1699 4939 1878 5010 prazlii
1915 4941 2037 5015 pia-

473 5007 590 5061 aris
622 5006 815 5061 hostia
845 5012 1019 5061 atoue
1048 5008 1289 5061 victima
1320 5010 1453 5061 facti
1484 5026 1741 5061 eramus.
1778 5032 1804 5060 υ

375 5006 815 5080 cularishostia
845 5006 1019 5080 atque
1048 5008 1289 5064 victima
1320 5010 1453 5064 facti
1484 5006 1741 5066 eramus.
1778 5032 1804 5060 »

446 5080 521 5151 (3)
545 5077 620 5154 Τὰ
649 5076 940 5154 ἐπίχειραξ
975 5081 1069 5136 Sic
1100 5081 1161 5135 in
1194 5098 1338 5137 mss.
1374 5083 1654 5138 scribitur
1684 5100 1818 5138 cum
1850 5081 2034 5138 inter-

374 5151 699 5208 rogationis
732 5151 888 5207 nota.

470 5225 522 5305 ρ)
554 5222 691 5305 ριξνῶ
714 5224 887 5278 Deest
918 5222 1305 5305 inﬁplerisque
1336 5223 1659 5305 codicibus.

377 5292 523 5420 ἐξἑῧ)
584 5292 912 5364 Ἐξέκαυσεν.
970 5292 1063 5350 Sic
1121 5292 1283 5352 Pass.
1339 5295 1556 5367 aliique
1622 5297 1841 5369 plures.
1903 5300 2034 5353 Par.

459 5386 629 5420 καιεν.

459 5386 629 5421 καιεν.

406 5366 988 5511 εἷθῗιξᾶτοίμασεηηα
1034 5437 1210 5511 Regg.
1267 5442 1539 5509 quatuor,
1591 5439 1751 5495 Colb.
1784 5439 1837 5494 3.
1872 5439 2031 5495 Pass.

372 5508 480 5564 etc.
507 5508 618 5564 Ed.
651 5508 781 5582 _Par.
819 5508 1130 5582 ηὐτρέπιζεζ

446 5582 522 5652 (7)
556 5579 845 5657 gpdrepov.
902 5579 996 5637 Sic
1056 5580 1427 5637 restituimus
1476 5582 1821 5638 auctoritate
1878 5582 2034 5637 codi-

374 5669 506 5725 cum
519 5696 529 5708 .
565 5653 695 5707 Par.
728 5653 943 5725 πρῶτον
956 5695 967 5706 .

556 5719 873 5799 ξὨσπερδή.
900 5726 1045 5799 _B.eg.
1084 5723 1147 5799 b._
1158 5723 1606 5799 _Mont._"0crmp-
1623 5719 1713 5799 δή.

446 5794 524 5869 (9)
556 5794 834 5872 Ἠφίεμεν.
894 5794 1022 5854 810⁷
1043 5795 1294 5852 codices.
1353 5796 1517 5855 Pass.
1564 5794 1847 5873 ἦφίημιν.
1905 5800 2037 5854 Par.

1948 4746 2037 4812 γρ·
2070 4730 2117 4794 D
2148 4719 2559 4812 θάἱίλὲιέεμεξο

2220 4797 2336 4865 (10)
2361 4787 2582 4864 rapam
2618 4789 2723 4865 Sic_
2758 4787 3221 4858 emendavimus,
3270 4790 3328 4843 et
3374 4787 3670 4859 deinceps,
3706 4788 3806 4843 ubi

2149 4860 2240 4923 ed.
2277 4860 2404 4921 Par.
2438 4860 2631 4929 habet,
2662 4860 2777 4920 τάς.

2218 4939 2459 5011 (11)Ἤν
2516 4926 2673 5011 καὶξ.ζ
2714 4931 2802 5011 ,εἷς
2862 4929 3146 5007 οὐρανούς.
3196 4931 3359 4986 Pass.
3406 4926 3473 4997 ἦν
3522 4928 3682 4986 καὶ...
3730 4928 3806 4984 εἷς

2147 5002 2393 5083 οὐρανόν.
2428 5009 2557 5063 Par.
2590 5003 2678 5083 xui
2708 5002 2796 5076 ἦν,
2830 5002 2940 5060 etc.

2217 5073 2327 5153 (12)
2358 5073 2919 5158 Ὑπομιμνήσκοντες.
2974 5077 3062 5131 Ita
3108 5074 3588 5158 Regg._septem_,
3641 5073 3802 5158 polb.

2147 5146 2419 5225 quatuor,
2454 5146 2808 5225 Pass.i,'etc.,
2846 5165 2974 5225 qua:
3002 5164 3113 5203 vox
3150 5146 3401 5225 refertur
3430 5146 3501 5201 ad
3549 5146 3808 5225 ﬁtpi‘epsv,

2147 5217 2179 5275 (ἱ
2210 5241 2378 5280 voces
2407 5217 2892 5279 emittebamus..'.
2927 5220 2985 5274 in
3019 5217 3362 5274 memoriam
3395 5217 3808 5274 revocantes.»

2148 5296 2327 5352 Mont.
2386 5296 2843 5368 ὑπομιμνήσκων.
2887 5292 2989 5347 Ed.
3040 5295 3171 5345 Par.
3226 5288 3530 5362 ὑπὲμεινες,
3564 5313 3592 5341 ‹‹
3627 5291 3807 5346 susti-

2147 5368 2363 5424 nuistis--
2386 5390 2413 5418 »

2244 5442 2330 5511 13)
2362 5434 2838 5511 Προεκαλούμεθα.
2873 5436 3041 5511 Pass.
3068 5430 3573 5511 προσεκαλούμεθα.

2244 5442 2330 5511 13)
2362 5440 2838 5511 Προεκαλούμεθα.
2873 5440 3034 5491 Pass.
3068 5440 3573 5508 προσεκαλούμεθα.

2218 5440 2334 5583 (14)
2364 5516 2737 5577 Διαναστῆναι,
2771 5513 2880 5564 etc.
2912 5505 3120 5563 Billius
3154 5521 3168 5563 :
3202 5528 3230 5556 «
3264 5506 3634 5572 excitaretur,
3676 5504 3808 5560 hor-

2150 5583 2440 5639 tabamur.
2476 5605 2504 5631 »

2218 5656 2327 5726 (15)
2362 5650 2738 5727 Οἰκειοτὲραςη
2771 5651 2972 5707 Comb.
3006 5648 3168 5727 legit,
3196 5646 3560 5727 οἷκτροτὲρας.
3594 5669 3622 5696 κ
3656 5647 3802 5700 Luc-

2145 5722 2351 5784 tuosas
2403 5722 3028 5794 voces,'majoremque
3074 5722 3517 5780 miserationem
3565 5733 3800 5775 moven-

2146 5801 2257 5854 tes.
2291 5822 2315 5852 ι
