4028 6440
380 428 494 490 701

1377 426 1669 488 ORATIO
1714 426 1788 487 V.
1823 457 1900 469 ——
1929 422 2247 483 CONTRA
2288 418 2690 482 JULIANUM
2738 421 2812 481 II.

3685 417 3804 480 702

376 564 447 635 τῇ
481 564 817 633 ποιμαντικῇ
870 554 1072 635 ῥάϐδῳ,
1120 561 1219 629 τὴν
1275 561 1492 636 βαρεῖαν
1522 559 1612 614 καὶ
1644 555 1903 634 σιδρηρᾶν
1934 577 2026 611 κα-

2147 556 2406 628 recipiet,
2440 554 2822 627 depositaque
2852 554 3013 628 gravi
3062 554 3165 610 illa
3216 558 3274 611 et
3325 556 3511 611 terrea
3541 555 3705 627 virga
3733 555 3801 621 ²¹,

378 648 676 723 ταθέμενος
711 668 724 716 ;
756 649 918 722 Ἐμοὶ
970 647 1026 704 δὲ
1073 648 1235 705 πάλιν
1288 650 1425 723 πρὸς
1452 650 1542 703 τὸν
1584 648 1741 703 αὐτὸν
1771 647 2032 702 ἐπινίκιον

383 736 773 814 ἀναδραμεῖται
826 740 852 792 6
902 737 1086 814 λόγος’
1149 740 1344 795 "Encas
1401 737 1536 806 Βὴλ,
1596 732 1879 814 συνετρίϐη
1932 744 2037 790 Δα-

382 828 517 903 γὼν,
577 824 679 896 ἓλη
740 827 942 901 ἐγένετο
1001 827 1028 880 6
1091 828 1319 901 Σαρὼν,
1380 825 1727 902 κατῃσχύνθη
1786 826 1812 879 6
1872 819 2036 879 Λίϐα-

385 935 501 976 νος.
535 913 650 970 Οὐκ
681 910 758 967 ἔτι
818 916 926 985 (25)
977 910 1170 969 εἷ’πωσι
1219 912 1297 986 τῷ
1350 919 1520 989 μωρῷ
1568 915 1889 989 ἄρχειν,τῷ
1918 913 2038 967 ἀκι-

386 1005 535 1075 νήτῳ
573 1002 661 1056 καὶ
700 1002 1011 1073 ἀναισθήτῳ
1058 1006 1166 1056 τῶν
1217 1000 1461 1057 εἰδώλων
1509 1002 1859 1077 συντάγματι’
1911 999 2039 1059 οὐδὲ

390 1094 677 1162 ζητήσουσι
741 1096 900 1163 μυῖαν
960 1091 1076 1145 θεὸν
1137 1092 1413 1165 Ἀκκαρὼν
1452 1136 1465 1160 ,
1519 1093 1553 1161 ἢ
1618 1088 1673 1145 εἶ’
1726 1113 1777 1146 τι
1835 1091 2036 1161 ταύτης

384 1179 493 1235 ἐστὶ
523 1178 871 1255 γελοιότερον
900 1197 912 1209 ·
950 1178 1048 1234 ούκ
1096 1178 1174 1234 ἔτι
1221 1182 1288 1234 τά
1342 1180 1481 1251 ἄλση
1530 1183 1918 1257 περινοήσουσι
1947 1179 2035 1233 καὶ

381 1269 449 1323 τά
481 1266 688 1341 ὑψηλὰ,
720 1269 809 1323 καὶ
849 1274 952 1322 πᾶν
1004 1264 1132 1342 ὅρος
1181 1266 1417 1342 εὕκομον
1464 1271 1552 1324 καὶ
1597 1270 1904 1325 κατάσκιον·
1941 1270 2039 1324 οὐκ

385 1356 462 1413 ἔτι
495 1359 718 1421 θύσουσι
748 1357 878 1419 τοὺς
911 1356 1059 1419 υἱοὺς
1104 1358 1277 1413 αὐτῶν
1316 1359 1406 1413 καὶ
1452 1360 1546 1421 τὰς
1600 1361 1890 1436 θυγατέρας
1920 1364 2036 1420 τοῖς

386 1444 714 1519 δαιμονίοις,
764 1445 895 1519 ὅπερ
946 1444 1115 1500 πάλαι
1149 1448 1177 1501 6
1210 1447 1429 1523 Ἰσραὴλ
1482 1448 1584 1503 ὑπὸ
1605 1454 1710 1503 τῶν
1739 1453 2036 1526 προφητῶν

383 1535 714 1605 ὠνειδίζετο.
751 1534 926 1591 Ἀλλά
969 1537 1021 1591 τί
1067 1536 1273 1592 τούτων
1302 1536 1426 1609 ἐμοί
1459 1556 1472 1606 ;
1507 1538 1646 1613 Πρὸς
1693 1540 1761 1593 τά
1797 1538 2039 1612 παρόντα

380 1624 470 1679 καὶ
530 1624 775 1700 ἡμέτερα
819 1625 1113 1699 τρέψομαι.
1177 1626 1287 1681 Οὐκ
1343 1624 1418 1681 ἔτι
1475 1632 1594 1689 τοῖς
1643 1628 1813 1700 ἱεροῖς
1864 1624 2037 1690 οἷ’κοις

381 1717 542 1788 ἡμῶν
584 1716 824 1790 πονηρὸν
876 1718 988 1788 (26)
1039 1710 1429 1789 ἐμϐλέψουσιν·
1488 1716 1587 1771 ούκ
1634 1714 1711 1771 ἔτι
1759 1720 2039 1789 μιανοῦσιν

380 1801 571 1876 α’ίματι
633 1807 815 1879 μιαρῷ
873 1806 986 1878 (27)
1042 1805 1109 1858 τὰ
1162 1812 1262 1874 τῆς
1312 1806 1704 1881 καθαρωτάτης
1753 1808 1843 1860 καὶ
1893 1807 2039 1860 ἀναι-

385 1894 594 1966 μάκτου
674 1892 859 1954 θυσίας
937 1893 1196 1965 ἐπώνυμα
1271 1896 1627 1970 θυσιαστήρια
1668 1913 1680 1925 '
1737 1893 1862 1949 οὐδὲ
1926 1896 2035 1972 βω-

384 1986 510 2054 μοῖς
542 1984 657 2055 (28)
698 1980 875 2043 ἀθὲοις
927 1983 992 2036 τὰ
1048 1978 1220 2037 ἄϐατα
1266 1981 1720 2058 καταισχυνοῦσιν
1750 2003 1761 2015 ·
1813 1984 1912 2039 ούκ
1961 1982 2038 2039 ἔτι

379 2070 683 2140 συλήσουσι
730 2072 819 2124 καὶ
874 2066 1285 2147 βεϐηλώσουσιν
1339 2074 1682 2145 ἀναθήματα,
1723 2072 2035 2145 πλεονεξίαν

374 2154 596 2230 ἀσεϐείᾳ
675 2159 920 2232 μίξαντες
968 2180 979 2191 ·
1044 2161 1142 2215 οὐκ
1218 2160 1295 2219 ἔτι
1374 2158 1762 2238 καθυϐρίσουσι
1837 2162 2034 2219 πολιὰν

375 2246 564 2323 ἱερέων
617 2250 731 2322 (29)
766 2294 779 2320 ,
823 2248 1130 2321 σεμνότητα
1176 2249 1475 2321 διακόνων,
1505 2248 1667 2305 ἀἰδῶ
1717 2251 1993 2327 παρθένων
2021 2272 2032 2284 ’

376 2336 476 2391 οὐκ
532 2333 608 2391 ἔτι
668 2335 1013 2412 σπλάγχνοις
1073 2341 1185 2412 (30)
1246 2340 1410 2415 ἁγίων
1460 2340 1881 2412 ἀνατμηθέντων
1942 2341 2034 2395 ἒπ-

376 2426 645 2501 αφήσουσι
696 2430 833 2479 συῶν
889 2426 1131 2503 μιαρίαν,
1175 2426 1246 2481 'iv’
1296 2429 1441 2500 ὁμοῦ
1470 2450 1529 2483 τε
1579 2431 1675 2498 τῆς
1706 2436 1915 2507 τροφῆς
1946 2430 2035 2484 καὶ

376 2517 485 2568 τῶν
537 2514 870 2589 σπλάγχνων
926 2516 1350 2594 ἐμφορηθῶσιν·
1415 2518 1516 2572 οἰκ
1574 2517 1653 2573 ἔτι
1709 2518 2036 2593 προσάξουσι

377 2607 486 2677 πῦρ
536 2602 823 2679 μαρτύρων
877 2607 1177 2677 μνήμασιν,
1230 2606 1305 2669 ὡς
1357 2603 1543 2662 ἄλλων
1595 2609 1709 2681 (31)
1759 2608 2032 2684 ἐφὲξοντες

376 2691 608 2762 ἄθλησιν
641 2697 759 2755 ταῖς
788 2695 904 2749 κατ’
934 2694 1109 2749 αὐτῶν
1153 2696 1415 2769 ἀτιμίαις·
1452 2696 1551 2750 οὐκ
1604 2695 1681 2751 ἔτι
1732 2697 1862 2773 πυρὶ
1910 2719 2035 2753 κατ-

374 2780 740 2836 αναλώσουσιν
825 2782 992 2857 άγίων
1073 2782 1299 2856 λείψανα
1348 2830 1365 2852 ,
1424 2785 1603 2847 ὀστοῖς
1679 2784 2030 2859 ἀτιμοτάτοις

376 2869 854 2943 συνατιμάσαντες,
913 2871 1005 2926 καὶ
1052 2878 1170 2935 τοῖς
1220 2874 1441 2946 ἀνέμοις
1491 2872 1776 2945 δώσουσιν,
1803 2872 1895 2929 *ίνα
1941 2876 2031 2930 καὶ

373 2960 475 3027 τῆς
526 2958 893 3037 ὀφειλομένης
941 2968 1109 3033 τιμῆς
1165 2968 1283 3025 τοῖς
1330 2962 1601 3025 τοιούτοις
1649 2964 2032 3039 ἀποστερήσω-

374 3066 457 3099 σιν
520 3048 633 3119 (32)
668 3066 679 3078 ·
743 3048 841 3102 οὐκ
897 3047 977 3104 ἔτι
1027 3048 1288 3126 καθέδραν
1347 3051 1559 3125 λοιμῶν
1612 3055 2030 3128 συγκροτήσαν-

374 3156 464 3197 τες
526 3138 659 3209 (33),
718 3143 836 3199 ταῖς
893 3141 1009 3194 κατ’
1068 3140 1400 3211 ἐπισκόπων,
1462 3143 1550 3196 καὶ
1604 3137 2025 3217 πρεσϐυτέρων,

373 3220 451 3278 ἔτι
485 3222 541 3279 δὲ
571 3226 659 3280 καὶ
689 3233 1010 3303 προφητῶν,
1055 3229 1144 3283 καὶ
1189 3228 1536 3303 ἀποστόλων,
1587 3231 1677 3285 καὶ
1728 3230 1891 3285 αὐτοῦ
1930 3236 2026 3286 τοῦ

2068 1944 2115 2007 Β

2148 644 2422 718 pastorali
2456 645 2614 716 virga
2646 645 2889 717 pascet?
2919 645 3060 700 Mihi
3090 660 3223 699 vero
3255 662 3462 700 rursus
3493 646 3564 700 ad
3595 644 3805 699 trium-

2148 735 2320 807 phale
2367 735 2664 790 canticum
2709 751 2837 791 sese
2885 735 3095 789 referet
3140 733 3323 789 oratio
3368 750 3381 787 :
3436 733 3637 788 Cecidit
3683 733 3803 803 Bel,

2145 826 2415 880 contritus
2444 832 2522 880 est
2552 830 2765 893 Dagon,
2793 824 2953 895 palus
2980 826 3158 895 factus
3206 826 3284 877 est
3315 820 3511 887 Saron,
3540 820 3805 892 pudefac-

2146 919 2233 969 tus
2263 923 2340 969 est
2369 915 2609 969 Libanus
2640 915 2706 971 9’.
2740 913 2855 969 Nec
2887 913 3041 969 ultra
3073 912 3267 967 dicent
3312 910 3514 981 stulto,
3548 914 3614 965 ut
3641 909 3804 981 prin-

2146 1020 2283 1075 ceps
2315 1004 2411 1067 sit,
2444 1004 2552 1058 hoc
2602 1008 2711 1073 est,
2744 1003 3035 1059 idolorum
3067 1000 3290 1073 agmini
3338 1004 3537 1055 motus
3570 1002 3628 1054 et
3673 1015 3805 1053 sen—

2146 1111 2248 1150 sus
2297 1093 2561 1164 experti:
2598 1108 2703 1147 nec
2752 1108 3020 1146 muscam
3070 1094 3351 1161 quaerent,
3401 1089 3575 1143 deum
3631 1090 3807 1142 Acca-

2146 1199 2250 1237 ron
2282 1183 2348 1251 ³³,
2382 1186 2483 1236 aut
2535 1180 2585 1236 si
2631 1180 2772 1251 quid
2823 1197 2890 1235 ea
2938 1179 3128 1252 magis
3175 1182 3265 1235 est
3314 1177 3653 1232 ridiculum.
3682 1176 3807 1230 Non

2139 1271 2267 1342 jam
2298 1270 2461 1325 lucos
2491 1274 2549 1325 et
2579 1268 2807 1324 excelsa
2856 1267 2981 1324 loca
3012 1271 3206 1323 mente
3258 1266 3608 1338 concipiant,
3641 1282 3809 1320 mon-

2144 1364 2384 1431 temque
2436 1375 2671 1414 omnem
2724 1358 3065 1414 frondosum
3099 1362 3155 1412 et
3202 1357 3549 1412 umbrosum
3581 1356 3647 1407 οι.
3680 1354 3809 1408 Non

2137 1449 2264 1520 jam
2299 1448 2449 1504 ﬁlios
2483 1464 2622 1503 suos
2671 1452 2727 1503 et
2775 1447 2926 1503 filias
2976 1446 3281 1503 daemoniis
3329 1444 3722 1501 immolabunt
3741 1443 3805 1511 ’5,

2149 1539 2304 1611 quod
2350 1537 2489 1593 olim
2545 1536 2741 1592 Israeli
2794 1555 2825 1592 a
2880 1535 3181 1609 prophetis
3233 1534 3638 1605 objiciebatur.
3694 1532 3806 1587 Sed

2148 1625 2289 1698 quid
2322 1626 2443 1680 haec
2474 1624 2732 1696 colligo?
2762 1626 2845 1680 Ad
2881 1624 3192 1697 praesentia
3222 1627 3278 1679 et
3308 1627 3509 1679 nostra
3536 1637 3629 1677 me
3668 1638 3805 1676 oon-

2146 1719 2391 1783 vertam,
2426 1714 2551 1773 Non
2592 1715 2718 1785 jam
2772 1714 2829 1769 in
2881 1730 3078 1771 sacras
3110 1718 3344 1769 nostras
3396 1713 3548 1767 mdes
3598 1726 3806 1783 pravos

2148 1805 2348 1860 oculos
2378 1804 2664 1874 injicient.
2698 1804 2823 1859 Non
2866 1805 2990 1875 jam
3032 1820 3165 1858 aras
3197 1820 3230 1857 a
3262 1802 3581 1874 purissimo
3632 1803 3689 1855 et
3716 1798 3806 1853 in-

2148 1898 2391 1949 cruento
2443 1892 2727 1948 sacrificio
2779 1909 2990 1948 nomen
3036 1891 3321 1947 habentes
3371 1889 3618 1945 scelesto
3671 1905 3807 1944 san-

2148 1982 2321 2053 guine
2373 1982 2863 2037 contaminabunt
2899 2000 2911 2037 :
2948 1998 3053 2036 nec
3085 1981 3211 2035 loca
3253 1997 3440 2045 sacra,
3475 1996 3578 2051 per
3624 1977 3810 2050 impia

2147 2070 2376 2138 altaria,
2412 2072 2721 2143 probro'ac
2751 2071 3033 2126 dedecore
3074 2070 3347 2126 afﬁciant.
3382 2069 3507 2124 Non
3530 2069 3659 2139 jam
3714 2083 3806 2122 sa-

2147 2161 2366 2232 crilega
2396 2176 2575 2215 manu
2608 2159 2798 2215 votiva
2830 2160 2983 2215 dona
3009 2158 3287 2230 diripient
3314 2161 3371 2213 et
3387 2156 3804 2229 profanabunt,

2148 2249 2509 2320 impietatem
2543 2248 2788 2303 avaritia
2817 2246 3350 2303 cumulantes.Non
3376 2247 3501 2318 jam
3533 2245 3803 2300 sacerdo-

2145 2342 2270 2393 tum
2304 2338 2602 2406 canitiem,
2636 2338 3019 2393 diaconorum
3070 2336 3465 2403 sanctitatem,
3506 2334 3803 2407 virginum

2148 2429 2429 2500 pudorem
2461 2426 2821 2482 contumelia
2851 2426 3225 2498 perfundant.
3258 2428 3382 2480 Non
3411 2424 3538 2495 jam
3573 2422 3632 2477 in
3666 2440 3802 2477 san-

2146 2523 2373 2573 ctorum
2406 2516 2725 2571 incisorum
2781 2516 3004 2570 viscera
3036 2515 3216 2570 foedos
3247 2519 3305 2569 et
3352 2514 3616 2584 impuros
3651 2512 3797 2567 161

2146 2624 2349 2679 porcos
2380 2605 2722 2673 immittent,
2758 2609 2820 2659 ut
2850 2603 3029 2660 simul
3063 2609 3119 2660 et
3147 2602 3363 2675 pabulo
3395 2606 3452 2657 et
3484 2601 3802 2657 visceribus

2144 2701 2504 2753 saturentur.
2550 2695 2675 2749 Non
2716 2696 2842 2766 jam
2891 2698 3217 2765 martyrum
3268 2690 3553 2763 sepulcris
3602 2691 3800 2763 ignem

2144 2786 2560 2854 admovebunt,
2584 2790 2645 2839 ut
2674 2800 2777 2855 per
2806 2798 3005 2839 eorum
3040 2782 3425 2857 ignominiam
3459 2780 3604 2836 alios
3627 2797 3660 2835 a
3684 2796 3802 2837 cer-

2143 2876 2361 2933 tamine
2408 2876 2759 2930 deterreant.
2793 2874 2916 2931 Non
2960 2874 3085 2944 jam
3126 2876 3466 2928 sanctorum
3521 2869 3800 2942 reliquias

2142 2982 2274 3020 cum
2312 2963 2613 3018 vilissimis
2644 2962 2879 3018 ossibus
2897 2979 2998 3034 per
3026 2965 3425 3033 contemptum
3459 2960 3798 3032 permistas,

2140 3053 2396 3109 ﬂammis
2444 3053 2779 3119 absument,
2828 3058 2887 3108 et
2930 3052 2989 3106 in
3020 3056 3223 3107 ventos
3271 3053 3568 3122 spargent,
3621 3052 3682 3104 ut
3732 3065 3799 3105 eo

2138 3142 2484 3214 honore,qui
2516 3141 2807 3211 ejusmodi
2838 3141 3177 3196 hominil-us
3208 3140 3470 3206 debetur,
3498 3139 3658 3210 ipsos
3679 3138 3797 3210 pri-

2137 3232 2560 3301 vent.Nonjam
2580 3230 2916 3286 cathedram
2933 3229 3275 3301 pestilentias
3298 3230 3341 3266 ⁹¹
3366 3233 3793 3295 construentes,

370 3315 604 3389 Χριστοῦ
667 3316 1045 3392 βλασφημίαις
1091 3318 1533 3394 ἐντρυφήσουσιν·
1587 3320 1686 3374 ούκ
1733 3318 1810 3374 ἔτι
1848 3342 2023 3391 πανηο

2143 3320 2455 3377 maledicta
2483 3324 2539 3375 et
2568 3319 2826 3375 convicia
2855 3320 3135 3375 adversus
3186 3318 3513 3391 episcopos,
3548 3320 3604 3371 et
3635 3334 3796 3388 pres-

370 3400 652 3476 γυρίσουσι
684 3407 798 3458 καθ’
828 3407 1011 3477 ἡμῶν,
1044 3406 1201 3479 νόμῳ
1232 3410 1330 3477 τῆς
1383 3403 1659 3478 κιϐδήλου
1690 3408 2022 3472 παιδεύσεως

368 3489 788 3555 ἀποκλείσαντες
824 3537 838 3562 ,
901 3495 977 3556 ὡς
1032 3496 1173 3568 ὁμοῦ
1228 3495 1407 3569 τούτῳ
1474 3498 1564 3552 καὶ
1620 3499 1717 3561 τὰς
1773 3499 2025 3575 γλώσσας

369 3579 531 3649 ἡμῶν
562 3580 943 3655 ἐμφράξοντες.

2137 3413 2388 3482 byteros,
2424 3414 2599 3481 atque
2628 3409 2804 3464 etiam
2838 3408 3172 3481 prophetas,
3203 3414 3260 3464 et
3289 3407 3606 3482 apostolos,
3638 3407 3797 3462 Chri-

2135 3504 2415 3571 stumque
2445 3500 2589 3555 adeo
2637 3498 2858 3571 ipsum,
2889 3499 3175 3570 conjecta,
3208 3514 3313 3569 pro
3358 3496 3583 3552 deliciis
3616 3497 3793 3551 habe-

2136 3589 2305 3645 bunt.
2337 3588 2464 3643 Non
2506 3589 2632 3659 jam
2667 3588 2976 3643 adversum
3024 3603 3130 3642 nos
3160 3587 3337 3642 festos
3369 3602 3435 3641 ac
3474 3585 3634 3639 laetos
3667 3585 3793 3640 dies

372 3672 567 3738 agent,
603 3667 747 3741 legis
776 3670 1084 3727 interdicto
1116 3673 1187 3728 ab
1221 3674 1551 3731 adulterina
1581 3677 1847 3734 doctrina
1893 3696 1999 3735 nos
2030 3677 2425 3746 excludentes,
2458 3677 2697 3750 perinde
2727 3681 2900 3748 atque
2930 3677 3130 3732 eadem
3175 3692 3349 3748 opera
3380 3674 3611 3747 linguas
3645 3690 3791 3746 quo-

370 3772 484 3827 que
517 3762 749 3815 nostras
780 3761 1161 3816 obstructuri.

439 3846 518 3902 Λ’.
554 3845 654 3908 Δός
688 3867 781 3919 μοι
811 3846 940 3910 τοὺς
974 3846 1175 3923 λόγους
1209 3870 1305 3905 σου
1329 3850 1457 3913 τοὺς
1495 3850 1815 3926 βασιλικούς
1846 3876 1903 3909 τε
1932 3855 2021 3911 καὶ

361 3936 730 4010 σοφιστικοὺς,
762 3935 889 3998 τοὺς
918 3935 1188 4014 ἀφύκτους
1228 3937 1644 4015 συλλογισμούς
1686 3964 1780 3997 σου
1824 3945 1912 3999 καὶ
1954 3945 2023 3999 τὰ

362 4021 737 4095 ἆνθυμήματα·
777 4023 976 4099 ἴδωμεν
1012 4029 1101 4081 οἷα
1147 4029 1236 4083 καὶ
1282 4031 1409 4103 παρ’
1441 4033 1575 4103 ἡμῖν
1630 4032 1681 4085 οἱ
1713 4033 1887 4095 ἁλιεῖς
1930 4033 2020 4089 καὶ

358 4110 612 4185 ἄγροικοι
664 4115 985 4191 φθέγγονται
1037 4118 1153 4190 (34)
1188 4162 1201 4175 .
1262 4120 1602 4190 Μενάστησον
1662 4122 1806 4198 ἦχον
1864 4121 2020 4195 ᾠδῶν

2203 3856 2368 3913 ΧΧΧ.
2403 3860 2543 3928 Age,
2577 3854 2989 3927 imperatorias
3018 3858 3152 3910 tuas
3181 3858 3238 3910 et
3266 3854 3617 3926 sopbisticas
3666 3872 3791 3910 ora.

2132 3947 2343 4015 tiones,
2376 3949 2553 4015 atque
2600 3943 2968 3998 inevitabiles
3010 3948 3145 3999 tuos
3190 3943 3565 4016 syllogismos
3626 3948 3681 3998 et
3710 3961 3779 3998 en

2134 4035 2496 4108 thymemata
2542 4034 2817 4104 deprome
2849 4049 2862 4087 :
2896 4033 3227 4104 videamus,
3260 4033 3459 4105 qualia
3494 4032 3670 4089 etiam
3704 4033 3791 4105 pi-

2132 4129 2388 4181 scatores
2420 4126 2478 4178 et
2526 4121 2729 4176 rustici
2779 4121 2935 4190 apud
2986 4138 3090 4176 nos
3143 4120 3479 4194 loquantur.
3533 4121 3790 4191 Transfer

437 4254 479 4290 ⁹¹
513 4254 668 4311 Psal.
704 4272 766 4324 II,
798 4257 851 4311 9.
929 4258 974 4294 ⁹²
1006 4263 1118 4314 Isa.
1153 4278 1302 4329 XLVI,
1341 4264 1365 4316 1
1392 4280 1407 4331 ;
1440 4281 1640 4335 xxxm,
1673 4265 1727 4320 9.
1807 4266 1850 4300 ⁸³
1878 4266 1945 4321 IV
1978 4266 2025 4321 Β

2150 4282 2190 4331 ι,
2221 4266 2276 4320 2.
2354 4265 2399 4299 ⁹⁴
2431 4264 2549 4319 Jer.
2583 4277 2646 4329 n;
2678 4263 2766 4316 20.
2846 4262 2889 4296 9‘
2920 4261 3073 4318 Psal.
3108 4278 3195 4327 cv,
3238 4261 3327 4317 37.
3404 4262 3448 4297 9°
3474 4260 3627 4317 Psal.
3661 4278 3700 4329 ι,
3736 4263 3788 4317 1.

401 4408 545 4496 ,(25)
579 4406 690 4461 Οὐκ
733 4403 830 4466 ἔτι.
865 4410 1143 4467 Nonnulli
1194 4416 1364 4470 codd.
1397 4420 1454 4470 et
1486 4417 1614 4473 Par.
1647 4419 1738 4474 ed.
1773 4419 2017 4489 addunt,

358 4498 421 4532 ου
459 4498 557 4549 μη.

429 4551 542 4621 (26)
574 4549 858 4637 μονηρόνζ
875 4553 959 4608 Ita
988 4554 1249 4629 plerique
1280 4558 1450 4613 codd.
1485 4559 1765 4616 Nonnulli
1796 4577 1929 4617 vero
1960 4567 2018 4617 et

356 4622 925 4699 Ραιξῌοίί-...πονηρῶᾳ

430 4689 1029 4776 (ξηΑῗματζμιαρῷ.
1084 4700 1344 4763 Quatuor
1395 4700 1571 4773 Regg.
1623 4701 1718 4757 Or.
1768 4702 1821 4767 4.
1880 4708 2016 4776 eto.,

356 4762 720 4839 dmbcip:_qg,__c
757 4762 1081 4839 im'mun'do.
1108 4762 1141 4822 ί»

428 4832 542 4907 (28)
573 4832 984 4921 Ούδξῃβωμοῖς,
1018 4846 1127 4921 etc.
1163 4840 1481 4909 Combef.,«
1520 4859 1713 4921 neque
1744 4847 2014 4921 graecani-

347 4924 450 5033 ca}
470 4911 909 5034 superstitionis
967 4913 1083 4968 aris
1141 4930 1310 4970 sacra
1361 4911 1684 4987 penetralia
1733 4911 2015 4975 dedecore

351 4997 387 5034 8.
437 4996 587 5034 iclen
624 5024 635 5034 .
671 5004 699 5029 »

351 4996 635 5035 amclent.
671 5004 699 5029 ››

422 5052 536 5118 (29)
568 5049 798 5133 Ἱερὲων.
834 5053 972 5126 Reg.
1008 5055 1130 5121 bm,
1161 5056 1576 5123 Bill.,Montac.
1610 5052 2011 5133 πρεσϐστέρων,

350 5146 378 5173 ‹‹
414 5131 923 5196 presbyterorum.
950 5148 977 5196 η

565 5192 785 5271 (jungit:
836 5193 1197 5271 σπλάγχνοις,
1232 5204 1340 5255 etc.
1386 5222 1413 5251 ‹‹
1446 5202 1613 5271 Apud
1666 5200 2011 5258 Ascalonem

346 5270 405 5321 et
436 5267 674 5334 Gazam,
695 5268 887 5344 inquit
916 5267 1089 5344 Eli'as,
1115 5271 1373 5326 virorum
1396 5279 1453 5328 et
1477 5267 1852 5339 feminarum,
1882 5290 2009 5344 quas

388 5344 643 5410 erpetuaa
666 5341 1019 5466 virginitatis
1045 5348 1175 5397 voto
1205 5360 1267 5398 se
1291 5344 1745 5413 obstrinxerant,
1780 5341 2010 5402 ventres

388 5417 701 5466 icerarunt.
802 5412 1095 5466 ordeoaue
1144 5414 1417 5466 impletos
1466 5418 1658 5466 norcis
1717 5418 2008 5466 vorandos

369 5417 701 5492 lacerarunt.
761 5412 1099 5492 hordeoque
1144 5414 1417 5492 impletos
1466 5418 1658 5489 porcis
1717 5412 2008 5474 Vorandos

344 5481 723 5551 objecerunt;
750 5481 1201 5551 quorum'etiam
1232 5481 1484 5544 ’νίεοοιιᾱ
1499 5496 1555 5543 et
1585 5505 1851 5544 cruorem
1877 5506 2008 5545 sce-

343 5551 686 5635 leratissimi
718 5551 801 5609 illi
829 5557 1465 5635 degustarunt._Eodem
1501 5561 1673 5635 modo
1700 5561 1754 5615 in
1791 5562 2007 5635 Sebas-

340 5627 446 5706 tia_
477 5627 619 5706 urbe
654 5630 1044 5706 _pra:cur_soris
1095 5628 1351 5686 loculum
1404 5634 1756 5703 aperientes,
1806 5634 2006 5706 ipsius

342 5696 626 5781 reliquias
647 5696 2006 5781 ignitradiderunt,earumquecineresdissipa-

339 5774 502 5840 runt,
535 5770 767 5844 aliaque
796 5770 1055 5844 plurima
1083 5770 1573 5835 contumeliarum
1609 5792 1844 5850 genera,
1875 5770 2003 5837 tum

2131 4417 2188 4473 in
2223 4415 2994 4489 sanctorumﬁtemplaﬁum
3026 4416 3084 4470 in
3111 4416 3242 4489 ipsa
3266 4416 3465 4489 divina
3482 4417 3659 4488 adyta
3687 4417 3790 4472 de-

2130 4490 2463 4561 signarunt.
2494 4511 2537 4561 ni
2554 4488 2683 4542 Haec
2710 4488 3149 4561 confirmantur
3170 4488 3508 4561 testimonio
3539 4494 3791 4552 Sozom.,

2101 4554 2287 4626 ’1.ἷιι,
2323 4577 2372 4615 c.
2406 4562 2478 4625 6;
2514 4560 2671 4625 Ruﬁ,
2706 4558 2743 4613 l.
2776 4576 2854 4627 x1,
2888 4576 2938 4614 ο.
2988 4561 3096 4628 28;
3130 4562 3399 4628 Philost.,
3431 4560 3471 4616 l.
3520 4577 3615 4628 v11,
3651 4576 3700 4615 c.
3734 4561 3788 4614 4.

2130 4632 2279 4697 Quid
2307 4635 2529 4715 autem.
2554 4634 2709 4685 esset
2756 4631 3023 4715 dicturus
3054 4632 3415 4715 ‘Gregorius,
3446 4633 3493 4687 si
3530 4649 3596 4687 eo
3646 4636 3789 4715 tem-

2052 4686 2097 4751 D
2128 4686 2267 4776 pore
2298 4701 2558 4776 vixisset,
2592 4718 2707 4771 quo
2740 4701 2846 4755 viri
2876 4686 3429 4776 Christianiueadem
3456 4686 3791 4776 acimajora

2130 4772 2309 4831 etiam
2364 4772 2622 4847 facinora
2653 4789 2829 4847 quam
2888 4772 3135 4847 gentiles
3185 4778 3612 4847 perpetrarunt,
3647 4774 3787 4847 sub-

2126 4848 2311 4903 versis
2342 4846 2568 4900 aedibus
2590 4845 2795 4910 sacris,
2830 4845 3104 4912 reseratis
3130 4845 3199 4901 ac
3219 4845 3541 4917 profanatis
3573 4845 3788 4900 sancti-

2126 4920 2475 4976 monialium
2526 4917 2924 4992 monasteriis,
2968 4916 3290 4992 martyrum
3335 4916 3603 4992 reliquiis
3654 4917 3789 4992 igne

2125 4992 2482 5062 absumptis,
2515 4996 2625 5045 etc.
2647 4990 2873 5062 Etenim
2897 5005 2963 5045 eo
2986 4989 3175 5062 usque
3200 4991 3414 5046 furoris
3436 4996 3495 5062 et
3516 4989 3788 5062 amentia

2125 5060 2682 5151 tum‘pr'oruperunt
2711 5060 3346 5151 Galvin'istaa,'max‘ime
3378 5062 3437 5116 in
3469 5060 3676 5151 Galll'ia.

2194 5130 2306 5207 (31)
2337 5140 2423 5196 Ὡς
2473 5130 2684 5207 ἄλλων,
2718 5139 2827 5189 etc.
2881 5130 3081 5191 Heins.
3134 5136 3333 5205 codex,
3373 5155 3393 5183 ι
3430 5139 3496 5207 ut
3545 5133 3784 5207 illorum

2123 5205 2518 5275 contumeliis,
2568 5205 2817 5280 aliorum
2876 5207 2948 5261 ad
3009 5208 3352 5280 martyrium
3409 5205 3785 5262 subeundum

2121 5280 2407 5350 impetum
2444 5278 2910 5350 retunderent._»

2191 5346 2304 5421 (32)
2333 5352 2446 5403 Ἵνα
2466 5348 2565 5424 καὶ
2595 5355 2694 5417 τῆς
2729 5347 3117 5424 ὀφειλομενης,
3153 5351 3449 5424 etc.,_«_ut
3490 5346 3783 5424 eouetiam

2120 5419 2339 5478 honore
2391 5423 2637 5504 privent,
2673 5419 3305 5504 quilvplhujusmodi
3355 5420 3718 5491 hominibus,
3754 5442 3781 5468 »

2119 5511 2329 5559 nempe
2359 5492 2683 5559 vilissimis,
2719 5515 2745 5543 «
2784 5492 3046 5549 debetur.
3082 5516 3110 5543 ››

2187 5563 2300 5639 (33)
2336 5565 2833 5639 Συγκροτῆσαντες.
2874 5583 2896 5611 α
2929 5563 3305 5635 Cathedram,
3342 5587 3371 5615 »
3428 5580 3531 5621 seu

2116 5619 2318 5692 cilium
2352 5619 2693 5693 conflantes.
2734 5660 2753 5685 ι

2187 5710 2297 5781 (34)
2332 5708 2428 5783 lieni
2480 5708 2729 5783 ἄγροικοι
2779 5706 3127 5783 φθέγγονται.
3182 5709 3309 5766 Non
3373 5705 3567 5780 pauci,
3617 5700 3780 5776 φθέγ-

2114 5777 2318 5850 emat.
2351 5777 2537 5840 Deest
2552 5777 2641 5835 καί
2671 5779 2732 5836 in
2761 5777 2901 5838 Par.
2926 5777 3067 5840 edit.

3593 5584 3613 5611 ιι
3646 5577 3780 5615 COD-
