4028 6392
281 387 399 453 705

1281 380 1576 444 ORATIO
1620 379 1695 441 V.
1729 415 1807 425 —
1837 378 2154 442 CONTRA
2196 376 2595 442 JULIANUM
2641 378 2715 439 Il.

3584 382 3704 444 706

291 542 475 598 μενον·
508 518 675 575 πάλιν
723 513 1053 592 ἀνδρόγυνος
1082 515 1109 569 6
1143 513 1419 584 Διόνυσος,
1470 512 1560 569 καὶ
1610 514 1778 590 χορὸν
1832 514 1945 585 (48)

2092 530 2123 568 u
2134 529 2266 568 rsus
2281 512 2658 584 androgynus
2672 511 3136 584 Baechus,atque
3147 514 3440 570 ebriorum
3455 516 3702 572 chorum

291 610 598 687 μεθυόντων
634 606 1019 679 ἐξηρτημένος,
1070 605 1160 660 καὶ
1208 605 1271 659 τὸ
1330 604 1465 680 μέγα
1513 626 1609 658 σου
1646 604 1941 678 μυστήριον

289 703 317 757 6
351 698 588 779 φαλλὸς,
619 698 710 752 καὶ
743 695 1049 772 Προσύμνῳ
1078 695 1189 768 (49)
1220 698 1299 766 τῷ
1345 698 1495 765 κακῷ
1525 694 1646 755 θεὸς
1690 691 1945 757 παθαινό-

296 808 479 864 μενος·
512 786 677 842 πάλιν
712 782 928 858 Σεμέλη
978 788 1223 860 κεραυνῷ
1278 780 1569 857 βάλλεται·
1621 781 1785 836 πάλιν
1838 784 1947 855 ἁμ-

296 880 552 959 φιγυήεις
583 879 901 953 ”Πφαιστος,
936 872 1080 928 ἀλλὰ
1125 874 1299 949 ταχὺς
1350 873 1425 934 εἰς
1473 876 1685 947 μοιχῶν
1720 870 1949 947 εὕρεσιν,

296 957 387 1025 καὶ
443 968 563 1028 θεὸς
620 962 1098 1038 κατῃθαλωμένος,
1160 962 1205 1017 εἴ
1262 963 1352 1016 καὶ
1409 961 1805 1037 κλυτοτέχνης,
1862 957 1949 1014 xui

2057 618 2257 657 secum
2291 602 2548 673 trahens,
2581 606 2638 658 et
2671 617 2951 674 magnum
2980 606 3149 657 tuum
3182 603 3327 659 illud
3359 606 3705 676 mysterium

2058 690 2474 757 Phallus,deus
2496 691 2555 745 in
2580 690 2810 763 pulchri
2826 690 3170 761 Proshymni
3190 708 3447 747 amorem
3462 710 3707 765 propen-

2060 797 2182 835 sus.
2204 780 2432 835 Rursus
2454 780 2679 836 Semele
2704 778 2946 835 fulmine
2964 780 3186 835 feritur.
3214 781 3441 835 Rursus
3464 789 3709 853 utroque

2062 870 2206 941 pede
2239 869 2485 924 claudus
2518 869 2837 934 Vulcanus,
2872 887 3071 925 verum
3106 871 3163 925 in
3205 870 3713 942 deprehendendis

2063 958 2347 1013 adulteris
2376 959 2531 1014 idem
2564 958 2737 1023 celer,
2760 965 2819 1013 et
2853 959 2996 1015 deus
3018 959 3265 1031 fuligine
3295 961 3547 1029 obsitus,
3569 966 3715 1016 tam-

301 1056 560 1133 Θερσίτης
621 1051 934 1125 Ὀλύμπιος
969 1071 982 1084 ·
1046 1051 1211 1108 πάλιν
1291 1050 1577 1125 δεσμώτης
1635 1053 1809 1125 ’Ἄρης
1866 1048 1955 1103 διὰ

2091 1049 2169 1103 ιιεὶ
2206 1048 2395 1104 clarus
2426 1048 2656 1120 artifex,
2690 1064 2757 1104 ac
2795 1048 3091 1103 Thersites
3126 1048 3453 1121 Olympius,
3490 1050 3717 1105 Rursus

305 1146 554 1221 μοιχείαν
594 1142 727 1217 μετὰ
754 1147 851 1197 τοῦ
877 1140 1067 1215 δείμου
1098 1144 1231 1212 (50),
1265 1142 1353 1197 xui
1380 1147 1477 1197 τοῦ
1510 1136 1702 1220 φόϐου,
1736 1139 1822 1195 καὶ
1845 1144 1951 1194 τῶν

300 1233 598 1307 κυδοιμῶν,
660 1232 750 1287 καὶ
809 1231 1147 1308 τραυματίας
1229 1229 1318 1286 διὰ
1376 1231 1726 1306 θρασύτητα·
1787 1227 1952 1283 παλιν

298 1321 594 1403 Ἀφροδίτη
648 1321 822 1395 πόρνη
881 1321 1148 1397 γενομένη
1196 1341 1256 1376 τε
1303 1320 1569 1396 αἴσχρῶς,
1622 1320 1711 1374 καὶ
1763 1320 1954 1394 γάμων

303 1414 548 1489 αἰσχρῶν
606 1409 886 1486 ὑπηρέτις⁹
942 1408 1106 1464 πάλιν
1162 1411 1363 1480 Ἀθηνᾶ
1404 1409 1670 1485 παρθένος
1717 1406 1775 1463 τὲ
1826 1407 1956 1479 ἐστι,

304 1504 396 1558 καὶ
473 1501 643 1557 τίκτει
719 1497 1029 1576 δράκοντα·
1090 1498 1253 1554 πάλιν
1310 1497 1587 1575 Ἡρακλῆς
1668 1497 1958 1571 μαίνεται,

310 1590 525 1665 μᾶλλον
584 1587 643 1644 δὲ
702 1588 1025 1662 μαινόμενος
1084 1589 1381 1643 πέπαυται·
1440 1586 1605 1643 πάλιν
1666 1587 1733 1642 τὰ
1788 1588 1963 1641 πάντα

303 1681 505 1758 γίνεται
556 1676 627 1733 δι’
675 1676 952 1754 ἀσέλγειαν
999 1677 1088 1732 καὶ
1146 1676 1472 1753 ἀκαθαρσίαν
1520 1678 1547 1732 6
1600 1675 1747 1743 Ζεὺς,
1781 1676 1808 1731 6
1852 1678 1959 1730 τῶν

307 1774 442 1835 θεῶν
476 1770 704 1843 μήστωρ
736 1770 849 1841 (51)
877 1766 967 1822 καὶ
1018 1766 1239 1839 ὕπατος,
1272 1769 1361 1823 καὶ
1416 1766 1577 1840 μόνος
1634 1767 1728 1838 μὲν
1760 1766 1963 1827 πάντας

2066 1137 2222 1192 Mars
2254 1154 2387 1192 cum
2421 1154 2527 1193 suo
2560 1139 2768 1193 timore
2798 1144 2855 1192 et
2896 1142 3115 1194 terrore
3145 1155 3212 1193 ac
3254 1138 3612 1195 tumultibus
3643 1140 3717 1195 ob

2067 1226 2423 1282 adulterium
2472 1227 2726 1294 vinctus,
2772 1232 2829 1283 et
2875 1229 2947 1283 ob
3011 1227 3401 1284 temeritatem
3453 1229 3714 1283 saucius.

2067 1317 2293 1371 Rursus
2320 1318 2592 1372 meretrix
2618 1321 2968 1381 Venus,tum
2990 1318 3239 1388 turpiter
3264 1317 3567 1387 progenita
3591 1323 3716 1374 tum

2069 1406 2330 1478 turpium
2389 1407 2729 1478 nuptiarum
2780 1407 3150 1462 administra.
3199 1406 3426 1463 Rursus
3458 1408 3722 1464 Minerva

2069 1496 2229 1567 virgo
2252 1499 2363 1561 est,
2386 1500 2445 1551 et
2467 1497 2779 1551 draconem
2808 1495 2976 1568 parit.
3005 1496 3227 1551 Rursus
3250 1496 3527 1553 Hercules
3555 1497 3721 1565 furit,

2069 1583 2189 1639 imo
2224 1586 2412 1640 furere
2444 1584 2634 1641 desiit.
2660 1586 2885 1641 Rursus
2933 1586 3165 1657 Jupiter
3212 1585 3285 1641 ob
3326 1585 3631 1641 libidinem
3664 1594 3723 1642 et

2075 1673 2422 1745 spurcitiem
2455 1673 2689 1744 quidvis
2720 1674 2994 1745 efficitur,
3028 1673 3145 1743 ille,
3184 1675 3448 1746 inquam,
3482 1677 3725 1731 deorum

2074 1762 2445 1818 consiliarius
2477 1767 2533 1818 et
2556 1763 3098 1835 princeps,eamque
3124 1765 3239 1818 vim
3272 1765 3515 1831 habens,
3536 1770 3602 1821 ut
3630 1781 3725 1821 so-

310 1860 401 1913 ciw
448 1864 577 1912 πᾶσι
625 1862 742 1918 τοῖς
800 1854 948 1911 οὖσιν
998 1855 1239 1911 ἀνέλκων
1284 1856 1478 1928 θεοὺς,
1530 1856 1691 1917 αὐτὸς
1754 1853 1812 1909 δέ
1861 1854 1965 1909 ὑπὸ

2100 1869 2167 1907 us
2200 1852 2338 1907 deos
2366 1868 2569 1908 omnes
2598 1870 2730 1907 cum
2762 1853 3038 1908 omnibus
3088 1854 3240 1908 169
3283 1854 3458 1910 rebus
3488 1870 3725 1911 sursum

310 1948 520 2002 πάντων
557 1945 617 2000 οὐ
644 1944 1061 2018 καθεΑκόμενος.
1102 1944 1270 2000 Πάλιν
1319 1951 1415 2001 τοῦ
1450 1946 1571 2006 Διὸς
1608 1945 1775 2022 τάφος
1809 1943 1859 1998 ἐν
1893 1947 1962 2017 τῇ

313 2039 498 2113 Κρήτῃ
528 2033 818 2091 δείκνυται.
851 2035 945 2093 “Av
982 2031 1081 2089 ἴδω
1131 2056 1231 2090 σου
1283 2035 1376 2089 τὸν
1416 2032 1688 2111 Κερδῴον,
1739 2034 1829 2087 καὶ
1871 2034 1962 2087 τὸν

310 2125 537 2202 Λόγιον,
592 2124 680 2180 καὶ
730 2124 821 2179 τὸν
885 2126 1211 2200 Ἐναγώνιον
1276 2127 1409 2198 (52),
1470 2123 1792 2199 συγκρύπτω

312 2214 439 2278 τοὺς
475 2213 819 2293 ὀφθαλμοὺς,
871 2213 959 2268 καὶ
1007 2214 1337 2290 παρατρέχω
1386 2234 1481 2268 σου
1523 2214 1614 2269 τὸν
1671 2214 1788 2277 θεὸν
1823 2210 1970 2267 αἰδοῖ

311 2310 412 2361 τοῦ
443 2306 733 2378 θεάματος·
768 2302 829 2357 σὺ
871 2300 927 2358 δέ
980 2325 1073 2376 μοι
1122 2302 1408 2378 προσκύνει
1458 2304 1520 2357 τὸ
1573 2303 1826 2357 σύντονον
1872 2306 1969 2355 τοῦ

317 2393 489 2468 λόγου
521 2392 610 2447 καὶ
639 2394 702 2447 τὸ
744 2390 1055 2448 σακέλλιον·
1104 2390 1158 2447 ἓν
1211 2414 1305 2447 σου
1350 2392 1511 2465 μόνον
1560 2389 1865 2463 αἰδέσιμον,
1917 2389 1970 2445 αἱ

320 2482 444 2555 παρ’
476 2479 790 2555 Αἰγυπτίοις
822 2477 889 2535 δι’
923 2477 1260 2556 ἀνδρογύνων
1309 2480 1467 2553 τιμαὶ
1517 2484 1614 2534 τοῦ
1664 2477 1883 2548 Νείλου,
1917 2476 1973 2533 αἰί

318 2590 378 2624 τε
408 2567 618 2637 Ἰσιδες,
653 2570 740 2624 καὶ
797 2570 847 2624 οἱ
900 2566 1199 2639 Μενδήσιοι
1250 2571 1363 2633 θεοὶ
1413 2572 1544 2643 (54),
1594 2569 1684 2624 xui
1716 2570 1767 2623 oi
1814 2570 1973 2625 Ἀπι-

229 2697 233 2699 λ
323 2655 433 2729 δες,
464 2656 643 2713 τᾶλλά
672 2679 730 2712 τε
760 2656 855 2713 ὅσα
886 2644 1163 2729 πλάττεις,
1197 2660 1231 2728 ἢ
1263 2660 1504 2736 γράφεις,
1558 2658 1721 2733 θηρία
1754 2660 1977 2712 σύνθετα

321 2747 411 2803 καὶ
464 2743 782 2804 ἀλλόκοτα.
836 2746 989 2803 Γελῶ
1040 2769 1134 2803 σου
1181 2749 1272 2803 τὸν
1324 2755 1486 2817 Πᾶνα,
1528 2749 1616 2803 xui
1664 2748 1754 2803 τὸν
1808 2748 1975 2823 Πρία-

321 2858 423 2893 πον
457 2840 588 2910 (55),
620 2837 709 2893 καὶ
739 2838 831 2892 τὸν
865 2835 1320 2915 Ἑρμαφρόδιτον,
1353 2836 1443 2893 xui
1474 2837 1600 2900 τοὺς
1631 2838 1734 2892 ὑπὸ
1784 2838 1975 2910 μανίας

325 2926 821 3001 περικεκομμένους
873 2926 907 2996 ἦ
961 2924 1386 3000 διεσπασμένους
1437 2929 1549 3001 (56)
1594 2927 1766 2988 θεούς.
1803 2925 1979 2982 Ἀλλά

326 3018 494 3069 ταῦτα
523 3014 615 3087 μὲν
645 3019 711 3090 τῇ
738 3020 909 3089 σκηνῇ
943 3019 1055 3087 (57)
1086 3019 1339 3092 παρήσω,
1379 3016 1469 3071 καὶ
1516 3021 1632 3077 τοῖς
1680 3020 1975 3089 κοσμοῦσιν

327 3102 523 3166 αὐτοὺς
574 3110 849 3173 ποιηταῖς·
895 3104 1005 3181 ἐγὼ
1056 3102 1113 3160 δὶ
1158 3105 1232 3167 εἷς
1284 3105 1593 3181 παραίνεσὶν
1644 3126 1763 3159 τινα
1814 3126 1975 3160 κατα-

330 3192 482 3248 λύσω
514 3190 604 3248 τὸν
640 3193 803 3268 λόγον
815 3238 826 3251 .

398 3378 515 3429 Al".
547 3372 773 3448 ’Ἄνδρες
798 3373 938 3446 ὁμοῦ
969 3373 1057 3428 καὶ
1090 3374 1358 3449 γυναῖκες,
1390 3372 1503 3428 νέοι
1532 3393 1591 3428 τε
1620 3372 1710 3428 καὶ
1742 3370 1977 3449 πρεσϐύ-

326 3482 435 3530 ται,
498 3462 615 3517 ὅσοι
653 3484 711 3516 τε
763 3462 837 3524 εἰς
893 3461 956 3517 τὸ
1012 3464 1166 3537 βῆμα
1211 3467 1372 3517 τοῦτο
1429 3468 1656 3532 τελεῖτε,
1716 3464 1805 3517 καὶ
1866 3462 1984 3519 ὅσοι

327 3551 428 3617 τήν
495 3548 642 3603 κάτω
696 3551 924 3625 τέταχθε
982 3552 1194 3625 χώραν,
1254 3550 1446 3611 πάντες
1498 3550 1656 3612 ὅσους
1706 3553 1819 3624 (58)
1859 3551 1984 3607 ἐλυ-

331 3638 578 3709 τρώσατο
612 3636 825 3712 Κύριος,
856 3637 1121 3713 πρότερον
1174 3638 1265 3711 μὶν
1302 3638 1360 3692 ἐκ
1388 3642 1484 3707 τῆς
1526 3639 1737 3706 πλάνης
1767 3641 1855 3695 καὶ
1885 3649 1984 3712 τῆς

340 3723 540 3788 ἀθείας,
599 3728 710 3780 νυνὶ
772 3724 827 3781 δὶ
882 3734 982 3795 τῆς
1041 3726 1441 3788 ἐπαναστάσεως
1494 3731 1601 3781 τῶν
1658 3727 1843 3798 ἐθνῶν,
1898 3730 1984 3785 xui

337 3820 445 3870 τῶν
500 3813 609 3885 ἤδη
669 3837 729 3892 γε
786 3816 1063 3891 παρόντων
1120 3818 1300 3869 κακῶν
1350 3816 1441 3869 καὶ
1494 3813 1984 3892 προσδοκωμένων,

339 3903 603 3959 ἀκούσατε
636 3903 802 3979 λόγον
837 3901 1033 3980 ἀνδρὸς
1064 3903 1124 3958 οὐ
1161 3903 1397 3977 μετρίως
1426 3904 1493 3958 τὰ
1539 3910 1762 3960 τοιαῦτα
1792 3928 1988 3963 πεπαι-

339 3990 623 4065 δευμένου,
660 3990 718 4048 ἔκ
744 4015 803 4049 τε
831 3998 939 4048 τῶν
974 3992 1239 4067 ὁσημέραι
1272 3988 1704 4068 συμϐαινόντων,
1736 3997 1825 4051 xui
1877 4003 1985 4053 τῶν

336 4079 585 4137 παλαιῶν
628 4082 903 4157 ἱστοριῶν,
956 4083 1047 4137 καὶ
1110 4076 1318 4157 βίϐλων
1376 4086 1514 4158 (59),
1570 4084 1662 4138 xui
1720 4086 1985 4161 πράξεων.

338 4168 496 4244 Μέγα
530 4169 623 4242 μὲν
654 4171 717 4225 τὸ
751 4167 983 4243 μηδενὸς
1014 4177 1336 4246 πειραθῆναι
1366 4176 1473 4226 τῶν
1524 4170 1821 4249 δυσχερῶν·
1858 4174 1987 4239 ἴσως

336 4255 393 4313 δὲ
425 4257 551 4313 οὐδὲ
593 4260 751 4335 μέγα,
805 4258 952 4336 εἷ’περ
997 4258 1209 4331 ἀληθὴς
1261 4262 1288 4315 6
1317 4258 1505 4337 λόγος,
1558 4262 1639 4317 ὅτι
1684 4267 1777 4318 Ὃν
1813 4266 1991 4341 ἀγαπᾷ

335 4348 531 4425 Κύριος
584 4348 849 4421 παιδεύει,
910 4356 1165 4427 μαστιγοῖ
1221 4348 1279 4405 δὲ
1335 4351 1507 4406 πάντα
1566 4354 1681 4408 υἱὸν
1739 4352 1796 4409 ὃν
1858 4377 1989 4410 πα-

337 4434 642 4512 ραδέχεται,
686 4440 776 4493 καὶ
832 4438 893 4494 οὗ
943 4438 1185 4511 κήδεται.
1230 4438 1408 4496 Ἀλλά
1442 4443 1578 4518 μέγα
1625 4443 1719 4515 μὲν
1749 4445 1811 4498 τὸ
1848 4443 1989 4517 μηδὲ

2076 1941 2353 2005 attrahat,
2399 1942 2525 2012 ipse
2557 1947 2749 1997 autem
2783 1942 2855 1996 ab
2887 1943 3165 1999 omnibus
3194 1942 3419 1999 detrahi
3450 1949 3727 2015 nequeat.

2076 2031 2302 2086 Rursus
2318 2030 2478 2086 Jovie
2500 2031 2836 2102 sepulcrum
2856 2031 2914 2085 in
2938 2034 3106 2088 Creta
3126 2033 3475 2088 ostenditur.
3492 2034 3728 2099 Quoties

2080 2119 2356 2175 Lucrium
2387 2124 2579 2189 tuum,
2603 2125 2660 2176 et
2688 2120 2952 2190 Logium,
2986 2126 3043 2176 et
3072 2122 3439 2193 Enagonium
3472 2123 3727 2193 intueor,

2079 2208 2278 2264 oculos
2308 2209 2539 2281 obtego,
2592 2226 2658 2264 ac
2709 2210 3027 2280 spectaculi
3083 2211 3302 2281 pudore
3347 2212 3523 2266 deum
3557 2220 3727 2267 tuum

2081 2303 2379 2370 praetereo.
2440 2297 2569 2353 Tibi
2625 2314 2758 2354 vero
2809 2316 2911 2370 per
2946 2316 3034 2353 me
3067 2317 3208 2355 sane
3234 2299 3405 2355 liceat
3438 2303 3730 2357 sermonis

2080 2388 2513 2444 contentionem
2535 2392 2591 2442 et
2612 2387 2911 2443 sacculum
2945 2390 3204 2445 adorare.
3232 2389 3423 2446 Unum
3457 2390 3645 2446 solum
3673 2390 3731 2445 in

2084 2477 2202 2532 tuis
2234 2478 2407 2532 rebus
2439 2482 2545 2543 est,
2582 2478 2737 2549 quod
2770 2478 3198 2533 venerationem
3235 2479 3730 2547 mereatur,nimi-

2088 2583 2218 2621 rum
2252 2566 2503 2621 honores
2537 2566 2599 2631 ii,
2632 2567 2732 2637 qui
2764 2567 2914 2638 apud
2949 2568 3203 2640 [Egytios
3226 2568 3355 2623 Nilo
3388 2586 3489 2640 per
3519 2570 3733 2624 andro-

2085 2674 2270 2731 gynos
2302 2657 2613 2723 habentur,
2641 2662 2699 2713 et
2729 2659 2934 2726 lsides,
2968 2663 3025 2714 et
3056 2659 3337 2715 Mendesii
3388 2659 3489 2730 dii,
3522 2665 3579 2714 et
3608 2660 3737 2731 api-

2086 2749 2209 2817 des,
2235 2752 2570 2819 ceteraeque
2602 2764 2805 2804 omnes
2834 2748 3030 2803 bestias
3052 2765 3119 2804 ex
3141 2748 3386 2805 diversis
3418 2749 3739 2821 generibus

2088 2836 2350 2893 conﬂata:
2396 2842 2453 2893 et
2495 2838 2861 2909 prodigiosae,
2895 2855 3042 2909 quas
3092 2837 3378 2910 contingis
3407 2843 3465 2894 et
3519 2839 3741 2911 pingis.

2091 2926 2246 2980 Pana
2275 2931 2467 2996 tuum,
2492 2930 2550 2981 et
2569 2926 2865 2997 Priapum,
2891 2931 2947 2981 et
2969 2927 3523 2997 Hermaphroditum
3556 2928 3740 2997 rideo,

2090 3017 2347 3085 deosque
2379 3014 2532 3079 illos,
2554 3014 2653 3086 qui
2680 3032 2794 3086 pris
2827 3017 3019 3071 lurore
3051 3016 3330 3072 membris
3360 3016 3611 3072 truncati
3641 3022 3746 3073 aut

2090 3103 2368 3175 discerpti
2396 3108 2555 3158 sunt.
2590 3103 2807 3159 Verum
2838 3105 2958 3159 haec
2990 3105 3228 3176 quidem
3263 3120 3473 3175 scenze,
3508 3123 3572 3161 ac
3606 3121 3742 3178 poe-

2089 3194 2165 3248 tis
2198 3210 2295 3249 eos
2326 3193 2766 3261 exornantihus,
2792 3194 3118 3265 relinquam
3144 3212 3156 3251 :
3182 3212 3288 3267 ego
3320 3201 3514 3253 autem
3551 3196 3747 3251 admo-

2010 3256 2052 3323 θ’
2095 3284 2315 3338 nitione
2348 3284 2601 3355 quadam
2626 3284 2951 3339 orationem
2982 3284 3350 3341 concludam.

2160 3372 2402 3429 XXXIII.
2440 3373 2560 3427 Viri
2592 3372 2774 3429 simul
2829 3379 2884 3430 et
2933 3374 3183 3443 feminae,
3222 3375 3472 3446 juvenes
3515 3375 3657 3431 item
3689 3379 3747 3431 et

2098 3480 2288 3531 senes,
2320 3468 2443 3519 tam
2478 3464 2577 3535 qui
2610 3465 2679 3519 ad
2706 3464 2815 3520 hoc
2847 3465 3165 3520 sacrarium
3198 3466 3364 3520 asciti
3396 3465 3747 3536 estis,quam

2098 3553 2196 3625 qui
2228 3553 2563 3609 inferiorem
2596 3552 2788 3608 locum
2820 3554 3057 3626 tenetis,
3082 3570 3287 3609 omnes
3316 3553 3747 3625 denique,quoe

2098 3642 2403 3708 Dominus,
2434 3645 2495 3695 ut
2526 3642 2689 3713 prius
2721 3643 2790 3697 ab
2824 3659 3015 3698 errore
3048 3647 3105 3697 et
3134 3641 3456 3713 impietate,
3476 3641 3558 3698 ita
3588 3660 3748 3699 nunc

2099 3749 2132 3786 a
2161 3730 2420 3803 gentium
2457 3729 2678 3785 insultu
2727 3734 2785 3785 et
2828 3730 3233 3801 impressione,
3268 3730 3577 3802 malisque,
3607 3748 3747 3803 par-

2098 3820 2203 3874 tim
2240 3819 2365 3889 jam
2426 3818 2792 3889 urgentibus,
2844 3819 3057 3890 partim
3107 3818 3557 3874 imminentibus
3601 3818 3748 3875 libe-

2100 3908 2268 3977 ravit,
2302 3907 2500 3963 audite
2532 3907 2857 3963 orationem
2910 3908 3016 3963 viri
3051 3924 3226 3980 quem
3262 3912 3385 3963 tum
3420 3908 3749 3979 quotidiani

2100 4015 2292 4055 rerum
2352 4002 2614 4067 eventus,
2671 4002 2797 4052 tum
2871 4003 3095 4053 veteres
3162 3997 3419 4053 historiae
3476 4002 3535 4053 et
3592 3997 3748 4065 libri,

2100 4092 2156 4143 et
2226 4104 2318 4143 res
2394 4091 2590 4159 gestae,
2652 4103 2767 4141 non
2838 4087 3210 4142 mediocriter
3286 4087 3345 4141 in
3405 4086 3749 4157 hujusmodi

2100 4178 2274 4233 rebus
2342 4176 2702 4231 erudierunt.
2775 4176 3051 4248 Magnum
3124 4176 3364 4248 quidem
3432 4182 3543 4247 est,
3605 4175 3751 4232 nihil

2102 4266 2331 4323 molesti
2389 4267 2756 4337 degustasse,
2809 4266 2925 4320 imo
2986 4283 3088 4322 nec
3139 4282 3421 4338 magnum
3482 4266 3751 4333 fortasse,

2100 4357 2146 4411 si
2185 4357 2355 4411 modo
2412 4372 2585 4411 verus
2619 4354 2711 4409 hic
2770 4372 2962 4410 sermo
3011 4360 3099 4411 est
3133 4373 3145 4411 :
3180 4355 3351 4423 Quem
3401 4356 3542 4411 Deus
3580 4359 3752 4425 amat,

2099 4447 2371 4515 castigat;
2399 4452 2449 4499 et
2475 4445 2719 4515 ﬂagellat
2748 4460 2963 4499 omnem
3003 4446 3185 4515 ﬁlium
3227 4462 3387 4517 quem
3435 4447 3656 4516 recipit,
3704 4449 3755 4501 et

333 4524 431 4591 τήν
482 4524 660 4601 ἀρχὴν
708 4534 892 4602 τυχεῖν
950 4527 1344 4603 διαμαρτόντας
1397 4532 1530 4605 (60),
1580 4531 1615 4600 ἢ
1669 4533 1744 4605 μὴ
1786 4534 1853 4588 τὰ
1888 4536 1970 4608 μέ-

2091 4538 2240 4608 cujus
2268 4550 2463 4589 curam
2495 4533 2661 4589 habet
2681 4534 2719 4586 ³.
2749 4533 2898 4588 lllud
2919 4551 3050 4589 vero
3085 4550 3390 4606 magnum,
3414 4550 3487 4590 ne
3514 4534 3753 4589 omnino

405 4626 427 4659 ³
455 4625 621 4682 Prov.
654 4644 741 4695 ιη,
776 4631 870 4699 12;
905 4630 1080 4687 Hebr.
1113 4646 1214 4696 xu,
1244 4630 1298 4683 6.

404 4730 517 4805 (48)
546 4733 739 4861 Χορόν.
772 4737 857 4793 Ita
887 4738 1064 4811 Regg.
1100 4740 1371 4817 quatuor,
1404 4736 1563 4793 Colb.
1586 4738 1641 4808 2,
1674 4739 1828 4809 Sav.,
1852 4744 1980 4801 Alb.

419 4808 589 4860 Herv.
670 4825 751 4861 ar.
786 4811 879 4861 ed.
914 4827 1047 4861 cum
1080 4825 1281 4861 naums
1314 4809 1481 4861 codd.
1514 4807 1708 4861 γοοός-

332 4809 390 4860 et
410 4808 595 4883 ‘Rerv.
625 4807 751 4883 Par.
786 4811 879 4865 ed.
914 4807 1047 4883 cuim
1080 4807 1281 4881 paucis
1314 4809 1481 4865 codd.
1514 4807 1708 4883 χορός.

404 4875 519 4946 (49)
552 4877 880 4953 Ιῐροσύμνῳ.
917 4905 943 4932 ‹‹
988 4875 1381 4937 Prosumnum
1434 4902 1463 4931 ι)
1507 4875 1675 4937 vbéat
1720 4881 1986 4943 Clemens

332 4946 853 5026 Alc}:_Pausanias
885 4959 1103 5026 veroget
1132 4956 1398 5026 Nonnus,
1434 4972 1455 5001 α
1490 4954 1857 5026 Polymnum.
1887 4979 1915 5006 ››

405 5017 519 5090 (50)
552 5019 771 5093 Δείμου.
806 5026 983 5097 Regg.
1019 5025 1141 5094 hm,
1170 5024 1273 5091 hu,
1306 5017 1464 5081 Colb.
1498 5027 1555 5093 k,
1588 5017 1714 5097 ipse
1757 5027 1986 5097 Billius,

336 5083 606 5169 8769:9qu
637 5083 771 5169 cum
808 5083 1043 5169 populo,
1076 5119 1103 5146 »
1129 5083 1193 5151 id
1227 5083 1333 5169 est,
1371 5118 1399 5145 ‹‹
1432 5083 1708 5153 exercitu.
1746 5121 1773 5149 ››

406 5162 521 5244 (ἒὲὶ
556 5162 823 5244 Dyme
854 5162 1172 5244 S'estss-
1206 5162 1455 5244 et_Pss--
1493 5170 1770 5244 μνήστέυρτ

408 5233 522 5313 (5?)
556 5233 894 5313 Ἐναγώνιον.
946 5233 1153 5295 ΒίΗίῖιξ
1182 5238 1394 5313 reddit,
1428 5262 1455 5288 ‹‹
1585 5233 1772 5297 'velu'ti
1806 5242 1987 5313 Logii,

336 5319 441 5359 seu
463 5312 976 5383 Mercurii,nomen
1000 5316 1212 5369 esset.»
1234 5312 1472 5366 Comb.«
1495 5312 1706 5368 Mentis
1724 5312 1987 5383 anxium,

337 5391 457 5430 non
490 5379 679 5437 solum
715 5384 1003 5441 sermonis
1034 5385 1427 5450 contentione,
1462 5384 1561 5439 sed
1594 5384 1768 5441 etiam
1804 5379 1988 5441 furto;

337 5462 471 5501 rum
503 5450 833 5529 disciplina.
860 5482 882 5510 ι
909 5457 1089 5513 Mont.
1118 5454 1464 5529 Ἐναγώνιος,
1493 5478 1519 5504 ››
1552 5456 1903 5513 Palaestrites
1926 5483 1940 5526 ς
1965 5480 1985 5508 ι

338 5534 477 5602 pam
520 5521 847 5602 Mercurius
873 5527 1179 5602 palaestris
1209 5521 1497 5602 prayer-atq
1522 5529 1710 5602 Quare
1758 5530 1816 5602 in
1860 5521 1989 5601 ipso

335 5598 622 5677 ingressu
643 5601 818 5656 stadii
858 5598 1142 5677 Olympici
1174 5598 1415 5677 arafuit
1444 5598 1731 5657 Mercurio
1758 5598 1992 5677 Ἐναγω-

336 5618 610 5662 ιυδι-υδδυ
643 5618 818 5656 staau
858 5618 924 5656 Ul
968 5618 1142 5673 mpici
1174 5618 1274 5656 ara
1307 5618 1388 5654 ιιιι

333 5659 687 5739 νίφμᾴᾆοαιε,
721 5678 786 5728 ut
815 5618 1021 5729 scribit
1052 5671 1394 5728 Pausanias.

409 5735 524 5811 (53)
556 5735 912 5820 Συγκρύπτω.
947 5745 1087 5819 Reg.
1122 5744 1242 5817 bm,
1274 5748 1330 5800 et
1359 5743 1490 5800 Sav.
1537 5738 1920 5819 συγκαλύπτω.

2168 4739 2282 4811 (54)
2316 4733 2609 4805 Μενδήσιοι
2651 4735 2784 4793 θεοί.
2846 4762 2874 4790 ‹‹
2941 4739 3222 4797 Mendesii
3277 4741 3378 4797 dii.
3430 4763 3457 4791 ›)
3510 4740 3751 4796 Hircum

2098 4811 2722 4885 adorabantjﬁgyptii,
2746 4815 2803 4866 et
2824 4829 3024 4867 eorum
3060 4814 3260 4885 lingua
3292 4814 3551 4885 hircus}.
3588 4828 3755 4885 men-

2098 4885 2198 4941 din
2233 4907 2262 4934 »
2294 4881 2613 4938 vocabatur
2666 4900 2677 4937 :
2732 4885 2887 4939 unde
2945 4902 3069 4953 vox,
3117 4881 3439 4954 Μενδήσιος,
3491 4883 3755 4940 derivata

2098 4958 2366 5021 videtur;
2401 4954 2488 5011 vel
2533 4956 2727 5011 forsan
2779 4956 2885 5011 loci
2935 4973 3149 5013 nomen
3183 4962 3290 5015 est.
3323 4960 3607 5012 Caeterum
3661 4956 3752 5013 hic

2100 5028 2316 5083 ironice
2346 5026 2610 5099 loquitur
2640 5027 2981 5099 Gregorius.

2170 5100 2277 5170 (55)
2324 5096 2592 5171 Πρίαπον.
2653 5096 2794 5156 Mss.
2855 5118 2969 5157 non
3020 5100 3189 5174 pauci
3238 5099 3523 5169 scribunt,
3572 5096 3749 5173 Πρίη-

2099 5189 2222 5226 πον.

2166 5244 2281 5366 (56)
2315 5238 2815 5325 Περικεκομμένους
2846 5244 2881 5310 ἢ
2916 5239 3357 5312 διεσπασμένους.
3419 5263 3446 5292 ‹‹
3493 5242 3755 5315 Legeba-

2099 5317 2196 5366 tur
2225 5331 2256 5366 0
2287 5313 2388 5366 im-
2430 5335 2455 5362 »
2488 5313 2676 5366 inuuxt
2706 5312 3510 5366 Combefmeomlexouévouc.
3546 5339 3566 5365 ι
3592 5330 3753 5366 com-

2098 5317 2196 5389 ιρι·
2225 5312 2401 5381 οΙὶω,
2430 5312 2676 5389 »_inquit
2706 5312 3510 5389 Cqmbefqtepmlexouévouc,
3546 5312 3753 5371 (com-

2101 5386 2369 5458 plicatos.
2401 5406 2429 5433 »
2462 5386 2523 5439 In
2557 5389 2718 5458 Pass.
2755 5387 2938 5456 deest,
2969 5386 3003 5455 ἢ
3038 5385 3482 5458 διεσπασμένους.

2173 5458 2280 5532 (57)
2314 5457 2389 5532 Τῇ
2422 5458 2616 5532 σκηνῇ.
2652 5457 2823 5532 Deest
2851 5458 3173 5532 in__duobus
3211 5457 3407 5532 Regiis
3437 5458 3607 5515 codd.

2173 5530 2281 5595 (58)
2315 5528 2697 5599 "Oqou;.__Reg.
2732 5530 2852 5598 bm,
2885 5528 2997 5591 οὕς.

2105 5599 2285 5727 Pa(858!)
2451 5594 2683 5671 βίϐλων.
2718 5594 2888 5658 Deest
2912 5603 2971 5659 in
3003 5604 3265 5676 quinque
3315 5602 3521 5673 Regg.,
3564 5600 3662 5657 0r.
3696 5600 3749 5672 1,

2146 5688 2288 5727 0.88..
2323 5688 2435 5727 θιο.

2474 5739 2654 5820 ἀρχὴν
2698 5747 2886 5823 τυχεῖν
2946 5742 3363 5825 διαμαρτόντας.
3399 5765 3428 5793 ‹‹
3470 5742 3752 5815 Magnum
