4070 6406
231 4284 240 4290 “
312 4276 461 4333 appe

336 394 456 455 717

1348 386 1643 450 ORATIO
1687 386 1866 450 V.—
1897 382 2211 446 CONTRA
2257 381 2665 445 JULIANUM
2709 381 2784 443 Il.

3640 383 3764 446 718

338 523 558 593 εἰσῆλθε
611 523 723 595 (31)
777 517 835 576 δὲ
892 519 966 582 ὡς
1021 519 1337 597 νικηφόρος,
1389 520 1479 573 καὶ
1529 518 1713 574 πολλα
1768 539 1861 572 σου
1892 523 1982 586 τῆς

2107 517 2343 572 meliam
2374 516 2693 580 intulisset,
2721 518 2897 586 atque
2925 515 3114 587 ipsius
3145 532 3305 572 aram
3334 518 3637 585 diruisset,
3665 519 3764 574 ad-

336 609 671 689 ἀλουργίδος
694 611 784 666 καὶ
816 614 923 665 τῶν
954 608 1137 685 λόγων
1184 606 1576 684 καταγελάσας,
1623 608 1699 669 ὡς
1745 606 1997 685 ψηφολο-

333 706 506 777 γικῶν
544 703 633 756 καί
664 698 922 775 γελοίων,
959 699 1093 772 μετά
1123 698 1382 760 πλείονος
1414 697 1609 770 ἐξῆλθε
1641 703 1742 766 τῆς
1786 694 1999 772 παρῥη·

332 791 469 862 σίας,
514 791 587 852 ὡς
632 786 686 844 εἷ’
730 810 813 851 τις
865 790 975 862 (32)
1029 787 1133 843 ἀπὸ
1187 784 1401 842 δείπνου
1456 787 1866 865 ὲπαναστρέφων
1905 784 1996 839 καὶ

334 879 593 955 λαμπρᾶς
654 876 942 939 ἑστιάσεως
969 899 981 911 ·
1046 876 1073 930 ὀ
1132 875 1189 932 δὲ
1240 882 1343 931 πᾶν
1376 880 1488 951 (33)
1514 878 1577 932 τὸ
1610 881 1769 949 σῶμα
1801 873 1995 951 δορκα-

338 970 446 1025 λίσι
504 968 850 1041 καταξανθείς
910 967 984 1029 εἷς
1050 968 1237 1042 βάθος,
1296 968 1386 1021 καὶ
1457 967 1623 1043 μικρᾶ
1680 964 1854 1020 πνέων
1918 963 1994 1018 ἔτι

335 1065 448 1121 τοῖς
480 1058 772 1135 τραύμασι,
826 1060 1085 1111 τοσοῦτον
1138 1056 1364 1131 ἀπεῖχεν
1420 1053 1686 1110 ἐνδιδόναι
1734 1055 1870 1131 πρὸς
1898 1054 1995 1116 τὰς

338 1149 622 1224 βασάνους,
656 1148 689 1216 ἢ
738 1143 911 1202 δεινόν
966 1167 1019 1200 τι
1065 1149 1173 1200 τῶν
1226 1146 1504 1220 παρόντων
1539 1144 1802 1218 νομίζειν,
1835 1142 1994 1215 ὥστε,

334 1235 522 1308 ἐπειδή
557 1258 609 1292 τι
640 1240 738 1291 τοῦ
771 1236 1026 1308 σώματος
1058 1232 1194 1290 εἶδεν
1252 1236 1646 1311 ἀνεπηρέαστον
1692 1237 1810 1295 ταῖς
1854 1231 1999 1303 πλη-

328 1333 472 1403 γαῖς,
531 1326 621 1381 καὶ
664 1332 994 1401 προσῃτιᾶτο
1054 1325 1184 1387 τοὺς
1240 1325 1560 1400 βασανιστάς
1614 1324 1687 1386 ὡς
1720 1317 1994 1398 ὑϐριστὰς,

330 1416 420 1471 καὶ
454 1414 515 1470 οὐ
548 1422 651 1471 πᾶν
698 1416 763 1471 τὸ
814 1420 972 1488 σῶμα
1016 1416 1377 1488 τιμήσαντας,
1429 1412 1575 1468 ἀλλά
1619 1433 1672 1468 τι
1729 1412 1994 1487 παρέντας

331 1504 551 1577 ἄξαντον
584 1504 673 1560 καὶ
706 1504 915 1581 ἀνίερον
946 1524 957 1536 ·
1010 1501 1369 1578 παραδεικνὺς
1422 1505 1536 1576 ἅμα
1593 1504 1690 1571 τὴν
1750 1503 1995 1573 κνήμην,

330 1593 403 1655 ὡς
438 1593 608 1667 μόνην
645 1591 1007 1669 διαφυγοῦσαν
1060 1590 1187 1653 τοὺς
1238 1586 1463 1666 ὄνυχας,
1496 1596 1588 1646 καῖ
1623 1588 1763 1664 μηδέ
1791 1590 1993 1661 ταύτης

329 1680 602 1759 φείδεσθαι
636 1680 1110 1754 διακελευόμενος.

2110 608 2325 661 ductus
2355 605 2592 677 quidem
2617 608 2706 660 est
2726 610 2791 659 ut
2811 620 3027 660 nocens
3050 619 3115 660 ac
3136 604 3519 675 facinorosus,
3544 608 3763 681 ingreso

2106 713 2210 751 sus
2249 698 2338 751 est
2381 699 2575 750 autem
2628 698 2695 749 ut
2752 692 3161 761 laureatus,ac
3191 711 3515 768 purpuram
3574 702 3757 767 tuam,

2106 788 2165 840 et
2192 800 2515 850 sermones,
2553 786 2616 838 ut
2646 784 2851 839 inanes
2882 787 2937 839 et
2966 782 3187 850 futiles,
3221 782 3443 855 ingenti
3474 784 3596 841 risu
3630 803 3759 858 pro-

2106 879 2367 939 secutus,
2426 890 2561 929 cum
2622 872 2827 944 majori
2884 873 3152 929 libertate
3209 889 3277 930 ac
3334 874 3548 931 fiducia
3603 874 3759 943 exiit,

2106 982 2221 1020 non
2256 980 2426 1020 secus
2459 980 2524 1019 ac
2551 963 2601 1017 si
2633 962 2767 1035 quis
2799 980 2833 1019 a
2862 980 3025 1018 ccena
3056 967 3111 1019 et
3141 963 3446 1035 splendido
3475 964 3647 1037 epulo
3679 980 3764 1021 re-

2106 1054 2254 1108 diret
2291 1070 2303 1108 :
2338 1052 2503 1120 alter,
2539 1050 2678 1107 loris
2720 1055 2841 1108 toto
2874 1069 3112 1124 corpore
3165 1052 3238 1108 ad
3287 1053 3528 1110 intimas
3577 1070 3763 1127 usque

2105 1149 2299 1213 partes
2325 1141 2638 1209 laceratus,
2667 1157 2732 1197 ac
2765 1158 2880 1214 praa
2910 1141 3253 1199 vulneribus
3281 1144 3557 1216 exiguum
3589 1144 3762 1216 quid-

2105 1232 2240 1286 dam
2264 1230 2520 1303 spirans,
2546 1234 2779 1286 tantum
2810 1235 3003 1288 tamen
3031 1232 3101 1287 ab
3125 1247 3191 1287 eo
3215 1233 3404 1289 abfuit
3424 1238 3490 1289 ut
3510 1238 3764 1306 tormen-

2104 1319 2180 1376 tis
2211 1320 2645 1389 succumberet,
2680 1325 2783 1375 aut
2820 1320 3196 1391 praesentium
3229 1322 3554 1395 quidquam
3587 1339 3761 1396 grave

2107 1414 2283 1481 atque
2315 1409 2588 1465 acerbum
2618 1408 2999 1477 existimaret,
3026 1414 3111 1477 ut,
3136 1427 3269 1466 cum
3291 1413 3610 1483 quamdam
3640 1429 3762 1469 cor-

2106 1498 2264 1572 poris
2296 1501 2517 1570 partem
2549 1515 2581 1553 a
2612 1497 2802 1570 plagis
2834 1498 3110 1555 intactam
3133 1503 3191 1555 et
3219 1501 3565 1558 inoffensam
3587 1502 3764 1559 vidis-

2108 1593 2219 1657 set,
2251 1592 2503 1644 tortores
2534 1587 2709 1643 etiam
2753 1588 2934 1659 ipsos,
2968 1592 3249 1661 tanquam
3280 1592 3759 1661 contumeliosos,

2107 1681 2430 1743 accusaret,
2464 1681 2523 1732 at
2552 1677 2654 1748 qui
2686 1680 2875 1733 totum
2920 1678 3111 1749 ipsius
3155 1694 3368 1751 corpus
3399 1680 3619 1737 honore
3648 1682 3758 1737 mi-

336 1774 494 1829 nime
524 1773 877 1842 effecissent,
910 1790 1113 1828 verum
1144 1772 1371 1843 aliquid
1424 1789 1538 1828 non
1586 1772 1906 1827 laceratum
1939 1786 2044 1826 nec
2076 1768 2385 1825 sanctitate
2437 1767 2711 1822 affectum
2761 1766 3144 1839 reliquissent
3172 1783 3186 1825 :
3218 1768 3420 1825 tibiam
3452 1769 3629 1827 simul
3660 1772 3760 1827 de-

333 1868 696 1930 monstrans,
731 1868 795 1919 ut
827 1880 955 1934 quae
987 1863 1112 1919 sola
1141 1862 1396 1935 ungulas
1427 1862 1748 1935 effugisset,
1782 1876 2017 1932 eosque.
2050 1863 2114 1915 ut
2148 1875 2220 1913 ne
2250 1858 2386 1913 huic
2419 1874 2654 1929 quoque
2683 1863 3005 1930 parcerent,
3039 1859 3365 1917 inhortans.

399 1953 531 2008 MA'.
593 1949 759 2014 Οὗτος
817 1952 845 2006 ὁ
900 1950 1062 2026 λόγος
1126 1953 1240 2024 (34)
1319 1972 1405 2005 σοι
1487 1955 1596 2006 τῶν
1676 1948 1982 2028 Πορφυρίου

2170 1948 2308 2004 XLI.
2342 1948 2473 2004 Haec
2520 1949 2726 2016 oratio,
2752 1948 3054 2022 Porphyrii
3105 1951 3431 2007 mendaciis
3461 1956 3518 2007 et
3547 1951 3758 2009 delira-

328 2040 653 2115 ψευσμάτων
728 2040 818 2095 καὶ
900 2040 1265 2116 ληρημάτων,
1327 2043 1407 2101 οἷς
1472 2040 1629 2113 ὑμεῖς
1690 2040 1765 2101 ὡς
1821 2039 1988 2102 θείαις

326 2135 526 2207 φωναῖς
558 2128 877 2206 ἀγάλλεσθε,
927 2128 959 2197 ἢ
1016 2133 1112 2182 τοῦ
1162 2133 1262 2181 σοῦ
1309 2128 1733 2203 Μισοπώγωνος,
1768 2125 1862 2182 εἶτ’
1894 2127 1984 2181 οὖν

330 2221 682 2294 Ἀντιοχικοῦ
737 2218 1041 2297 (ἀμφότερα
1092 2218 1191 2294 γὰρ
1255 2216 1571 2295 ὲπιγράφεις
1632 2222 1711 2288 τῷ
1787 2216 1986 2290 λόγῳ),

333 2309 394 2361 οὗ
424 2329 476 2362 τι
528 2311 640 2380 (35)
692 2311 1029 2383 Χριστιανοῖς
1088 2306 1443 2380 ἀτιμότερον
1506 2305 1563 2360 ὅν
1624 2304 1747 2360 τότε
1799 2306 1892 2378 μὲν
1949 2307 1984 2375 ἡ

327 2396 599 2473 πορφυρὶς
655 2397 823 2469 μέγαν
872 2396 1063 2467 ἐποίει,
1107 2395 1197 2450 καὶ
1248 2396 1299 2449 οἱ
1346 2394 1519 2449 πάντα
1568 2397 1636 2449 τὰ
1682 2395 1747 2449 σὰ
1778 2395 1985 2467 θαυμά-

328 2490 510 2553 ζοντες
567 2484 845 2545 κόλακες*
905 2488 993 2538 νῦν
1054 2481 1112 2538 δὲ
1164 2485 1367 2561 πώγων
1427 2483 1537 2537 ἐστὶ
1622 2482 1985 2561 περιφερόμε-

320 2595 411 2636 νος
472 2576 584 2647 (36)
630 2573 719 2628 καὶ
778 2572 1223 2647 περισυράμενος,
1300 2574 1389 2628 καὶ
1446 2579 1563 2635 τοῖς
1632 2594 1984 2646 συμπεπονη-

321 2663 469 2718 κόσιν
512 2665 624 2737 (37)
655 2663 797 2735 ὁμοῦ
825 2660 1163 2739 γελώμενος,
1196 2662 1246 2716 έν
1280 2664 1325 2736 ᾧ
1359 2662 1421 2717 σὺ
1458 2663 1551 2737 μὲν
1587 2662 1855 2738 ἀπερίττῳ
1886 2667 1984 2716 τοῦ

318 2754 597 2827 σώματος,
645 2751 735 2807 καὶ
783 2757 861 2824 τῷ
917 2750 1284 2826 μηδεπώποτε
1344 2756 1457 2827 (38)
1506 2757 1692 2829 τυχεῖν
1739 2752 1982 2822 ἀπεπτή-

321 2862 415 2904 σας
448 2841 498 2914 έξ
536 2840 867 2912 ἀπληστίας,
930 2837 1070 2915 μέγα
1116 2846 1285 2919 φυσᾷς
1335 2843 1468 2915 (39),
1521 2841 1595 2902 ὡς
1644 2838 1708 2911 δή
1763 2862 1811 2894 τι
1862 2842 1984 2894 θαυ-

324 2932 512 3003 μάσιον
546 2931 721 3006 λέγων
752 2950 764 2964 ⁸
800 2930 883 2985 ὅτι
936 2929 993 2985 δε
1035 2929 1389 3006 Χριστιανοὺς
1436 2928 1647 2999 ἤλασας
1698 2928 1841 2983 οὕτω
1889 2950 1980 2983 πι-

318 3023 484 3095 κρῶς,
536 3020 626 3073 καὶ
675 3024 933 3074 τοσοῦτον
988 3018 1140 3082 ἔθνος
1188 3019 1276 3073 καὶ
1331 3018 1504 3081 οὕτως
1556 3018 1700 3095 ἱερὸν
1746 3020 1979 3093 παρανά-

320 3107 522 3179 λωσας,
576 3108 715 3162 ἑκὼν
770 3108 1152 3185 παρατρέχεις.
1216 3109 1402 3164 Καίτοι
1460 3130 1521 3184 γε
1567 3109 1683 3171 ἑνὸς
1731 3108 1826 3181 μὲν
1888 3109 1978 3163 ἀν-

317 3194 442 3273 δρὸς
501 3199 930 3271 ἀπεπτήσαντος,
990 3199 1023 3267 ἢ
1086 3198 1277 3275 έρυγάς
1332 3200 1558 3277 φυσικὰς
1626 3198 1871 3275 ἀφέντος,
1925 3198 1977 3252 τί

314 3288 459 3361 παρά
487 3292 647 3342 τοῦτο
678 3292 757 3360 τῷ
802 3289 971 3360 κοινῷ
1029 3283 1274 3363 βλάϐος;
1322 3288 1586 3343 τοσούτου
1636 3285 1693 3342 δὲ
1724 3285 1976 3362 διωγμοῦ

316 3377 654 3446 κινηθέντος,
726 3378 816 3431 καὶ
890 3378 1158 3449 τοσαύτης
1213 3376 1707 3451 καινοτομηθείσης
1766 3377 1975 3453 συγχύ-

316 3486 477 3534 σεως,
536 3470 654 3527 πῶς
716 3466 814 3521 οὐκ
869 3466 1072 3542 ἀνάγκη
1142 3470 1254 3541 (40)
1329 3474 1473 3522 πᾶσα
1540 3469 1610 3522 τὰ
1684 3467 1972 3541 Ῥωμαίων

310 3550 459 3629 ἔχειν
537 3558 758 3624 κακῶς,
844 3554 1033 3631 ὥσπαρ
1110 3554 1201 3610 οὖν
1277 3556 1366 3611 καί
1442 3556 1717 3633 ἐσχηκότα
1792 3556 1974 3636 φαίνε-

307 3662 394 3696 ται
421 3659 434 3710 ;

312 3757 517 3829 quitur
547 3757 770 3829 Billius,
789 3763 847 3813 et
868 3759 1061 3827 vertit,
1087 3781 1114 3808 «
1141 3764 1242 3815 aut
1268 3760 1361 3815 bis
1392 3760 1634 3827 scilicet,
1661 3762 1759 3832 qui
1783 3765 1837 3817 te
1866 3761 1971 3818 im-

313 3835 552 3903 perante
584 3837 892 3886 strenuum
924 3832 1187 3886 animum
1222 3833 1639 3903 prrestiterunt.
1666 3856 1691 3882 ››
1720 3834 1969 3898 Quinam

311 3902 509 3976 autem
537 3902 753 3976 fuerint
773 3902 858 3957 illi
882 3902 1263 3976 duojuvenes
1285 3904 1625 3974 Christiani,
1645 3904 1968 3976 ignoratur.

313 3974 484 4029 Putat
516 3974 669 4029 Elias
700 3974 793 4029 hic
826 3975 1187 4031 mentionem
1222 3976 1344 4031 fieri
1376 3978 1446 4031 de
1498 3974 1693 4033 Marco
1719 3977 1969 4033 Arethu-

312 4045 421 4111 sio,
455 4048 512 4099 et
540 4046 609 4099 de
642 4046 893 4102 Eusebio
926 4048 1358 4104 Samosatense.
1396 4048 1635 4115 Verum,
1671 4055 1736 4104 ut
1764 4058 1973 4105 caetera

274 4154 277 4157 -
312 4116 532 4184 omnia,
556 4133 681 4187 quae
734 4118 871 4174 huic
908 4119 1179 4193 (opinioni
1233 4121 1638 4193 adversantur,
1675 4124 1968 4193 omittam,

317 4206 622 4314 nunquam
679 4189 992 4261 Gregorius
1051 4208 1171 4257 eos,
1222 4189 1552 4260 νεανίσκους,
1588 4189 1968 4263 ιδυνεῐιοερὶ

317 4276 461 4314 anne
492 4262 687 4314 lasset.
724 4262 1091 4314 Probabilius
1129 4267 1218 4314 est
1268 4265 1508 4314 forsitan
1563 4282 1745 4314 unum
1779 4283 1844 4314 ex
1880 4266 1968 4314 his

492 4262 687 4316 lasset.
724 4262 1091 4318 Probabilius
1129 4267 1218 4319 est
1267 4265 1509 4319 forsitan
1563 4282 1747 4320 unum
1779 4283 1847 4320 ex
1880 4262 1972 4321 bis

310 4332 493 4406 fuisse
523 4332 920 4406 Theodorum,
945 4352 1122 4406 quem
1163 4353 1317 4391 anno
1360 4338 1466 4391 362
1516 4336 1837 4392 Antiochiae
1868 4338 1971 4392 Ju-

314 4404 507 4491 lianus
525 4404 784 4491 §alustio
811 4404 1080 4491 prela-tecto
1103 4408 1772 4491 cruoiandumhtradidit.
1802 4410 1975 4491 [favet

318 4477 703 4545 Augustinus,
729 4477 829 4546 qui
884 4477 986 4532 lib.
1027 4496 1189 4547 xvm,
1220 4480 1296 4534 De
1326 4481 1427 4534 civ.
1462 4481 1578 4547 Dei,
1613 4498 1661 4536 c.
1692 4482 1782 4546 52,
1817 4480 1973 4537 hunc

318 4550 640 4616 martyrem
671 4569 700 4595 ‹‹
714 4549 1002 4669 ἐυνϐΠΘῐῙ]
1038 4574 1059 4602 ι
1098 4550 1373 4623 appellat.

390 4616 503 4669 (31)
534 4614 707 4669 Είσῆλ
747 4637 789 4669 ε.
832 4619 1161 4669 Leotinnem
1210 4623 1361 4669 hanc

390 4614 503 4687 (31)
534 4614 789 4685 Είσῆλθε.
832 4614 1361 4678 ῐιθοῐὶοῐιεῐῇἬαῐω
1409 4625 1650 4677 tuentur
1681 4639 1822 4677 mss.
1856 4640 1972 4679 non

2100 2038 2336 2105 mentis,
2366 2038 2581 2109 quibus
2605 2054 2705 2093 vos
2736 2041 3016 2109 tanquam
3048 2039 3264 2096 divinis
3296 2040 3534 2096 vocibus
3562 2043 3757 2098 exsul-

2099 2127 2264 2193 tatis,
2295 2131 2396 2182 aut
2425 2126 2602 2182 etiam
2634 2143 2736 2199 pro
2769 2130 3116 2198 Mz'sopogone
3146 2133 3269 2197 tuo,
3303 2146 3405 2186 seu
3442 2131 3756 2188 Antiochico

2097 2216 2259 2285 (nam
2320 2221 2569 2287 utroque
2624 2217 2796 2271 modo
2858 2218 3179 2273 orationem
3240 2218 3556 2292 inscribis),
3598 2221 3754 2294 apud

2097 2305 2463 2361 Christianos
2486 2305 2943 2377 haudquaquam
2963 2306 3134 2363 vilior
3152 2295 3249 2363 est
3263 2313 3319 2363 et
3338 2311 3745 2382 contemptior.

2097 2394 2281 2459 Quam
2312 2397 2474 2449 tuam
2508 2392 2831 2449 orationem
2863 2411 3127 2466 purpura
3152 2399 3282 2451 tum
3313 2412 3588 2468 magnam
3620 2398 3751 2454 red-

2096 2484 2289 2551 debat,
2313 2487 2369 2539 et
2400 2482 2735 2538 adulatores
2765 2483 2871 2551 illi,
2898 2484 2997 2556 qui
3030 2489 3131 2540 tua
3162 2485 3363 2540 omnia
3392 2485 3668 2544 laudibus
3689 2487 3750 2544 in

2096 2572 2305 2629 coelum
2338 2573 2624 2628 vehebant
2658 2588 2669 2626 :
2706 2590 2864 2628 nunc
2895 2579 3089 2629 autem
3126 2592 3194 2629 ea
3225 2592 3387 2631 mera
3428 2576 3609 2632 barba
3639 2581 3751 2649 est,

2095 2679 2223 2735 quas
2254 2662 2655 2733 corrumpitur
2684 2667 2741 2716 et
2788 2666 3072 2734 raptatur,
3107 2680 3172 2719 ac
3221 2663 3421 2719 simul
3451 2681 3583 2720 cum
3619 2666 3691 2721 iis
3721 2681 3756 2721 a

2095 2752 2312 2824 quibus
2340 2750 2638 2806 elaborata
2667 2755 2776 2821 est,
2810 2751 3107 2819 irridetur,
3141 2752 3199 2807 in
3228 2770 3345 2826 qua
3395 2757 3457 2809 tu
3512 2755 3754 2826 quidem

2093 2840 2165 2895 ob
2208 2838 2497 2911 frugalem
2544 2838 2903 2910 minimeque
2956 2856 3457 2912 supervacaneum
3509 2843 3741 2916 corpori

2102 2928 2321 2984 victum
2355 2927 2795 2999 cultumque,et
2826 2929 2981 3000 quod
3010 2947 3315 3002 nunquam
3348 2948 3416 2987 ex
3447 2932 3634 2988 nimia
3664 2950 3753 2989 sa-

2091 3022 2151 3073 tu
2162 3018 2327 3073 ritate
2346 3017 2697 3072 cruditatem
2717 3018 3090 3084 contraxeris,
3106 3036 3462 3093 magnopere
3480 3026 3535 3077 te
3556 3022 3749 3091 inﬂas,

2088 3110 2373 3177 tanquam
2406 3105 2629 3161 scilicet
2678 3106 3093 3164 admirandum
3123 3110 3404 3181 quiddam
3451 3128 3699 3169 narrans
3734 3131 3747 3169 :

2090 3197 2246 3268 quod
2280 3200 2476 3251 autem
2501 3195 2868 3253 Christianos
2896 3201 3017 3252 tam
3051 3199 3256 3255 acerbe
3278 3202 3593 3269 vexaveris,
3619 3206 3747 3258 tan-

2092 3291 2330 3358 tamque
2362 3290 2593 3357 gentem
2628 3289 2868 3357 tamque
2909 3303 3138 3344 sacram
3168 3289 3474 3346 obtriveris
3506 3307 3572 3346 ac
3604 3308 3748 3363 pene

2088 3374 2428 3440 confeceris,
2462 3372 2729 3430 consulto
2760 3376 3040 3447 praeteris.
3060 3376 3275 3433 Verum
3309 3395 3443 3434 cum
3474 3380 3563 3435 vir
3594 3396 3749 3436 unus

2086 3464 2373 3520 cruditate
2419 3463 2724 3533 laboravit,
2761 3468 2862 3519 aut
2911 3466 3211 3521 naturales
3269 3472 3471 3524 ructus
3531 3468 3745 3540 emisit,

2086 3554 2228 3625 quid
2254 3553 2389 3607 inde
2412 3552 2745 3625 respublica
2764 3552 3099 3609 detrimenti
3122 3555 3369 3627 accipit?
3392 3573 3523 3612 cum
3548 3561 3746 3613 autem

2086 3646 2127 3697 Ι
2144 3643 2240 3697 76
2264 3645 2428 3698 tanta
2454 3641 2780 3714 persecutio
2804 3647 3098 3698 commota
3119 3648 3226 3713 est,
3242 3649 3525 3718 tantaque
3549 3663 3745 3704 rerum

2081 3775 2215 3813 cum
2248 3757 2528 3812 adversus
2561 3760 2770 3812 Persas
2810 3758 3106 3826 profectus
3139 3760 3513 3817 Antiochiam
3549 3762 3745 3819 venis-

2082 3836 2191 3897 set,
2227 3830 2551 3885 orationem
2576 3845 2695 3901 una
2726 3845 2860 3883 cum
2894 3829 3174 3901 magistro
3207 3849 3314 3888 suo
3338 3834 3581 3891 Libanio
3606 3836 3746 3891 scri—

2125 3904 2201 3957 sit
2229 3905 2438 3977 contra
2462 3900 2901 3977 Antiochenses,
2935 3900 3035 3977 qui
3069 3903 3352 3960 hircinam
3388 3906 3574 3977 ipsius
3607 3906 3741 3963 bar-

2125 3918 2201 3957 sn
2229 3918 2434 3956 contra
2462 3918 2901 3965 ADLIOCDBDSBS,
2979 3919 3035 3955 ui
3069 3918 3352 3960 mrcnnam
3388 3923 3574 3977 lpSlUS
3608 3918 3740 3963 bar-

2083 3920 2216 4051 gain
2251 3972 2476 4051 cavillis
2519 3972 2904 4051 incesserant.
2932 3918 3095 4051 illanc
3144 3978 3465 4051 orationem
3520 3978 3740 4051 duplici

2082 4047 2286 4121 titulo,
2316 4116 2326 4121 _
2351 4046 2671 4121 MisOpogon
2723 4048 2793 4121 et
2835 4045 3217 4121 ᾼῃίὶορίιίοιιηι
3274 4045 3623 4121 ἱηεοιιὶρεὶιδ
3653 4051 3738 4106 Ad

2082 4118 2203 4201 haec
2252 4116 2433 4201 igitur
2474 4116 2693 4201 scripta
2723 4114 2931 4171 alludit
2965 4118 3314 4201 pregorius,
3366 4114 3535 4193 quasi
3582 4121 3739 4201 dioe-

2083 4198 2187 4257 ret,
2218 4186 2440 4244 ut—cum
2464 4186 2870 4265 Eliailoquar:
2898 4211 2926 4237 ‹‹
2960 4186 3175 4265 Oratio,
3212 4186 3399 4265 nuper
3428 4212 3461 4249 a
3490 4210 3583 4249 me
3614 4194 3738 4249 edi-

2082 4266 2161 4339 ta,
2185 4266 2415 4339 tuaque
2458 4258 2678 4339 flagitia
2713 4260 3051 4339 traducens,
3086 4258 3387 4339 Porphyrii
3419 4265 3741 4323 mendaciis

2082 4338 2140 4411 et
2168 4331 2414 4411 deliriis,
2449 4338 2549 4411 aut
2590 4331 2952 4411 Misorpggnc,
2986 4331 3451 4394 Christianorum
3498 4339 3739 4411 quidem

2076 4404 2320 4483 iudicio,
2357 4404 2700 4474 neutiquam
2754 4404 3001 4483 inferior
3027 4412 3138 4483 est,
3170 4413 3249 4483 et,
3274 4404 3681 4483 contemptior.
3708 4430 3737 4483 ρ

2085 4422 2320 4472 ,υαιοιο,
2357 4422 2700 4474 neutiquam
2754 4422 2995 4461 interior
3027 4422 3138 4476 est,
3170 4422 3226 4463 et
3274 4422 3681 4483 contemptior.
3708 4430 3737 4463 ι

2085 4422 2251 4530 llunc
2283 4476 2474 4531 locum
2509 4491 2623 4530 non
2660 4474 2810 4531 male
2842 4477 3033 4533 reddit
3064 4479 3457 4538 Pirchimerus
3488 4501 3537 4539 :«
3566 4483 3653 4539 Sit
3677 4482 3745 4537 ti-

2085 4548 2142 4602 bi
2175 4547 2270 4601 bic
2302 4562 2495 4603 sermo
2523 4564 2624 4619 pro
2648 4547 2949 4619 Porphyrii
2984 4553 3373 4609 mendaciis...
3400 4570 3503 4619 pro
3524 4570 3745 4610 sermo-

2086 4572 2142 4602 υι
2176 4572 2270 4601 un;
2302 4572 2495 4603 senuu
2524 4572 2624 4617 μω
2648 4572 2949 4619 rurpuyru
2984 4572 3373 4609 menuacus...
3442 4572 3503 4608 ro
3524 4572 3744 4610 sermo-

2086 4634 2157 4673 ne
2189 4624 2288 4673 tuo
2320 4615 2763 4694 quempsorem
2796 4619 3059 4694 barbae...
3088 4638 3203 4694 quo
3227 4624 3372 4679 nihil
3394 4572 3744 4680 ghristianis

322 4671 516 4760 ρακυοί.
546 4671 1164 4778 Testamenta;
1209 4671 1638 4762 aggernt;
1681 4671 1974 4751 iisan".
2012 4671 2053 4733 ι)
2084 4671 2172 4746 ea
2198 4671 2775 4778 τεξοηφωριιιίιίυεδ
2805 4671 3746 4778 ea};vg'aecu}'lggsgg,“a;55;;

331 4778 419 4835 γρ.
469 4770 769 4852 πριοσῆλρέ.
1150 4838 1160 4848 ⁸
1240 4838 1251 4849 ο
1653 4836 1665 4848 ⁹

331 4831 720 4956 Πυῗῗξζὲὶὲἃξι
754 4836 1288 4956 ἔὲςέιξῗξηξιιοιιιε
1341 4842 1491 4894 notae
1539 4838 1790 4893 codices.
1825 4837 1979 4893 Non-

321 4902 467 4958 nulli
503 4907 561 4958 et
596 4904 719 4960 Par.
754 4906 845 4960 ed.
879 4906 912 4973 ἣ
952 4903 1129 4969 εἷ’τις.

395 4974 507 5047 (33)
540 4979 669 5031 Ιῐᾶν.
704 4976 799 5034 Sic
829 4982 948 5035 tres
998 4980 1178 5054 Regg.
1211 4984 1268 5037 et
1296 4984 1390 5036 Or.
1426 4980 1475 5051 l,
1512 4980 1683 5036 Herv.
1720 4984 1778 5035 et
1828 4980 1976 5048 Par.,

324 5042 462 5099 ἃπαν
474 5089 485 5101 .

394 5117 707 5202 (34)(ξξτος
758 5119 786 5173 ὁ
841 5116 1033 5202 λόγος,
1063 5129 1225 5202 _etc.«
1258 5123 1536 5202 Epilogus
1584 5122 1705 5178 hac
1754 5128 1977 5202 sunt,»

331 5189 526 5261 inQuit
554 5190 733 5267 Elias,
764 5213 792 5244 α
822 5210 888 5248 ac
919 5189 1109 5252 brevis
1140 5189 1409 5267 quadam
1428 5189 1501 5267 et
1528 5195 1855 5267 su‘mmaria
1884 5212 1979 5252 eo-

324 5278 481 5339 rum,
507 5279 637 5339 qua;
669 5264 824 5339 dicta
844 5272 1005 5335 sunt,
1030 5264 1311 5324 collectio.
1340 5289 1367 5315 »
1389 5265 1608 5339 Juliani
1635 5282 1703 5339 ac
1730 5266 1982 5339 Porphy-

324 5332 397 5409 rii
417 5332 601 5389 libros
623 5333 719 5389 hic
743 5332 1409 5409 insectaturGregorius.
1429 5336 1783 5409 Porphyrius
1799 5332 1979 5408 enim,

326 5357 397 5385 ιἰι
420 5357 601 5389 ιιυΓυδ
626 5357 719 5389 Πιϐ
744 5357 1184 5395 ιιιδθοιειιιιιδυτθ
1228 5357 1409 5395 onus.
1429 5357 1783 5409 t’Ol‘prrlus
1799 5357 1979 5408 enim,

326 5402 399 5489 de
427 5419 725 5489 quosaape
745 5408 1115 5489 Augustinus
1146 5357 1345 5489 bills
1365 5412 1469 5489 ciu.
1495 5410 1611 5489 ηεξ,
1635 5409 1981 5489 Christianas

324 5472 482 5557 fidei,
512 5479 573 5530 ut
602 5472 898 5557 lulianus,
919 5483 1184 5557 desertor
1212 5487 1270 5557 et
1302 5482 1487 5557 hostis
1518 5472 1981 5557 infensissimus,

323 5543 508 5625 libros
539 5543 895 5625 quindecim.
910 5555 1189 5625 adversus
1210 5554 1600 5611 Christianam
1628 5543 1980 5625 doctrinam,

327 5617 743 5698 mendaciiset
771 5622 994 5681 deliriis
1026 5627 1248 5698 plenos,
1275 5627 1355 5682 ita
1402 5643 1523 5698 ore,
1546 5625 1816 5695 pestifero
1849 5617 1979 5685 evo;

328 5693 582 5773 rnuerat,
618 5694 683 5773 u_t
704 5693 1462 5773 praestantissimiipietatis
1512 5693 1685 5773 laude
1732 5699 1983 5773 impera-

323 5766 481 5821 tores
510 5779 611 5821 eos
643 5763 766 5839 igni
799 5772 1161 5829 concremari
1184 5763 1497 5845 jusserint.
1524 5768 1794 5829 Julianus
1817 5763 1981 5846 vero,

2087 4759 2285 4891 φυρίου
2318 4758 2665 4843 ψευσμάτων,
2698 4777 2826 4832 qua:
2876 4758 3500 4849 lectio_commvoda,'et
3548 4758 3742 4823 acrius

2128 4852 2159 4889 u
2192 4850 2392 4889 ianum
2427 4833 2576 4891 ferit.
2610 4835 2675 4886 ut
2704 4834 2974 4888 observat
3006 4834 3229 4891 Billius.

2128 4849 2392 4889 unanum
2427 4849 2576 4895 Iern,
2610 4849 2675 4886 ut
2704 4849 2974 4888 οοεθτνειι
3006 4849 3229 4893 5111108.

2160 4908 2271 4979 (35)
2305 4902 2382 4961 Οὗ
2411 4923 2485 4959 τι.
2516 4903 2673 4959 Elias
2718 4904 2879 4977 legit,
2912 4901 2974 4958 οὔ
3004 4927 3077 4978 τι,
3110 4910 3266 4981 quod
3300 4908 3503 4964 Billius
3551 4908 3742 4980 sequi-

2088 4981 2205 5034 tur.

2160 5068 2274 5143 (36)
2307 5062 2763 5143 Hapupspépsvom
2812 5065 2909 5143 Sic
2948 5068 3128 5143 Elius,
3162 5071 3345 5139 Pass,
3396 5074 3529 5141 etc.,
3564 5085 3744 5143 quam

2090 5137 2399 5216 lectionem
2421 5137 2658 5193 exhibet
2679 5137 2807 5216 Par.
2830 5138 2921 5194 ed.
2948 5139 3151 5197 Billius
3176 5137 3397 5211 tamen,
3419 5160 3488 5199 ea
3509 5137 3746 5216 postha-

2089 5208 2427 5289 bital‘legit,
2460 5209 2966 5289 περιφθειρόμενος,
2994 5234 3021 5262 ‹‹
3054 5229 3181 5283 quae
3212 5208 3630 5289 corrumpitur.
3657 5237 3687 5267 π

2162 5282 2271 5351 (37)
2303 5278 2813 5355 Συμπεπονηκόσιν.
2851 5282 3010 5339 Pass.
3044 5278 3433 5355 πεπονηκόσιν.

2308 5348 2717 5430 ΙξΙηδεπιιῦςίτρτεᾇ
2744 5357 2919 5430 Regg.
2954 5358 3161 5430 a._bm,
3197 5348 3493 5430 μηδέποτε.

2185 5422 2640 5502 39)-Φυσᾷς..,8ἰο
2682 5422 2979 5495 Βεςῖὃιη,
3012 5422 3207 5502 Pass,"
3232 5422 3358 5487 Sav.
3387 5436 3444 5487 et
3486 5428 3746 5487 Combef.

2092 5495 2206 5572 Par
2229 5495 2321 5572 eid.
2356 5495 2494 5572 φυσή
2504 5513 2620 5572 σας.

2164 5568 2273 5641 (40)
2306 5563 2432 5628 Πῶς
2465 5564 2575 5641 οὐδε
2610 5563 2844 5637 ἀνάγκη.
2876 5571 2985 5624 etc.
3018 5571 3269 5630 «Nonne
3318 5577 3442 5632 erat
3487 5588 3746 5641 necesse,

2093 5639 2279 5696 utres
2311 5657 2515 5697 omnes
2545 5639 2943 5696 Romanorum
2971 5643 3124 5701 male
3145 5663 3207 5702 se
3229 5647 3571 5703 haberent.»
3595 5639 3750 5699 Bill.:

2095 5712 2449 5788 «Quidnam
2509 5708 2735 5788 afferri
2762 5714 2974 5781 potest,
3004 5717 3150 5788 quin
3202 5719 3598 5775 Romanorum
3657 5729 3750 5770 res

2095 5799 2301 5842 omnes
2332 5783 2485 5841 male
2514 5786 2692 5856 atque
2720 5780 3092 5846 incommode
3121 5806 3184 5847 se
3212 5791 3490 5849 habeant.
3520 5809 3550 5839 η
