4070 6410
1489 460 1780 519 ORATIO
1829 458 1933 520 VI.
1966 492 2043 501 —
2076 460 2175 518 DE
2217 460 2417 519 PACE
2462 458 2510 518 Ι.

295 464 408 524 ’721
1489 464 1780 519 ORATIO
1829 464 1933 520 Vl.
1966 492 2043 501 -—
2076 464 2175 518 DE
2217 464 2417 519 PACE
2462 464 2510 518 Ι.
3598 464 3718 526 722

293 593 593 674 Gregorio
653 592 913 674 loquar,
1011 613 1039 650 (ι
1095 595 1406 674 quatenus
1465 609 1577 669 per
1633 589 1998 674 dissidium,
2058 592 2232 670 pacis
2287 593 2526 655 bonum
2584 591 2955 653 dissidentes
3011 592 3457 674 intelligerent.
3520 619 3549 656 »
3639 598 3715 658 Hi

291 671 443 738 sunt
489 671 942 757 limites‘intra
1013 691 1171 752 quos
1245 671 1706 757 Nazianzenum
1780 671 2088 757 schis_ma_
2125 674 2426 757 concludi
2493 674 2744 757 debet._
2780 675 3090 757 Caeterum
3155 671 3247 735 in'
3294 678 3403 738 illo
3459 696 3714 757 compe-

292 757 566 833 scenrlo,
643 754 1023 833 singularem
1085 759 1348 831 uterque
1406 753 1740 830 Gregorius
1797 752 2198 833 prudentiam
2261 755 2593 826 adhibuit,
2670 754 3111 816 admirabilem
3172 757 3546 819 charitatem
3604 752 3712 818 ex-

294 832 558 908 hihuit,
615 832 881 914 eamque
939 834 1485 894 mansuetudinem
1562 839 1624 893 et
1671 832 2231 914 imoderationem,
2315 854 2506 913 quam
2586 836 2878 897 omnibus
2954 843 3121 896 retro
3198 839 3445 900 saeculis
3501 857 3715 899 exem-

291 919 399 998 plo
483 933 616 977 esse
689 913 1048 995 pactoribus
1129 915 1204 975 ad
1291 913 1760 993 componendas
1835 914 2294 975 controversias
2330 963 2343 989 ,
2433 915 2802 994 animosque
2888 915 3277 994 ﬂectendos,
3358 919 3713 1000 optandum

294 1003 474 1059 esset.

827 1206 1234 1304 ΛΟΓΟΣ
1319 1195 1408 1301 ξ’.

289 1345 582 1422 Εἷρῃνικρς
613 1346 672 1399 A'
701 1345 836 1422 (46),
987 1347 1060 1422 τῇ
1089 1341 1274 1422 ἐνώσει
1311 1347 1417 1422 τῶν
1453 1341 1821 1422 μοναζόντων,
1859 1362 1953 1422 με-

363 1413 429 1471 τὰ
465 1419 564 1487 τήν
599 1413 830 1485 σιωπὴν
859 1417 993 1489 (47),
1033 1413 1132 1470 ἐπὶ
1180 1413 1461 1489 παρουσία
1494 1419 1590 1469 τοῦ
1622 1414 1826 1488 πατρὸς
1859 1413 1952 1468 αὐ-

364 1493 461 1543 τοῦ
487 1492 622 1562 (48).

361 1581 440 1634 A'.
476 1576 604 1632 Λύει
644 1597 748 1649 μου
805 1577 915 1648 (49)
973 1575 1072 1644 τήν
1123 1573 1369 1649 γλῶτταν
1424 1575 1458 1642 ἠ
1510 1571 1809 1648 προθυμία,
1861 1577 1950 1627 καὶ

285 1670 598 1743 περιφρονῶ
643 1663 734 1720 τὸν
773 1664 1111 1739 ἀνθρώπινον
1159 1663 1328 1736 νόμον
1383 1661 1471 1718 διὰ
1530 1664 1619 1717 τὸν
1651 1662 1820 1736 νόμον
1853 1667 1951 1716 τοῦ

285 1755 638 1828 Πνεύματοςο
691 1755 779 1809 xui
830 1751 1015 1826 δίδομι
1065 1757 1134 1826 τῇ
1186 1753 1376 1828 εἰρήνῃ
1422 1752 1514 1806 τὸν
1577 1751 1762 1828 λόγον,
1799 1750 1952 1806 οῧπω

281 1844 547 1921 πρότερον
580 1841 758 1899 οὐδενὶ
791 1844 1181 1918 συγχωρήσας.
1215 1841 1490 1918 Πρότερον
1530 1841 1623 1914 μὲν
1657 1842 1760 1916 γὰρ
1793 1840 1954 1909 ἡνίκα

283 1932 562 2002 ἐστασίαζε
591 1934 726 2007 πρὸς
775 1935 922 2005 ἡμᾶς
963 1933 1031 1986 τὰ
1061 1930 1229 2004 μὲλη,
1263 1930 1352 1985 καὶ
1383 1931 1445 1985 τὸ
1481 1931 1621 2005 μὲγα
1649 1930 1739 1984 καὶ
1767 1929 1949 2003 τίμιον

285 2028 447 2096 σῶμα
493 2019 589 2076 τοῦ
638 2023 871 2096 Χριστοῦ
921 2019 1157 2095 διῃρεῖτο
1207 2022 1320 2093 (50)
1368 2020 1460 2073 καὶ
1505 2017 1840 2089 διεκόπτετο,
1876 2019 1951 2081 ὡς

292 2116 491 2188 μικροῦ
548 2110 638 2166 xui
695 2107 1163 2184 διασκορπίζεσθαι
1223 2108 1290 2162 τά
1366 2108 1497 2162 ὁστᾶ
1571 2108 1730 2179 ἡμῶν
1808 2107 1952 2181 παρά

287 2203 379 2257 τὸν
433 2199 590 2273 ἄδην,
644 2201 756 2254 οἷον
813 2206 914 2276 γῆς
971 2199 1133 2272 βάθος
1193 2195 1410 2274 ἀρότρῳ
1443 2195 1786 2273 ῥηγνύμενον
1815 2198 1948 2269 (51),

285 2293 374 2348 καὶ
433 2295 569 2347 κατά
608 2297 713 2366 γῆς
761 2287 1204 2361 σκεδαννύμενον,
1265 2288 1354 2342 xui
1403 2288 1492 2342 τὸν
1545 2288 1814 2360 ἄτμητον,
1861 2287 1950 2340 καὶ

290 2381 600 2455 ἀμέριστον,
649 2379 740 2434 καὶ
789 2380 1016 2456 ὑφαντὸν
1071 2376 1139 2432 δι’
1191 2377 1327 2432 ὅλου
1377 2381 1590 2451 χιτῶνα
1631 2377 1948 2449 κατατεμὼν

292 2470 320 2524 ὁ
374 2470 611 2546 πονηρὸς
663 2467 792 2522 ὅλον
853 2469 1043 2522 ἑαυτοῦ
1102 2467 1393 2537 πεποίητο,
1451 2471 1612 2520 τοῦτο
1671 2463 1740 2520 δι’
1787 2467 1948 2538 ἡμῶν

1979 1186 2035 1251 Α

2507 1185 2974 1280 ORATIO
3047 1187 3174 1280 Vl
3214 1188 3270 1279 *.

2120 1344 2319 1399 Prima
2345 1344 2411 1398 de
2438 1361 2588 1414 pace,
2615 1347 2680 1418 ob
2711 1338 3099 1401 monachorum
3127 1347 3660 1418 reconciliationem,

2410 1421 2528 1486 post
2555 1417 2870 1485 silentium,
2903 1423 3175 1488 prasente
3202 1423 3381 1490 patre.

2138 1562 2176 1616 Ι.
2214 1560 2502 1632 Linguam
2535 1576 2725 1614 meam
2758 1559 2932 1614 solvit
2961 1559 3254 1627 alacritas,
3278 1561 3584 1634 legemque
3614 1563 3725 1618 hu-

2065 1666 2302 1706 manam
2337 1653 2573 1721 propter
2601 1648 2858 1721 Spiritus
2895 1649 3081 1721 legem
3127 1655 3465 1719 contemno;
3497 1669 3562 1708 ac
3594 1669 3721 1708 ser-

2066 1756 2321 1807 monem,
2367 1754 2540 1809 quem
2591 1741 2853 1794 nondum
2907 1738 3008 1793 ulli
3057 1739 3222 1811 prius
3271 1742 3559 1808 concessi,
3590 1743 3717 1814 paci

2064 1829 2216 1884 dono
2247 1829 2475 1883 offerro.
2500 1827 2645 1882 Nam
2669 1844 2802 1882 cum
2827 1828 2992 1899 prius
3016 1845 3048 1883 a
3069 1829 3238 1884 nobis
3263 1829 3528 1885 membra
3549 1831 3720 1886 dissi-

2064 1920 2288 1984 derent,
2313 1934 2379 1972 ac
2422 1933 2700 1988 magnum
2732 1915 2879 1971 illud
2910 1921 2966 1971 et
2997 1917 3317 1988 pretiosum
3340 1919 3553 1974 Christi
3594 1937 3718 1975 cor-

2064 2025 2174 2079 pus
2203 2007 2285 2061 ita
2314 2006 2692 2073 divideretur,
2718 2011 2774 2061 et
2803 2006 3252 2075 discinderetur,
3277 2013 3340 2062 ut
3367 2024 3513 2079 pene
3545 2009 3719 2065 etiam

2062 2114 2234 2153 secus
2273 2097 2567 2151 infernum
2619 2113 2754 2150 ossa
2808 2100 3010 2150 nostra
3056 2096 3487 2168 dissiparentur
3510 2099 3576 2170 ‘9,
3606 2116 3722 2155 non

2064 2203 2233 2241 secus
2265 2203 2328 2241 ac
2353 2189 2516 2239 terra:
2542 2185 2909 2256 profunditas
2933 2189 3125 2240 aratro
3158 2185 3491 2255 discissa,et
3521 2187 3580 2242 in
3616 2193 3726 2242 ter-

2064 2293 2184 2330 ram
2225 2276 2379 2342 fusa;
2419 2291 2668 2345 cumque
2701 2273 2984 2329 insectam
3020 2274 3178 2330 illam
3209 2280 3265 2330 et
3296 2275 3601 2332 divisionis
3632 2295 3726 2332 ex-

2064 2369 2285 2437 pertem
2312 2365 2594 2430 tunicam,
2617 2380 2685 2418 ac
2713 2380 2813 2434 per
2835 2367 3019 2419 totum
3049 2370 3379 2421 contextam
3406 2367 3469 2434 13,
3495 2367 3551 2420 in
3579 2367 3726 2421 mul-

2064 2461 2153 2510 tas
2175 2456 2301 2525 jam
2336 2458 2532 2525 partes
2555 2452 2934 2523 conscissam,
2962 2470 3176 2524 pravus
3207 2454 3303 2510 ille
3336 2472 3579 2526 prorsus
3611 2456 3725 2510 sibi

291 2557 566 2630 δυνηθεὶς,
615 2557 645 2612 ὅ
695 2555 784 2612 διὰ
834 2561 942 2612 τῶν
991 2557 1052 2610 τὸ
1101 2556 1328 2632 Χριστὸν
1385 2558 1496 2629 (52)
1529 2557 1950 2630 σταυρωσάντων

2082 2545 2438 2608 rindicasset,
2464 2542 2573 2598 hoc
2597 2541 2818 2597 scilicet
2841 2558 2943 2612 per
2966 2559 3070 2598 nos
3096 2546 3590 2615 assecutus,quod
3617 2561 3725 2615 per

289 2650 388 2705 οὐκ
430 2646 646 2725 ἷ¹σχυσεν
674 2667 686 2680 ⁸
736 2642 860 2702 τότε
907 2647 999 2720 μὶν
1054 2643 1120 2714 δὴ
1177 2644 1424 2723 φυλακὴν
1461 2644 1656 2718 ἐθέμην
1692 2648 1802 2718 (53)
1833 2650 1951 2706 τοῖς

289 2739 558 2816 χείλεσιν,
610 2736 723 2793 οὐδ’
768 2734 955 2798 ἄλλως
997 2739 1107 2810 (54)
1158 2735 1463 2810 προθύμοις
1519 2734 1635 2788 οὖσι
1687 2734 1810 2809 περὶ
1859 2735 1950 2788 τὸν

290 2827 479 2904 λόγον,
531 2827 615 2883 ὅτι
660 2831 729 2902 τῇ
777 2825 845 2882 δι’
897 2825 1067 2902 ἔργων
1113 2824 1410 2902 φιλοσοφίᾳ
1450 2830 1679 2897 καθᾶραι
1731 2827 1951 2899 πρῶτον

292 2917 521 2989 ἐμαυτὸν
582 2919 716 2991 (55),
780 2916 893 2971 εἶτα
949 2916 1012 2970 τὸ
1061 2915 1237 2987 στόμα
1293 2921 1392 2982 τῆς
1450 2912 1689 2975 διανοίας
1740 2912 1954 2982 ἀνοίξας

291 3004 510 3061 ἐλκῦσαι
572 3010 808 3078 πνεῦμα,
879 3005 992 3059 εἶτα
1066 3003 1425 3079 ἐξερεύξασθαι
1502 3001 1664 3079 λόγον
1731 3001 1954 3076 ἀγαθὸν,

289 3096 378 3150 xui
439 3094 626 3150 λαλεῖν
687 3100 821 3151 Θεοῦ
869 3093 1054 3170 σοφίαν
1115 3092 1324 3148 τελείαν
1381 3092 1432 3146 ἐν
1508 3097 1624 3154 τοῖς
1701 3091 1952 3159 τελείοις,

290 3184 615 3246 ἀκολουθίας
694 3184 826 3238 εἶναι
897 3189 1269 3256 πνευματικῆς
1347 3175 1774 3254 ὖπελάμϐανον·
1845 3179 1952 3234 ’καὶ

288 3275 467 3349 ὥσπερ
527 3275 715 3350 καιρὸς
765 3273 850 3328 ἐπὶ
911 3275 1024 3347 (56)
1078 3271 1242 3327 παντὶ
1299 3271 1579 3348 πράγματι
1628 3271 1716 3325 καὶ
1776 3273 1954 3344 μικρῷ

292 3364 381 3418 καὶ
417 3363 624 3437 μείζονι
659 3365 741 3436 (τὸ
790 3364 889 3438 γὰρ
937 3366 1034 3417 τοῦ
1068 3361 1433 3434 Σολομῶντος
1469 3360 1525 3414 εὗ
1560 3359 1676 3434 ἔχει
1705 3361 1794 3413 καὶ
1830 3357 1951 3413 λίαν

290 3453 747 3525 ἐπεσκεμμένως),
783 3452 926 3506 οὕτω
957 3452 1045 3505 καὶ
1088 3451 1258 3526 λόγου
1289 3451 1376 3504 xui
1409 3456 1645 3522 σιωπῆς,
1679 3449 1726 3504 εἷ’
1755 3449 1843 3503 καί
1873 3469 1954 3509 τις

290 3538 485 3609 ἄλλος,
518 3542 702 3616 καιρὸν
744 3540 1058 3615 ἐγίνωσκον.

2065 2652 2185 2704 eos,
2221 2634 2320 2706 qui
2362 2632 2662 2687 Christum
2712 2631 2770 2685 in
2820 2647 3054 2687 crucem
3103 2632 3492 2698 sustulerunt,
3525 2633 3721 2689 haud-

2065 2739 2358 2797 quaquam
2384 2721 2601 2794 potuit;
2622 2725 2748 2775 tum
2769 2721 3005 2792 quidem
3031 2721 3200 2776 labiis
3224 2722 3370 2777 meis
3389 2723 3720 2780 custodiam

2065 2813 2235 2888 posui
2261 2813 2324 2883 1‘,
2352 2810 2566 2882 alioqui
2596 2826 2699 2865 nec
2721 2810 2792 2866 ad
2817 2826 3147 2864 sermonem
3181 2811 3498 2866 admodum
3531 2829 3726 2884 prom-

2067 2907 2204 2978 ptis,
2240 2904 2396 2977 quod
2447 2901 2668 2958 scilicet
2715 2901 2822 2956 boc
2873 2899 3200 2972 spiritalem
3259 2917 3456 2957 rerum
3511 2903 3724 2959 seriem

2068 2995 2362 3067 postulare
2395 2991 2814 3057 existimarem,
2844 2994 2907 3045 ut
2954 3006 3058 3061 per
3104 3007 3232 3046 eam
3266 2990 3724 3066 philosophiam,

2068 3102 2193 3156 quae
2227 3084 2286 3138 in
2319 3082 2547 3137 actione
2578 3081 2767 3152 posita
2798 3084 2906 3151 est,
2933 3096 3025 3135 me
3057 3081 3315 3152 primum
3351 3081 3475 3152 ipse
3505 3099 3722 3154 purga-

2070 3173 2438 3243 rem,deinde
2467 3174 2666 3243 aperto
2699 3169 2880 3224 animi
2913 3186 3011 3224 ore
3041 3169 3316 3242 spiritum
3341 3171 3635 3227 traherem
3659 3174 3723 3241 η,

2069 3269 2244 3336 atque
2274 3263 2358 3318 ita
2397 3263 2635 3316 demum
2667 3263 2993 3314 eructarem
3026 3260 3270 3314 verbum
3313 3260 3533 3316 bonum
3561 3261 3626 3330 ¹⁶,
3658 3279 3725 3318 ac

2064 3357 2365 3428 perfectam
2422 3352 2518 3405 Dei
2574 3350 2911 3420 sapientiam
2976 3349 3126 3420 apud
3206 3351 3475 3420 perfectos
3534 3351 3723 3423 loque-

2066 3462 2158 3500 rer
2182 3445 2222 3479 1⁷
2258 3461 2270 3497 :
2305 3444 2361 3496 et
2391 3439 2886 3512 quemadmodum
2920 3439 3071 3492 I79
3108 3439 3293 3493 cuivis
3333 3438 3429 3493 alii
3462 3440 3565 3508 rei,
3597 3443 3718 3496 tam

2067 3550 2251 3607 parvae
2275 3547 2454 3602 quam
2495 3544 2721 3600 magna
2755 3544 2927 3582 suum
2971 3530 3208 3598 tempus
3237 3531 3325 3582 est
3353 3527 3533 3598 (recte
3563 3530 3719 3586 enim

291 3650 358 3688 ac
392 3649 667 3702 perquam
701 3631 1066 3685 considerate
1099 3631 1207 3684 hoc
1239 3646 1272 3684 a
1304 3628 1615 3683 Salomone
1646 3629 1870 3684 dictum
1923 3628 2057 3698 est),
2093 3625 2177 3681 sic
2209 3619 2495 3679 sermonis
2526 3622 2582 3673 et
2612 3616 2827 3673 silentii
2857 3620 3093 3687 tempus
3123 3632 3252 3672 esse
3280 3617 3344 3685 η,
3375 3621 3438 3672 ut
3484 3616 3534 3672 si
3582 3618 3718 3691 quis

291 3718 465 3784 alius,
495 3720 789 3789 cognitum
823 3724 880 3774 et
908 3718 1272 3790 exploratum
1312 3719 1608 3774 haberem.

361 3809 431 3863 B'.
468 3809 564 3861 Διά
593 3810 754 3861 τοῦτο
804 3806 1103 3883 ἐκωφὼοην
1162 3807 1250 3859 καὶ
1311 3804 1700 3877 ἐταπεινώθην,
1753 3806 1940 3881 «sese.»
1976 3810 2017 3874 C

289 3898 487 3958 παντὸς
546 3899 743 3972 ἀγαθοῦ
799 3891 1098 3972 γενόμεννς·
1158 3894 1246 3948 καὶ
1306 3891 1418 3948 οἶόν
1478 3916 1530 3948 τι
1582 3894 1740 3970 νέφος
1799 3895 1935 3967 ἐμὴν

290 3985 509 4061 καρδίαν
573 3984 888 4061 ὑποδραμὸν
935 3982 1266 4056 συνεκάλυψε
1313 3985 1412 4052 τὴν
1465 3985 1647 4038 ἀκτῖνα
1702 3990 1799 4040 τοῦ
1849 3982 1941 4038 λό-

290 4096 413 4150 γου,
461 4074 550 4128 καὶ
599 4076 660 4129 τὸ
704 4073 929 4150 ἀλγημά
978 4095 1082 4147 μου
1130 4074 1316 4134 νυκτὸς
1367 4073 1456 4127 καὶ
1492 4074 1699 4147 ἡμέρας
1735 4075 1941 4129 ἀνεκαι-

289 4165 481 4232 νίζετο,
521 4163 621 4220 Καὶ
670 4163 839 4218 πάντα
891 4186 982 4237 μοι
1037 4165 1102 4232 ἦν
1155 4162 1539 4236 ὑπεκκαύματα
1569 4165 1656 4217 καὶ
1691 4163 1941 4238 ὑπομνή-

292 4275 433 4326 ματα
491 4259 591 4322 τῆς
640 4257 747 4307 τῶν
796 4251 1044 4330 ἀδελφῶν
1096 4249 1412 4322 διαζεύξειῖκ
1461 4256 1596 4326 (57),
1633 4253 1940 4328 ἀγρυπνίας,

283 4347 548 4412 νηστεῖαι,
580 4343 906 4419 προσευχαὶ,
943 4340 1164 4418 δάκρυα,
1200 4342 1355 4397 τύλοι
1411 4344 1679 4415 γονάτων,
1705 4345 1941 4414 στηθῶν,

896 4452 939 4485 ³³
971 4452 1279 4517 Joan.x1x,
1302 4451 1392 4504 24.

360 4451 405 4485 1³
437 4449 589 4504 Psal.
615 4467 740 4521 CXL,
762 4453 818 4506 7.
896 4452 939 4485 ³³
971 4452 1140 4506 Joan.
1165 4467 1279 4517 XIX,
1302 4451 1392 4504 24.

365 4521 548 4576 Eccle.
583 4538 668 4589 ιιι,
707 4525 753 4575 1.
834 4523 877 4557 ιο
906 4521 1060 4577 Psal.
1094 4539 1330 4590 xxxvm,
1363 4523 1416 4577 3.

289 4520 332 4555 ¹⁸
365 4521 548 4576 Eccle.
583 4538 668 4589 ιιι,
707 4520 753 4575 1⁷.

363 4628 477 4700 (46)
523 4625 817 4700 Εἷρηνικὸς
871 4629 937 4683 α’.
990 4651 1027 4700 ν‹‹
1074 4628 1269 4683 Prima
1325 4630 1394 4683 de
1456 4645 1596 4700 pace
1656 4629 1862 4700 oratio.
1923 4650 1950 4678 ››

289 4704 429 4773 Reg.
459 4698 837 4773 δικ-πρῶτος.
879 4699 1038 4757 Colb.
1071 4701 1372 4773 maximus
1403 4698 1470 4756 in'
1500 4718 1684 4773 marg.
1721 4699 1947 4773 Ἐῤῥὲθη

290 4751 584 4843 οὗτῗαςλὲπὶ
754 4771 940 4827 ὲνώσει
990 4774 1096 4825 τῶν
1153 4771 1514 4842 μοναζόντων.
1567 4751 1706 4843 Βιξε.
1741 4751 1948 4826 Μέόὶοί

291 4843 366 4903 εἷς
398 4840 522 4915 ,τὴν
570 4838 862 4915 σύμϐασιν,
914 4845 974 4912 ἣν
1035 4838 1170 4915 μετά
1198 4838 1521 4910 τήν-στάσιν
1573 4838 1947 4913 πεποιήκαμεν

290 4915 343 4988 ot
388 4911 665 4988 ὁμόδοξοι.
699 4938 727 4967 ‹‹
784 4923 860 4972 De
887 4911 1047 4988 pace,
1081 4933 1256 4986 quam
1313 4921 1443 4987 post
1495 4911 1814 4988 dissidium
1857 4911 1950 4969 in-

290 4987 490 5054 iimus,
527 4987 626 5059 qui
655 4986 921 5058 ejusdem
964 4988 1098 5042 fidei
1124 4986 1380 5044 eramus.
1420 5010 1448 5036 ››
1481 4990 1765 5043 Caeterum
1802 4986 1954 5042 inter

289 5060 546 5129 Gregorii
571 5061 888 5129 orationes,
920 5065 1063 5116 sunt
1092 5065 1147 5114 et
1178 5059 1303 5132 aliae
1337 5061 1484 5126 duae,
1509 5077 1718 5132 nempe
1745 5060 1951 5132 vicesi-

293 5147 390 5186 ma
419 5132 673 5187 secunda
705 5138 762 5188 et
789 5132 1070 5188 vicesima
1102 5131 1275 5188 tertia
1306 5132 1363 5186 in
1401 5134 1510 5186 hoc
1552 5129 1752 5187 nostro
1799 5129 1952 5185 ordi-

289 5219 380 5270 ne,
407 5204 755 5286 quaaitidern
779 5227 806 5256 ‹‹
830 5204 1570 5286 ἀεροεθρχὶ-ῐιεοτὶὺιιηριιιι.
1595 5204 1814 5286 Idcirco
1832 5203 1954 5256 haec
1989 5172 2030 5234 D
2065 5172 2201 5286 his;

292 5274 487 5350 oratio
509 5280 672 5350 sexta
714 5274 1089 5350 clpnvixr‘acu’,
1125 5275 1181 5330 id
1213 5279 1302 5350 est
1333 5298 1360 5324 ‹‹
1396 5275 1585 5346 prima
1624 5276 1694 5328 dc
1725 5289 1886 5345 pace,
1908 5296 1951 5350 _»

291 5345 658 5471 ihnsgaibitur,
695 5345 835 5420 quia
865 5345 1152 5404 nimirum
1187 5348 1348 5419 prior
1369 5345 1634 5418 respectu
1667 5345 1954 5418 temporis

341 5432 370 5470 a
417 5433 431 5468 ι
465 5434 498 5470 a
526 5424 634 5472 est.

682 5489 783 5556 τὴν
820 5487 1055 5559 σίωπήν.
1090 5490 1316 5545 Desunt
1347 5489 1405 5544 in
1436 5488 1556 5544 J68.

364 5559 474 5634 (48)
508 5557 878 5634 A6106.pest
907 5563 968 5617 in
992 5557 1143 5634 Reg.
1181 5579 1232 5617 a.

369 5631 477 5702 (49)
527 5637 664 5687 Μου.
726 5633 965 5706 Regg.a,
1017 5631 1139 5698 bin,
1203 5635 1300 5702 hu,
1360 5632 1455 5688 Or.
1517 5631 1570 5698 1,
1631 5632 1774 5698 Jes.,
1837 5636 1942 5687 etc.

344 5721 471 5850 0(EO)
502 5777 614 5850 Teii
664 5778 909 5850 Xpwcoii
932 5771 1217 5850 Singara:
1253 5776 1428 5832 Deest
1449 5777 1598 5850 Δτοῦ,
1664 5775 1945 5850 in_Re_gg.

290 5843 415 5920 bm,
446 5843 552 5920 hu,
579 5846 676 5908 Or.
709 5843 762 5923 1,
797 5852 855 5910 et
881 5843 1006 5910 Jes.
1026 5843 1103 5906 'ln
1124 5848 1278 5922 aliis,
1312 5865 1414 5922 pro
1446 5843 1711 5922 διηρεῐτο,
1735 5843 1949 5920 legitur

1475 4453 1519 4486 1‘
1550 4451 1702 4507 Psal.
1728 4468 1961 4519 xxxviii,
1984 4450 2040 4504 2.
2086 4449 2128 4483 ¹⁵
2156 4444 2308 4502 Psal.
2334 4462 2527 4511 cxvm,
2552 4445 2673 4498 131.

2130 3804 2199 3857 Il.
2233 3801 2316 3856 0b
2347 3799 2496 3854 hanc
2527 3813 2763 3852 causam
2787 3795 3075 3865 obmutui,
3101 3798 3156 3850 et
3177 3795 3529 3852 humiliatus
3551 3814 3708 3865 sum,

2052 3891 2254 3966 procul
2287 3889 2358 3945 ab
2390 3887 2551 3942 omni
2573 3888 2725 3941 bono
2751 3889 3039 3953 remotus;
3065 3902 3129 3940 ac
3153 3884 3311 3940 velut
3342 3886 3528 3941 nubes
3551 3904 3710 3957 quaa-

2057 3984 2191 4038 dam
2225 3999 2324 4035 cor
2354 3994 2551 4034 meum
2601 3976 2864 4041 subiens,
2899 3974 3189 4031 sermonis
3237 3974 3430 4030 radios
3475 3976 3711 4046 obtexit,

2056 4071 2333 4142 dolorque
2364 4085 2531 4123 meus
2562 4066 2656 4121 die
2688 4084 2751 4121 ac
2785 4068 2952 4121 nocte
3003 4064 3391 4120 renovabatur
3415 4067 3480 4119 ι’.
3510 4065 3717 4122 Omnia

2056 4163 2234 4228 enim,
2268 4158 2498 4215 fomites
2530 4156 2772 4228 quidam
2820 4154 2963 4209 mihi
2997 4159 3183 4225 erant,
3217 4155 3568 4228 dissidiique
3598 4156 3721 4211 fra-

2054 4252 2206 4307 terni
2238 4249 2620 4312 monimenta,
2644 4245 2857 4318 vigiliae
2880 4260 3096 4316 nempe,
3114 4244 3370 4317 jejunia,
3397 4261 3619 4316 preces,
3643 4245 3723 4301 1a-

2058 4357 2292 4413 crymee,
2335 4337 2554 4394 callosa
2603 4353 2814 4408 genua,
2858 4333 3110 4407 pectoris
3160 4335 3726 4403 converberationes,

2756 4443 2796 4479 1⁸
2827 4441 2980 4498 Psal.
3006 4459 3154 4512 χειν,
3181 4442 3230 4500 1.
3311 4443 3352 4476 ¹⁷
3377 4442 3398 4498 Ι
3426 4442 3554 4499 Cor.
3581 4460 3642 4512 ιι,
3666 4443 3728 4498 6⁸

2063 4621 2427 4692 διεσκέδαπᾳ
2460 4644 2491 4693 ι(
2516 4621 2870 4693 dissipatum
2894 4623 3048 4693 erat.
3089 4642 3109 4668 ι)

2135 4699 2241 4767 (51)
2275 4691 2684 4768 Ῥηγνύμενονξ
2709 4692 2803 4748 Sic
2853 4691 3116 4764 plerique
3173 4691 3423 4748 codices.
3458 4692 3586 4749 Par.
3629 4695 3718 4750 ed.

2061 4765 2395 4843 a’t-{ijue‘Loﬁ
2421 4789 2448 4816 «
2485 4767 2686 4843 fracta.
2727 4788 2748 4843 ιι

2135 4833 2250 4912 (5'2)
2281 4840 2387 4894 Τὸν
2423 4835 2699 4912 Χριστόν.
2733 4836 2824 4890 Sic
2884 4836 3061 4906 Regg.
3096 4834 3218 4905 bm,
3268 4833 3372 4904 hu,
3407 4833 3503 4890 Or.
3532 4835 3722 4901 1,Jes.

2063 4909 2348 4968 omittunt
2372 4909 2486 4963 τόν.

2292 4979 2552 5054 Φυλακὴν
2611 4978 2835 5054 ἐΟ-ἐμην.
2891 4978 2988 5033 Sic
3046 4977 3225 5049 Regg.
3285 4977 3385 5041 hu,
3431 4982 3490 5032 et
3537 4978 3630 5034 Or.
3670 4982 3724 5037 1.

2064 5049 2210 5128 Par.
2230 5049 2320 5128 edi.
2334 5124 2343 5128 _
2359 5051 2555 5128 ἐθέμην
2590 5049 2857 5128 φυλακήν.

2136 5127 2244 5195 (54)
2277 5123 2405 5181 Οὐδ’
2436 5117 2646 5184 ἄλλως.
2682 5117 2861 5195 Regg.
2897 5122 3017 5184 bm.
3050 5120 3152 5190 hu,
3183 5125 3239 5175 et
3280 5121 3400 5176 Jes.
3463 5117 3589 5175 οὐδὲ
3629 5120 3726 5176 ἅλ-

2135 5269 2248 5342 (55)
2278 5270 2502 5342 Πρῷτον
2537 5263 2788 5342 ἐμαυτόνέ
2827 5266 3007 5342 Regg,
3043 5261 3142 5330 hu,
3177 5263 3291 5342 duo
3323 5261 3508 5342 C_olb.,
3540 5265 3635 5322 Or.
3671 5270 3722 5340 1,

2063 5332 2347 5415 πρότερον.
2378 5332 2640 5423 Ηρςεξςι,
2675 5338 2726 5391 ei
2749 5337 2869 5423 .J‘es.
2903 5332 3167 5423 πρότερον
3189 5333 3417 5423 ⁷ἑαυτόν.

2108 5352 2347 5415 ροτερον.
2379 5352 2557 5423 ttegg.
2589 5355 2640 5406 a,
2675 5353 2726 5391 e1
2751 5352 2869 5394 Jes.
2903 5352 3167 5460 πρότερον
3202 5352 3430 5418 εαυτον..
3482 5407 3494 5419 .

2134 5414 2248 5484 (56)
2282 5409 2477 5484 Καιρδς
2513 5407 2621 5484 επί.
2654 5409 2904 5478 Mallem,
2937 5425 3062 5478 καιρ
3103 5426 3127 5467 ς
3184 5404 3314 5478 ἐστι,
3349 5414 3432 5463 uti
3479 5425 3538 5462 1n
3592 5409 3725 5480 plu-

2064 5482 2238 5540 ribus
2263 5482 2404 5540 mss'.
2440 5482 2674 5553 legitur.

2131 5549 2627 5632 (minamceutgéwq,
2681 5549 3046 5632 βορηίης-ιιι
3098 5549 3236 5632 Reg.
3276 5550 3408 5632 _hu_,,
3443 5555 3500 5632 et
3548 5551 3722 5632 Coisl.

2062 5630 2110 5694 1,
2138 5621 2196 5681 ’ἐν
2234 5621 2554 5696 ἀλλοτρίοις
2606 5622 2880 5696 ὁρώμενα.
2915 5621 3124 5676 Billius
3157 5621 3236 5676 sic
3276 5621 3415 5694 legit
3445 5625 3502 5676 et
3530 5624 3724 5690 vertit,

2060 5679 2250 5771 u’quae
2280 5700 2340 5754 in
2375 5679 2504 5754 aliis
2536 5679 2866 5752 cernebam.
2891 5715 2931 5771 Διι

2130 5763 2156 5793 ·’
2177 5772 2336 5827 Alias
2370 5773 2455 5825 12.
2489 5786 2618 5840 quae
2650 5772 2848 5827 autem
2877 5768 2913 5822 6
2943 5771 3252 5839 erat,nunc
3309 5765 3394 5823 H.
3415 5793 3482 5814 -.-
3504 5763 3723 5820 Habita

2054 5843 2294 5903 ineunte
2323 5860 2477 5902 anno
2505 5842 2630 5898 364.
