4070 6410
385 439 503 498 725

1580 433 1872 495 ORATIO
1916 431 2125 494 VL—
2155 432 2257 491 DE
2301 429 2507 490 PACE
2550 427 2599 487 Ι.

3692 429 3810 489 726

384 569 705 643 θεριωτερον
736 567 834 621 τοῦ
864 561 1257 637 ποιμαίνοντος
1287 566 1421 636 (71),
1469 561 1562 617 ’ίνα
1617 565 1692 637 μὴ
1746 559 1881 617 εἴπω
1929 582 2025 616 νεα-

2155 563 2301 618 ovile
2330 566 2564 635 pastore
2584 559 2850 625 liberius,
2873 575 2946 613 ne
2967 556 3156 613 dicam
3182 558 3495 616 audacius:
3527 560 3807 632 quoniam

384 657 676 731 νικώτερον
723 657 873 729 (72)·
925 652 1007 709 ὅτι
1056 652 1288 731 ἐστραφη
1344 652 1420 714 εἰς
1459 653 1678 727 πικρίαν
1712 650 1903 724 ἐμοὶὴ
1936 651 2043 723 ἄμ-

384 744 551 807 πελος
584 748 619 814 ἡ
652 744 913 814 ἀληθινὴ,
946 742 1034 797 καῖ
1065 746 1143 814 τῷ
1169 740 1323 814 καλῷ
1354 747 1583 818 γεωργῷ
1629 740 1899 796 κάλλιστα
1955 761 2043 795 κε-

384 832 719 909 καθαρμένη,
774 834 863 888 καὶ
908 837 1028 894 ταῖς
1079 831 1246 893 θείαις
1313 830 1506 901 ληνοῖς
1561 835 1675 905 (73)
1730 834 2044 907 γεωργοῦσα

384 924 447 977 τὸ
496 921 662 977 καλὸν
714 923 1005 997 γεώργιονο
1060 919 1143 975 ὅτι
1194 921 1247 974 o't
1298 920 1449 998 φίλοι
1506 943 1609 993 μου
1656 921 1745 975 καὶ
1794 922 1845 974 οἱ
1894 920 2040 989 πληο

385 1011 497 1066 σίον
560 1032 662 1084 μου
721 1009 771 1083 ἐξ
832 1011 1071 1073 ἐναντίας
1129 1032 1232 1083 μου
1293 1011 1411 1083 (74)
1458 1008 1690 1085 ἤγγισαν
1740 1009 1829 1064 καὶ
1880 1007 2039 1080 ἔστη-

383 1122 500 1162 σαν,
561 1100 650 1154 καὶ
709 1100 761 1154 οἱ
811 1097 1036 1174 ἔγγιστά
1095 1121 1199 1172 μου
1258 1100 1365 1154 ἀπὸ
1446 1099 1709 1173 μακρόθεν
1788 1096 2035 1170 ἔστησαν·

380 1188 464 1243 ὅτι
499 1186 817 1262 διειλόμεθα
848 1192 957 1262 (75)
987 1190 1077 1243 τὸν
1107 1190 1361 1265 Χριστὸν,
1397 1190 1450 1243 οἱ
1480 1188 1600 1243 λίαν
1653 1187 1901 1266 φιλόθεοι
1948 1186 2037 1242 καὶ

378 1275 753 1355 φιλόχριστοι,
804 1278 895 1333 καὶ
949 1278 1080 1350 ὑπὲρ
1128 1280 1230 1347 τῆς
1280 1276 1537 1348 ἀληθείας
1596 1276 1861 1347 ἀλλήλων
1908 1298 2035 1331 κατ-

378 1366 739 1440 εψευσάμεθα,
770 1367 861 1421 καὶ
894 1364 984 1421 διὰ
1011 1368 1109 1435 τὴν
1143 1368 1359 1443 ἀγάπην
1399 1372 1558 1441 μῖσος
1606 1365 2033 1439 ὲμελετήσαμεν,

377 1454 467 1509 καὶ
502 1455 634 1530 ὑπὲρ
664 1460 760 1509 τοῦ
812 1455 1204 1531 ἀκρογωνιαίου
1254 1454 1605 1528 διελύθημεν,
1649 1456 1738 1511 καὶ
1770 1456 1903 1531 ύπὶρ
1933 1462 2035 1524 τῆς

379 1543 576 1615 πέτρας
609 1543 818 1613 ἐσείσθη
832 1565 946 1617 μεν’
980 1544 1062 1598 ὅτι
1094 1543 1261 1599 πλέον
1294 1546 1329 1613 ἢ
1378 1543 1564 1607 καλῶς
1596 1545 1739 1620 εἶχεν
1775 1546 1904 1621 ὑπὲρ
1936 1552 2033 1614 τῆς

378 1631 603 1707 εἰρήνης
656 1632 1101 1705 ἐπολεμήσαμεν,
1152 1634 1241 1687 καὶ
1290 1634 1422 1710 ὑπὲρ
1461 1638 1558 1688 τοῦ
1606 1632 1913 1707 ὑψωθέντος
1945 1633 2032 1688 ἐπὶ

371 1722 434 1776 τὸ
462 1720 621 1791 ξύλον
670 1721 1104 1797 κατενηνέγμεθα
1151 1726 1282 1795 (76),
1332 1724 1421 1778 καὶ
1474 1724 1606 1799 ὑπὲρ
1648 1728 1745 1779 τοῦ
1775 1723 2033 1802 ταφέντος

371 1825 462 1865 και
492 1809 815 1873 ἀναστάντος
849 1810 1287 1886 ἔθανατώθημεν.

449 1902 517 2007 As
554 1900 821 1973 Πρότερον
858 1902 949 1973 μὶν
1002 1906 1188 1957 ταῦτα·
1222 1902 1313 1957 καὶ
1339 1902 1390 1956 τί
1432 1902 1491 1957 ἂν
1522 1924 1603 1964 τις
1631 1904 1745 1976 (77)
1776 1902 1826 1957 ἐν
1858 1908 2030 1977 καιρῴ
2068 1943 2112 2007 Β

376 1986 739 2068 φαιδρότητος
788 1990 1054 2061 ἀναξαίνοι
1101 1993 1199 2060 τὴν
1252 1990 1467 2062 ἀηδίαν,
1518 1988 1869 2068 ἐνδιατρίϐων
1914 1999 2030 2055 τοῖς

376 2078 670 2156 λυπηροῖς,
739 2081 813 2134 ὧν
864 2081 1159 2136 ἀπευκταῖα
1208 2084 1321 2153 (78)
1374 2083 1467 2156 μὲν
1516 2084 1551 2151 ἡ
1602 2088 1781 2158 πεῖρα,
1829 2084 2030 2161 φευκτὴ

373 2165 430 2222 δὶ
459 2171 494 2237 ἡ
532 2171 725 2242 μνήμή
754 2188 767 2238 ;
802 2170 1069 2243 Κρείττων
1101 2168 1157 2225 δὲ
1180 2173 1361 2241 σιωπὴ
1398 2171 1594 2246 λόγου,
1650 2173 1712 2226 τὸ
1757 2172 2030 2244 συμπεσὸν

371 2260 505 2329 ἡμῖν
536 2260 787 2334 θραῦσμα
816 2258 994 2331 λήθης
1028 2260 1209 2336 βάθεσι
1262 2259 1735 2337 συγκαλύπτουσα·
1786 2262 1935 2331 πλὴν
1988 2260 2040 2315 εἷ’

370 2366 452 2407 τις
503 2345 593 2401 διὰ
639 2350 754 2422 (79)
798 2352 960 2403 τοῦτο
1008 2349 1095 2403 καὶ
1150 2350 1312 2422 μόνον
1359 2349 1635 2420 ἀνακινοίη
1668 2358 1768 2420 τὴν
1808 2352 2029 2425 μνήμην

369 2436 477 2488 τῶν
512 2433 798 2511 λυπηρῶν,
844 2432 937 2491 ’ίνα
973 2442 1051 2508 τῷ
1100 2436 1455 2515 ύποδείγματι
1504 2437 1908 2512 παιδευώμεθα,
1941 2441 2032 2495 καὶ

371 2518 552 2597 ὥσπερ
584 2522 635 2577 ἐν
681 2529 800 2586 τοῖς
843 2527 1116 2599 νοσήμασι
1170 2526 1456 2605 φεύγωμεν
1508 2528 1602 2590 τὰς
1644 2528 1840 2597 αἰτίας,
1872 2528 1923 2599 ἐξ
1954 2531 2028 2583 ὠν

372 2611 446 2674 εἷς
478 2616 646 2667 ταῦτα
695 2614 1050 2690 ὑπήχθημεν.
1104 2616 1232 2671 Νυνὶ
1278 2614 1335 2671 δὲ
1382 2617 1540 2686 ἡνίκα
1585 2616 1789 2693 ἀπέδρα
1842 2616 2028 2687 ὀδύνη,

366 2701 455 2755 καὶ
514 2700 687 2773 λύπη,
748 2703 837 2758 καὶ
889 2706 1227 2780 στεναγμός⁴
1287 2706 1448 2776 ἡνίκα
1491 2703 1793 2783 γεγόναμεν
1844 2709 1893 2761 οἱ
1932 2713 2030 2763 τοῦ

369 2791 486 2853 ἑνὸς
512 2788 590 2863 ἓν,
651 2790 742 2847 καὶ
800 2794 852 2847 οἱ
900 2802 999 2864 τῆς
1053 2793 1281 2871 Τριάδος
1311 2798 1421 2869 (80)
1453 2802 1737 2875 συμφυεῖς,
1768 2797 1857 2852 καὶ
1892 2798 2027 2871 ὁμό-

369 2880 561 2953 ψυχοι,
593 2882 682 2935 καὶ
717 2881 984 2955 ὁμότιμοι
1009 2904 1020 2916 ’
1057 2886 1107 2938 οἳ
1138 2890 1234 2939 τοῦ
1280 2886 1461 2959 Λόγου
1492 2888 1606 2959 (81)
1655 2893 1752 2955 τῆς
1802 2885 2030 2962 ἀλογίας

371 2965 523 3028 ἐκτός
550 2987 562 3000 ·
598 2970 649 3023 οἱ
676 2975 772 3024 τοῦ
826 2971 1140 3045 Πνεύματος
1193 2974 1253 3028 ού
1284 2976 1399 3028 κατ’
1430 2972 1722 3047 ἅλλήλων,
1756 2974 1903 3031 ἀλλὰ
1933 2976 2024 3030 σὺν

368 3053 645 3127 ἀλλήλοις
679 3058 885 3127 ζέοντες
910 3081 920 3092 ·
956 3063 1011 3115 οἱ
1040 3070 1140 3132 τῆς
1172 3062 1458 3133 Ἀληθείας
1488 3065 1551 3118 τὸ
1590 3064 1719 3120 αὐτὸ
1763 3071 2027 3143 φρονοῦν-

366 3166 455 3208 τες
503 3148 591 3201 καὶ
644 3147 918 3223 λέγοντες*
974 3152 1025 3206 οἱ
1077 3159 1175 3221 τῆς
1222 3154 1421 3231 Σοφίας
1468 3154 1775 3210 εύσύνετοι⁸
1830 3157 1880 3210 οἱ
1930 3162 2025 3210 τοῦ

366 3239 555 3298 Φωτὸς
587 3237 663 3301 ὡς
691 3238 742 3293 ἐν
775 3240 957 3316 ἡμέρα
987 3242 1155 3318 εὐσχη
1168 3248 1479 3315 μονοῦντες’
1505 3246 1557 3299 οἱ
1586 3252 1687 3314 τῆς
1710 3242 1872 3302 Ὀδοῦ
1892 3245 2024 3299 πάν-

2154 653 2322 707 vinea
2351 651 2453 706 illa
2472 666 2628 717 vera,
2662 652 2840 720 atque
2869 664 2903 702 a
2933 648 3086 703 bono
3136 646 3392 719 agricola
3420 649 3640 720 Optime
3670 668 3807 722 pur-

2153 747 2310 814 gata,
2343 746 2399 796 et
2428 757 2555 812 quae
2582 738 2887 811 pulchram
2914 737 3270 792 vindemiam
3306 736 3364 791 in
3396 737 3591 792 divina
3614 743 3802 794 torcu-

2153 830 2299 885 laria
2328 830 2540 886 inferre
2573 828 2816 894 solebat,
2851 828 2910 881 in
2950 825 3403 882 amaritudinem
3457 826 3601 881 mihi
3642 843 3808 883 versa

2152 924 2277 976 est:
2313 919 2590 991 quoniam
2618 920 2787 974 amici
2816 917 2958 971 mihi
3011 925 3061 972 et
3084 918 3331 987 proximi
3361 918 3472 971 mei
3519 916 3809 971 adversum

2148 1027 2237 1065 me
2266 1010 2851 1081 appropinquaverunt
2876 1012 2931 1062 et
2958 1009 3241 1075 steterunt,
3277 1010 3333 1061 et
3382 1007 3480 1078 qui
3524 1007 3696 1077 juxta
3722 1023 3808 1061 me

2148 1102 2326 1167 erant,
2366 1116 2404 1154 a
2461 1098 2619 1167 longe
2672 1101 2938 1152 steterunt
2967 1097 3012 1131 ³⁵
3056 1096 3403 1168 :quoniam,
3465 1095 3565 1167 qui
3620 1095 3805 1151 Deum

2148 1192 2207 1243 et
2236 1187 2532 1243 Christum
2565 1188 2847 1258 majorem
2878 1186 2937 1240 in
2970 1186 3213 1242 modum
3244 1186 3616 1256 amabamus,
3638 1185 3806 1241 Chri-

2148 1280 2305 1333 stum
2337 1276 2665 1347 divisimus,
2698 1276 2770 1331 ob
2824 1275 3130 1331 veritatem
3180 1275 3502 1331 mendaciis
3532 1275 3807 1347 nosipsos

2148 1370 2351 1421 mutuo
2382 1366 2817 1431 incessivimus,
2848 1366 2921 1420 ob
2979 1364 3325 1420 charitatem
3386 1364 3589 1419 odium
3644 1380 3804 1420 exer-

2145 1455 2397 1521 cuimus,
2430 1456 2502 1511 ob
2561 1455 2905 1527 angularem
2952 1454 3208 1526 lapidem
3241 1453 3436 1520 soluti,
3470 1455 3543 1509 ob
3577 1458 3802 1525 petram

2143 1546 2414 1602 concussi
2447 1562 2689 1613 sumus;
2716 1544 2991 1616 quoniam
3016 1544 3090 1600 ob
3119 1561 3320 1616 pacem
3346 1541 3602 1614 amplius
3624 1560 3800 1614 quam

2142 1652 2374 1707 aequum
2409 1636 2822 1707 pugnavimus,
2852 1634 2925 1689 ob
2954 1650 3113 1700 eum,
3145 1632 3244 1702 qui
3274 1632 3333 1686 in
3355 1631 3583 1704 lignum
3616 1631 3804 1687 elatus

2142 1730 2250 1794 est,
2287 1726 2495 1795 dejecti
2527 1728 2941 1795 sumus,atque
2970 1722 3044 1777 ob
3070 1738 3226 1793 eum,
3260 1721 3360 1792 qui
3394 1721 3663 1793 sepultus
3688 1725 3796 1789 est,

2141 1831 2207 1870 ac
2225 1814 2563 1880 resurrexit,
2598 1817 2785 1869 morte
2816 1812 3007 1867 affecti
3039 1827 3268 1867 sumus.

2214 1904 2306 1959 IV.
2341 1910 2421 1958 Ac
2452 1904 2614 1975 prius
2646 1903 2885 1975 quidem
2917 1902 3032 1957 ista
3064 1919 3076 1963 ;
3110 1905 3167 1956 et
3197 1900 3337 1972 quid
3371 1899 3578 1955 attinet
3595 1899 3798 1956 hilari-

2142 1996 2281 2049 tatis
2310 1999 2573 2065 tempore
2603 2010 2695 2049 res
2739 1992 3017 2048 molestas
3074 1990 3345 2047 refricare
3401 1989 3794 2056 immorando,

2143 2100 2395 2155 quarum
2428 2101 2542 2138 non
2577 2084 2749 2138 modo
2781 2082 3125 2138 detestanda
3166 2084 3257 2135 est
3287 2078 3660 2150 experientia,
3695 2079 3799 2134 sed

2144 2174 2429 2228 memoria
2457 2173 2633 2227 etiam
2690 2172 2821 2243 ipsa
2867 2170 3189 2243 fugienda?
3222 2169 3460 2224 Praestat
3490 2167 3647 2223 enim
3678 2184 3800 2223 ser-

2144 2264 2303 2317 moni
2335 2263 2659 2330 silentium,
2694 2262 2956 2316 obortam
3018 2259 3188 2315 nobis
3246 2256 3639 2313 calamitatem
3676 2274 3801 2328 pro-

2143 2354 2326 2408 funda
2356 2352 2644 2408 oblivione
2676 2356 2991 2423 contegens
3022 2355 3197 2421 atque
3219 2350 3472 2404 obruens
3494 2365 3507 2415 ;
3528 2345 3640 2401 nisi
3665 2346 3801 2417 quis

2142 2448 2338 2498 tamen
2373 2442 2518 2497 hanc
2574 2458 2753 2496 unam
2816 2441 2889 2496 ob
2946 2456 3186 2495 causam
3234 2437 3577 2493 acerbarum
3606 2451 3803 2490 rerum

2143 2532 2483 2588 memoriam
2519 2531 2914 2587 renovandam
2948 2533 3131 2601 putet,
3177 2532 3243 2583 ut
3272 2525 3536 2597 exemplo
3568 2523 3801 2580 erudia-

2143 2638 2296 2690 mur,
2331 2638 2417 2689 ac,
2452 2621 2611 2675 velut
2651 2621 2710 2675 in
2746 2620 2989 2688 morbis,
3048 2634 3277 2679 causas.
3338 2632 3407 2671 ex
3463 2614 3679 2686 quibus
3737 2615 3797 2669 in

2141 2710 2264 2766 haec
2294 2710 2450 2765 mala
2480 2710 2822 2775 incidimus,
2880 2709 3200 2781 fugiamus.
3260 2706 3426 2760 Nunc
3476 2719 3608 2759 vero
3641 2706 3799 2774 post-

2139 2816 2319 2871 quam
2351 2798 2555 2869 eﬁ‘ugit
2583 2797 2766 2867 dolor,
2802 2802 2859 2853 et
2890 2813 3123 2863 mceror,
3156 2799 3215 2851 et
3242 2793 3554 2867 gemitus”
3588 2809 3603 2859 ;
3637 2794 3798 2863 post-

2139 2906 2338 2961 quam,
2371 2888 2471 2960 qui
2504 2888 2681 2943 unius
2710 2904 3131 2954 sumus,unum
3163 2886 3349 2942 effecti
3380 2898 3589 2941 sumus
3614 2884 3791 2953 πει

2139 2978 2240 3048 qui
2292 2978 2618 3047 Trinitatis,
2678 2978 3016 3044 concordes,
3054 2977 3413 3045 unanimes,
3466 2982 3524 3032 et
3572 2978 3793 3034 honore

2136 3084 2343 3140 pares;
2378 3068 2479 3138 qui
2509 3067 2707 3135 Verbi,
2739 3085 2773 3122 a
2793 3066 3118 3123 temeritate
3150 3066 3321 3122 alieni
3349 3085 3363 3121 :
3397 3067 3497 3139 qui
3526 3069 3799 3140 Spiritus,

2138 3175 2251 3213 non
2278 3158 2405 3227 jam
2438 3157 2535 3212 alii
2569 3158 2848 3212 adversus
2879 3157 3045 3223 alios,
3070 3158 3172 3212 scd
3204 3156 3381 3212 simul
3415 3158 3702 3213 ferventes
3723 3159 3798 3224 ’7;

2136 3247 2237 3317 qui
2267 3245 2567 3313 Veritatis,
2602 3246 2756 3302 idem
2792 3247 3113 3302 sentientes
3145 3248 3188 3282 ³⁸
3219 3251 3276 3302 et
3304 3247 3655 3318 loquentes;
3700 3247 3802 3319 qui

358 3346 447 3387 τες
506 3326 951 3405 εύθυποροῦντες·
1001 3332 1050 3385 οἱ
1102 3340 1202 3402 τῆς
1250 3332 1425 3409 Θύρας
1473 3336 1667 3396 πάντες
1732 3335 1914 3396 ἐντός·
1967 3336 2019 3389 οἱ

2139 3334 2465 3406 Sapientiae,
2500 3335 2781 3403 solertes;
2819 3335 2921 3407 qui
2953 3336 3146 3404 Lucis,
3180 3340 3245 3391 ut
3274 3336 3335 3391 in
3370 3338 3463 3392 die
3496 3319 3802 3393 honeste”

358 3419 454 3469 τοῦ
484 3413 769 3490 Προϐάτου
795 3420 885 3474 καὶ
917 3425 1012 3475 τοῦ
1045 3422 1314 3495 Ποιμένος
1348 3430 1534 3499 πρᾶοι,
1584 3425 1675 3478 καὶ
1723 3431 1824 3494 τῆς
1858 3425 2027 3494 αὐτῆς

364 3502 623 3577 μάνδρας,
653 3507 743 3560 καὶ
775 3510 1036 3580 ποιμένος
1075 3510 1208 3573 ἑνός’
1262 3512 1361 3566 οὐκ
1412 3512 1463 3567 ἐν
1515 3512 1723 3567 σκεύεσι
1765 3516 2027 3587 ποιμένος

364 3591 587 3681 ξπείρου
638 3596 1050 3669 ποιμαίνοντος,
1106 3598 1231 3654 οὐδὲ
1278 3602 1729 3678 καταφθείροντος
1784 3606 1851 3658 τὰ
1896 3606 2026 3681 πρό-

366 3673 503 3734 ϐατα
530 3684 629 3749 τῆς
659 3690 855 3757 νομῆς,
890 3683 1015 3741 οὐδὲ
1042 3688 1372 3761 προῖεμένου
1402 3696 1517 3752 τοῖς
1568 3691 1757 3753 λύκοις
1784 3694 1872 3747 καὶ
1901 3673 2022 3756 τοῖς

359 3776 653 3845 κρημνοῖς,
709 3770 856 3828 ἀλλὰ
911 3776 999 3829 καὶ
1069 3776 1189 3831 λίαν
1253 3783 1711 3853 πιριεσκεμμὲνου
1767 3784 1856 3836 καὶ
1905 3782 2024 3838 ἐπι-

355 3861 459 3935 φτή
473 3881 661 3931 μονος’
693 3863 855 3931 ἡνίκα
885 3864 1178 3939 γεγόναμεν
1222 3868 1272 3921 οἱ
1304 3873 1399 3922 τοῦ
1448 3869 1712 3933 παθόντος
1744 3874 1855 3945 (82)
1888 3872 2019 3948 ὑπὲρ

354 3948 516 4018 ἡμῶν
546 3953 868 4021 συμπαθεῖς,
934 3954 1021 4008 καὶ
1069 3954 1343 4026 ἀλλήλοις
1400 3960 1466 4013 τὰ
1520 3958 1659 4034 βάρη
1701 3982 2018 4016 συνεπικου-

364 4035 606 4104 ίζοντες’
661 4041 713 4093 οἱ
754 4048 855 4111 τῆς
920 4043 1193 4121 Κεφαλῆς,
1256 4051 1414 4119 σῶμα
1463 4047 1515 4103 ἐν
1572 4052 2017 4127 συναρμολογού-

358 4146 510 4196 μενοι
539 4128 651 4201 (83)
681 4130 769 4183 καὶ
819 4128 1287 4207 συμϐιϐαζόμενοι
1332 4138 1467 4191 κατᾶ
1515 4144 1685 4193 πᾶσαν
1730 4140 2013 4215 συνάφειαν

353 4215 452 4283 τήν
504 4215 553 4269 ἐν
608 4217 918 4291 Πνεύματι·
968 4222 1129 4291 ἡνίκα
1178 4224 1205 4277 ὁ
1259 4246 1430 4279 ποιων
1479 4225 1648 4283 πάντα
1693 4230 1783 4283 καὶ
1852 4250 2011 4302 μετα-

354 4302 625 4374 σκευάζων
679 4308 815 4382 πρὸς
863 4310 926 4365 τὸ
976 4309 1417 4388 λυσιτελέστερον
1467 4313 1689 4392 ἔστρεψε
1733 4320 1825 4373 τὸν
1851 4340 2012 4374 κοπεο

347 4391 547 4484 τὸνήείς
577 4396 750 4471 χαρὰν
812 4399 971 4470 ἡμῖν,
1019 4400 1109 4454 καὶ
1156 4406 1251 4455 τοῦ
1306 4405 1504 4459 σάκκου
1550 4391 1649 4474 τὴν
1680 4406 2013 4484 εὐφροσύνην

347 4477 635 4552 ἀντέδωκε,
690 4490 989 4551 τηνικαῦτα
1039 4490 1445 4566 στναποδύομαι
1504 4501 1623 4557 τοῖς
1679 4477 2008 4573 παρελθοῦσι

2141 3442 2247 3481 nos
2277 3429 2545 3497 gerentes
2579 3426 2714 3498 ;qui
2736 3426 3092 3493 Viae,omnes
3116 3430 3342 3481 rectum
3374 3426 3483 3481 iter
3503 3432 3796 3497 tenentes;

2140 3515 2239 3587 qui
2270 3514 2439 3584 Ostii,
2472 3532 2674 3572 omnes
2702 3516 2898 3584 intus;
2934 3516 3033 3587 qui
3067 3516 3202 3571 Ovis
3232 3520 3289 3570 et
3319 3516 3596 3587 Pastoris,
3629 3534 3798 3574 man-

2137 3606 2288 3661 sueti
2320 3608 2376 3661 et
2404 3606 2669 3675 ejusdem
2703 3605 2905 3672 caulae,
2941 3622 3007 3661 ac
3037 3605 3292 3677 pastoris
3339 3606 3541 3674 unius,
3574 3624 3690 3664 non
3734 3608 3795 3664 in

2135 3695 2387 3767 pastoris
2418 3694 2674 3767 imperiti
2730 3694 2884 3750 vasis
2923 3696 2969 3729 ³ο
3022 3711 3259 3767 gregem
3316 3697 3633 3768 pascentis,
3694 3701 3797 3755 aut

2134 3800 2363 3857 pascua:
2397 3801 2529 3839 oves
2562 3784 2977 3851 interimentis,
3018 3788 3119 3839 aut
3149 3784 3305 3856 lupis
3365 3790 3422 3840 et
3453 3786 3793 3859 pracipitiis

2131 3874 2484 3945 objicientis,
2521 3875 2622 3929 sed
2656 3890 3009 3947 magnopere
3039 3874 3468 3946 circumspecti,
3502 3892 3567 3931 ac
3598 3878 3789 3950 periti,

2130 3967 2441 4035 postquam
2472 3965 2621 4035 ejus,
2656 3965 2755 4035 qui
2783 3980 2885 4036 pro
2918 3963 3089 4019 nobis
3120 3980 3331 4036 passus
3380 3969 3488 4033 est,
3523 3966 3660 4021 facti
3691 3985 3791 4022 su-

2128 4068 2285 4125 mus,
2319 4052 2715 4108 miserationis
2746 4053 2976 4122 affectu,
3009 4053 3110 4109 alii
3160 4053 3410 4110 aliorum
3452 4072 3630 4111 onera
3658 4058 3793 4113 sub-

2127 4142 2414 4211 levantes;
2449 4143 2551 4213 qui
2579 4142 2823 4214 Capitis,
2886 4159 3077 4198 unum
3112 4160 3325 4215 corpus
3386 4150 3791 4205 constructum

2126 4237 2185 4288 et
2214 4236 2688 4305 coagmentatum
2713 4234 3157 4304 juxtaomnem,
3182 4252 3309 4308 quae
3340 4236 3399 4291 in
3432 4235 3656 4309 Spiritu
3678 4244 3788 4299 est:

2126 4323 2545 4378 connexionem
2578 4326 2753 4395 atque
2782 4340 3128 4396 compagem
3158 4326 3201 4359 ³¹
3231 4341 3243 4378 ;
3270 4328 3585 4397 postquam
3609 4327 3789 4401 is,qui

2125 4411 2325 4467 omnia
2356 4412 2515 4482 facit,
2550 4416 2726 4484 atque
2758 4413 2817 4468 in
2851 4413 2909 4468 id
2942 4415 3097 4485 quod
3133 4414 3339 4471 utilius
3370 4420 3459 4472 est
3490 4416 3789 4483 immutat,

2124 4502 2427 4572 planctum
2462 4506 2733 4557 nostrum
2786 4503 2845 4557 in
2905 4504 3183 4573 gaudium
3217 4505 3521 4576 convertit,
3584 4523 3651 4564 ac
3683 4525 3787 4580 pro

415 4585 641 4683 alisal.
673 4607 891 4683 xx‘xlyn,
929 4595 1014 4649 12.
1094 4597 1139 4632 2°
1172 4599 1283 4653 Isa.
1318 4618 1485 4673 xxxv,
1521 4604 1608 4659 10.
1686 4606 1730 4639 ³⁷
1762 4606 1929 4663 Rom.
1972 4626 2025 4663 x1

2146 4608 2195 4661 1.
2273 4606 2317 4641 ’⁸
2350 4606 2496 4661 Ibid.
2537 4609 2625 4663 16.
2702 4609 2747 4643 ²⁹
2776 4609 2943 4664 Rom.
2977 4626 3103 4682 xm,
3138 4612 3225 4667 13.
3302 4612 3348 4647 ⁸ο
3376 4612 3547 4668 Zacb.
3581 4631 3659 4683 xx,
3695 4617 3787 4671 15o

345 4657 389 4692 3‘
422 4657 611 4716 Colos.
646 4677 707 4732 II,
746 4664 832 4718 19.

566 4774 977 4859 [_I_o:palvov10c.
1014 4782 1193 4859 M_o_nt.
1218 4788 1502 4859 ποιμένος.

575 4844 1005 4941 Νεανικώτερον.
1066 4855 1244 4940 Morti.
1297 4844 1355 4915 ἐι
1407 4844 1597 4941 Schol.
1656 4861 2008 4941 ὑπερηφανώ-

342 4933 524 5005 τερον,
549 4940 576 4967 ε(
602 4922 994 5005 Apetunlantills,
1020 4929 1229 5005 majori
1260 4933 1554 5005 superbia.
1586 4956 1615 4983 »

403 4988 813 5116 1ςέϐἑίῆνοῖς.
850 5018 879 5047 ‹‹
911 4988 1273 5071 Torcuiaria,
1300 4988 1565 5062 {minus
1596 5011 1750 5063 recte
1780 5008 2008 5077 Billius,

619 5106 630 5116 ι
658 5087 686 5114 ))

348 5080 376 5108 α
404 5080 436 5112 n
446 5080 630 5117 OI‘I‘68.
658 5087 686 5114 ››

338 5131 532 5259 ιῙΘ(74)
564 5134 647 5205 Ἐξ
707 5134 948 5201 ἐναντίας
1010 5160 1137 5213 μου.
1199 5144 1293 5201 Sic
1347 5147 1526 5222 Regg.
1578 5170 1631 5218 a,
1684 5150 1785 5220 hu,
1834 5151 1925 5208 Or.
1956 5154 2007 5223 1,

409 5274 520 5413 (75)
578 5276 923 5367 διειλόμεθα.
958 5283 1103 5357 Reg,
1130 5285 1255 5354 hrn,
1287 5292 1346 5344 et
1373 5289 1496 5345 Jes.
1557 5287 1898 5365 διιιλάμεθα.

430 5346 527 5413 76)
576 5350 1042 5413 Ιλειτεενηνὲλι(μεθιιι.
1111 5357 1322 5413 Billius
1375 5362 1540 5413 addit
1591 5380 1604 5413 :
1663 5368 1863 5413 manu

425 5346 527 5437 ge)
556 5346 1540 5437 "Igmawjvéypeeaf'Billi'us“addit
1591 5380 1604 5421 :
1663 5346 2006 5437 πὼεὶαἹδα-

340 5418 718 5510 ἕβὲἓῖἒίξιονι
757 5418 778 5475 ἀ
816 5418 956 5509 οέιέυ
998 5427 1276 5510 lacrymis
1324 5433 1521 5506 digno.
1628 5438 1686 5493 Id
1715 5418 2011 5510 glossema

338 5485 573 5614 ἒίἓὲἓω*
595 5509 607 5560 ;
635 5510 748 5550 non
770 5498 929 5554 enim
961 5485 1205 5573 appai'et
1225 5504 1284 5559 in
1300 5485 1441 5563 mag.
1472 5524 1577 5563 nec
1599 5485 2008 5583 agnﬁééii'ﬁﬁ'?

408 5629 725 5723 ςῃλφιᾶν
756 5644 1294 5723 1t<,etc._Bill_ius:
1349 5650 1575 5723 «quid
1639 5655 1873 5710 tandem
1918 5656 2006 5710 hi-

338 5699 597 5796 laritatis
627 5710 888 5796 tempore
930 5714 1261 5775 molestiam
1291 5795 1295 5796 ν
1323 5699 1623 5796 (ιυὶἷρὶεω
1681 5728 1983 5785 reduceret

340 5775 569 5837 acerbis
589 5772 771 5845 rebui
800 5772 1157 5861 immorgnig;
1173 5772 1623 5851 'ggto‘.“"'“"‘
1681 5772 1700 5782 '
1714 5772 1915 5785 "‘“W'
1929 5772 2002 5797 νη

2186 4793 2305 4866 (78)
2337 4794 2682 4866 ’ᾼπευκταῖα.
2723 4794 2856 4863 Alii,
2917 4794 3206 4866 ἀπευκτὲα.

2188 4862 2299 4937 (79)
2335 4862 2406 4922 Εἴ
2424 4887 2507 4927 τις
2536 4863 2644 4922 διά.
2679 4862 2855 4937 Mont,
2907 4866 2996 4920 καὶ
3029 4864 3136 4924 διά.

2190 4934 2306 5011 (80)
2352 4938 2449 4991 Καὶ
2484 4939 2535 4991 οἱ
2566 4944 2667 5007 τῆς
2696 4934 2942 5013 Τριάδος,
2969 4944 3078 4997 etc.
3112 4963 3141 4991 ‹‹
3312 4939 3414 5013 qui
3445 4939 3777 5013 Trinitatis,

2118 5026 2327 5067 sumus
2350 5013 2689 5086 concordes,
2717 5012 3017 5086 eonjuncti
3062 5012 3289 5068 naturis
3313 5012 3378 5086 et
3407 5013 3644 5086 animis,
3674 5012 3777 5072 ho;

2121 5100 2261 5139 nore
2292 5084 2570 5154 aequales,
2604 5106 2629 5137 η
2657 5089 2766 5140 etc.
2798 5083 3059 5151 {alludit
3088 5083 3403 5158 Gregorius
3433 5087 3506 5143 ad
3538 5083 3780 5159 aequali-

2118 5159 2299 5210 tatem
2331 5156 2721 5213 Personarum
2753 5157 3109 5212 divinarum.

2118 5297 2134 5351 1
2191 5228 2302 5298 (81)
2351 5227 2413 5279 Οἱ
2474 5232 2570 5281 τοῦ
2628 5228 2832 5304 Λόγου.
2888 5252 2915 5280 ‹‹
2965 5230 3073 5295 Qui
3150 5228 3394 5285 rationis
3461 5230 3782 5288 rationabi-

2142 5315 2281 5351 ϐε.»

2452 5372 2550 5422 τοῦ
2572 5370 2887 5447 ,παθόντοςι
2923 5371 3129 5447 Bima?
3179 5388 3193 5427 ³
3229 5391 3251 5447 ε
3285 5376 3623 5447 pOStquam’
3681 5374 3783 5446 qni

2118 5441 2331 5518 Cbristi
2356 5457 2459 5518 pro
2494 5442 2663 5498 nobis
2697 5443 2879 5515 passi,
2916 5443 3348 5518 misericordes,
3375 5441 3511 5501 facti
3543 5441 3776 5518 sumus,

2118 5514 2345 5639 aliialii:
2365 5513 2461 5567 alii
2487 5513 2712 5581 onera,_
2740 5536 2769 5564 »
2815 5525 2921 5571 etc.
2982 5515 3114 5571 Mox
3165 5516 3304 5590 Reg.
3337 5517 3439 5590 hu,
3473 5513 3773 5589 συμπαθεῖς

2116 5606 2203 5638 και
2238 5607 2269 5637 α
2353 5604 2455 5639 οις.

2119 5606 2203 5638 και
2238 5605 2455 5646 αΛΛοις.

2119 5730 2127 5733 _
2190 5659 2300 5733 (83)
2386 5660 2561 5733 Σῴμα
2633 5652 2691 5733 ,ἓν
2776 5656 3374 5733 συναρμολογούμενοι,
3453 5659 3547 5733 Sic
3632 5660 3772 5731 Reg.

2114 5730 2238 5805 bm,
2274 5730 2376 5805 hu,
2410 5729 2587 5805 Goisl.
2623 5731 2647 5784 1
2683 5733 2742 5787 et
2769 5731 2823 5804 2,
2859 5729 2957 5789 or.
2992 5734 3044 5805 1,
3072 5729 3129 5790 et
3148 5729 3266 5790 Jes.
3292 5732 3422 5805 Par,
3480 5732 3572 5789 ed.
3616 5729 3773 5804 σῶμα

2114 5798 2667 5879 ἐναρμολογούμενοι.
