  <div class='ocr_page' id='page_1' title='image "/cluster/home/n/w/nwhite01/storage/ocr_20150623/35:no.1/coo.31924054869320/370.png"; bbox 0 0 4070 6412; ppageno 0'>
   <div class='ocr_carea' id='block_1_1' title="bbox 348 461 465 521">
    <p class='ocr_par' dir='ltr' id='par_1_1' title="bbox 348 461 465 521">
     <span class='ocr_line' id='line_1_1' title="bbox 348 461 465 521; baseline 0.009 -1"><span class='ocrx_word' id='word_1_1' title='bbox 348 461 465 521; x_wconf 73' lang='grc'>’129</span> 
     </span>
    </p>
   </div>
   <div class='ocr_carea' id='block_1_2' title="bbox 1544 447 2587 519">
    <p class='ocr_par' dir='ltr' id='par_1_2' title="bbox 1544 447 2587 519">
     <span class='ocr_line' id='line_1_2' title="bbox 1544 447 2587 519; baseline -0.011 0"><span class='ocrx_word' id='word_1_2' title='bbox 1544 458 1836 518; x_wconf 84' lang='lat' dir='ltr'><strong>ORATIO</strong></span> <span class='ocrx_word' id='word_1_3' title='bbox 1884 454 1989 519; x_wconf 81' lang='lat' dir='ltr'><strong>Vl.</strong></span> <span class='ocrx_word' id='word_1_4' title='bbox 2021 485 2100 501; x_wconf 90' lang='lat'><em>-</em></span> <span class='ocrx_word' id='word_1_5' title='bbox 2144 452 2248 514; x_wconf 90' lang='lat' dir='ltr'><strong>DE</strong></span> <span class='ocrx_word' id='word_1_6' title='bbox 2293 449 2494 512; x_wconf 83' lang='lat' dir='ltr'><strong>PACE</strong></span> <span class='ocrx_word' id='word_1_7' title='bbox 2537 447 2587 508; x_wconf 91' lang='grc' dir='ltr'><strong>Ι.</strong></span> 
     </span>
    </p>
   </div>
   <div class='ocr_carea' id='block_1_3' title="bbox 3661 440 3781 502">
    <p class='ocr_par' dir='ltr' id='par_1_3' title="bbox 3661 440 3781 502">
     <span class='ocr_line' id='line_1_3' title="bbox 3661 440 3781 502; baseline 0 -1"><span class='ocrx_word' id='word_1_8' title='bbox 3661 440 3781 502; x_wconf 86' lang='grc'><strong>730</strong></span> 
     </span>
    </p>
   </div>
   <div class='ocr_carea' id='block_1_4' title="bbox 352 575 2024 665">
    <p class='ocr_par' dir='ltr' id='par_1_4' title="bbox 352 586 2007 665">
     <span class='ocr_line' id='line_1_4' title="bbox 352 586 2007 665; baseline -0.003 -20"><span class='ocrx_word' id='word_1_9' title='bbox 352 589 606 645; x_wconf 83' lang='grc' dir='ltr'><strong>πίπτοντι</strong></span> <span class='ocrx_word' id='word_1_10' title='bbox 664 593 828 665; x_wconf 80' lang='grc' dir='ltr'>χεῖρα</span> <span class='ocrx_word' id='word_1_11' title='bbox 909 586 1137 664; x_wconf 82' lang='grc' dir='ltr'>ὀρέγειν,</span> <span class='ocrx_word' id='word_1_12' title='bbox 1204 587 1294 644; x_wconf 79' lang='grc' dir='ltr'><strong>καὶ</strong></span> <span class='ocrx_word' id='word_1_13' title='bbox 1371 589 1676 652; x_wconf 77' lang='grc' dir='ltr'>ἀσθενοῦντι</span> <span class='ocrx_word' id='word_1_14' title='bbox 1762 586 2007 642; x_wconf 83' lang='grc' dir='ltr'>συνασθε-</span> 
     </span>
    </p>
   </div>
   <div class='ocr_carea' id='block_1_5' title="bbox 2141 575 3778 665">
    <p class='ocr_par' dir='ltr' id='par_1_5' title="bbox 2141 575 3778 647">
     <span class='ocr_line' id='line_1_5' title="bbox 2141 575 3778 647; baseline -0.005 -8"><span class='ocrx_word' id='word_1_15' title='bbox 2141 584 2374 639; x_wconf 66' lang='lat' dir='ltr'><strong>mimum.</strong></span> <span class='ocrx_word' id='word_1_16' title='bbox 2399 580 2504 636; x_wconf 89' lang='lat' dir='ltr'><strong>Hic</strong></span> <span class='ocrx_word' id='word_1_17' title='bbox 2538 578 2704 645; x_wconf 87' lang='lat' dir='ltr'><strong>mihi,</strong></span> <span class='ocrx_word' id='word_1_18' title='bbox 2731 581 2796 633; x_wconf 88' lang='lat' dir='ltr'><strong>ut</strong></span> <span class='ocrx_word' id='word_1_19' title='bbox 2825 580 2882 634; x_wconf 86' lang='lat' dir='ltr'><strong>et</strong></span> <span class='ocrx_word' id='word_1_20' title='bbox 2913 592 3046 632; x_wconf 91' lang='lat' dir='ltr'><strong>cum</strong></span> <span class='ocrx_word' id='word_1_21' title='bbox 3079 591 3166 643; x_wconf 88' lang='lat' dir='ltr'><strong>eo,</strong></span> <span class='ocrx_word' id='word_1_22' title='bbox 3192 575 3292 647; x_wconf 86' lang='lat' dir='ltr'><strong>qui</strong></span> <span class='ocrx_word' id='word_1_23' title='bbox 3313 576 3569 632; x_wconf 87' lang='lat' dir='ltr'><strong>secundo</strong></span> <span class='ocrx_word' id='word_1_24' title='bbox 3600 590 3778 631; x_wconf 82' lang='lat' dir='ltr'><strong>cursu</strong></span> 
     </span>
    </p>
   </div>
   <div class='ocr_carea' id='block_1_6' title="bbox 353 674 2013 755">
    <p class='ocr_par' dir='ltr' id='par_1_6' title="bbox 353 674 2013 755">
     <span class='ocr_line' id='line_1_6' title="bbox 353 674 2013 755; baseline -0.004 -20"><span class='ocrx_word' id='word_1_25' title='bbox 353 685 463 736; x_wconf 85' lang='grc' dir='ltr'>νεῖν</span> <span class='ocrx_word' id='word_1_26' title='bbox 498 681 632 753; x_wconf 88' lang='grc'>(94),</span> <span class='ocrx_word' id='word_1_27' title='bbox 666 679 756 732; x_wconf 88' lang='grc' dir='ltr'><strong>καὶ</strong></span> <span class='ocrx_word' id='word_1_28' title='bbox 790 676 1039 754; x_wconf 80' lang='grc' dir='ltr'>ἰσχύοντι</span> <span class='ocrx_word' id='word_1_29' title='bbox 1070 679 1557 755; x_wconf 76' lang='grc' dir='ltr'>συνευφραίνεσθαι.</span> <span class='ocrx_word' id='word_1_30' title='bbox 1616 675 1763 734; x_wconf 84' lang='grc' dir='ltr'><strong>Μετᾶ</strong></span> <span class='ocrx_word' id='word_1_31' title='bbox 1815 674 2013 731; x_wconf 86' lang='grc' dir='ltr'>τούτου</span> 
     </span>
    </p>
   </div>
   <div class='ocr_carea' id='block_1_7' title="bbox 360 763 2012 844">
    <p class='ocr_par' dir='ltr' id='par_1_7' title="bbox 360 763 2012 844">
     <span class='ocr_line' id='line_1_7' title="bbox 360 763 2012 844; baseline -0.003 -20"><span class='ocrx_word' id='word_1_32' title='bbox 360 768 556 844; x_wconf 88' lang='grc' dir='ltr'>πατρὶς</span> <span class='ocrx_word' id='word_1_33' title='bbox 605 768 695 823; x_wconf 82' lang='grc' dir='ltr'><strong>καὶ</strong></span> <span class='ocrx_word' id='word_1_34' title='bbox 746 769 866 838; x_wconf 79' lang='grc' dir='ltr'>ξένη</span> <span class='ocrx_word' id='word_1_35' title='bbox 916 768 979 824; x_wconf 84' lang='grc' dir='ltr'>τὸ</span> <span class='ocrx_word' id='word_1_36' title='bbox 1022 765 1140 822; x_wconf 55' lang='grc' dir='ltr'>τίσον</span> <span class='ocrx_word' id='word_1_37' title='bbox 1189 768 1311 842; x_wconf 79' lang='grc' dir='ltr'>ἐμοὶ</span> <span class='ocrx_word' id='word_1_38' title='bbox 1361 769 1450 824; x_wconf 86' lang='grc' dir='ltr'><strong>καὶ</strong></span> <span class='ocrx_word' id='word_1_39' title='bbox 1479 763 1662 823; x_wconf 86' lang='grc' dir='ltr'>τόπων</span> <span class='ocrx_word' id='word_1_40' title='bbox 1696 768 2012 841; x_wconf 75' lang='grc' dir='ltr'>μετάστασις</span> 
     </span>
    </p>
   </div>
   <div class='ocr_carea' id='block_1_8' title="bbox 365 851 2012 934">
    <p class='ocr_par' dir='ltr' id='par_1_8' title="bbox 365 851 2012 934">
     <span class='ocr_line' id='line_1_8' title="bbox 365 851 2012 934; baseline -0.004 -20"><span class='ocrx_word' id='word_1_41' title='bbox 365 857 672 934; x_wconf 81' lang='grc' dir='ltr'>ἀλλοτρίων</span> <span class='ocrx_word' id='word_1_42' title='bbox 720 856 950 930; x_wconf 86' lang='grc' dir='ltr'>ὁμοίως,</span> <span class='ocrx_word' id='word_1_43' title='bbox 1002 855 1129 913; x_wconf 89' lang='grc' dir='ltr'>ἀλλ’</span> <span class='ocrx_word' id='word_1_44' title='bbox 1175 857 1273 912; x_wconf 82' lang='grc' dir='ltr'><strong>οὐκ</strong></span> <span class='ocrx_word' id='word_1_45' title='bbox 1317 857 1463 930; x_wconf 76' lang='grc' dir='ltr'>ἒμῶν</span> <span class='ocrx_word' id='word_1_46' title='bbox 1514 860 1645 930; x_wconf 87' lang='lat'><strong>(95).</strong></span> <span class='ocrx_word' id='word_1_47' title='bbox 1703 851 1873 916; x_wconf 82' lang='grc' dir='ltr'>Οῦτὸς</span> <span class='ocrx_word' id='word_1_48' title='bbox 1922 875 2012 925; x_wconf 89' lang='grc' dir='ltr'><strong>μοι</strong></span> 
     </span>
    </p>
   </div>
   <div class='ocr_carea' id='block_1_9' title="bbox 363 942 2015 1023">
    <p class='ocr_par' dir='ltr' id='par_1_9' title="bbox 363 942 2015 1023">
     <span class='ocr_line' id='line_1_9' title="bbox 363 942 2015 1023; baseline -0.003 -21"><span class='ocrx_word' id='word_1_49' title='bbox 363 945 563 1023; x_wconf 82' lang='grc' dir='ltr'>διαιρεῖ</span> <span class='ocrx_word' id='word_1_50' title='bbox 609 942 872 1020; x_wconf 75' lang='grc' dir='ltr'>κόσμους,</span> <span class='ocrx_word' id='word_1_51' title='bbox 920 946 1012 1002; x_wconf 78' lang='grc' dir='ltr'><strong>καὶ</strong></span> <span class='ocrx_word' id='word_1_52' title='bbox 1061 951 1156 1002; x_wconf 87' lang='grc' dir='ltr'><strong>τοῦ</strong></span> <span class='ocrx_word' id='word_1_53' title='bbox 1215 947 1308 1021; x_wconf 74' lang='grc' dir='ltr'>μὲν</span> <span class='ocrx_word' id='word_1_54' title='bbox 1353 944 1568 1023; x_wconf 79' lang='grc' dir='ltr'><strong>ἀπάγει,</strong></span> <span class='ocrx_word' id='word_1_55' title='bbox 1597 951 1676 1018; x_wconf 81' lang='grc' dir='ltr'>τῷ</span> <span class='ocrx_word' id='word_1_56' title='bbox 1707 943 1762 1000; x_wconf 71' lang='lat' dir='ltr'><strong>8‘s</strong></span> <span class='ocrx_word' id='word_1_57' title='bbox 1791 943 2015 1020; x_wconf 89' lang='grc' dir='ltr'>προστί-</span> 
     </span>
    </p>
   </div>
   <div class='ocr_carea' id='block_1_10' title="bbox 359 1032 2016 1110">
    <p class='ocr_par' dir='ltr' id='par_1_10' title="bbox 359 1032 2016 1110">
     <span class='ocr_line' id='line_1_10' title="bbox 359 1032 2016 1110; baseline -0.002 -19"><span class='ocrx_word' id='word_1_58' title='bbox 359 1048 514 1107; x_wconf 82' lang='grc' dir='ltr'>θησιν</span> <span class='ocrx_word' id='word_1_59' title='bbox 540 1055 552 1069; x_wconf 95' lang='grc'><strong>·</strong></span> <span class='ocrx_word' id='word_1_60' title='bbox 590 1033 747 1098; x_wconf 72' lang='grc' dir='ltr'>οὗτός</span> <span class='ocrx_word' id='word_1_61' title='bbox 784 1058 849 1110; x_wconf 84' lang='grc' dir='ltr'><strong>με</strong></span> <span class='ocrx_word' id='word_1_62' title='bbox 878 1037 968 1091; x_wconf 79' lang='grc' dir='ltr'><strong>καὶ</strong></span> <span class='ocrx_word' id='word_1_63' title='bbox 1004 1033 1092 1091; x_wconf 81' lang='grc' dir='ltr'><strong>διὰ</strong></span> <span class='ocrx_word' id='word_1_64' title='bbox 1146 1041 1254 1091; x_wconf 83' lang='grc' dir='ltr'><strong>τῶν</strong></span> <span class='ocrx_word' id='word_1_65' title='bbox 1306 1034 1488 1107; x_wconf 77' lang='grc' dir='ltr'>δεξιῶν</span> <span class='ocrx_word' id='word_1_66' title='bbox 1546 1035 1733 1091; x_wconf 75' lang='grc' dir='ltr'>ὅπλων</span> <span class='ocrx_word' id='word_1_67' title='bbox 1787 1032 2016 1108; x_wconf 77' lang='grc' dir='ltr'>διεξάγει</span> 
     </span>
    </p>
   </div>
   <div class='ocr_carea' id='block_1_11' title="bbox 355 1121 2018 1202">
    <p class='ocr_par' dir='ltr' id='par_1_11' title="bbox 355 1121 2018 1202">
     <span class='ocr_line' id='line_1_11' title="bbox 355 1121 2018 1202; baseline -0.001 -24"><span class='ocrx_word' id='word_1_68' title='bbox 355 1132 453 1195; x_wconf 86' lang='grc' dir='ltr'>τῆς</span> <span class='ocrx_word' id='word_1_69' title='bbox 488 1123 837 1197; x_wconf 76' lang='grc' dir='ltr'>δικαιοσύνης</span> <span class='ocrx_word' id='word_1_70' title='bbox 872 1124 972 1181; x_wconf 87' lang='grc' dir='ltr'><strong>ούκ</strong></span> <span class='ocrx_word' id='word_1_71' title='bbox 1001 1121 1385 1202; x_wconf 79' lang='grc' dir='ltr'>ἐπαιρόμενον,</span> <span class='ocrx_word' id='word_1_72' title='bbox 1411 1126 1507 1182; x_wconf 70' lang='grc' dir='ltr'>κᾶν</span> <span class='ocrx_word' id='word_1_73' title='bbox 1550 1131 1666 1187; x_wconf 84' lang='grc' dir='ltr'>τοῖς</span> <span class='ocrx_word' id='word_1_74' title='bbox 1715 1125 2018 1198; x_wconf 80' lang='grc' dir='ltr'>ἀριστεροῖς</span> 
     </span>
    </p>
   </div>
   <div class='ocr_carea' id='block_1_12' title="bbox 354 1214 2018 1295">
    <p class='ocr_par' dir='ltr' id='par_1_12' title="bbox 354 1214 2018 1295">
     <span class='ocr_line' id='line_1_12' title="bbox 354 1214 2018 1295; baseline -0.002 -26"><span class='ocrx_word' id='word_1_75' title='bbox 354 1215 444 1269; x_wconf 84' lang='grc' dir='ltr'>καὶ</span> <span class='ocrx_word' id='word_1_76' title='bbox 492 1216 854 1292; x_wconf 77' lang='grc' dir='ltr'>τραχυτέροις</span> <span class='ocrx_word' id='word_1_77' title='bbox 915 1217 1033 1289; x_wconf 85' lang='grc'>(96)</span> <span class='ocrx_word' id='word_1_78' title='bbox 1078 1215 1502 1295; x_wconf 79' lang='grc' dir='ltr'>συμφιλοσοφεῖ,</span> <span class='ocrx_word' id='word_1_79' title='bbox 1565 1216 1663 1285; x_wconf 78' lang='grc' dir='ltr'>τήν</span> <span class='ocrx_word' id='word_1_80' title='bbox 1715 1214 1776 1269; x_wconf 88' lang='grc' dir='ltr'><strong>ού</strong></span> <span class='ocrx_word' id='word_1_81' title='bbox 1832 1232 2018 1268; x_wconf 89' lang='grc' dir='ltr'>καται-</span> 
     </span>
    </p>
   </div>
   <div class='ocr_carea' id='block_1_13' title="bbox 357 1300 2020 1381">
    <p class='ocr_par' dir='ltr' id='par_1_13' title="bbox 357 1300 2020 1381">
     <span class='ocr_line' id='line_1_13' title="bbox 357 1300 2020 1381; baseline -0.002 -23"><span class='ocrx_word' id='word_1_82' title='bbox 357 1303 660 1380; x_wconf 86' lang='grc' dir='ltr'>σχύνουσαν</span> <span class='ocrx_word' id='word_1_83' title='bbox 708 1302 907 1361; x_wconf 79' lang='grc' dir='ltr'><strong>ἐλπίδα</strong></span> <span class='ocrx_word' id='word_1_84' title='bbox 956 1305 1320 1381; x_wconf 84' lang='grc' dir='ltr'>παραζευγνὺς</span> <span class='ocrx_word' id='word_1_85' title='bbox 1379 1305 1469 1360; x_wconf 83' lang='grc' dir='ltr'><strong>καὶ</strong></span> <span class='ocrx_word' id='word_1_86' title='bbox 1516 1305 1580 1360; x_wconf 85' lang='grc' dir='ltr'>τὸ</span> <span class='ocrx_word' id='word_1_87' title='bbox 1632 1305 1802 1378; x_wconf 82' lang='grc' dir='ltr'>παρὸν</span> <span class='ocrx_word' id='word_1_88' title='bbox 1832 1300 2020 1379; x_wconf 82' lang='grc' dir='ltr'>κουφί-</span> 
     </span>
    </p>
   </div>
   <div class='ocr_carea' id='block_1_14' title="bbox 361 1391 2024 1468">
    <p class='ocr_par' dir='ltr' id='par_1_14' title="bbox 361 1391 2024 1468">
     <span class='ocr_line' id='line_1_14' title="bbox 361 1391 2024 1468; baseline -0.002 -20"><span class='ocrx_word' id='word_1_89' title='bbox 361 1399 464 1461; x_wconf 86' lang='grc' dir='ltr'><strong>ζων</strong></span> <span class='ocrx_word' id='word_1_90' title='bbox 488 1398 575 1466; x_wconf 82' lang='grc' dir='ltr'>τῷ</span> <span class='ocrx_word' id='word_1_91' title='bbox 605 1393 868 1467; x_wconf 87' lang='grc' dir='ltr'>μέλλοντι</span> <span class='ocrx_word' id='word_1_92' title='bbox 904 1397 1040 1468; x_wconf 83' lang='grc'>(97).</span> <span class='ocrx_word' id='word_1_93' title='bbox 1074 1394 1263 1468; x_wconf 88' lang='grc' dir='ltr'>Τούτῳ</span> <span class='ocrx_word' id='word_1_94' title='bbox 1314 1396 1404 1450; x_wconf 77' lang='grc' dir='ltr'><strong>καὶ</strong></span> <span class='ocrx_word' id='word_1_95' title='bbox 1452 1399 1542 1448; x_wconf 89' lang='grc' dir='ltr'><strong>νῦν</strong></span> <span class='ocrx_word' id='word_1_96' title='bbox 1588 1392 1864 1466; x_wconf 79' lang='grc' dir='ltr'>δεξιοῦμαι</span> <span class='ocrx_word' id='word_1_97' title='bbox 1895 1391 2024 1453; x_wconf 82' lang='grc' dir='ltr'>τοὺς</span> 
     </span>
    </p>
   </div>
   <div class='ocr_carea' id='block_1_15' title="bbox 361 1481 2024 1562">
    <p class='ocr_par' dir='ltr' id='par_1_15' title="bbox 361 1481 2024 1562">
     <span class='ocr_line' id='line_1_15' title="bbox 361 1481 2024 1562; baseline -0.001 -26"><span class='ocrx_word' id='word_1_98' title='bbox 361 1481 526 1555; x_wconf 81' lang='grc' dir='ltr'>ἐμοὺς</span> <span class='ocrx_word' id='word_1_99' title='bbox 558 1482 752 1562; x_wconf 80' lang='grc' dir='ltr'>φίλους</span> <span class='ocrx_word' id='word_1_100' title='bbox 783 1485 873 1538; x_wconf 85' lang='grc' dir='ltr'><strong>καὶ</strong></span> <span class='ocrx_word' id='word_1_101' title='bbox 910 1481 1201 1562; x_wconf 78' lang='grc' dir='ltr'>ἀδελφοὺς,</span> <span class='ocrx_word' id='word_1_102' title='bbox 1252 1484 1340 1539; x_wconf 83' lang='grc' dir='ltr'><strong>καὶ</strong></span> <span class='ocrx_word' id='word_1_103' title='bbox 1393 1483 1696 1560; x_wconf 81' lang='grc' dir='ltr'>προτίθημι</span> <span class='ocrx_word' id='word_1_104' title='bbox 1750 1485 1864 1554; x_wconf 84' lang='grc'>(98)</span> <span class='ocrx_word' id='word_1_105' title='bbox 1901 1482 2024 1556; x_wconf 85' lang='grc' dir='ltr'>τρά-</span> 
     </span>
    </p>
   </div>
   <div class='ocr_carea' id='block_1_16' title="bbox 363 1570 2026 1648">
    <p class='ocr_par' dir='ltr' id='par_1_16' title="bbox 363 1570 2026 1648">
     <span class='ocr_line' id='line_1_16' title="bbox 363 1570 2026 1648; baseline -0.002 -22"><span class='ocrx_word' id='word_1_106' title='bbox 363 1578 526 1641; x_wconf 87' lang='grc' dir='ltr'>πεζαν</span> <span class='ocrx_word' id='word_1_107' title='bbox 588 1571 842 1648; x_wconf 77' lang='grc' dir='ltr'>λογικὴν,</span> <span class='ocrx_word' id='word_1_108' title='bbox 886 1583 978 1627; x_wconf 79' lang='grc' dir='ltr'><strong>και</strong></span> <span class='ocrx_word' id='word_1_109' title='bbox 1026 1580 1274 1648; x_wconf 87' lang='grc' dir='ltr'>κρατῆρα</span> <span class='ocrx_word' id='word_1_110' title='bbox 1319 1572 1705 1645; x_wconf 83' lang='grc' dir='ltr'>πνευματικὸν,</span> <span class='ocrx_word' id='word_1_111' title='bbox 1762 1571 1851 1625; x_wconf 78' lang='grc' dir='ltr'><strong>καὶ</strong></span> <span class='ocrx_word' id='word_1_112' title='bbox 1911 1570 2026 1624; x_wconf 85' lang='grc' dir='ltr'>ἀέν-</span> 
     </span>
    </p>
   </div>
   <div class='ocr_carea' id='block_1_17' title="bbox 361 1658 2020 1737">
    <p class='ocr_par' dir='ltr' id='par_1_17' title="bbox 361 1658 2020 1737">
     <span class='ocr_line' id='line_1_17' title="bbox 361 1658 2020 1737; baseline -0.001 -23"><span class='ocrx_word' id='word_1_113' title='bbox 361 1681 488 1714; x_wconf 89' lang='grc' dir='ltr'>ναον</span> <span class='ocrx_word' id='word_1_114' title='bbox 520 1663 634 1734; x_wconf 87' lang='grc'>(99)</span> <span class='ocrx_word' id='word_1_115' title='bbox 663 1682 674 1692; x_wconf 93' lang='grc'><strong>·</strong></span> <span class='ocrx_word' id='word_1_116' title='bbox 707 1661 814 1736; x_wconf 83' lang='grc' dir='ltr'><strong>ούχ</strong></span> <span class='ocrx_word' id='word_1_117' title='bbox 847 1663 927 1724; x_wconf 77' lang='grc' dir='ltr'>οἷς</span> <span class='ocrx_word' id='word_1_118' title='bbox 956 1664 990 1731; x_wconf 84' lang='grc' dir='ltr'><strong>ἡ</strong></span> <span class='ocrx_word' id='word_1_119' title='bbox 1019 1661 1167 1716; x_wconf 88' lang='grc' dir='ltr'>κάτω</span> <span class='ocrx_word' id='word_1_120' title='bbox 1196 1664 1275 1736; x_wconf 94' lang='grc'><strong>(1)</strong></span> <span class='ocrx_word' id='word_1_121' title='bbox 1304 1661 1542 1737; x_wconf 73' lang='grc' dir='ltr'>τράπεζα</span> <span class='ocrx_word' id='word_1_122' title='bbox 1589 1658 1876 1715; x_wconf 85' lang='grc' dir='ltr'>κολακεύει</span> <span class='ocrx_word' id='word_1_123' title='bbox 1922 1660 2020 1728; x_wconf 75' lang='grc' dir='ltr'>τὴν</span> 
     </span>
    </p>
   </div>
   <div class='ocr_carea' id='block_1_18' title="bbox 358 1751 1626 1829">
    <p class='ocr_par' dir='ltr' id='par_1_18' title="bbox 358 1751 1626 1829">
     <span class='ocr_line' id='line_1_18' title="bbox 358 1751 1626 1829; baseline 0.002 -25"><span class='ocrx_word' id='word_1_124' title='bbox 358 1751 808 1826; x_wconf 77' lang='grc' dir='ltr'>καταργουμένην</span> <span class='ocrx_word' id='word_1_125' title='bbox 838 1752 1094 1829; x_wconf 87' lang='grc' dir='ltr'>γαστέρα,</span> <span class='ocrx_word' id='word_1_126' title='bbox 1125 1751 1216 1807; x_wconf 83' lang='grc' dir='ltr'><strong>καὶ</strong></span> <span class='ocrx_word' id='word_1_127' title='bbox 1248 1751 1626 1827; x_wconf 84' lang='grc' dir='ltr'>ἀθεράπευτον.</span> 
     </span>
    </p>
   </div>
   <div class='ocr_carea' id='block_1_19' title="bbox 432 2017 2022 2092">
    <p class='ocr_par' dir='ltr' id='par_1_19' title="bbox 432 2017 2022 2092">
     <span class='ocr_line' id='line_1_19' title="bbox 432 2017 2022 2092; baseline 0.001 -22"><span class='ocrx_word' id='word_1_128' title='bbox 432 2023 498 2072; x_wconf 90' lang='grc' dir='ltr'><strong>Ζ’.</strong></span> <span class='ocrx_word' id='word_1_129' title='bbox 547 2017 881 2088; x_wconf 83' lang='grc' dir='ltr'>Ἐσιὼπησα,</span> <span class='ocrx_word' id='word_1_130' title='bbox 938 2019 1014 2090; x_wconf 83' lang='grc' dir='ltr'>μὴ</span> <span class='ocrx_word' id='word_1_131' title='bbox 1065 2018 1156 2072; x_wconf 81' lang='grc' dir='ltr'><strong>καὶ</strong></span> <span class='ocrx_word' id='word_1_132' title='bbox 1200 2017 1280 2074; x_wconf 79' lang='grc' dir='ltr'><strong>ἀεὶ</strong></span> <span class='ocrx_word' id='word_1_133' title='bbox 1335 2021 1723 2092; x_wconf 75' lang='grc' dir='ltr'>σιωπήσομαι;</span> <span class='ocrx_word' id='word_1_134' title='bbox 1773 2018 2022 2092; x_wconf 79' lang='grc' dir='ltr'>Ἐκαρτέ-</span> 
     </span>
    </p>
   </div>
   <div class='ocr_carea' id='block_1_20' title="bbox 359 2102 2020 2184">
    <p class='ocr_par' dir='ltr' id='par_1_20' title="bbox 359 2102 2020 2184">
     <span class='ocr_line' id='line_1_20' title="bbox 359 2102 2020 2184; baseline 0 -25"><span class='ocrx_word' id='word_1_135' title='bbox 359 2125 500 2181; x_wconf 88' lang='grc' dir='ltr'>ρησα</span> <span class='ocrx_word' id='word_1_136' title='bbox 552 2106 680 2161; x_wconf 83' lang='grc' dir='ltr'>ὡσεὶ</span> <span class='ocrx_word' id='word_1_137' title='bbox 728 2105 984 2161; x_wconf 84' lang='grc' dir='ltr'>τίκτουσα</span> <span class='ocrx_word' id='word_1_138' title='bbox 1044 2109 1145 2182; x_wconf 91' lang='grc'>(2),</span> <span class='ocrx_word' id='word_1_139' title='bbox 1197 2108 1272 2181; x_wconf 82' lang='grc' dir='ltr'>μὴ</span> <span class='ocrx_word' id='word_1_140' title='bbox 1325 2111 1645 2184; x_wconf 77' lang='grc' dir='ltr'>καρτερήσω</span> <span class='ocrx_word' id='word_1_141' title='bbox 1694 2102 2020 2176; x_wconf 44' lang='grc' dir='ltr'>διαπαντός</span> 
     </span>
    </p>
   </div>
   <div class='ocr_carea' id='block_1_21' title="bbox 354 2195 2025 2273">
    <p class='ocr_par' dir='ltr' id='par_1_21' title="bbox 354 2195 2025 2273">
     <span class='ocr_line' id='line_1_21' title="bbox 354 2195 2025 2273; baseline 0.002 -25"><span class='ocrx_word' id='word_1_142' title='bbox 354 2200 441 2266; x_wconf 81' lang='grc' dir='ltr'><strong>Τῷ</strong></span> <span class='ocrx_word' id='word_1_143' title='bbox 493 2196 588 2266; x_wconf 75' lang='grc' dir='ltr'><strong>μὲν</strong></span> <span class='ocrx_word' id='word_1_144' title='bbox 638 2195 740 2271; x_wconf 74' lang='grc' dir='ltr'>γὰρ</span> <span class='ocrx_word' id='word_1_145' title='bbox 800 2196 1047 2273; x_wconf 87' lang='grc' dir='ltr'>Ζαχαρίᾳ</span> <span class='ocrx_word' id='word_1_146' title='bbox 1091 2195 1207 2253; x_wconf 88' lang='grc' dir='ltr'>λύει</span> <span class='ocrx_word' id='word_1_147' title='bbox 1247 2199 1345 2265; x_wconf 81' lang='grc' dir='ltr'>τήν</span> <span class='ocrx_word' id='word_1_148' title='bbox 1402 2199 1614 2266; x_wconf 68' lang='grc' dir='ltr'>σιωπήν</span> <span class='ocrx_word' id='word_1_149' title='bbox 1675 2196 1954 2272; x_wconf 82' lang='grc' dir='ltr'>γεννηθεὶς</span> <span class='ocrx_word' id='word_1_150' title='bbox 1997 2198 2025 2251; x_wconf 86' lang='grc' dir='ltr'>ὁ</span> 
     </span>
    </p>
   </div>
   <div class='ocr_carea' id='block_1_22' title="bbox 358 2282 2024 2364">
    <p class='ocr_par' dir='ltr' id='par_1_22' title="bbox 358 2282 2024 2364">
     <span class='ocr_line' id='line_1_22' title="bbox 358 2282 2024 2364; baseline -0.001 -24"><span class='ocrx_word' id='word_1_151' title='bbox 358 2284 616 2352; x_wconf 83' lang='grc' dir='ltr'><strong>Ἰωάννης</strong></span> <span class='ocrx_word' id='word_1_152' title='bbox 643 2304 654 2316; x_wconf 93' lang='grc'><strong>·</strong></span> <span class='ocrx_word' id='word_1_153' title='bbox 689 2286 779 2339; x_wconf 82' lang='grc' dir='ltr'><strong>καὶ</strong></span> <span class='ocrx_word' id='word_1_154' title='bbox 807 2287 910 2360; x_wconf 79' lang='grc' dir='ltr'>γὰρ</span> <span class='ocrx_word' id='word_1_155' title='bbox 943 2285 1043 2340; x_wconf 87' lang='grc' dir='ltr'><strong>ούκ</strong></span> <span class='ocrx_word' id='word_1_156' title='bbox 1076 2282 1276 2362; x_wconf 77' lang='grc' dir='ltr'>ἔπρεπε</span> <span class='ocrx_word' id='word_1_157' title='bbox 1305 2287 1399 2341; x_wconf 87' lang='grc' dir='ltr'>τὸν</span> <span class='ocrx_word' id='word_1_158' title='bbox 1441 2287 1647 2362; x_wconf 89' lang='grc' dir='ltr'>πατέρα</span> <span class='ocrx_word' id='word_1_159' title='bbox 1693 2294 1792 2356; x_wconf 81' lang='grc' dir='ltr'>τῆς</span> <span class='ocrx_word' id='word_1_160' title='bbox 1841 2293 2024 2364; x_wconf 74' lang='grc' dir='ltr'>φωνῆς</span> 
     </span>
    </p>
   </div>
   <div class='ocr_carea' id='block_1_23' title="bbox 362 2372 2026 2450">
    <p class='ocr_par' dir='ltr' id='par_1_23' title="bbox 362 2372 2026 2450">
     <span class='ocr_line' id='line_1_23' title="bbox 362 2372 2026 2450; baseline 0.002 -24"><span class='ocrx_word' id='word_1_161' title='bbox 362 2377 590 2442; x_wconf 82' lang='grc' dir='ltr'>σιωπᾷν,</span> <span class='ocrx_word' id='word_1_162' title='bbox 646 2372 846 2443; x_wconf 82' lang='grc' dir='ltr'>ταύτης</span> <span class='ocrx_word' id='word_1_163' title='bbox 894 2373 1314 2450; x_wconf 84' lang='grc' dir='ltr'><strong>προελθούσης⁵</strong></span> <span class='ocrx_word' id='word_1_164' title='bbox 1369 2373 1496 2430; x_wconf 66' lang='grc' dir='ltr'>ἀλλ⁸</span> <span class='ocrx_word' id='word_1_165' title='bbox 1549 2376 1729 2450; x_wconf 81' lang='grc' dir='ltr'>ὥσπερ</span> <span class='ocrx_word' id='word_1_166' title='bbox 1797 2377 2026 2445; x_wconf 79' lang='grc' dir='ltr'>ἀπιστη-</span> 
     </span>
    </p>
   </div>
   <div class='ocr_carea' id='block_1_24' title="bbox 372 2460 2025 2543">
    <p class='ocr_par' dir='ltr' id='par_1_24' title="bbox 372 2460 2025 2543">
     <span class='ocr_line' id='line_1_24' title="bbox 372 2460 2025 2543; baseline 0.003 -30"><span class='ocrx_word' id='word_1_167' title='bbox 372 2461 523 2514; x_wconf 78' lang='grc' dir='ltr'>θεῖσα</span> <span class='ocrx_word' id='word_1_168' title='bbox 570 2462 670 2529; x_wconf 78' lang='grc' dir='ltr'>τήν</span> <span class='ocrx_word' id='word_1_169' title='bbox 710 2460 959 2537; x_wconf 78' lang='grc' dir='ltr'>γλῶσσαν</span> <span class='ocrx_word' id='word_1_170' title='bbox 1013 2461 1222 2534; x_wconf 80' lang='grc' dir='ltr'>ἔδησεν,</span> <span class='ocrx_word' id='word_1_171' title='bbox 1274 2464 1415 2520; x_wconf 74' lang='grc' dir='ltr'>οὕτω</span> <span class='ocrx_word' id='word_1_172' title='bbox 1447 2467 1812 2543; x_wconf 82' lang='grc' dir='ltr'>φανερωθεῖσα</span> <span class='ocrx_word' id='word_1_173' title='bbox 1843 2462 2025 2520; x_wconf 83' lang='grc' dir='ltr'>δοῦναι</span> 
     </span>
    </p>
   </div>
   <div class='ocr_carea' id='block_1_25' title="bbox 371 2550 2026 2630">
    <p class='ocr_par' dir='ltr' id='par_1_25' title="bbox 371 2550 2026 2630">
     <span class='ocr_line' id='line_1_25' title="bbox 371 2550 2026 2630; baseline 0.003 -28"><span class='ocrx_word' id='word_1_174' title='bbox 371 2553 452 2620; x_wconf 79' lang='grc' dir='ltr'>τῷ</span> <span class='ocrx_word' id='word_1_175' title='bbox 505 2550 669 2624; x_wconf 84' lang='grc' dir='ltr'>πατρὶ</span> <span class='ocrx_word' id='word_1_176' title='bbox 728 2552 827 2619; x_wconf 79' lang='grc' dir='ltr'>τήν</span> <span class='ocrx_word' id='word_1_177' title='bbox 889 2551 1215 2629; x_wconf 82' lang='grc' dir='ltr'>ἐλευθερίαν,</span> <span class='ocrx_word' id='word_1_178' title='bbox 1275 2555 1320 2624; x_wconf 79' lang='grc' dir='ltr'>ᾧ</span> <span class='ocrx_word' id='word_1_179' title='bbox 1365 2554 1454 2607; x_wconf 82' lang='grc' dir='ltr'><strong>καὶ</strong></span> <span class='ocrx_word' id='word_1_180' title='bbox 1505 2553 1888 2630; x_wconf 75' lang='grc' dir='ltr'>εὐηγγελίσθη,</span> <span class='ocrx_word' id='word_1_181' title='bbox 1937 2554 2026 2608; x_wconf 81' lang='grc' dir='ltr'><strong>καὶ</strong></span> 
     </span>
    </p>
   </div>
   <div class='ocr_carea' id='block_1_26' title="bbox 372 2636 2027 2721">
    <p class='ocr_par' dir='ltr' id='par_1_26' title="bbox 372 2636 2027 2721">
     <span class='ocr_line' id='line_1_26' title="bbox 372 2636 2027 2721; baseline 0.004 -30"><span class='ocrx_word' id='word_1_182' title='bbox 372 2636 633 2713; x_wconf 70' lang='grc' dir='ltr'>ἐγεννήθη</span> <span class='ocrx_word' id='word_1_183' title='bbox 694 2643 846 2718; x_wconf 76' lang='grc' dir='ltr'>φωνὴ</span> <span class='ocrx_word' id='word_1_184' title='bbox 905 2641 993 2695; x_wconf 80' lang='grc' dir='ltr'><strong>καὶ</strong></span> <span class='ocrx_word' id='word_1_185' title='bbox 1048 2640 1275 2718; x_wconf 85' lang='grc' dir='ltr'>λύχνος,</span> <span class='ocrx_word' id='word_1_186' title='bbox 1336 2639 1518 2718; x_wconf 79' lang='grc' dir='ltr'>Λόγου</span> <span class='ocrx_word' id='word_1_187' title='bbox 1578 2647 1652 2716; x_wconf 87' lang='lat'><strong>(3)</strong></span> <span class='ocrx_word' id='word_1_188' title='bbox 1713 2643 1802 2698; x_wconf 78' lang='grc' dir='ltr'><strong>καὶ</strong></span> <span class='ocrx_word' id='word_1_189' title='bbox 1848 2644 2027 2721; x_wconf 82' lang='grc' dir='ltr'>φωτὸς</span> 
     </span>
    </p>
   </div>
   <div class='ocr_carea' id='block_1_27' title="bbox 370 2725 2025 2805">
    <p class='ocr_par' dir='ltr' id='par_1_27' title="bbox 370 2725 2025 2805">
     <span class='ocr_line' id='line_1_27' title="bbox 370 2725 2025 2805; baseline 0.003 -24"><span class='ocrx_word' id='word_1_190' title='bbox 370 2725 688 2802; x_wconf 82' lang='grc' dir='ltr'>πρόδρομος</span> <span class='ocrx_word' id='word_1_191' title='bbox 714 2747 727 2760; x_wconf 79' lang='grc'><strong><em>⁸</em></strong></span> <span class='ocrx_word' id='word_1_192' title='bbox 776 2728 900 2801; x_wconf 81' lang='grc' dir='ltr'>ἐμοὶ</span> <span class='ocrx_word' id='word_1_193' title='bbox 956 2728 1014 2785; x_wconf 76' lang='grc' dir='ltr'><strong>δὲ</strong></span> <span class='ocrx_word' id='word_1_194' title='bbox 1062 2730 1178 2786; x_wconf 88' lang='grc' dir='ltr'>λύει</span> <span class='ocrx_word' id='word_1_195' title='bbox 1209 2733 1308 2801; x_wconf 71' lang='grc' dir='ltr'>τήν</span> <span class='ocrx_word' id='word_1_196' title='bbox 1341 2731 1615 2805; x_wconf 79' lang='grc' dir='ltr'>γλῶσσαν,</span> <span class='ocrx_word' id='word_1_197' title='bbox 1649 2731 1738 2787; x_wconf 81' lang='grc' dir='ltr'><strong>καὶ</strong></span> <span class='ocrx_word' id='word_1_198' title='bbox 1771 2732 1901 2805; x_wconf 78' lang='grc' dir='ltr'>ὑψοῖ</span> <span class='ocrx_word' id='word_1_199' title='bbox 1926 2735 2025 2801; x_wconf 78' lang='grc' dir='ltr'>τὴν</span> 
     </span>
    </p>
   </div>
   <div class='ocr_carea' id='block_1_28' title="bbox 372 2817 2028 2897">
    <p class='ocr_par' dir='ltr' id='par_1_28' title="bbox 372 2817 2028 2897">
     <span class='ocr_line' id='line_1_28' title="bbox 372 2817 2028 2897; baseline 0.004 -27"><span class='ocrx_word' id='word_1_200' title='bbox 372 2818 582 2893; x_wconf 74' lang='grc' dir='ltr'>φωνὴν,</span> <span class='ocrx_word' id='word_1_201' title='bbox 628 2818 701 2880; x_wconf 85' lang='grc' dir='ltr'>ὡς</span> <span class='ocrx_word' id='word_1_202' title='bbox 755 2817 1077 2895; x_wconf 82' lang='grc' dir='ltr'>σάλπιγγος,</span> <span class='ocrx_word' id='word_1_203' title='bbox 1125 2824 1158 2890; x_wconf 87' lang='grc' dir='ltr'>ἡ</span> <span class='ocrx_word' id='word_1_204' title='bbox 1210 2826 1455 2897; x_wconf 87' lang='grc' dir='ltr'>παροῦσα</span> <span class='ocrx_word' id='word_1_205' title='bbox 1495 2821 1792 2897; x_wconf 84' lang='grc' dir='ltr'>εὐεργεσία,</span> <span class='ocrx_word' id='word_1_206' title='bbox 1822 2821 1910 2876; x_wconf 79' lang='grc' dir='ltr'><strong>καὶ</strong></span> <span class='ocrx_word' id='word_1_207' title='bbox 1965 2823 2028 2877; x_wconf 87' lang='grc' dir='ltr'>τὸ</span> 
     </span>
    </p>
   </div>
   <div class='ocr_carea' id='block_1_29' title="bbox 370 2903 2030 2986">
    <p class='ocr_par' dir='ltr' id='par_1_29' title="bbox 370 2903 2030 2986">
     <span class='ocr_line' id='line_1_29' title="bbox 370 2903 2030 2986; baseline 0.005 -27"><span class='ocrx_word' id='word_1_208' title='bbox 370 2903 664 2960; x_wconf 86' lang='grc' dir='ltr'>κάλλιστον</span> <span class='ocrx_word' id='word_1_209' title='bbox 696 2912 858 2962; x_wconf 89' lang='grc' dir='ltr'>τοῦτο</span> <span class='ocrx_word' id='word_1_210' title='bbox 892 2907 1136 2983; x_wconf 83' lang='grc' dir='ltr'>θέατρον,</span> <span class='ocrx_word' id='word_1_211' title='bbox 1168 2911 1236 2965; x_wconf 78' lang='grc' dir='ltr'>τὰ</span> <span class='ocrx_word' id='word_1_212' title='bbox 1272 2911 1431 2964; x_wconf 81' lang='grc' dir='ltr'>τέκνα</span> <span class='ocrx_word' id='word_1_213' title='bbox 1459 2910 1554 2965; x_wconf 76' lang='grc' dir='ltr'><strong>τοῦ</strong></span> <span class='ocrx_word' id='word_1_214' title='bbox 1602 2915 1739 2966; x_wconf 88' lang='grc' dir='ltr'>Θεοῦ</span> <span class='ocrx_word' id='word_1_215' title='bbox 1789 2909 2030 2986; x_wconf 84' lang='grc' dir='ltr'>διεσκορ-</span> 
     </span>
    </p>
   </div>
   <div class='ocr_carea' id='block_1_30' title="bbox 371 2995 2030 3072">
    <p class='ocr_par' dir='ltr' id='par_1_30' title="bbox 371 2995 2030 3072">
     <span class='ocr_line' id='line_1_30' title="bbox 371 2995 2030 3072; baseline 0.005 -24"><span class='ocrx_word' id='word_1_216' title='bbox 371 2995 608 3066; x_wconf 86' lang='grc' dir='ltr'>πισμένα</span> <span class='ocrx_word' id='word_1_217' title='bbox 665 2999 763 3069; x_wconf 85' lang='grc'>(4),</span> <span class='ocrx_word' id='word_1_218' title='bbox 823 2997 1128 3072; x_wconf 86' lang='grc' dir='ltr'>συνηγμένα</span> <span class='ocrx_word' id='word_1_219' title='bbox 1184 2999 1259 3061; x_wconf 79' lang='grc' dir='ltr'>εἷς</span> <span class='ocrx_word' id='word_1_220' title='bbox 1307 2996 1387 3067; x_wconf 71' lang='grc' dir='ltr'><strong>ἓν,</strong></span> <span class='ocrx_word' id='word_1_221' title='bbox 1433 3001 1521 3054; x_wconf 81' lang='grc' dir='ltr'><strong>καὶ</strong></span> <span class='ocrx_word' id='word_1_222' title='bbox 1574 3000 1676 3055; x_wconf 87' lang='grc' dir='ltr'>ὑπὸ</span> <span class='ocrx_word' id='word_1_223' title='bbox 1723 3001 1818 3063; x_wconf 78' lang='grc' dir='ltr'>τὰς</span> <span class='ocrx_word' id='word_1_224' title='bbox 1865 3001 2030 3063; x_wconf 81' lang='grc' dir='ltr'>αὐτὰς</span> 
     </span>
    </p>
   </div>
   <div class='ocr_carea' id='block_1_31' title="bbox 372 3080 2029 3162">
    <p class='ocr_par' dir='ltr' id='par_1_31' title="bbox 372 3080 2029 3162">
     <span class='ocr_line' id='line_1_31' title="bbox 372 3080 2029 3162; baseline 0.004 -25"><span class='ocrx_word' id='word_1_225' title='bbox 372 3080 752 3158; x_wconf 84' lang='grc' dir='ltr'>ἀναπαυόμενα</span> <span class='ocrx_word' id='word_1_226' title='bbox 800 3087 1084 3162; x_wconf 74' lang='grc' dir='ltr'>πτέρυγας,</span> <span class='ocrx_word' id='word_1_227' title='bbox 1135 3089 1225 3143; x_wconf 84' lang='grc' dir='ltr'><strong>καὶ</strong></span> <span class='ocrx_word' id='word_1_228' title='bbox 1276 3088 1351 3151; x_wconf 79' lang='grc' dir='ltr'><strong>εἷς</strong></span> <span class='ocrx_word' id='word_1_229' title='bbox 1408 3091 1499 3144; x_wconf 88' lang='grc' dir='ltr'>τὸν</span> <span class='ocrx_word' id='word_1_230' title='bbox 1555 3091 1702 3144; x_wconf 78' lang='grc' dir='ltr'>οἷκον</span> <span class='ocrx_word' id='word_1_231' title='bbox 1750 3095 1847 3145; x_wconf 89' lang='grc' dir='ltr'><strong>τοῦ</strong></span> <span class='ocrx_word' id='word_1_232' title='bbox 1897 3091 2029 3146; x_wconf 87' lang='grc' dir='ltr'>Θεοῦ</span> 
     </span>
    </p>
   </div>
   <div class='ocr_carea' id='block_1_32' title="bbox 368 3174 2034 3256">
    <p class='ocr_par' dir='ltr' id='par_1_32' title="bbox 368 3174 2034 3256">
     <span class='ocr_line' id='line_1_32' title="bbox 368 3174 2034 3256; baseline 0.005 -29"><span class='ocrx_word' id='word_1_233' title='bbox 368 3174 712 3248; x_wconf 84' lang='grc' dir='ltr'>πορευόμενα</span> <span class='ocrx_word' id='word_1_234' title='bbox 743 3174 794 3229; x_wconf 83' lang='grc' dir='ltr'><strong>ἐν</strong></span> <span class='ocrx_word' id='word_1_235' title='bbox 829 3176 1074 3248; x_wconf 82' lang='grc' dir='ltr'>ὁμονοίᾳ,</span> <span class='ocrx_word' id='word_1_236' title='bbox 1108 3176 1197 3232; x_wconf 76' lang='grc' dir='ltr'>καί</span> <span class='ocrx_word' id='word_1_237' title='bbox 1231 3177 1356 3251; x_wconf 90' lang='grc' dir='ltr'>μίαν</span> <span class='ocrx_word' id='word_1_238' title='bbox 1399 3178 1663 3256; x_wconf 83' lang='grc' dir='ltr'>ἁρμονίαν</span> <span class='ocrx_word' id='word_1_239' title='bbox 1711 3182 2034 3254; x_wconf 76' lang='grc' dir='ltr'>ἡρμοσμένα</span> 
     </span>
    </p>
   </div>
   <div class='ocr_carea' id='block_1_33' title="bbox 365 3264 2030 3346">
    <p class='ocr_par' dir='ltr' id='par_1_33' title="bbox 365 3264 2030 3346">
     <span class='ocr_line' id='line_1_33' title="bbox 365 3264 2030 3346; baseline 0.005 -30"><span class='ocrx_word' id='word_1_240' title='bbox 365 3264 465 3331; x_wconf 76' lang='grc' dir='ltr'><strong>την</strong></span> <span class='ocrx_word' id='word_1_241' title='bbox 496 3267 592 3317; x_wconf 87' lang='grc' dir='ltr'><strong>τοῦ</strong></span> <span class='ocrx_word' id='word_1_242' title='bbox 623 3269 796 3318; x_wconf 80' lang='grc' dir='ltr'>καλοῦ</span> <span class='ocrx_word' id='word_1_243' title='bbox 827 3265 916 3319; x_wconf 76' lang='grc' dir='ltr'><strong>καὶ</strong></span> <span class='ocrx_word' id='word_1_244' title='bbox 948 3270 1044 3320; x_wconf 91' lang='grc' dir='ltr'><strong>τοῦ</strong></span> <span class='ocrx_word' id='word_1_245' title='bbox 1076 3266 1385 3341; x_wconf 81' lang='grc' dir='ltr'>Πνεύματος</span> <span class='ocrx_word' id='word_1_246' title='bbox 1411 3287 1427 3299; x_wconf 92' lang='grc'><strong>·</strong></span> <span class='ocrx_word' id='word_1_247' title='bbox 1460 3267 1548 3322; x_wconf 79' lang='grc' dir='ltr'>ὅτε</span> <span class='ocrx_word' id='word_1_248' title='bbox 1598 3267 1696 3324; x_wconf 83' lang='grc' dir='ltr'><strong>ούκ</strong></span> <span class='ocrx_word' id='word_1_249' title='bbox 1744 3267 1820 3323; x_wconf 77' lang='grc' dir='ltr'>ἔτι</span> <span class='ocrx_word' id='word_1_250' title='bbox 1871 3269 2030 3346; x_wconf 75' lang='grc' dir='ltr'>φέρο-</span> 
     </span>
    </p>
   </div>
   <div class='ocr_carea' id='block_1_34' title="bbox 2124 665 3776 738">
    <p class='ocr_par' dir='ltr' id='par_1_34' title="bbox 2124 665 3776 738">
     <span class='ocr_line' id='line_1_34' title="bbox 2124 665 3776 738; baseline -0.006 -8"><span class='ocrx_word' id='word_1_251' title='bbox 2124 675 2329 738; x_wconf 84' lang='lat' dir='ltr'><strong>fertur,</strong></span> <span class='ocrx_word' id='word_1_252' title='bbox 2365 673 2686 736; x_wconf 90' lang='lat' dir='ltr'><strong>curram,et</strong></span> <span class='ocrx_word' id='word_1_253' title='bbox 2714 666 2930 722; x_wconf 80' lang='lat' dir='ltr'><strong>labenti</strong></span> <span class='ocrx_word' id='word_1_254' title='bbox 2968 682 3210 721; x_wconf 86' lang='lat' dir='ltr'><strong>manum</strong></span> <span class='ocrx_word' id='word_1_255' title='bbox 3236 665 3615 737; x_wconf 86' lang='lat' dir='ltr'><strong>porrigam,et</strong></span> <span class='ocrx_word' id='word_1_256' title='bbox 3644 683 3776 720; x_wconf 87' lang='lat' dir='ltr'><strong>cum</strong></span> 
     </span>
    </p>
   </div>
   <div class='ocr_carea' id='block_1_35' title="bbox 2124 753 3781 822">
    <p class='ocr_par' dir='ltr' id='par_1_35' title="bbox 2124 753 3781 822">
     <span class='ocr_line' id='line_1_35' title="bbox 2124 753 3781 822; baseline -0.006 -4"><span class='ocrx_word' id='word_1_257' title='bbox 2124 764 2359 818; x_wconf 83' lang='lat' dir='ltr'><strong>inﬁrmo</strong></span> <span class='ocrx_word' id='word_1_258' title='bbox 2391 760 2735 815; x_wconf 81' lang='lat' dir='ltr'><strong>infirmitate</strong></span> <span class='ocrx_word' id='word_1_259' title='bbox 2765 757 3008 822; x_wconf 81' lang='lat' dir='ltr'><strong>afficiar,</strong></span> <span class='ocrx_word' id='word_1_260' title='bbox 3033 759 3090 811; x_wconf 89' lang='lat' dir='ltr'><strong>et</strong></span> <span class='ocrx_word' id='word_1_261' title='bbox 3121 771 3254 809; x_wconf 92' lang='lat' dir='ltr'><strong>cum</strong></span> <span class='ocrx_word' id='word_1_262' title='bbox 3280 754 3448 808; x_wconf 86' lang='lat' dir='ltr'><strong>ﬁrmo</strong></span> <span class='ocrx_word' id='word_1_263' title='bbox 3480 759 3536 809; x_wconf 87' lang='lat' dir='ltr'><strong>et</strong></span> <span class='ocrx_word' id='word_1_264' title='bbox 3556 753 3781 808; x_wconf 86' lang='lat' dir='ltr'><strong>valente</strong></span> 
     </span>
    </p>
   </div>
   <div class='ocr_carea' id='block_1_36' title="bbox 2125 841 3784 925">
    <p class='ocr_par' dir='ltr' id='par_1_36' title="bbox 2125 841 3784 925">
     <span class='ocr_line' id='line_1_36' title="bbox 2125 841 3784 925; baseline -0.007 -18"><span class='ocrx_word' id='word_1_265' title='bbox 2125 852 2437 925; x_wconf 83' lang='lat' dir='ltr'><strong>gaudeam,</strong></span> <span class='ocrx_word' id='word_1_266' title='bbox 2466 848 2802 920; x_wconf 82' lang='lat' dir='ltr'><strong>persuadet.</strong></span> <span class='ocrx_word' id='word_1_267' title='bbox 2835 846 2980 901; x_wconf 88' lang='lat' dir='ltr'><strong>Cum</strong></span> <span class='ocrx_word' id='word_1_268' title='bbox 3017 847 3122 900; x_wconf 86' lang='lat' dir='ltr'><strong>hoc</strong></span> <span class='ocrx_word' id='word_1_269' title='bbox 3145 843 3299 898; x_wconf 89' lang='lat' dir='ltr'><strong>idem</strong></span> <span class='ocrx_word' id='word_1_270' title='bbox 3331 843 3478 897; x_wconf 88' lang='lat' dir='ltr'><strong>mihi</strong></span> <span class='ocrx_word' id='word_1_271' title='bbox 3510 841 3698 913; x_wconf 87' lang='lat' dir='ltr'><strong>patria</strong></span> <span class='ocrx_word' id='word_1_272' title='bbox 3726 850 3784 898; x_wconf 88' lang='lat' dir='ltr'><strong>et</strong></span> 
     </span>
    </p>
   </div>
   <div class='ocr_carea' id='block_1_37' title="bbox 2127 930 3785 1010">
    <p class='ocr_par' dir='ltr' id='par_1_37' title="bbox 2127 930 3785 1010">
     <span class='ocr_line' id='line_1_37' title="bbox 2127 930 3785 1010; baseline -0.008 -12"><span class='ocrx_word' id='word_1_273' title='bbox 2127 947 2366 998; x_wconf 84' lang='lat' dir='ltr'><strong>externa</strong></span> <span class='ocrx_word' id='word_1_274' title='bbox 2396 938 2555 1010; x_wconf 84' lang='lat' dir='ltr'><strong>regio</strong></span> <span class='ocrx_word' id='word_1_275' title='bbox 2606 942 2712 1003; x_wconf 89' lang='lat' dir='ltr'><strong>est,</strong></span> <span class='ocrx_word' id='word_1_276' title='bbox 2750 953 2814 991; x_wconf 89' lang='lat' dir='ltr'><strong>ac</strong></span> <span class='ocrx_word' id='word_1_277' title='bbox 2845 936 3106 990; x_wconf 89' lang='lat' dir='ltr'><strong>locorum</strong></span> <span class='ocrx_word' id='word_1_278' title='bbox 3159 933 3432 1002; x_wconf 83' lang='lat' dir='ltr'><strong>mutatio,</strong></span> <span class='ocrx_word' id='word_1_279' title='bbox 3465 930 3785 986; x_wconf 88' lang='lat' dir='ltr'><strong>alienorum</strong></span> 
     </span>
    </p>
   </div>
   <div class='ocr_carea' id='block_1_38' title="bbox 2129 1020 3790 1102">
    <p class='ocr_par' dir='ltr' id='par_1_38' title="bbox 2129 1020 3790 1102">
     <span class='ocr_line' id='line_1_38' title="bbox 2129 1020 3790 1102; baseline -0.005 -16"><span class='ocrx_word' id='word_1_280' title='bbox 2129 1047 2312 1102; x_wconf 82' lang='lat' dir='ltr'><strong>aeque,</strong></span> <span class='ocrx_word' id='word_1_281' title='bbox 2346 1044 2462 1085; x_wconf 92' lang='lat' dir='ltr'><strong>non</strong></span> <span class='ocrx_word' id='word_1_282' title='bbox 2496 1032 2693 1082; x_wconf 87' lang='lat' dir='ltr'><strong>autem</strong></span> <span class='ocrx_word' id='word_1_283' title='bbox 2726 1040 3013 1080; x_wconf 90' lang='lat' dir='ltr'><strong>meorum.</strong></span> <span class='ocrx_word' id='word_1_284' title='bbox 3048 1023 3150 1079; x_wconf 88' lang='lat' dir='ltr'><strong>Hic</strong></span> <span class='ocrx_word' id='word_1_285' title='bbox 3206 1021 3352 1077; x_wconf 89' lang='lat' dir='ltr'><strong>mihi</strong></span> <span class='ocrx_word' id='word_1_286' title='bbox 3386 1020 3639 1075; x_wconf 89' lang='lat' dir='ltr'><strong>mundos</strong></span> <span class='ocrx_word' id='word_1_287' title='bbox 3671 1020 3790 1077; x_wconf 85' lang='lat' dir='ltr'><strong>dis-</strong></span> 
     </span>
    </p>
   </div>
   <div class='ocr_carea' id='block_1_39' title="bbox 2128 1110 3788 1191">
    <p class='ocr_par' dir='ltr' id='par_1_39' title="bbox 2128 1110 3788 1191">
     <span class='ocr_line' id='line_1_39' title="bbox 2128 1110 3788 1191; baseline -0.007 -17"><span class='ocrx_word' id='word_1_288' title='bbox 2128 1120 2366 1191; x_wconf 84' lang='lat' dir='ltr'><strong>tinguit,</strong></span> <span class='ocrx_word' id='word_1_289' title='bbox 2400 1123 2573 1190; x_wconf 90' lang='lat' dir='ltr'><strong>atque</strong></span> <span class='ocrx_word' id='word_1_290' title='bbox 2605 1117 2675 1171; x_wconf 91' lang='lat' dir='ltr'><strong>ab</strong></span> <span class='ocrx_word' id='word_1_291' title='bbox 2710 1115 2890 1170; x_wconf 89' lang='lat' dir='ltr'><strong>altero</strong></span> <span class='ocrx_word' id='word_1_292' title='bbox 2922 1114 3242 1169; x_wconf 90' lang='lat' dir='ltr'><strong>abductum</strong></span> <span class='ocrx_word' id='word_1_293' title='bbox 3297 1110 3462 1168; x_wconf 84' lang='lat' dir='ltr'><strong>alteri</strong></span> <span class='ocrx_word' id='word_1_294' title='bbox 3492 1110 3788 1182; x_wconf 86' lang='lat' dir='ltr'><strong>adjungit.</strong></span> 
     </span>
    </p>
   </div>
   <div class='ocr_carea' id='block_1_40' title="bbox 2129 1197 3794 1280">
    <p class='ocr_par' dir='ltr' id='par_1_40' title="bbox 2129 1197 3794 1280">
     <span class='ocr_line' id='line_1_40' title="bbox 2129 1197 3794 1280; baseline -0.008 -14"><span class='ocrx_word' id='word_1_295' title='bbox 2129 1209 2233 1266; x_wconf 86' lang='lat' dir='ltr'><strong>Hic</strong></span> <span class='ocrx_word' id='word_1_296' title='bbox 2265 1225 2357 1264; x_wconf 89' lang='lat' dir='ltr'><strong>me</strong></span> <span class='ocrx_word' id='word_1_297' title='bbox 2382 1212 2440 1264; x_wconf 89' lang='lat' dir='ltr'><strong>et</strong></span> <span class='ocrx_word' id='word_1_298' title='bbox 2476 1224 2580 1280; x_wconf 91' lang='lat' dir='ltr'><strong>per</strong></span> <span class='ocrx_word' id='word_1_299' title='bbox 2623 1206 2825 1261; x_wconf 85' lang='lat' dir='ltr'><strong>dextra</strong></span> <span class='ocrx_word' id='word_1_300' title='bbox 2881 1203 3129 1276; x_wconf 72' lang='lat' dir='ltr'><strong>justitize</strong></span> <span class='ocrx_word' id='word_1_301' title='bbox 3186 1219 3351 1258; x_wconf 90' lang='lat' dir='ltr'><strong>arma</strong></span> <span class='ocrx_word' id='word_1_302' title='bbox 3378 1202 3422 1238; x_wconf 73' lang='grc'><strong>³⁸</strong></span> <span class='ocrx_word' id='word_1_303' title='bbox 3452 1200 3655 1272; x_wconf 81' lang='lat' dir='ltr'><strong>dirigit</strong></span> <span class='ocrx_word' id='word_1_304' title='bbox 3682 1197 3794 1254; x_wconf 92' lang='lat' dir='ltr'><strong>mi-</strong></span> 
     </span>
    </p>
   </div>
   <div class='ocr_carea' id='block_1_41' title="bbox 2132 1289 3794 1362">
    <p class='ocr_par' dir='ltr' id='par_1_41' title="bbox 2132 1289 3794 1362">
     <span class='ocr_line' id='line_1_41' title="bbox 2132 1289 3794 1362; baseline -0.006 -8"><span class='ocrx_word' id='word_1_305' title='bbox 2132 1300 2290 1354; x_wconf 88' lang='lat' dir='ltr'><strong>nime</strong></span> <span class='ocrx_word' id='word_1_306' title='bbox 2322 1313 2413 1353; x_wconf 90' lang='lat' dir='ltr'><strong>me</strong></span> <span class='ocrx_word' id='word_1_307' title='bbox 2445 1297 2776 1353; x_wconf 75' lang='lat' dir='ltr'>efferentem</span> <span class='ocrx_word' id='word_1_308' title='bbox 2805 1310 2818 1359; x_wconf 91' lang='lat'><strong>;</strong></span> <span class='ocrx_word' id='word_1_309' title='bbox 2850 1297 2908 1348; x_wconf 87' lang='lat' dir='ltr'><strong>et</strong></span> <span class='ocrx_word' id='word_1_310' title='bbox 2939 1294 2998 1347; x_wconf 92' lang='lat' dir='ltr'><strong>in</strong></span> <span class='ocrx_word' id='word_1_311' title='bbox 3045 1291 3301 1348; x_wconf 85' lang='lat' dir='ltr'><strong>sinistris</strong></span> <span class='ocrx_word' id='word_1_312' title='bbox 3328 1297 3385 1347; x_wconf 88' lang='lat' dir='ltr'><strong>et</strong></span> <span class='ocrx_word' id='word_1_313' title='bbox 3432 1289 3655 1362; x_wconf 81' lang='lat' dir='ltr'><strong>asperis</strong></span> <span class='ocrx_word' id='word_1_314' title='bbox 3699 1305 3794 1345; x_wconf 88' lang='lat' dir='ltr'><strong>re-</strong></span> 
     </span>
    </p>
   </div>
   <div class='ocr_carea' id='block_1_42' title="bbox 2132 1379 3792 1457">
    <p class='ocr_par' dir='ltr' id='par_1_42' title="bbox 2132 1379 3792 1457">
     <span class='ocr_line' id='line_1_42' title="bbox 2132 1379 3792 1457; baseline -0.007 -12"><span class='ocrx_word' id='word_1_315' title='bbox 2132 1391 2245 1446; x_wconf 90' lang='lat' dir='ltr'><strong>bus</strong></span> <span class='ocrx_word' id='word_1_316' title='bbox 2277 1404 2507 1443; x_wconf 89' lang='lat' dir='ltr'><strong>mecum</strong></span> <span class='ocrx_word' id='word_1_317' title='bbox 2541 1384 3008 1457; x_wconf 86' lang='lat' dir='ltr'><strong>philosophatur,</strong></span> <span class='ocrx_word' id='word_1_318' title='bbox 3042 1399 3207 1453; x_wconf 92' lang='lat' dir='ltr'><strong>spem</strong></span> <span class='ocrx_word' id='word_1_319' title='bbox 3236 1399 3359 1453; x_wconf 72' lang='lat' dir='ltr'><strong>quae</strong></span> <span class='ocrx_word' id='word_1_320' title='bbox 3392 1397 3509 1437; x_wconf 91' lang='lat' dir='ltr'><strong>non</strong></span> <span class='ocrx_word' id='word_1_321' title='bbox 3539 1379 3792 1435; x_wconf 86' lang='lat' dir='ltr'><strong>confun—</strong></span> 
     </span>
    </p>
   </div>
   <div class='ocr_carea' id='block_1_43' title="bbox 2133 1467 3785 1545">
    <p class='ocr_par' dir='ltr' id='par_1_43' title="bbox 2133 1467 3785 1545">
     <span class='ocr_line' id='line_1_43' title="bbox 2133 1467 3785 1545; baseline -0.007 -11"><span class='ocrx_word' id='word_1_322' title='bbox 2133 1479 2219 1534; x_wconf 91' lang='lat' dir='ltr'><strong>dit</strong></span> <span class='ocrx_word' id='word_1_323' title='bbox 2248 1480 2313 1544; x_wconf 80' lang='grc'><strong>³⁷,</strong></span> <span class='ocrx_word' id='word_1_324' title='bbox 2349 1477 2686 1542; x_wconf 80' lang='lat' dir='ltr'><strong>adnectens,</strong></span> <span class='ocrx_word' id='word_1_325' title='bbox 2719 1489 2786 1528; x_wconf 90' lang='lat' dir='ltr'><strong>ac</strong></span> <span class='ocrx_word' id='word_1_326' title='bbox 2817 1488 3073 1545; x_wconf 62' lang='lat' dir='ltr'><strong>praesens</strong></span> <span class='ocrx_word' id='word_1_327' title='bbox 3115 1486 3218 1542; x_wconf 91' lang='lat' dir='ltr'><strong>per</strong></span> <span class='ocrx_word' id='word_1_328' title='bbox 3258 1471 3524 1525; x_wconf 82' lang='lat' dir='ltr'><strong>futurum</strong></span> <span class='ocrx_word' id='word_1_329' title='bbox 3563 1467 3785 1524; x_wconf 87' lang='lat' dir='ltr'><strong>levans.</strong></span> 
     </span>
    </p>
   </div>
   <div class='ocr_carea' id='block_1_44' title="bbox 2133 1557 3784 1629">
    <p class='ocr_par' dir='ltr' id='par_1_44' title="bbox 2133 1557 3784 1629">
     <span class='ocr_line' id='line_1_44' title="bbox 2133 1557 3784 1629; baseline -0.007 -5"><span class='ocrx_word' id='word_1_330' title='bbox 2133 1568 2252 1624; x_wconf 93' lang='lat' dir='ltr'><strong>Hoc</strong></span> <span class='ocrx_word' id='word_1_331' title='bbox 2282 1583 2438 1622; x_wconf 92' lang='lat' dir='ltr'><strong>nunc</strong></span> <span class='ocrx_word' id='word_1_332' title='bbox 2469 1565 2643 1621; x_wconf 90' lang='lat' dir='ltr'><strong>etiam</strong></span> <span class='ocrx_word' id='word_1_333' title='bbox 2675 1563 2897 1618; x_wconf 90' lang='lat' dir='ltr'><strong>amicos</strong></span> <span class='ocrx_word' id='word_1_334' title='bbox 2929 1577 3090 1617; x_wconf 90' lang='lat' dir='ltr'><strong>meos</strong></span> <span class='ocrx_word' id='word_1_335' title='bbox 3116 1564 3174 1615; x_wconf 91' lang='lat' dir='ltr'><strong>et</strong></span> <span class='ocrx_word' id='word_1_336' title='bbox 3203 1560 3410 1615; x_wconf 84' lang='lat' dir='ltr'><strong>fratres</strong></span> <span class='ocrx_word' id='word_1_337' title='bbox 3441 1557 3684 1629; x_wconf 86' lang='lat' dir='ltr'><strong>excipio,</strong></span> <span class='ocrx_word' id='word_1_338' title='bbox 3718 1573 3784 1612; x_wconf 89' lang='lat' dir='ltr'><strong>ac</strong></span> 
     </span>
    </p>
   </div>
   <div class='ocr_carea' id='block_1_45' title="bbox 2134 1647 3785 1724">
    <p class='ocr_par' dir='ltr' id='par_1_45' title="bbox 2134 1647 3785 1724">
     <span class='ocr_line' id='line_1_45' title="bbox 2134 1647 3785 1724; baseline -0.006 -10"><span class='ocrx_word' id='word_1_339' title='bbox 2134 1657 2479 1714; x_wconf 84' lang='lat' dir='ltr'><strong>rationalem</strong></span> <span class='ocrx_word' id='word_1_340' title='bbox 2531 1669 2798 1710; x_wconf 86' lang='lat' dir='ltr'><strong>mensam</strong></span> <span class='ocrx_word' id='word_1_341' title='bbox 2848 1667 3109 1724; x_wconf 90' lang='lat' dir='ltr'><strong>propono</strong></span> <span class='ocrx_word' id='word_1_342' title='bbox 3157 1651 3202 1685; x_wconf 80' lang='grc'><strong>³⁸</strong></span> <span class='ocrx_word' id='word_1_343' title='bbox 3229 1693 3242 1717; x_wconf 90' lang='grc'>,</span> <span class='ocrx_word' id='word_1_344' title='bbox 3271 1653 3329 1706; x_wconf 89' lang='lat' dir='ltr'><strong>et</strong></span> <span class='ocrx_word' id='word_1_345' title='bbox 3367 1647 3670 1720; x_wconf 86' lang='lat' dir='ltr'><strong>spirituale</strong></span> <span class='ocrx_word' id='word_1_346' title='bbox 3717 1663 3785 1704; x_wconf 89' lang='lat' dir='ltr'><strong>ac</strong></span> 
     </span>
    </p>
   </div>
   <div class='ocr_carea' id='block_1_46' title="bbox 2137 1737 3786 1820">
    <p class='ocr_par' dir='ltr' id='par_1_46' title="bbox 2137 1737 3786 1820">
     <span class='ocr_line' id='line_1_46' title="bbox 2137 1737 3786 1820; baseline -0.008 -16"><span class='ocrx_word' id='word_1_347' title='bbox 2137 1764 2390 1820; x_wconf 89' lang='lat' dir='ltr'><strong>perenne</strong></span> <span class='ocrx_word' id='word_1_348' title='bbox 2417 1744 2692 1818; x_wconf 89' lang='lat' dir='ltr'><strong>poculum</strong></span> <span class='ocrx_word' id='word_1_349' title='bbox 2744 1746 2941 1798; x_wconf 87' lang='lat' dir='ltr'><strong>statuo</strong></span> <span class='ocrx_word' id='word_1_350' title='bbox 2976 1757 3136 1808; x_wconf 91' lang='lat' dir='ltr'><strong>;non</strong></span> <span class='ocrx_word' id='word_1_351' title='bbox 3184 1756 3252 1796; x_wconf 90' lang='lat' dir='ltr'><strong>ea</strong></span> <span class='ocrx_word' id='word_1_352' title='bbox 3290 1737 3507 1810; x_wconf 88' lang='lat' dir='ltr'><strong>quibus</strong></span> <span class='ocrx_word' id='word_1_353' title='bbox 3552 1741 3786 1792; x_wconf 87' lang='lat' dir='ltr'><strong>terrena</strong></span> 
     </span>
    </p>
   </div>
   <div class='ocr_carea' id='block_1_47' title="bbox 2135 1825 3788 1905">
    <p class='ocr_par' dir='ltr' id='par_1_47' title="bbox 2135 1825 3788 1905">
     <span class='ocr_line' id='line_1_47' title="bbox 2135 1825 3788 1905; baseline -0.009 -11"><span class='ocrx_word' id='word_1_354' title='bbox 2135 1839 2255 1894; x_wconf 70' lang='lat' dir='ltr'><strong>haec</strong></span> <span class='ocrx_word' id='word_1_355' title='bbox 2287 1852 2492 1893; x_wconf 85' lang='lat' dir='ltr'><strong>mensa</strong></span> <span class='ocrx_word' id='word_1_356' title='bbox 2514 1833 2722 1902; x_wconf 84' lang='lat' dir='ltr'><strong>ventri,</strong></span> <span class='ocrx_word' id='word_1_357' title='bbox 2756 1831 2856 1905; x_wconf 89' lang='lat' dir='ltr'><strong>qui</strong></span> <span class='ocrx_word' id='word_1_358' title='bbox 2887 1830 3211 1888; x_wconf 85' lang='lat' dir='ltr'><strong>destruitur</strong></span> <span class='ocrx_word' id='word_1_359' title='bbox 3239 1830 3303 1897; x_wconf 74' lang='lat'><strong>3°,</strong></span> <span class='ocrx_word' id='word_1_360' title='bbox 3329 1844 3434 1885; x_wconf 90' lang='lat' dir='ltr'><strong>nec</strong></span> <span class='ocrx_word' id='word_1_361' title='bbox 3464 1825 3656 1884; x_wconf 89' lang='lat' dir='ltr'><strong>curari</strong></span> <span class='ocrx_word' id='word_1_362' title='bbox 3687 1842 3788 1898; x_wconf 93' lang='lat' dir='ltr'><strong>po-</strong></span> 
     </span>
    </p>
   </div>
   <div class='ocr_carea' id='block_1_48' title="bbox 2133 1924 2628 1998">
    <p class='ocr_par' dir='ltr' id='par_1_48' title="bbox 2133 1924 2628 1998">
     <span class='ocr_line' id='line_1_48' title="bbox 2133 1924 2628 1998; baseline -0.006 -16"><span class='ocrx_word' id='word_1_363' title='bbox 2133 1931 2270 1998; x_wconf 89' lang='lat' dir='ltr'><strong>test,</strong></span> <span class='ocrx_word' id='word_1_364' title='bbox 2304 1924 2628 1982; x_wconf 87' lang='lat' dir='ltr'><strong>blanditur.</strong></span> 
     </span>
    </p>
   </div>
   <div class='ocr_carea' id='block_1_49' title="bbox 2202 2005 3790 2084">
    <p class='ocr_par' dir='ltr' id='par_1_49' title="bbox 2202 2005 3790 2084">
     <span class='ocr_line' id='line_1_49' title="bbox 2202 2005 3790 2084; baseline -0.008 -12"><span class='ocrx_word' id='word_1_365' title='bbox 2202 2018 2324 2072; x_wconf 87' lang='lat' dir='ltr'><strong>VII.</strong></span> <span class='ocrx_word' id='word_1_366' title='bbox 2351 2015 2551 2083; x_wconf 87' lang='lat' dir='ltr'><strong>Tacui,</strong></span> <span class='ocrx_word' id='word_1_367' title='bbox 2582 2030 2722 2070; x_wconf 92' lang='lat' dir='ltr'><strong>num</strong></span> <span class='ocrx_word' id='word_1_368' title='bbox 2757 2013 2935 2069; x_wconf 89' lang='lat' dir='ltr'><strong>etiam</strong></span> <span class='ocrx_word' id='word_1_369' title='bbox 2967 2027 3199 2084; x_wconf 85' lang='lat' dir='ltr'><strong>semper</strong></span> <span class='ocrx_word' id='word_1_370' title='bbox 3239 2010 3443 2067; x_wconf 81' lang='lat' dir='ltr'><strong>tacebo</strong></span> <span class='ocrx_word' id='word_1_371' title='bbox 3478 2005 3790 2064; x_wconf 75' lang='lat' dir='ltr'><strong>PSustinui</strong></span> 
     </span>
    </p>
   </div>
   <div class='ocr_carea' id='block_1_50' title="bbox 2133 2097 3786 2178">
    <p class='ocr_par' dir='ltr' id='par_1_50' title="bbox 2133 2097 3786 2178">
     <span class='ocr_line' id='line_1_50' title="bbox 2133 2097 3786 2178; baseline -0.008 -15"><span class='ocrx_word' id='word_1_372' title='bbox 2133 2108 2288 2163; x_wconf 89' lang='lat' dir='ltr'><strong>sicut</strong></span> <span class='ocrx_word' id='word_1_373' title='bbox 2318 2106 2553 2178; x_wconf 88' lang='lat' dir='ltr'><strong>pariens</strong></span> <span class='ocrx_word' id='word_1_374' title='bbox 2575 2105 2638 2174; x_wconf 70' lang='lat'><strong>‘0,</strong></span> <span class='ocrx_word' id='word_1_375' title='bbox 2665 2120 2808 2159; x_wconf 92' lang='lat' dir='ltr'><strong>num</strong></span> <span class='ocrx_word' id='word_1_376' title='bbox 2832 2103 2891 2157; x_wconf 93' lang='lat' dir='ltr'><strong>in</strong></span> <span class='ocrx_word' id='word_1_377' title='bbox 2916 2106 3259 2173; x_wconf 90' lang='lat' dir='ltr'><strong>perpetuum</strong></span> <span class='ocrx_word' id='word_1_378' title='bbox 3284 2098 3588 2156; x_wconf 87' lang='lat' dir='ltr'><strong>sustinebo</strong></span> <span class='ocrx_word' id='word_1_379' title='bbox 3607 2097 3634 2151; x_wconf 82' lang='lat'><strong>‘?</strong></span> <span class='ocrx_word' id='word_1_380' title='bbox 3657 2097 3786 2151; x_wconf 88' lang='lat' dir='ltr'><strong>Ete-</strong></span> 
     </span>
    </p>
   </div>
   <div class='ocr_carea' id='block_1_51' title="bbox 2135 2186 3783 2264">
    <p class='ocr_par' dir='ltr' id='par_1_51' title="bbox 2135 2186 3783 2264">
     <span class='ocr_line' id='line_1_51' title="bbox 2135 2186 3783 2264; baseline -0.008 -12"><span class='ocrx_word' id='word_1_381' title='bbox 2135 2197 2255 2252; x_wconf 90' lang='lat' dir='ltr'><strong>nim</strong></span> <span class='ocrx_word' id='word_1_382' title='bbox 2288 2195 2575 2251; x_wconf 79' lang='lat' dir='ltr'><strong>Zachariae</strong></span> <span class='ocrx_word' id='word_1_383' title='bbox 2628 2194 2866 2264; x_wconf 86' lang='lat' dir='ltr'><strong>quidem</strong></span> <span class='ocrx_word' id='word_1_384' title='bbox 2908 2191 3205 2248; x_wconf 91' lang='lat' dir='ltr'><strong>silentium</strong></span> <span class='ocrx_word' id='word_1_385' title='bbox 3253 2190 3447 2245; x_wconf 82' lang='lat' dir='ltr'><strong>editus</strong></span> <span class='ocrx_word' id='word_1_386' title='bbox 3492 2187 3552 2242; x_wconf 93' lang='lat' dir='ltr'><strong>in</strong></span> <span class='ocrx_word' id='word_1_387' title='bbox 3593 2186 3783 2241; x_wconf 89' lang='lat' dir='ltr'><strong>lucem</strong></span> 
     </span>
    </p>
   </div>
   <div class='ocr_carea' id='block_1_52' title="bbox 2133 2277 3786 2352">
    <p class='ocr_par' dir='ltr' id='par_1_52' title="bbox 2133 2277 3786 2352">
     <span class='ocr_line' id='line_1_52' title="bbox 2133 2277 3786 2352; baseline -0.008 -10"><span class='ocrx_word' id='word_1_388' title='bbox 2133 2287 2390 2344; x_wconf 89' lang='lat' dir='ltr'><strong>Joannes</strong></span> <span class='ocrx_word' id='word_1_389' title='bbox 2421 2286 2595 2342; x_wconf 90' lang='lat' dir='ltr'><strong>solvit</strong></span> <span class='ocrx_word' id='word_1_390' title='bbox 2614 2285 2680 2350; x_wconf 70' lang='lat'><strong>‘1,</strong></span> <span class='ocrx_word' id='word_1_391' title='bbox 2715 2300 2820 2339; x_wconf 91' lang='lat' dir='ltr'><strong>nec</strong></span> <span class='ocrx_word' id='word_1_392' title='bbox 2848 2283 3004 2338; x_wconf 89' lang='lat' dir='ltr'><strong>enim</strong></span> <span class='ocrx_word' id='word_1_393' title='bbox 3037 2281 3206 2336; x_wconf 90' lang='lat' dir='ltr'><strong>Vocis</strong></span> <span class='ocrx_word' id='word_1_394' title='bbox 3238 2283 3486 2352; x_wconf 86' lang='lat' dir='ltr'><strong>patrem,</strong></span> <span class='ocrx_word' id='word_1_395' title='bbox 3520 2293 3588 2333; x_wconf 89' lang='lat' dir='ltr'><strong>ea</strong></span> <span class='ocrx_word' id='word_1_396' title='bbox 3609 2277 3786 2348; x_wconf 89' lang='lat' dir='ltr'><strong>prod-</strong></span> 
     </span>
    </p>
   </div>
   <div class='ocr_carea' id='block_1_53' title="bbox 2137 2365 3791 2443">
    <p class='ocr_par' dir='ltr' id='par_1_53' title="bbox 2137 2365 3791 2443">
     <span class='ocr_line' id='line_1_53' title="bbox 2137 2365 3791 2443; baseline -0.008 -9"><span class='ocrx_word' id='word_1_397' title='bbox 2137 2382 2334 2443; x_wconf 86' lang='lat' dir='ltr'><strong>eunte,</strong></span> <span class='ocrx_word' id='word_1_398' title='bbox 2376 2375 2547 2431; x_wconf 86' lang='lat' dir='ltr'><strong>silere</strong></span> <span class='ocrx_word' id='word_1_399' title='bbox 2592 2373 3009 2439; x_wconf 87' lang='lat' dir='ltr'><strong>conveniebat;</strong></span> <span class='ocrx_word' id='word_1_400' title='bbox 3041 2387 3241 2426; x_wconf 87' lang='lat' dir='ltr'><strong>verum</strong></span> <span class='ocrx_word' id='word_1_401' title='bbox 3291 2374 3357 2424; x_wconf 86' lang='lat' dir='ltr'><strong>ut</strong></span> <span class='ocrx_word' id='word_1_402' title='bbox 3403 2384 3520 2423; x_wconf 90' lang='lat' dir='ltr'><strong>non</strong></span> <span class='ocrx_word' id='word_1_403' title='bbox 3570 2365 3791 2421; x_wconf 66' lang='lat' dir='ltr'><strong>credita</strong></span> 
     </span>
    </p>
   </div>
   <div class='ocr_carea' id='block_1_54' title="bbox 2135 2454 3786 2539">
    <p class='ocr_par' dir='ltr' id='par_1_54' title="bbox 2135 2454 3786 2539">
     <span class='ocr_line' id='line_1_54' title="bbox 2135 2454 3786 2539; baseline -0.008 -15"><span class='ocrx_word' id='word_1_404' title='bbox 2135 2469 2401 2539; x_wconf 85' lang='lat' dir='ltr'><strong>linguam</strong></span> <span class='ocrx_word' id='word_1_405' title='bbox 2431 2464 2874 2531; x_wconf 85' lang='lat' dir='ltr'><strong>constrinxerat,</strong></span> <span class='ocrx_word' id='word_1_406' title='bbox 2895 2463 2977 2518; x_wconf 90' lang='lat' dir='ltr'><strong>ita</strong></span> <span class='ocrx_word' id='word_1_407' title='bbox 3003 2461 3177 2518; x_wconf 90' lang='lat' dir='ltr'><strong>etiam</strong></span> <span class='ocrx_word' id='word_1_408' title='bbox 3210 2474 3442 2530; x_wconf 70' lang='lat' dir='ltr'><strong>aequum</strong></span> <span class='ocrx_word' id='word_1_409' title='bbox 3474 2454 3786 2522; x_wconf 77' lang='lat' dir='ltr'><strong>erat,183</strong></span> 
     </span>
    </p>
   </div>
   <div class='ocr_carea' id='block_1_55' title="bbox 2137 2546 3788 2623">
    <p class='ocr_par' dir='ltr' id='par_1_55' title="bbox 2137 2546 3788 2623">
     <span class='ocr_line' id='line_1_55' title="bbox 2137 2546 3788 2623; baseline -0.009 -9"><span class='ocrx_word' id='word_1_410' title='bbox 2137 2563 2204 2614; x_wconf 88' lang='lat' dir='ltr'><strong>ut</strong></span> <span class='ocrx_word' id='word_1_411' title='bbox 2236 2556 2528 2613; x_wconf 86' lang='lat' dir='ltr'><strong>declarata</strong></span> <span class='ocrx_word' id='word_1_412' title='bbox 2556 2554 2883 2610; x_wconf 85' lang='lat' dir='ltr'><strong>libertatem</strong></span> <span class='ocrx_word' id='word_1_413' title='bbox 2914 2552 3064 2623; x_wconf 87' lang='lat' dir='ltr'><strong>patri</strong></span> <span class='ocrx_word' id='word_1_414' title='bbox 3097 2551 3281 2617; x_wconf 88' lang='lat' dir='ltr'><strong>daret,</strong></span> <span class='ocrx_word' id='word_1_415' title='bbox 3315 2548 3408 2604; x_wconf 92' lang='lat' dir='ltr'><strong>cui</strong></span> <span class='ocrx_word' id='word_1_416' title='bbox 3441 2546 3788 2603; x_wconf 89' lang='lat' dir='ltr'><strong>annuntiata</strong></span> 
     </span>
    </p>
   </div>
   <div class='ocr_carea' id='block_1_56' title="bbox 2137 2634 3790 2716">
    <p class='ocr_par' dir='ltr' id='par_1_56' title="bbox 2137 2634 3790 2716">
     <span class='ocr_line' id='line_1_56' title="bbox 2137 2634 3790 2716; baseline -0.009 -13"><span class='ocrx_word' id='word_1_417' title='bbox 2137 2648 2346 2715; x_wconf 87' lang='lat' dir='ltr'><strong>fuerat,</strong></span> <span class='ocrx_word' id='word_1_418' title='bbox 2378 2650 2632 2716; x_wconf 88' lang='lat' dir='ltr'><strong>nataque</strong></span> <span class='ocrx_word' id='word_1_419' title='bbox 2663 2647 2752 2698; x_wconf 89' lang='lat' dir='ltr'><strong>est</strong></span> <span class='ocrx_word' id='word_1_420' title='bbox 2781 2658 2887 2697; x_wconf 77' lang='lat' dir='ltr'><strong>vox</strong></span> <span class='ocrx_word' id='word_1_421' title='bbox 2919 2646 2976 2696; x_wconf 93' lang='lat' dir='ltr'><strong>et</strong></span> <span class='ocrx_word' id='word_1_422' title='bbox 2996 2640 3256 2705; x_wconf 88' lang='lat' dir='ltr'><strong>lucerna,</strong></span> <span class='ocrx_word' id='word_1_423' title='bbox 3291 2636 3461 2693; x_wconf 88' lang='lat' dir='ltr'><strong>Verbi</strong></span> <span class='ocrx_word' id='word_1_424' title='bbox 3500 2634 3790 2704; x_wconf 89' lang='lat' dir='ltr'><strong>Lucisque</strong></span> 
     </span>
    </p>
   </div>
   <div class='ocr_carea' id='block_1_57' title="bbox 2138 2725 3784 2810">
    <p class='ocr_par' dir='ltr' id='par_1_57' title="bbox 2138 2725 3784 2810">
     <span class='ocr_line' id='line_1_57' title="bbox 2138 2725 3784 2810; baseline -0.009 -18"><span class='ocrx_word' id='word_1_425' title='bbox 2138 2734 2520 2810; x_wconf 74' lang='lat' dir='ltr'><strong>praevia.Mihi</strong></span> <span class='ocrx_word' id='word_1_426' title='bbox 2550 2750 2682 2789; x_wconf 89' lang='lat' dir='ltr'><strong>vero</strong></span> <span class='ocrx_word' id='word_1_427' title='bbox 2704 2732 2915 2804; x_wconf 69' lang='lat' dir='ltr'><strong>linguas</strong></span> <span class='ocrx_word' id='word_1_428' title='bbox 2935 2728 3233 2786; x_wconf 89' lang='lat' dir='ltr'><strong>vinculum</strong></span> <span class='ocrx_word' id='word_1_429' title='bbox 3267 2725 3534 2792; x_wconf 87' lang='lat' dir='ltr'><strong>solvit,ac</strong></span> <span class='ocrx_word' id='word_1_430' title='bbox 3562 2739 3784 2789; x_wconf 90' lang='lat' dir='ltr'><strong>vocem,</strong></span> 
     </span>
    </p>
   </div>
   <div class='ocr_carea' id='block_1_58' title="bbox 2135 2811 3784 2893">
    <p class='ocr_par' dir='ltr' id='par_1_58' title="bbox 2135 2811 3784 2893">
     <span class='ocr_line' id='line_1_58' title="bbox 2135 2811 3784 2893; baseline -0.01 -12"><span class='ocrx_word' id='word_1_431' title='bbox 2135 2826 2290 2881; x_wconf 70' lang='lat' dir='ltr'><strong>tubae</strong></span> <span class='ocrx_word' id='word_1_432' title='bbox 2331 2824 2540 2890; x_wconf 89' lang='lat' dir='ltr'><strong>instar,</strong></span> <span class='ocrx_word' id='word_1_433' title='bbox 2573 2821 2786 2878; x_wconf 86' lang='lat' dir='ltr'><strong>attollit</strong></span> <span class='ocrx_word' id='word_1_434' title='bbox 2835 2836 3090 2893; x_wconf 70' lang='lat' dir='ltr'><strong>praesens</strong></span> <span class='ocrx_word' id='word_1_435' title='bbox 3148 2814 3519 2882; x_wconf 86' lang='lat' dir='ltr'><strong>beneﬁcium,</strong></span> <span class='ocrx_word' id='word_1_436' title='bbox 3547 2816 3604 2868; x_wconf 90' lang='lat' dir='ltr'><strong>et</strong></span> <span class='ocrx_word' id='word_1_437' title='bbox 3654 2811 3784 2884; x_wconf 91' lang='lat' dir='ltr'><strong>pul-</strong></span> 
     </span>
    </p>
   </div>
   <div class='ocr_carea' id='block_1_59' title="bbox 2138 2901 3787 2977">
    <p class='ocr_par' dir='ltr' id='par_1_59' title="bbox 2138 2901 3787 2977">
     <span class='ocr_line' id='line_1_59' title="bbox 2138 2901 3787 2977; baseline -0.01 -5"><span class='ocrx_word' id='word_1_438' title='bbox 2138 2914 2497 2972; x_wconf 91' lang='lat' dir='ltr'><strong>cherrimum</strong></span> <span class='ocrx_word' id='word_1_439' title='bbox 2531 2913 2641 2968; x_wconf 91' lang='lat' dir='ltr'><strong>hoc</strong></span> <span class='ocrx_word' id='word_1_440' title='bbox 2670 2913 2988 2976; x_wconf 87' lang='lat' dir='ltr'><strong>theatrum,</strong></span> <span class='ocrx_word' id='word_1_441' title='bbox 3022 2909 3121 2964; x_wconf 90' lang='lat' dir='ltr'><strong>Dei</strong></span> <span class='ocrx_word' id='word_1_442' title='bbox 3171 2907 3296 2974; x_wconf 85' lang='lat' dir='ltr'><strong>filii,</strong></span> <span class='ocrx_word' id='word_1_443' title='bbox 3329 2905 3430 2977; x_wconf 90' lang='lat' dir='ltr'><strong>qui</strong></span> <span class='ocrx_word' id='word_1_444' title='bbox 3462 2903 3627 2976; x_wconf 90' lang='lat' dir='ltr'><strong>prius</strong></span> <span class='ocrx_word' id='word_1_445' title='bbox 3659 2901 3787 2957; x_wconf 89' lang='lat' dir='ltr'><strong>dis-</strong></span> 
     </span>
    </p>
   </div>
   <div class='ocr_carea' id='block_1_60' title="bbox 2139 2993 3788 3077">
    <p class='ocr_par' dir='ltr' id='par_1_60' title="bbox 2139 2993 3788 3077">
     <span class='ocr_line' id='line_1_60' title="bbox 2139 2993 3788 3077; baseline -0.008 -17"><span class='ocrx_word' id='word_1_446' title='bbox 2139 3005 2295 3077; x_wconf 89' lang='lat' dir='ltr'><strong>persi</strong></span> <span class='ocrx_word' id='word_1_447' title='bbox 2340 3007 2526 3067; x_wconf 83' lang='lat' dir='ltr'><strong>erant,</strong></span> <span class='ocrx_word' id='word_1_448' title='bbox 2559 3019 2717 3057; x_wconf 90' lang='lat' dir='ltr'><strong>nunc</strong></span> <span class='ocrx_word' id='word_1_449' title='bbox 2758 3001 2820 3055; x_wconf 92' lang='lat' dir='ltr'><strong>in</strong></span> <span class='ocrx_word' id='word_1_450' title='bbox 2873 3015 3058 3055; x_wconf 91' lang='lat' dir='ltr'><strong>unum</strong></span> <span class='ocrx_word' id='word_1_451' title='bbox 3108 2993 3444 3069; x_wconf 87' lang='lat' dir='ltr'><strong>congregati</strong></span> <span class='ocrx_word' id='word_1_452' title='bbox 3472 2995 3540 3060; x_wconf 64' lang='lat'><strong>‘2,</strong></span> <span class='ocrx_word' id='word_1_453' title='bbox 3573 2997 3631 3048; x_wconf 89' lang='lat' dir='ltr'><strong>et</strong></span> <span class='ocrx_word' id='word_1_454' title='bbox 3677 2993 3788 3047; x_wconf 93' lang='lat' dir='ltr'><strong>sub</strong></span> 
     </span>
    </p>
   </div>
   <div class='ocr_carea' id='block_1_61' title="bbox 2140 3083 3792 3162">
    <p class='ocr_par' dir='ltr' id='par_1_61' title="bbox 2140 3083 3792 3162">
     <span class='ocr_line' id='line_1_61' title="bbox 2140 3083 3792 3162; baseline -0.007 -14"><span class='ocrx_word' id='word_1_455' title='bbox 2140 3095 2350 3150; x_wconf 91' lang='lat' dir='ltr'><strong>iisdem</strong></span> <span class='ocrx_word' id='word_1_456' title='bbox 2385 3093 2494 3147; x_wconf 90' lang='lat' dir='ltr'><strong>alis</strong></span> <span class='ocrx_word' id='word_1_457' title='bbox 2517 3091 2972 3162; x_wconf 87' lang='lat' dir='ltr'><strong>requiescentes,</strong></span> <span class='ocrx_word' id='word_1_458' title='bbox 2993 3093 3169 3160; x_wconf 89' lang='lat' dir='ltr'><strong>atque</strong></span> <span class='ocrx_word' id='word_1_459' title='bbox 3190 3087 3249 3142; x_wconf 91' lang='lat' dir='ltr'><strong>in</strong></span> <span class='ocrx_word' id='word_1_460' title='bbox 3272 3086 3513 3141; x_wconf 90' lang='lat' dir='ltr'><strong>domum</strong></span> <span class='ocrx_word' id='word_1_461' title='bbox 3537 3083 3639 3139; x_wconf 90' lang='lat' dir='ltr'><strong>Dei</strong></span> <span class='ocrx_word' id='word_1_462' title='bbox 3662 3098 3792 3137; x_wconf 88' lang='lat' dir='ltr'><strong>con-</strong></span> 
     </span>
    </p>
   </div>
   <div class='ocr_carea' id='block_1_62' title="bbox 2142 3172 3798 3246">
    <p class='ocr_par' dir='ltr' id='par_1_62' title="bbox 2142 3172 3798 3246">
     <span class='ocr_line' id='line_1_62' title="bbox 2142 3172 3798 3246; baseline -0.008 -6"><span class='ocrx_word' id='word_1_463' title='bbox 2142 3183 2533 3240; x_wconf 88' lang='lat' dir='ltr'><strong>sentientibus</strong></span> <span class='ocrx_word' id='word_1_464' title='bbox 2565 3181 2778 3236; x_wconf 89' lang='lat' dir='ltr'><strong>animis</strong></span> <span class='ocrx_word' id='word_1_465' title='bbox 2810 3178 3183 3234; x_wconf 88' lang='lat' dir='ltr'><strong>ambulantes</strong></span> <span class='ocrx_word' id='word_1_466' title='bbox 3210 3177 3275 3246; x_wconf 81' lang='grc'><strong>⁸³,</strong></span> <span class='ocrx_word' id='word_1_467' title='bbox 3301 3190 3535 3244; x_wconf 91' lang='lat' dir='ltr'><strong>unoque</strong></span> <span class='ocrx_word' id='word_1_468' title='bbox 3563 3172 3798 3228; x_wconf 90' lang='lat' dir='ltr'><strong>virtutis</strong></span> 
     </span>
    </p>
   </div>
   <div class='ocr_carea' id='block_1_63' title="bbox 2144 3262 3794 3345">
    <p class='ocr_par' dir='ltr' id='par_1_63' title="bbox 2144 3262 3794 3345">
     <span class='ocr_line' id='line_1_63' title="bbox 2144 3262 3794 3345; baseline -0.007 -17"><span class='ocrx_word' id='word_1_469' title='bbox 2144 3291 2210 3329; x_wconf 88' lang='lat' dir='ltr'><strong>ac</strong></span> <span class='ocrx_word' id='word_1_470' title='bbox 2242 3273 2485 3345; x_wconf 90' lang='lat' dir='ltr'><strong>spiritus</strong></span> <span class='ocrx_word' id='word_1_471' title='bbox 2533 3275 2815 3326; x_wconf 88' lang='lat' dir='ltr'><strong>concentu</strong></span> <span class='ocrx_word' id='word_1_472' title='bbox 2866 3269 3020 3324; x_wconf 87' lang='lat' dir='ltr'><strong>inter</strong></span> <span class='ocrx_word' id='word_1_473' title='bbox 3067 3285 3129 3324; x_wconf 90' lang='lat' dir='ltr'><strong>se</strong></span> <span class='ocrx_word' id='word_1_474' title='bbox 3167 3265 3521 3322; x_wconf 89' lang='lat' dir='ltr'><strong>concordes:</strong></span> <span class='ocrx_word' id='word_1_475' title='bbox 3556 3262 3794 3334; x_wconf 91' lang='lat' dir='ltr'><strong>quando</strong></span> 
     </span>
    </p>
   </div>
   <div class='ocr_carea' id='block_1_64' title="bbox 375 3351 2024 3434">
    <p class='ocr_par' dir='ltr' id='par_1_64' title="bbox 375 3351 2020 3431">
     <span class='ocr_line' id='line_1_64' title="bbox 375 3351 2020 3431; baseline 0.004 -26"><span class='ocrx_word' id='word_1_476' title='bbox 375 3372 468 3425; x_wconf 88' lang='grc' dir='ltr'><strong>μεν</strong></span> <span class='ocrx_word' id='word_1_477' title='bbox 530 3351 814 3423; x_wconf 81' lang='grc' dir='ltr'>ἀλλήλους</span> <span class='ocrx_word' id='word_1_478' title='bbox 859 3355 947 3409; x_wconf 81' lang='grc' dir='ltr'><strong>καὶ</strong></span> <span class='ocrx_word' id='word_1_479' title='bbox 999 3353 1223 3431; x_wconf 76' lang='grc' dir='ltr'>ἄγομεν,</span> <span class='ocrx_word' id='word_1_480' title='bbox 1271 3362 1529 3412; x_wconf 84' lang='grc' dir='ltr'>τοσοῦτον</span> <span class='ocrx_word' id='word_1_481' title='bbox 1577 3357 1683 3413; x_wconf 71' lang='grc' dir='ltr'>ὑπὸ</span> <span class='ocrx_word' id='word_1_482' title='bbox 1731 3363 1827 3413; x_wconf 85' lang='grc' dir='ltr'><strong>τοῦ</strong></span> <span class='ocrx_word' id='word_1_483' title='bbox 1857 3379 2020 3428; x_wconf 86' lang='grc' dir='ltr'>πονη-</span> 
     </span>
    </p>
   </div>
   <div class='ocr_carea' id='block_1_65' title="bbox 2141 3351 3796 3434">
    <p class='ocr_par' dir='ltr' id='par_1_65' title="bbox 2141 3354 3796 3434">
     <span class='ocr_line' id='line_1_65' title="bbox 2141 3354 3796 3434; baseline -0.008 -15"><span class='ocrx_word' id='word_1_484' title='bbox 2141 3381 2252 3419; x_wconf 90' lang='lat' dir='ltr'><strong>non</strong></span> <span class='ocrx_word' id='word_1_485' title='bbox 2277 3363 2403 3434; x_wconf 89' lang='lat' dir='ltr'><strong>jam</strong></span> <span class='ocrx_word' id='word_1_486' title='bbox 2438 3361 2536 3417; x_wconf 82' lang='lat' dir='ltr'><strong>alii</strong></span> <span class='ocrx_word' id='word_1_487' title='bbox 2572 3361 2851 3416; x_wconf 87' lang='lat' dir='ltr'><strong>adversus</strong></span> <span class='ocrx_word' id='word_1_488' title='bbox 2883 3358 3028 3414; x_wconf 88' lang='lat' dir='ltr'><strong>alios</strong></span> <span class='ocrx_word' id='word_1_489' title='bbox 3079 3356 3250 3411; x_wconf 90' lang='lat' dir='ltr'><strong>dictis</strong></span> <span class='ocrx_word' id='word_1_490' title='bbox 3303 3354 3542 3410; x_wconf 83' lang='lat' dir='ltr'><strong>factisve</strong></span> <span class='ocrx_word' id='word_1_491' title='bbox 3572 3368 3796 3423; x_wconf 85' lang='lat' dir='ltr'><strong>pugna-</strong></span> 
     </span>
    </p>
   </div>
   <div class='ocr_carea' id='block_1_66' title="bbox 373 3440 2026 3521">
    <p class='ocr_par' dir='ltr' id='par_1_66' title="bbox 373 3440 2026 3521">
     <span class='ocr_line' id='line_1_66' title="bbox 373 3440 2026 3521; baseline 0.005 -26"><span class='ocrx_word' id='word_1_492' title='bbox 373 3446 470 3516; x_wconf 88' lang='grc' dir='ltr'><strong>ροῦ</strong></span> <span class='ocrx_word' id='word_1_493' title='bbox 502 3440 820 3515; x_wconf 79' lang='grc' dir='ltr'>κλαπέντες,</span> <span class='ocrx_word' id='word_1_494' title='bbox 850 3445 882 3512; x_wconf 73' lang='grc' dir='ltr'><strong>ἢ</strong></span> <span class='ocrx_word' id='word_1_495' title='bbox 921 3445 1244 3520; x_wconf 78' lang='grc' dir='ltr'>βιασθέντες,</span> <span class='ocrx_word' id='word_1_496' title='bbox 1302 3447 1392 3500; x_wconf 84' lang='grc' dir='ltr'><strong>καὶ</strong></span> <span class='ocrx_word' id='word_1_497' title='bbox 1450 3447 1922 3517; x_wconf 75' lang='grc' dir='ltr'>κατατοξευθέντες</span> <span class='ocrx_word' id='word_1_498' title='bbox 1953 3450 2026 3521; x_wconf 90' lang='grc'>(5)</span> 
     </span>
    </p>
   </div>
   <div class='ocr_carea' id='block_1_67' title="bbox 373 3529 2024 3612">
    <p class='ocr_par' dir='ltr' id='par_1_67' title="bbox 373 3529 2024 3612">
     <span class='ocr_line' id='line_1_67' title="bbox 373 3529 2024 3612; baseline 0.004 -28"><span class='ocrx_word' id='word_1_499' title='bbox 373 3529 424 3584; x_wconf 74' lang='grc' dir='ltr'>ἐν</span> <span class='ocrx_word' id='word_1_500' title='bbox 477 3533 790 3604; x_wconf 78' lang='grc' dir='ltr'>σκοτομήνῃ</span> <span class='ocrx_word' id='word_1_501' title='bbox 837 3532 928 3586; x_wconf 85' lang='grc' dir='ltr'>τὸν</span> <span class='ocrx_word' id='word_1_502' title='bbox 978 3538 1128 3604; x_wconf 85' lang='grc' dir='ltr'>νοῦν,</span> <span class='ocrx_word' id='word_1_503' title='bbox 1183 3536 1245 3603; x_wconf 78' lang='grc' dir='ltr'><strong>ἣν</strong></span> <span class='ocrx_word' id='word_1_504' title='bbox 1301 3534 1459 3597; x_wconf 84' lang='grc' dir='ltr'>αὐτὸς</span> <span class='ocrx_word' id='word_1_505' title='bbox 1514 3538 1650 3609; x_wconf 81' lang='grc' dir='ltr'>ἡμῖν</span> <span class='ocrx_word' id='word_1_506' title='bbox 1703 3536 2024 3612; x_wconf 66' lang='grc' dir='ltr'>ἐπήγειρενο</span> 
     </span>
    </p>
   </div>
   <div class='ocr_carea' id='block_1_68' title="bbox 370 3617 2025 3697">
    <p class='ocr_par' dir='ltr' id='par_1_68' title="bbox 370 3617 2025 3697">
     <span class='ocr_line' id='line_1_68' title="bbox 370 3617 2025 3697; baseline 0.005 -26"><span class='ocrx_word' id='word_1_507' title='bbox 370 3619 461 3671; x_wconf 82' lang='grc' dir='ltr'><strong>καὶ</strong></span> <span class='ocrx_word' id='word_1_508' title='bbox 491 3619 590 3673; x_wconf 85' lang='grc' dir='ltr'><strong>οὑκ</strong></span> <span class='ocrx_word' id='word_1_509' title='bbox 621 3617 720 3674; x_wconf 83' lang='grc' dir='ltr'><strong>οἶδ’</strong></span> <span class='ocrx_word' id='word_1_510' title='bbox 753 3619 837 3674; x_wconf 79' lang='grc' dir='ltr'>ὅτι</span> <span class='ocrx_word' id='word_1_511' title='bbox 893 3623 1004 3696; x_wconf 82' lang='grc' dir='ltr'><strong>χρή</strong></span> <span class='ocrx_word' id='word_1_512' title='bbox 1057 3622 1259 3697; x_wconf 85' lang='grc' dir='ltr'>λέγειν,</span> <span class='ocrx_word' id='word_1_513' title='bbox 1314 3623 1452 3679; x_wconf 85' lang='grc' dir='ltr'>ὥστε</span> <span class='ocrx_word' id='word_1_514' title='bbox 1489 3627 1578 3679; x_wconf 85' lang='grc' dir='ltr'><strong>καὶ</strong></span> <span class='ocrx_word' id='word_1_515' title='bbox 1609 3631 1724 3688; x_wconf 85' lang='grc' dir='ltr'>τοῖς</span> <span class='ocrx_word' id='word_1_516' title='bbox 1760 3625 2025 3696; x_wconf 71' lang='grc' dir='ltr'>ἀλλήλων</span> 
     </span>
    </p>
   </div>
   <div class='ocr_carea' id='block_1_69' title="bbox 370 3707 2026 3787">
    <p class='ocr_par' dir='ltr' id='par_1_69' title="bbox 370 3707 2026 3787">
     <span class='ocr_line' id='line_1_69' title="bbox 370 3707 2026 3787; baseline 0.006 -27"><span class='ocrx_word' id='word_1_517' title='bbox 370 3713 556 3769; x_wconf 84' lang='grc' dir='ltr'>κακοῖς</span> <span class='ocrx_word' id='word_1_518' title='bbox 607 3707 1070 3786; x_wconf 70' lang='grc' dir='ltr'>ἐπευφραίνεσθαι,</span> <span class='ocrx_word' id='word_1_519' title='bbox 1131 3713 1222 3766; x_wconf 82' lang='grc' dir='ltr'><strong>καὶ</strong></span> <span class='ocrx_word' id='word_1_520' title='bbox 1282 3714 1357 3785; x_wconf 80' lang='grc' dir='ltr'>μὴ</span> <span class='ocrx_word' id='word_1_521' title='bbox 1407 3715 1654 3787; x_wconf 85' lang='grc' dir='ltr'>νομίζειν</span> <span class='ocrx_word' id='word_1_522' title='bbox 1703 3719 1800 3769; x_wconf 85' lang='grc' dir='ltr'><strong>τοῦ</strong></span> <span class='ocrx_word' id='word_1_523' title='bbox 1828 3717 2026 3778; x_wconf 89' lang='grc' dir='ltr'>παντὸς</span> 
     </span>
    </p>
   </div>
   <div class='ocr_carea' id='block_1_70' title="bbox 370 3796 2027 3871">
    <p class='ocr_par' dir='ltr' id='par_1_70' title="bbox 370 3796 2027 3871">
     <span class='ocr_line' id='line_1_70' title="bbox 370 3796 2027 3871; baseline 0.005 -20"><span class='ocrx_word' id='word_1_524' title='bbox 370 3796 501 3851; x_wconf 80' lang='grc' dir='ltr'>εἶναι</span> <span class='ocrx_word' id='word_1_525' title='bbox 537 3798 733 3871; x_wconf 85' lang='grc' dir='ltr'>ζημίαν</span> <span class='ocrx_word' id='word_1_526' title='bbox 762 3800 861 3867; x_wconf 75' lang='grc' dir='ltr'>τήν</span> <span class='ocrx_word' id='word_1_527' title='bbox 890 3799 1155 3870; x_wconf 76' lang='grc' dir='ltr'>ἀλλήλων</span> <span class='ocrx_word' id='word_1_528' title='bbox 1201 3801 1492 3857; x_wconf 79' lang='grc' dir='ltr'>κατάλυσιν</span> <span class='ocrx_word' id='word_1_529' title='bbox 1520 3823 1531 3835; x_wconf 79' lang='lat'><strong>&#39;</strong></span> <span class='ocrx_word' id='word_1_530' title='bbox 1570 3803 1659 3857; x_wconf 74' lang='grc' dir='ltr'>ὅτε</span> <span class='ocrx_word' id='word_1_531' title='bbox 1703 3803 1906 3867; x_wconf 80' lang='grc' dir='ltr'>Ἰούδας</span> <span class='ocrx_word' id='word_1_532' title='bbox 1938 3807 2027 3859; x_wconf 82' lang='grc' dir='ltr'><strong>καὶ</strong></span> 
     </span>
    </p>
   </div>
   <div class='ocr_carea' id='block_1_71' title="bbox 370 3886 2029 3970">
    <p class='ocr_par' dir='ltr' id='par_1_71' title="bbox 370 3886 2029 3970">
     <span class='ocr_line' id='line_1_71' title="bbox 370 3886 2029 3970; baseline 0.006 -30"><span class='ocrx_word' id='word_1_533' title='bbox 370 3886 588 3961; x_wconf 78' lang='grc' dir='ltr'>Ἰσραὴλ</span> <span class='ocrx_word' id='word_1_534' title='bbox 638 3888 868 3943; x_wconf 79' lang='grc' dir='ltr'>τίθενται</span> <span class='ocrx_word' id='word_1_535' title='bbox 920 3890 1132 3948; x_wconf 71' lang='grc' dir='ltr'>ἑαυτοῖς</span> <span class='ocrx_word' id='word_1_536' title='bbox 1180 3891 1359 3967; x_wconf 73' lang='grc' dir='ltr'>ἀρχὴν</span> <span class='ocrx_word' id='word_1_537' title='bbox 1424 3893 1570 3964; x_wconf 88' lang='grc' dir='ltr'>μίαν,</span> <span class='ocrx_word' id='word_1_538' title='bbox 1632 3893 1720 3948; x_wconf 79' lang='grc' dir='ltr'><strong>καὶ</strong></span> <span class='ocrx_word' id='word_1_539' title='bbox 1767 3900 2029 3970; x_wconf 81' lang='grc' dir='ltr'>Ἰερουσα-</span> 
     </span>
    </p>
   </div>
   <div class='ocr_carea' id='block_1_72' title="bbox 372 3975 2030 4059">
    <p class='ocr_par' dir='ltr' id='par_1_72' title="bbox 372 3975 2030 4059">
     <span class='ocr_line' id='line_1_72' title="bbox 372 3975 2030 4059; baseline 0.005 -29"><span class='ocrx_word' id='word_1_540' title='bbox 372 3975 494 4048; x_wconf 83' lang='grc' dir='ltr'>λήμ</span> <span class='ocrx_word' id='word_1_541' title='bbox 522 3977 610 4030; x_wconf 82' lang='grc' dir='ltr'><strong>καὶ</strong></span> <span class='ocrx_word' id='word_1_542' title='bbox 663 3979 942 4051; x_wconf 82' lang='grc' dir='ltr'>Σαμάρεια</span> <span class='ocrx_word' id='word_1_543' title='bbox 998 3980 1133 4053; x_wconf 89' lang='grc' dir='ltr'>πρὸς</span> <span class='ocrx_word' id='word_1_544' title='bbox 1197 3980 1320 4052; x_wconf 85' lang='grc' dir='ltr'>μίαν</span> <span class='ocrx_word' id='word_1_545' title='bbox 1376 3983 1473 4050; x_wconf 77' lang='grc' dir='ltr'><strong>την</strong></span> <span class='ocrx_word' id='word_1_546' title='bbox 1520 3983 1626 4036; x_wconf 83' lang='grc' dir='ltr'><strong>ἄνω</strong></span> <span class='ocrx_word' id='word_1_547' title='bbox 1665 3982 2030 4059; x_wconf 73' lang='grc' dir='ltr'>Ἰερουσαλὴμ</span> 
     </span>
    </p>
   </div>
   <div class='ocr_carea' id='block_1_73' title="bbox 373 4067 2026 4144">
    <p class='ocr_par' dir='ltr' id='par_1_73' title="bbox 373 4067 2026 4144">
     <span class='ocr_line' id='line_1_73' title="bbox 373 4067 2026 4144; baseline 0.005 -26"><span class='ocrx_word' id='word_1_548' title='bbox 373 4067 712 4141; x_wconf 79' lang='grc' dir='ltr'>συνάγονται,</span> <span class='ocrx_word' id='word_1_549' title='bbox 744 4067 834 4121; x_wconf 82' lang='grc' dir='ltr'><strong>καὶ</strong></span> <span class='ocrx_word' id='word_1_550' title='bbox 884 4067 980 4122; x_wconf 81' lang='grc' dir='ltr'><strong>οὐκ</strong></span> <span class='ocrx_word' id='word_1_551' title='bbox 1033 4067 1109 4124; x_wconf 79' lang='grc' dir='ltr'>ἔτι</span> <span class='ocrx_word' id='word_1_552' title='bbox 1160 4069 1398 4144; x_wconf 84' lang='grc' dir='ltr'>Παύλου,</span> <span class='ocrx_word' id='word_1_553' title='bbox 1455 4073 1543 4125; x_wconf 78' lang='grc' dir='ltr'><strong>καὶ</strong></span> <span class='ocrx_word' id='word_1_554' title='bbox 1596 4072 1878 4142; x_wconf 80' lang='grc' dir='ltr'>Ἀπολλῶ,</span> <span class='ocrx_word' id='word_1_555' title='bbox 1937 4076 2026 4128; x_wconf 77' lang='grc' dir='ltr'><strong>καὶ</strong></span> 
     </span>
    </p>
   </div>
   <div class='ocr_carea' id='block_1_74' title="bbox 373 4156 2027 4238">
    <p class='ocr_par' dir='ltr' id='par_1_74' title="bbox 373 4156 2027 4238">
     <span class='ocr_line' id='line_1_74' title="bbox 373 4156 2027 4238; baseline 0.006 -30"><span class='ocrx_word' id='word_1_556' title='bbox 373 4161 548 4232; x_wconf 77' lang='grc' dir='ltr'>Κηφᾶ,</span> <span class='ocrx_word' id='word_1_557' title='bbox 585 4156 715 4232; x_wconf 72' lang='grc' dir='ltr'>ύπὶρ</span> <span class='ocrx_word' id='word_1_558' title='bbox 747 4158 845 4224; x_wconf 82' lang='grc' dir='ltr'>ὧν,</span> <span class='ocrx_word' id='word_1_559' title='bbox 878 4159 965 4211; x_wconf 76' lang='grc' dir='ltr'><strong>καὶ</strong></span> <span class='ocrx_word' id='word_1_560' title='bbox 1002 4160 1117 4212; x_wconf 86' lang='grc' dir='ltr'>καθ’</span> <span class='ocrx_word' id='word_1_561' title='bbox 1156 4160 1229 4213; x_wconf 81' lang='grc' dir='ltr'>ὧν</span> <span class='ocrx_word' id='word_1_562' title='bbox 1283 4163 1317 4229; x_wconf 82' lang='grc' dir='ltr'>ἡ</span> <span class='ocrx_word' id='word_1_563' title='bbox 1370 4161 1630 4238; x_wconf 74' lang='grc' dir='ltr'>φυσίωσις</span> <span class='ocrx_word' id='word_1_564' title='bbox 1681 4166 1779 4235; x_wconf 83' lang='grc'>(6),</span> <span class='ocrx_word' id='word_1_565' title='bbox 1835 4163 2027 4226; x_wconf 83' lang='grc' dir='ltr'>πάντες</span> 
     </span>
    </p>
   </div>
   <div class='ocr_carea' id='block_1_75' title="bbox 371 4242 1054 4322">
    <p class='ocr_par' dir='ltr' id='par_1_75' title="bbox 371 4242 1054 4322">
     <span class='ocr_line' id='line_1_75' title="bbox 371 4242 1054 4322; baseline 0.003 -24"><span class='ocrx_word' id='word_1_566' title='bbox 371 4242 429 4300; x_wconf 79' lang='grc' dir='ltr'><strong>δὶ</strong></span> <span class='ocrx_word' id='word_1_567' title='bbox 463 4247 700 4318; x_wconf 76' lang='grc' dir='ltr'>Χριστοῦ</span> <span class='ocrx_word' id='word_1_568' title='bbox 732 4246 1054 4322; x_wconf 86' lang='grc' dir='ltr'>γεγόναμεν.</span> 
     </span>
    </p>
   </div>
   <div class='ocr_carea' id='block_1_76' title="bbox 2140 3440 3788 3523">
    <p class='ocr_par' dir='ltr' id='par_1_76' title="bbox 2140 3440 3788 3523">
     <span class='ocr_line' id='line_1_76' title="bbox 2140 3440 3788 3523; baseline -0.008 -15"><span class='ocrx_word' id='word_1_569' title='bbox 2140 3469 2294 3518; x_wconf 88' lang='lat' dir='ltr'><strong>mus,</strong></span> <span class='ocrx_word' id='word_1_570' title='bbox 2329 3471 2361 3507; x_wconf 89' lang='lat' dir='ltr'><strong>a</strong></span> <span class='ocrx_word' id='word_1_571' title='bbox 2395 3468 2571 3523; x_wconf 90' lang='lat' dir='ltr'><strong>pravo</strong></span> <span class='ocrx_word' id='word_1_572' title='bbox 2621 3450 2720 3504; x_wconf 91' lang='lat' dir='ltr'><strong>illo</strong></span> <span class='ocrx_word' id='word_1_573' title='bbox 2778 3449 3112 3519; x_wconf 88' lang='lat' dir='ltr'><strong>usqueadeo</strong></span> <span class='ocrx_word' id='word_1_574' title='bbox 3169 3443 3415 3515; x_wconf 89' lang='lat' dir='ltr'><strong>decepti,</strong></span> <span class='ocrx_word' id='word_1_575' title='bbox 3448 3443 3532 3498; x_wconf 86' lang='lat' dir='ltr'><strong>vel</strong></span> <span class='ocrx_word' id='word_1_576' title='bbox 3582 3440 3788 3509; x_wconf 87' lang='lat' dir='ltr'><strong>coacti,</strong></span> 
     </span>
    </p>
   </div>
   <div class='ocr_carea' id='block_1_77' title="bbox 2138 3529 3785 3614">
    <p class='ocr_par' dir='ltr' id='par_1_77' title="bbox 2138 3529 3785 3614">
     <span class='ocr_line' id='line_1_77' title="bbox 2138 3529 3785 3614; baseline -0.009 -17"><span class='ocrx_word' id='word_1_577' title='bbox 2138 3546 2314 3614; x_wconf 87' lang='lat' dir='ltr'><strong>atque</strong></span> <span class='ocrx_word' id='word_1_578' title='bbox 2344 3541 2401 3595; x_wconf 91' lang='lat' dir='ltr'><strong>in</strong></span> <span class='ocrx_word' id='word_1_579' title='bbox 2459 3557 2526 3595; x_wconf 88' lang='lat' dir='ltr'><strong>ea</strong></span> <span class='ocrx_word' id='word_1_580' title='bbox 2574 3538 2846 3611; x_wconf 84' lang='lat' dir='ltr'><strong>caligine,</strong></span> <span class='ocrx_word' id='word_1_581' title='bbox 2879 3551 3054 3607; x_wconf 89' lang='lat' dir='ltr'><strong>quam</strong></span> <span class='ocrx_word' id='word_1_582' title='bbox 3094 3535 3221 3606; x_wconf 90' lang='lat' dir='ltr'><strong>ipse</strong></span> <span class='ocrx_word' id='word_1_583' title='bbox 3278 3532 3448 3588; x_wconf 86' lang='lat' dir='ltr'><strong>nobis</strong></span> <span class='ocrx_word' id='word_1_584' title='bbox 3497 3529 3785 3593; x_wconf 86' lang='lat' dir='ltr'><strong>excitavit,</strong></span> 
     </span>
    </p>
   </div>
   <div class='ocr_carea' id='block_1_78' title="bbox 2138 3620 3789 3700">
    <p class='ocr_par' dir='ltr' id='par_1_78' title="bbox 2138 3620 3789 3700">
     <span class='ocr_line' id='line_1_78' title="bbox 2138 3620 3789 3700; baseline -0.008 -14"><span class='ocrx_word' id='word_1_585' title='bbox 2138 3635 2333 3686; x_wconf 89' lang='lat' dir='ltr'><strong>mente</strong></span> <span class='ocrx_word' id='word_1_586' title='bbox 2358 3633 2640 3700; x_wconf 87' lang='lat' dir='ltr'><strong>tanquam</strong></span> <span class='ocrx_word' id='word_1_587' title='bbox 2673 3627 2904 3699; x_wconf 87' lang='lat' dir='ltr'><strong>sagittis</strong></span> <span class='ocrx_word' id='word_1_588' title='bbox 2935 3625 3290 3696; x_wconf 88' lang='lat' dir='ltr'><strong>quibusdam</strong></span> <span class='ocrx_word' id='word_1_589' title='bbox 3331 3620 3540 3678; x_wconf 82' lang='lat' dir='ltr'><strong>conﬁxi</strong></span> <span class='ocrx_word' id='word_1_590' title='bbox 3567 3639 3580 3687; x_wconf 90' lang='lat'><strong>;</strong></span> <span class='ocrx_word' id='word_1_591' title='bbox 3614 3624 3789 3689; x_wconf 89' lang='lat' dir='ltr'><strong>atque</strong></span> 
     </span>
    </p>
   </div>
   <div class='ocr_carea' id='block_1_79' title="bbox 2138 3708 3788 3791">
    <p class='ocr_par' dir='ltr' id='par_1_79' title="bbox 2138 3708 3788 3791">
     <span class='ocr_line' id='line_1_79' title="bbox 2138 3708 3788 3791; baseline -0.008 -16"><span class='ocrx_word' id='word_1_592' title='bbox 2138 3737 2252 3791; x_wconf 89' lang='lat' dir='ltr'><strong>quo</strong></span> <span class='ocrx_word' id='word_1_593' title='bbox 2275 3718 2448 3774; x_wconf 88' lang='lat' dir='ltr'><strong>verbo</strong></span> <span class='ocrx_word' id='word_1_594' title='bbox 2481 3717 2767 3772; x_wconf 90' lang='lat' dir='ltr'><strong>utendum</strong></span> <span class='ocrx_word' id='word_1_595' title='bbox 2801 3715 2895 3784; x_wconf 88' lang='lat' dir='ltr'><strong>sit,</strong></span> <span class='ocrx_word' id='word_1_596' title='bbox 2929 3714 3142 3778; x_wconf 88' lang='lat' dir='ltr'><strong>nescio,</strong></span> <span class='ocrx_word' id='word_1_597' title='bbox 3175 3717 3240 3767; x_wconf 88' lang='lat' dir='ltr'><strong>ut</strong></span> <span class='ocrx_word' id='word_1_598' title='bbox 3269 3712 3445 3766; x_wconf 89' lang='lat' dir='ltr'><strong>etiam</strong></span> <span class='ocrx_word' id='word_1_599' title='bbox 3474 3726 3542 3764; x_wconf 90' lang='lat' dir='ltr'><strong>ex</strong></span> <span class='ocrx_word' id='word_1_600' title='bbox 3565 3708 3788 3763; x_wconf 88' lang='lat' dir='ltr'><strong>mutuis</strong></span> 
     </span>
    </p>
   </div>
   <div class='ocr_carea' id='block_1_80' title="bbox 2145 3797 3795 3878">
    <p class='ocr_par' dir='ltr' id='par_1_80' title="bbox 2145 3797 3795 3878">
     <span class='ocr_line' id='line_1_80' title="bbox 2145 3797 3795 3878; baseline -0.008 -14"><span class='ocrx_word' id='word_1_601' title='bbox 2145 3808 2317 3864; x_wconf 89' lang='lat' dir='ltr'><strong>malis</strong></span> <span class='ocrx_word' id='word_1_602' title='bbox 2346 3807 2705 3878; x_wconf 87' lang='lat' dir='ltr'><strong>voluptatem</strong></span> <span class='ocrx_word' id='word_1_603' title='bbox 2727 3819 3089 3876; x_wconf 89' lang='lat' dir='ltr'><strong>caperemus,</strong></span> <span class='ocrx_word' id='word_1_604' title='bbox 3115 3817 3304 3873; x_wconf 90' lang='lat' dir='ltr'><strong>neque</strong></span> <span class='ocrx_word' id='word_1_605' title='bbox 3324 3799 3470 3854; x_wconf 90' lang='lat' dir='ltr'><strong>illud</strong></span> <span class='ocrx_word' id='word_1_606' title='bbox 3500 3797 3795 3853; x_wconf 86' lang='lat' dir='ltr'><strong>existima—</strong></span> 
     </span>
    </p>
   </div>
   <div class='ocr_carea' id='block_1_81' title="bbox 2146 3886 3789 3964">
    <p class='ocr_par' dir='ltr' id='par_1_81' title="bbox 2146 3886 3789 3964">
     <span class='ocr_line' id='line_1_81' title="bbox 2146 3886 3789 3964; baseline -0.009 -11"><span class='ocrx_word' id='word_1_607' title='bbox 2146 3914 2366 3964; x_wconf 83' lang='lat' dir='ltr'><strong>remus,</strong></span> <span class='ocrx_word' id='word_1_608' title='bbox 2403 3902 2666 3952; x_wconf 88' lang='lat' dir='ltr'><strong>mutuam</strong></span> <span class='ocrx_word' id='word_1_609' title='bbox 2700 3893 3080 3958; x_wconf 82' lang='lat' dir='ltr'><strong>eversionem,</strong></span> <span class='ocrx_word' id='word_1_610' title='bbox 3113 3890 3294 3946; x_wconf 89' lang='lat' dir='ltr'><strong>totius</strong></span> <span class='ocrx_word' id='word_1_611' title='bbox 3326 3888 3585 3960; x_wconf 91' lang='lat' dir='ltr'><strong>corporis</strong></span> <span class='ocrx_word' id='word_1_612' title='bbox 3612 3886 3789 3941; x_wconf 82' lang='lat' dir='ltr'><strong>detri-</strong></span> 
     </span>
    </p>
   </div>
   <div class='ocr_carea' id='block_1_82' title="bbox 2139 3974 3796 4059">
    <p class='ocr_par' dir='ltr' id='par_1_82' title="bbox 2139 3974 3796 4059">
     <span class='ocr_line' id='line_1_82' title="bbox 2139 3974 3796 4059; baseline -0.01 -14"><span class='ocrx_word' id='word_1_613' title='bbox 2139 3993 2401 4044; x_wconf 90' lang='lat' dir='ltr'><strong>mentum</strong></span> <span class='ocrx_word' id='word_1_614' title='bbox 2436 4005 2502 4043; x_wconf 93' lang='lat' dir='ltr'><strong>ac</strong></span> <span class='ocrx_word' id='word_1_615' title='bbox 2525 3986 2840 4059; x_wconf 89' lang='lat' dir='ltr'><strong>perniciem</strong></span> <span class='ocrx_word' id='word_1_616' title='bbox 2865 4000 2995 4038; x_wconf 86' lang='lat' dir='ltr'><strong>esse</strong></span> <span class='ocrx_word' id='word_1_617' title='bbox 3019 4001 3030 4038; x_wconf 91' lang='lat'><strong>:</strong></span> <span class='ocrx_word' id='word_1_618' title='bbox 3065 3982 3301 4053; x_wconf 88' lang='lat' dir='ltr'><strong>quando</strong></span> <span class='ocrx_word' id='word_1_619' title='bbox 3322 3980 3509 4035; x_wconf 85' lang='lat' dir='ltr'><strong>Judas</strong></span> <span class='ocrx_word' id='word_1_620' title='bbox 3540 3983 3596 4033; x_wconf 90' lang='lat' dir='ltr'><strong>et</strong></span> <span class='ocrx_word' id='word_1_621' title='bbox 3619 3974 3796 4032; x_wconf 88' lang='lat' dir='ltr'><strong>Israel</strong></span> 
     </span>
    </p>
   </div>
   <div class='ocr_carea' id='block_1_83' title="bbox 2139 4067 3796 4151">
    <p class='ocr_par' dir='ltr' id='par_1_83' title="bbox 2139 4067 3796 4151">
     <span class='ocr_line' id='line_1_83' title="bbox 2139 4067 3796 4151; baseline -0.008 -19"><span class='ocrx_word' id='word_1_622' title='bbox 2139 4078 2532 4151; x_wconf 89' lang='lat' dir='ltr'><strong>principatum</strong></span> <span class='ocrx_word' id='word_1_623' title='bbox 2567 4092 2751 4131; x_wconf 90' lang='lat' dir='ltr'><strong>unum</strong></span> <span class='ocrx_word' id='word_1_624' title='bbox 2786 4073 2897 4130; x_wconf 85' lang='lat' dir='ltr'><strong>sibi</strong></span> <span class='ocrx_word' id='word_1_625' title='bbox 2925 4072 3241 4145; x_wconf 79' lang='lat' dir='ltr'><strong>ponunt“,</strong></span> <span class='ocrx_word' id='word_1_626' title='bbox 3265 4087 3330 4125; x_wconf 86' lang='lat' dir='ltr'><strong>ac</strong></span> <span class='ocrx_word' id='word_1_627' title='bbox 3352 4067 3712 4123; x_wconf 83' lang='lat' dir='ltr'><strong>Hierusalem</strong></span> <span class='ocrx_word' id='word_1_628' title='bbox 3737 4071 3796 4120; x_wconf 90' lang='lat' dir='ltr'><strong>et</strong></span> 
     </span>
    </p>
   </div>
   <div class='ocr_carea' id='block_1_84' title="bbox 2137 4156 3782 4237">
    <p class='ocr_par' dir='ltr' id='par_1_84' title="bbox 2137 4156 3782 4237">
     <span class='ocr_line' id='line_1_84' title="bbox 2137 4156 3782 4237; baseline -0.01 -12"><span class='ocrx_word' id='word_1_629' title='bbox 2137 4168 2405 4225; x_wconf 86' lang='lat' dir='ltr'><strong>Samaria</strong></span> <span class='ocrx_word' id='word_1_630' title='bbox 2435 4168 2504 4224; x_wconf 89' lang='lat' dir='ltr'><strong>ad</strong></span> <span class='ocrx_word' id='word_1_631' title='bbox 2539 4183 2718 4222; x_wconf 90' lang='lat' dir='ltr'><strong>unam</strong></span> <span class='ocrx_word' id='word_1_632' title='bbox 2746 4179 3063 4237; x_wconf 90' lang='lat' dir='ltr'><strong>supernam</strong></span> <span class='ocrx_word' id='word_1_633' title='bbox 3099 4158 3459 4216; x_wconf 86' lang='lat' dir='ltr'><strong>Hierusalem</strong></span> <span class='ocrx_word' id='word_1_634' title='bbox 3501 4156 3782 4228; x_wconf 88' lang='lat' dir='ltr'><strong>colligun-</strong></span> 
     </span>
    </p>
   </div>
   <div class='ocr_carea' id='block_1_85' title="bbox 2135 4247 3791 4328">
    <p class='ocr_par' dir='ltr' id='par_1_85' title="bbox 2135 4247 3791 4328">
     <span class='ocr_line' id='line_1_85' title="bbox 2135 4247 3791 4328; baseline -0.008 -15"><span class='ocrx_word' id='word_1_635' title='bbox 2135 4261 2252 4322; x_wconf 86' lang='lat' dir='ltr'><strong>tur,</strong></span> <span class='ocrx_word' id='word_1_636' title='bbox 2283 4273 2387 4312; x_wconf 88' lang='lat' dir='ltr'><strong>nec</strong></span> <span class='ocrx_word' id='word_1_637' title='bbox 2411 4257 2536 4328; x_wconf 91' lang='lat' dir='ltr'><strong>jam</strong></span> <span class='ocrx_word' id='word_1_638' title='bbox 2570 4255 2756 4324; x_wconf 85' lang='lat' dir='ltr'><strong>Pauli,</strong></span> <span class='ocrx_word' id='word_1_639' title='bbox 2787 4260 2844 4310; x_wconf 90' lang='lat' dir='ltr'><strong>et</strong></span> <span class='ocrx_word' id='word_1_640' title='bbox 2873 4252 3093 4325; x_wconf 87' lang='lat' dir='ltr'><strong>Apollo,</strong></span> <span class='ocrx_word' id='word_1_641' title='bbox 3127 4258 3181 4307; x_wconf 88' lang='lat' dir='ltr'><strong>et</strong></span> <span class='ocrx_word' id='word_1_642' title='bbox 3231 4249 3436 4322; x_wconf 63' lang='lat' dir='ltr'><strong>Cephea</strong></span> <span class='ocrx_word' id='word_1_643' title='bbox 3468 4247 3512 4281; x_wconf 69' lang='grc'><strong>⁸⁵</strong></span> <span class='ocrx_word' id='word_1_644' title='bbox 3555 4252 3791 4317; x_wconf 90' lang='lat' dir='ltr'><strong>propter</strong></span> 
     </span>
    </p>
   </div>
   <div class='ocr_carea' id='block_1_86' title="bbox 2137 4335 3792 4423">
    <p class='ocr_par' dir='ltr' id='par_1_86' title="bbox 2137 4335 3792 4423">
     <span class='ocr_line' id='line_1_86' title="bbox 2137 4335 3792 4423; baseline -0.009 -17"><span class='ocrx_word' id='word_1_645' title='bbox 2137 4353 2371 4423; x_wconf 89' lang='lat' dir='ltr'><strong>quos,et</strong></span> <span class='ocrx_word' id='word_1_646' title='bbox 2400 4349 2471 4402; x_wconf 92' lang='lat' dir='ltr'><strong>de</strong></span> <span class='ocrx_word' id='word_1_647' title='bbox 2501 4346 2722 4419; x_wconf 89' lang='lat' dir='ltr'><strong>quibus</strong></span> <span class='ocrx_word' id='word_1_648' title='bbox 2752 4345 3112 4401; x_wconf 87' lang='lat' dir='ltr'><strong>inﬂabantur</strong></span> <span class='ocrx_word' id='word_1_649' title='bbox 3143 4339 3554 4407; x_wconf 89' lang='lat' dir='ltr'><strong>animi,verum</strong></span> <span class='ocrx_word' id='word_1_650' title='bbox 3576 4335 3792 4395; x_wconf 83' lang='lat' dir='ltr'><strong>Christi</strong></span> 
     </span>
    </p>
   </div>
   <div class='ocr_carea' id='block_1_87' title="bbox 2139 4436 2776 4495">
    <p class='ocr_par' dir='ltr' id='par_1_87' title="bbox 2139 4436 2776 4495">
     <span class='ocr_line' id='line_1_87' title="bbox 2139 4436 2776 4495; baseline -0.008 0"><span class='ocrx_word' id='word_1_651' title='bbox 2139 4455 2344 4495; x_wconf 88' lang='lat' dir='ltr'><strong>omnes</strong></span> <span class='ocrx_word' id='word_1_652' title='bbox 2377 4436 2512 4493; x_wconf 87' lang='lat' dir='ltr'><strong>facti</strong></span> <span class='ocrx_word' id='word_1_653' title='bbox 2544 4453 2776 4492; x_wconf 86' lang='lat' dir='ltr'><strong>sumus.</strong></span> 
     </span>
    </p>
   </div>
   <div class='ocr_carea' id='block_1_88' title="bbox 367 4609 2024 4716">
    <p class='ocr_par' dir='ltr' id='par_1_88' title="bbox 367 4609 2024 4716">
     <span class='ocr_line' id='line_1_88' title="bbox 440 4609 2008 4680; baseline 0.008 -18"><span class='ocrx_word' id='word_1_654' title='bbox 440 4609 484 4644; x_wconf 78' lang='grc'><strong>³⁸</strong></span> <span class='ocrx_word' id='word_1_655' title='bbox 517 4609 561 4663; x_wconf 83' lang='grc' dir='ltr'><strong>ΙΙ</strong></span> <span class='ocrx_word' id='word_1_656' title='bbox 617 4609 747 4665; x_wconf 90' lang='lat' dir='ltr'><strong>Cor.</strong></span> <span class='ocrx_word' id='word_1_657' title='bbox 807 4627 889 4676; x_wconf 79' lang='lat' dir='ltr'><strong>vr,</strong></span> <span class='ocrx_word' id='word_1_658' title='bbox 945 4612 999 4665; x_wconf 91' lang='lat'><strong>7.</strong></span> <span class='ocrx_word' id='word_1_659' title='bbox 1065 4613 1110 4648; x_wconf 80' lang='grc'><strong>³⁷</strong></span> <span class='ocrx_word' id='word_1_660' title='bbox 1166 4614 1332 4670; x_wconf 89' lang='lat' dir='ltr'><strong>Rom.</strong></span> <span class='ocrx_word' id='word_1_661' title='bbox 1391 4634 1445 4680; x_wconf 80' lang='grc' dir='ltr'><strong>ν,</strong></span> <span class='ocrx_word' id='word_1_662' title='bbox 1504 4617 1557 4669; x_wconf 82' lang='grc'><strong>5.</strong></span> <span class='ocrx_word' id='word_1_663' title='bbox 1619 4618 1662 4652; x_wconf 75' lang='grc'><strong>³⁸</strong></span> <span class='ocrx_word' id='word_1_664' title='bbox 1729 4619 1892 4673; x_wconf 87' lang='lat' dir='ltr'><strong>Prov.</strong></span> <span class='ocrx_word' id='word_1_665' title='bbox 1955 4637 2008 4674; x_wconf 85' lang='lat' dir='ltr'><strong>1x</strong></span> 
     </span>
     <span class='ocr_line' id='line_1_89' title="bbox 367 4662 2024 4716; baseline 0 0"><span class='ocrx_word' id='word_1_666' title='bbox 367 4682 414 4716; x_wconf 71' lang='grc' dir='ltr'><strong>ιι</strong></span> <span class='ocrx_word' id='word_1_667' title='bbox 480 4681 611 4716; x_wconf 67' lang='lat' dir='ltr'><strong>Imm</strong></span> <span class='ocrx_word' id='word_1_668' title='bbox 668 4697 722 4716; x_wconf 63' lang='grc' dir='ltr'><strong>τι</strong></span> <span class='ocrx_word' id='word_1_669' title='bbox 779 4683 847 4716; x_wconf 57' lang='lat' dir='ltr'><strong>ac)</strong></span> <span class='ocrx_word' id='word_1_670' title='bbox 901 4683 946 4716; x_wconf 66' lang='grc' dir='ltr'>ιδ</span> <span class='ocrx_word' id='word_1_671' title='bbox 981 4684 1106 4716; x_wconf 58' lang='lat' dir='ltr'><strong>nan:</strong></span> <span class='ocrx_word' id='word_1_672' title='bbox 1157 4703 1248 4716; x_wconf 85' lang='lat'><strong>....</strong></span> <span class='ocrx_word' id='word_1_673' title='bbox 1299 4688 1365 4716; x_wconf 61' lang='grc' dir='ltr'><strong>με</strong></span> <span class='ocrx_word' id='word_1_674' title='bbox 1419 4688 1601 4716; x_wconf 72' lang='lat' dir='ltr'><strong>un..-</strong></span> <span class='ocrx_word' id='word_1_675' title='bbox 1659 4707 1676 4716; x_wconf 93' lang='lat'><strong>-</strong></span> <span class='ocrx_word' id='word_1_676' title='bbox 1732 4691 1788 4716; x_wconf 72' lang='grc' dir='ltr'><strong><em>ΑΔ</em></strong></span> <span class='ocrx_word' id='word_1_677' title='bbox 1853 4662 2024 4716; x_wconf 60' lang='lat' dir='ltr'><strong>ut,&quot;</strong></span> 
     </span>
    </p>
   </div>
   <div class='ocr_carea' id='block_1_89' title="bbox 2141 4609 3791 4716">
    <p class='ocr_par' dir='ltr' id='par_1_89' title="bbox 2141 4610 3791 4716">
     <span class='ocr_line' id='line_1_90' title="bbox 2141 4610 3791 4716; baseline -0.004 -43"><span class='ocrx_word' id='word_1_678' title='bbox 2141 4620 2302 4716; x_wconf 54' lang='lat' dir='ltr'><strong>msl’ll</strong></span> <span class='ocrx_word' id='word_1_679' title='bbox 2358 4618 2486 4674; x_wconf 88' lang='lat' dir='ltr'><strong>Cor.</strong></span> <span class='ocrx_word' id='word_1_680' title='bbox 2544 4635 2623 4685; x_wconf 84' lang='lat' dir='ltr'><strong>v1,</strong></span> <span class='ocrx_word' id='word_1_681' title='bbox 2660 4619 2743 4673; x_wconf 90' lang='grc'><strong>13.</strong></span> <span class='ocrx_word' id='word_1_682' title='bbox 2806 4619 2852 4654; x_wconf 78' lang='grc'><strong>⁴⁰</strong></span> <span class='ocrx_word' id='word_1_683' title='bbox 2899 4623 3008 4685; x_wconf 86' lang='lat' dir='ltr'><strong>Isa,</strong></span> <span class='ocrx_word' id='word_1_684' title='bbox 3054 4633 3191 4686; x_wconf 79' lang='lat' dir='ltr'><strong>XLII,</strong></span> <span class='ocrx_word' id='word_1_685' title='bbox 3224 4617 3310 4670; x_wconf 86' lang='grc'>14.</span> <span class='ocrx_word' id='word_1_686' title='bbox 3387 4615 3428 4649; x_wconf 69' lang='grc'>⁸³</span> <span class='ocrx_word' id='word_1_687' title='bbox 3466 4615 3603 4668; x_wconf 91' lang='lat' dir='ltr'><strong>Luc.</strong></span> <span class='ocrx_word' id='word_1_688' title='bbox 3634 4629 3673 4677; x_wconf 84' lang='grc' dir='ltr'>ι,</span> <span class='ocrx_word' id='word_1_689' title='bbox 3703 4610 3791 4666; x_wconf 85' lang='grc'><strong>20.</strong></span> 
     </span>
    </p>
   </div>
   <div class='ocr_carea' id='block_1_90' title="bbox 468 4681 2024 4760">
    <p class='ocr_par' dir='ltr' id='par_1_90' title="bbox 468 4681 2024 4758">
     <span class='ocr_line' id='line_1_91' title="bbox 468 4681 2024 4758; baseline 0.003 -21"><span class='ocrx_word' id='word_1_690' title='bbox 468 4681 636 4737; x_wconf 89' lang='lat' dir='ltr'><strong>Joan.</strong></span> <span class='ocrx_word' id='word_1_691' title='bbox 668 4697 747 4754; x_wconf 86' lang='lat' dir='ltr'><strong>x1,</strong></span> <span class='ocrx_word' id='word_1_692' title='bbox 777 4683 869 4738; x_wconf 87' lang='lat'><strong>52.</strong></span> <span class='ocrx_word' id='word_1_693' title='bbox 901 4683 946 4719; x_wconf 74' lang='lat'><strong>‘3</strong></span> <span class='ocrx_word' id='word_1_694' title='bbox 977 4684 1131 4740; x_wconf 86' lang='lat' dir='ltr'><strong>Psal.</strong></span> <span class='ocrx_word' id='word_1_695' title='bbox 1157 4703 1269 4755; x_wconf 87' lang='lat' dir='ltr'><strong>LIV,</strong></span> <span class='ocrx_word' id='word_1_696' title='bbox 1299 4688 1384 4742; x_wconf 87' lang='grc'><strong>15.</strong></span> <span class='ocrx_word' id='word_1_697' title='bbox 1419 4689 1463 4722; x_wconf 83' lang='lat'><strong>“</strong></span> <span class='ocrx_word' id='word_1_698' title='bbox 1494 4688 1623 4744; x_wconf 88' lang='lat' dir='ltr'><strong>Ose.</strong></span> <span class='ocrx_word' id='word_1_699' title='bbox 1659 4707 1698 4758; x_wconf 82' lang='grc' dir='ltr'>ι,</span> <span class='ocrx_word' id='word_1_700' title='bbox 1731 4691 1818 4745; x_wconf 92' lang='grc'>11.</span> <span class='ocrx_word' id='word_1_701' title='bbox 1853 4692 1897 4726; x_wconf 67' lang='grc'><strong>⁸⁵</strong></span> <span class='ocrx_word' id='word_1_702' title='bbox 1925 4691 1948 4746; x_wconf 91' lang='grc' dir='ltr'><strong>Ι</strong></span> <span class='ocrx_word' id='word_1_703' title='bbox 1978 4681 2024 4746; x_wconf 69' lang='grc' dir='ltr'><strong>Ο]</strong></span> 
     </span>
    </p>
   </div>
   <div class='ocr_carea' id='block_1_91' title="bbox 2141 4681 2302 4760">
    <p class='ocr_par' dir='ltr' id='par_1_91' title="bbox 2141 4691 2302 4760">
     <span class='ocr_line' id='line_1_92' title="bbox 2141 4691 2302 4760; baseline -0.006 -13"><span class='ocrx_word' id='word_1_704' title='bbox 2141 4708 2224 4760; x_wconf 88' lang='grc' dir='ltr'>ιιι,</span> <span class='ocrx_word' id='word_1_705' title='bbox 2250 4691 2302 4746; x_wconf 86' lang='grc'><strong>4.</strong></span> 
     </span>
    </p>
   </div>
   <div class='ocr_carea' id='block_1_92' title="bbox 461 4876 2104 4967">
    <p class='ocr_par' dir='ltr' id='par_1_92' title="bbox 461 4876 2104 4967">
     <span class='ocr_line' id='line_1_93' title="bbox 461 4876 2104 4967; baseline 0.009 -36"><span class='ocrx_word' id='word_1_706' title='bbox 461 4876 970 4967; x_wconf 12' lang='grc' dir='ltr'>ρυῃΣυνασθενεῖγ.</span> <span class='ocrx_word' id='word_1_707' title='bbox 1025 4901 1053 4929; x_wconf 90' lang='grc'><strong>‹‹</strong></span> <span class='ocrx_word' id='word_1_708' title='bbox 1086 4881 1230 4938; x_wconf 88' lang='lat' dir='ltr'><strong>Cum</strong></span> <span class='ocrx_word' id='word_1_709' title='bbox 1291 4883 1523 4940; x_wconf 85' lang='lat' dir='ltr'><strong>inﬁrmo</strong></span> <span class='ocrx_word' id='word_1_710' title='bbox 1582 4886 1854 4943; x_wconf 86' lang='lat' dir='ltr'><strong>inﬁrmus</strong></span> <span class='ocrx_word' id='word_1_711' title='bbox 1912 4889 2104 4967; x_wconf 83' lang='lat' dir='ltr'><strong>simD</strong></span> 
     </span>
    </p>
   </div>
   <div class='ocr_carea' id='block_1_93' title="bbox 369 4950 1168 5007">
    <p class='ocr_par' dir='ltr' id='par_1_93' title="bbox 369 4950 1168 5007">
     <span class='ocr_line' id='line_1_94' title="bbox 369 4950 1168 5007; baseline -0.004 -3"><span class='ocrx_word' id='word_1_712' title='bbox 369 4950 670 5005; x_wconf 85' lang='lat' dir='ltr'><strong>infirmum</strong></span> <span class='ocrx_word' id='word_1_713' title='bbox 705 4967 799 5006; x_wconf 91' lang='lat' dir='ltr'><strong>me</strong></span> <span class='ocrx_word' id='word_1_714' title='bbox 824 4951 1106 5007; x_wconf 88' lang='lat' dir='ltr'><strong>exibeam.</strong></span> <span class='ocrx_word' id='word_1_715' title='bbox 1139 4975 1168 5004; x_wconf 85' lang='grc'><strong>›)</strong></span> 
     </span>
    </p>
   </div>
   <div class='ocr_carea' id='block_1_94' title="bbox 438 5018 1706 5110">
    <p class='ocr_par' dir='ltr' id='par_1_94' title="bbox 438 5018 1706 5110">
     <span class='ocr_line' id='line_1_95' title="bbox 438 5018 1706 5110; baseline 0.006 -36"><span class='ocrx_word' id='word_1_716' title='bbox 582 5018 742 5110; x_wconf 48' lang='grc' dir='ltr'>Ἀλλ’</span> <span class='ocrx_word' id='word_1_717' title='bbox 772 5019 871 5075; x_wconf 80' lang='grc' dir='ltr'><strong>οὐκ</strong></span> <span class='ocrx_word' id='word_1_718' title='bbox 900 5020 1070 5110; x_wconf 75' lang='grc' dir='ltr'>ἐμῶν.</span> <span class='ocrx_word' id='word_1_719' title='bbox 1106 5025 1308 5110; x_wconf 44' lang='lat' dir='ltr'><strong>«“Reg.</strong></span> <span class='ocrx_word' id='word_1_720' title='bbox 1329 5027 1565 5110; x_wconf 42' lang='lat' dir='ltr'><strong>.huani‘</strong></span> <span class='ocrx_word' id='word_1_721' title='bbox 1590 5027 1706 5110; x_wconf 74' lang='grc' dir='ltr'>ούκ,</span> 
     </span>
    </p>
   </div>
   <div class='ocr_carea' id='block_1_95' title="bbox 439 5091 1669 5167">
    <p class='ocr_par' dir='ltr' id='par_1_95' title="bbox 439 5091 1669 5167">
     <span class='ocr_line' id='line_1_96' title="bbox 439 5091 1669 5167; baseline 0.008 -21"><span class='ocrx_word' id='word_1_722' title='bbox 439 5091 550 5167; x_wconf 79' lang='grc'>(96)</span> <span class='ocrx_word' id='word_1_723' title='bbox 583 5093 685 5147; x_wconf 84' lang='grc' dir='ltr'>Καὶ</span> <span class='ocrx_word' id='word_1_724' title='bbox 715 5091 1092 5167; x_wconf 80' lang='grc' dir='ltr'>τραχυτέροις.</span> <span class='ocrx_word' id='word_1_725' title='bbox 1128 5091 1300 5152; x_wconf 67' lang='lat' dir='ltr'><strong>Deest</strong></span> <span class='ocrx_word' id='word_1_726' title='bbox 1325 5097 1383 5152; x_wconf 91' lang='lat' dir='ltr'><strong>in</strong></span> <span class='ocrx_word' id='word_1_727' title='bbox 1417 5091 1590 5156; x_wconf 87' lang='lat' dir='ltr'><strong>Coiel.</strong></span> <span class='ocrx_word' id='word_1_728' title='bbox 1619 5103 1669 5156; x_wconf 88' lang='grc'>1.</span> 
     </span>
    </p>
   </div>
   <div class='ocr_carea' id='block_1_96' title="bbox 363 5165 2022 5292">
    <p class='ocr_par' dir='ltr' id='par_1_96' title="bbox 363 5165 2022 5292">
     <span class='ocr_line' id='line_1_97' title="bbox 363 5165 2022 5292; baseline -0.026 -31"><span class='ocrx_word' id='word_1_729' title='bbox 363 5165 544 5292; x_wconf 53' lang='lat' dir='ltr'><strong>“0(ng</strong></span> <span class='ocrx_word' id='word_1_730' title='bbox 577 5168 688 5286; x_wconf 55' lang='grc' dir='ltr'><strong>»Τῷ</strong></span> <span class='ocrx_word' id='word_1_731' title='bbox 742 5165 1028 5237; x_wconf 54' lang='grc' dir='ltr'>μέλλοντι.</span> <span class='ocrx_word' id='word_1_732' title='bbox 1087 5188 1108 5216; x_wconf 80' lang='grc' dir='ltr'>ι</span> <span class='ocrx_word' id='word_1_733' title='bbox 1172 5169 1376 5224; x_wconf 88' lang='lat' dir='ltr'><strong>Futuri</strong></span> <span class='ocrx_word' id='word_1_734' title='bbox 1438 5187 1542 5244; x_wconf 90' lang='lat' dir='ltr'><strong>spe</strong></span> <span class='ocrx_word' id='word_1_735' title='bbox 1597 5178 1655 5228; x_wconf 88' lang='lat' dir='ltr'><strong>et</strong></span> <span class='ocrx_word' id='word_1_736' title='bbox 1725 5179 2022 5246; x_wconf 81' lang='lat' dir='ltr'><strong>exspecta-</strong></span> 
     </span>
    </p>
   </div>
   <div class='ocr_carea' id='block_1_97' title="bbox 391 5253 604 5293">
    <p class='ocr_par' dir='ltr' id='par_1_97' title="bbox 391 5253 604 5293">
     <span class='ocr_line' id='line_1_98' title="bbox 391 5253 604 5293; baseline 0.005 -3"><span class='ocrx_word' id='word_1_737' title='bbox 391 5253 543 5293; x_wconf 76' lang='lat'><strong>10118.</strong></span> <span class='ocrx_word' id='word_1_738' title='bbox 577 5259 604 5286; x_wconf 66' lang='grc' dir='ltr'><strong>η</strong></span> 
     </span>
    </p>
   </div>
   <div class='ocr_carea' id='block_1_98' title="bbox 437 5305 2022 5386">
    <p class='ocr_par' dir='ltr' id='par_1_98' title="bbox 437 5305 2022 5386">
     <span class='ocr_line' id='line_1_99' title="bbox 437 5305 2022 5386; baseline 0.007 -25"><span class='ocrx_word' id='word_1_739' title='bbox 437 5309 549 5378; x_wconf 88' lang='lat'><strong>(98)</strong></span> <span class='ocrx_word' id='word_1_740' title='bbox 592 5305 925 5382; x_wconf 83' lang='grc' dir='ltr'>Προτίθημι,</span> <span class='ocrx_word' id='word_1_741' title='bbox 986 5314 1097 5386; x_wconf 57' lang='grc' dir='ltr'><strong>(δίοἶ</strong></span> <span class='ocrx_word' id='word_1_742' title='bbox 1156 5317 1593 5386; x_wconf 42' lang='lat' dir='ltr'><strong>«usermonum</strong></span> <span class='ocrx_word' id='word_1_743' title='bbox 1654 5314 2022 5386; x_wconf 85' lang='lat' dir='ltr'><strong>spiritualem</strong></span> 
     </span>
    </p>
   </div>
   <div class='ocr_carea' id='block_1_99' title="bbox 367 5383 1998 5459">
    <p class='ocr_par' dir='ltr' id='par_1_99' title="bbox 367 5383 1998 5459">
     <span class='ocr_line' id='line_1_100' title="bbox 367 5383 1998 5459; baseline 0.009 -28"><span class='ocrx_word' id='word_1_744' title='bbox 367 5393 634 5459; x_wconf 64' lang='lat' dir='ltr'><strong>mensam</strong></span> <span class='ocrx_word' id='word_1_745' title='bbox 693 5399 948 5459; x_wconf 69' lang='lat' dir='ltr'><strong>appono.</strong></span> <span class='ocrx_word' id='word_1_746' title='bbox 985 5383 1137 5459; x_wconf 70' lang='grc' dir='ltr'>»δίο</span> <span class='ocrx_word' id='word_1_747' title='bbox 1196 5383 1464 5459; x_wconf 76' lang='lat' dir='ltr'><strong>Nobilius</strong></span> <span class='ocrx_word' id='word_1_748' title='bbox 1523 5403 1591 5441; x_wconf 85' lang='lat' dir='ltr'><strong>ex</strong></span> <span class='ocrx_word' id='word_1_749' title='bbox 1648 5383 1998 5459; x_wconf 70' lang='lat' dir='ltr'><strong>Symmacho</strong></span> 
     </span>
    </p>
   </div>
   <div class='ocr_carea' id='block_1_100' title="bbox 367 5433 2023 5534">
    <p class='ocr_par' dir='ltr' id='par_1_100' title="bbox 367 5433 2023 5534">
     <span class='ocr_line' id='line_1_101' title="bbox 367 5433 2023 5534; baseline 0.009 -32"><span class='ocrx_word' id='word_1_750' title='bbox 367 5447 532 5534; x_wconf 46' lang='lat' dir='ltr'><strong>Prov;</strong></span> <span class='ocrx_word' id='word_1_751' title='bbox 584 5433 892 5534; x_wconf 56' lang='lat' dir='ltr'><strong>1x,rubi</strong></span> <span class='ocrx_word' id='word_1_752' title='bbox 950 5453 1130 5534; x_wconf 78' lang='lat' dir='ltr'><strong>semel</strong></span> <span class='ocrx_word' id='word_1_753' title='bbox 1188 5461 1256 5534; x_wconf 32' lang='lat' dir='ltr'><strong>et‘</strong></span> <span class='ocrx_word' id='word_1_754' title='bbox 1299 5455 1512 5534; x_wconf 82' lang='lat' dir='ltr'><strong>iterum</strong></span> <span class='ocrx_word' id='word_1_755' title='bbox 1571 5433 2023 5534; x_wconf 39' lang='lat' dir='ltr'><strong>nPZJéB&#39;ﬁlEIErvé</strong></span> 
     </span>
    </p>
   </div>
   <div class='ocr_carea' id='block_1_101' title="bbox 367 5519 1490 5600">
    <p class='ocr_par' dir='ltr' id='par_1_101' title="bbox 367 5519 1490 5600">
     <span class='ocr_line' id='line_1_102' title="bbox 367 5519 1490 5600; baseline 0.01 -28"><span class='ocrx_word' id='word_1_756' title='bbox 367 5519 664 5600; x_wconf 44' lang='grc' dir='ltr'>προέθηκε..</span> <span class='ocrx_word' id='word_1_757' title='bbox 692 5523 753 5576; x_wconf 81' lang='lat' dir='ltr'><strong>In</strong></span> <span class='ocrx_word' id='word_1_758' title='bbox 789 5523 926 5600; x_wconf 69' lang='lat' dir='ltr'><strong>Reg.</strong></span> <span class='ocrx_word' id='word_1_759' title='bbox 952 5542 1006 5590; x_wconf 68' lang='grc' dir='ltr'><strong>θ..</strong></span> <span class='ocrx_word' id='word_1_760' title='bbox 1045 5527 1208 5600; x_wconf 67' lang='lat' dir='ltr'><strong>deest</strong></span> <span class='ocrx_word' id='word_1_761' title='bbox 1241 5525 1490 5600; x_wconf 73' lang='grc' dir='ltr'>λογικήν.</span> 
     </span>
    </p>
   </div>
   <div class='ocr_carea' id='block_1_102' title="bbox 443 5590 1793 5680">
    <p class='ocr_par' dir='ltr' id='par_1_102' title="bbox 443 5590 1793 5680">
     <span class='ocr_line' id='line_1_103' title="bbox 443 5590 1793 5680; baseline 0.006 -34"><span class='ocrx_word' id='word_1_762' title='bbox 443 5590 852 5680; x_wconf 56' lang='grc' dir='ltr'>(99)ηᾏένναον.</span> <span class='ocrx_word' id='word_1_763' title='bbox 874 5590 1020 5680; x_wconf 54' lang='grc' dir='ltr'>ἶξρς.</span> <span class='ocrx_word' id='word_1_764' title='bbox 1053 5597 1176 5663; x_wconf 86' lang='lat' dir='ltr'><strong>bm,</strong></span> <span class='ocrx_word' id='word_1_765' title='bbox 1211 5590 1467 5680; x_wconf 53' lang='grc' dir='ltr'><strong>(δῖ-ῥοῇς).</strong></span> <span class='ocrx_word' id='word_1_766' title='bbox 1501 5601 1553 5667; x_wconf 82' lang='grc'>1,</span> <span class='ocrx_word' id='word_1_767' title='bbox 1585 5599 1793 5680; x_wconf 74' lang='grc' dir='ltr'>ἀέναον.</span> 
     </span>
    </p>
   </div>
   <div class='ocr_carea' id='block_1_103' title="bbox 472 5665 1913 5729">
    <p class='ocr_par' dir='ltr' id='par_1_103' title="bbox 472 5665 1913 5729">
     <span class='ocr_line' id='line_1_104' title="bbox 472 5665 1913 5729; baseline 0.007 -10"><span class='ocrx_word' id='word_1_768' title='bbox 472 5665 520 5729; x_wconf 90' lang='grc'><strong>1)</strong></span> <span class='ocrx_word' id='word_1_769' title='bbox 547 5668 610 5718; x_wconf 85' lang='grc' dir='ltr'><strong>Ἠ</strong></span> <span class='ocrx_word' id='word_1_770' title='bbox 640 5665 809 5718; x_wconf 69' lang='grc' dir='ltr'>κάτω.</span> <span class='ocrx_word' id='word_1_771' title='bbox 847 5688 874 5715; x_wconf 84' lang='grc'><strong>‹‹</strong></span> <span class='ocrx_word' id='word_1_772' title='bbox 906 5665 1179 5725; x_wconf 72' lang='lat' dir='ltr'><strong>Terrena.</strong></span> <span class='ocrx_word' id='word_1_773' title='bbox 1205 5693 1230 5720; x_wconf 88' lang='grc'><strong>››</strong></span> <span class='ocrx_word' id='word_1_774' title='bbox 1266 5673 1490 5728; x_wconf 88' lang='lat' dir='ltr'><strong>Billius.</strong></span> <span class='ocrx_word' id='word_1_775' title='bbox 1526 5665 1552 5723; x_wconf 60' lang='lat' dir='ltr'><strong>ci</strong></span> <span class='ocrx_word' id='word_1_776' title='bbox 1589 5674 1848 5729; x_wconf 74' lang='lat' dir='ltr'><strong>interior.</strong></span> <span class='ocrx_word' id='word_1_777' title='bbox 1886 5697 1913 5723; x_wconf 84' lang='lat'>»</span> 
     </span>
    </p>
   </div>
   <div class='ocr_carea' id='block_1_104' title="bbox 369 5665 2018 5879">
    <p class='ocr_par' dir='ltr' id='par_1_104' title="bbox 369 5665 2018 5879">
     <span class='ocr_line' id='line_1_105' title="bbox 441 5665 1913 5806; baseline 0.007 -87"><span class='ocrx_word' id='word_1_778' title='bbox 441 5665 520 5806; x_wconf 62' lang='grc'><strong>(1)</strong></span> <span class='ocrx_word' id='word_1_779' title='bbox 543 5668 610 5753; x_wconf 60' lang='lat' dir='ltr'><strong>:H</strong></span> <span class='ocrx_word' id='word_1_780' title='bbox 640 5665 809 5718; x_wconf 69' lang='grc' dir='ltr'>κάτω.</span> <span class='ocrx_word' id='word_1_781' title='bbox 847 5688 874 5715; x_wconf 84' lang='grc'><strong>‹‹</strong></span> <span class='ocrx_word' id='word_1_782' title='bbox 906 5665 1179 5725; x_wconf 72' lang='lat' dir='ltr'><strong>Terrena.</strong></span> <span class='ocrx_word' id='word_1_783' title='bbox 1205 5693 1230 5720; x_wconf 88' lang='grc'><strong>››</strong></span> <span class='ocrx_word' id='word_1_784' title='bbox 1266 5673 1490 5728; x_wconf 88' lang='lat' dir='ltr'><strong>Billius.</strong></span> <span class='ocrx_word' id='word_1_785' title='bbox 1526 5665 1552 5723; x_wconf 66' lang='grc' dir='ltr'><strong>(ὲ</strong></span> <span class='ocrx_word' id='word_1_786' title='bbox 1589 5674 1848 5729; x_wconf 74' lang='lat' dir='ltr'><strong>interior.</strong></span> <span class='ocrx_word' id='word_1_787' title='bbox 1886 5697 1913 5723; x_wconf 84' lang='lat'>»</span> 
     </span>
     <span class='ocr_line' id='line_1_106' title="bbox 369 5735 2018 5879; baseline 0.007 -90"><span class='ocrx_word' id='word_1_788' title='bbox 369 5739 520 5879; x_wconf 49' lang='grc' dir='ltr'><strong>ὡςΞι.</strong></span> <span class='ocrx_word' id='word_1_789' title='bbox 561 5735 686 5790; x_wconf 80' lang='grc' dir='ltr'>Ωσεὶ</span> <span class='ocrx_word' id='word_1_790' title='bbox 744 5735 1021 5794; x_wconf 84' lang='grc' dir='ltr'>τίκτουσα.</span> <span class='ocrx_word' id='word_1_791' title='bbox 1083 5740 1219 5813; x_wconf 84' lang='lat' dir='ltr'><strong>Reg.</strong></span> <span class='ocrx_word' id='word_1_792' title='bbox 1253 5744 1354 5816; x_wconf 85' lang='lat' dir='ltr'><strong>hu,</strong></span> <span class='ocrx_word' id='word_1_793' title='bbox 1387 5743 1559 5802; x_wconf 86' lang='lat' dir='ltr'><strong>Coisl.</strong></span> <span class='ocrx_word' id='word_1_794' title='bbox 1620 5749 1672 5811; x_wconf 83' lang='lat'><strong>1,</strong></span> <span class='ocrx_word' id='word_1_795' title='bbox 1707 5748 1890 5803; x_wconf 83' lang='lat' dir='ltr'><strong>Oxon.</strong></span> <span class='ocrx_word' id='word_1_796' title='bbox 1923 5747 2018 5802; x_wconf 81' lang='lat' dir='ltr'><strong>0r.</strong></span> 
     </span>
    </p>
   </div>
   <div class='ocr_carea' id='block_1_105' title="bbox 2207 4881 3395 4962">
    <p class='ocr_par' dir='ltr' id='par_1_105' title="bbox 2207 4881 3395 4962">
     <span class='ocr_line' id='line_1_107' title="bbox 2207 4881 3395 4962; baseline -0.009 -17"><span class='ocrx_word' id='word_1_797' title='bbox 2207 4890 2284 4962; x_wconf 90' lang='grc'>(3)</span> <span class='ocrx_word' id='word_1_798' title='bbox 2317 4886 2516 4961; x_wconf 83' lang='grc' dir='ltr'>Λόγου.</span> <span class='ocrx_word' id='word_1_799' title='bbox 2553 4887 2731 4962; x_wconf 73' lang='lat' dir='ltr'><strong>Regg.</strong></span> <span class='ocrx_word' id='word_1_800' title='bbox 2766 4904 2817 4957; x_wconf 79' lang='lat' dir='ltr'><strong>a,</strong></span> <span class='ocrx_word' id='word_1_801' title='bbox 2852 4886 3040 4962; x_wconf 87' lang='lat' dir='ltr'><strong>et_hu,</strong></span> <span class='ocrx_word' id='word_1_802' title='bbox 3071 4887 3168 4962; x_wconf 66' lang='grc' dir='ltr'><strong>τοῦ</strong></span> <span class='ocrx_word' id='word_1_803' title='bbox 3199 4881 3395 4962; x_wconf 42' lang='grc' dir='ltr'><strong>ῥύγουίἒ</strong></span> 
     </span>
    </p>
   </div>
   <div class='ocr_carea' id='block_1_106' title="bbox 2210 4950 3792 5032">
    <p class='ocr_par' dir='ltr' id='par_1_106' title="bbox 2210 4950 3792 5032">
     <span class='ocr_line' id='line_1_108' title="bbox 2210 4950 3792 5032; baseline -0.008 -16"><span class='ocrx_word' id='word_1_804' title='bbox 2210 4950 2286 5032; x_wconf 81' lang='grc'><strong>(4)</strong></span> <span class='ocrx_word' id='word_1_805' title='bbox 2345 4950 2847 5031; x_wconf 65' lang='grc' dir='ltr'>Διεσκορπιὲμένα’.</span> <span class='ocrx_word' id='word_1_806' title='bbox 2909 4950 3050 5014; x_wconf 79' lang='lat' dir='ltr'><strong>Tres</strong></span> <span class='ocrx_word' id='word_1_807' title='bbox 3123 4950 3306 5022; x_wconf 65' lang='lat' dir='ltr'><strong>Colb.,</strong></span> <span class='ocrx_word' id='word_1_808' title='bbox 3364 4954 3479 5008; x_wconf 73' lang='grc' dir='ltr'><strong>ΟΡ.</strong></span> <span class='ocrx_word' id='word_1_809' title='bbox 3542 4955 3667 5006; x_wconf 84' lang='lat' dir='ltr'><strong>etc.</strong></span> <span class='ocrx_word' id='word_1_810' title='bbox 3724 4950 3792 5004; x_wconf 80' lang='grc' dir='ltr'>τὰ</span> 
     </span>
    </p>
   </div>
   <div class='ocr_carea' id='block_1_107' title="bbox 2137 5029 2578 5104">
    <p class='ocr_par' dir='ltr' id='par_1_107' title="bbox 2137 5029 2578 5104">
     <span class='ocr_line' id='line_1_109' title="bbox 2137 5029 2578 5104; baseline -0.005 -18"><span class='ocrx_word' id='word_1_811' title='bbox 2137 5029 2578 5104; x_wconf 78' lang='grc' dir='ltr'>διεσκορπιμένα.</span> 
     </span>
    </p>
   </div>
   <div class='ocr_carea' id='block_1_108' title="bbox 2206 5095 3793 5176">
    <p class='ocr_par' dir='ltr' id='par_1_108' title="bbox 2206 5095 3793 5176">
     <span class='ocr_line' id='line_1_110' title="bbox 2206 5095 3793 5176; baseline -0.007 -16"><span class='ocrx_word' id='word_1_812' title='bbox 2206 5106 2283 5176; x_wconf 87' lang='grc'>(5)</span> <span class='ocrx_word' id='word_1_813' title='bbox 2323 5095 2435 5176; x_wconf 71' lang='grc' dir='ltr'><strong>Κοιῖ</strong></span> <span class='ocrx_word' id='word_1_814' title='bbox 2481 5100 2998 5176; x_wconf 39' lang='grc' dir='ltr'>κατατοξευθέντες.-</span> <span class='ocrx_word' id='word_1_815' title='bbox 3027 5102 3157 5176; x_wconf 53' lang='lat' dir='ltr'><strong>Haec</strong></span> <span class='ocrx_word' id='word_1_816' title='bbox 3216 5103 3274 5176; x_wconf 92' lang='lat' dir='ltr'><strong>et_</strong></span> <span class='ocrx_word' id='word_1_817' title='bbox 3325 5095 3668 5176; x_wconf 42' lang='lat' dir='ltr'><strong>sequentiah</strong></span> <span class='ocrx_word' id='word_1_818' title='bbox 3692 5111 3793 5176; x_wconf 72' lang='lat' dir='ltr'><strong>us—</strong></span> 
     </span>
    </p>
   </div>
   <div class='ocr_carea' id='block_1_109' title="bbox 2135 5165 3790 5304">
    <p class='ocr_par' dir='ltr' id='par_1_109' title="bbox 2135 5165 3790 5304">
     <span class='ocr_line' id='line_1_111' title="bbox 2135 5165 3790 5304; baseline -0.005 -73"><span class='ocrx_word' id='word_1_819' title='bbox 2135 5165 2346 5304; x_wconf 40' lang='lat' dir='ltr'><strong>qgi‘glad</strong></span> <span class='ocrx_word' id='word_1_820' title='bbox 2376 5174 2533 5245; x_wconf 82' lang='grc' dir='ltr'>ὣστε,</span> <span class='ocrx_word' id='word_1_821' title='bbox 2566 5165 2708 5244; x_wconf 71' lang='grc' dir='ltr'>οίο.,’</span> <span class='ocrx_word' id='word_1_822' title='bbox 2733 5165 2948 5231; x_wconf 87' lang='lat' dir='ltr'><strong>desunt</strong></span> <span class='ocrx_word' id='word_1_823' title='bbox 2985 5173 3044 5227; x_wconf 92' lang='lat' dir='ltr'><strong>in</strong></span> <span class='ocrx_word' id='word_1_824' title='bbox 3092 5175 3226 5244; x_wconf 81' lang='lat' dir='ltr'><strong>Reg.</strong></span> <span class='ocrx_word' id='word_1_825' title='bbox 3262 5171 3386 5237; x_wconf 83' lang='lat' dir='ltr'><strong>bm,</strong></span> <span class='ocrx_word' id='word_1_826' title='bbox 3408 5165 3600 5224; x_wconf 75' lang='lat' dir='ltr'><strong>tribus</strong></span> <span class='ocrx_word' id='word_1_827' title='bbox 3630 5165 3790 5223; x_wconf 78' lang='lat' dir='ltr'><strong>Colb.</strong></span> 
     </span>
     <span class='ocr_line' id='line_1_112' title="bbox 2135 5265 2316 5304; baseline -0.017 0"><span class='ocrx_word' id='word_1_828' title='bbox 2135 5265 2164 5304; x_wconf 87' lang='lat' dir='ltr'><strong>e</strong></span> <span class='ocrx_word' id='word_1_829' title='bbox 2272 5265 2316 5301; x_wconf 90' lang='lat' dir='ltr'><strong>r.</strong></span> 
     </span>
    </p>
   </div>
   <div class='ocr_carea' id='block_1_110' title="bbox 2133 5265 2316 5304">
    <p class='ocr_par' dir='ltr' id='par_1_110' title="bbox 2133 5265 2316 5304">
     <span class='ocr_line' id='line_1_113' title="bbox 2133 5265 2316 5304; baseline -0.016 0"><span class='ocrx_word' id='word_1_830' title='bbox 2133 5265 2191 5304; x_wconf 72' lang='grc' dir='ltr'><strong>οι</strong></span> <span class='ocrx_word' id='word_1_831' title='bbox 2220 5265 2316 5302; x_wconf 85' lang='lat' dir='ltr'><strong>UI‘.</strong></span> 
     </span>
    </p>
   </div>
   <div class='ocr_carea' id='block_1_111' title="bbox 2209 5311 3791 5392">
    <p class='ocr_par' dir='ltr' id='par_1_111' title="bbox 2209 5311 3791 5392">
     <span class='ocr_line' id='line_1_114' title="bbox 2209 5311 3791 5392; baseline -0.004 -19"><span class='ocrx_word' id='word_1_832' title='bbox 2209 5320 2283 5390; x_wconf 81' lang='grc'><strong>(6)</strong></span> <span class='ocrx_word' id='word_1_833' title='bbox 2315 5317 2472 5392; x_wconf 75' lang='grc' dir='ltr'>Ὑπὲρ</span> <span class='ocrx_word' id='word_1_834' title='bbox 2506 5315 2603 5392; x_wconf 77' lang='grc' dir='ltr'><strong>ὧν,</strong></span> <span class='ocrx_word' id='word_1_835' title='bbox 2634 5315 2724 5392; x_wconf 62' lang='grc' dir='ltr'><strong>καὶ</strong></span> <span class='ocrx_word' id='word_1_836' title='bbox 2775 5316 3170 5392; x_wconf 31' lang='grc' dir='ltr'>καθ’-ὧνλ-οῐο.</span> <span class='ocrx_word' id='word_1_837' title='bbox 3213 5338 3232 5363; x_wconf 78' lang='grc' dir='ltr'><strong>ι</strong></span> <span class='ocrx_word' id='word_1_838' title='bbox 3283 5313 3364 5392; x_wconf 89' lang='lat' dir='ltr'><strong>D_e</strong></span> <span class='ocrx_word' id='word_1_839' title='bbox 3423 5311 3640 5392; x_wconf 75' lang='lat' dir='ltr'><strong>quibus</strong></span> <span class='ocrx_word' id='word_1_840' title='bbox 3702 5311 3791 5392; x_wconf 73' lang='lat' dir='ltr'><strong>in-</strong></span> 
     </span>
    </p>
   </div>
   <div class='ocr_carea' id='block_1_112' title="bbox 2135 5383 3790 5461">
    <p class='ocr_par' dir='ltr' id='par_1_112' title="bbox 2135 5383 3790 5461">
     <span class='ocr_line' id='line_1_115' title="bbox 2135 5383 3790 5461; baseline -0.004 -16"><span class='ocrx_word' id='word_1_841' title='bbox 2135 5383 2314 5455; x_wconf 84' lang='lat' dir='ltr'><strong>ﬂatio,</strong></span> <span class='ocrx_word' id='word_1_842' title='bbox 2347 5395 2404 5444; x_wconf 91' lang='lat' dir='ltr'><strong>et</strong></span> <span class='ocrx_word' id='word_1_843' title='bbox 2434 5383 2606 5461; x_wconf 82' lang='lat' dir='ltr'><strong>cujus</strong></span> <span class='ocrx_word' id='word_1_844' title='bbox 2637 5389 2960 5446; x_wconf 87' lang='lat' dir='ltr'><strong>inﬂationis</strong></span> <span class='ocrx_word' id='word_1_845' title='bbox 3002 5388 3090 5461; x_wconf 82' lang='lat' dir='ltr'><strong>illi</strong></span> <span class='ocrx_word' id='word_1_846' title='bbox 3143 5385 3389 5461; x_wconf 78' lang='lat' dir='ltr'><strong>occasio.</strong></span> <span class='ocrx_word' id='word_1_847' title='bbox 3430 5383 3457 5434; x_wconf 60' lang='grc' dir='ltr'><strong>υ</strong></span> <span class='ocrx_word' id='word_1_848' title='bbox 3489 5385 3603 5440; x_wconf 90' lang='lat' dir='ltr'><strong>Hoc</strong></span> <span class='ocrx_word' id='word_1_849' title='bbox 3634 5383 3790 5461; x_wconf 80' lang='lat' dir='ltr'><strong>enim</strong></span> 
     </span>
    </p>
   </div>
   <div class='ocr_carea' id='block_1_113' title="bbox 2135 5455 3788 5528">
    <p class='ocr_par' dir='ltr' id='par_1_113' title="bbox 2135 5455 3788 5528">
     <span class='ocr_line' id='line_1_116' title="bbox 2135 5455 3788 5528; baseline -0.005 -11"><span class='ocrx_word' id='word_1_850' title='bbox 2135 5480 2312 5518; x_wconf 88' lang='lat' dir='ltr'><strong>sensu</strong></span> <span class='ocrx_word' id='word_1_851' title='bbox 2345 5455 2648 5518; x_wconf 61' lang='lat' dir='ltr'><strong>rEscliines</strong></span> <span class='ocrx_word' id='word_1_852' title='bbox 2671 5469 2730 5518; x_wconf 88' lang='lat' dir='ltr'><strong>et</strong></span> <span class='ocrx_word' id='word_1_853' title='bbox 2755 5460 3176 5516; x_wconf 85' lang='lat' dir='ltr'><strong>Demosthenes</strong></span> <span class='ocrx_word' id='word_1_854' title='bbox 3207 5457 3297 5514; x_wconf 91' lang='lat' dir='ltr'><strong>usi</strong></span> <span class='ocrx_word' id='word_1_855' title='bbox 3325 5461 3546 5524; x_wconf 85' lang='lat' dir='ltr'><strong>sunt,et</strong></span> <span class='ocrx_word' id='word_1_856' title='bbox 3568 5455 3788 5528; x_wconf 86' lang='lat' dir='ltr'><strong>passim</strong></span> 
     </span>
    </p>
   </div>
   <div class='ocr_carea' id='block_1_114' title="bbox 2136 5527 3786 5600">
    <p class='ocr_par' dir='ltr' id='par_1_114' title="bbox 2136 5527 3786 5600">
     <span class='ocr_line' id='line_1_117' title="bbox 2136 5527 3786 5600; baseline -0.006 -11"><span class='ocrx_word' id='word_1_857' title='bbox 2136 5539 2384 5589; x_wconf 90' lang='lat' dir='ltr'><strong>utuntur</strong></span> <span class='ocrx_word' id='word_1_858' title='bbox 2414 5534 2702 5590; x_wconf 88' lang='lat' dir='ltr'><strong>dialectici</strong></span> <span class='ocrx_word' id='word_1_859' title='bbox 2747 5534 2872 5588; x_wconf 90' lang='lat' dir='ltr'><strong>Non</strong></span> <span class='ocrx_word' id='word_1_860' title='bbox 2906 5532 3087 5600; x_wconf 79' lang='lat' dir='ltr'><strong>igitur</strong></span> <span class='ocrx_word' id='word_1_861' title='bbox 3106 5533 3251 5588; x_wconf 91' lang='lat' dir='ltr'><strong>bene</strong></span> <span class='ocrx_word' id='word_1_862' title='bbox 3281 5529 3508 5596; x_wconf 91' lang='lat' dir='ltr'><strong>Billius,</strong></span> <span class='ocrx_word' id='word_1_863' title='bbox 3536 5527 3786 5582; x_wconf 81' lang='lat' dir='ltr'><strong>«adver—</strong></span> 
     </span>
    </p>
   </div>
   <div class='ocr_carea' id='block_1_115' title="bbox 2134 5605 3782 5676">
    <p class='ocr_par' dir='ltr' id='par_1_115' title="bbox 2134 5605 3782 5676">
     <span class='ocr_line' id='line_1_118' title="bbox 2134 5605 3782 5676; baseline -0.022 5"><span class='ocrx_word' id='word_1_864' title='bbox 2134 5623 2236 5662; x_wconf 59' lang='lat' dir='ltr'><strong>sus</strong></span> <span class='ocrx_word' id='word_1_865' title='bbox 2270 5625 2439 5676; x_wconf 62' lang='lat' dir='ltr'><strong>QUOS,</strong></span> <span class='ocrx_word' id='word_1_866' title='bbox 2472 5631 2498 5656; x_wconf 68' lang='grc' dir='ltr'><strong>η</strong></span> <span class='ocrx_word' id='word_1_867' title='bbox 2534 5625 2636 5660; x_wconf 88' lang='lat' dir='ltr'><strong>nec</strong></span> <span class='ocrx_word' id='word_1_868' title='bbox 2679 5605 3129 5671; x_wconf 85' lang='lat' dir='ltr'><strong>Leuvenklaius,</strong></span> <span class='ocrx_word' id='word_1_869' title='bbox 3168 5627 3194 5656; x_wconf 78' lang='grc' dir='ltr'>(ι</span> <span class='ocrx_word' id='word_1_870' title='bbox 3225 5608 3429 5676; x_wconf 84' lang='lat' dir='ltr'><strong>contra</strong></span> <span class='ocrx_word' id='word_1_871' title='bbox 3458 5617 3623 5672; x_wconf 82' lang='lat' dir='ltr'><strong>quos.</strong></span> <span class='ocrx_word' id='word_1_872' title='bbox 3661 5620 3688 5676; x_wconf 48' lang='grc' dir='ltr'><strong>θ</strong></span> 
     </span>
    </p>
   </div>
   <div class='ocr_carea' id='block_1_116' title="bbox 2136 5670 3786 5748">
    <p class='ocr_par' dir='ltr' id='par_1_116' title="bbox 2136 5670 3786 5748">
     <span class='ocr_line' id='line_1_119' title="bbox 2136 5670 3786 5748; baseline -0.008 -15"><span class='ocrx_word' id='word_1_873' title='bbox 2136 5700 2164 5728; x_wconf 84' lang='grc'>‹‹</span> <span class='ocrx_word' id='word_1_874' title='bbox 2195 5670 2361 5744; x_wconf 82' lang='lat' dir='ltr'><strong>Nam,</strong></span> <span class='ocrx_word' id='word_1_875' title='bbox 2391 5670 2510 5732; x_wconf 58' lang='lat' dir='ltr'><strong>aut</strong></span> <span class='ocrx_word' id='word_1_876' title='bbox 2544 5679 2624 5732; x_wconf 90' lang='lat' dir='ltr'><strong>ait</strong></span> <span class='ocrx_word' id='word_1_877' title='bbox 2654 5677 2829 5743; x_wconf 88' lang='lat' dir='ltr'><strong>Elias,</strong></span> <span class='ocrx_word' id='word_1_878' title='bbox 2855 5699 2882 5728; x_wconf 87' lang='grc'><strong>‹‹</strong></span> <span class='ocrx_word' id='word_1_879' title='bbox 2917 5694 3050 5748; x_wconf 88' lang='lat' dir='ltr'><strong>pars</strong></span> <span class='ocrx_word' id='word_1_880' title='bbox 3083 5670 3354 5748; x_wconf 70' lang='lat' dir='ltr'><strong>quaelibet</strong></span> <span class='ocrx_word' id='word_1_881' title='bbox 3383 5670 3490 5746; x_wconf 85' lang='lat' dir='ltr'><strong>pro</strong></span> <span class='ocrx_word' id='word_1_882' title='bbox 3516 5687 3622 5726; x_wconf 88' lang='lat' dir='ltr'><strong>suo</strong></span> <span class='ocrx_word' id='word_1_883' title='bbox 3655 5670 3786 5721; x_wconf 68' lang='lat' dir='ltr'><strong>cloc-</strong></span> 
     </span>
    </p>
   </div>
   <div class='ocr_carea' id='block_1_117' title="bbox 2136 5750 2684 5808">
    <p class='ocr_par' dir='ltr' id='par_1_117' title="bbox 2136 5750 2684 5808">
     <span class='ocr_line' id='line_1_120' title="bbox 2136 5750 2684 5808; baseline -0.004 0"><span class='ocrx_word' id='word_1_884' title='bbox 2136 5753 2262 5808; x_wconf 86' lang='lat' dir='ltr'><strong>tore</strong></span> <span class='ocrx_word' id='word_1_885' title='bbox 2291 5750 2626 5808; x_wconf 82' lang='lat' dir='ltr'><strong>inﬂabatur.</strong></span> <span class='ocrx_word' id='word_1_886' title='bbox 2661 5775 2684 5806; x_wconf 67' lang='grc' dir='ltr'><strong>δ</strong></span> 
     </span>
    </p>
   </div>
  </div>
