4070 6402
340 421 457 483 733

1533 413 1832 477 ORATIO
1879 408 1981 473 νι.
2018 439 2098 456 -
2125 408 2229 472 DE
2270 408 2474 473 PACE
2518 410 2569 473 Ι.

3640 414 3760 473 734

335 575 427 612 τον
474 555 611 628 (20),
661 550 707 609 εί
754 549 844 606 καὶ
894 548 1086 625 λόγοις
1135 546 1242 605 τισὶ
1284 552 1668 623 πνευματικοῖς
1716 547 1816 616 τήν
1870 566 1989 600 ποι-

2120 546 2340 603 tametsi
2375 546 2762 619 spritualibus
2785 547 3143 620 quibusdam
3161 546 3485 604 rationibus
3504 547 3760 619 pastoris

346 644 609 718 μαντικὴν
685 636 1050 698 ἀναϐάλλεται
1126 641 1259 713 (2-1),
1337 637 1684 694 πιστευθέντα
1757 636 1849 711 μὶν
1929 637 1993 690 τὸ

345 739 565 807 Πνεῦμα
622 733 713 787 καὶ
768 734 876 786 τῶν
934 728 1209 786 ταλάντων
1266 731 1366 799 τὴν
1427 728 1695 804 ἐργασίαν,
1755 728 1845 782 καὶ
1895 730 1993 781 τοῦ

343 823 606 898 ποιμνίου
664 823 762 891 τήν
817 818 1157 893 ἐπιμέλειαν,
1216 819 1301 874 καὶ
1359 818 1651 895 χρισθέντα
1705 821 1784 888 τῷ
1840 815 1937 891 χρί
1969 849 1991 857 -

347 936 512 989 σματι
559 919 657 982 τῆς
723 910 1022 988 ἱερωσύνης
1075 908 1164 964 καὶ
1210 907 1585 980 τελειώσεως,
1636 905 1712 962 ἔτι
1764 903 1820 960 δὲ
1869 905 1993 960 ἀνα-

345 1000 688 1077 ϐαλλόμενον
738 1002 839 1070 τήν
890 998 1198 1055 ἐπιστασίαν
1251 998 1354 1054 ὑπὸ
1386 997 1594 1075 σοφίας,
1625 996 1715 1052 καὶ
1762 995 1853 1051 τὸν
1896 993 1993 1049 λύ-

344 1113 475 1170 χνον
510 1093 611 1147 ὑπὸ
653 1095 733 1162 τῷ
786 1088 964 1164 μοδίῳ
1010 1089 1311 1164 κατέχοντα
1341 1088 1420 1161 (ὅν
1465 1088 1613 1157 θήσει
1659 1086 1772 1159 μετ’
1805 1083 1992 1159 ὀλίγον

345 1182 432 1239 ἰπὶ
488 1183 587 1251 τὴν
650 1178 901 1256 λυχνίαν,
960 1183 1132 1233 πᾶσαν
1190 1178 1289 1246 τὴν
1350 1180 1463 1250 (22)
1520 1182 1620 1245 τῆς
1666 1172 1993 1245 Ἐκκλησίας

344 1271 527 1349 ψυχὴν
579 1268 1032 1347 περιλάμψοντα,
1082 1265 1171 1322 καὶ
1222 1271 1336 1341 φῶς
1393 1270 1512 1329 ταῖς
1567 1260 1777 1339 τρίϐοις
1834 1266 1993 1336 ἡμῶν

347 1361 667 1434 ἐσόμενον),
716 1355 793 1415 ἔτι
842 1357 1272 1433 περισκοποῦντα
1328 1355 1518 1428 νάπας,
1575 1354 1663 1410 καὶ
1723 1350 1848 1430 ὅρη,
1906 1351 1996 1406 καὶ

345 1450 573 1523 νάματα,
632 1449 722 1505 καὶ
780 1454 896 1511 τοῖς
957 1447 1152 1523 ἄρπαξι
1215 1450 1323 1501 τῶν
1379 1449 1571 1521 ψυχῶν
1632 1441 1822 1504 λύκοις
1881 1441 1997 1497 έπι-

346 1545 572 1595 νοοῦντα
629 1542 867 1614 θήρατρα
902 1581 917 1608 ,
970 1535 1045 1591 ’ίν’
1104 1536 1155 1591 ἐν
1233 1540 1407 1609 καιρῷ
1482 1533 1680 1605 εὐθέτῳ
1751 1532 1839 1588 καὶ
1897 1532 1994 1600 τὴν

351 1629 645 1704 βακτηρίαν
708 1626 955 1699 δέξηται,
1015 1629 1106 1681 καὶ
1184 1624 1560 1698 συμποιμαίνῃ
1616 1628 1695 1695 τῷ
1753 1621 1999 1693 ἀληθινῷ

344 1719 567 1791 ποιμένι
600 1720 711 1791 (23)
768 1717 829 1772 τὸ
888 1714 1111 1792 λογικὸν
1170 1720 1332 1770 τοῦτο
1392 1713 1671 1787 ποίμνιον,
1733 1711 1783 1766 έν
1843 1711 1998 1782 τόπῳ

346 1807 529 1883 χλόης
583 1809 936 1876 κατασκηνῶν
1005 1809 1123 1867 τοῖς
1183 1802 1452 1859 ἀειθαλέσι
1527 1807 1624 1858 τοῦ
1682 1805 1815 1856 Θεοῦ
1876 1799 1995 1854 Λό-

2103 652 2323 692 munus
2353 636 2543 692 adhuc
2566 637 2864 708 suscipere
2897 638 3194 703 detrectet,
3220 640 3277 691 et
3307 653 3440 692 cum
3468 638 3753 692 creditum

2105 724 2217 779 sibi
2247 724 2531 797 Spiritum
2564 742 2629 781 ac
2654 725 3012 781 talentorum
3075 725 3529 798 negotiationem
3587 731 3758 797 atque

2104 814 2271 869 ovilis
2303 831 2503 870 curam
2528 815 2905 871 commissam
2933 816 3161 886 habeat,
3186 814 3431 886 oleoque
3452 816 3756 870 sacerdotii

2104 909 2161 959 et
2203 905 2576 975 perfectionis
2607 905 2885 961 delibitus
2917 906 3011 973 sit,
3046 905 3237 960 adhuc
3259 910 3458 959 tamen
3489 920 3593 976 pro
3650 921 3759 960 sua

2106 993 2398 1064 sapientia
2428 995 2681 1065 regendo
2715 995 2873 1067 gregi
2909 1011 3159 1067 praeesse
3206 997 3534 1061 cunctetur,
3569 992 3757 1049 lucer-

2107 1099 2363 1153 namque
2394 1084 2503 1137 sub
2535 1084 2731 1139 modio
2766 1083 3298 1151 retintineat(brevi
3328 1082 3491 1138 illam
3522 1083 3761 1154 quidem

2108 1189 2286 1241 super
2315 1171 2730 1228 candelabrum
2765 1172 3167 1229 collocandam
3185 1174 3247 1241 5‘,
3273 1189 3389 1244 quo
3420 1189 3623 1228 omnes
3656 1173 3761 1227 Ec-

2107 1259 2295 1316 clesiae
2316 1261 2544 1317 animas
2563 1262 2875 1333 splendore
2899 1262 3134 1329 alliciat,
3161 1262 3510 1333 simitasque
3533 1266 3764 1317 nostras

2106 1349 2443 1418 illuminet),
2497 1368 2563 1406 ac
2594 1356 2821 1407 montes
2852 1351 3065 1419 adhuc,
3098 1356 3156 1407 et
3185 1351 3395 1417 saltus,
3439 1355 3495 1406 et
3542 1351 3762 1408 ﬂuenta

2107 1440 2576 1511 circumspectet,
2608 1440 2884 1512 lupisque
2941 1441 3274 1497 animarum
3318 1440 3653 1513 raptoribus
3680 1440 3761 1496 la-

2108 1545 2290 1600 queos
2319 1529 2622 1602 excogitet,
2649 1547 2764 1601 quo
2799 1532 3138 1603 tempestive
3168 1532 3383 1603 pedum
3410 1547 3644 1603 quoque
3672 1530 3759 1601 ip-

2110 1636 2242 1675 sum
2276 1619 2540 1690 accipiat,
2574 1625 2632 1675 et
2662 1636 2797 1675 cum
2828 1636 2962 1677 vero
3014 1625 3252 1676 Pastore
3312 1636 3548 1693 gregem
3604 1620 3760 1676 hunc

2109 1708 2333 1765 ratione
2355 1710 2662 1781 prenditum
2682 1714 2906 1781 pascat,
2930 1711 2989 1765 in
3010 1710 3136 1766 loco
3166 1711 3208 1745 ⁸⁵
3236 1726 3487 1782 pascuae,
3520 1710 3628 1766 hoc
3650 1714 3758 1780 est,

2110 1803 2388 1871 perpetuo
2412 1798 2732 1855 virentibus
2765 1800 2863 1855 Dei
2894 1800 3267 1855 sermonibus
3284 1816 3418 1855 eum
3445 1799 3758 1869 collocans,

346 1918 465 1972 γοις
523 1899 635 1968 (24)
673 1895 762 1949 καὶ
819 1894 1088 1972 ἆκτρέφων
1150 1890 1301 1948 ὕδατι
1370 1891 1715 1953 ἀναπαύσεως
1751 1934 1764 1957 ,
1825 1888 1997 1943 εἵτουν

2120 1905 2177 1944 ac
2208 1889 2543 1943 refectionis
2574 1905 2747 1961 aqua,
2789 1888 2847 1945 id
2879 1894 2968 1946 est
2998 1889 3217 1961 Spiritu
3249 1894 3450 1946 sancto
3481 1890 3759 1945 educans.

351 1984 644 2057 Πνεύματι.
695 1988 864 2039 Τοῦτο
920 1984 1013 2056 μὲν
1066 1981 1156 2037 οὗν
1202 1983 1292 2037 καὶ
1354 1981 1645 2054 ἐλπίζομεν
1692 1980 1781 2033 καὶ
1834 1978 1996 2053 εὐχό-

353 2076 503 2148 μεθα·
544 2073 667 2146 ἐμοὶ
719 2070 775 2128 δὲ
820 2069 930 2142 ἤδη
976 2071 1165 2149 καιρὸς
1214 2072 1525 2148 προσθεῖναι
1574 2074 1641 2143 τῇ
1684 2066 2002 2145 εὐχαριστίᾳ

347 2164 439 2219 καὶ
489 2165 587 2233 τὴν
643 2163 952 2237 παραίνεσιν
984 2180 997 2195 ·
1053 2164 1359 2234 ποιήσομαι
1411 2158 1468 2214 δὲ
1510 2157 1597 2215 καί
1643 2157 1866 2228 ταύτην,
1928 2157 2001 2217 ὡς

355 2254 470 2309 οἷόν
518 2275 601 2323 τε,
663 2254 1034 2329 βραχυτάτην,
1087 2248 1275 2319 ἐπειδὴ
1324 2252 1386 2305 τὸ
1435 2249 1690 2305 πλεῖστον
1739 2254 1838 2317 τῆς
1885 2267 2003 2300 νου-

351 2343 531 2404 θεσίας
584 2340 673 2397 διὰ
716 2347 823 2397 τῶν
875 2340 1048 2418 ἔργων
1104 2340 1279 2396 αὐτῶν
1328 2339 1701 2417 προειλήφατε
1750 2340 1862 2409 (25)
1912 2335 2001 2391 καὶ

356 2431 418 2486 οὐ
481 2431 828 2505 μακροτέρων
885 2428 968 2485 δεῖ
1030 2428 1209 2505 λόγων
1260 2434 1376 2490 τοῖς
1432 2428 1591 2501 πείρᾳ
1642 2423 2003 2498 πεπαιδευμέ-

358 2540 495 2581 νοις.

432 2610 487 2664 Γ.
520 2606 666 2663 Ἔδει
720 2608 834 2681 μὲν,
888 2604 1139 2684 ἀδελφοὶ,
1194 2608 1331 2679 μήτε
1380 2604 1714 2681 διαιρεθῆναι
1761 2604 1823 2657 τὸ
1854 2606 2005 2678 πρῶ-

353 2719 493 2770 τον,
553 2700 691 2770 μήτε
743 2699 805 2753 τὸ
864 2696 1095 2752 παλαιὸν
1170 2700 1304 2769 ἡμῖν
1372 2694 1737 2763 καταλυθῆναι
1794 2692 2009 2763 ἀξίωμα

353 2788 444 2842 καὶ
494 2786 889 2860 καλλώπισμα·
940 2788 1008 2857 ᾦ,
1048 2785 1225 2840 καίτοι
1280 2786 1473 2861 μικρὰν
1508 2787 1619 2857 (26)
1661 2780 1818 2837 οὖσαν
1846 2784 2005 2853 ὴμῶν

354 2878 453 2944 τὴν
516 2876 774 2949 ποίμνην,
835 2875 923 2931 καὶ
989 2873 1118 2948 μηδ’
1178 2874 1534 2946 ὀνομάζεσθαι
1597 2872 1741 2942 ἀξίαν
1954 2869 2004 2925 ἐν

352 2966 634 3038 ποιμνίοις
698 2965 1167 3041 ἀριθμουμένοις,
1223 2970 1339 3025 τοῖς
1417 2962 1691 3037 μεγίστοις
1765 2959 1815 3031 ἐξ
1888 2960 2006 3015 ἴσου

351 3056 504 3129 εἶχον
565 3054 654 3109 καὶ
713 3054 1075 3116 πλατυτάτοις
1110 3074 1120 3085 °
1178 3050 1289 3108 ἔστι
1355 3050 1400 3106 δ’
1478 3053 1550 3106 ὢν
1607 3050 1695 3104 καὶ
1757 3048 2006 3125 προετί-

347 3156 474 3208 θουν
509 3146 624 3218 (28)
677 3143 727 3199 έν
789 3148 857 3217 τῇ
917 3142 1137 3217 δυνάμει
1195 3147 1292 3197 τοῦ
1354 3140 1688 3215 Πνεύματος.
1752 3139 1855 3195 Καὶ
1902 3140 2004 3214 γὰρ

345 3232 521 3289 οὕτως
555 3234 700 3310 εἶχεν
731 3237 865 3307 (29),
900 3231 1075 3289 ἄλλου
1127 3233 1222 3305 μὲν
1272 3230 1413 3286 ἄλλο
1461 3252 1513 3285 τι
1564 3227 1937 3303 καλλώπισμα
1966 3229 2001 3299 ἢ

343 3324 561 3398 μικρὸν,
596 3324 630 3392 ἢ
699 3328 908 3396 μεῖζον,
958 3330 1059 3391 τῆς
1124 3320 1183 3377 δὲ
1230 3320 1502 3397 ἡμετέρας
1556 3317 1799 3391 ποίμνης
1848 3316 2003 3372 ἰδιώ-

338 3434 498 3467 τατον
559 3414 625 3482 ἦν
685 3416 801 3483 (30)
855 3413 917 3467 τὸ
984 3408 1256 3489 ἄρρηκτόν
1318 3431 1378 3466 τε
1449 3409 1539 3464 καὶ
1606 3408 2002 3463 ἀστασίαστον⁶

346 3500 485 3555 ὥστε
536 3499 593 3555 δὲ
638 3503 753 3574 (31)
800 3500 889 3555 καὶ
943 3502 1043 3569 τὴν
1102 3504 1223 3555 Νῶε
1280 3496 1515 3554 κιϐωτὸν
1564 3496 1836 3559 πολλάκις
1891 3499 2006 3570 (32)

348 3589 765 3661 ἀνομασθῆναι,
829 3588 999 3661 μόνην
1058 3587 1423 3667 διαφυγοῦσαν
1482 3589 1580 3657 τὴν
1640 3592 1739 3641 τοῦ
1794 3586 2005 3660 κόσμου

348 3677 548 3738 παντὸς
606 3676 909 3748 έπίκλυσιν,
963 3679 1054 3732 καὶ
1112 3680 1178 3733 τὰ
1234 3679 1519 3754 σπέρματα
1576 3684 1673 3746 τῆς
1734 3672 2005 3738 εὐσεϐείας

348 3765 401 3821 ἰν
432 3765 567 3840 αὐτῇ
600 3769 713 3841 (34)
747 3767 1141 3836 διασώζουσαν.
1194 3765 1415 3836 Ἐπειδὴ
1462 3764 1519 3821 δέ
1568 3770 1681 3840 (33)
1726 3764 2008 3840 ἠλέγχθη-

357 3876 452 3928 μεν
506 3850 655 3917 ὄντες
703 3853 982 3930 ἄνθρωποι
1011 3902 1025 3928 ,
1077 3854 1167 3910 καὶ
1220 3854 1283 3911 οὐ
1331 3856 1502 3925 πάντη
1556 3853 1879 3932 διεφύγομεν
1912 3857 2008 3908 τοῦ

356 3949 604 4021 πονηροῦ
680 3946 770 4000 τὸν
827 3944 1041 4021 φθόνον,
1101 3942 1226 3999 οὐδὲ
1280 3953 1381 4014 τῆς
1439 3945 1612 3999 πάντα
1667 3942 2008 4020 κατεχούσης

342 4033 505 4089 νόσου
557 4033 832 4110 κρείττους
880 4037 1231 4111 πεφήναμεψ
1284 4032 1433 4089 ἀλλὰ
1480 4041 1581 4103 τῆς
1629 4036 1816 4102 κοινῆς
1869 4054 2005 4105 συμ-

343 4130 513 4201 φορᾶς
592 4124 780 4199 μέρος,
856 4126 944 4178 καὶ
1003 4124 1157 4179 αὐτοὶ
1221 4122 1684 4199 μετειλήφαμεν,

340 4212 515 4282 καλήν
561 4212 650 4267 καὶ
707 4214 961 4289 πατρῴαν
1024 4211 1423 4287 κληρονομίαν,
1484 4214 1547 4268 τὸ
1600 4221 1698 4282 τῆς
1749 4211 2007 4285 ὁμονοίας

1718 4190 1721 4193 Δ
1743 4123 1831 4178 καὶ
1907 4122 2004 4190 τὴν

344 4304 565 4377 ἀγαθὸν,
601 4301 699 4357 οὐκ
744 4303 820 4364 εἰς
866 4301 1026 4365 τέλος
1081 4300 1506 4380 διεφυλάξαμεν,
1554 4302 1615 4357 οὐ
1674 4302 1864 4377 μικρὸν
1912 4302 2004 4373 μέν

343 4391 610 4455 κάνταῦθα
666 4392 795 4454 τοὺς
846 4390 1050 4455 ἄλλους
1132 4392 1639 4465 ἐπλεονεκτήσαμεν
1696 4390 1771 4465 (εἷ’
1821 4414 1870 4445 τι
1928 4389 2010 4445 δεῖ

349 4482 441 4534 καὶ
473 4483 851 4556 καυχήσασθαι
902 4482 1038 4535 κατά
1081 4484 1180 4551 τῆς
1230 4482 1499 4558 ἡμετέρας
1549 4481 1745 4557 ἔχθρας
1796 4486 2009 4557 Χριστῷ

350 4568 771 4644 θαρρήσαντας),
822 4570 884 4623 τὸ
933 4570 1023 4624 καὶ
1072 4572 1376 4627 τελευταῖοι
1430 4576 1596 4626 ταῦτα
1643 4573 1867 4643 παθεῖν,
1916 4571 2006 4624 καὶ

2108 1980 2292 2048 Atque
2324 1978 2433 2033 hoc
2465 1978 2731 2049 quidem,
2762 1982 2818 2033 et
2838 1996 3168 2050 speramus,
3202 1983 3257 2034 et
3277 1984 3572 2050 optamus.
3621 1977 3759 2034 Mihi

2110 2083 2243 2122 vero
2268 2067 2394 2137 jam
2435 2071 2671 2139 tempus
2702 2072 2812 2135 est,
2848 2072 2909 2123 ut
2938 2069 3262 2139 gratiarum
3295 2068 3509 2123 actioni
3560 2068 3761 2122 admo-

2112 2155 2396 2211 nitionem
2429 2155 2746 2228 adjungam
2774 2182 2788 2225 ;
2819 2157 2970 2211 hanc
2992 2162 3189 2212 autem
3221 2174 3397 2229 quam
3422 2155 3761 2228 poterobre-

2110 2244 2349 2301 vissime
2372 2246 2782 2317 perstringam,
2816 2246 3292 2318 quandoquidem
3340 2263 3442 2303 vos
3481 2246 3607 2317 jam
3640 2261 3761 2300 ma-

2111 2333 2270 2390 xima
2298 2350 2364 2389 ex
2398 2340 2561 2405 parte
2608 2335 3067 2392 admonitionem
3117 2336 3261 2410 ipsis
3300 2336 3578 2408 operibus
3610 2334 3757 2392 185

2115 2424 2525 2496 praevertistis};
2546 2440 2650 2481 nec
2668 2425 2927 2498 longiore
2948 2426 3034 2480 illi
3055 2425 3316 2483 oratione
3336 2443 3485 2499 opus
3523 2425 3763 2494 habent,

2120 2530 2267 2586 quos
2298 2514 2653 2585 experientia
2687 2516 2815 2587 ipsa
2842 2516 3109 2572 erudivit.

2190 2608 2261 2658 X.
2293 2604 2724 2661 Providendum
2756 2606 2992 2677 quidem
3018 2605 3275 2678 primum
3298 2606 3467 2661 nobis
3489 2609 3629 2672 erat,
3652 2605 3766 2661 fra-

2117 2696 2257 2763 tres,
2292 2710 2362 2750 ne
2380 2694 2796 2762 divideremur,
2819 2712 2885 2751 ac
2916 2700 3083 2751 vetus
3114 2695 3259 2751 illud
3288 2702 3554 2751 nostrum
3586 2696 3767 2750 decus

2119 2786 2175 2838 et
2204 2786 2614 2839 ornamentum
2649 2784 3063 2851 deleretur;ob
3104 2786 3259 2855 quod
3291 2800 3528 2857 gregem
3584 2783 3767 2852 hunc,

2118 2873 2427 2944 casteroqui
2456 2890 2719 2945 parvum,
2748 2874 2959 2945 vixque
2988 2874 3254 2945 dignum,
3289 2875 3389 2946 qui
3418 2875 3572 2930 inter
3620 2873 3767 2929 cele-

2115 2964 2251 3019 bres
2264 2979 2470 3035 greges
2493 2968 2851 3033 numeretur,
2868 2982 3000 3019 cum
3021 2964 3294 3021 maximis
3312 2970 3368 3021 et
3384 2963 3768 3037 amplissimis

2117 3054 2499 3125 adaequabam
2526 3070 2538 3120 ;
2564 3053 2680 3109 imo
2713 3054 2887 3109 etiam
2920 3054 3275 3126 quibusdam
3297 3054 3357 3110 in
3382 3055 3632 3127 Spiritus
3654 3053 3769 3109 vir-

2114 3147 2240 3199 tute
2270 3144 2667 3215 praeferebam.
2701 3144 2795 3199 Sic
2825 3161 3078 3214 namque
3108 3161 3170 3200 se
3227 3161 3318 3201 res
3372 3144 3645 3215 habebat,
3707 3146 3773 3200 ut

2117 3247 2251 3288 cum
2285 3232 2382 3287 alii
2408 3231 2522 3289 alio
2554 3234 2811 3305 quodam
2843 3239 3205 3304 ornamento,
3256 3234 3341 3290 vel
3395 3234 3625 3305 majori,
3685 3233 3773 3289 vel

2119 3320 2332 3377 minori
2360 3321 2587 3394 praediti
2617 3322 2755 3391 sint,
2792 3323 2975 3379 nostri
3008 3323 3174 3380 ovilis
3205 3324 3312 3379 hoc
3358 3324 3609 3379 maxime
3640 3340 3776 3395 pro-

2118 3410 2309 3483 prium
2342 3416 2517 3479 esset,
2551 3414 2705 3484 quod
2738 3412 2999 3485 separari
3030 3430 3097 3469 ac
3144 3414 3322 3469 dividi
3382 3431 3497 3469 non
3556 3417 3773 3484 posset,

2120 3504 2296 3573 atque
2326 3502 2399 3557 ab
2426 3501 2583 3558 omni
2617 3503 2862 3558 dissidio
2894 3503 3265 3559 abhorreret:
3299 3503 3379 3559 ita
3422 3507 3487 3558 ut
3516 3519 3776 3575 persaepe

2118 3607 2253 3646 arca
2282 3590 2401 3646 Noe
2430 3590 2616 3647 vocati
2641 3592 2850 3662 simus,
2885 3597 2949 3646 ut
2978 3608 3105 3663 qua:
3149 3592 3273 3647 sola
3303 3591 3462 3647 orbis
3520 3592 3776 3647 universi

2118 3678 2405 3734 diluvium
2429 3679 2751 3752 effugisset,
2779 3696 2844 3734 ac
2876 3680 3109 3750 pietatis
3122 3681 3349 3735 semina
3372 3682 3428 3735 in
3454 3680 3622 3736 nobis
3646 3696 3779 3736 con-

2120 3772 2429 3825 servasset.
2464 3768 2751 3834 Quoniam
2783 3774 2980 3824 autem
3015 3769 3287 3826 homines
3319 3786 3449 3825 esse
3497 3770 3781 3842 comperti

2115 3874 2348 3926 sumus,
2383 3875 2486 3914 nec
2522 3858 2681 3931 pravi
2713 3857 2850 3914 ilius
2875 3858 3156 3913 invidiam
3188 3859 3778 3931 omninoeﬁ'ugimus,

2117 3964 2223 4003 nec
2246 3948 2448 4003 morbo
2478 3966 2565 4014 eo,
2598 3948 2695 4018 qui
2727 3948 2926 4004 omnia
2957 3949 3304 4021 occupabat,
3333 3949 3663 4021 superiores
3683 3966 3781 4005 ex-

2118 4036 2411 4104 stitimus;
2447 4053 2647 4092 verum
2680 4036 2928 4110 publica:
2968 4036 3322 4093 calamitatis
3382 4042 3604 4110 partem
3665 4038 3780 4111 ipsi

2116 4143 2352 4199 quoque
2378 4126 2734 4199 accepimus,
2766 4144 2872 4183 nec
2887 4127 3229 4199 praeclaram
3253 4132 3309 4183 et
3338 4133 3646 4201 paternam
3672 4131 3779 4184 hee-

2116 4217 2447 4287 reditatem,
2467 4217 2575 4272 hoc
2590 4221 2698 4284 est,
2724 4218 3045 4273 concordiae
3069 4218 3311 4283 bonum,
3346 4220 3416 4274 ad
3447 4224 3775 4275 extremum

2117 4322 2305 4377 usque
2323 4306 2697 4374 retinuimus,
2713 4326 2828 4363 non
2845 4325 2986 4380 paru
2999 4325 3052 4362 m
3070 4313 3265 4364 tamen
3282 4308 3375 4364 hic
3388 4325 3619 4380 quoque
3633 4309 3780 4365 alios

2118 4396 2527 4466 superavimus
2557 4397 2630 4466 (si
2660 4399 2802 4469 quid
2847 4398 3025 4457 etiam
3077 4398 3361 4455 adversus
3406 4398 3776 4455 inimicitiam

2119 4488 2382 4540 nostram
2414 4485 2650 4557 gloriari
2684 4491 2932 4557 oportet,
2966 4486 3194 4543 Christo
3234 4489 3457 4555 fretos),
3508 4490 3662 4559 quod
3714 4489 3774 4542 in

2118 4571 2269 4627 hanc
2302 4573 2568 4628 fraudem
2606 4573 2797 4629 ultimi
2844 4575 3125 4646 prolapsi,
3150 4577 3325 4647 primi
3349 4577 3524 4632 erecti
3541 4594 3773 4633 sumus.

346 4662 559 4734 πρῶτοι
619 4654 1006 4735 διορθωθῆναι.
1065 4661 1136 4715 Τὸ
1198 4662 1291 4735 μὲν
1344 4661 1445 4738 γὰρ
1506 4661 1849 4737 ἀῤῥωστῆσαι
1899 4666 1999 4729 τῆς

2120 4660 2254 4718 Nam
2281 4662 2434 4733 quod
2466 4663 2525 4717 in
2558 4663 2828 4718 morbum
2871 4663 3273 4732 inciderimus,
3305 4666 3639 4721 communis
3670 4684 3773 4723 na-

420 4767 467 4801 “
496 4766 700 4821 Matth.
732 4783 789 4837 ν,
824 4768 911 4822 15.
990 4768 1034 4803 ⁸³
1065 4769 1217 4826 Psal.
1250 4788 1391 4840 xxn,
1423 4772 1478 4825 2.

419 4876 531 4943 (20)
558 4877 674 4927 Τῶν
694 4874 1008 4949 Ῠποιμένων
1032 4948 1037 4949 ί
1064 4876 1157 4931 τὸν
1202 4877 1555 4949 τιμιώτατον.
1602 4877 1777 4933 Juxta
1824 4876 2011 4949 Scho-

343 4945 578 5023 liastam
610 4951 666 5001 et
692 4946 876 5023 Ellam
910 4947 1165 5004 Basilius
1185 4945 1280 5005 hic
1300 4950 1744 5023 intelligendus,
1776 4950 1875 5020 qui
1908 4948 2010 5023 ad_-

342 5018 459 5093 huc
495 5041 516 5067 ι
551 5020 847 5093 sacerdos,
881 5025 1000 5093 net
1032 5024 1296 5077 nondum
1334 5045 1355 5071 α
1381 5018 1754 5093 episcopus,»
1795 5018 1857 5076 ut
1887 5020 2011 5093 vult

343 5090 520 5165 Elias,
556 5091 621 5165 in
648 5091 815 5165 Ponti
849 5090 1237 5165 solitudinem
1267 5110 1327 5150 se
1363 5090 1678 5165 receperat,
1702 5099 1764 5148 ut
1796 5091 2008 5148 multo-

340 5179 474 5220 rum
501 5163 800 5219 individiae
824 5164 1077 5220 cederet.

409 5234 523 5307 (21)
572 5234 634 5307 Eri
684 5235 774 5287 καὶ
835 5232 1097 5307 λόγοις...
1160 5230 1543 5291 ἀναϐάλλεται.
1607 5240 1741 5290 Haec
1793 5236 2009 5291 desunt

337 5307 398 5361 in
431 5306 570 5378 Reg.
610 5306 728 5374 bm,
778 5306 969 5362 tribus
1000 5308 1184 5372 Colb,.
1218 5311 1313 5363 Or.
1349 5309 1399 5373 1,
1431 5313 1539 5363 etc.

413 5378 526 5452 (22)
557 5381 736 5452 ῌᾶσαν
762 5378 887 5446 τήν.
925 5384 1095 5436 Deest
1113 5380 1233 5448 τήν,
1267 5380 1322 5433 in
1360 5380 1537 5452 Regg.
1573 5396 1626 5450 a,
1658 5380 1780 5434 bm.

582 5445 858 5522 ’Δληθινῷ
914 5445 1308 5522 ποιμένι.Ἠί(3
1355 5445 1699 5522 ϐτεέὸῐδὶὺῐη
1759 5455 2005 5522 patrem,

340 5518 585 5647 ggziatn.
620 5518 885 5577 Ecclesiae
910 5518 1277 5597 episCOpum,
1302 5518 1632 5596 significat;
1664 5518 2003 5596 vel—potius,

432 5608 507 5645 ris
541 5609 661 5646 um.

432 5608 661 5646 PISIUID.

414 5664 526 5733 (34}
576 5661 797 5736 Λόγοις.
834 5665 972 5737 Reg.
1009 5684 1061 5736 a,
1095 5666 1266 5723 Coisl.
1297 5668 1351 5733 3,
1377 5666 1469 5721 Or.
1517 5669 1564 5731 1,
1625 5667 1872 5721 Montac.
1907 5664 2001 5719 λο-

340 5733 510 5809 γίοις,
549 5757 577 5785 ‹‹
609 5733 883 5809 oraculis.
921 5733 949 5787 Β

414 5808 520 5881 (25)
572 5805 975 5887 Προειλήφατε.
1039 5807 1216 5869 Gabr.
1275 5806 1713 5887 προειλήφαμιν.
1772 5808 2041 5880 Billius,

2132 4898 2153 4926 α
2190 4877 2447 4953 maxima
2469 4878 2595 4953 jam
2614 4894 2681 4933 ex
2700 4881 2862 4953 parte
2884 4894 2985 4934 vos
3007 4880 3321 4953 operaipsa
3345 4886 3719 4953 monuerunt.
3746 4904 3773 4933 ››

2197 4952 2309 5025 (26)
2336 4952 2569 5025 *Μικράν,
2601 4955 2739 5025 etc._
2764 4951 2901 5022 Reg.
2938 4969 3010 5025 a,_
3030 4951 3231 5025 μικρὰν
3255 4954 3415 5025 ἡμῶν
3437 4951 3631 5025 οὖσαν.

2213 5022 2303 5089 27)
2336 5022 2540 5093 Ἀξίαν,
2574 5028 2685 5095 etc.
2714 5023 2839 5077 Duo
2862 5028 2958 5078 Or.
2995 5022 3045 5077 ἐν
3080 5022 3363 5095 ποιμνίοις
3396 5023 3566 5094 ἀξίαν.

2213 5096 2303 5170 23)
2336 5094 2602 5170 Δίἶινκαὶ
2634 5096 2971 5170 προετίθουν.
3006 5094 3191 5169 Regg.
3239 5098 3357 5162 bm,
3418 5097 3520 5167 hu,
3565 5099 3660 5155 Or.
3724 5101 3775 5170 1,

2149 5161 2329 5241 δεῷν.
2366 5167 2540 5241 ῼοὶεΙ.
2572 5161 2966 5241 1,Απροετίθγην.

2327 5238 2497 5313 *Εἶχεν
2511 5280 2522 5291 .
2553 5238 2726 5313 Coisl.
2765 5242 2833 5313 1,,
2851 5240 3019 5313 εἶχον.

2213 5306 2632 5383 30)ἰδὶἱέ›τατον
2666 5312 2754 5378 ἦν.
2808 5306 2981 5367 Deest
3011 5313 3067 5367 in
3119 5310 3390 5383 pluribus
3444 5314 3767 5371 codicibus.

2210 5382 2298 5449 31)
2325 5382 2427 5455 Δέ.Δ
2455 5383 2635 5455 Deest
2666 5383 2723 5455 in
2760 5384 2938 5455 Regg.
2973 5384 3093 5449 bm,
3122 5382 3247 5439 ’hu.

2333 5450 2631 5513 Πολλάκις·
2679 5450 2912 5530 1393-31;
2943 5460 2999 5510 et
3056 5458 3152 5509 Or'
3207 5458 3232 5510 1
3296 5456 3542 5523 addunt’
3598 5459 3770 5530 ἡμᾶς’

2116 5528 2271 5596 quod
2300 5532 2539 5582 secutus
2570 5532 2659 5581 est
2682 5526 2907 5582 Billius.

2108 5598 2136 5617 ⁸
2182 5600 2296 5680 (33)
2331 5600 2415 5651 Ἰἰν
2473 5598 2625 5669 αὐτῇ.
2670 5598 2808 5669 Reg.
2857 5599 2959 5665 hu,
3004 5598 3099 5654 Or.
3162 5601 3211 5667 1,
3273 5598 3322 5653 έν
3386 5598 3567 5668 ἑαυτῆ,
3629 5624 3655 5651 ‹‹
3710 5602 3764 5657 in

2113 5684 2326 5725 8810811.
2364 5693 2391 5720 ›)

2186 5736 2294 5817 (34)
2327 5738 2568 5811 Ἐπειδὴ.
2600 5736 2675 5799 δέ.
2712 5741 2853 5816 Reg,
2885 5741 2989 5812 hu,
3022 5743 3116 5801 Or.
3150 5742 3205 5813 1,
3229 5742 3377 5800 Ἑπεὶ
3409 5740 3484 5797 δέ.
