4070 6404
384 367 500 428 737

1573 361 1870 423 ORATIO
1916 360 2022 421 VI.
2055 392 2131 404 -—
2163 360 2264 420 DE
2310 361 2510 420 PACE
2555 363 2603 421 Ι.

3694 364 3815 426 738

387 501 546 558 nime
570 500 723 555 inter
744 514 852 554 nos
891 494 1314 565 dissentire,ae
1342 495 1630 552 contrario
1661 495 1834 550 modo
1875 491 2049 563 afﬁci,
2094 509 2301 549 verum
2346 494 2549 550 eodem
2603 494 2736 550 ﬁdei
2781 496 2838 551 et
2875 493 3078 567 primae
3117 495 3301 552 nostri
3326 495 3451 569 spei
3481 495 3814 554 charactere

398 593 681 647 formatos
709 593 765 643 et
794 586 1171 659 consignatos
1200 602 1348 643 esse.

462 682 558 736 lB’.
629 673 793 730 Οὐδὲν
854 675 957 750 γὰρ
1016 674 1188 736 ὁῦτως
1250 673 1472 749 ἰσχυρὸν
1531 672 1606 734 εἲς
1636 670 1893 746 ὁμόνοιαν
1926 675 2044 732 τοῖς

2233 672 2348 727 XII.
2384 672 2542 728 Nihil
2600 673 2758 730 enim
2814 690 2936 742 eos,
2984 673 3084 746 qui
3144 673 3369 730 sincero
3401 674 3811 732 animiaﬂ'ectu

392 767 639 844 γνησίοις
693 768 806 837 (49)
862 766 930 820 τὰ
980 763 1118 840 πρὸς
1173 765 1264 818 τὸν
1325 764 1472 831 Θεὸν,
1534 761 1607 824 ὡς
1658 764 1692 831 ἡ
1737 759 1859 836 περὶ
1918 763 2051 814 Θεοῦ

392 855 716 934 συμφωνία·
762 853 851 909 καὶ
911 851 1066 908 οὐδὲν
1128 852 1301 914 οὓτως
1357 850 1579 925 ἕτοιμον
1630 850 1703 912 εἷς
1757 847 2052 921 διάστασιν,

396 947 470 1009 ὡς
527 944 718 1019 ἡπερὶ
776 948 940 998 τοῦτο
1017 945 1130 1014 (50)
1206 939 1492 1020 διαφῶνία.
1563 940 1667 996 Καὶ
1734 939 1837 1015 γὰρ
1904 939 1931 992 6
1989 939 2055 992 τὰ

397 1035 542 1092 ἄλλα
571 1036 684 1109 (51)
731 1031 1129 1095 ἐπιεικέστατος
1179 1032 1304 1107 περὶ
1355 1035 1515 1086 τοῦτο
1564 1029 1916 1105 θερμότατος,
1966 1027 2054 1082 καὶ

398 1128 426 1181 6
493 1122 662 1196 πραΰς
722 1124 834 1197 (52)
911 1117 1081 1184 ὄντως
1160 1121 1366 1197 γίνεται
1451 1121 1732 1196 μαχητὴς,
1792 1117 1914 1172 ὅταν
1973 1114 2057 1190 ἴδῃ

401 1212 749 1290 μακροθυμίᾳ
805 1213 932 1266 Θεὸν
988 1209 1355 1283 ζημιούμενος
1403 1212 1516 1283 (53)
1582 1206 1794 1283 μᾶλλον
1842 1204 1899 1261 δὲ
1930 1205 2058 1261 Θεὸν

400 1307 616 1377 ζημιῶν
673 1306 752 1374 τῷ
801 1302 993 1356 ἑαυτοῦ
1041 1301 1320 1373 πτώματι,
1368 1300 1460 1354 τὸν
1513 1301 1660 1372 ἡμᾶς
1711 1294 2059 1352 πλουτοῦντα

397 1415 456 1449 τε
503 1392 593 1448 καὶ
651 1390 1033 1461 πλουτίζοντα.
1117 1389 1276 1446 Οὕτω
1357 1389 1452 1462 μὲν
1509 1385 1624 1456 οὗν,
1684 1385 1814 1463 ὅπερ
1885 1386 2056 1454 εἶπον,

400 1484 566 1556 ἡμεῖς
622 1482 712 1536 καὶ
762 1481 861 1548 τὴν
919 1477 1190 1534 διάστασιν
1256 1478 1632 1554 μετριώτεροι·
1693 1476 1769 1538 ὡς
1831 1495 2059 1553 περιφα-

399 1572 647 1647 νεστὲραν
715 1569 956 1645 γενέσθαι
1031 1567 1120 1622 καὶ
1196 1568 1297 1636 τὴν
1378 1565 1634 1639 ὁμόνοιαν
1688 1571 1789 1635 τῆς
1848 1562 2061 1633 διαζεύ-

401 1662 554 1732 ξεως,
609 1660 698 1714 καὶ
761 1655 957 1734 μικροῦ⁹
1015 1659 1075 1713 τὸ
1137 1657 1298 1730 μέσον
1363 1655 1640 1726 κλαπῆναι
1679 1661 1797 1717 τοῖς
1827 1653 2062 1732 ἀμφοτέ-

402 1751 570 1827 ρωθεν
631 1746 864 1819 δεξιοῖς’
927 1747 1042 1802 ἐπεὶ
1103 1744 1160 1801 δὶ
1210 1747 1309 1802 οὑκ
1357 1745 1566 1822 ἐξαρκεῖ
1619 1745 1682 1798 τὸ
1732 1743 1905 1818 τάχος
1964 1749 2061 1813 τῆς

401 1840 624 1914 εἰρήνης
677 1838 814 1914 πρὸς
869 1839 969 1906 τὴν
1030 1833 1348 1915 ἀσφάλειαν,
1405 1835 1451 1891 εἰ
1514 1835 1588 1908 μή
1649 1855 1731 1896 τις
1776 1833 1862 1887 xui
1897 1832 2060 1908 λόγος

401 1932 429 1984 ὁ
486 1928 688 1998 ταύτην
746 1932 955 2004 κρατῶν
1015 1926 1204 2005 φανείη
1263 1927 1398 2001 (54),
1458 1923 1548 1980 καὶ
1599 1924 1728 1984 Θεὸς
1779 1920 1926 1977 ἔλθοι
1983 1926 2062 1993 τῷ

2166 763 2345 818 Deum
2378 762 2597 833 colunt,
2634 781 2794 835 aeque
2829 763 2983 819 inter
3013 780 3076 819 se
3107 763 3403 830 conciliat,
3457 769 3626 835 atque
3683 782 3815 820 con-

2168 853 2426 906 sentiens
2457 853 2529 906 de
2561 855 2670 908 Deo
2732 852 3038 921 doctrina;
3084 853 3584 924 quemadmodum
3615 859 3818 909 contra

2165 940 2311 996 nihil
2345 941 2414 997 ad
2449 941 2763 997 dissidium
2791 942 2873 997 ita
2917 947 3257 1014 promptum
3302 959 3368 998 ac
3417 949 3687 1014 paratum
3707 947 3817 1012 est,

2167 1034 2232 1084 ut
2261 1029 2492 1086 diversa
2521 1031 2579 1086 in
2603 1030 2711 1086 hac
2745 1048 2806 1087 re
2836 1031 3170 1087 animorum
3194 1031 3507 1088 sententia.
3528 1031 3828 1101 Hicenim,

2167 1119 2344 1174 etiam
2377 1119 2478 1188 qui
2512 1119 2644 1176 aliis
2673 1120 2730 1176 in
2781 1120 2956 1176 rebus
2995 1121 3373 1192 mquissimus
3402 1125 3456 1176 et
3507 1120 3828 1176 facillimus

2167 1211 2276 1272 est,
2301 1209 2768 1264 ferventissimus
2799 1209 3029 1265 exsistit
3055 1227 3067 1277 ;
3093 1225 3159 1267 ac
3189 1214 3539 1266 mansuetus
3555 1224 3686 1265 vere
3716 1226 3830 1281 pu-

2168 1313 2322 1366 gnax
2354 1297 2625 1366 efﬁcitur,
2661 1315 2795 1353 cum
2829 1315 2890 1353 se
2936 1314 3037 1370 per
3067 1298 3371 1354 lenitatem
3403 1298 3505 1354 Dei
3529 1299 3827 1370 jacturam

2175 1387 2383 1456 facere,
2418 1387 2556 1456 imo,
2608 1393 2673 1442 ut
2721 1387 2939 1444 rectius
2997 1387 3226 1460 loquar,
3260 1405 3362 1460 per
3389 1387 3825 1461 prolapsionem

2171 1493 2362 1545 suam,
2396 1477 2602 1542 Deum,
2629 1476 2730 1548 qui
2751 1493 2879 1547 nos,
2903 1480 2959 1532 et
2980 1493 3083 1549 pro
3115 1475 3332 1532 divitiis
3363 1477 3558 1545 habet,
3591 1483 3647 1533 et
3677 1478 3824 1534 divi-

2169 1571 2257 1622 tes
2288 1566 2497 1635 reddit,
2531 1567 2747 1622 damno
2800 1565 3030 1622 afﬁcere
3061 1565 3367 1638 conspicit.
3400 1567 3495 1622 Sic
3528 1566 3725 1640 igitur,
3761 1571 3826 1622 ut

2176 1674 2208 1711 a
2239 1672 2331 1711 me
2361 1655 2582 1710 dictum
2615 1660 2723 1725 est,
2759 1672 2864 1712 nos
2911 1654 2972 1710 in
3033 1655 3161 1727 ipsa
3192 1672 3422 1727 quoque
3452 1656 3824 1712 contentione

2172 1745 2531 1801 moderatius
2565 1744 2834 1816 nosipsos
2865 1745 3195 1815 gessimus;
3230 1745 3372 1800 adeo
3421 1750 3486 1800 ut
3516 1745 3828 1801 concordia

2171 1835 2300 1906 ipsa
2357 1835 2753 1904 disjunctione
2811 1833 2958 1889 187
3026 1833 3241 1889 clarior
3281 1833 3476 1905 fuerit,
3505 1851 3571 1889 ac
3603 1851 3705 1907 per
3737 1851 3826 1906 ea,

2173 1941 2300 1995 quae
2342 1922 2623 1996 utrinque
2681 1922 2813 1978 laeta
2868 1927 2926 1978 et
2983 1922 3292 1978 commoda
3341 1922 3710 1990 exstiterunt,
3769 1922 3826 1977 id

399 2015 555 2094 λόγῳ
606 2017 928 2093 σύμμαχος,
985 2022 1108 2091 παρ’
1157 2014 1218 2071 οὖ
1265 2014 1433 2070 καλὸν
1483 2013 1621 2068 ἃπαν
1671 2010 1759 2067 xui
1810 2009 2058 2088 ἄρχεται,

474 2109 485 2118 ι
578 2108 591 2118 α
722 2107 760 2118 3‘
897 2105 919 2118 11
1254 2106 1263 2118 ι
1449 2103 1462 2118 ι
1521 2101 1545 2118 ἢ
1571 2109 1584 2118 ι
1655 2102 1666 2118 ἱ
1727 2106 1753 2117 υ
1926 2102 1937 2118 \
1977 2098 2000 2118 Ἀ
2039 2102 2050 2117 \

2181 2012 2330 2084 quod
2364 2012 2422 2066 in
2457 2012 2646 2067 medio
2678 2011 2941 2083 contigit,
2973 2027 3114 2081 pene
3147 2010 3498 2083 subreptum
3531 2015 3585 2066 et
3613 2012 3826 2068 obscu-

400 2109 488 2164 xui
548 2108 623 2170 εἷς
679 2107 838 2169 τέλος
895 2105 1111 2183 ἔρχεται
1141 2124 1152 2139 ο
1207 2106 1333 2184 φέρε
1375 2103 1466 2160 καὶ
1517 2101 1584 2158 δι’
1618 2102 1819 2178 εὐχῶν,
1853 2102 1940 2156 xui
1973 2101 2062 2155 διὰ

400 2197 682 2275 λογισμῶν
738 2191 1166 2273 βεϐαιωσώμεθα
1207 2194 1408 2264 ταύτην
1461 2193 1537 2256 εἷς
1589 2189 1854 2266 δύναμιν.
1889 2190 2059 2245 ἐκεῖιο

400 2293 614 2363 πρῶτον
651 2285 1060 2360 ἐνθυμηθέντες,
1094 2287 1177 2341 ὃτι
1227 2283 1524 2340 κάλλιπον
1583 2283 1675 2357 μὲν
1734 2286 1840 2336 τῶν
1889 2276 2058 2336 ὄντων

401 2377 490 2431 καὶ
542 2374 887 2450 ὑψηλότατον
940 2375 1092 2445 Θεὸς,
1145 2374 1195 2428 εἷ’
1245 2375 1321 2446 μὴ
1369 2377 1448 2444 τῷ
1488 2370 1648 2450 φίλον
1681 2375 1770 2426 καί
1803 2369 1933 2445 ὑπὲρ
1963 2370 2062 2437 τὴν

404 2464 586 2520 οὐσίαν
645 2461 789 2539 ἄγειν
840 2463 1022 2533 αὐτὸν,
1081 2464 1115 2532 ἢ
1173 2460 1302 2518 ὅλον
1354 2462 1404 2516 ἐν
1456 2462 1604 2534 αύτῷ
1649 2462 1852 2525 τιθέναι
1891 2460 1954 2514 τὸ
1986 2460 2061 2513 εἴ·

403 2575 511 2624 ναι,
542 2554 670 2628 παρ’
726 2552 786 2607 οὗ
842 2551 931 2607 xui
988 2556 1104 2614 τοῖς
1164 2549 1394 2613 ἄλλοις·
1459 2548 1676 2625 δεύτερο
1732 2547 1788 2603 δὲ
1849 2549 1946 2603 ὅσα
2004 2549 2063 2602 ἐκ

363 2647 536 2699 »Θεοῦ
595 2646 787 2719 πρῶτα
843 2641 931 2696 καὶ
989 2641 1113 2716 περὶ
1172 2641 1323 2712 Θεὸν,
1394 2639 1490 2702 τὰς
1550 2639 1842 2716 ἀγγελικὰς
1917 2637 2062 2714 λέγω

402 2731 655 2808 δυνάμεις
714 2735 803 2788 καὶ
865 2733 1172 2808 οὐρανίους,
1252 2730 1326 2805 α’ί,
1386 2736 1597 2806 πρῶται
1682 2735 1890 2785 σπῶσαι
1964 2728 2061 2784 τοῦ

399 2827 626 2901 πρώτου
677 2823 880 2902 φωτὸς,
930 2824 1018 2877 καὶ
1068 2826 1146 2894 τῷ
1193 2828 1296 2891 τῆς
1346 2820 1602 2892 ἀληθείας
1652 2819 1806 2895 Λόγῳ
1835 2819 2061 2893 τρανού-

406 2934 579 2985 μεναι,
642 2917 756 2991 φῶς
815 2911 914 2966 εἰσι
974 2912 1063 2966 καὶ
1109 2910 1261 2966 αὐταὶ
1317 2909 1530 2966 τελείου
1582 2910 1760 2988 φωτὸς
1823 2910 2059 2985 ἀπαυγά-

406 3022 620 3074 σματα·
681 3004 888 3056 τούτων
950 2998 1006 3055 δὲ
1055 2998 1206 3055 οὐδὲν
1261 3004 1374 3073 (55)
1425 2999 1597 3062 οὕτως
1664 2996 1824 3071 ἴδιον,
1874 3000 1949 3061 ὡς
2000 2999 2062 3053 τὸ

407 3090 623 3166 ἄμαχόν
680 3110 738 3144 τε
794 3090 883 3145 καὶ
942 3088 1312 3146 ἀστασίαστον.
1381 3089 1518 3146 Οὔτε
1575 3090 1679 3164 γὰρ
1736 3088 1787 3142 ἐν
1847 3087 2061 3158 θεότητι

403 3182 605 3253 στάσις,
667 3179 750 3233 ὅτι
834 3176 974 3252 μηδὲ
1028 3178 1183 3240 λύσις
1243 3182 1393 3253 (56)·
1459 3176 1613 3240 λύσις
1671 3177 1772 3254 γὰρ
1827 3178 2061 3237 στάσεως

401 3267 659 3344 ἔκγονον’
721 3265 868 3323 ἀλλὰ
926 3272 1182 3322 τοσοῦτον
1239 3267 1302 3322 τὸ
1358 3274 1457 3336 τῆς
1511 3266 1768 3339 ὁμονοίας
1805 3265 2062 3340 καὶπρὸς

403 3359 620 3428 ἑαυτὴν,
651 3357 739 3412 καὶ
774 3357 912 3432 πρὸς
942 3357 1008 3411 τὰ
1057 3354 1298 3432 δεύτερα,
1358 3355 1495 3411 ὥστε
1546 3356 1635 3410 καὶ
1693 3354 2060 3432 προσηγορίαν

2173 2106 2386 2156 ratum.
2421 2106 2495 2156 At
2547 2101 2824 2172 quoniam
2883 2100 3040 2172 pacis
3071 2099 3337 2155 celeritas
3378 2101 3451 2155 ad
3485 2100 3822 2156 ﬁrmitalem

2172 2190 2329 2246 haud
2363 2189 2604 2261 sufﬁcit,
2635 2190 2749 2245 nisi
2782 2189 2964 2245 oratio
2983 2189 3158 2245 etiam
3184 2188 3402 2260 aliqua,
3428 2206 3555 2261 quae
3577 2189 3725 2245 hanc
3741 2195 3824 2245 te-

2174 2285 2330 2347 neat,
2365 2280 2628 2348 exsistat,
2650 2296 2716 2334 ac
2735 2279 2910 2346 Deus,
2945 2295 3109 2349 aquo
3146 2280 3364 2334 bonum
3387 2295 3562 2335 omne
3589 2278 3825 2334 initium

2174 2369 2355 2436 ducit,
2390 2373 2567 2442 atque
2599 2370 2668 2424 ad
2697 2370 2872 2424 ﬁnem
2906 2369 3264 2440 perducitur,
3299 2367 3546 2424 orationi
3570 2369 3825 2440 opitula-

2174 2465 2264 2515 tor
2292 2460 2549 2526 accedat,
2583 2475 2706 2529 age,
2738 2462 2795 2514 et
2849 2457 3021 2524 votis,
3056 2461 3113 2512 et
3152 2456 3501 2524 rationibus,
3539 2474 3666 2514 eam
3699 2475 3829 2530 pro-

2172 2547 2324 2603 virili
2356 2552 2556 2604 nostra
2588 2548 3045 2603 conﬁrmemus:
3079 2545 3222 2600 illud
3250 2547 3505 2618 primum
3539 2564 3673 2603 cum
3699 2549 3826 2602 ani-

2175 2635 2288 2691 mis
2321 2635 2538 2691 nostris
2571 2638 2909 2707 reputantes
2946 2635 3146 2702 Dcum,
3189 2634 3476 2702 omnium,
3510 2652 3634 2706 quae
3663 2641 3822 2703 sunt,

2173 2725 2635 2798 pulcherrimum
2688 2728 2745 2779 et
2803 2723 3301 2780 sublimissimum
3334 2741 3484 2795 esse,
3547 2726 3658 2781 nisi
3694 2727 3827 2797 quis

2173 2821 2371 2872 tamen
2397 2832 2532 2871 eum
2560 2815 2726 2870 malit
2755 2831 2936 2887 supra
2967 2830 3203 2869 omnem
3233 2814 3550 2870 essentiam
3583 2833 3820 2887 ponere,

2174 2911 2276 2962 aut
2307 2905 2365 2960 in
2398 2905 2545 2978 ipso,
2579 2904 2862 2976 quidquid
2887 2904 2943 2960 id
2975 2909 3083 2974 est,
3113 2903 3415 2976 collo«.are,
3443 2909 3695 2978 utpotea
3715 2923 3829 2979 quo

2174 2994 2290 3051 alia
2307 3011 2560 3067 quoque,
2585 2999 2646 3049 ut
2673 2994 2813 3064 sint,
2839 2994 3207 3066 acceperint;
3229 2993 3438 3050 deinde
3463 3001 3659 3051 autem
3676 3013 3830 3069 qum-

2174 3102 2404 3157 cunque
2433 3100 2502 3140 ex
2527 3084 2641 3139 Deo
2670 3084 2881 3156 prima,
2915 3089 2970 3138 et
2999 3083 3153 3139 circa
3183 3083 3390 3153 Deum,
3424 3085 3533 3141 hoc
3591 3091 3682 3141 est
3729 3104 3826 3142 an-

2173 3174 2390 3248 gelicas
2449 3179 2504 3230 et
2561 3174 2827 3230 caelestes
2875 3174 3142 3243 virtutes,
3180 3192 3305 3247 quis
3340 3176 3538 3248 primae
3569 3177 3828 3249 primum

2172 3264 2370 3320 lumen
2404 3264 2764 3333 haurientes,
2799 3281 2864 3319 ac
2890 3264 3154 3321 veritatis
3180 3267 3354 3322 verbo
3378 3266 3706 3338 illustrataa,
3740 3267 3832 3323 lu-

2175 3372 2308 3412 men
2367 3373 2596 3427 quoque
2655 3357 2793 3426 ipsae
2846 3361 3006 3424 sunt,
3041 3373 3105 3412 ac
3129 3357 3368 3427 perfecti
3395 3356 3553 3414 illius
3586 3357 3830 3416 luminis

401 3451 479 3518 τῷ
509 3451 623 3518 Θεῷ
653 3448 900 3522 γενέσθαι
935 3446 1068 3519 μετά
1095 3451 1202 3501 τῶν
1236 3444 1447 3519 ἄλλων,
1479 3446 1567 3500 καὶ
1599 3447 1704 3521 πρὸ
1734 3450 1842 3500 τῶν
1878 3443 2062 3498 ἄλλων

2181 3447 2343 3502 radii.
2365 3446 2466 3502 His
2497 3463 2667 3518 porro
2700 3444 2845 3501 nihil
2880 3450 2999 3502 tam
3032 3448 3338 3518 proprium
3370 3453 3476 3516 est,
3511 3465 3687 3520 quam
3719 3467 3829 3521 pu-

408 3535 489 3596 οἶς
510 3534 694 3610 χαίρει
724 3532 1086 3608 καλούμενος,
1117 3540 1277 3590 τοῦτο
1308 3536 1369 3590 τὸ
1401 3533 1807 3608 πλεονέκτημα.
1849 3533 2058 3607 Εἰρήνη

410 3623 512 3697 γὰρ
539 3623 628 3677 καὶ
662 3623 868 3697 ἀγάπη,
900 3624 988 3677 καὶ
1017 3626 1085 3678 τὰ
1111 3630 1332 3679 τοιαῦτα
1356 3625 1698 3698 ὀνομάζεται,
1732 3627 1866 3698 ἡμῖν
1895 3625 2060 3697 παρέ-

409 3733 523 3787 γων
561 3709 649 3766 διὰ
676 3717 783 3767 τῶν
817 3712 1094 3784 ὀνομάτων
1126 3714 1198 3776 ὡς
1231 3719 1365 3768 Θεοῦ
1411 3714 1616 3770 τούτων
1652 3717 1764 3788 (57)
1827 3734 2062 3785 μεταπο-

408 3802 599 3856 ιεῖσθαι
629 3807 736 3855 τῶν
767 3801 968 3875 ἀρετῶν
980 3843 991 3856 .

2170 3553 2319 3608 gnas
2349 3539 2406 3592 et
2434 3534 2680 3591 dissidia
2718 3535 2963 3592 nescire.
3002 3535 3148 3593 Nam
3183 3552 3287 3591 nec
3318 3536 3377 3591 in
3410 3537 3624 3594 deitate
3655 3538 3836 3595 dissi-

2173 3626 2337 3680 dium
2395 3629 2505 3693 est,
2567 3626 3066 3696 quemadmodum
3119 3641 3222 3680 nec
3281 3625 3538 3684 solutio:
3601 3628 3838 3685 dissidii

2174 3715 2390 3786 quippe
2420 3714 2542 3768 filia
2571 3717 2659 3769 cst
2688 3714 2902 3769 solutio
2929 3731 2941 3775 ;
2966 3731 3166 3768 verum
3197 3717 3340 3770 adeo
3371 3721 3427 3771 et
3457 3734 3655 3772 secum
3676 3719 3831 3790 ipsa,

2175 3809 2386 3859 etcum
2418 3803 2795 3858 inferioribus
2829 3803 3004 3857 rebus
3031 3819 3275 3860 concors
3301 3809 3356 3859 et
3387 3813 3591 3877 pacata
3620 3814 3727 3877 est,
3763 3815 3834 3868 ut

408 3898 618 3964 praeter
647 3892 780 3962 alia,
843 3893 962 3948 imo
1020 3899 1154 3949 ante
1212 3893 1327 3950 alia
1384 3897 1643 3963 nomina,
1705 3894 1923 3966 quibus
1981 3893 2134 3950 Deus
2184 3891 2465 3965 appellari
2514 3892 2749 3963 gaudet,
2801 3892 2908 3946 hac
2931 3908 3166 3964 quoque
3187 3897 3568 3968 praerogativa
3597 3915 3831 3955 nuncu-

407 3985 602 4054 petur.
637 3983 754 4038 Pax
786 3983 830 4017 ⁶⁶
859 3983 1018 4037 enim
1050 3987 1108 4037 et
1140 3983 1394 4039 cuaritas
1425 3985 1491 4052 ⁵⁷,
1541 3989 1716 4056 atque
1774 3984 1830 4039 id
1889 3999 2076 4055 genus
2130 3983 2473 4038 nominibus
2531 3979 2876 4053 appellatur,
2911 3997 3024 4052 quo
3081 3981 3347 4039 videlicet
3377 4001 3479 4056 per
3517 3987 3646 4059 ipsa
3685 4006 3841 4060 quo-

411 4087 524 4142 que
555 4071 836 4127 vocabula
870 4088 975 4127 nos
1007 4072 1340 4141 admoneat,
1372 4078 1434 4128 ut
1454 4074 1631 4129 hasce
1654 4074 1920 4141 virtutes,
1955 4089 2082 4144 quae
2115 4071 2363 4144 propriae
2389 4069 2490 4126 Dei
2519 4075 2678 4137 sunt,
2702 4086 3040 4141 comparere
3070 4072 3441 4130 studeamus.

487 4160 583 4215 II".
624 4157 900 4234 Ἀγγὲλων
961 4157 1019 4213 δὲ
1065 4160 1094 4213 6
1149 4159 1240 4214 αὶν
1290 4161 1569 4216 στασιάσαι
1622 4159 1931 4233 τολμήσας,
1981 4159 2070 4214 xui

414 4247 546 4323 ὑπὲρ
593 4249 693 4318 τὴν
753 4247 898 4319 ἀξίαν
959 4248 1186 4322 ἀρθῆναι
1261 4249 1538 4306 κατέναντι
1593 4250 1794 4326 Κυρίου
1867 4271 2070 4304 παντο-

411 4337 676 4413 κράτορος
733 4337 1138 4414 τραχηλιάσας,
1197 4339 1287 4394 καὶ
1343 4342 1442 4410 τήν
1496 4340 1628 4416 ὑπὲρ
1671 4342 1737 4396 τὰ
1779 4339 1912 4417 νέφη
1945 4340 2074 4394 καθ-

414 4423 568 4500 έδραν
601 4424 854 4494 ἔπινοῶν,
887 4427 961 4489 ὡς
995 4429 1022 4482 6
1051 4425 1148 4482 τοῦ
1177 4431 1464 4507 προφήτου
1509 4432 1622 4504 (58)
1671 4429 1860 4504 λόγος,
1914 4427 2070 4499 δίκην

419 4509 588 4568 ἔδωκε
615 4516 715 4583 τῆς
744 4515 998 4577 ἀπονοίας
1055 4516 1222 4588 ἀξίαν,
1284 4519 1472 4582 σκότος
1535 4520 1652 4574 ἀντὶ
1709 4520 1885 4598 φωτὸς
1938 4519 2071 4572 εἶναι

421 4602 759 4678 κατακριθεὶς
815 4605 950 4677 (59),
997 4607 1032 4673 ἢ
1091 4605 1152 4661 τό
1209 4628 1272 4683 γε
1341 4606 1704 4685 ἀληθέστερον
1764 4608 1930 4662 εἰπεῖν
1990 4607 2075 4682 ὑφ’

495 4746 538 4781 ⁵⁸
570 4746 781 4819 Ephes.
816 4765 878 4819 ιι,
911 4751 998 4805 ili.
1026 4750 1068 4784 ⁵⁷
1100 4750 1122 4807 Ι
1150 4751 1322 4808 Joan.
1355 4769 1430 4820 ιν,
1462 4756 1516 4823 8,
1550 4754 1637 4808 16.
1670 4753 1712 4788 ⁵⁸
1743 4758 1857 4822 Isa,
1891 4769 2012 4820 xxv,
2046 4751 2132 4805 14.

631 4908 757 4986 Iob;
790 4906 1059 4986 γνησίοις.
1093 4909 1266 4986 Qoisl.
1302 4912 1352 4981 1,
1385 4912 1649 4986 γνησίως.

515 4977 603 5048 50)
631 4977 820 5048 Τοῦτοζ
852 4979 1011 5035 Colb.
1043 4985 1258 5038 τοῦτου.

516 5046 606 5124 ᾖξ’)
752 5046 914 5124 ἄλλα.
953 5052 1088 5124 Reg.
1116 5053 1176 5121 h,
1202 5057 1260 5109 et
1289 5053 1472 5110 Mont.
1503 5053 1719 5112 τ’ἄλΛα.

495 5120 617 5197 (52),
752 5119 944 5196 πραΰς,
977 5119 1086 5179 etc.
1148 5119 1372 5182 Alludit
1426 5128 1498 5182 ad
1548 5129 1668 5184 haec
1697 5128 1842 5184 Joel.
1871 5145 1954 5196 In,
1983 5129 2070 5197 14,

424 5189 452 5243 ὁ
484 5188 656 5265 πραΰς
684 5188 821 5246 ἔστω
880 5188 1162 5269 μαχητής.
1212 5218 1234 5246 ι
1287 5197 1394 5264 Qui
1454 5205 1798 5256 mansuetus
1836 5188 1952 5269 est,
1997 5188 2073 5255 sit

430 5269 741 5336 pugnator:
768 5286 796 5313 »
1137 5323 1139 5325 ,

496 5333 609 5417 (53)
651 5333 827 5417 Ιξιδῃ.Δ
845 5337 1194 5417 μακροθυμίᾳ
1248 5340 1402 5417 ’Θεὸν
1466 5339 1855 5417 ζημιούμενος.
1889 5345 2069 5417 Begg.

423 5421 478 5472 ιι,
646 5403 1022 5490 (latebam
1059 5403 1430 5490 ζημιούμενος
1597 5403 1962 5490 μακροθυμίᾳ.

499 5467 620 5564 (5ίεὶ
656 5467 880 5564 Ειψμίῇ
929 5501 1013 5564 τις
1069 5467 1160 5538 Ξιᾶὶ
1250 5467 1427 5564 λόγος’
1490 5467 1533 5538 δ’
1574 5467 2075 5564 ταύτηννῚκρῖατῶν

431 5547 647 5678 ἓὲὶείηὲ
680 5571 710 5678 <t<
742 5547 877 5609 Nisi
922 5555 1140 5628 aliqua,
1175 5573 1303 5628 quas
1334 5547 1533 5632 ipsam
1565 5547 1909 5630 conﬁrmet;
1928 5559 2075 5616 ratio

551 5639 616 5677 ar
653 5639 685 5678 a
717 5639 792 5678 .·››

432 5635 729 5691 appareat.
745 5639 792 5674 ·››

520 5693 612 5770 55)
643 5692 710 5749 At
741 5691 919 5755 οὐδέν.
954 5698 1049 5756 Sic
1071 5699 1210 5773 Reg.
1243 5701 1366 5774 bm,
1399 5707 1458 5760 et
1488 5703 1584 5760 0r.
1643 5704 1771 5763 Par.
1803 5705 1969 5778 edit.,
2030 5702 2077 5760 δ’

2254 4159 2397 4216 ΧΙΙΙ.
2429 4161 2508 4214 Ex
2539 4158 2761 4231 angelis
2792 4164 3010 4230 autem,
3043 4160 3113 4227 is,
3149 4161 3246 4232 qui
3280 4162 3627 4220 seditionem
3651 4167 3843 4223 conci-

2181 4256 2326 4316 tare,
2357 4266 2423 4305 ac
2455 4265 2636 4321 supra
2667 4247 3015 4320 dignitatem
3049 4265 3217 4304 suam
3251 4267 3380 4307 sese
3402 4253 3626 4324 efferre,
3662 4257 3842 4312 cervi-

2184 4355 2427 4411 cemque
2443 4339 2722 4394 adversus
2737 4339 3050 4394 Dominum
3066 4340 3532 4412 omnipotentem
3557 4345 3837 4412 attollere.

2183 4434 2378 4500 atque,
2412 4432 2476 4482 ut
2505 4428 2806 4499 Scriptura
2833 4432 3082 4484 testatur
3111 4430 3173 4499 ⁵⁸,
3209 4447 3390 4503 supra
3419 4433 3606 4489 nubes
3637 4435 3837 4491 sedem

2183 4515 2410 4586 sibiipsi
2431 4515 2758 4586 excogitare
2780 4532 2960 4572 ausus
2991 4521 3099 4579 est,
3133 4516 3342 4587 dignas
3372 4521 3707 4592 arrogantia
3728 4539 3840 4578 sua

2185 4619 2388 4675 paenae
2419 4602 2601 4668 dedit,
2634 4602 2783 4656 lucis
2814 4602 2938 4656 loco
2969 4603 3226 4658 tenebris
3287 4605 3594 4677 multatus,
3645 4614 3747 4665 aut
3777 4616 3843 4666 ut

2227 4901 2363 4959 38év.

2185 4923 2365 5048 Ουῗέέ)
2404 4975 2521 5027 Ὅτι
2559 4968 2699 5047 μηδὲ
2732 4970 2907 5036 λύσις.
2968 4998 2997 5026 ‹‹
3021 4975 3509 5050 Quandoquidem
3567 4998 3672 5040 nec
3711 4986 3837 5044 dis-

2181 5065 2417 5122 solutio.
2455 5085 2476 5114 ιι

2251 5137 2364 5208 (57)
2404 5135 2491 5195 Ὡς
2524 5138 2656 5188 Θεοῦ
2686 5135 2918 5192 τούτων.
2961 5137 3190 5205 Billius,
3252 5161 3280 5190 (ι
3315 5144 3380 5197 ut
3437 5141 3544 5200 has
3591 5145 3838 5206 virtutes

2181 5214 2465 5282 tanquam
2481 5208 2663 5282 Deum
2688 5209 2967 5282 consequi
2981 5211 3344 5268 studeamus.
3364 5238 3386 5266 ι
3409 5215 3522 5271 Leu
3535 5218 3726 5274 venkl.
3753 5239 3840 5276 re-

2183 5283 2292 5362 fert
2322 5279 2393 5333 ad
2427 5279 2705 5362 nomina:
2751 5279 3374 5362 «_quibus_v_ocabili_s,
3437 5289 3522 5342 uti
3582 5307 3709 5362 qua:
3739 5293 3842 5348 Dei

2184 5352 2322 5420 sint,
2376 5367 2482 5406 nos
2539 5351 2857 5418 admonet,’
2897 5359 2959 5408 ut
3013 5354 3257 5412 virtutes
3317 5351 3489 5416 hasce
3538 5351 3840 5434 compare-

2184 5439 2395 5478 mus.»

2277 5495 2368 5566 58)
2597 5493 3139 5577 προφήτου.ΛΙ)εοει
3168 5498 3226 5553 in
3270 5500 3446 5575 Regg.
3484 5521 3537 5575 a,
3568 5505 3692 5577 bm,
3725 5505 3827 5574 hu,

2183 5565 2373 5622 tribus
2407 5565 2590 5631 Colb.,
2621 5565 2800 5621 Oxon.
2829 5571 2886 5622 et
2917 5565 3011 5624 0r.

2403 5635 2613 5721 Σκότοες¹
2651 5636 2796 5721 ςίιντξ¹
2825 5637 3004 5721 φωτὸς
3065 5640 3200 5721 εἶναι
3259 5645 3620 5721 κατακριθείς.
3682 5669 3711 5698 ‹‹
3760 5647 3831 5704 Ut

2185 5709 2335 5768 lueis
2352 5709 2486 5769 loco
2507 5710 2694 5783 caligo
2726 5710 2822 5779 sit,
2838 5709 3185 5770 damnatus.
3223 5736 3250 5766 ››
