4070 6406
355 356 464 417 741

1548 334 1840 399 ORATIO
1885 334 1989 397 Vl.
2023 366 2101 381 --
2142 334 2244 395 DE
2288 331 2492 395 PAGE
2534 330 2582 393 Ι.

3658 335 3778 396 ’142

351 491 479 557 νῶν,
509 486 589 554 τῷ
622 481 717 554 μὲν
751 470 953 554 φωτὸς,
990 473 1061 546 τῇ
1094 464 1151 525 δὲ
1197 464 1389 535 ὑετῶν,
1438 466 1644 529 εὐνοίάς
1692 468 2003 543 κρατεῖσθαι

2151 464 2595 539 magniﬁcentius
2626 462 2942 536 excogitari
2974 465 3185 535 potest.
3228 464 3295 520 At
3352 462 3532 522 simul
3591 469 3775 540 atque

348 554 544 648 vdae;
577 577 649 645 γῆ
684 566 741 623 δὲ
769 564 857 621 καί
889 564 1017 638 ἀὴρ,
1049 562 1085 632 ἡ
1122 560 1214 633 μέν
1244 558 1471 648 τροφάς,
1503 557 1538 630 ᾖ
1573 554 1629 611 δι
1660 557 1720 610 τὸ
1752 556 2001 648 ἀναπνεῖν

349 645 707 742 χαριζόμενοι
761 657 921 725 ζώοις
971 652 1160 722 ἅπασι,
1205 648 1295 742 xui
1345 645 1638 742 3iu-10610
1670 648 1784 742 (76)
1812 647 1873 699 τὸ
1909 650 2004 719 ζῇν

350 734 695 828 συνέχοντος,
725 746 926 823 γονέων
961 739 1355 812 ἀπομιμεῖσθαι
1390 734 1775 814 φιλοστοργίαν
1804 753 1818 804 ;

2117 560 2359 628 pacatus
2385 560 2438 610 et
2471 554 2705 625 quietus
2736 570 2864 609 esse
2894 553 3088 620 desiit,
3119 555 3375 611 mundus
3392 574 3623 629 quoque
3646 573 3781 612 esse

2119 646 2356 701 desinit.
2391 644 2538 711 Quid
2569 644 2728 699 enim
2756 646 2777 697 Ρ
2806 644 2951 699 Cum
2984 642 3195 698 coelum
3246 649 3369 698 rato
3402 647 3627 714 ordine,
3660 648 3780 703 aeri

2120 734 2335 802 lucem,
2384 738 2553 789 terrae
2587 732 2814 803 pluvias
2846 733 3124 804 impertit,
3178 749 3370 787 nonne
3402 734 3507 789 tibi
3538 735 3790 791 benevo.

352 822 547 903 lentiae
579 822 810 913 legibus
840 834 1027 892 teneri
1059 831 1289 887 videtur
1314 829 1342 883 ?
1371 828 1573 884 Nonne
1604 833 1760 883 terra
1816 836 1873 881 et
1930 841 2048 891 aer,
2108 840 2265 894 cum,
2295 823 2395 878 illa
2427 822 2668 893 quidem
2700 822 3023 913 cibos,iste
3055 826 3252 878 autem
3310 823 3637 895 respirandi
3695 828 3783 882 fa-

357 912 899 991 cultatemicunctis
925 920 1333 981 animantibus
1364 917 1719 989 largiuntur,
1749 921 1926 987 atque
1956 931 2061 987 per
2082 914 2204 970 haec
2236 913 2415 968 vitam
2448 916 2815 979 conservant,
2847 912 3121 967 videntur
3149 917 3459 984 parentum
3483 930 3620 986 erga
3636 914 3788 972 ﬁlios

362 1037 620 1082 amorem
651 1014 873 1074 imitari
895 1014 923 1069 ‘I

430 1116 532 1168 lE'.
563 1110 720 1184 Ὧραι
753 1102 811 1159 δὲ
858 1102 1085 1177 ἡμέρως
1129 1094 1609 1184 κιρνάμεναιηκαὶ
1658 1093 1795 1148 κατὰ
1827 1091 2018 1184 μικρὸν

358 1182 643 1271 ἀλλήλαις
669 1194 1003 1264 ὑπεξιοῦσαι,
1062 1188 1151 1243 καὶ
1199 1187 1261 1241 τὸ
1308 1189 1415 1241 τῶν
1470 1182 1647 1260 ἄκρων
1822 1182 2021 1251 αὐστη-

360 1290 450 1367 ρὸν
614 1283 871 1360 μεσότητι
918 1276 1350 1347 τιθασσεύουσαι,
1400 1272 1537 1350 πρός
1576 1294 1635 1367 τε
1674 1269 1877 1341 ἡδονὴν
1912 1272 2025 1344 ἅμα

358 1356 447 1434 xui
516 1356 707 1452 χρείαν
805 1367 1136 1440 ἐπιτηδείως
1215 1365 1403 1439 εἰρήνῃ
1490 1356 2022 1452 βραϐεύεσθαις-Τί

361 1465 446 1522 δαὶ
659 1462 846 1538 ἡμέρα
896 1459 987 1514 καὶ
1039 1457 1151 1527 νὺξ,
1203 1452 1509 1527 ἰσομοιρίαν
1576 1454 1712 1527 πρὸς
1770 1449 2022 1522 ἀλλήλας

362 1557 631 1632 λαχοῦσαι
662 1552 751 1607 καὶ
800 1547 1138 1624 περιτροπήν
1205 1543 1497 1618 ἔμμετρον,
1556 1542 1648 1595 καὶ
1695 1543 1729 1609 ἡ
1794 1541 1888 1613 μὶν
1948 1540 2023 1603 εἷς

363 1628 520 1720 ἔργὸν
549 1646 696 1715 ἡμᾶς
731 1638 1031 1715 ἐγείρουσα,
1063 1638 1097 1704 ἠ
1132 1631 1190 1688 δὲ
1220 1632 1602 1720 ἀναπαύουσοι;
1635 1629 1695 1683 Τί
1727 1628 1813 1720 δαὶ
1844 1629 2023 1720 ἣλιος,

480 1734 706 1802 σελήνη,
737 1727 827 1783 καὶ
856 1724 1065 1787 κάλλος
1097 1723 1333 1799 ἀστέρων
1367 1720 1456 1775 καὶ
1496 1718 1733 1791 πλῆθος,
1786 1718 1836 1772 ἐν
1881 1719 2024 1789 τοὶξει

364 1822 700 1902 φαινομένων
752 1839 812 1873 τε
856 1817 946 1871 καὶ
998 1812 1375 1880 ὑπανιόντων;
1425 1808 1675 1865 Θάλασσα
1721 1806 1778 1862 δὲ
1825 1806 1913 1862 xui
1954 1810 2026 1883 γῆ

364 1895 554 1989 πράως
606 1905 882 1979 ἀλλήλαις
934 1901 1349 1989 ἐπιμιγνύμενα,
1400 1898 1489 1954 xui
1525 1895 1849 1989 Αδιαδιδόντα
1888 1917 2027 1989 χρη-

365 1987 528 2071 στῶς,
586 1998 676 2054 καὶ
735 1988 1210 2068 ἀντιλαμϐάνοντα
1278 1992 1394 2064 (79)
1460 1987 1861 2066 φιλανθρώπως
1937 1988 2027 2041 τὸν

366 2089 647 2166 ἄνθρωπον
679 2084 883 2163 τρέφει,
914 2082 1004 2139 xui
1035 2081 1310 2158 ἀνθρώπῳ
1358 2079 1426 2134 τὰ
1471 2080 1597 2154 παρ’
1644 2078 1844 2132 ἑαυτῶν
1898 2096 2030 2151 χορ-

365 2162 606 2254 ηγοῦντα
654 2162 932 2234 πλουσίως
979 2169 1070 2225 καὶ
1124 2167 1476 2247 φιλοτίμως;
1546 2165 1795 2238 Ποταμοὶ
1852 2162 1908 2218 δὲ
1960 2162 2029 2218 δι’

366 2251 534 2345 ὀρέων
566 2265 658 2322 xui
690 2261 887 2319 πεδίων
923 2259 1238 2333 ἑλκόμενοι,
1287 2256 1377 2312 καὶ
1428 2255 1536 2331 οὐχ
1589 2251 2027 2331 ὑπερϐαίνοντες,

366 2342 449 2413 ὅτι
486 2357 564 2430 μὴ
594 2354 729 2429 πρὸς
774 2353 836 2407 τὸ
886 2352 1193 2426 χρήσιμον,
1245 2343 1370 2401 οὐδὲ
1421 2344 1830 2422 ἐπιστρέφοντες
1860 2342 2030 2399 καλῦ-

369 2450 465 2520 ψαι
518 2446 617 2512 τὴν
674 2449 819 2518 γῆν,
881 2438 1181 2514 Στοιγείων
1244 2434 1301 2491 δὲ
1357 2438 1469 2509 (80)
1531 2433 1701 2507 μίξεις
1754 2434 1844 2489 xui
1898 2435 2031 2509 κρά-

374 2556 484 2597 σεις
545 2534 679 2607 (81),
739 2529 829 2585 καὶ
900 2526 1081 2602 μελῶν
1137 2526 1466 2601 συμμετρίαι
1536 2524 1625 2578 xui
1684 2523 2031 2600 συμφωνίαι;

378 2624 531 2693 ζώων
582 2619 639 2675 δὲ
694 2616 910 2697 τροφαὶ,
970 2616 1060 2671 xui
1125 2616 1379 2690 γενέσεις,
1448 2612 1537 2667 xui
1588 2611 1806 2683 οίκήσες
1867 2633 2033 2687 μεμε-

376 2711 659 2788 ρισμέναι;
710 2708 799 2763 καὶ
842 2708 911 2763 τὰ
956 2709 1259 2781 κρατοῦντα
1301 2702 1391 2758 xui
1439 2705 1505 2757 τὰ
1550 2701 1912 2775 κρατούμενα,
1943 2701 2032 2757 xui

374 2804 439 2859 τὰ
470 2796 841 2874 ὑπεζευγμένοι
889 2798 1048 2869 ἡμῖν,
1098 2794 1187 2849 xui
1234 2793 1302 2848 τὰ
1343 2791 1629 2866 έλεύθερα;
1663 2796 1837 2846 Ταῦτα
1866 2791 2036 2847 πάντα

383 2892 554 2953 οὕτως
610 2886 826 2965 ἔχοντα,
906 2884 995 2940 xui
1067 2884 1204 2938 κατά
1265 2884 1361 2945 τὰς
1436 2882 1657 2958 πρώτας
1716 2881 1888 2943 αἰτίας
1935 2888 2034 2951 τῆς

383 2979 664 3054 ἁρμονίας,
715 2973 810 3031 εἴτ’
860 2972 951 3029 06v
1000 2976 1112 3047 (82)
1164 2970 1418 3048 συρῥοίας
1468 2991 1525 3024 τε
1568 2970 1657 3024 καὶ
1700 2969 2030 3043 συμπνοίας,

382 3066 705 3140 εύθυνόμενά
758 3085 818 3119 τι
862 3063 951 3117 xui
1001 3059 1375 3137 διεξαγόμενα,
1424 3060 1475 3115 τί
1522 3061 1644 3114 ποτ’
1690 3059 1861 3135 ἐχρῆν
1915 3062 2033 3134 (83)

379 3156 557 3213 δοκεῖν
601 3154 785 3232 ἕτερον
832 3153 867 3223 ἢ
920 3150 1105 3230 φιλίας
1152 3172 1211 3206 τι
1268 3153 1381 3224 (84)
1438 3150 1526 3204 xui
1577 3149 1832 3221 ὁμονοίας
1893 3152 2028 3204 εἶναι

373 3244 718 3320 κηρύγματα,
768 3240 857 3295 xui
905 3240 1218 3313 νομοθετεῖν
1278 3238 1588 3312 ἀνθρώποις
1635 3234 1702 3290 δι’
1732 3237 1933 3292 ἑαυτῶν
1965 3238 2028 3292 τὸ

373 3334 661 3410 ὁμόψυχον
692 3332 839 3406 (85);

2206 1091 2320 1146 XV.
2355 1091 2557 1147 Nonne
2587 1091 2969 1147 manifestum
3019 1095 3127 1160 est,
3170 1091 3311 1148 anni
3364 1095 3580 1163 partes,
3630 1092 3783 1148 189

2130 1196 2265 1236 cum
2289 1180 2516 1252 placide
2546 1181 2699 1236 inter
2728 1197 2791 1236 se
2821 1179 3160 1249 miscentur,
3193 1180 3535 1253 sensimque
3565 1181 3679 1237 sibi
3697 1182 3786 1237 in-

2130 1268 2313 1325 vicem
2363 1270 2704 1340 succedunt,
2737 1273 2794 1325 et
2831 1274 3224 1325 extremorum
3256 1271 3632 1341 asperitatem
3663 1288 3786 1328 me-

2134 1358 2437 1413 diocritate
2469 1358 2759 1430 mitigant,
2810 1360 2881 1413 ad
2921 1358 3230 1414 hominum
3264 1358 3575 1416 utilitatem
3607 1360 3789 1418 simu-

2134 1452 2191 1502 et
2221 1446 2597 1519 voluptatem,
2617 1447 3029 1503 convenienter
3057 1454 3115 1503 et
3145 1448 3384 1520 paciﬁce
3431 1450 3788 1521 gubernari?

2134 1538 2282 1601 Quid
2316 1544 2511 1594 autem
2544 1540 2613 1594 de
2646 1538 2738 1594 die
2788 1555 2853 1593 ac
2899 1544 3085 1608 nocte,
3138 1541 3355 1611 quibus
3399 1542 3569 1612 quasi
3633 1547 3788 1598 sorte

2134 1629 2348 1700 obtigit
2370 1628 2621 1698 aequales
2652 1630 2806 1683 inter
2836 1645 2898 1684 se
2930 1628 3144 1684 habere
3176 1635 3392 1700 partes,
3426 1635 3482 1685 et
3529 1630 3791 1687 modera-

2135 1724 2256 1773 tam
2292 1718 2755 1786 conversionem,
2789 1717 2971 1773 utille
3002 1718 3241 1789 quidem
3268 1736 3374 1775 nos
3423 1720 3494 1775 ad
3516 1736 3664 1793 opus
3703 1722 3789 1777 fa-

2136 1807 2409 1862 ciendum
2442 1807 2670 1875 excitet,
2704 1807 2814 1863 iste
2844 1824 2976 1863 vero
3026 1808 3219 1879 quiete
3266 1813 3485 1865 recreet
3536 1826 3601 1866 ac
3657 1811 3789 1866 reﬁ-

2138 1897 2293 1953 ciat?
2323 1897 2470 1961 Quid
2528 1898 2597 1953 de
2628 1898 2749 1953 sole
2806 1902 2863 1952 et
2917 1896 3079 1968 luna,
3142 1899 3521 1971 siderumque
3584 1900 3789 1957 ordine

2060 1957 2107 2021 B
2138 1986 2485 2055 lucentium,
2519 2002 2767 2057 seseque
2798 1987 3282 2055 subducentium,
3317 1987 3701 2043 multitudine
3731 1993 3790 2044 et

2138 2076 2577 2147 pulchritudine
2602 2077 2629 2130 ‘?
2659 2075 2805 2137 Quid
2836 2077 2906 2130 de
2936 2081 3091 2131 terra
3121 2082 3177 2132 et
3208 2076 3377 2141 mari,
3410 2094 3536 2147 quae
3582 2076 3791 2133 leniter

2140 2165 2601 2235 intersejuncta,
2624 2166 2990 2237 benigneque
3008 2182 3136 2221 sese
3195 2165 3416 2221 mutuis
3444 2167 3788 2222 muneribus

2142 2254 2478 2325 efﬁcientia,
2500 2253 2821 2310 liberaliter
2841 2254 3139 2310 hominem
3160 2255 3346 2323 alunt,
3368 2255 3538 2326 cique
3557 2257 3789 2328 capiose

2141 2348 2198 2399 et
2229 2343 2555 2414 magniﬁce,
2588 2360 2715 2415 quae
2746 2344 2984 2409 habent,
3034 2345 3459 2416 suppeditant?
3516 2346 3661 2411 Quid
3720 2348 3791 2403 de

2144 2432 2443 2500 amnibus,
2475 2450 2576 2504 per
2607 2438 2835 2488 montes
2864 2438 2922 2488 et
2976 2450 3214 2505 campos
3263 2434 3599 2502 ﬂuentibus,
3663 2453 3788 2503 nec,

2144 2522 2257 2578 nisi
2288 2526 2576 2594 quatenus
2606 2522 2664 2577 id
2686 2522 2936 2594 expedit,
2971 2524 3458 2592 redundantibus,
3494 2542 3597 2579 nec
3618 2542 3681 2581 se
3717 2528 3788 2581 ad

2143 2612 2518 2684 operiendam
2552 2620 2762 2667 terram
2814 2612 3336 2668 conVertentibus‘i
3386 2612 3534 2677 Quid
3574 2615 3646 2669 de
3673 2614 3788 2671 ele-
3834 2618 3849 2687 )

2145 2706 2480 2757 mentorum
2513 2702 2894 2773 permistione
2925 2718 2988 2758 ac
3020 2702 3463 2773 temperatione,
3497 2705 3791 2760 membro-
3840 2694 3849 2769 ἓ

2142 2808 2391 2863 rumque
2419 2791 2793 2864 proportione
2823 2796 2880 2847 et
2907 2792 3339 2848 concinnitate?
3372 2792 3520 2857 Quid
3563 2793 3633 2848 de
3664 2796 3790 2849 ani-
3842 2780 3851 2839 ί

2146 2882 2435 2937 mentium
2473 2880 2772 2949 alimonia,
2825 2885 2881 2937 et
2915 2886 3063 2949 ortu,
3114 2882 3512 2953 distinctaque
3568 2882 3793 2939 habita-

2144 2971 2350 3026 tione?
2397 2970 2543 3035 Quid
2609 2971 2765 3041 quod
2814 2970 2929 3026 alia
2986 2972 3300 3042 imperant,
3360 2971 3475 3027 alia
3549 2972 3793 3045 imperio

2142 3064 2457 3115 tenentur:
2512 3062 2775 3132 quaedam
2807 3060 2977 3116 nobis
3010 3063 3275 3131 subjecta
3304 3066 3463 3131 sunt,
3524 3064 3791 3134 quaedam

2140 3148 2324 3206 libera
2345 3153 2372 3203 ?
2402 3151 2534 3216 Quae
2567 3166 2700 3205 cum
2732 3150 2813 3205 ita
2834 3167 2896 3206 se
2918 3151 3191 3217 habeant,
3227 3167 3292 3207 ac
3315 3152 3642 3208 secundum
3671 3154 3790 3225 pri-

2140 3255 2268 3295 mas
2316 3238 2657 3307 concordiae,
2690 3240 2809 3294 sive
2839 3240 3226 3296 conﬁuxionis
3253 3245 3311 3297 et
3340 3241 3795 3315 conspirationis

2062 3311 2104 3377 C
2143 3345 2353 3384 causas
2374 3333 2652 3401 regantur
2672 3334 2729 3385 et
2760 3332 3179 3402 gubernentur,
3200 3330 3341 3402 quid
3374 3311 3608 3388 tandem
3634 3332 3793 3389 aliud

373 3423 827 3481 existimandum
882 3423 989 3489 est,
1049 3434 1230 3490 quam
1291 3418 1445 3490 quod
1502 3434 1571 3473 ea
1617 3416 1937 3473 amicitiam
1992 3417 2484 3488 concordiamque
2537 3418 2920 3489 proclament,
2961 3437 3187 3493 suoque
3236 3420 3499 3493 exemplo
3532 3420 3795 3479 mortali-

376 3516 487 3570 bus
517 3513 850 3570 animarum
880 3524 1236 3565 consensum
1266 3507 1433 3579 quasi
1466 3506 1585 3562 lata
1615 3506 1742 3579 lege
1773 3507 2083 3563 indicant?

449 3601 534 3668 Ιξ,
590 3604 746 3652 οΟτοιν
809 3594 866 3650 δὲ
918 3596 1176 3668 στασιάσῃ
1232 3595 1366 3669 πρὸς
1426 3594 1619 3663 ἑαυτὴν
1672 3594 1705 3663 ἡ
1759 3592 1887 3664 ὕλη,
1942 3595 2031 3649 καὶ

382 3686 732 3749 δυσκάθεκτος
789 3685 1029 3759 γένηται,
1094 3681 1375 3757 μελετῶσα
1431 3683 1529 3751 τὴν
1585 3682 1737 3738 λύσιν
1792 3680 1880 3738 διὰ
1933 3691 2034 3753 τῆς

382 3776 635 3847 στάσεως,
666 3776 701 3844 ἢ
749 3773 878 3836 Θεός
926 3793 977 3827 τι
1022 3769 1405 3848 παρασαλεύσῃ
1454 3778 1554 3841 τῆς
1606 3772 1870 3847 ἁρμονίας
1921 3775 2034 3848 (86)

381 3866 457 3930 εἷς
492 3860 660 3945 φόϐον
690 3870 797 3920 τῶν
831 3861 1251 3939 ἁμαρτανόντων
1296 3862 1386 3915 xui
1436 3860 1681 3935 κόλασιν,
1736 3862 1771 3931 ἢ
1833 3861 2031 3926 θαλάσ-

381 3976 476 4026 σης
508 3954 827 4025 ὑπεξιούσης
858 3954 992 4027 (8Ἱ),
1024 3951 1058 4020 ἢ
1108 3957 1213 4025 γῆς
1264 3949 1638 4026 βρασσομένης
1685 3953 1817 4026 (88),
1868 3951 1902 4021 ἥ
1954 3951 2037 4023 ξέ-

380 4066 482 4100 νων
543 4046 705 4099 ὑετῶν
757 4041 1094 4121 φερομένων,
1153 4042 1190 4108 ἦ
1246 4038 1717 4117 συγκαλυφθέντος
1767 4040 1952 4113 ἡλίου,
2004 4044 2038 4112 ἢ

381 4131 793 4203 πλεοναζούσης
851 4130 1016 4205 ὥρας,
1078 4128 1111 4198 ἥ
1180 4130 1349 4205 πυρὸς
1411 4125 1845 4203 ὑπερϐλύζοντος
1901 4133 2035 4201 (89),

379 4222 615 4296 ἀκοσμία
830 4221 965 4276 κατά
1014 4223 1197 4291 τοῦτο,
1246 4218 1335 4273 καὶ
1384 4213 1553 4295 φόϐος
1618 4220 1741 4295 περὶ
1789 4221 1850 4275 τὸ
1909 4225 2037 4293 πᾶν,

375 4313 465 4369 xui
521 4312 585 4367 τὸ
642 4319 741 4382 τῆς
818 4310 1039 4387 εἰρήνης
1119 4308 1313 4384 ἀγαθὸν
1384 4311 1454 4382 τῇ
1507 4307 1686 4363 στάσει
1747 4306 2035 4366 δείκνυται.

460 4403 474 4424 \
501 4401 525 4423 ﬂ
741 4406 768 4417 ὐ
1188 4398 1202 4417 ‘
1574 4398 1587 4416 ἴ
1828 4399 1838 4420 Ι
1963 4397 1986 4417 Ἰ

379 4410 476 4459 Και
513 4424 595 4457 ινα
623 4422 782 4477 παρω
832 4398 1066 4474 δήμους,
1116 4420 1205 4454 και
1253 4397 1467 4472 πόλεις,
1500 4420 1589 4453 και
1626 4398 1927 4475 βασιλειας,
1961 4421 2039 4455 ετι

477 4546 571 4617 76)
602 4545 701 4598 Διὰ
728 4547 914 4617 τοῦτο.
945 4545 1122 4617 Regg.
1155 4545 1278 4613 bm,
1314 4545 1412 4613 hu,
1437 4541 1795 4617 τούτων.

477 4547 571 4617 76)
602 4547 701 4598 Διὰ
728 4547 914 4600 τοῦτο.
945 4547 1122 4617 Regg.
1155 4547 1278 4613 bm,
1314 4547 1533 4613 1111,01’.
1564 4547 1795 4601 τούτων.

453 4547 566 4690 (77)
594 4618 715 4673 Τῶν
749 4613 949 4691 ἄκρων.
985 4616 1180 4691 Minus
1236 4624 1389 4671 recte
1447 4615 1692 4691 Billius:
1761 4640 1781 4667 σι
1813 4618 2037 4674 utrius-

382 4688 495 4763 que
527 4688 850 4763 extremiqi
884 4694 1031 4763 Sunt
1060 4688 1217 4763 enim
1248 4694 1500 4763 quatuor
1529 4688 1927 4763 ann_i_partes.

473 4706 495 4744 Β
527 4706 789 4744 exu'eml.
823 4711 850 4739 »
884 4706 1031 4743 sunt
1060 4706 1217 4743 enim
1248 4706 1500 4760 quatuor
1529 4706 1669 4743 anni

473 4763 563 4826 78)
624 4756 966 4833 Tl_8u_i..._1i
996 4756 1100 4833 δαί.
1139 4764 1315 4833 Regg.
1350 4778 1403 4827 a,
1441 4762 1559 4833 bm,
1592 4757 1644 4811 τί
1672 4706 1751 4815 8f.

475 4834 567 4906 79)
620 4830 718 4884 Καὶ
777 4826 1640 4906 ἀντιλαμϐάνοντᾶῖκτρέφει...
1718 4834 2030 4904 χορηγοῦν-

376 4891 467 4958 τα)
498 4891 627 4959 Hinc
657 4906 831 4960 verba
880 4891 1120 4959 deerant
1165 4904 1222 4958 in
1273 4891 1466 4958 editis.
1500 4891 1804 4974 Legunt'ur'
1830 4891 2026 4958 tamen
2060 4891 2106 4954 D

383 4976 442 5030 in
473 4976 647 5031 Coisl.
684 4978 940 5059 incujus
971 4974 1318 5059 auctoritate
1348 4976 1729 5059 depravatum
1763 4975 1921 5059 hunc
1954 4977 2030 5059 Ιοτ

379 5064 513 5103 cum
545 5047 1010 5121 emendavimus.
1044 5047 1299 5121 Gombef.
1335 5064 1436 5117 pro
1463 5049 1852 5121 χορηγοῦντα,
1885 5047 2031 5117 legit

376 5123 717 5194 χορηγεῖ-τῷ
748 5118 1068 5194 ἀνθρωπίνῳ
1105 5116 1230 5193 βίῳ,
1263 5116 1373 5174 etc.
1414 5142 1434 5168 α
1462 5116 1787 5194 Et_copiose
1818 5136 1882 5173 ac
1914 5116 2032 5173 nia-

374 5189 588 5264 gn'iﬁce
622 5189 893 5247 humanis
923 5189 1056 5248 vita:
1087 5189 1214 5264 quas
1238 5206 1413 5262 penes
1442 5206 1504 5245 se
1534 5189 1775 5264 habent,
1808 5207 2030 5264 suppe-

374 5262 645 5318 ditant.»
708 5263 937 5331 Billius,
987 5262 1427 5335 quipleraque
1475 5262 1653 5335 verba
1701 5278 1825 5331 qum
1860 5262 2029 5335 resti-

372 5335 623 5417 t‘uimus,
656 5334 718 5390 in
748 5352 856 5392 suo
888 5334 1039 5392 libro
1062 5334 1374 5405 deleverat,
1403 5334 1601 5389 Latine
1622 5339 1819 5389 tamen
1837 5334 2030 5389 reddi-

591 5477 904 5552 210ixclwv
954 5474 1047 5552 8£._
1091 5478 1256 5552 RegL
1283 5494 1336 5546 a,
1396 5480 1455 5552 et
1496 5475 1591 5532 0r.
1627 5474 1916 5552 στοιχείων
1949 5495 2029 5533 τε.

466 5477 558 5548 80)
591 5477 893 5552 Στοιχείων
954 5477 1031 5535 δέ.
1091 5478 1232 5551 Reg.
1283 5494 1336 5546 a,
1396 5480 1455 5532 et
1496 5477 1591 5532 0r.
1627 5477 1916 5550 στοιχείων
1949 5495 2029 5533 τε.

445 5477 561 5619 (81)
591 5545 775 5619 Μίξεις
822 5549 913 5606 xui
951 5548 1188 5623 κράσεις.
1230 5550 1368 5622 Reg.
1419 5549 1541 5605 bm.
1592 5545 1733 5621 μίξις
1779 5547 1868 5603 καὶ
1901 5552 2032 5622 κρᾶ-

376 5640 429 5675 σι
473 5661 486 5675 .

437 5639 564 5770 <(82)
594 5688 709 5749 Ei’1’
737 5713 852 5753 ουν.
886 5694 983 5753 0r.
1009 5690 1105 5749 εἰτ’
1135 5690 1253 5752 οὖν.
1285 5692 1414 5750 Par.
1446 5686 1640 5749 ci'toov.

2214 3595 2356 3650 XVI.
2387 3596 2459 3649 At
2488 3596 2639 3665 :cum
2673 3597 2918 3653 materia
2966 3614 3165 3653 secum
3213 3597 3343 3669 ipsa
3387 3598 3654 3667 dissidet,
3688 3617 3794 3656 nec

2142 3683 2402 3739 cohiberi
2434 3689 2645 3755 potest,
2677 3685 3126 3742 dissolutionem
3158 3687 3381 3742 scilicet
3411 3705 3513 3759 per
3563 3689 3795 3745 seditio-

2144 3790 2279 3828 nem
2307 3775 2630 3840 meditans;
2664 3780 2764 3829 aut
2783 3776 2935 3830 Deus
2958 3777 3029 3830 ad
3065 3780 3218 3831 metu
3253 3777 3674 3849 percellendos,
3704 3778 3796 3835 vel

2145 3862 2320 3917 etiam
2368 3862 2695 3934 puniendos
2730 3869 3059 3935 peccatores
3092 3864 3313 3937 aliquid
3346 3866 3593 3938 hujusce
3654 3885 3793 3923 con-

2146 3951 2776 4021 cinnitatisluxaverit,
2822 3953 3107 4010 nimirum
3152 3954 3241 4010 vel
3263 3958 3595 4013 exundante
3624 3958 3796 4027 mari,

2145 4041 2231 4097 vel
2252 4047 2407 4098 terra
2428 4042 2782 4109 dehiscente,
2806 4043 2893 4099 vel
2917 4045 3080 4101 novis
3109 4050 3165 4100 et
3182 4046 3483 4103 inusitatis
3504 4048 3799 4105 imbribus

2148 4132 2518 4201 cadentibus,
2550 4131 2639 4187 vel
2669 4133 2921 4189 obducto
2946 4134 3201 4190 nubibus
3232 4135 3372 4206 sole,
3404 4136 3493 4193 vel
3542 4139 3798 4209 quadam

2147 4222 2286 4279 anni
2316 4226 2478 4294 parte
2510 4222 2751 4277 modum
2783 4225 3121 4292 excedente,
3148 4225 3237 4281 vel
3266 4227 3706 4285 ell'undentibus
3738 4248 3799 4286 se

2147 4313 2416 4385 ignibus:
2444 4317 2569 4367 tum
2601 4329 2735 4369 vero
2767 4317 3146 4387 perturbatio,
3180 4325 3236 4372 et
3253 4319 3324 4373 de
3372 4319 3481 4374 hoc
3530 4320 3799 4377 universo

2148 4408 2336 4459 terror
2365 4402 2572 4471 oritur,
2592 4408 2649 4457 et
2678 4410 2967 4476 quantum
3001 4407 3079 4462 sit
3102 4406 3261 4478 pacis
3292 4407 3513 4464 bonum
3554 4410 3801 4466 dissidio

2219 4544 2331 4630 (83)
2397 4542 2465 4599 Τί
2517 4544 2639 4597 ποτ’
2716 4543 2911 4619 ἐχρῆν.
2976 4549 3116 4621 Reg.
3178 4549 3297 4617 bm,
3375 4550 3472 4606 ΟΡ.
3540 4547 3594 4605 τί
3668 4570 3801 4605 ποτε

2227 4637 2315 4671 τ,ν.

2149 4634 2331 4763 ﬁgi.)
2364 4682 2562 4763 agilius
2592 4706 2669 4742 τε.
2732 4688 2904 4763 Deest
2930 4709 3040 4763 τεη
3068 4690 3127 4763 in
3158 4694 3335 4761 Regg.
3370 4691 3491 4763 bm,
3518 4692 3622 4747 hu.

2220 4761 2332 4849 (85)
2361 4756 2695 4869 Ὀμόψυγεον.
2731 4760 2902 4815 Coisl.
2938 4762 2987 4828 1,
3023 4756 3319 4833 ὁμότιμον.

2220 4833 2330 4869 (RR.
2362 4830 2567 4869 'Annnu
2601 4850 2662 4869 ηρ·
2748 4832 2978 4869 Nlnntnn
3064 4832 3319 4869 Ᾱηηυηίηρ

2219 4830 2681 4903 (86)⁹ᾼρμολνίας.
2747 4832 3001 4888 Montac.
3062 4830 3339 4903 ὁμονοίας.

2213 4906 2345 4977 (87).
2405 4901 2769 4977 Ὑπιξιούσης.
2819 4905 2958 4977 Reg.
3010 4923 3063 4976 a,
3102 4901 3352 4977 ’ἐξιούσης
3406 4904 3545 4977 Reg.
3605 4905 3708 4975 hu,
3741 4912 3799 4965 et

2140 4972 2235 5030 Oi".
2293 4972 2502 5044 έξιούση
2516 4994 2561 5034 ς.

2211 5046 2321 5119 (88)
2355 5045 2763 5119 Βρασσομένης.
2803 5067 2829 5099 ι
2860 5048 3180 5116 Concussa,
3239 5064 3557 5119 succussa;
3616 5054 3798 5108 metus

2140 5118 2193 5172 vi
2228 5117 2623 5173 subsultante.
2654 5141 2681 5169 ››

2211 5190 2318 5263 (88)
2380 5186 2873 5263 Υπερολύζοντοςη
2916 5192 3010 5246 Sic
3076 5191 3256 5263 Regg.
3317 5192 3437 5263 12m.
3516 5192 3619 5259 hu,
3679 5198 3799 5252 tres

2141 5256 2298 5337 Golb.
2325 5264 2391 5337 et
2447 5256 2620 5337 Cpisl.
2653 5263 2705 5314 3.
2730 5262 2899 5317 Coisl.
2934 5279 3067 5318 vero
3101 5256 3641 5337 1,”ὑνπερϐλύσαντος.
3666 5270 3797 5324 Par.

2142 5332 2281 5387 edit.
2319 5328 2768 5401 ὑπερκλυζοντος.
3032 5380 3037 5383 _

2214 5402 2642 5473 (90)Ἀκοσμία,
2676 5411 2785 5459 etc.
2848 5404 3073 5472 Billius,
3118 5428 3138 5456 ιι
3190 5406 3341 5463 Tum
3390 5424 3525 5464 vero
3575 5409 3633 5463 in
3686 5408 3796 5464 hac

2143 5492 2339 5530 rerum
2384 5476 2819 5546 perturbatione
2882 5481 2936 5532 et
2966 5478 3312 5535 confusione
3355 5480 3477 5534 orbi
3521 5480 3797 5535 universo

2143 5552 2331 5624 terror
2361 5548 2641 5624 injicitur,
2675 5552 3080 5624 quantumque
3112 5552 3169 5605 in
3203 5568 3342 5624 pace
3376 5550 3511 5607 boni
3546 5552 3703 5624 insit,
3730 5568 3799 5609 ex

2144 5620 2273 5693 ipsa
2302 5620 2588 5677 seditione
2617 5619 3043 5693 perspiciturJ»
