2035 3214
173 179 232 210 ’143

798 174 829 204 S.
854 173 1041 204 GREGORII
1064 171 1261 203 THEOLOGI

1825 172 1890 205 744

174 246 347 275 ostenditur.
363 247 470 280 Atque,
488 246 520 272 ut
535 243 668 280 populos,
686 245 714 270 ct
729 242 859 273 urbcs,ct
874 240 997 276 imperia

1055 238 1082 266 δὲ
1099 239 1185 277 χοροῦ
1201 240 1245 266 καὶ
1263 239 1404 277 στρατοὺς,
1431 239 1475 266 καὶ
1505 237 1607 274 οἴκους,
1635 239 1679 267 ναὶ
1703 242 1776 274 νηῶν
1807 240 1888 276 πλη-

173 294 355 327 praateream,
386 293 418 317 ut
447 292 549 322 castus,
579 287 734 321 exercitus,
760 285 897 319 familias,
916 293 1001 314 naves

172 336 339 364 vectoribus
355 334 468 370 plenas,
485 332 633 369 conjugis,
650 331 795 366 sodalitia,
813 339 875 366 quae
889 330 1000 364 omnia,

174 382 206 408 ut
220 388 291 415 pace
306 382 525 410 conservantur,
556 378 596 405 ita
624 376 746 404 dissidio
762 376 839 403 I90
869 374 1001 402 funditus

173 426 354 457 evertuntur,
372 424 407 451 ad
431 422 578 450 Israelitas
597 421 757 449 orationem
772 422 951 453 convertam,
968 427 1001 447 ac

173 473 366 505 posteaquam
381 467 463 495 vobis
475 474 576 495 eorum
592 465 783 500 calamitates,
799 466 827 492 et
842 464 1000 500 dispersio-

172 522 250 549 nem,
269 521 326 549 qua
340 520 419 540 nunc
434 511 554 539 sedibus
570 510 632 538 suis
661 509 738 546 pulsi
754 517 858 545 vagam
874 511 902 536 et
916 508 1001 536 mise-

171 566 235 586 ram
251 559 340 586 vitam
356 558 583 592 persequuntur,
612 554 849 589 diutissimeque,
867 555 899 581 ut
927 552 1000 581 mihi

170 603 248 631 edita
262 603 297 630 de
312 601 371 629 illis
384 600 523 628 vaticinia
544 600 631 627 ﬁdem
647 599 760 627 faciunt
775 600 999 634 persequentur,

169 655 340 683 exposuero,
356 648 420 674 tum
436 646 556 673 demum
572 653 606 672 ex
630 644 724 678 vobis,
745 644 795 679 qui
812 643 936 679 perfecte
951 650 1001 670 no-

1057 285 1180 321 ρώματα,
1196 284 1240 311 καί
1257 284 1394 322 συζυγίας,
1418 284 1462 311 καὶ
1489 284 1632 321 ἱταίρείας,
1658 285 1710 312 ὑπὸ
1734 285 1781 321 μὶν
1807 284 1890 323 εἰρή-

1055 339 1104 364 νης
1119 329 1313 366 συνεχομένοις,
1331 329 1383 356 ὑπὸ
1408 328 1436 356 δὲ
1458 329 1575 361 στάσεως
1600 328 1817 366 καταλυομένας,
1840 329 1887 357 ἐπὶ

1054 373 1101 400 τὸν
1132 373 1243 411 Ἰσραὴλ
1269 373 1325 410 ι’ίμι
1348 376 1387 409 τῷ
1413 373 1501 411 λόγῳ,
1527 374 1572 401 καὶ
1597 376 1649 401 τῶν
1675 374 1778 401 ἐκείνου
1793 375 1887 402 παθῶν

1057 418 1217 454 ὑπομνήσας
1234 418 1316 454 ὑμᾶς,
1333 418 1377 445 καὶ
1397 422 1448 450 τῆς
1474 417 1632 455 διασπορᾶς,
1657 419 1702 446 καὶ
1726 422 1777 453 τῆς
1802 417 1885 455 ἄλης,

1055 463 1085 496 ἦν
1105 473 1135 490 τε
1156 465 1202 490 νῦν
1225 461 1337 501 ἔχουσε,
1364 463 1409 490 καὶ
1434 464 1465 498 ἣν
1487 462 1531 490 ἐπὶ
1554 462 1682 491 πλεῖστον
1712 464 1769 500 (91)
1792 462 1885 499 ἕξωσι,

1059 507 1183 544 πείθομαι
1206 508 1258 545 γὰρ
1282 510 1340 538 ταῖς
1364 507 1427 544 περὶ
1457 507 1543 535 αὐτῶν
1568 507 1763 546 προρρήσεσιν,
1792 507 1887 536 ἔπειτα

1056 551 1189 589 ἐρήσομαι
1206 551 1325 590 ἀκριϐῶς
1342 550 1446 584 εἱδότας
1464 553 1544 589 ὑμᾶς,
1559 552 1586 580 τί
1601 553 1631 580 τὸ
1654 555 1709 580 τῶν
1736 555 1885 591 συμφορῶν

1054 597 1157 624 τούτων
1174 596 1270 632 αἷίτιον,
1285 597 1330 624 ’ἰνα
1344 596 1532 633 παιδευθῶμεν
1548 599 1607 628 τοῖς
1617 599 1670 624 τῶν
1685 596 1778 624 ἄλλων
1788 600 1886 629 κακοῖς

1053 643 1103 676 τὴν
1120 642 1133 668 ὁ
1139 641 1248 678 μόνοιαν
1254 664 1260 669 .

165 691 219 720 stis
248 699 385 727 quamam
415 690 454 718 sit
482 690 588 717 harum
619 688 824 717 calamitatum
855 695 955 721 causa,
985 687 1170 722 sciscitabar,
1202 690 1234 715 ut
1262 687 1387 715 aliorum
1414 688 1500 716 malis
1516 689 1550 715 ad
1567 688 1753 716 concordiam
1766 689 1887 717 erudia-

167 745 243 764 mur.

198 781 283 809 XVII.
299 780 436 813 Quandiu
451 779 541 815 igitur
556 778 598 806 illi
615 786 728 814 pacem,
758 780 786 804 et
815 777 892 804 inter
913 785 954 810 se,
971 778 997 804 et

1090 786 1136 813 IZ'.
1153 784 1213 822 Οὐχ
1227 786 1283 821 (92)
1309 795 1359 815 εως
1386 785 1433 820 μὲν
1459 785 1570 822 εἷρηνην
1596 785 1670 822 εἰχον
1687 784 1732 812 καὶ
1747 786 1816 822 πρὸς
1833 785 1884 814 ἀλα

166 834 233 854 eum
250 826 308 853 Deo
325 825 502 857 habuerunt,
519 823 686 859 [Egyptiaca
715 821 849 849 videlicet
870 821 998 857 tyranni-

167 872 213 907 de,
230 871 285 898 hoc
313 872 369 905 est,
386 869 479 897 ferrea
497 869 613 896 fornace
640 867 784 904 oppressi,
802 874 835 894 ao
850 874 901 901 per
915 873 998 894 com-

167 923 288 943 munem
302 914 490 943 afﬂictionem
505 912 655 948 conjuncti
679 914 767 947 atque
783 911 896 939 collecti
911 911 996 946 (non-

164 968 317 996 nunquam
331 960 410 987 enim
418 958 537 987 afllictio
545 965 661 994 quoque
676 957 741 993 ipsa
752 957 942 985 commodum
953 961 999 987 est

163 1006 199 1033 ad
215 1005 341 1033 salutem
359 1004 574 1040 pharmacum),
589 1001 671 1038 plebs
688 1004 791 1029 sancta
807 1001 997 1031 vocabantur,

161 1053 190 1078 et
204 1050 299 1086 portio
316 1048 444 1082 Domini,
477 1056 510 1076 ac
536 1046 632 1083 regale
661 1046 860 1074 sacerdotium
878 1046 910 1073 ω.
942 1045 999 1074 Nec

162 1103 229 1123 vero
246 1094 301 1122 hoc
316 1093 373 1121 dici
389 1095 495 1129 potest,
512 1091 633 1119 nomina
648 1091 768 1127 quidem
785 1091 884 1126 ampla
899 1092 928 1118 et
939 1098 999 1117 ma.

164 1139 274 1175 gniﬁca
288 1139 390 1170 fuisse,
405 1139 542 1165 caeterum
558 1136 728 1164 nominibus
744 1143 791 1163 res
814 1135 894 1171 ipsas
920 1135 997 1163 haud

164 1191 315 1220 quaquam
331 1181 608 1218 respondisse.Nam
623 1183 652 1208 et
665 1180 790 1208 ducibus
805 1182 885 1207 aDeo
901 1179 998 1207 ductis

164 1228 334 1262 utebantur,
351 1230 379 1255 et
396 1235 446 1262 per
467 1226 636 1254 columnam
667 1225 745 1261 ignis
776 1227 804 1251 et
828 1224 916 1251 nubis
946 1223 996 1251 diu

161 1276 308 1308 noctuque
324 1271 574 1299 deducebantur“
588 1280 595 1305 ς
613 1273 642 1298 et
662 1269 842 1305 fugientibus
857 1276 937 1296 mare
952 1268 997 1295 di-

160 1317 315 1345 videbatur
329 1317 375 1349 “t‘,
410 1319 438 1344 et
460 1317 536 1343 fame
562 1314 767 1342 laborantibus
792 1313 899 1341 coelum
915 1313 996 1341 cibos

160 1361 411 1390 subministrabat
423 1361 457 1395 ⁸³,
475 1363 503 1388 et
517 1359 688 1388 sitientibus
705 1361 786 1395 petra
803 1367 888 1386 usum
906 1357 997 1386 fontis

161 1407 309 1443 praebebat
323 1407 356 1438 ⁸⁸,
373 1408 402 1433 et
418 1405 619 1442 pugnantibus
635 1412 777 1432 manuum
802 1402 934 1431 extensio
950 1403 994 1430 in-

161 1451 391 1479 numerabilium
401 1450 551 1486 copiarum
562 1449 667 1484 instar,
679 1451 741 1476 erat
753 1447 896 1475 orationis
907 1455 995 1483 opera
1009 1470 1030 1503 C

164 1500 168 1503 .
333 1496 339 1501 -
474 1495 479 1499 ·
578 1502 583 1503 γ
627 1493 748 1503 ηιιεγξηκ
792 1492 921 1503 ,,A..2___
946 1492 991 1503 ιι,

161 1500 271 1532 tropaaa
299 1496 424 1532 erigens,
456 1495 588 1530 viamque
626 1493 750 1521 ulterius
788 1492 922 1528 aperiens
946 1492 992 1526 “;

162 1541 244 1569 ﬂuvii
259 1541 358 1574 etiam,
374 1542 532 1576 cognatum
549 1546 631 1566 mare
660 1538 820 1572 imitantes,
843 1537 994 1572 cedebant,

161 1588 190 1614 et
205 1586 352 1613 elementa
366 1585 578 1617 consistebant,
597 1591 630 1611 ac
645 1583 811 1610 muritubis
826 1582 996 1617 quatieban-

160 1634 209 1659 tur
220 1631 252 1658 ⁸⁵.
269 1630 343 1663 Quid
359 1629 438 1657 enim
454 1629 656 1665 [Egyptiorum
672 1627 774 1663 plagas
786 1627 815 1654 in
824 1635 925 1654 eorum
932 1634 998 1662 gra-

158 1680 231 1708 tiam
248 1679 376 1707 inﬂictae
404 1686 635 1706 commemorare
664 1676 769 1704 attinet
783 1676 805 1693 ⁵⁸
824 1675 838 1703 '2
854 1676 928 1707 Quid
947 1675 996 1703 Dei

159 1732 244 1752 voces
255 1733 270 1752 e
286 1726 386 1751 monte
402 1723 518 1750 auditas
531 1722 552 1739 ⁸⁷
567 1722 581 1749 ‘2
609 1721 684 1754 Quid
714 1720 861 1757 duplicem
889 1719 995 1756 legem,

162 1769 284 1797 alteram
299 1767 467 1801 litteralem,
485 1766 669 1803 spiritualem
686 1765 808 1794 alteram
823 1765 837 1792 ?
852 1765 926 1798 Quid
942 1773 997 1792 caa-

161 1817 242 1843 teros
257 1814 393 1848 honores,
411 1820 485 1848 quos
501 1811 591 1840 Israel
608 1810 721 1838 meritis
745 1810 808 1838 suis
824 1810 910 1846 longe
934 1818 997 1837 am-

163 1859 273 1895 pliores
288 1858 358 1886 olim
374 1859 550 1885 consecutus
559 1859 604 1884 est
617 1856 631 1883 ‘I
641 1857 677 1883 At
683 1858 838 1891 postquam
846 1858 999 1899 aegrotare,

162 1906 191 1931 et
205 1903 236 1931 in
253 1903 366 1939 seipsos
382 1904 485 1929 mutuo
502 1902 607 1936 furere,
623 1903 711 1936 atque
730 1902 761 1927 in
777 1900 886 1928 multas
900 1903 998 1936 partes

161 1948 251 1976 dividi
266 1949 418 1983 coeperunt
434 1947 530 1981 (cruce
545 1946 698 1979 nimirum,
723 1947 751 1972 et
766 1945 923 1979 dementia,
940 1954 999 1982 qua

160 1993 301 2020 adversus
313 1992 405 2019 Deum
421 1993 450 2018 et
465 1990 645 2018 Salvatorem
655 1992 804 2024 nostrum,
816 1991 880 2024 ejus
896 1991 999 2018 divini-

159 2040 250 2065 tatem
265 2037 295 2064 in
312 2036 497 2071 humanitate
512 2035 634 2062 minime
651 2037 854 2070 agnoscentes,
869 2035 998 2063 insanie-

1054 828 1160 864 λήλους
1175 829 1219 856 καὶ
1234 829 1303 866 πρὸς
1319 830 1395 864 Θεὸν,
1412 829 1542 867 Αἰγύπτῳ
1557 831 1591 866 τῇ
1610 829 1719 866 καμίνῳ
1805 829 1883 865 σιδη-

1055 876 1087 911 ρᾷ
1103 873 1271 910 πιεζόμενοι,
1287 874 1331 901 καὶ
1349 874 1400 902 ὑπὸ
1414 878 1464 909 τῆς
1489 878 1583 909 κοινῆς
1609 875 1664 911 (93)
1686 875 1805 912 θλίψεως
1822 886 1885 903 συν-

1054 918 1184 955 αγόμενοι
1215 916 1280 955 (ἔστι
1305 919 1355 956 γὰρ
1384 919 1428 946 ὅτε
1452 919 1497 946 καὶ
1520 920 1602 946 τοῦτο
1627 918 1768 957 φάρμακον
1785 920 1882 957 ἀγαθὸν

1054 963 1092 994 εἱς
1108 963 1245 1001 σωτηρίαν
1261 965 1278 998 ἡ
1309 962 1425 1000 θλίὼις),
1456 962 1523 994 λαός
1551 974 1580 991 τε
1604 963 1679 1001 ἃγιος
1695 962 1808 1000 ἤκουον,
1838 965 1883 992 καὶ

1056 1008 1132 1045 μερὶς
1156 1008 1265 1045 Κυρίου,
1289 1007 1334 1035 καὶ
1362 1006 1498 1045 βασίλειον
1523 1008 1679 1046 ἱεράτευμα.
1707 1008 1754 1035 Καὶ
1779 1008 1809 1036 οὐ
1826 1012 1884 1040 τοῖς

1056 1053 1102 1088 μὲν
1121 1052 1249 1089 ὀνόμασιν
1265 1053 1336 1080 οὕτω
1348 1054 1415 1089 (94),
1431 1055 1490 1084 τοῖς
1507 1051 1535 1080 δὲ
1552 1052 1640 1091 ἔργοις
1665 1053 1762 1091 ἑτέρως
1777 1063 1783 1069 '
1810 1053 1883 1081 ἀλλὰ

1052 1097 1097 1124 καὶ
1113 1097 1277 1135 πρατηγοῖς
1295 1096 1396 1135 ἤγοντο
1409 1097 1555 1134 ἀγομένοις
1577 1098 1628 1125 ὑπὸ
1650 1100 1728 1130 Θεοῦ,
1750 1098 1795 1125 καὶ
1819 1098 1882 1125 στύ-

1054 1141 1096 1177 λῳ
1111 1142 1196 1179 πυρὸς
1219 1142 1263 1169 καὶ
1287 1141 1402 1181 νεφέλης
1422 1141 1580 1180 ὡδηγοῦντο
1595 1143 1689 1173 νυκτὸς
1705 1143 1749 1170 καὶ
1764 1142 1879 1180 ἡμέρας·

1052 1187 1097 1213 καὶ
1120 1186 1241 1213 θάλασσα
1272 1186 1319 1223 μὲν
1343 1187 1434 1217 αὐτοῖς
1458 1186 1577 1214 διίστατο
1604 1186 1740 1225 φεύγουσι,
1767 1190 1878 1215 πεινῶσι

1053 1229 1081 1257 δὲ
1097 1230 1210 1267 οὐρανὸς
1225 1230 1353 1268 ἐχορήγει
1375 1232 1490 1269 τροφήν,
1514 1231 1600 1269 πέτρα
1621 1230 1650 1258 δὲ
1675 1230 1787 1268 διψῶσιν
1811 1232 1880 1267 ἐπή-

1051 1278 1125 1313 γαζι,
1150 1275 1302 1311 πολεμοῦσι
1334 1274 1362 1302 δὲ
1388 1277 1488 1313 ’χειρῶν
1518 1273 1624 1306 ἕκτασις
1654 1276 1712 1303 ἀντὶ
1742 1275 1878 1313 μυριάδων

1050 1321 1093 1354 ἦν,
1112 1319 1146 1347 δι’
1162 1319 1248 1357 εὐχῆς
1273 1319 1411 1358 ἐγείρουσα
1436 1321 1563 1357 τρόπαια,
1590 1321 1635 1347 καὶ
1661 1321 1824 1348 eammeam
1845 1321 1880 1349 τὰ

1050 1364 1202 1402 ἔμπροσθεν
1217 1374 1223 1380 ·
1245 1365 1365 1401 ποταμοὶ
1381 1363 1409 1392 δὲ
1438 1365 1598 1402 ὑπεχώρουν
1623 1367 1671 1399 τήν
1697 1367 1811 1404 συγγενῆ
1831 1376 1879 1401 μι-

1053 1409 1186 1445 μούμενοι
1212 1408 1355 1444 θάλασσαν,
1381 1410 1424 1436 καὶ
1450 1412 1573 1446 στοιχεῖα
1599 1409 1701 1445 ἵστατο,
1727 1412 1770 1438 καὶ
1796 1411 1875 1448 τείχη

1050 1453 1176 1491 σάλπιγξι
1205 1454 1365 1481 κατεσείετο.
1397 1455 1446 1481 Καὶ
1474 1455 1500 1481 τί
1529 1453 1571 1482 δεῖ
1600 1454 1688 1493 λέγειν
1724 1455 1879 1493 Αἶγυπτίων

1049 1499 1158 1536 πληγὰς
1270 1498 1377 1530 τούτοις
1407 1498 1604 1536 χαριζομένας,
1629 1499 1673 1526 καὶ
1702 1503 1768 1527 Θεοῦ
1791 1501 1879 1539 φωνὰς

1050 1542 1075 1578 ἐξ
1091 1541 1170 1580 ὅρους
1186 1543 1364 1579 ἀκουομένας,
1387 1543 1432 1570 καὶ
1456 1544 1619 1579 νομοθεσίαν
1637 1542 1748 1578 διπλῆν,
1764 1545 1814 1578 τὴν
1833 1546 1874 1581 μὲν

1051 1587 1076 1614 ἐν
1092 1587 1245 1624 γράμματι,
1262 1587 1312 1621 τήν
1330 1586 1358 1614 δὲ
1383 1587 1407 1614 ἐν
1432 1587 1576 1623 πνεύματι,
1594 1588 1638 1614 καὶ
1652 1587 1741 1614 τᾶλλα
1765 1588 1807 1618 οἷς
1823 1588 1879 1615 ‘1':-

1053 1634 1143 1668 μῶντο
1177 1631 1262 1659 πάλαι
1287 1633 1359 1668 παρὰ
1391 1632 1441 1666 τήν
1483 1632 1580 1659 ἑαυτῶν
1607 1630 1678 1665 ἀξίαν
1708 1632 1722 1658 ό
1751 1632 1873 1666 Ἰσραήλ.

1052 1676 1128 1704 Ἐπεὶ
1144 1675 1173 1704 δὲ
1185 1679 1272 1703 νοσεῖν
1288 1675 1413 1714 ἤρξαντο,
1433 1676 1478 1703 καὶ
1503 1676 1558 1703 κατ’
1580 1674 1711 1710 ἀλλήλων
1735 1674 1870 1711 ἐμάνησαν

1050 1721 1096 1748 καὶ
1112 1720 1254 1756 διέστησαν
1271 1721 1309 1752 εἷς
1328 1721 1396 1758 μέρη
1412 1720 1505 1749 πολλὰ
1519 1722 1574 1758 (τοῦ
1590 1722 1703 1756 σταυροῦ
1731 1720 1799 1757 πρὸς
1824 1720 1877 1754 τὴν

1052 1765 1171 1803 ἐσχάτην
1201 1766 1339 1793 ἀπώλειαν
1368 1766 1426 1803 (96)
1455 1765 1553 1796 αὐτοὺς
1589 1764 1807 1800 συνελαύνοντος,
1831 1764 1877 1791 καὶ

1051 1814 1101 1845 τῆς
1118 1810 1246 1841 ἀπονοίας
1269 1811 1299 1845 ἢν
1324 1810 1391 1838 κατά
1413 1812 1461 1838 τοῦ
1486 1812 1553 1838 Θεοῦ
1576 1810 1619 1837 καὶ
1643 1813 1773 1844 Σωτῆρος
1797 1810 1878 1845 ἡμῶν

1053 1856 1254 1890 ἁπενοήθησαν,
1284 1856 1329 1882 τὸν
1356 1855 1382 1882 ἐν
1419 1855 1555 1893 ἀνθρώπῳ
1585 1855 1648 1882 Θεὸν
1679 1855 1879 1893 ἀγνοήσαντες),

1052 1901 1097 1928 καὶ
1112 1900 1162 1934 τὴν
1179 1898 1277 1938 ῥάϐδον
1303 1900 1353 1934 τήν
1375 1898 1488 1936 σιδηρᾶν
1514 1899 1654 1937 πορῥωθεν
1680 1898 1878 1935 ἃπειλουμὲνην

1052 1945 1144 1976 αὐτοῖς
1169 1945 1209 1973 ἐρ’
1238 1944 1350 1976 ἑαυτοὺς
1375 1944 1511 1983 εἵλκυσαν,
1536 1945 1585 1979 τὴν
1610 1947 1654 1972 νῦν
1686 1944 1879 1982 ἐπικρατοῦσαν

1054 1990 1142 2028 ἀρχὴν
1160 1989 1234 2027 λέγω
1249 1990 1294 2017 καὶ
1312 1989 1463 2027 βασιλείαν,
1477 1989 1504 2017 τί
1524 1989 1626 2027 γίνεται
1644 1998 1650 2024 ;
1675 1990 1720 2016 καὶ
1745 1989 1771 2016 τί
1795 1987 1877 2016 πιπόν

1054 2040 1113 2066 eam
1127 2044 1133 2068 ;

160 2084 242 2115 ruat,
271 2089 321 2110 eos
350 2082 386 2108 ad
416 2084 579 2108 extremum
610 2079 731 2107 exitium
761 2079 919 2115 adigente),
947 2079 1117 2116 virgamque
1148 2081 1281 2115 ferream,
1298 2081 1352 2108 hoc
1373 2083 1428 2112 est,
1454 2080 1651 2116 principatum
1667 2082 1697 2107 et
1712 2078 1879 2115 imperium,

160 2127 239 2162 quod
256 2134 335 2154 nunc
350 2133 449 2153 rerum
465 2132 614 2153 summam
630 2125 721 2157 tenet,
738 2123 831 2151 multo
846 2126 914 2152 ante
937 2123 996 2152 illis
1011 2125 1226 2158 denuntiatum,
1243 2125 1273 2152 in
1303 2125 1416 2161 seipsos
1446 2127 1639 2158 attraxerant,
1670 2124 1740 2160 quid
1754 2123 1880 2152 accidit?

160 2171 293 2207 quidque
308 2170 440 2206 perpessi
452 2172 523 2197 sunt
534 2168 548 2195 ’ἶ

196 2214 294 2243 XVIII.
310 2213 454 2242 Jeremias
469 2213 589 2249 quidem
604 2220 654 2240 eos
683 2213 719 2240 ob
749 2213 860 2248 priores
876 2213 994 2240 calami-

1084 2215 1135 2241 IH'.
1153 2217 1251 2250 Θρηνεῖ
1277 2215 1324 2250 μὶν
1350 2213 1448 2244 αὐτοὺς
1475 2213 1606 2251 Ἱερεμίας
1631 2212 1676 2240 ἐπὶ
1697 2215 1756 2243 τοῖς
1779 2210 1878 2249 προτέ-

160 2261 235 2287 tates
251 2259 342 2295 luget,
359 2262 447 2294 atque
464 2257 664 2293 captivitatem
676 2256 882 2292 Babylonicam
893 2257 992 2293 deplo-

162 2307 226 2338 rat;
244 2306 328 2332 erant
342 2303 421 2332 enim
437 2311 537 2332 revera
551 2302 611 2330 hinc
637 2301 775 2337 lacrymis
790 2303 819 2330 et
833 2302 993 2338 gemitibus

160 2349 249 2385 digna
264 2362 271 2384 ;
288 2348 337 2385 qui
353 2356 419 2376 vero
442 2356 500 2376 non
516 2346 653 2375 maximis
677 2346 767 2383 digna
780 2346 929 2381 lamentis,
945 2355 994 2375 ex-

160 2394 223 2423 cisa
236 2394 356 2428 mmnia,
367 2394 439 2422 urbs
454 2392 516 2421 solo
532 2393 656 2428 aequata,
669 2391 833 2420 sacrarium
846 2400 991 2426 eversum,

160 2440 257 2467 votiva
271 2440 348 2467 dona
372 2437 541 2474 compilata,
570 2436 685 2472 profani
712 2436 800 2471 pedes
829 2438 858 2463 et
886 2444 994 2464 manus

163 2484 251 2518 pedes
267 2484 385 2520 quidem
403 2483 432 2510 in
449 2482 512 2510 loca
528 2490 586 2509 non
613 2481 748 2508 adeunda
769 2480 968 2515 irrumpentes
985 2490 992 2516 ;

1048 2268 1106 2295 ροις
1133 2257 1241 2293 πάθεσι,
1270 2258 1316 2285 καὶ
1343 2259 1392 2292 τήν
1416 2257 1461 2285 ἐπὶ
1498 2255 1652 2285 Βαϐυλῶνα
1689 2256 1879 2295 αἰχμαλωσίαν

1050 2301 1194 2340 ὀδύρεται·
1220 2302 1265 2330 καὶ
1293 2303 1344 2341 γὰρ
1378 2303 1411 2337 ἦν
1442 2300 1527 2333 ὅντως
1556 2302 1667 2329 κάκεῖνα
1697 2303 1803 2339 θρήνων
1833 2300 1878 2328 καὶ

1049 2346 1175 2385 ὀδυρμῶν
1193 2348 1270 2383 ἄξια·
1287 2350 1346 2378 πῶς
1362 2346 1391 2374 δὲ
1407 2346 1441 2374 οὐ
1462 2349 1517 2375 τῶν
1549 2347 1682 2385 μεγίστων
1708 2346 1789 2384 τείχη
1814 2355 1878 2372 κατ-

1049 2391 1217 2429 εσκαμμένα,
1241 2391 1323 2423 πόλις
1354 2390 1539 2430 ἠδαφισμὲνη,
1568 2391 1687 2429 ἀγίασμα
1721 2390 1879 2427 καθῃρημέ-

1048 2447 1104 2473 νον,
1120 2437 1280 2473 ἀναθήματα
1295 2435 1475 2472 σεσυλημένα,
1502 2435 1583 2467 πόδες
1609 2433 1725 2473 βέϐηλοι
1750 2434 1794 2462 καὶ
1818 2436 1881 2472 χεῖ-

1050 2491 1112 2519 ρες·
1130 2482 1156 2508 οἱ
1187 2482 1234 2517 μὶν
1261 2483 1321 2512 τοῖς
1349 2479 1460 2512 ἀϐάτοις
1488 2478 1694 2518 ἐμϐατεύοντες,
1725 2480 1752 2507 αἱ
1782 2478 1810 2506 δὲ
1836 2489 1882 2506 κα-

198 2578 220 2595 ⁸⁰
234 2579 323 2606 Exod.
353 2587 410 2612 xxx,
426 2579 460 2613 6;
492 2580 503 2604 l
533 2577 626 2613 Patr.“
640 2584 671 2613 ri,
698 2576 725 2602 9.
756 2575 1006 2613 ⁶¹ηΕιοάηξιιιῃῖ
1018 2576 1063 2613 21,
1092 2585 1173 2612 seqq.
1200 2576 1349 2613 §1'7Exod.
1378 2584 1442 2613 xiv,
1458 2576 1506 2613 722.
1536 2576 1558 2593 θ’
1574 2575 1664 2603 Exod.
1684 2582 1732 2609 xv,
1747 2575 1781 2602 12
1797 2581 1881 2610 seqq.

162 2612 185 2630 ⁸³
200 2614 288 2642 Exod.
302 2623 359 2648 xxi,
371 2611 437 2642 6.7“
453 2611 525 2641 ibid.
544 2613 587 2640 13.
605 2611 627 2629 ⁸⁵
641 2612 704 2640 Jos.
721 2619 763 2645 In,
781 2611 815 2638 17
827 2619 834 2645 ;
847 2618 885 2646 νῐ,
900 2612 936 2638 20
950 2611 971 2629 ⁸⁵
987 2612 997 2639 l

1053 2612 1075 2640 i.
1091 2611 1191 2639 vrilxi.
1205 2612 1227 2630 εδ
1243 2611 1332 2640 Exod.
1355 2620 1415 2646 XIX,
1433 2612 1466 2639 16
1480 2619 1563 2647 seqq.

198 2702 254 2738 (91)
283 2700 425 2731 Πλεῖστον.
464 2704 530 2731 Bas.
574 2701 682 2737 πλεῖον,
720 2701 750 2728 id
780 2702 825 2728 est
860 2699 919 2727 ἀντὶ
947 2702 996 2728 τοῦ

168 2736 231 2773 αἰεί,
245 2736 332 2774 quasi
349 2739 458 2766 diceret
474 2749 488 2764 ‹‹
502 2746 636 2774 semper.»
648 2749 662 2762 »

203 2771 342 2815 Οὐχ.
358 2774 407 2815 νᾳι
423 2771 594 2815 legendum,
610 2772 717 2815 οὐκοξν.
734 2771 777 2799 vel
800 2780 853 2815 per
871 2772 995 2801 interro-

168 2808 503 2845 gationem‘vertendum
517 2818 523 2836 :
545 2818 670 2845 «nonne
680 2808 693 2835 ?
709 2815 805 2845 annon
817 2808 831 2835 ?
846 2819 861 2833 »

204 2844 262 2882 (93)
280 2846 390 2879 Καινῆς.
417 2845 506 2880 Elias,
523 2843 647 2881 πολλῆς,
665 2856 680 2870 ‹‹
706 2843 830 2873 multam
859 2843 995 2873 afﬂictio-

1054 2710 1132 2730 nem.
1150 2713 1164 2727 ))

1087 2738 1144 2772 (91)
1159 2736 1245 2765 Οὕτω.
1264 2737 1355 2772 Regg.
1372 2745 1389 2764 8.
1403 2737 1464 2765 bm.
1483 2736 1583 2767 οὕτως.

1087 2745 1131 2772 (ω
1159 2745 1245 2765 υυτω.
1265 2745 1303 2765 ne
1349 2757 1355 2764 .
1372 2745 1389 2764 a
1403 2745 1464 2765 nm.
1483 2745 1583 2767 ουτως.

1086 2745 1282 2812 (ῼ5ίΠληγάς.
1306 2745 1454 2801 ῗὲοηιιουί
1482 2773 1566 2801 codd.
1597 2782 1716 2812 σφηκας,
1747 2780 1882 2809 «vespas

1050 2810 1218 2838 crabrones.
1236 2820 1250 2834 η

1086 2845 1141 2882 (96)
1155 2844 1321 2874 Ἀπώλειαν.
1341 2845 1428 2872 Deest
1440 2844 1471 2872 in
1488 2844 1544 2874 Par
1554 2844 1691 2874 editione.
