4070 6478
330 404 447 461 745

1537 395 1832 454 ORATIO
1878 392 2209 453 VI.—DE
2252 392 2458 453 PACE
2501 391 2549 451 Ι.

3640 390 3758 450 746

327 531 435 583 τῶν
475 527 589 598 (97)
638 521 925 596 ἅψαύστων
971 521 1411 595 κατατρυφῶσαι,
1458 526 1737 597 προφῆται
1792 521 1989 593 σιγῶν-

2140 536 2318 576 Janus
2346 536 2481 575 vero
2503 519 2651 573 191
2682 518 2836 573 circa
2867 532 2959 573 res
2989 533 3109 585 eas,
3131 534 3277 589 quas
3322 522 3557 592 tangere
3596 519 3762 575 nefas

332 636 440 687 τες,
491 615 654 688 ἰερεῖς
708 609 991 685 ἀγόμενοι,
1040 602 1335 683 πρεσϐῦται
1381 608 1457 679 μὴ
1491 605 1830 680 ἐλεούμενοι,
1861 625 1997 679 παρ-

333 706 476 759 θένοι
524 696 1011 776 καθυϐριζόμεναι,
1078 696 1268 766 νεότης
1322 696 1616 766 πίπτουσα,
1675 700 1781 771 πῦρ
1834 693 1999 748 ἀλλό-

333 814 482 869 τριον
537 794 650 864 (98)
698 789 788 843 καὶ
836 786 1126 859 πολέμιον,
1172 783 1400 857 α’ίματος
1450 786 1689 859 ποταμοὶ
1741 784 1855 838 ἀντὶ
1901 786 1999 838 τοῦ

336 882 489 937 ὁσίου
537 880 705 954 πυρὸς
763 876 854 931 καὶ
903 873 1159 948 α’ίματος,
1209 880 1503 950 Ναζαραῖοι
1547 873 1998 949 κατασυρόμενοι,

336 975 527 1047 θρῆνοι
579 973 696 1029 τοῖς
739 966 928 1040 ὕμνοις
982 965 1420 1039 ἀντεγειρόμενοι
1444 985 1454 997 ’
1508 964 1597 1019 καὶ
1633 962 1707 1018 ⁸ίν’
1737 963 1788 1034 ἐξ
1823 963 1998 1018 αὐτῶν

342 1058 478 1116 εἷ’πω
505 1080 559 1112 τι
587 1062 694 1111 τῶν
745 1055 1011 1130 Ἱερεμίου
1064 1056 1313 1129 Θρήνων,
1368 1055 1418 1107 οἱ
1450 1054 1559 1108 υἰοί
1585 1055 1698 1127 (99)
1732 1053 1896 1122 Σιὼν,
1950 1052 2002 1105 οἰ

339 1148 515 1221 τίμιοι
548 1145 636 1201 καὶ
662 1143 1055 1217 άντιτιθέμενοι
1095 1142 1332 1218 χρυσίῳ,
1365 1143 1421 1195 οἱ
1464 1142 1720 1220 τρυφεροὶ
1768 1141 1858 1196 καί
1907 1161 2002 1194 κα-

339 1243 447 1293 κῶν
500 1237 747 1303 ἀπαθεῖς,
802 1233 955 1304 ξένην
1014 1228 1137 1286 ὁδὸν
1187 1229 1504 1293 ὁδεύοντεςι
1560 1230 1650 1285 καὶ
1706 1228 1823 1285 ὁδοὶ
1863 1229 2003 1283 Σιὼν

340 1330 628 1390 πενθοῦσαι
685 1327 763 1397 (1)
819 1323 966 1398 παρὰ
1024 1322 1084 1375 τὸ
1140 1323 1215 1394 μὴ
1268 1320 1401 1375 εἰναι
1446 1319 1574 1381 τοὺς
1608 1319 1999 1395 ἑορτάζοντας·

340 1415 431 1471 καὶ
468 1414 660 1487 μικρὸν
689 1412 797 1487 πρὸ
837 1411 1041 1466 τούτων
1070 1430 1083 1443 ·
1144 1414 1327 1486 χεῖρες
1384 1414 1652 1485 γυναικῶν
1716 1406 2006 1483 οἷ’κτιρμό-

345 1526 476 1573 νων,
533 1502 593 1557 οὐ
646 1502 854 1579 τροφὴν
917 1499 1205 1573 ὀρέγουσαι
1257 1498 1489 1570 τεκνοις,
1547 1505 1650 1568 τῆς
1680 1496 2005 1573 πολιορκίας

350 1590 769 1668 ἐπικρατούσης,
820 1587 945 1643 ἀλλ’
993 1587 1080 1642 ἰπὶ
1129 1588 1335 1665 τροφὴν
1380 1592 1549 1643 ταῦτα
1608 1586 2007 1663 σπαράττουσαι

348 1683 436 1736 καὶ
482 1680 652 1753 λιμοῦ
700 1680 982 1756 φάρμακον
1038 1678 1106 1731 τὰ
1156 1678 1357 1732 ἑαυτῶν
1392 1676 1719 1750 ποιούμεναι
1749 1675 2003 1754 φίλτατα,

348 1774 525 1825 Ταῦτα
580 1773 697 1831 πῶς
756 1766 817 1822 οὐ
877 1764 1024 1821 δεινὰ
1076 1767 1164 1820 καὶ
1223 1768 1362 1840 πὲρα
1415 1764 1628 1837 δεινῶν,
1661 1765 1722 1820 οὗ
1753 1771 1871 1827 τοῖς
1904 1766 2006 1819 πά-

352 1880 549 1935 σχουσι
576 1858 701 1912 τότε
736 1856 919 1930 μόνον,
951 1855 1097 1911 ἀλλὰ
1122 1856 1210 1910 καὶ
1241 1860 1331 1909 νῦν
1364 1861 1482 1919 τοῖς
1514 1854 1833 1925 ἀκούουσιν;
1864 1855 2007 1929 Ἐγὼ

351 1954 482 2024 γοῦν
516 1947 702 2009 ὁσάκις
733 1946 792 2000 ἂν
822 1946 1022 2016 ταύτην
1054 1941 1307 2001 ἀναλάϐω
1341 1948 1437 2014 τὴν
1489 1939 1705 2021 βίϐλον,
1764 1944 1852 1999 καὶ
1892 1948 2010 2005 τοῖς

363 2039 597 2112 Θρήνοις
630 2035 996 2111 συγγένωμαι,
1030 2034 1358 2110 συγγίνομαι
1393 2033 1439 2087 δ’
1477 2038 1550 2106 (2)
1593 2032 1774 2095 ὁσάκις
1814 2032 1872 2088 ἂν
1925 2032 2016 2087 εὖ·

357 2126 593 2202 ημερίαν
654 2125 980 2203 σωφρονίσαι
1039 2122 1283 2194 ἐθελήσω
1342 2125 1418 2196 τῷ
1477 2124 1882 2198 ἀναγνώσματι,
1934 2120 2018 2196 ἐγ-

355 2217 631 2288 κόπτομαι
685 2215 783 2283 τὴν
843 2214 1052 2290 φωνὴν,
1109 2214 1197 2267 καὶ
1256 2212 1563 2288 συγχέομαι
1618 2211 1860 2287 δάκρυσι,
1928 2210 2017 2265 καὶ

359 2306 471 2360 οἷον
527 2305 615 2359 ὑπ’
662 2302 785 2377 ὄψιν
838 2325 932 2375 μοι
979 2303 1040 2356 τὸ
1086 2305 1257 2365 πάθος
1307 2301 1547 2377 ἔρχεται,
1597 2301 1687 2356 καὶ
1742 2304 2021 2376 συνθρηνῶ

358 2399 440 2465 τῷ
476 2395 828 2467 θρηνήσαντι.
858 2392 965 2459 Τὴν
996 2388 1053 2445 δὶ
1100 2389 1410 2445 τελευταίαν
1449 2390 1625 2445 αὐτῶν
1686 2390 1909 2465 πληγήν
1964 2410 2023 2443 τε

360 2483 448 2536 γαὶ
508 2480 890 2553 μετανάστασιν
950 2481 1048 2552 (3),
1108 2480 1196 2533 καί
1248 2479 1339 2534 τὸν
1390 2484 1478 2533 νῦν
1532 2479 1874 2552 ἐπικείμενον
1931 2478 2026 2533 αὖ·

359 2576 477 2631 τοῖς
531 2576 631 2638 τῆς
684 2567 934 2629 δουλείας
986 2568 1158 2644 ζυγὸν,
1216 2568 1305 2623 καὶ
1362 2570 1461 2637 τὴν
1523 2564 1853 2641 περιϐόητον
1918 2568 2021 2623 ὑπὸ

361 2656 656 2731 Ῥωμαίοις
702 2656 1051 2729 ταπείνωσιν,
1103 2657 1173 2726 ἧς
1224 2655 1376 2712 οὐδὶν
1424 2656 1596 2719 οὕτως
1648 2658 1723 2719 ὡς
1774 2659 1808 2726 ἡ
1842 2656 2024 2718 στάσις

362 2744 556 2818 αἴτιον,
616 2746 699 2808 τίς
759 2748 1019 2821 θρηνήσει
1069 2746 1205 2818 πρὸς
1262 2745 1409 2815 ἀξίαν
1462 2751 1570 2800 τῶν
1616 2747 1847 2821 θρήνους
1888 2746 2022 2820 γρά-

364 2858 477 2913 φειν
514 2839 583 2908 (4)
615 2832 860 2907 εἰδότων,
893 2836 982 2889 καὶ
1039 2830 1201 2910 λόγον
1247 2833 1451 2904 ἐξισοῦν
1500 2837 1576 2908 (5)
1626 2836 1820 2903 πάθει;
1864 2838 2022 2888 Ποῖαι

369 2920 554 3000 βίϐλοι
584 2929 752 2979 ταῦτα
797 2927 1155 3000 χωρήσουσι;
1210 2924 1316 2979 Μία
1364 2922 1538 2993 στήλη
1576 2926 1647 2995 (6)
1678 2921 1894 2985 τούτοις
1924 2929 2026 2993 τῆς

370 3018 650 3087 συμφορᾶς
701 3014 735 3080 ἡ
788 3011 1080 3085 οἰκουμένη
1137 3016 1280 3065 πᾶσα
1328 3012 1443 3065 καθ’
1472 3012 1540 3079 ἧς
1573 3010 1903 3086 ἐσπάρησαν,
1937 3011 2025 3065 καὶ

368 3103 402 3170 ἡ
438 3099 660 3173 λατρεία
688 3102 1030 3173 πεπαυμένη,
1063 3101 1148 3155 καὶ
1184 3100 1349 3169 αὐτῆς
1400 3107 1499 3169 τῆς
1556 3098 1919 3177 Ἰεροδσαλήμ
1962 3100 2025 3155 τὸ

371 3187 567 3265 ἔδαφος
630 3185 792 3264 μόγις
842 3192 919 3263 (7)
964 3189 1390 3266 γινωσκόμενον,
1442 3190 1511 3258 ἧς
1552 3195 1809 3244 τοσοῦτον
1844 3188 2030 3245 ἐπιϐα-

2039 1909 2089 1974 Β

2107 614 2254 675 erat,
2285 608 2674 674 luxuriantes,
2700 606 2995 679 prophetae
3018 606 3276 677 silentes,
3299 614 3629 663 sacerdotes
3661 608 3763 663 ab-

2108 699 2288 764 ducti,
2314 714 2483 753 senes
2514 697 2738 768 absque
2765 695 3171 751 misericordia
3191 695 3396 763 habiti,
3422 702 3763 769 constupra-

2109 790 2179 841 tae
2211 785 2790 859 virgines,juventus
2822 787 3060 855 cadens,
3089 786 3330 839 ﬂamma
3358 784 3549 841 aliena
3577 790 3634 840 et
3659 787 3763 841 ho-

2111 876 2283 942 stilis,
2314 876 2621 946 sanguinis
2671 876 2828 930 ﬂuvii
2866 892 2967 946 pro
3001 882 3203 931 sancto
3235 875 3369 947 igne
3421 892 3487 931 ac
3538 892 3763 946 cruore,

2111 964 2365 1020 Nazareni
2399 966 2633 1036 raptati,
2666 964 2863 1020 luctus
2904 964 3148 1021 canticis
3181 965 3483 1036 subrogati
3522 981 3534 1019 :
3568 969 3765 1036 atque,

2114 1059 2179 1109 ut
2209 1072 2277 1109 ex
2309 1055 2451 1124 ipsis
2480 1054 2746 1109 Jeremiaa
2778 1054 3027 1109 Threnis
3060 1053 3280 1125 aliquid
3314 1055 3656 1124 producam,
3682 1054 3770 1108 in-

2113 1142 2246 1215 clyti
2281 1142 2363 1197 illi
2398 1142 2500 1197 filii
2533 1142 2668 1197 Sion
2687 1144 2751 1211 ⁸⁸,
2787 1148 2843 1197 et
2886 1159 3027 1198 auro
3059 1142 3357 1214 aequandi,
3391 1142 3476 1197 illi
3526 1143 3769 1214 inquam

2114 1231 2343 1287 delicati
2402 1236 2577 1302 atque
2617 1248 2649 1286 a
2688 1231 2859 1286 malis
2913 1232 3231 1298 immunes,
3268 1231 3564 1287 insuetam
3617 1232 3769 1286 viam

2114 1321 2434 1377 obeuntes:
2461 1326 2517 1376 et
2546 1321 2651 1376 viae
2694 1308 2833 1376 Sion
2868 1320 3157 1392 lugentes,
3190 1338 3256 1376 eo
3287 1322 3443 1392 quod
3476 1320 3623 1376 nulli
3654 1321 3772 1377 sint

2116 1409 2215 1482 qui
2246 1410 2427 1465 festos
2460 1410 2585 1465 dies
2616 1409 3000 1478 celebrent”;
3033 1427 3098 1464 ac
3130 1410 3304 1482 paulo
3336 1416 3468 1466 ante
3502 1428 3514 1466 :
3556 1428 3770 1466 manus

2118 1498 2431 1555 mulierum
2460 1499 2929 1555 misericordium
2946 1501 3012 1569 τυ,
3032 1499 3420 1557 invalescente
3442 1500 3770 1569 obsidione,

2116 1607 2233 1645 non
2266 1589 2481 1644 victum
2516 1587 2653 1644 ﬁliis
2685 1590 3069 1661 porrigentes,
3104 1590 3204 1645 sed
3245 1590 3441 1662 potius
3471 1591 3543 1646 ad
3575 1590 3772 1646 cibum

2117 1678 2229 1734 sibi
2260 1679 2588 1749 parandum
2614 1695 2713 1734 eos
2744 1678 3092 1745 lacerantes,
3127 1685 3298 1750 atque
3329 1697 3397 1734 ex
3428 1679 3775 1735 clarissimis

2117 1766 2242 1823 suis
2290 1767 2635 1839 pignoribus
2667 1768 3023 1823 medicinam
3076 1769 3355 1824 adversus
3404 1775 3775 1841 grassantem

2120 1858 2334 1912 famem
2372 1862 2700 1928 quaerentes
2717 1857 2744 1911 ἰ)
2761 1860 2845 1912 An
2870 1874 2985 1913 non
3012 1858 3133 1912 haec
3151 1857 3348 1930 gravia
3374 1864 3429 1913 et
3462 1857 3777 1930 plusquam

2125 1946 2344 2018 gravia,
2379 1962 2492 2001 non
2526 1946 2598 2001 iis
2629 1945 2843 2016 solum,
2869 1947 2970 2018 qui
3002 1953 3129 2002 tum
3161 1964 3228 2003 ea
3263 1947 3647 2019 pertulerunt,
3675 1948 3777 2002 sed

2125 2035 2199 2091 iis
2230 2051 2463 2107 quoque
2494 2035 2595 2106 qui
2628 2053 2784 2091 nunc
2828 2036 3120 2092 audiunt?
3149 2037 3455 2108 Equidem,
3491 2041 3554 2091 ut
3584 2038 3653 2091 de
3688 2053 3780 2091 me

2128 2124 2355 2197 loquar,
2390 2125 2621 2197 quoties
2678 2124 2836 2180 hunc
2892 2124 3156 2180 libellum
3208 2126 3265 2179 in
3320 2142 3530 2181 manus
3584 2142 3776 2194 sumo,

2130 2214 2513 2285 Threnosque
2543 2212 2738 2269 lectito
2773 2214 2854 2286 (id
2888 2219 3080 2269 autem
3139 2215 3285 2270 facio
3318 2216 3546 2285 quoties
3578 2230 3787 2269 secun-

2132 2304 2339 2357 darum
2374 2320 2568 2358 rerum
2601 2302 2973 2358 insolentiam
3017 2320 3281 2359 coercere
3313 2303 3655 2375 hujusmodi
3702 2303 3788 2358 le-

2132 2392 2322 2447 ctione
2356 2392 2610 2463 studeo),
2634 2410 2831 2448 vocem
2858 2392 3002 2448 mihi
3033 2392 3344 2448 intercludi
3376 2393 3587 2460 sentio,
3611 2393 3795 2465 lacry-

2136 2479 2367 2551 misque
2384 2480 2623 2547 obruor,
2642 2497 2889 2552 eamque
2913 2480 3302 2536 calamitatem
3323 2480 3481 2537 velut
3502 2482 3575 2536 ob
3596 2481 3797 2536 oculos

2135 2569 2388 2641 positam
2420 2569 2615 2624 videre
2647 2569 2863 2635 videor,
2888 2587 2953 2625 ac
2983 2569 3249 2625 Jeremisa
3290 2570 3689 2625 collamentor.
3722 2573 3796 2624 At

2137 2674 2268 2713 vero
2300 2664 2659 2731 postremam
2693 2674 2895 2714 eorum
2949 2657 3205 2731 plagam,
3233 2663 3291 2714 et
3323 2676 3352 2714 e
3384 2659 3623 2715 sedibus
3668 2659 3796 2714 suis

2137 2747 2568 2817 migrationem,
2612 2764 2676 2802 ac
2736 2747 3033 2803 servitutis
3085 2749 3299 2820 jugum
3358 2764 3559 2803 eorum
3620 2747 3795 2819 capiti

2138 2852 2293 2890 nunc
2325 2835 2697 2902 incumbens,
2723 2836 3129 2907 celebremque
3170 2836 3332 2892 illam
3363 2837 3473 2892 sub
3514 2836 3795 2892 Romanis

2136 2924 2596 2996 depressionem,
2628 2941 2806 2997 quam
2841 2924 3001 2981 nulla
3037 2943 3127 2981 res
3160 2943 3323 2997 aeque
3355 2943 3421 2982 ac
3453 2926 3663 2981 seditio
3695 2942 3797 2998 pe-

2137 3013 2523 3085 perit,ecquis
2552 3014 2894 3084 eorum,qui
2926 3014 3375 3071 lamentationes
3408 3016 3796 3085 conscribere,

2139 3108 2316 3174 atque
2346 3104 2607 3159 oratione
2632 3104 3027 3159 calamitatem
3054 3105 3361 3176 adaequare
3393 3110 3632 3172 norunt,
3654 3106 3800 3160 satis

2141 3191 2316 3262 digne
2360 3191 2725 3262 deplorabit?
2757 3192 3004 3255 Quinam
3032 3192 3165 3248 libri
3199 3210 3325 3248 eam
3375 3194 3644 3267 capient?
3672 3193 3803 3250 Una

366 3280 458 3335 τὸν
511 3278 694 3340 αὐτοῖς
746 3278 854 3333 ἐστι
911 3278 1099 3352 μόνον,
1151 3280 1239 3333 καὶ
1269 3283 1525 3333 τοσοῦτον
1559 3278 1897 3335 ἀπολαύουσι
1925 3286 2019 3348 τῆς

2144 3280 2347 3351 utique
2409 3280 2529 3337 illis
2578 3280 2929 3337 calamitatis
2981 3281 3257 3338 columna
3305 3288 3465 3339 totus
3508 3289 3801 3339 terrarum

368 3390 501 3424 ποτε
534 3369 709 3423 αὐτῶν
746 3365 927 3440 δόξης,
961 3367 1084 3424 ὅσον
1116 3369 1166 3424 ἐν
1199 3369 1383 3444 ἡμέρᾳ
1411 3368 1660 3443 φανέντες
1704 3371 1783 3442 (8)
1831 3375 2019 3445 θρηνῆ⁴

2146 3370 2305 3425 orbis
2334 3375 2443 3439 est,
2468 3387 2572 3441 per
2602 3387 2773 3442 quem
2802 3371 2961 3426 varie
2992 3371 3107 3427 fusi
3131 3373 3440 3445 sparsique
3470 3378 3629 3441 sunt,
3654 3372 3803 3428 divi-

372 3479 458 3512 σαι
492 3459 590 3527 τὴν
625 3456 879 3531 ἐρημίαν.

2145 3476 2377 3531 nusque
2407 3460 2603 3515 cultus
2635 3476 3010 3531 compressus
3038 3466 3096 3515 et
3124 3462 3467 3528 exstinctus,
3494 3464 3806 3533 ipsumque

373 3551 517 3603 adeo
549 3546 1092 3619 Hierosolymitana:
1127 3548 1288 3604 urbis
1319 3549 1529 3616 solum,
1561 3550 1716 3620 quod
1747 3548 1842 3603 vix
1863 3549 1990 3620 jam
2024 3549 2380 3620 agnoscitur,
2415 3552 2592 3620 atque
2634 3549 2918 3604 hactenus
2948 3551 3237 3605 duntaxat
3268 3550 3385 3605 illis
3416 3556 3595 3622 patet,
3623 3553 3802 3623 idque

372 3637 660 3690 duntaxat
691 3636 916 3691 fructus
946 3652 1015 3691 ex
1041 3641 1233 3693 vetere
1273 3654 1380 3693 sua
1428 3638 1615 3710 gloria
1644 3643 1701 3695 et
1730 3636 2121 3709 amplitudine
2148 3638 2409 3710 capiunt,
2443 3642 2507 3693 ut
2554 3654 2657 3710 per
2686 3638 2840 3693 diem
2888 3638 3189 3710 conspicui
3243 3639 3379 3694 facti
3427 3640 3806 3697 solitudinem

380 3723 638 3795 lugeant.

448 3813 548 3867 [ϐ’.
609 3816 793 3866 Δεινοῦ
855 3810 912 3867 δὶ
960 3807 1118 3875 ὄντος
1171 3813 1343 3875 οὕτως
1399 3819 1496 3869 τοῦ
1566 3814 1890 3886 στασιάζειν,
1947 3815 2038 3870 καὶ

371 3900 647 3955 τοσούτων
681 3900 855 3956 αἰτίου
886 3906 1086 3973 κακῶν,
1121 3902 1196 3964 ὡς
1228 3903 1295 3957 τά
1345 3924 1401 3958 τε
1461 3903 1726 3977 εἰρημένα
1777 3902 2036 3972 δείκνυσι,

373 3989 462 4045 καὶ
497 3987 586 4043 διὰ
614 3987 881 4045 πλειόνων
916 3989 1328 4066 ὑποδειγμάτων
1380 3990 1488 4047 ἐστὶ
1526 3999 1738 4066 μαθεῖν,
1770 3992 1847 4048 ἔτι
1896 3993 2035 4049 πολ-

376 4077 461 4151 λῷ
521 4076 817 4155 δεινότερον
878 4080 960 4149 τὸ,
1036 4079 1435 4143 καταλύσαντας
1507 4083 1875 4159 μικροψυχίαν
1933 4085 2034 4157 (9),

375 4168 464 4222 καὶ
512 4172 619 4222 τῶν
667 4175 763 4238 τῆς
812 4169 1032 4243 εἰρήνης
1081 4172 1444 4245 γευσαμένους
1494 4171 1701 4242 καλῶν,
1760 4173 1898 4249 πρὸς
1932 4174 2032 4242 τὴν

375 4257 541 4326 αὐτὴν
589 4256 743 4312 νόσον
786 4257 951 4313 πάλιν
1014 4259 1396 4334 ὑπενεχθῆναι,
1447 4261 1536 4314 καὶ
1589 4262 1726 4336 πρὸς
1766 4261 1858 4315 τὸν
1892 4258 2030 4315 ἴδιον

373 4345 566 4421 ἔμετον
600 4346 939 4424 ἐπιπρέψαι,
972 4348 1033 4403 τὸ
1074 4345 1140 4417 δὴ
1177 4346 1468 4425 λεγόμενον
1502 4352 1635 4423 (10),
1671 4347 1801 4422 μηδ’
1830 4349 1860 4404 ὅ
1904 4348 2031 4411 τοὺς

374 4436 645 4505 ἀνοήτους
677 4433 920 4491 παιδεύει
950 4436 1020 4508 τῇ
1048 4435 1208 4510 πείρᾳ
1254 4437 1733 4513 σωφρονισθέντας.
1785 4439 1882 4493 Καὶ
1930 4439 2031 4515 γὰρ

392 4524 504 4597 ὁρῶ
551 4524 790 4600 κούφρυς
838 4523 929 4579 καὶ
973 4524 1237 4594 ἀνοήτους
1283 4526 1345 4581 οὑ
1393 4527 1619 4590 τούτους
1652 4523 2043 4601 ὑπολαμϐανο-
2076 4516 2122 4580 D

447 4630 491 4664 ⁸⁸
523 4631 738 4686 Thren.
771 4647 846 4703 1v,
880 4633 936 4688 2.
1010 4634 1056 4668 ⁶⁹
1086 4633 1300 4691 Thren.
1335 4653 1375 4704 1,
1408 4636 1460 4690 4.
1537 4638 1581 4671 ⁷ο
1611 4637 1826 4692 Thren.
1862 4654 1935 4703 1v,
1974 4639 2059 4693 lO.

600 4734 697 4792 Καί
727 4740 857 4813 τῷνί
893 4738 1066 4813 Deest
1091 4740 1205 4813 καί,
1235 4741 1295 4796 in
1330 4742 1467 4813 Reg.
1504 4761 1537 4797 a
1569 4752 1620 4797 el
1657 4744 1753 4799 Or.

477 4810 569 4887 _98)
599 4813 711 4887 Πῦρ
763 4806 1077 4887 ἀλλότριον.
1134 4806 1306 4887 Illum
1333 4806 1628 4887 intelligit
1678 4816 1892 4887 ignem,
1926 4832 2041 4886 quo

383 4881 773 4953 Nabuzardan
790 4881 1225 4953 _Jerosolymam
1256 4881 1664 4941 inﬂammavit.

452 4953 562 5025 (99)
588 4952 657 5028 ρὶ
689 4950 963 5028 ujei,_etc.
1000 4950 1094 5011 Sic
1145 4960 1282 5028 Reg.
1318 4957 1397 5013 hu
1448 4964 1505 5013 et
1554 4958 1647 5014 0r.
1684 4957 1854 5014 Deest
1895 4957 1945 5009 oi
1982 4960 2040 5013 in

380 5024 520 5099 Par.
539 5024 676 5081 edit.
710 5024 917 5082 Billius
946 5028 1118 5082 vertit
1157 5051 1183 5078 ‹‹
1223 5024 1463 5099 pretiosi
1495 5028 1580 5084 illi
1614 5029 1737 5099 ﬁlii,
1770 5052 1797 5080 ››
1830 5035 1939 5085 etc.

451 5096 529 5166 (1)
559 5098 877 5158 Πενθοῦσαι.
914 5099 1152 5153 Codices
1186 5096 1475 5164 nonnulli,
1507 5096 1779 5155 πενθοῦσι.

448 5168 527 5310 (2)
558 5169 633 5222 Δ’.
667 5168 846 5256 Regg.
880 5170 1000 5238 bm,
1036 5172 1140 5232 hu,
1173 5171 1267 5226 Or.
1300 5168 1377 5226 δέ.

449 5240 505 5309 (3
558 5244 978 5296 Μεταναστασιν.
1040 5241 1196 5297 Colb.
1231 5244 1264 5297 3
1314 5248 1371 5297 et

449 5240 527 5309 (3)
558 5240 978 5296 Μετανάστασιν.
1040 5241 1196 5297 Colb.
1231 5244 1264 5297 3
1314 5248 1371 5297 et
1422 5242 1671 5297 Montac.
1733 5240 2037 5296 ἀνάστασιν.

378 5309 503 5397 l‘lon
539 5311 709 5397 male,
736 5312 1026 5397 quidquid
1062 5314 1219 5368 dicat
1244 5315 1538 5397 variarum
1573 5314 1893 5397 lectionum
1929 5313 2041 5369 col-

377 5380 579 5436 lector.
632 5380 777 5437 Nam
830 5380 1138 5451 ἀνάστασις,
1169 5408 1193 5435 (ι
1230 5386 1511 5441 desolatio
1539 5408 1564 5434 ››
1597 5390 1685 5441 est
1734 5392 1791 5441 et,
1828 5410 1847 5435 «ι
1882 5402 2040 5441 ever-

379 5453 540 5531 sio,»
577 5460 642 5531 u_t
682 5459 834 5531 recte
882 5457 1167 5531 _observat
1224 5457 1496 5531 Budaeus,
1540 5463 1873 5531 notumque
1932 5463 2039 5526 est,

377 5524 661 5601 nisi-quis.
684 5526 849 5582 valde
877 5528 938 5581 in
971 5528 1191 5601 Graecis
1221 5530 1295 5585 sit
1325 5529 1690 5601 peregrinus.

449 5593 810 5737 (4)ήΓράφειν.
845 5600 1049 5655 Comb.
1084 5599 1226 5673 legit
1254 5593 1609 5678 συγγράῷειν.

471 5668 527 5737 5)
561 5666 819 5736 Ἐξισοῦν.
854 5671 1037 5727 Oxon.
1072 5669 1352 5737 ἐξισοῢντα
1378 5677 1457 5737 τῷ
1485 5671 1609 5735 πάθε

471 5668 527 5809 5)
561 5666 819 5736 Ἐξισοῦν.
854 5671 1037 5727 Oxon.
1072 5666 1352 5743 ἐξισοῢντά
1374 5666 1457 5744 τῷ
1482 5666 1666 5735 πάθει.

471 5740 505 5793 6
561 5737 776 5809 Στήλη.
818 5764 843 5791 ‹‹
881 5742 1241 5800 Columna.»
1281 5744 1666 5809 Quemadmod

449 5737 526 5810 (6)
561 5737 776 5810 Στήληο
818 5764 843 5791 α
881 5737 1187 5800 Columna.
1216 5763 1241 5795 ι)
1281 5737 1809 5813 Quemadmodum,
1854 5743 2046 5815 inquit

707 5871 977 5932 Panos.
1023 5872 1135 5933 Gn.
1182 5872 1426 5936 XXXV.

2219 3816 2356 3871 XIX.
2393 3817 2569 3872 Porro
2612 3820 2830 3887 autem,
2864 3832 2995 3871 cum
3053 3817 3317 3872 dissidiis
3364 3817 3649 3885 laborare,
3682 3822 3805 3873 tam

2147 3922 2323 3978 grave
2355 3906 2452 3974 sit,
2499 3922 2563 3961 ac
2612 3909 2698 3960 tot
2729 3905 2885 3960 mala
2932 3905 3167 3972 conﬂet,
3192 3908 3716 3977 quemadmodum,
3752 3913 3808 3963 et

2147 4012 2215 4050 ex
2246 3996 2318 4050 iis
2370 4012 2497 4066 quae
2548 3995 2826 4061 diximus,
2857 3994 3063 4065 liquet,
3100 4001 3156 4051 et
3206 3996 3473 4068 pluribus
3523 3998 3808 4069 exemplis

2145 4085 2369 4140 discere
2399 4083 2552 4150 licet,
2589 4089 2715 4139 tum
2747 4100 2880 4139 vero
2914 4086 3098 4140 multo
3131 4088 3361 4158 gravius
3393 4091 3499 4156 est,
3526 4086 3809 4158 depositis

2146 4173 2495 4243 inimicitiis,
2520 4172 2794 4245 pacisque
2819 4173 2987 4229 bonis
3009 4174 3358 4247 degustatis,
3384 4176 3539 4231 I92
3566 4177 3623 4231 in
3648 4193 3809 4231 eam-

2144 4264 2277 4319 dem
2313 4280 2521 4318 rursus
2573 4263 2841 4318 morbum
2875 4264 3151 4335 provolvi,
3176 4270 3352 4337 atque
3401 4267 3472 4321 ad
3506 4284 3703 4334 suum,
3740 4271 3813 4321 ut

2145 4351 2258 4407 dici
2290 4350 2457 4417 solet,
2480 4352 2767 4407 vomitum
2795 4353 3005 4424 redire,
3030 4371 3096 4409 ac
3124 4371 3196 4410 ne
3228 4354 3356 4427 ipsa
3377 4355 3615 4427 quidem
3641 4372 3813 4427 expe-

2143 4440 2376 4508 rientia,
2420 4458 2550 4512 quae
2609 4442 2922 4498 stultorum
2982 4444 3266 4517 magistra
3323 4450 3441 4511 est,
3482 4445 3804 4501 emendari.

2156 4530 2378 4585 Etenim
2412 4545 2511 4585 eos
2541 4529 2797 4586 levitatis
2841 4548 2906 4586 ac
2952 4532 3212 4588 stultitia;
3244 4534 3578 4605 opinionem
3613 4535 3811 4590 subire

2153 4744 2330 4807 Elias,
2364 4758 2495 4811 aere,
2549 4748 2649 4797 aut
2692 4760 2761 4799 ex
2803 4743 2996 4814 lapide
3052 4746 3311 4801 excitatae
3365 4748 3671 4813 columna,
3706 4754 3808 4805 aut

2153 4816 2493 4890 aliquorum
2511 4832 2827 4890 erumnas,
2851 4823 2953 4871 aut
2971 4816 3425 4888 vituperationes
3456 4823 3809 4890 praetereun-

2150 4886 2311 4962 tibus
2343 4886 2649 4962 enhibent,
2676 4889 2760 4962 sic
2780 4892 2939 4962 totus
2962 4886 3251 4962 terrarum
3284 4886 3475 4961 orbis;
3494 4905 3596 4961 per
3628 4907 3803 4962 quem

2153 4958 2403 5035 dispersi
2453 4964 2591 5035 sunt
2619 4959 2828 5035 Judali,
2862 4959 3049 5035 instar
3098 4961 3403 5035 columnae,
3438 4958 3804 5035 quaecunque

2150 5030 2445 5103 horrenda
2476 5030 2621 5102 ipsis
2652 5032 2989 5101 acciderint,
3023 5032 3311 5103 praedicat.

2244 5104 2299 5166 7)
2332 5099 2527 5176 Μόγιξ.
2563 5103 2742 5176 Regg.
2778 5121 2831 5169 a,
2864 5099 2984 5174 bm,
3022 5099 3207 5176 μόλις.

2245 5176 2299 5243 8)
2333 5169 2616 5249 ίἰξανὲντεις.
2642 5169 3104 5249 Fvnpparentes.
3132 5198 3160 5249 υ
3198 5174 3446 5249 Romani
3491 5177 3805 5249 imperato-

2154 5244 2257 5320 ris,
2290 5244 2553 5320 Adriani,
2597 5246 2653 5299 ni
2701 5244 2903 5320 “fallor,
2936 5247 3080 5316 lege,
3129 5246 3348 5301 Judaeis
3382 5244 3645 5320 campos
3706 5250 3807 5305 ubi

2151 5315 2899 5389 Jcrosolymitanafuerat,
2945 5335 3047 5389 per
3094 5334 3279 5373 unum
3334 5319 3488 5374 diem
3538 5315 3606 5376 ex
3655 5329 3809 5378 certo

2154 5389 2342 5467 spatio
2386 5387 2617 5467 videndi
2665 5387 2900 5444 licentia
2946 5387 3222 5445 dabatur.
3257 5389 3460 5447 Comb.
3492 5392 3807 5467 legendum

2154 5458 2339 5534 putat,
2370 5458 2647 5534 φανέντος.

2225 5531 2301 5608 (9)
2327 5527 2745 5591 ’Καταλύσαντας
2782 5528 3174 5604 μικροψυχίαν,
3199 5553 3227 5583 ι(
3259 5532 3535 5605 Deposita
3566 5536 3810 5608 pusilla-

2153 5602 2441 5658 nimitate.
2469 5624 2497 5651 ››

2225 5674 2334 5742 (10)
2368 5674 2436 5727 Τὸ
2470 5669 2535 5739 δὴ
2571 5670 2887 5746 λεγόμενον.
2942 5678 3110 5746 Qeest
3144 5676 3197 5729 in
3238 5677 3415 5746 Regg.
3472 5697 3524 5743 a,
3580 5679 3679 5743 hu,
3715 5688 3806 5731 Ur.

2156 5740 2285 5801 MOx
2318 5746 2412 5801 Or.
2448 5752 2504 5801 et
2534 5740 2840 5801 tres'Colb.
2880 5740 3021 5813 μηδὲ
3052 5743 3103 5809 ὅ,
3135 5765 3239 5818 pro
3274 5740 3403 5818 μὴδ’τ
3430 5748 3477 5804 ὅ.

3414 5879 3491 5934 24
