4070 6404
303 413 420 471 ’749

300 538 635 613 ρηνεύσαντα
661 557 672 572 ο

300 633 470 702 σεμνῇ
500 625 692 699 πολιᾷ,
723 631 804 697 τῷ
850 625 1011 702 πράῳ
1059 624 1148 680 καὶ
1204 626 1357 698 ἠπίῳ
1404 625 1669 698 ποιμὲνι’
1719 629 1860 699 Ορᾷς
1903 624 1972 678 τὰ

303 719 555 794 ἐπίχειρα
602 723 701 785 τῆς
753 713 1082 782 ἐπιεικείαςε
1139 716 1304 790 Ἀρον
1349 713 1538 786 κύκλῳ
1585 712 1713 774 τοὺς
1761 710 1967 788 ὀφθαλ-

308 807 444 880 μούς
506 827 625 874 σου,
674 803 763 859 καὶ
815 801 896 862 ἴδε
942 801 1342 878 ἐπισυνηγμένα
1400 805 1467 858 τὰ
1513 801 1676 858 τέκνα
1731 823 1846 872 σου,
1908 801 1966 855 ὅν

303 895 505 972 τρόπον
558 893 789 960 ἐπόθεις,
841 891 928 948 καὶ
982 891 1012 946 ὅ
1067 895 1182 963 (18)
1251 891 1612 967 προστεθῆναί
1662 913 1747 946 σοι
1799 889 1965 964 μόνον

304 985 439 1059 ᾐτοῧ
487 983 676 1046 νυκτὸς
726 981 815 1036 καὶ
864 981 1099 1056 ἡμέρας,
1154 980 1228 1038 (ἶν’
1277 980 1328 1036 ὲν
1362 983 1510 1057 γήρᾳ
1541 978 1696 1053 καλῴ
1728 977 1963 1035 καταλύ-

302 1095 395 1148 σῃς
448 1075 548 1141 τὴν
607 1076 932 1147 παροικίανο
998 1067 1119 1125 ἰδοὺ
1167 1069 1362 1132 πάντες
1412 1071 1568 1139 ἣκασι
1600 1070 1736 1145 πρὸς
1766 1070 1841 1140 σὶ,
1875 1068 1966 1122 καὶ

303 1165 405 1218 ὑπὸ
455 1164 550 1224 τὰς
610 1165 706 1223 σας
755 1159 1118 1217 ἀναπαύονται
1168 1158 1462 1236 πτέρυγας,
1514 1158 1602 1213 καὶ
1652 1158 1716 1212 τὸ
1762 1158 1966 1212 ἒαυτῶν

296 1249 560 1306 κυκλοῦσι
610 1251 1026 1324 θυσιαστήριον,
1078 1249 1212 1321 μετά
1262 1246 1506 1324 δακρύων
1568 1247 1966 1324 ἀποφοιτήσαν-

293 1339 526 1409 τες,καὶ
563 1341 677 1412 μετ’
729 1337 1066 1416 εὐφροσύνης
1125 1339 1561 1414 προστρέχοντες
1619 1339 1754 1409 (19).
1801 1340 1964 1408 Χαῖρε

298 1429 386 1484 καὶ
437 1429 798 1504 κατατέρρπου,
847 1425 1092 1498 πατέρων
1145 1423 1327 1502 ἄριστε
1373 1426 1462 1480 καὶ
1522 1423 1961 1502 φιλοτεκνότατε,

299 1516 382 1572 ὅτι
424 1517 627 1578 πάντας
682 1514 874 1576 αὐτοὺς
933 1511 1209 1568 ἐνδέδυσαι
1266 1514 1355 1568 καὶ
1414 1509 1833 1588 περιϐέϐλησαι,
1885 1513 1960 1572 ὡς

300 1606 506 1678 κόσμον
566 1603 774 1682 νύμφη.
833 1602 1063 1677 Φθέγξαι
1126 1603 1216 1657 καὶ
1261 1603 1324 1660 σὺ
1372 1603 1510 1678 πρὸς
1572 1604 1762 1674 ἡμᾶς·
1821 1599 1961 1657 Ἰδοὺ

301 1694 411 1770 ἐγὼ
441 1693 628 1749 καὶτὰ
674 1689 863 1747 παιδία
905 1692 938 1746 ’ὰ
992 1713 1084 1765 μοι
1136 1689 1334 1750 ἔδωκεν
1386 1695 1498 1764 (20)
1545 1692 1574 1745 ὁ
1603 1689 1751 1751 Θεός.
1786 1688 1961 1764 Πρόσ-

301 1795 386 1847 θες
419 1781 507 1836 καὶ
558 1779 736 1852 ἄλλην
785 1782 968 1859 φωνην
1023 1779 1344 1848 δεσποτικὴν
1400 1779 1489 1834 καὶ
1541 1778 1688 1852 μάλα
1719 1777 1956 1832 οἷ’κείανο

303 1872 407 1934 Οὓς
443 1868 680 1933 δεδωκάς
716 1891 809 1944 μοι
842 1869 1098 1948 ἐφύλαξα,
1143 1869 1232 1924 καὶ
1265 1869 1363 1924 οὐκ
1411 1867 1671 1923 ἀπώλεσα
1701 1867 1751 1937 ἐξ
1784 1866 1956 1920 αὐτων

299 1957 512 2017 ούδὲνα.

365 2139 486 2194 ΚΒ’.
540 2133 694 2208 Μηδὲ
741 2157 800 2212 γε
846 2134 1113 2191 ἀπόλοιτο
1166 2133 1361 2212 μηδεὶς
1409 2135 1544 2212 (21),
1588 2131 1736 2190 ἀλλά
1765 2132 1958 2194 πάντες

302 2227 549 2301 μὲνωμεν
597 2225 648 2280 ἐν
702 2225 778 2280 ἐνὶ
829 2224 1118 2297 πνεύματι,
1174 2231 1272 2298 μιᾷ
1339 2227 1493 2299 ψυχῇ
1569 2220 1958 2292 συναθλοῦντες

294 2316 363 2390 τῇ
393 2316 569 2370 πίστει
601 2320 697 2369 τοῦ
729 2313 1091 2389 Εὐαγγελίου,
1125 2313 1430 2388 σύμψυχοι,
1479 2315 1542 2368 τὸ
1588 2310 1642 2367 ἓν
1695 2316 1958 2390 φρονοῦν-

297 2425 410 2472 τες,
462 2402 803 2475 ὡπλισμένοι
853 2407 931 2474 τῷ
980 2400 1154 2476 θυρεῷ
1218 2409 1319 2470 τῆς
1388 2402 1641 2470 πίστεως,
1699 2406 1958 2474 περιεζω-

302 2492 491 2563 σμένοι
539 2493 639 2560 τήν
689 2490 852 2567 ὀσφὺν
905 2489 954 2544 ὲν
1001 2490 1251 2562 ἀληθείᾳ,
1295 2487 1384 2544 ἕνα
1438 2491 1599 2562 μόνον
1645 2488 1844 2550 εὶδότες
1873 2491 1962 2543 τὸν

299 2580 435 2634 κατά
466 2585 562 2634 τοῦ
612 2583 859 2653 πονηροῦ
1067 2578 1335 2652 πόλεμον,
1377 2580 1465 2633 καὶ
1495 2584 1600 2632 τῶν
1634 2580 1720 2632 ὑπ’
1752 2578 1959 2633 ἐκείνου

303 2667 816 2744 στρατηγουμένων,
878 2669 952 2742 μή
1015 2662 1346 2745 φοϐούμενοι
1422 2668 1548 2729 τοὺς
1636 2665 1962 2739 δυναμένους

302 2757 708 2813 ἀποκτεῖναιτὸ
743 2762 919 2830 σῶμα,
950 2764 1049 2826 τῆς
1093 2755 1150 2811 δὲ
1199 2760 1384 2833 ψυχῆς
1431 2752 1684 2811 λαϐέσθαι
1741 2758 1815 2829 μὴ
1870 2754 1959 2810 δυ-

299 2848 585 2920 ναμένους,
637 2841 975 2924 φοϐούμενοι
1024 2844 1082 2900 δὶ
1123 2847 1213 2901 τὸν
1254 2845 1343 2901 καὶ
1375 2849 1557 2921 ψυχῆς
1590 2845 1678 2900 καὶ
1711 2847 1962 2917 σώματος

301 2935 496 3009 Κύριον
528 2954 539 2965 ⁸
592 2933 958 3012 φυλάσσοντες
1004 2935 1104 3003 τὴν
1153 2934 1328 3003 καλὴν
1379 2935 1858 3011 παρακαταθήκην,
1893 2933 1956 3003 ἥν

297 3023 444 3097 παρά
470 3026 579 3080 τῶν
634 3022 885 3100 Πατὲρων
938 3022 1264 3102 εἰλήφαμεν,
1318 3027 1745 3102 προσκυνοῦντες
1800 3021 1960 3078 [lass-

297 3132 383 3186 ρα,
434 3112 523 3166 καὶ
576 3111 721 3180 ι’ἱὸν,
766 3112 855 3166 καὶ
903 3110 1058 3192 ἆγιον
1109 3117 1367 3186 Πνεῦμα·
1422 3112 1472 3166 ἐν
1522 3113 1629 3184 Υἱῷ
1667 3113 1758 3168 τὸν
1794 3114 1958 3170 Πατέ-

295 3221 380 3275 ρα,
415 3199 466 3255 ἐν
520 3201 793 3273 Πνεύματι
846 3201 938 3256 τὸν
979 3202 1101 3257 Υἱὸν
1148 3206 1528 3276 γινώσκοντες,
1580 3201 1654 3264 εἰς
1718 3201 1748 3256 ἃ
1798 3198 1956 3277 βεϐα-

1510 407 1802 466 ORATIO
1846 405 2048 464 VL—
2077 405 2180 464 DE
2227 405 2429 465 PACE
2476 405 2520 464 Ι.

754 533 995 609 εἴπωμεν
1049 539 1129 608 τῷ
1183 537 1353 608 κοινῴ
1412 535 1582 610 Πατρὶ
1640 535 1841 607 τούτῳ,
1897 539 1957 608 τῇ

2085 535 2435 603 conciliavit,
2458 540 2515 591 et
2544 537 2803 607 peccavit
2824 538 2891 606 τ’,
2919 537 3238 594 imitemur.
3285 539 3554 596 Dicamus
3587 556 3748 596 com-

1990 1926 2038 1990 B

3611 410 3740 469 750

2085 626 2249 680 muni
2301 625 2434 680 huic
2483 625 3007 690 Patri,venerabili
3060 627 3316 692 canitiei,
3351 634 3660 684 mansueto
3691 635 3749 684 et

2082 715 2311 784 placido
2346 713 2569 769 Pastori
2598 731 2609 769 :
2643 714 2819 769 Vides
2852 715 3274 770 moderationis
3324 719 3435 770 tuae
3470 718 3748 787 praemia?

2081 800 2243 856 Tolle
2277 819 2376 872 per
2406 801 2716 858 circuitum
2757 802 2958 857 oculos
2993 808 3147 868 tuos,
3180 808 3236 858 et
3289 803 3563 858 collectos
3594 804 3746 860 filios

2080 894 2214 944 tuos
2272 890 2401 944 vide
2445 892 2508 955 ⁷³,
2561 892 3058 962 quemadmodum
3117 891 3414 962 cupiebas,
3469 894 3744 963 quodque

2080 994 2265 1032 unum
2303 983 2367 1032 ut
2406 979 2511 1033 tibi
2544 980 2926 1051 contingeret,
2952 985 3151 1034 noctes
3184 980 3430 1051 diesque
3476 980 3742 1051 postula-

2075 1067 2202 1135 bas,
2230 1076 2288 1122 ut
2323 1068 2378 1124 in
2413 1074 2716 1124 senectute
2747 1069 2900 1124 bona
2948 1069 3436 1141 peregrinationis
3469 1075 3582 1124 tuae
3612 1070 3739 1126 dies

2076 1157 2476 1212 coneluderes.
2505 1159 2586 1212 En
2620 1175 2825 1214 omnes
2856 1160 2928 1213 ad
2951 1163 3008 1214 te
3028 1164 3335 1224 venerunt,
3360 1177 3425 1213 ac
3457 1160 3570 1214 sub
3602 1175 3738 1230 pen-

2077 1246 2167 1300 nis
2201 1246 2320 1300 tuis
2353 1248 2750 1318 requiescunt,
2777 1264 3071 1319 suumque
3097 1247 3280 1303 altare
3309 1248 3577 1320 cingunt,
3601 1265 3733 1304 cum

2074 1335 2350 1405 lacrymis
2399 1335 2481 1390 illi
2535 1337 2766 1405 quidem
2818 1337 3059 1408 egressi,
3093 1353 3225 1392 cum
3276 1338 3489 1410 gaudio
3537 1342 3732 1393 autem

2074 1428 2452 1480 recurrentes.
2484 1426 2681 1479 Gaude
2713 1431 2771 1479 et
2801 1424 3114 1493 oblectare,
3147 1431 3380 1497 patrum
3415 1425 3634 1498 optime
3666 1442 3732 1481 ao

2073 1511 2325 1567 liliorum
2377 1513 2804 1580 amantissime,
2831 1515 3108 1586 quoniam
3146 1515 3238 1569 his
3283 1517 3580 1584 omnibus,
3616 1533 3729 1571 non

2071 1617 2242 1656 secus
2273 1618 2337 1655 ac
2384 1619 2604 1674 sponsa
2653 1605 2870 1658 mundo
2923 1621 3053 1669 suo,
3080 1603 3324 1660 indutus
3374 1609 3430 1659 et
3477 1605 3730 1660 amictus

2070 1705 2156 1745 es.
2191 1690 2452 1761 Loquere
2485 1696 2546 1746 tu
2583 1708 2819 1764 quoque
2868 1693 2940 1747 ad
2991 1709 3102 1748 nos
3137 1711 3149 1748 :
3184 1698 3316 1750 Ecce
3340 1710 3454 1765 ego,
3488 1699 3541 1748 et
3571 1697 3732 1764 pueri

2072 1780 2198 1844 mei,
2271 1796 2403 1850 quos
2459 1780 2612 1835 dedit
2686 1784 2828 1836 mihi
2905 1784 3172 1837 Dominus
3193 1783 3257 1838 7‘.
3315 1784 3476 1838 Adde
3551 1781 3726 1838 aliam

2071 1885 2304 1940 quoque
2345 1869 2578 1924 Domini
2625 1887 2819 1926 vocem
2869 1871 3038 1927 valde
3086 1877 3506 1945 congruentem
3543 1889 3554 1932 :
3592 1873 3732 1939 Quo:

2069 1956 2272 2011 dedisti
2299 1957 2447 2013 mihi
2493 1960 2783 2026 custodivi,
2816 1963 3006 2016 etnon
3032 1960 3250 2032 perdidi
3297 1976 3366 2015 ex
3413 1961 3491 2014 eis
3540 1976 3726 2030 quem-

2070 2061 2235 2117 quam
2255 2047 2319 2101 ⁷³.

2140 2133 2310 2188 XXII.
2338 2139 2525 2210 Atque
2561 2136 2786 2192 utinam
2840 2154 3011 2193 nemo
3058 2142 3275 2210 pereat,
3299 2137 3402 2193 sed
3433 2154 3637 2193 omnes
3666 2154 3726 2192 in

2074 2239 2189 2278 uno
2230 2223 2432 2296 spiritu
2487 2243 2852 2293 maneamus,
2888 2245 3005 2282 una
3059 2231 3250 2283 mente
3301 2226 3726 2282 collaborantes

2071 2311 2205 2367 ﬁdei
2239 2313 2550 2385 Evangelii,
2578 2316 2908 2383 unanimes,
2939 2333 3122 2371 unum
3154 2316 3429 2388 idemque
3459 2316 3721 2370 sentien-

2070 2405 2158 2457 tes
2180 2403 2244 2472 ⁷⁸,
2271 2403 2405 2457 fidei
2446 2403 2644 2476 clypeo
2695 2406 2924 2476 armati,
2950 2406 3230 2461 succincti
3274 2405 3508 2461 lumbos
3541 2405 3599 2460 in
3629 2421 3725 2459 ve-

2073 2491 2244 2548 ritate
2266 2493 2330 2560 7",
2356 2491 2544 2548 solum
2582 2511 2766 2550 unum
2814 2494 2970 2551 istud
3021 2495 3238 2550 bellum
3273 2495 3545 2563 scientes,
3569 2495 3723 2566 quod

2073 2581 2356 2636 adversus
2389 2598 2630 2651 pravum
2663 2582 2852 2650 illum,
2878 2590 2933 2638 et
2961 2600 3080 2652 eos,
3105 2584 3202 2654 qui
3235 2583 3424 2655 ipsius
3455 2583 3635 2637 ductu
3670 2587 3728 2637 et

2073 2670 2354 2742 auspiciis
2396 2679 2679 2742 pugnant,
2704 2673 2963 2742 geritur:
2992 2673 3115 2730 Non
3148 2689 3246 2728 eos
3296 2672 3592 2734 timentes,
3626 2675 3724 2742 qui

2073 2760 2331 2831 corporis
2363 2760 2600 2831 quidem
2636 2762 2881 2816 necandi
2914 2767 3258 2835 potestatem
3295 2761 3533 2827 habent,
3559 2766 3726 2816 caete-

2071 2864 2202 2902 rum
2237 2848 2494 2903 animam
2544 2850 2799 2922 arripere
2832 2856 3162 2922 nequeunt;
3197 2850 3297 2905 sed
3347 2865 3504 2907 eum.
3539 2849 3632 2904 cui
3665 2849 3724 2904 in

2070 2952 2312 3008 corpora
2343 2937 2689 3009 animasque
2741 2944 2969 2994 rostras
3009 2942 3112 3010 jus
3161 2944 3216 2994 et
3264 2938 3580 3010 imperium
3614 2943 3724 3006 est,

2069 3024 2454 3082 formidantes
2476 3028 2554 3080 ⁷⁸ε
2597 3027 2938 3092 praeclarum
2972 3028 3328 3100 depositum,
3364 3027 3519 3098 quod
3555 3043 3587 3081 a
3621 3026 3724 3080 Pa-

2068 3114 2260 3176 tribus
2291 3115 2508 3171 nostris
2557 3117 2907 3186 accepimus,
2932 3117 3328 3173 custodientes
3349 3115 3430 3171 7°?
3475 3116 3724 3172 adoran-

2067 3209 2156 3261 tes
2178 3210 2434 3271 Patrem,
2454 3210 2511 3261 et
2532 3207 2766 3272 Filium,
2787 3211 2843 3260 et
2865 3206 3146 3277 Spiritum
3172 3210 3472 3272 sanctum;
3497 3205 3557 3260 in
3584 3204 3724 3259 Filio

291 3289 578 3362 πτίσμεθα,
641 3289 716 3351 εἶς
788 3291 820 3344 ἄ
879 3289 1333 3363 πεπιστεύκαμεν,
1395 3292 1476 3352 οἷς
1538 3291 1953 3366 συντετάγμεθα,

2075 3293 2318 3360 Patrem,
2346 3295 2400 3349 in
2427 3295 2649 3366 Spiritu
2671 3295 2883 3350 Filium
2914 3301 3353 3368 cognoscentes,
3377 3295 3436 3350 in
3470 3310 3721 3367 quorum

292 3376 417 3454 πρὶν
481 3380 707 3453 συνάψαι
768 3376 1098 3456 διαιρτῦντες
1160 3383 1291 3454 (23),
1361 3380 1449 3434 καὶ
1528 3379 1652 3455 πρὶν
1730 3378 1954 3456 διαιρεῖν

293 3469 406 3540 (24)
438 3468 817 3535 συνάπτοντες,
869 3465 992 3524 οὕτε
1037 3469 1106 3524 τὰ
1153 3470 1276 3544 τρία
1327 3469 1403 3530 ὡς
1451 3465 1542 3522 ἕνα
1592 3471 1703 3543 (25)
1737 3469 1821 3542 (οὗ
1854 3471 1955 3545 γὰρ

293 3555 636 3610 ἀνυπόστατα
685 3559 820 3628 (26),
870 3557 906 3625 ἢ
955 3558 1092 3612 κατά
1146 3565 1272 3632 μιᾶς
1324 3557 1668 3619 ὑποστάσεως
1716 3562 1847 3631 (27),
1881 3561 1955 3622 ὡς

296 3644 434 3697 εἶναι
487 3645 579 3698 τὸν
630 3642 870 3700 πλοῦτον
925 3648 1063 3718 ἡμῖν
1114 3645 1164 3701 ἐν
1221 3646 1502 3719 ὀνόμασιν,
1557 3646 1684 3702 ἀλλ’
1724 3648 1784 3702 οὐ
1818 3649 1955 3722 πρά-

292 3734 506 3808 γμασι),
561 3733 650 3786 καὶ
693 3734 761 3788 τὰ
806 3734 929 3810 τρία
976 3730 1049 3790 ἔν.
1104 3737 1196 3792 Ἑν
1249 3736 1352 3812 γὰρ
1385 3735 1490 3811 οὐχ
1520 3735 1811 3791 ὑποστάσει
1846 3737 1957 3811 (28)

290 3819 438 3876 ἀλλά
491 3821 704 3894 θεότητι
739 3840 749 3854 ·
812 3823 981 3896 μονάς
1013 3822 1064 3877 ἐν
1134 3821 1320 3900 Τριαδι
1352 3825 1818 3900 προσκυνουμένη,
1863 3826 1952 3882 καὶ

291 3911 458 3984 Τριάς
537 3911 613 3973 εἷς
687 3909 897 3986 μονάδα
973 3913 1512 3990 ἀνακεφαλαιουμένη
1591 3920 1724 3989 (29),
1811 3922 1953 3970 πᾶσα

288 4001 659 4074 προσγυνητή,
725 3999 983 4076 βασιλική
1044 4007 1206 4074 πᾶσα,
1277 4003 1601 4076 ὁμόθρονος,
1669 4003 1948 4075 ὁλόδοξος,

295 4087 688 4163 υπερκόσμιος,
752 4089 1114 4166 ὑπέρχρονος,
1190 4089 1459 4164 ἅκτιστος,
1525 4093 1776 4169 ἀόρατος,
1858 4096 1947 4149 ἀν-

283 4179 450 4255 αφὴς,
514 4177 911 4255 ἀπερίληπτος,
953 4181 1088 4256 πρὸς
1125 4182 1219 4253 μὲν
1269 4182 1461 4249 ὲαυτῆν
1496 4181 1646 4244 ὅπως
1679 4181 1791 4259 ἔχει
1838 4187 1946 4256 (30)

280 4266 502 4337 τάξεως,
560 4266 697 4342 αὐτῇ
752 4267 885 4342 μόνῃ
936 4271 1046 4343 (34)
1093 4271 1470 4346 γινωσκομένη
1521 4275 1657 4346 (32),
1698 4276 1864 4341 σεπτή
1901 4270 1947 4327 δ’

280 4357 417 4426 ἡμῖν
449 4356 655 4428 ὁμοίως
684 4357 775 4412 καὶ
811 4357 1102 4432 λατρευτή,
1134 4359 1222 4413 καὶ
1258 4359 1398 4432 μόνη
1449 4365 1564 4422 τοῖς
1605 4362 1808 4438 Ἃγίοις
1835 4367 1942 4416 τῶν

283 4442 452 4516 ἁγίων
498 4439 891 4526 ἔμϐατεῦουσα,
947 4449 1047 4517 τήν
1097 4445 1155 4502 δὲ
1203 4447 1374 4504 κτίσιν
1425 4455 1595 4506 πᾶσαν
1649 4449 1797 4514 ἐκτὸς
1849 4453 1944 4507 ἐῶ-

354 4560 400 4593 "
430 4558 652 4632 Coless.
688 4579 725 4627 ι,
760 4563 844 4616 19.
922 4565 968 4598 ⁷³
998 4564 1111 4622 lsa.
1153 4583 1240 4632 Lx,
1283 4567 1336 4621 4.

1416 4567 1528 4624 Isa.
1580 4586 1698 4634 vm,
1754 4572 1838 4625 18.

281 4647 362 4701 v1,
399 4631 484 4688 14.
561 4633 604 4666 ⁷⁸
635 4632 844 4688 Matth.
878 4652 934 4703 x,
965 4638 1056 4693 28.

1133 4639 1178 4672 πθ
1207 4639 1255 4693 II
1283 4638 1434 4694 Tim.
1469 4657 1509 4707 ι,
1547 4641 1634 4694 14.

383 4747 472 4814 18)
503 4747 601 4800 Καὶ
632 4745 682 4804 ὅ.
714 4750 976 4808 Combef.
1007 4751 1096 4806 καὶ
1129 4753 1182 4807 ἄο
1216 4771 1350 4810 nem
1396 4771 1449 4822 e,
1474 4754 1654 4824 τέκνα,
1683 4780 1710 4806 ‹‹
1737 4757 1942 4813 ﬁlios.»
1982 4764 2027 4828 D

357 4747 962 4889 ί19)ῖῖροστρὲχοντες.
1013 4826 1107 4881 Sic
1153 4825 1250 4882 Or.
1297 4773 1447 4882 EtiJiti
1509 4844 1664 4889 vero,
1714 4828 1946 4889 προτρὲ-

385 4819 472 4889 19)
505 4821 962 4896 Προστρὲχοντες.
1013 4826 1107 4881 Sic
1153 4825 1250 4882 Or.
1297 4827 1337 4882 E

285 4907 759 5102 χοέᾇξζῗδωκεν.
794 4966 934 5039 Reg.
969 4968 1070 5040 hu,
1105 4969 1201 5024 Or.
1237 4964 1488 5026 δέδωκεν.

531 5031 728 5100 ⁴ηδείς.
764 5038 943 5102 Regg.
977 5058 1030 5102 a,
1072 5041 1195 5102 bm,
1238 5040 1341 5102 hu,
1374 5045 1488 5102 0r.,

501 5031 728 5114 Eiqseic.
764 5031 943 5114 Regg.
977 5058 1030 5114 ει,
1052 5031 1341 5114 :bm,_hu,
1374 5045 1492 5110 0r.,
1526 5045 1632 5097 etc.
1671 5039 1812 5114 μηδὲ
1845 5043 1942 5103 εἷς.

501 5109 605 5158 Τοῦ
635 5104 918 5181 πονηροῗῖῖ
938 5133 965 5161 ‹‹
999 5104 1251 5168 Πίεὼοῖἱ.
1286 5135 1313 5161 ››

357 5175 472 5248 (23)
503 5175 891 5258 διαιροῦντες.-
916 5182 1018 5258 His
1061 5184 1274 5238 verbis.
1310 5183 1656 5258 sabellium,
1684 5186 1781 5258 qui
1818 5204 1942 5256 pcr-

281 5263 465 5328 Sopjls
490 5251 722 5308 divinas
754 5255 1168 5328 cepfundebat,
1211 5255 1399 5328 carpit
1428 5251 1763 5325 Gregorius.

283 5319 470 5439 ελὲξίι)
505 5327 763 5398 Διαιρεῖν.
815 5325 954 5399 Reg.
1015 5327 1141 5398 bm,
1201 5319 1332 5382 tres.
1381 5319 1656 5398 Colbert,,
1711 5329 1804 5384 0r.
1860 5325 1948 5380 δι-

312 5527 327 5548 ,
498 5457 637 5517 Οὔτε
680 5465 750 5518 τὰ
795 5467 918 5540 τρία
964 5469 1038 5530 ὡς
1089 5467 1196 5524 ἕνα.
1251 5468 1427 5524 Cois].
1482 5470 1505 5522 1
1542 5464 1666 5523 οὔτε
1712 5470 1780 5524 τὰ
1825 5470 1950 5543 τρία

317 5549 361 5582 ις
420 5550 466 5582 ν.

283 5549 361 5590 εις
393 5549 466 5585 εν.

353 5601 469 5683 (26)
502 5603 1102 5684 Ἀνυκόσταταηϐοἱει.
1129 5615 1154 5667 1
1193 5611 1374 5679 addit,
1402 5609 1753 5684 τάὀνόματα,
1785 5638 1811 5663 ‹‹
1849 5633 1950 5670 no-

282 5690 535 5753 mina;»
565 5694 691 5749 quin
740 5699 848 5738 vox
898 5683 980 5740 ita
1033 5684 1443 5740 subaudienda
1487 5683 1596 5751 vel,
1629 5687 1677 5741 si
1741 5687 1950 5753 mavis,

281 5742 638 5821 πρόσωπα,“‹‹
675 5769 962 5826 persona.
1001 5777 1027 5804 ))

1388 4827 1447 4882 iti
1509 4844 1664 4898 vero,
1714 4828 1946 4904 προτρὲ-

1917 4571 1962 4605 ⁷⁵
1987 4570 2156 4626 Joan.
2207 4583 2348 4634 xvu,
2403 4567 2488 4622 12.

2069 3385 2308 3438 nomine
2355 3383 2635 3456 baptismi
2667 3402 2816 3456 aqua
2847 3386 3014 3441 tincti
3047 3403 3278 3449 sumus,
3311 3386 3370 3439 in
3401 3401 3549 3456 quos
3599 3401 3722 3439 cre-

2070 3472 2352 3539 didimus,
2378 3473 2594 3544 quibus
2643 3490 2857 3529 nomen
2908 3475 3202 3540 dedimus,
3236 3475 3401 3547 prius
3445 3490 3543 3529 eos
3573 3473 3722 3527 divi-

2068 3561 2294 3628 dentes,
2318 3579 2494 3633 quam
2527 3563 3027 3634 conjunxerimus,
3053 3564 3334 3635 priusque
3361 3563 3720 3632 cenjungen-

2066 3653 2176 3715 tes,
2201 3651 2355 3706 I94
2391 3668 2567 3722 quam
2618 3652 3080 3719 distinxerimus,
3104 3669 3207 3707 nec
3267 3651 3378 3706 tria
3437 3655 3718 3722 tanquam

2068 3755 2252 3800 unum
2287 3739 2638 3810 accipientes
2669 3741 2880 3813 (neque
2911 3741 3065 3796 enim
3109 3740 3396 3813 ejusmodi
3429 3745 3568 3795 sunt
3598 3739 3721 3794 haec

2069 3830 2330 3898 nomina,
2354 3834 2418 3884 ut
2449 3846 2550 3902 per
2579 3847 2640 3885 se
2685 3847 2800 3886 non
2841 3831 3188 3897 subsistant,
3214 3835 3312 3886 aut
3342 3831 3413 3886 de
3443 3846 3562 3885 una
3593 3835 3717 3884 tan-

2067 3921 2193 3971 tum
2247 3933 2494 3989 persona
2543 3917 2957 3989 praedicantur,
2989 3920 3158 3990 quasi
3218 3935 3356 3991 epes
3415 3923 3624 3973 nostras
3656 3917 3718 3971 in

2063 4006 2424 4074 nominibus,
2461 4024 2576 4061 non
2608 4013 2804 4062 autem
2858 4007 2915 4062 in
2969 4010 3144 4064 rebus
3175 4010 3299 4063 sitaa
3330 4009 3492 4074 sint),
3521 4011 3578 4062 et
3606 4005 3718 4061 tria

2062 4112 2246 4150 unum
2280 4112 2410 4151 esse
2453 4097 2776 4152 credentes.
2803 4096 2996 4152 Unum
3030 4099 3182 4153 enim
3235 4103 3392 4164 sunt,
3417 4113 3531 4151 non
3582 4112 3714 4166 per-

2060 4201 2237 4256 sonas,
2264 4185 2364 4240 sed
2411 4183 2736 4240 divinitatis
2798 4187 3038 4242 ratione.
3067 4187 3268 4243 Unitas
3325 4186 3383 4240 in
3435 4185 3720 4240 Trinitate

2061 4278 2323 4340 adorata,
2355 4279 2412 4330 et
2438 4274 2696 4331 Trinitas
2727 4275 2787 4331 in
2820 4278 3106 4332 unitatem
3140 4276 3402 4340 collecta,
3428 4278 3552 4330 tota
3582 4274 3717 4328 ado-

2057 4365 2264 4435 randa,
2289 4369 2413 4418 tota
2435 4364 2614 4437 regia,
2642 4365 2906 4435 eiusdem
2942 4366 3134 4420 throni
3165 4371 3222 4420 et
3251 4364 3476 4436 gloriae,
3500 4362 3721 4416 munde

2059 4452 2394 4522 sublimior,
2423 4458 2686 4524 tempore
2735 4455 3021 4526 superior,
3064 4455 3344 4523 increata,
3381 4449 3718 4519 invisibilis,

2568 4569 2612 4601 7‘
2643 4569 2896 4640 Philipp.
2955 4588 2994 4636 ι,
3079 4573 3141 4636 7;
3195 4588 3255 4638 ιι,
3301 4570 3354 4622 2.
3432 4568 3476 4602 ’³⁷
3507 4567 3720 4638 Ephes.

2130 4754 2244 4825 (27)
2271 4751 2341 4825 έῊ
2373 4749 2510 4804 κατά
2542 4756 2668 4824 μιᾶς
2703 4752 3066 4816 ὑποστάσεως.
3098 4779 3126 4805 κ
3157 4758 3271 4810 Aut
3300 4756 3371 4810 de
3412 4768 3528 4825 una
3567 4749 3724 4825 sub-

2061 4821 2340 4895 bstantia,
2364 4847 2390 4873 ››
2413 4821 2595 4890 8ου,’‹‹
2621 4827 3024 4883 subsistentia.
3055 4851 3082 4876 ››
3104 4827 3309 4882 Billius
3341 4823 3535 4879 reddit
3567 4821 3722 4876 hanc

2057 4913 2279 4976 vocem,
2307 4895 2699 4976 Ὑποστάσεῳς,
2725 4899 2818 4976 hic
2850 4905 2906 4954 et
2934 4900 3095 4976 alibi,
3120 4916 3240 4976 per,
3269 4897 3632 4976 «Personam
3658 4914 3715 4976 ςξ

2055 4970 2208 5043 quod
2241 4985 2356 5024 non
2390 4969 2533 5045 satis
2556 4971 2726 5027 nobis
2749 4970 3010 5045 Gregorii
3036 4989 3100 5028 ac
3121 4967 3506 5027 Orientalium
3531 4967 3715 5022 menti

2055 5042 2382 5117 congruum
2417 5042 2682 5117 videtur.
2870 5042 2892 5045 “
3063 5116 3100 5117 η
3347 5112 3356 5117 _
3610 5109 3620 5117 _
3685 5107 3695 5117 ,

2125 5109 2238 5185 (28)
2271 5109 2398 5185 Οὐχί
2450 5111 2760 5179 ὑποστάσει,
2813 5121 2923 5172 etc.
2974 5138 3001 5166 «
3057 5116 3186 5171 Non
3250 5112 3476 5168 ratione
3531 5109 3728 5164 subsi-

2057 5185 2270 5252 stendi,
2304 5185 2405 5238 sed
2439 5185 2771 5242 divinitate.
2801 5210 2826 5235 ››

2129 5257 2240 5326 (29)
2297 5253 2901 5330 Ἀνακεφαλαιουμένη.
2969 5281 2996 5309 ‹‹
3055 5254 3498 5330 Recapitulata,
3571 5266 3730 5308 com-

2059 5315 2274 5400 prebén
2308 5344 2392 5400 sa.
2429 5349 2455 5376 »
2503 5315 2511 5331 ’

2129 5400 2265 5484 L39)
2283 5397 2482 5484 ,Ἐχει-
2519 5397 2701 5484 Ηθεᾷπ
2728 5402 2851 5484 δεῖ,
2883 5401 3000 5484 ιω.
3018 5396 3137 5476 ἔχῃ.

2125 5465 2240 5540 (31)
2269 5465 2418 5543 ᾼῦτῗι
2456 5465 2741 5543 Romi—Sic
2777 5465 2952 5543 Begg.
2973 5465 3116 5538 'hzii:
3148 5476 3246 5533 il’l,
3280 5476 3335 5524 ct
3365 5469 3462 5524 Or.
3488 5467 3554 5522 In
3587 5465 3716 5543 Pa_r°

2057 5537 2195 5597 edit.
2225 5537 2403 5612 Ἀύτῇ
2435 5537 2592 5612 μάντι,
2646 5557 2776 5611 etc.,
2825 5537 2979 5615 q't'ied
3029 5537 3196 5600 vertit
3245 5543 3451 5597 Billius
3486 5555 3499 5595 :
3528 5559 3557 5589 ι(
3590 5537 3719 5593 sola

2059 5615 2324 5698 ειυρῤεξιηο
2358 5630 2473 5683 quo
2505 5629 2642 5698 erga
2673 5631 2733 5668 se
2766 5617 2971 5671 ordine
3001 5620 3096 5686 sit,
3131 5615 3546 5698 intelligens.»
3629 5677 3684 5698 Ν

2131 5686 2245 5756 (32)
2275 5677 2684 5759 [ινῖοσκομξνη.
2721 5690 2978 5743 (.lomliet'.
3026 5677 3184 5758 legit,
3230 5677 3592 5759 γινῶσκουσα.
3629 5677 3723 5731 Sic

2062 5757 2237 5812 etiam
2275 5756 2528 5826 Hervag.
2561 5764 2618 5811 et
2647 5758 2783 5824 Reg.
2820 5763 2940 5829 bm,
2984 5765 3084 5818 sed
3107 5755 3426 5815 incentiori
3457 5765 3660 5808 manu.
