4070 6432
252 394 368 452 ’759

255 613 524 669 cessarias
583 614 893 684 cujusdam
954 613 1332 680 hzereditatis,
1367 629 1480 667 non
1533 611 1602 667 ad
1657 611 1912 683 seipsam

256 704 689 772 tantummodo,
724 704 822 757 sed
856 703 925 757 ad
960 701 1174 756 liberos
1225 717 1455 772 quoque
1504 702 1821 769 deducens,
1848 716 1915 755 ex

257 791 479 847 sanctis
537 791 818 863 primitiis
874 807 1007 845 vere
1068 796 1269 845 sancta
1327 790 1683 861 conspersio.
1731 790 1916 852 Quam

257 882 434 937 etiam
465 885 697 936 tantum
752 881 913 935 auxit
972 886 1027 934 et
1075 879 1475 951 ampliﬁcavit,
1511 885 1575 934 ut
1620 896 1690 933 ne
1724 878 1917 933 mariti

259 970 497 1041 quidem
558 970 969 1041 perfectionem
1032 967 1245 1035 (dicam
1305 969 1484 1035 enim,
1544 968 1773 1023 etiamsi
1826 968 1919 1021 hic

261 1074 455 1114 sermo
484 1058 813 1113 temeritate
846 1073 959 1111 non
993 1057 1228 1127 careat),
1280 1056 1374 1111 alii
1408 1056 1533 1125 ulli,
1568 1072 1742 1127 quam
1782 1056 1917 1127 ipsi,

263 1146 668 1203 ascribendam
702 1161 831 1200 esse
862 1144 1127 1199 nonnulli
1163 1146 1423 1211 credant,
1460 1162 1526 1201 ac
1564 1145 1918 1216 praedicent;

263 1251 530 1306 eamque,
565 1250 596 1289 ο
628 1250 749 1288 rem
783 1232 1035 1287 miram!
1070 1251 1173 1305 pro
1233 1234 1464 1306 pietatis
1514 1233 1753 1307 praemio
1796 1251 1919 1289 ma-

255 1326 446 1396 jorem
479 1339 544 1377 ac
596 1322 997 1394 perfectiorem
1052 1323 1325 1393 pietatem
1368 1325 1684 1395 accepisse.
1737 1324 1922 1377 Ambo

262 1413 516 1468 filiorum
550 1411 727 1466 simul
762 1416 819 1467 et
848 1410 1063 1467 Christi
1095 1417 1383 1481 amantes,
1415 1412 1471 1467 id
1507 1413 1662 1483 quod
1690 1429 1926 1469 summa

264 1503 655 1559 admiratione
703 1503 946 1575 dignum
1000 1508 1111 1570 est,
1136 1502 1255 1559 imo
1303 1503 1519 1558 Christi
1568 1502 1925 1558 amantiores

266 1609 441 1665 quam
473 1593 791 1647 liberorum
818 1610 830 1659 ;
868 1591 1083 1664 quippe
1108 1594 1205 1664 qui
1230 1609 1414 1647 unum
1438 1592 1596 1647 hunc
1622 1608 1691 1647 ex
1724 1591 1926 1647 liberis

266 1683 523 1737 fructum
581 1687 873 1753 caperent,
930 1687 996 1736 ut
1053 1699 1087 1737 a
1158 1682 1390 1737 Christo
1447 1685 1923 1753 agnoscerentur,

268 1787 602 1843 nomenque
650 1771 949 1838 ducerent,
1003 1770 1247 1842 solaque
1296 1771 1534 1839 virtute,
1566 1774 1742 1841 atque
1790 1786 1924 1825 cum

270 1878 362 1927 eo,
395 1861 550 1933 quod
611 1860 989 1932 praestantius
1044 1865 1154 1927 est,
1184 1860 1344 1915 velut
1400 1860 1813 1931 conjunctione
1863 1876 1928 1915 ac

273 1950 708 2006 necessitudine
759 1964 820 2004 se
880 1948 1037 2020 prole
1094 1949 1290 2004 felices
1347 1950 1692 2004 delinirent:
1754 1949 1926 2003 ambo

270 2039 537 2107 humani,
572 2038 999 2107 misericordes,
1035 2038 1221 2093 multa
1253 2038 1450 2102 tineis,
1483 2043 1540 2093 et
1576 2038 1923 2093 latronibus,

268 2133 325 2183 et
356 2128 559 2183 mundi
596 2127 845 2199 principi
879 2128 1213 2198 eripientes,
1244 2128 1317 2183 ab
1348 2127 1626 2194 incolatu,
1658 2128 1727 2182 ad
1760 2127 1929 2181 habi-

265 2219 547 2273 tationem
597 2234 696 2271 eos
744 2217 1186 2281 transferentes,
1215 2217 1649 2289 maximamque
1694 2217 1928 2271 haeredi-

262 2310 465 2375 tatem,
499 2306 610 2361 hoc
641 2313 748 2372 est,
784 2307 989 2359 futurae
1039 2306 1170 2360 vita:
1221 2305 1616 2378 splendorem,
1652 2304 1788 2361 ﬁliis
1831 2322 1925 2360 co-

262 2399 619 2452 acervantes.
650 2395 741 2449 Sic
772 2394 856 2449 illi
905 2395 976 2449 ad
1026 2394 1205 2449 altam
1256 2400 1619 2451 senectutem
1652 2410 1928 2466 pervene-

259 2489 417 2552 runt,
450 2485 663 2540 virtute
693 2488 867 2555 atque
905 2484 1077 2539 annis
1134 2484 1288 2539 inter
1336 2501 1398 2540 se
1432 2500 1625 2556 pares,
1676 2501 1741 2539 ac
1771 2482 1925 2555 pleni

260 2575 512 2641 dierum,
546 2579 666 2628 tam
700 2574 799 2645 qui
835 2577 1075 2629 manent
1104 2591 1283 2646 quam
1316 2573 1415 2645 qui
1449 2573 1642 2629 ﬂuunt
1672 2589 1738 2628 ac
1787 2573 1925 2628 dila-

262 2665 518 2719 buntur:
555 2666 802 2734 uterque
833 2662 1055 2735 primas
1088 2663 1237 2717 inter
1282 2664 1560 2717 mortales
1594 2662 1924 2728 habiturus,

269 2753 385 2808 nisi
419 2756 626 2807 mutuo
658 2752 768 2823 ipsi
803 2768 929 2807 sese
962 2750 1292 2823 principatu
1328 2751 1721 2823 prohiberent.
1757 2751 1927 2804 Deni-

266 2858 381 2913 que
410 2858 615 2897 omnes
647 2841 943 2897 felicitatis
974 2857 1253 2896 numeros
1282 2839 1929 2913 expleverunt,excepta

267 2931 377 2986 hac
409 2935 729 3001 postrema,
762 2935 827 2984 ut
876 2930 1169 3001 quispiam
1203 2929 1540 2985 existimare
1578 2932 1776 3000 queat,
1808 2928 1929 2983 sive

268 3018 636 3091 probatione,
670 3020 790 3074 sive
844 3018 1320 3091 dispensatione:
1354 3018 1465 3074 hoc
1493 3022 1603 3084 est,
1636 3034 1763 3073 meo
1795 3016 1926 3089 qui-

270 3111 402 3165 dem
427 3108 673 3179 judicio,
709 3113 774 3163 ut
804 3109 1106 3180 praemisso
1137 3125 1203 3163 eo
1235 3107 1376 3177 ﬁlio,
1410 3109 1501 3162 cui
1538 3112 1772 3179 propter
1800 3110 1930 3160 teta-

1506 393 1569 452 S.
1619 390 1992 452 GREGORI]
2038 392 2432 454 THEOLOGI

254 524 399 595 ipsis
431 524 661 595 proavis
693 524 808 580 Deo
858 529 1219 591 consecrata,
1257 524 1551 596 pietatem,
1585 522 1775 577 instar
1806 538 1908 577 ne-

2043 522 2246 593 ›ωμένη
2303 527 2436 594 Θεῷ,
2484 544 2574 577 και
2620 524 2825 599 κλῆρον
2876 523 3167 599 ἀναγκαῖον
3220 523 3320 579 οὐκ
3366 525 3441 587 εἷς
3489 526 3655 596 ἑαυτή

3561 399 3689 458 ’⁸160

3660 501 3688 533 ν

2031 610 2195 681 μόνον
2230 613 2366 683 (64),
2413 610 2558 667 ἀλλά
2604 613 2694 667 καὶ
2743 612 2868 675 τοὺς
2918 614 2967 685 ἐξ
3016 612 3186 682 αὐτῆς
3228 614 3535 689 κατάγουσα
3585 618 3685 685 τήν

2027 694 2319 771 εὐσέϐειαν,
2382 699 2431 770 ἐξ
2494 700 2647 777 ἀγίας
2705 702 2963 777 ἀπαρχῆς
3022 697 3195 764 ὅντως
3256 704 3406 778 ἅγιον
3463 704 3689 781 ιρύραμα

2024 793 2283 842 τοσοῦτον
2336 786 2392 843 δὲ
2440 789 2570 845 αὐτὸ
2621 790 2894 861 αὐξήσασά
2942 793 3059 864 (65)
3107 812 3165 846 τε
3214 792 3304 846 καὶ
3345 791 3688 849 πλεονάσασα

2030 877 2168 932 ὥστε
2196 876 2305 947 ⁴ἤδη
2340 880 2447 932 τισὶ
2498 879 2968 958 (φθέγξομαιγᾶρ,
3003 879 3047 934 εἷ
3088 879 3177 934 xui
3205 884 3494 955 τολμηρὸς
3529 884 3555 937 ὁ
3586 881 3687 939 λό-

2027 972 2149 1043 γος)
2180 1012 2194 1035 ,
2257 965 2399 1039 μηδὲ
2453 970 2553 1036 τήν
2596 972 2693 1023 τοῦ
2768 966 2956 1044 ἀνδρὸς
3012 968 3332 1040 τελειότητα
3389 971 3571 1045 ἐτέρου
3602 995 3688 1027 τι-

2029 1055 2122 1117 νὸς
2176 1057 2211 1125 ἢ
2257 1056 2461 1126 ταύτης
2512 1053 2670 1133 ἔργον
2693 1057 2953 1134 γενέσθαι,
2997 1060 3347 1129 πιστευθῆναί
3385 1081 3443 1115 τε
3471 1061 3560 1115 καὶ
3593 1062 3686 1138 ρη-

2030 1147 2208 1215 θῆναι’
2262 1145 2371 1213 καὶ,
2425 1144 2469 1201 ὣ
2506 1151 2603 1201 τοῦ
2655 1147 2968 1220 θαύματοςί
3004 1144 3168 1211 ἆθλον
3212 1144 3483 1212 εὐσεϐείας
3517 1148 3682 1221 δοθῆ-

2029 1255 2111 1288 ναι
2168 1233 2388 1307 μείζονα
2435 1236 2524 1290 καὶ
2571 1234 2909 1313 τελειοτέραν
2943 1233 3369 1310 (66)εὐσέϐειαν.
3404 1238 3670 1295 Φιλόπαι-

2034 1321 2119 1385 δες
2153 1322 2319 1401 ἄμφω
2345 1325 2433 1378 xui
2465 1322 2841 1403 φιλόχριστοι,
2872 1326 2934 1380 τὸ
2964 1323 3423 1400 παραδοξότατον,
3467 1328 3675 1400 μᾶλλον

2036 1410 2093 1467 δὲ
2123 1411 2480 1490 φιλόχριστοι
2532 1412 2698 1470 πλὲον
2748 1415 2783 1483 ἢ
2835 1413 3188 1492 φιλόπαιδεςο
3235 1418 3316 1478 οἷς
3344 1438 3406 1493 γε
3452 1417 3541 1471 καὶ
3580 1423 3685 1472 τῶν

2032 1503 2232 1559 τέκνων
2288 1504 2385 1576 μία
2430 1524 2512 1567 τις
2566 1504 2869 1568 ἀπόλαυσις
2918 1510 3007 1576 ἦν,
3050 1508 3113 1562 τὸ
3164 1508 3268 1563 ἀπὸ
3317 1510 3553 1585 Χριστοῦ
3600 1510 3691 1564 καὶ

2032 1593 2429 1668 γνωρίζεσθαι,
2488 1595 2578 1648 καὶ
2656 1594 3059 1668 ὀνομάζεσθαι,
3119 1598 3209 1651 καὶ
3267 1597 3344 1659 εἲς
3413 1596 3692 1661 εὸπαιδίας

2036 1680 2163 1757 ὅρος
2195 1684 2230 1751 ἡ
2263 1682 2450 1758 ἀρετὴ,
2494 1684 2585 1738 xui
2634 1686 2667 1753 ἠ
2720 1684 2855 1760 πρὸς
2905 1685 2968 1740 τὸ
3016 1691 3259 1756 κρεῖττον
3311 1690 3423 1761 (67)
3476 1687 3689 1743 οἰκείω-

2038 1791 2137 1832 σις·
2193 1767 2583 1848 εὔσπλαγχνοι,
2634 1775 2956 1846 συμπαθεῖς,
3010 1775 3336 1849 ἁρπάζοντες
3380 1777 3448 1831 τὰ
3502 1776 3691 1831 πολλὰ

2038 1863 2237 1931 σητῶν,
2271 1860 2360 1914 καὶ
2412 1859 2648 1935 λῃστῶν,
2697 1862 2785 1916 καὶ
2834 1867 2932 1918 τοῦ
2980 1866 3449 1939 κοσμοκράτορος,
3484 1865 3543 1921 ἐκ
3587 1873 3688 1935 τῆς

2037 1948 2324 2023 παροικίας
2383 1949 2462 2011 εἷς
2514 1952 2614 2020 τὴν
2662 1952 2941 2006 κατοικίαν
2995 1955 3539 2027 μετασκευαζόμενοι,
3600 1954 3689 2009 καὶ

2036 2036 2244 2113 κλῆρον
2300 2039 2550 2113 μέγιστον
2588 2045 2705 2101 τοῖς
2754 2040 2908 2094 παισὶ
2954 2042 3053 2109 τὴν
3088 2040 3285 2096 ἐκεῖθεν
3325 2042 3691 2119 λαμπρότητα

2035 2126 2468 2201 θησαυρίζοντες.
2519 2126 2676 2184 Οὕτω
2725 2148 2811 2182 τοι
2842 2127 2931 2182 xui
2986 2128 3061 2190 εἰς
3110 2128 3341 2203 λιπαρὸν
3390 2133 3502 2205 (68)
3534 2130 3692 2208 ἔφθα-

2036 2234 2129 2268 σαν
2162 2221 2354 2290 γῆρας,
2389 2215 2653 2288 ὁμότιμοι
2681 2214 2769 2269 καὶ
2802 2219 2900 2285 τὴν
2953 2217 3147 2292 ἀρετὴν
3179 2218 3268 2271 καὶ
3308 2219 3409 2286 τὴν
3440 2216 3688 2289 ἡλικίαν,

2035 2303 2123 2357 καὶ
2164 2301 2396 2380 πλήρεις
2447 2307 2695 2380 ἡμερῶν,
2747 2309 2852 2359 τῶν
2904 2326 2963 2359 τε
3016 2311 3291 2378 μενουσῶν
3342 2306 3550 2379 ὁμοίως
3598 2309 3690 2362 καὶ

2033 2395 2142 2446 τῶν
2176 2390 2481 2465 λυομένων·
2525 2393 2671 2469 παρὰ
2716 2397 2975 2448 τοσοῦτον
3020 2393 3269 2472 ἑκάτερος
3321 2395 3420 2449 οὐκ
3451 2393 3595 2471 ἔχων
3628 2398 3695 2451 τὰ

2036 2485 2225 2556 πρῶτα
2252 2486 2360 2536 τῶν
2405 2480 2493 2535 ἐπὶ
2543 2488 2666 2555 γῆς,
2716 2483 2842 2557 παρ’
2889 2482 3012 2536 ὅσον
3067 2483 3153 2537 ὑπ’
3206 2482 3471 2554 ἀλλήλων
3525 2484 3603 2547 εἷς
3629 2484 3694 2540 τὸ

2036 2575 2303 2645 πρωτεῖον
2346 2567 2675 2642 ἐκωλύοντο,
2726 2570 2815 2626 καὶ
2860 2568 3040 2641 πάσης
3089 2569 3438 2646 εὐδαιμονίας
3498 2573 3690 2651 μέτρον

2036 2656 2384 2735 ἐπλήρωσαν,
2417 2659 2564 2729 πλὴν
2595 2666 2697 2729 τῆς
2739 2657 3053 2722 τελευταίας
3100 2661 3328 2732 ταύτης,
3362 2662 3435 2724 ὡς
3489 2662 3546 2716 ἂν
3576 2663 3685 2733 οἷηα

2038 2747 2157 2815 θείη
2188 2769 2295 2817 τις,
2331 2745 2437 2803 siin
2468 2746 2790 2821 δοκιμασίας
2820 2751 2932 2825 χρή
2969 2747 3173 2825 λέγειν,
3208 2747 3316 2805 εἴτε
3350 2750 3682 2824 οἰκονομίας·

2035 2839 2071 2907 ἡ
2105 2834 2161 2891 δέ
2190 2836 2353 2908 ἐστιν,
2389 2837 2464 2899 ὡς
2496 2839 2523 2892 ὁ
2557 2836 2687 2910 ἐμὸς
2738 2836 2923 2914 λόγος,
2975 2837 3067 2894 τὸν
3120 2838 3532 2918 σφαλερώτερον
3577 2845 3681 2895 τῶν

2037 2925 2245 2981 παίδων
2297 2924 2366 2981 δι’
2412 2924 2632 2996 ἡλικίαν
2691 2926 3139 3003 προπέμψαντες,
3198 2928 3378 2991 οὕτως
3431 2927 3539 3000 ἤδη
3589 2951 3683 2984 κα-

2036 3014 2263 3070 ταλῦσαι
2294 3017 2385 3070 τὸν
2423 3016 2538 3091 βίον
2581 3016 2632 3071 ἐν
2683 3016 2945 3096 ἀσφαλείᾳ
2991 3019 3125 3091 (69),
3174 3018 3264 3073 καὶ
3304 3019 3441 3095 πρὸς
3482 3020 3549 3075 τὰ
3579 3020 3684 3074 ἄνω

2038 3105 2355 3176 πανοικεσίᾳ
2387 3112 2740 3177 μετατεθῆναι
2773 3108 2906 3179 (70).

267 3197 343 3253 tis
397 3196 689 3253 lubricum
740 3196 931 3269 magis
978 3197 1308 3252 timendum
1369 3201 1511 3263 erat,
1546 3196 1624 3250 ita
1662 3196 1787 3265 jam
1819 3194 1930 3264 ipsi
1961 3210 2166 3250 securo
2192 3196 2391 3251 animo
2419 3194 2595 3252 vitam
2629 3195 2924 3263 claudant,
2956 3200 3017 3251 et
3046 3212 3179 3251 cum
3210 3196 3482 3252 universa
3510 3198 3685 3252 domo

270 3288 341 3344 ad
374 3303 632 3359 superna
658 3286 1110 3341 transferantur.

339 3375 407 3431 V.
443 3379 633 3447 Atque
674 3375 795 3430 haec
847 3374 1110 3447 exposui,
1142 3390 1257 3430 non
1319 3378 1383 3428 ut
1441 3371 1675 3427 illorum
1725 3371 1928 3426 laudes

2115 3371 2170 3424 E'
2226 3376 2266 3424 K
2306 3369 2319 3384 ⁸
2420 3374 2446 3384 ’⁸
2559 3367 2721 3425 δ”λθ
2896 3371 2908 3393 ²
3023 3370 3037 3391 ’
3194 3369 3218 3425 ἐ
3424 3368 3433 3385 ’

2177 3413 2190 3426 .
2269 3391 2322 3424 αι
2351 3391 2519 3424 ταυτα
2596 3392 2647 3439 ιη
2728 3392 2808 3441 ον,
2854 3393 2915 3427 ου
2944 3391 3168 3432 τούτους
3219 3390 3526 3446 γκωμιασαι
3563 3371 3691 3445 βου-

271 3464 675 3538 praedicarem,
705 3468 808 3520 aut
857 3465 1011 3535 quod
1043 3480 1233 3519 essem
1294 3463 1529 3517 nescius
1584 3461 1679 3515 vix
1726 3476 1929 3531 quem-

272 3570 451 3627 quam
483 3553 660 3610 etiam
693 3557 817 3608 tota
838 3553 1099 3608 oratione
1129 3553 1199 3607 de
1231 3568 1432 3607 eorum
1455 3550 1734 3606 laudibus
1762 3549 1931 3604 insti-

270 3648 420 3711 tuta,
455 3643 714 3699 materiae
743 3642 1089 3714 dignitatem
1126 3641 1359 3711 assequi
1395 3656 1597 3712 posse:
1632 3655 1837 3694 verum
1871 3642 1935 3693 ut

274 3732 418 3787 illud
452 3732 817 3787 ostenderem
854 3748 887 3785 a
918 3730 1183 3800 patribus
1233 3729 1490 3783 debitam
1548 3727 1796 3783 Caesario
1824 3726 1934 3781 vir-

272 3826 461 3876 tutem
494 3820 697 3891 fuisse,
730 3836 837 3875 nec
882 3820 1098 3874 mirum
1150 3819 1313 3873 vobis
1346 3824 1446 3873 aut
1475 3816 1817 3872 incredibile
1847 3815 1934 3870 vi-

274 3911 398 3966 deri
431 3910 659 3980 debere,
693 3908 741 3964 si
772 3908 920 3963 tales
953 3912 1224 3979 parentes
1257 3911 1462 3962 nactus
1492 3906 1712 3961 talibus
1741 3904 1936 3960 laudi-

274 4000 387 4055 bus
420 4015 482 4055 se
511 3999 756 4072 dignum
790 3997 1041 4069 praebuit
1069 4014 1082 4063 ;
1111 3996 1210 4051 sed
1235 3995 1378 4051 illud
1413 3996 1628 4066 potius,
1657 3994 1936 4065 si,negle-

274 4089 381 4144 ctis
414 4087 753 4143 domesticis
784 4093 842 4142 et
892 4086 1242 4158 propinquis
1292 4083 1597 4155 exemplis,
1631 4083 1776 4138 alios
1824 4082 1935 4137 sibi

274 4178 623 4249 spectandos
656 4176 1081 4247 proposuisset.
1109 4176 1293 4243 Atque
1316 4172 1486 4226 initia
1515 4172 1753 4242 quidem
1785 4173 1938 4241 ejus-

273 4266 429 4322 modi
466 4266 725 4336 fuerunt,
787 4269 843 4321 et
875 4261 1076 4335 qualia
1122 4277 1251 4315 esse
1298 4276 1429 4314 vere
1478 4259 1750 4331 ingenuis
1783 4260 1929 4313 201

274 4355 675 4420 conveniebat,
711 4370 777 4409 ac
806 4358 962 4408 recte
993 4354 1051 4406 et
1082 4350 1323 4404 honeste
1352 4348 1613 4402 victuris.
1640 4346 1712 4402 Ut
1741 4351 1935 4401 autem

275 4444 472 4500 media
500 4443 780 4509 incidam,
815 4442 926 4496 hoc
957 4435 1613 4509 est,pulchritudinem,
1648 4434 1940 4508 magnitu-

277 4533 496 4600 dinem,
530 4537 709 4603 atque
737 4531 902 4586 illius
952 4529 1011 4583 in
1045 4526 1324 4582 omnibus
1354 4525 1530 4580 rebus
1574 4525 1848 4597 gratiam,
1884 4529 1940 4580 et

274 4623 437 4678 velut
465 4622 525 4677 in
555 4622 717 4678 sonis
766 4622 1117 4676 concentum
1152 4615 1655 4687 (quandoquidem
1696 4632 1799 4672 nec
1834 4633 1940 4671 no-

279 4717 467 4769 strum
501 4716 590 4767 est
618 4728 711 4766 res
743 4706 1093 4779 bujusmodi
1126 4704 1349 4770 mirari,
1389 4704 1624 4761 tametsi
1658 4704 1789 4760 aliis
1821 4723 1936 4761 non

276 4819 464 4875 parvae
496 4817 625 4857 esse
653 4796 1085 4867 videantur),ad
1119 4812 1186 4851 ea
1215 4811 1345 4867 quae
1377 4795 1652 4866 deinceps
1680 4812 1938 4866 sequun-

2042 3456 2294 3532 λόμενος,
2356 3456 2481 3513 οὐδὲ
2537 3459 2767 3535 ἀγνοῶν,
2829 3459 2911 3514 δτι
2969 3457 3129 3532 μόλις
3178 3460 3236 3514 ἄν
3285 3480 3369 3521 τις
3410 3466 3515 3528 τῆς
3545 3458 3698 3529 ἀξίας

2042 3547 2303 3626 ἰφίκοιτο,
2337 3548 2427 3602 καὶ
2459 3547 2598 3618 ὅλην
2635 3548 2888 3613 ὑπόθεσιν
2939 3547 3105 3624 λόγου
3156 3548 3250 3603 τὸν
3293 3547 3501 3603 τούτων
3544 3546 3698 3602 ἔπαι-

2041 3659 2131 3692 νον
2166 3638 2558 3710 ἐνστησάμενος
2591 3641 2725 3711 (71),
2774 3638 2920 3694 ἀλλὰ
2962 3636 3035 3692 ’ίν’
3087 3635 3414 3710 ἐπιδείξαιμι
3458 3637 3519 3692 ἐκ
3545 3637 3703 3691 πατε-

2046 3748 2152 3803 ρων
2184 3725 2551 3805 ὀφειλομένην
2609 3726 2887 3803 Καισαρίῳ
2936 3727 3034 3795 τήν
3082 3727 3300 3803 ἀρετὴν,
3333 3725 3421 3781 καὶ
3473 3727 3547 3795 μή
3583 3737 3703 3789 θαυ-

2050 3816 2278 3889 μάζητε,
2318 3814 2459 3889 μηδὲ
2490 3817 2771 3887 ἀπιστῆτε,
2801 3815 2869 3884 εἰ,
2920 3816 3183 3871 τοιούτων
3230 3816 3413 3892 τυχὼν
3444 3814 3697 3891 γεννητό-

2048 3925 2178 3981 ρων,
2208 3905 2474 3960 τοιούτων
2526 3905 2710 3959 ἑαυτὸν
2760 3905 3028 3980 παρέσχεν
3083 3903 3313 3960 ἐπαίνων
3343 3903 3511 3974 ἄξιον
3557 3902 3701 3959 ἀλλὰ

2045 3993 2377 4064 τούναντίον,
2413 3994 2465 4048 εἶ’
2489 3995 2626 4069 πρὸς
2667 3992 2881 4066 ἑτέρους
2912 3992 3045 4065 εἶδε,
3074 3998 3181 4049 τῶν
3214 3992 3429 4049 οἰκείων
3461 3992 3551 4047 καὶ
3592 3997 3700 4047 τῶν

2049 4082 2269 4157 ἐγγύθεν
2304 4081 2589 4155 ἀμελήσας
2640 4080 3080 4157 ὑποδειγμάτων.
3131 4084 3206 4138 Τὰ
3258 4085 3352 4156 μὲν
3396 4080 3461 4150 δὴ
3513 4085 3703 4153 πρῶτα

2047 4172 2388 4241 τοιαῦτα,οἷα
2409 4176 2681 4243 προσῆκεν
2716 4170 2847 4225 εἶναι
2867 4175 2985 4231 τοῖς
3013 4166 3186 4233 ὅντως
3214 4174 3324 4245 (72)
3352 4171 3407 4224 εὗ
3430 4169 3702 4244 γεγονόσι,

2048 4260 2137 4315 καὶ
2165 4257 2350 4320 καλῶς
2407 4259 2695 4333 βιώσεσθαι
2750 4256 3067 4331 μέλλουσιν.
3099 4261 3214 4315 Ἵνα
3262 4257 3318 4312 δὲ
3364 4259 3429 4312 τὰ
3469 4258 3521 4312 ἐν
3559 4261 3709 4331 μᾶσῳ

2049 4347 2312 4419 συντέμω,
2346 4344 2668 4417 κάλλος,καὶ
2706 4348 2955 4422 μέγεθος,
2979 4346 3067 4401 καὶ
3088 4347 3189 4415 τήν
3213 4346 3299 4400 ἐπὶ
3322 4352 3451 4400 πᾶσι
3481 4350 3580 4400 τοῦ
3611 4346 3709 4399 ἀν-

2050 4434 2176 4511 δρὸς
2207 4437 2390 4511 χάριν,
2441 4436 2531 4490 xui
2584 4434 2767 4512 ὥσπερ
2800 4436 2850 4491 ἐν
2899 4435 3153 4512 φθόγγοις
3208 4434 3569 4510 εὐαρμοστίαν
3603 4434 3711 4507 (ὅτι

2054 4524 2194 4599 μηδὲ
2223 4526 2357 4601 πρὸς
2383 4528 2543 4598 ἡμῶν
2579 4529 2693 4600 (73)
2721 4526 2789 4581 τὰ
2814 4530 3037 4581 τοιαῦτα
3060 4522 3376 4598 θαυμάζειν,
3401 4522 3446 4578 εί
3476 4525 3565 4577 καὶ
3596 4529 3711 4585 τοῖς

2051 4614 2244 4677 ἄλλοις
2274 4614 2339 4669 οὐ
2378 4615 2545 4691 μικρὰ
2598 4615 2884 4693 φαίνεται),
2917 4616 3052 4690 πρὸς
3100 4615 3168 4669 τὰ
3212 4612 3401 4691 ἐφεξῆς
3456 4615 3571 4684 (74)
3614 4614 3708 4686 βα-

1972 4744 2018 4809 D
2051 4702 2273 4776 διοῦμαι
2303 4702 2401 4759 τοῦ
2452 4703 2649 4779 λόγου,
2681 4704 2770 4759 καὶ
2822 4703 2854 4759 ἃ
2908 4701 3049 4777 μηδὲ
3097 4700 3425 4778 βουλομένῳ
3476 4699 3711 4777 παραλι-

2050 4799 2170 4849 πεῖν
2207 4791 2414 4870 ῥᾴδιον.

269 4897 388 4957 tur,
419 4896 477 4947 et
504 4907 656 4962 quae,
690 4905 763 4944 ne
792 4887 842 4944 si
875 4886 1109 4956 cupiam
1144 4884 1407 4957 quidem,
1442 4883 1608 4938 facile
1638 4887 2085 4955 praetermittere
2117 4901 2385 4958 possum,
2420 4884 2747 4940 orationem
2779 4884 3098 4939 conferam.

367 5014 457 5079 64)
492 5011 687 5067 Μόνον.
713 5009 888 5067 Cois].
919 5008 972 5079 Ι,
1010 5005 1206 5079 μόνην.

367 5076 459 5153 65)
492 5082 634 5138 Αὐτὸ
682 5076 974 5153 αὐξήσασα.
1011 5076 1162 5153 Reg.
1226 5079 1346 5145 bm,
1383 5076 1615 5153 *αὐτ-ἤν.Δ
1649 5078 1789 5153 Reg.
1832 5079 1933 5152 ph,

274 5148 394 5212 tres
425 5148 607 5228 Colb.,
639 5162 736 5228 υτ,
750 5148 824 5228 ί1ί,
857 5158 915 5210 et
942 5153 1061 5208 Jes.
1095 5148 1337 5228 (ῥύραμα,
1368 5149 1403 5218 ἠ
1436 5149 1527 5203 τὸν
1558 5148 1716 5204 αὐτὸν
1737 5148 1935 5223 (ιιᾱωέ

275 5245 367 5300 pe,
396 5224 629 5300 κλῆρον)
677 5224 970 5300 αὐξήσασα.

367 5300 459 5364 66)
488 5290 855 5369 τελειοτέραν.
890 5296 984 5351 Or.
1023 5295 1078 5363 1,
1109 5290 1464 5369 τελεωτέραν.

366 5362 457 5439 67)
490 5362 765 5439 Κρεῖττον.
813 5368 927 5422 Hac
993 5362 1159 5439 voice,
1210 5386 1241 5439 σι
1304 5362 1487 5419 Deum
1522 5385 1563 5439 »_
1610 5362 1936 5435 intelligere

278 5436 513 5494 videtur
542 5436 880 5509 Gregorius,
915 5453 980 5493 ac
1038 5436 1305 5509 proinde”
1328 5436 1697 5509 vertendum,
1730 5458 1758 5509 ς(
1799 5452 1933 5509 cum

280 5510 395 5564 Deo
429 5505 839 5576 conjunctione
864 5505 922 5561 et
951 5505 1407 5564 necessitudine.
1435 5529 1462 5556 ››
1496 5505 1701 5561 Billius
1732 5506 1789 5560 in
1823 5508 1935 5578 pri-

279 5596 379 5635 ma
409 5578 777 5649 editione_sic
803 5581 1086 5634 verterat:
1122 5601 1150 5629 ‹‹
1181 5578 1305 5633 sola
1332 5580 1545 5633 virtute
1575 5578 1936 5649 conjunctio-

280 5666 469 5719 neque
499 5662 635 5719 cum
667 5646 981 5719 Deo_at_qu_e
1009 5649 1328 5714 consortio,
1353 5650 1579 5707 felicem
1612 5646 1931 5705 liberorum

281 5715 744 5788 procreationem
775 5715 1100 5775 deﬂnirent.
1142 5740 1165 5768 ι

2119 5007 2233 5080 (68)
2263 5005 2357 5067 Εἷς
2389 5004 2645 5079 λιπαρόν.

2046 5085 2363 5135 nectutem.
2401 5101 2429 5127 ιι

2118 5153 2230 5226 (69)
2264 5152 2348 5226 Ἐν
2382 5147 2666 5226 ᾀσφαλεί-ᾳ.
2715 5150 2857 5205 Tres
2916 5150 3127 5226 Regg.,_
3148 5148 3399 5226 totidem
3452 5147 3612 5202 Colb.
3655 5148 3712 5201 et

2045 5219 2226 5298 Or:._1_,
2261 5223 2352 5275 σὺν
2388 5219 2744 5298 dapsilem:
2772 5237 2905 5298 cum
2940 5219 3279 5298 securitate.
3314 5241 3341 5270 »δ

2118 5285 2233 5365 (70)
2264 5285 2781 5365 Μετατέθῇναιξδὶο
2814 5292 3087 5365 Re_g._hu.
3125 5292 3255 5346 Par.
3276 5285 3672 5365 μεταδεθῆναι.

2138 5359 2231 5433 7-1)
2262 5359 2715 5433 Ἐνστησάμενος.
2749 5359 2926 5419 Εοὶείῖ
2960 5362 3011 5432 Ι,
3048 5359 3473 5432 συστησάμενος.

2138 5367 2199 5421 7-1
2262 5367 2527 5433 Ἐνστησά
2547 5384 2715 5425 ιενος.
2749 5367 2925 5419 Coisl.
2960 5367 3011 5432 4,
3048 5367 3473 5432 συστησάμενος.

2043 5367 2485 5562 Βὶἕῖζίζοντως.
2530 5386 2703 5493 beast
2732 5436 2792 5491 in
2826 5435 3096 5506 pluribus
3127 5435 3295 5490 codd.
3323 5450 3427 5489 nec
3456 5427 3711 5486 reddidit

2093 5524 2269 5563 unus.

2115 5580 2228 5651 (73)
2263 5577 2406 5651 Πρὸς
2438 5580 2621 5650 ἡμῶν.
2654 5578 2743 5651 Sic
2772 5580 2892 5633 tres
2923 5576 3128 5650 Regg.,
3160 5582 3282 5634 tres
3310 5576 3494 5639 Colb.,
3528 5573 3623 5628 0r.
3651 5573 3702 5638 1,

2044 5653 2103 5704 et
2124 5648 2249 5706 Jes.
2285 5648 2436 5706 Editi
2470 5648 2623 5716 vero,
2658 5648 2834 5719 ὑμῶν.

2120 5722 2235 5795 (74)
2265 5723 2340 5775 Τὰ
2366 5719 2577 5800 ἐφεξῆς.
2611 5716 2753 5793 Reg.
2785 5738 2838 5786 8.,
2869 5717 2937 5773 τὰ
2954 5716 3095 5790 ἑξῆς.

2706 5030 2727 5057 α
2784 5007 2870 5062 Ad
2922 5007 3158 5063 uberem
3215 5007 3567 5076 beatamque
3620 5020 3707 5059 se-
