4070 6410
346 401 464 460 ’161

1145 397 1437 460 ORATIO
1481 398 1610 458 VII.
1647 430 1723 443 ——
1752 396 1833 456 IN
1880 395 2208 458 LAUDEM
2254 397 2592 459 CESARII
2638 398 2995 459 FRATRIS.

3658 399 3777 457 762

418 534 477 598 ζ’,
538 527 668 581 Ὑπὸ
729 523 794 595 δὴ
854 523 1129 587 τοιούτοις
1184 521 1337 593 ¹ἤθεσι
1394 526 1680 602 τραφέντες
1728 525 1818 580 καὶ
1875 545 1993 579 παι-

2191 526 2283 582 VI.
2304 528 2421 583 Nos
2452 528 2633 599 igitur
2654 528 2764 583 sub
2802 527 3144 597 hujusmodi
3171 527 3434 584 moribus
3464 528 3695 583 educati
3721 533 3778 583 et

348 616 621 677 δευθέντες
681 618 813 687 (75),
860 614 950 668 καὶ
998 618 1116 674 τοῖς
1166 613 1392 677 ἐνταῦθα
1453 616 1765 686 μαθήμασιν
1806 614 2009 674 ἱκανῶς

350 706 752 776 ένασκηθέντες,
831 703 881 757 ἐν
962 703 1044 764 οἶς
1112 702 1314 764 ἱκεῖνος
1393 706 1503 776 (76)
1582 702 1737 778 τάχει
1794 723 1852 756 τε
1918 702 2007 756 καὶ

353 796 567 871 μεγέθει
628 792 836 870 φύσεως
897 789 1011 846 οὐδ’
1074 790 1131 845 ἂν
1182 788 1323 846 εἷ’ποι
1374 814 1457 854 τις
1518 791 1641 846 ὅσον
1692 792 1822 867 ὑπὲρ
1881 790 2008 853 τοὺς

350 883 597 945 πολλοὺς
652 884 747 951 ἦν’
791 883 865 936 ὧν
917 886 1033 943 πῶς
1084 878 1341 956 ἀδακρυτὶ
1381 884 1479 951 τήν
1513 882 1720 936 τούτων
1752 878 2007 956 παρέλθω

357 975 601 1047 μνήμην,
661 970 749 1025 καὶ
807 973 881 1043 μή
948 992 1013 1043 με
1070 969 1407 1047 ἀφιλόσοφον
1470 969 1657 1046 ἐλέγξῃ
1712 969 1775 1024 τὸ
1838 968 2008 1030 πάθος

350 1063 495 1136 παρὰ
539 1063 637 1129 τὴν
683 1059 977 1134 ὑπόσχεσιν
1007 1060 1017 1114 !
1073 1056 1200 1113 ἀλλ’
1230 1057 1416 1129 ἐπειδή
1452 1080 1515 1134 γε
1545 1056 1858 1132 ἀποδημίας
1886 1078 2006 1112 και-

351 1148 443 1223 ρὸς
492 1146 686 1217 ἐδόκει,
739 1146 828 1202 καὶ
881 1147 1003 1202 τότε
1052 1152 1267 1223 πρῶτον
1319 1148 1411 1202 ἀπ’
1447 1146 1713 1218 ἀλλήλοιν
1749 1146 2007 1222 ἐσχίσθη-

353 1257 468 1312 μεν·
526 1238 634 1313 ἐγὼ
691 1238 783 1311 μὲν
831 1242 946 1298 τοῖς
995 1237 1131 1291 κατᾶ
1183 1236 1548 1307 Παλαιστίνην
1615 1235 2005 1313 έγκαταμείνας

349 1330 462 1402 (77)
521 1326 1233 1404 παιδευτηρίοιςπάνθοῦσι
1300 1327 1424 1382 τότε
1496 1329 1631 1382 κατά
1709 1326 2008 1402 ῥητορικῆς

348 1414 599 1493 {pango
633 1415 689 1472 δὶ
737 1418 833 1486 τήν
888 1413 1241 1491 Ἀλεξάνδρου
1288 1414 1452 1470 πόλιν
1500 1411 1843 1488 καταλαϐὼν,
1885 1437 2006 1470 παν·

346 1506 501 1568 τοίας
532 1504 862 1567 παιδεύσεως
891 1506 980 1560 καὶ
1010 1505 1135 1560 τότε
1179 1505 1269 1559 καὶ
1318 1510 1409 1559 νῦν
1458 1505 1616 1560 οὖσάν
1675 1527 1734 1560 τε
1780 1505 1869 1559 καὶ
1916 1503 2005 1560 δο-

346 1600 542 1650 κοῦσαν
591 1594 966 1671 ἐργαστήριον.
1003 1593 1064 1647 Τί
1112 1597 1347 1669 πρῶτον,
1395 1596 1429 1663 ἣ
1482 1593 1535 1647 τί
1587 1594 1835 1669 μέγιστον
1870 1591 2006 1648 εἷ’πω

343 1689 450 1738 τῶν
480 1683 683 1738 ἐκείνου
713 1682 932 1752 καλων;
966 1684 1035 1740 Τί
1070 1680 1127 1737 δὶ
1156 1685 1269 1756 (78)
1320 1683 1530 1758 παρεὶς,
1583 1684 1659 1755 μὴ
1718 1688 1796 1754 τῷ
1849 1683 2003 1758 μεγί-

346 1792 457 1844 στῳ
490 1773 755 1845 ζημιώσω
786 1772 878 1826 τὸν
909 1772 1075 1847 λόγον
1107 1791 1120 1840 ;
1154 1771 1243 1832 Τίς
1279 1772 1372 1843 μὶν
1408 1771 1612 1826 ἐκείνου
1658 1769 2005 1835 διδασκάλοις

344 1860 701 1937 πιστότερος;
752 1860 842 1922 Τίς
894 1858 951 1914 δὲ
995 1859 1143 1933 ἣλίξι
1205 1859 1710 1937 προσφιλέστεροςς
1764 1860 1853 1922 Τίς
1907 1862 2001 1934 μὶν
2034 1901 2081 1965 Β

350 1948 563 2021 μᾶλλον
615 1948 854 2027 ἀπέφυγε
902 1952 1013 2023 (79)
1053 1952 1151 2019 τὴν
1177 1954 1285 2005 τῶν
1321 1952 1619 2026 μοχθηρῶν
1651 1951 1882 2024 ἑταιρίαν
1913 1952 2001 2004 καὶ

347 2039 610 2113 ὁμελίαν;
660 2042 751 2103 Τίς
802 2038 859 2096 δὲ
903 2045 972 2115 τῇ
1002 2046 1111 2096 τῶν
1149 2040 1445 2116 βελτίστων
1479 2040 1664 2095 ἑαυτὸν
1698 2043 2002 2115 προσέθηκε

346 2130 537 2185 πλειον
590 2132 725 2204 (80),
781 2128 974 2192 ἄλλοις
1022 2152 1080 2185 τε
1126 2130 1215 2184 καὶ
1244 2135 1351 2185 τῶν
1387 2129 1445 2184 ἐκ
1472 2132 1567 2199 τῆς
1596 2127 1855 2207 πατρίδος
1886 2135 2001 2192 τοῖς

344 2216 805 2292 εὐδοκιμωτάτοις
837 2219 925 2295 καὶ
952 2218 1423 2295 γνωριμωτάτοις,
1460 2217 1617 2281 εἰδὼς
1667 2217 1792 2274 οὐδὲ
1838 2224 1999 2275 τοῦτο

342 2308 519 2385 φέρειν
558 2312 747 2383 μικρὸν
784 2308 859 2371 εἰς
1117 2311 1152 2378 ἣ
1180 2309 1367 2364 κακίαν
1408 2310 1503 2371 τὰς
1554 2309 1875 2377 σονουσίας;
1912 2309 1997 2379 Ἐξ

342 2398 415 2450 ὧν
442 2396 524 2459 τίς
559 2398 652 2469 μὲν
693 2394 953 2473 ἄρχουσιν
1008 2396 1213 2452 έκείνου
1264 2399 1632 2471 τιμιώτερος;
1691 2397 1775 2459 τίς
1827 2395 1884 2452 δὲ
1928 2402 1995 2473 τῇ

339 2484 499 2539 πόλει
548 2487 710 2559 πάσῃ,
744 2485 921 2540 καίτοι
968 2507 1028 2562 γε
1057 2489 1167 2560 (Si)
1198 2485 1285 2541 διὰ
1312 2488 1376 2541 τὸ
1411 2487 1638 2563 μέγεθος
1670 2489 1883 2542 πάντων
1919 2487 1999 2563 ἰγ-

338 2576 751 2650 κρυπτομένων,
802 2576 835 2643 ἣ
884 2574 969 2629 ἐπὶ
1031 2575 1347 2652 σωφροσύνῃ
1387 2576 1795 2652 γνωριμότερος
1828 2578 1997 2649 (82)ἣ

339 2663 424 2719 ἐπὶ
461 2663 659 2718 συνέσει
692 2664 1174 2741 περιφανέστερος;

2121 617 2400 682 instituti,
2437 623 2614 687 atque
2664 617 2721 671 in
2785 618 3025 685 hujusce
3083 616 3191 670 loci
3244 616 3595 687 disciplinis,
3630 619 3778 673 satis

2120 705 2416 760 exercitati
2452 711 2506 759 et
2538 706 2839 775 exculti,in
2871 706 3084 777 quibus
3106 704 3203 759 ille
3232 705 3451 777 ingenii
3485 706 3777 761 celeritate

2118 811 2184 849 ac
2219 795 2624 866 magnitudine
2653 794 2765 849 dici
2798 812 2910 850 non
2949 799 3138 866 potest
3187 810 3364 866 quam
3394 794 3565 867 longo
3598 796 3776 850 inter-

2119 882 2269 937 vallo
2303 883 2612 955 plerosque
2644 890 2775 955 post
2805 901 2865 939 se
2899 883 3293 955 relinqueret;
3328 900 3359 938 ο
3392 900 3644 953 quonam
3680 902 3779 955 pa-

2120 977 2212 1027 cto
2243 972 2450 1027 barum
2478 990 2670 1028 rerum
2706 974 3049 1028 memoriam
3080 974 3205 1028 sine
3238 972 3509 1044 lacrymis
3537 978 3775 1044 praeter-

2118 1062 2235 1126 ibo,
2270 1078 2373 1117 nec
2406 1078 2517 1130 me,
2552 1067 2754 1117 contra
2806 1078 2979 1132 quam
3030 1061 3326 1134 pollicitus
3376 1078 3531 1125 sum,
3565 1078 3771 1133 parum

2119 1150 2285 1205 fortis
2315 1150 2495 1205 animi
2528 1167 2656 1206 esse
2685 1150 2855 1205 dolor
2883 1150 3185 1206 ostendet!
3211 1167 3343 1205 curn
3370 1151 3495 1221 jam
3522 1151 3775 1222 peregri-

2119 1239 2377 1294 nationis
2428 1247 2657 1310 tempus
2701 1256 2828 1294 esse
2885 1239 3197 1308 videretur,
3230 1256 3295 1294 ac
3352 1244 3477 1294 tum
3514 1238 3771 1310 primum

2117 1327 2265 1383 alter
2295 1329 2367 1382 ab
2415 1327 2595 1383 altero
2644 1327 2907 1383 distracti
2953 1344 3197 1383 sumus:
3233 1344 3337 1399 ego
3383 1328 3665 1383 nimirum
3698 1329 3770 1382 ob

2116 1416 2259 1473 artis
2292 1418 2555 1473 oratoriae
2587 1434 2868 1485 amorem,
2901 1418 2959 1472 in
3012 1416 3331 1473 Palmstinaa
3369 1417 3607 1488 scholis,
3640 1421 3767 1472 tum

2118 1506 2782 1573 florentibus,moratus;
2807 1505 2905 1561 ille
2931 1510 3127 1561 autem
3152 1505 3564 1561 Alexandriam
3591 1506 3775 1577 profe-

2117 1601 2267 1662 ctus,
2301 1596 2601 1665 urbem,et
2631 1600 2770 1650 tunc
2800 1599 2856 1651 et
2884 1611 3039 1649 nunc
3071 1598 3457 1666 quoque,tum
3488 1611 3622 1650 vere
3642 1599 3769 1650 tum

2114 1686 2423 1741 hominum
2456 1685 3196 1751 existimatione,doctrinae
3227 1685 3419 1740 omnis
3446 1685 3769 1741 ofﬁcinam.

2115 1774 2260 1841 Quid
2296 1774 2575 1847 primum,
2610 1778 2712 1829 aut
2743 1775 2879 1845 quid
2934 1774 3253 1828 maximum
3284 1791 3353 1828 ex
3384 1773 3545 1828 illius
3580 1774 3769 1829 laudi-

2114 1864 2225 1919 bus
2256 1879 2709 1919 commemorem
2731 1863 2757 1917 ?
2787 1864 2901 1917 Aut
2932 1862 3069 1933 quid
3104 1862 3230 1917 sine
3259 1862 3607 1935 gravissimo
3633 1880 3768 1919 ora-

2112 1953 2290 2008 tionis
2322 1954 2535 2007 damno
2569 1952 3009 2023 pratermittam
3030 1951 3057 2005 ‘I
3086 1950 3227 2015 Quis
3258 1951 3357 2006 illo
3398 1952 3767 2023 praeceptori-

2112 2042 2222 2098 bus
2258 2041 2527 2097 ﬁdelior?
2560 2042 2700 2105 Quis
2733 2039 3053 2111 aequalibus
3076 2040 3438 2109 jucundior?
3467 2041 3606 2106 Quis
3648 2042 3768 2096 im-

2110 2131 2427 2202 proborum
2459 2128 2796 2185 societatem
2842 2134 2899 2184 et
2946 2129 3429 2184 consuetudinem
3462 2130 3651 2201 magis
3681 2130 3764 2185 vi-

2109 2219 2296 2275 tavit?
2324 2219 2465 2282 Quis
2495 2220 2853 2290 optimorum
2885 2218 3304 2285 virorum,cum
3340 2219 3611 2286 aliorum,
3632 2222 3759 2275 tum

2108 2308 2468 2365 celeberrimi
2501 2309 2789 2380 cujusque
2845 2324 2912 2363 ex
2958 2307 3146 2379 patria
3193 2312 3249 2362 et
3290 2306 3641 2363 nobilissimi
3675 2309 3764 2364 fa-

2108 2397 2430 2453 miliaritati
2490 2413 2618 2453 sese
2675 2396 2865 2468 magis
2915 2396 3222 2466 adjunxit?
3278 2396 3405 2452 Non
3453 2397 3763 2468 ignorabat

2107 2504 2270 2555 sane,
2302 2488 2373 2542 ad
2423 2487 2697 2542 virtutem
2755 2490 2857 2542 aut
2913 2485 3122 2541 vitium
3174 2486 3475 2558 permagni
3524 2487 3756 2555 referre,

2106 2594 2238 2632 cum
2282 2577 2497 2648 quibus
2551 2576 2845 2648 quispiam
2896 2575 3245 2629 consuescit.
3278 2577 3465 2647 Atque
3513 2575 3755 2645 idcirco,

2105 2667 2238 2738 quis
2269 2667 2423 2738 apud
2458 2665 2730 2737 praesides
2762 2664 3143 2719 honoratior?
3171 2665 3288 2718 [mo
3310 2664 3443 2735 quis
3475 2665 3756 2720 universae

338 2754 470 2810 urbi
506 2754 792 2825 (quamvis
825 2755 1137 2810 sublimior
1175 2772 1416 2828 prorsus
1448 2772 1515 2811 ac
1544 2756 1873 2813 abstrusior
1902 2756 2091 2829 ipsius
2120 2756 2423 2825 doctrina),
2457 2759 2559 2811 aut
2591 2755 2662 2810 ob
2692 2754 3142 2825 temperantiam
3172 2752 3400 2821 clarior,
3434 2757 3536 2809 aut
3564 2754 3638 2807 ob
3667 2753 3754 2809 in-

340 2844 494 2916 genii
527 2845 906 2915 sagacitatem
938 2845 1273 2901 illustrior?

415 2950 483 3005 Z'.
509 2954 672 3003 [ιοῖον
708 2950 801 3022 μὶν
846 2947 986 3011 εἶδος
1022 2950 1122 3005 οὐκ
1164 2948 1370 3019 ἐπῆλθε
1415 2947 1784 3014 παιδεύσεωςι
1849 2950 1989 3024 μᾶλ-

2175 2953 2296 3009 VII.
2331 2952 2633 3018 Quodnam
2676 2950 2955 3006 doctrina
3003 2966 3189 3023 genus
3237 2967 3350 3006 non
3385 2948 3758 3022 peragravit?

345 3034 441 3091 λον
477 3034 532 3090 δὲ
561 3042 743 3109 ποῖον,
775 3038 848 3099 ὡς
900 3036 1025 3093 οὐδὲ
1077 3038 1240 3112 μόνον
1283 3036 1467 3115 ἕτερος
1490 3059 1502 3108 ;
1525 3039 1635 3094 Τίνι
1669 3038 1726 3095 δὲ
1757 3049 1996 3117 παρῆκεν

341 3124 500 3200 ἐγγὺς
550 3126 713 3180 αύτοῦ
760 3127 1016 3201 γενέσθαι,
1068 3127 1158 3181 καὶ
1202 3129 1337 3183 κατὰ
1392 3130 1583 3204 μικρὸν
1633 3132 1768 3203 (83),
1805 3131 1879 3203 μὴ
1913 3130 1997 3185 ὅτι

335 3219 443 3269 τῶν
474 3216 591 3268 καθ’
644 3216 829 3269 ἑαυτὸν
880 3216 967 3269 καὶ
999 3223 1097 3285 τῆς
1127 3216 1294 3285 αὐτῆς
1324 3216 1564 3289 ἡλικίας,
1598 3217 1742 3272 ἀλλὰ
1771 3218 1857 3273 καὶ
1889 3224 1996 3273 τῶν

326 3295 733 3376 πρεσϐυτέρων,
764 3301 854 3355 καὶ
884 3300 1259 3377 παλαιοτέρων
1290 3303 1342 3358 έν
1374 3309 1491 3365 τοῖς
1543 3307 1830 3379 μαθήμασι
1856 3325 1870 3375 ;
1903 3307 1992 3361 καὶ

329 3388 504 3443 πάντα
562 3390 638 3450 ὡς
684 3390 740 3443 ἓν
788 3390 1103 3462 ἐξασκήσας,
1158 3391 1247 3446 καὶ
1309 3392 1423 3447 ἀντὶ
1474 3394 1688 3449 πάντων
1748 3391 1993 3449 ἕκαστον

325 3480 451 3539 τοὺς
505 3479 597 3551 μὶν
644 3479 886 3547 πτηνοὺς
934 3481 1031 3548 τήν
1068 3481 1223 3558 φύσιν
1258 3481 1558 3559 φιλοπονίᾳ
1587 3486 1835 3556 νικήσας,
1866 3484 1993 3547 τοὺς

328 3566 385 3622 δὶ
440 3569 711 3643 γενναίους
758 3571 859 3638 τὴν
912 3572 1137 3641 ἄσκησιν
1190 3568 1429 3634 διανοίας
1479 3574 1738 3644 ὀξύτητι·
1777 3574 1989 3647 μᾶλλον

331 3653 388 3711 δὲ
417 3658 573 3732 τάχει
610 3659 703 3730 μὶν
735 3660 862 3721 τοὺς
892 3666 1105 3735 ταχεῖς,
1141 3658 1349 3735 σπουδῇ
1383 3660 1439 3716 δὲ
1480 3662 1607 3725 τοὺς
1658 3664 1990 3740 φιλοπόνους

328 3741 673 3820 ὑπερϐαλὼν,
723 3749 809 3802 καὶ
855 3749 983 3811 τους
1032 3753 1146 3804 κατ’
1193 3752 1357 3829 ἄμφω
1397 3750 1601 3822 δεξιοὺς
1634 3752 1987 3830 ἀμφοτέροις.

325 3835 667 3909 Γεωμετρίας
715 3838 809 3910 μέν
862 3858 926 3913 γε
976 3839 1066 3892 καὶ
1103 3838 1492 3914 ἀστρονομίας,
1524 3841 1612 3895 καὶ
1642 3849 1743 3911 τῆς
1779 3841 1989 3897 ἐπικιν-

324 3921 487 3978 δύνου
517 3930 636 3987 τοῖς
669 3924 864 3988 ἄλλοις
896 3925 1253 3995 παιδεύσεως,
1289 3927 1413 3983 ὅσον
1447 3932 1725 4005 χρήσιμον
1769 3928 1984 4001 ἐκλεξά-

328 4033 510 4084 μενος,
558 4019 720 4069 τοῦτο
773 4012 831 4069 δὲ
864 4015 932 4085 ἦν
979 4014 1038 4069 ἐκ
1062 4023 1163 4085 τῆς
1185 4021 1293 4071 τῶν
1329 4017 1595 4090 οὐρανίων
1628 4018 1987 4095 εύαρμοστίας

322 4100 413 4172 κᾳὶ
442 4100 645 4172 τάξεως
690 4103 780 4157 τὸν
829 4101 1170 4179 δημιουργὸν
1218 4103 1510 4177 θαυμάσαι,
1556 4106 1680 4161 ὅσον
1719 4103 1982 4183 βλαϐερὸν

320 4190 528 4259 ταύτης
588 4188 831 4269 διέφυγεν
860 4213 870 4224 ·
935 4192 997 4247 οὐ
1056 4197 1091 4268 ᾖ
1144 4215 1285 4271 φορᾳ
1327 4200 1432 4249 τῶν
1462 4193 1669 4269 ἄστρων
1705 4194 1891 4260 διδοὺς
1921 4199 1987 4252 τὰ

2108 3042 2226 3098 imo
2255 3043 2549 3113 quodnam
2579 3046 2684 3107 est,
2721 3041 2874 3112 quod
2924 3057 3039 3095 non
3075 3047 3133 3095 ut
3180 3057 3253 3095 ne
3301 3056 3483 3095 unum
3516 3039 3753 3111 quidem

2107 3131 2305 3187 alius?
2335 3131 2581 3186 Cuinam
2617 3134 2811 3185 autem
2843 3129 3153 3195 concessit,
3190 3132 3255 3183 ut
3311 3129 3380 3183 ad
3416 3129 3632 3200 ipsum,
3666 3128 3757 3183 vel

2103 3221 2401 3276 tantillum
2430 3221 2944 3291 appropinquaret,
2969 3235 3082 3273 non
3118 3218 3408 3273 sodalium
3441 3222 3669 3274 tantum
3704 3221 3762 3273 et

2104 3310 2439 3382 aequalium,
2475 3310 2576 3365 sed
2626 3309 2803 3364 etiam
2864 3309 3153 3379 majorum
3212 3313 3376 3374 natu,
3410 3311 3465 3363 et
3496 3306 3597 3378 qui
3628 3306 3761 3378 plus

2103 3399 2386 3471 temporis
2410 3397 2469 3453 in
2493 3397 2821 3452 litterarum
2847 3396 3059 3452 studiis
3083 3395 3756 3468 consumpserant‘INam

2102 3492 2160 3543 et
2188 3488 2386 3543 omnia
2415 3492 2482 3543 ut
2524 3504 2709 3542 unum
2758 3486 3103 3552 excolueral,
3138 3491 3195 3541 et
3245 3485 3476 3555 singula
3520 3502 3757 3540 rursum

2104 3582 2170 3632 ut
2198 3578 2415 3632 omnia.
2474 3581 2545 3630 At
2577 3582 2641 3630 ut
2695 3575 2913 3630 volucri
2972 3575 3205 3646 ingenio
3237 3574 3529 3645 praeditos,
3562 3574 3757 3628 studio

2101 3670 2159 3721 et
2188 3666 2510 3737 diligentia,
2566 3666 2649 3719 ita
2706 3664 3004 3719 studiosos
3062 3668 3118 3719 et
3166 3663 3489 3717 industrios
3539 3662 3757 3734 ingenii

2101 3754 2398 3809 celeritate
2431 3753 2785 3825 superabat:
2819 3752 2927 3822 vel,
2963 3756 3028 3807 ut
3085 3751 3302 3807 rectius
3342 3750 3567 3822 loquar,
3601 3751 3754 3807 202

2099 3843 2439 3915 ingeniosos
2502 3844 2758 3913 ingenio,
2818 3846 2874 3897 et
2929 3841 3253 3897 laboriosos
3309 3840 3524 3909 studio,
3557 3845 3613 3895 et
3658 3857 3757 3896 eos

2100 3934 2200 4004 qui
2262 3938 2509 4003 utraque
2569 3949 2628 3986 re
2687 3930 3003 4003 pollebant,
3057 3934 3303 4000 utraque
3368 3928 3755 4000 praecellebat.

2095 4024 2283 4093 Atque
2312 4037 2377 4075 ex
2408 4019 2729 4092 geometria
2760 4019 3022 4091 quidem,
3056 4022 3114 4072 et
3145 4017 3524 4079 astronomia,
3558 4021 3614 4071 et
3646 4017 3753 4072 do-

2096 4110 2284 4165 ctrina
2316 4110 2447 4165 aliis
2476 4108 2821 4181 periculosa,
2862 4124 3020 4174 cum,
3080 4105 3364 4177 quidquid
3413 4104 3554 4160 utile
3606 4110 3752 4173 erat,

2097 4195 2447 4268 collegisset,
2502 4196 2612 4250 hoc
2668 4200 2779 4262 est,
2829 4200 2893 4250 ut
2942 4212 3009 4250 ex
3067 4210 3374 4265 corporum
3425 4192 3751 4249 caelestium

320 4274 446 4334 ὅντα
492 4279 582 4335 καὶ
629 4282 697 4335 τὰ
746 4280 1028 4356 γινόμενα,
1080 4283 1154 4344 ὡς
1204 4284 1260 4337 οἱ
1298 4285 1395 4352 τήν
1430 4282 1737 4357 ὁμόδουλον
1772 4287 1981 4349 ἑαυτοῖς

2107 4290 2380 4341 concentu
2441 4290 2615 4357 atque
2668 4285 2872 4340 ordine
2948 4285 3278 4340 Creatorem
3338 4283 3749 4351 admiraretur,

318 4370 432 4442 (84)
488 4369 660 4424 κτίσιν
730 4370 1102 4433 έπανιστάντες
1169 4377 1247 4445 τῷ
1313 4373 1577 4442 κτίσαντι,
1626 4380 1741 4447 Θεῷ
1791 4374 1846 4430 δὲ
1892 4369 1982 4431 καἰ

316 4456 496 4512 τᾶλλα
541 4459 735 4532 πάντα,
788 4459 969 4535 ὥσπερ
1001 4459 1167 4531 εἰκὸς,
1201 4462 1490 4535 ἀνατιθεὶς,
1522 4464 1610 4518 καὶ
1642 4466 1742 4533 τὴν
1772 4466 1980 4520 τούτων

316 4545 566 4615 κίνησινο
616 4548 863 4623 ἀριθμῶν
910 4547 968 4604 δὲ
1010 4551 1100 4604 καὶ
1146 4548 1453 4625 λογισμῶν,
1503 4552 1592 4606 καὶ
1637 4559 1737 4621 τῆν
1769 4556 1981 4627 θαυμα-

320 4633 440 4696 σίας
494 4634 766 4711 ἶατρικῆς,
818 4639 917 4708 ὅση
974 4640 1041 4693 τὰ
1093 4639 1216 4711 περὶ
1264 4639 1469 4717 φύσεις,
1503 4640 1592 4693 καὶ
1624 4643 1859 4716 κράσεις,
1892 4643 1981 4697 καὶ

316 4723 415 4784 τὰς
448 4724 624 4799 ἀρχὰς
654 4726 763 4780 τῶν
796 4728 1127 4799 νοσημάτων
1158 4726 1467 4805 φιλοσοφεῖ,
1492 4728 1629 4782 ὥστε
1656 4735 1775 4791 ταῖς
1807 4730 1980 4805 ῥίζαις

318 4810 739 4888 ἀναιρουμέναις
794 4818 1166 4871 συνεκκόπτειν
1213 4817 1302 4871 καὶ
1349 4816 1416 4871 τὰ.
1467 4815 1848 4892 βλαστήματα,
1898 4819 1979 4879 τίς

316 4896 491 4959 οὕτως
550 4899 765 4972 ἀμαθὴς
822 4902 855 4971 ἥ
912 4901 1243 4980 φιλόνεικος,
1301 4904 1376 4965 ὡς
1438 4903 1625 4977 ἐκείνῳ
1686 4902 1869 4960 δοῦναι
1912 4906 1980 4959 τὰ

317 4981 561 5061 δεύτερα,
622 4990 712 5043 καὶ
768 4992 844 5063 μή
905 4991 1137 5067 ἀγαπᾷν,
1199 4992 1245 5047 εἷ
1295 4994 1409 5066 μετ’
1442 4992 1644 5049 ἐκεῖνον
1679 4992 1833 5056 εὐθὺς
1865 4994 1979 5070 ἀρι-

385 5210 500 5352 (75)
531 5213 630 5265 Καὶ
660 5210 1057 5287 παιδευθέντες,
1102 5217 1276 5273 Deest
1302 5217 1362 5271 in
1396 5217 1536 5290 Reg.
1571 5235 1623 5273 a.

406 5285 499 5352 76)
532 5284 619 5336 Ἐν
653 5286 737 5345 οἷς
770 5285 990 5349 ἐκεῖνος.
1024 5290 1109 5343 Ita
1167 5290 1307 5352 Reg.
1372 5289 1472 5352 hu,
1532 5289 1623 5345 Coi

406 5285 499 5360 76)
532 5284 619 5360 Ἑν
653 5286 737 5345 οἷς
770 5285 990 5360 ἐκεῖνος.
1024 5284 1109 5343 ita
1167 5290 1307 5360 Reg.
1347 5284 1706 5360 ,hu,',Coisl.
1768 5291 1790 5346 Ι
1829 5294 1886 5345 et
1915 5294 1968 5358 2,

314 5351 495 5431 Or._i,
531 5356 745 5431 aliique
782 5359 997 5431 plures.
1040 5361 1188 5415 Edit.
1227 5351 1284 5413 ἐν
1313 5359 1392 5420 οἷς
1425 5351 1674 5421 ἐκείνοις.

407 5425 498 5505 Τζ)
533 5425 971 5501 Ἐγκαταμείνας.
1025 5434 1165 5487 Tres
1223 5433 1427 5505 Regg.,
1474 5438 1593 5488 tres
1642 5432 1779 5488 Colb
1812 5477 1825 5501 ,
1860 5438 1968 5489 etc.

386 5424 498 5495 (77)
533 5424 971 5501 Ἐγκαταμείνας.
1025 5434 1069 5487 Τ

312 5489 590 5565 ἐμμείνας.
1068 5556 1071 5559 λ

382 5515 590 5637 (ἓξ)ᾚὲ
618 5566 690 5625 δέ.
730 5572 824 5628 Or.
859 5575 908 5636 1,
939 5572 991 5625 τί
1024 5556 1133 5629 az.
1168 5575 1230 5629 In
1262 5575 1400 5630 edit.
1435 5576 1597 5630 deest
1628 5570 1706 5630 δέ.

315 5639 780 5781 μἔὲἶῖὲνιΜαλλον
838 5642 1093 5719 ἀπέφυγε.
1157 5646 1295 5720 Reg_
1358 5648 1477 5715 διο,
1540 5648 1659 5703 αθ..
1729 5646 1974 5724 ἀπὲφυγε

485 5517 590 5557 νας.

2097 4375 2381 4448 quidquid
2416 4375 2656 4431 noxium
2688 4380 2744 4429 et
2777 4374 3085 4429 exitiosum
3111 4378 3256 4439 erat,
3279 4372 3515 4445 effugit;
3542 4388 3752 4443 nempe

2093 4481 2162 4521 ea
2191 4482 2318 4536 quas
2352 4469 2508 4529 sunt,
2544 4481 2609 4519 ac
2641 4463 3169 4531 ﬁunt,ad,siderum
3196 4466 3419 4517 motum
3447 4462 3751 4533 haudqua-

2090 4568 2265 4622 quam
2300 4552 2577 4616 referens,
2612 4552 3109 4622 quemadmodum
3168 4551 3206 4604 ii
3262 4550 3360 4616 qui
3410 4566 3750 4604 conservam

2091 4656 2260 4694 suam
2294 4645 2622 4693 creaturam
2685 4640 2966 4694 adversus
3026 4640 3358 4693 Creatorem
3409 4638 3748 4705 concitant;

2087 4744 2315 4797 verum,
2350 4733 2414 4782 ut
2444 4728 2557 4783 alia
2587 4728 2805 4794 omnia,
2853 4728 2936 4782 sic
2966 4744 3168 4782 eorum
3225 4742 3458 4798 quoque
3498 4731 3745 4798 motum,

2091 4822 2154 4872 ut
2187 4835 2292 4889 par
2321 4822 2434 4885 est,
2469 4817 2677 4874 divinis
2731 4816 3103 4888 providentiae
3154 4816 3503 4871 attribuens.
3540 4816 3601 4869 In
3634 4832 3747 4870 nu-

2091 4908 2268 4962 meris
2298 4912 2495 4962 autem
2529 4912 2585 4962 et
2634 4906 3172 4979 supputationibus,
3225 4910 3397 4976 atque
3427 4920 3494 4958 ea
3522 4903 3746 4962 eximia:

2088 4997 2234 5053 artis
2266 4997 2503 5053 medicis
2536 5002 2721 5070 parte,
2765 5014 2892 5071 quas
2960 4997 3017 5052 in
3052 4995 3278 5052 naturis
3334 5010 3400 5051 ac
3455 4997 3745 5068 tempera-

2159 5222 2267 5294 (80)
2302 5219 2619 5294 ΙΙροσέθηκε
2648 5219 2856 5277 πλεῖον.
2890 5223 3008 5278 Jes.
3043 5222 3351 5294 προσέθηκε
3392 5218 3582 5294 πλέον.

2154 5293 2266 5366 (81)
2302 5290 2497 5366 Καίτοι
2519 5313 2599 5365 γε,
2650 5300 2758 5349 etc.
2793 5294 3022 5360 Billius,
3059 5290 3093 5344 ‹‹’
3119 5292 3389 5364 quamvis
3420 5292 3641 5366 alioqui
3672 5295 3745 5349 ob

2082 5363 2271 5437 ipsius
2305 5363 2773 5435 magnitudinem
2832 5383 3037 5421 omnes
3096 5363 3327 5422 obscuri
3375 5363 3741 5437 atque'inco-

2084 5435 2231 5506 gniti
2264 5440 2483 5490 essent.
2522 5459 2547 5484 »ι

2299 5506 3427 5600 ΞνωριμότεροςᾋΟῐδλμι,γνωριμώτερΙος.

2155 5579 2265 5653 (83)
2300 5578 2447 5653 βατᾶ
2480 5578 2690 5653 μικρον.
2724 5578 3407 5653 (ξοωὺθῖξπαρὰμικρόν.

2155 5599 2265 5648 (Οὐ)
2301 5599 2447 5635 λατο.
2480 5599 2690 5652 μικρον.
2724 5599 2982 5636 υοωοθῐ.
3016 5599 3161 5653 παρα
3193 5600 3290 5651 μικ
3329 5599 3407 5635 Ονο

2154 5650 2565 5724 (δωἙαυτοῖς.
2599 5652 2692 5707 Sic
2742 5652 2920 5724 Regg.
2984 5671 3036 5720 a,
3089 5656 3209 5721 bm,
3271 5599 3369 5710 δι’.
3423 5655 3473 5719 1,
3504 5657 3561 5708 et
3613 5652 3734 5709 Jes.

2082 5719 2256 5791 Editi,
2291 5719 2507 5795 έαυτῆς.
