4070 6414
348 434 467 494 765

422 563 495 617 ϐ’.
530 560 669 633 Φέρε
705 554 845 630 μηδὲ
881 560 1048 610 τοῦτο
1077 558 1183 609 τῶν
1232 554 1521 626 Καισαρίου
1567 551 1751 607 καλῶν
1805 546 2005 622 παρέλ-
2038 553 2094 618 Α

351 653 555 723 θιυςλεν,
590 647 619 702 ὅ
649 652 769 707 τοῖς
806 646 899 717 μὲν
935 642 1131 705 ἄλλοις
1166 642 1290 704 ἴσως
1324 642 1540 717 μικρὸν,
1581 642 1670 694 καὶ
1720 637 1844 693 οὐδὲ
1879 658 2009 710 μνη-

355 752 463 810 μης
495 740 663 811 ἄξιον,
696 735 819 808 ἐμοὶ
872 732 928 788 δὲ
970 734 1057 787 καὶ
1102 733 1225 787 τότε
1254 732 1342 786 καὶ
1384 736 1475 785 νῦν
1528 732 1780 805 μέγισνον
1812 724 2010 799 ἔδοξεν,

353 827 504 903 εἴπερ
551 830 656 881 τῶν
708 824 998 878 ἐπαινετῶν
1049 823 1082 891 ἡ
1139 818 1489 899 φιλαδελφία,
1521 820 1611 874 καὶ
1644 819 1705 873 οὐ
1734 817 2013 889 παύσομαι

350 916 517 980 τιθεὶς
569 915 620 970 ἐν
668 914 933 989 πρώτοις,
994 911 1179 972 ὁσάκις
1226 909 1283 964 ἃν
1316 912 1382 965 τὰ
1413 909 1612 964 ἐκείνου
1644 906 2010 981 ἐκδιηγῶμαι.

355 1010 587 1080 Κατεῖχε
622 1004 714 1075 μὲν
743 1001 901 1055 αὐτὸν
935 1001 1019 1061 αῖς
1072 999 1224 1053 εἶπον
1255 1004 1445 1073 τιμαῖς
1474 1001 1508 1068 ἡ
1544 996 1730 1066 πόλις,
1762 996 1852 1051 καὶ
1901 991 2015 1049 οὐδ’

354 1094 412 1149 ἂν
448 1092 503 1147 εἷ’
542 1114 592 1147 τι
642 1094 757 1162 (96)
804 1089 1015 1166 γένοιτο
1050 1090 1302 1161 μεθήσειν
1341 1085 1562 1165 ἔφασκεν
1591 1106 1601 1120 ’
1655 1087 1765 1161 ἐγὼ
1802 1082 1859 1140 δὲ
1888 1084 2012 1146 ἀνθ-

353 1183 527 1238 έλκων
566 1181 780 1257 ξ’σχυσα,
832 1181 859 1233 ὁ
908 1180 1082 1233 πάντα
1132 1178 1407 1253 Καισαρίῳ
1456 1176 1635 1238 πολὺς
1683 1176 1771 1230 καὶ
1803 1174 2012 1247 τίμιος,

352 1272 440 1326 καὶ
473 1278 590 1332 τοῖς
638 1274 853 1345 γονεῦσι
884 1270 984 1336 τὴν
1026 1268 1196 1343 εὐχὴν
1230 1265 1543 1342 πληρῶσαι.
1575 1266 1664 1320 καὶ
1695 1266 1764 1336 τῇ
1793 1261 2012 1338 πατρῖδι

350 1362 414 1415 τὸ
462 1356 654 1435 χρέος,
706 1357 794 1412 καὶ
841 1357 1059 1429 ἐμαυτῴ
1107 1356 1195 1409 τὸν
1249 1355 1414 1409 πόθον
1442 1374 1455 1387 ·
1508 1350 1691 1408 λαϐὼν
1744 1360 1844 1422 τῆς
1886 1349 2014 1406 ὁδοῦ

352 1449 615 1504 κοινωνὸν
650 1447 736 1502 καὶ
770 1449 1133 1520 συνέμπορον,
1166 1444 1255 1498 καὶ
1304 1444 1669 1519 προτιμηθεὶς
1704 1442 1764 1496 οὐ
1796 1442 2012 1496 πόλεων

354 1539 443 1592 καὶ
478 1536 670 1609 δήμων
709 1535 896 1609 μόνον,
928 1532 1051 1589 οὐδὲ
1079 1537 1256 1606 τιμῶν
1306 1535 1395 1587 καὶ
1445 1534 1654 1608 πόρων,
1706 1530 1756 1586 ο’ί
1805 1530 2014 1585 πολλοί

354 1627 443 1680 καὶ
476 1626 826 1699 πολλαχόθεν
860 1625 912 1677 οἱ
948 1625 1039 1695 μὲν
1074 1622 1354 1698 συνέρρεον
1390 1622 1598 1695 ἐκείνῳ,
1650 1621 1701 1675 οἱ
1751 1618 1808 1675 δὲ
1851 1619 2017 1689 ἠλπί-

356 1719 539 1784 ζοντο,
601 1712 750 1768 ἀλλὰ
790 1711 877 1767 καί
939 1712 1101 1767 αὐτοῦ
1158 1711 1426 1786 βασιλέως
1476 1709 1692 1786 σχεδὸν,
1757 1711 1847 1764 καὶ
1906 1713 2012 1763 τῶν

356 1803 555 1866 ἐκεῖθεν
607 1802 990 1876 ἐπιταγμάτων
1044 1804 1176 1875 (97).
1231 1802 1498 1855 Ἐντεῦθεν
1551 1799 1655 1874 ἐγὼ
1710 1800 1803 1873 μὶν
1856 1796 2015 1876 φιλο-

360 1896 542 1970 σοφεῖν
592 1888 837 1966 διέγνων,
895 1891 985 1945 καὶ
1034 1890 1170 1966 πρὸς
1220 1890 1308 1944 τὸν
1345 1890 1451 1943 ἀνω
1488 1890 1604 1965 βίον
1641 1890 2017 1963 μεθαρμοσθῆ-

356 2002 467 2046 ναι,
502 1979 681 2053 ὥσπερ
730 1981 850 2033 τινὰ
901 1978 1064 2054 βαρὺν
1121 1976 1386 2048 δεσπότην
1423 1978 1513 2032 καὶ
1545 1977 1882 2053 ἀρρώστημα
1913 1996 2019 2051 χα-

361 2067 548 2141 λεπὸν,
599 2074 769 2123 πᾶσαν
823 2065 1142 2146 φιλοτιμίαν
1191 2067 1656 2140 ἀποσεισάμενος·
1714 2064 2017 2139 μᾶλλονδὲ

359 2158 387 2213 ὁ
424 2158 518 2231 μὲν
551 2157 718 2220 πόθος
750 2152 1133 2233 πρεσϐύτερος,
1168 2158 1195 2212 ὁ
1230 2154 1286 2211 δὲ
1330 2156 1448 2231 βίὸς
1499 2155 1721 2230 ὒστερος
1748 2176 1761 2187 ·
1814 2156 1904 2209 τὸν
1960 2153 2017 2210 δὲ

356 2249 422 2303 τὰ
467 2249 660 2323 πρῶτα
714 2250 812 2316 τῆς
870 2244 1200 2307 παιδεύσεως
1259 2245 1512 2309 ἀναθέντα
1561 2250 1630 2319 τῇ
1690 2245 1880 2300 ἑαυτοῦ
1912 2264 2014 2298 πα-

354 2335 520 2410 τρίδι,
565 2336 654 2391 καὶ
706 2334 1080 2407 θαυμασθέντα
1120 2338 1228 2389 τῶν
1275 2334 1456 2389 πόνων
1509 2333 1688 2404 ἀξίως,
1726 2333 1861 2406 μετά
1888 2338 2015 2388 τοῦ·

354 2447 421 2480 το
454 2422 614 2495 δόξης
646 2423 907 2495 ἐπιθυμία
936 2423 1024 2477 καὶ
1056 2428 1152 2477 τοῦ
1183 2422 1563 2498 προστατεύειν
1616 2424 1727 2496 (98)
1766 2429 1867 2491 τῆς
1911 2423 2013 2477 πό-

358 2511 521 2581 λεως,
572 2512 645 2575 ὠς
699 2511 796 2585 ἐμέ
843 2534 907 2587 γε
956 2512 1248 2579 συνέπειθε,
1282 2518 1398 2573 τοῖς
1434 2511 1732 2587 βασιλείοις
1768 2509 2011 2577 δίδωσιν,

357 2602 420 2657 οὐ
470 2601 604 2656 πάνυ
663 2601 756 2675 μὶν
818 2603 953 2674 ἡμῖν
1014 2600 1145 2677 φίλα
1204 2606 1486 2673 ποιοῦντα,
1543 2602 1633 2655 καὶ
1691 2601 1827 2655 κατά
1866 2601 2012 2677 γνώ-

357 2712 465 2764 μην
516 2693 665 2764 (99)⁸
726 2688 814 2745 καὶ
872 2690 975 2764 γάρ
1034 2688 1458 2765 ἀπολογήσομαι
1517 2690 1651 2764 πρὸς
1712 2690 1873 2761 ὑμᾶς,
1929 2688 2011 2743 ὅτι

351 2778 661 2835 πολλοστὸν
708 2780 966 2854 τετάχθαι
1014 2778 1160 2855 παρά
1209 2784 1323 2851 Θεῷ
1370 2784 1613 2855 κρεῖττον
1682 2779 1812 2833 εἶναι
1866 2776 2015 2833 δοκεῖ

352 2890 412 2923 τε
442 2871 517 2942 (1)
574 2868 664 2924 καὶ
726 2868 1065 2942 ὑψηλότερον
1112 2870 1145 2937 ἣ
1192 2868 1338 2943 παρὰ
1381 2868 1461 2939 τῷ
1509 2889 1657 2923 κατω
1705 2866 1918 2943 βασιλεῖ
1945 2869 2013 2923 τὰ

356 2962 547 3033 πρῶτα
591 2956 860 3035 φέρεσθαι,
922 2957 982 3012 οὐ
1038 2959 1142 3029 μὴν
1194 2954 1339 3029 ἄξιός
1497 2978 1560 3031 γε
1602 2959 1884 3032 μέμψεωςε
1918 2963 2014 3011 Φι-

360 3045 612 3123 λοσοφεῖν
669 3046 761 3119 μὲν
813 3046 916 3121 γὰρ
966 3044 1077 3118 ὅσῳ
1140 3045 1410 3122 μέγιστον,
1438 3046 1682 3118 τοσούτῳ
1719 3048 1809 3100 καὶ
1841 3044 2011 3120 χαλε-

354 3136 626 3200 πώτατον,
657 3135 746 3188 καὶ
780 3134 842 3188 οὐ
874 3132 1100 3189 πολλῶν
1130 3135 1190 3188 τὸ
1222 3134 1547 3210 ἐγχείρημα,
1598 3132 1712 3189 οὐδ’
1762 3133 1947 3189 ἄλλων
1979 3137 2013 3204 ἣ

350 3228 459 3278 τῶν
514 3224 616 3277 ὑπὸ
665 3229 766 3292 τῆς
813 3223 955 3285 θείας
1004 3223 1468 3297 προκικλημένων
1514 3226 1591 3296 (3)
1626 3223 2007 3299 μεγαλονοίας,

349 3314 383 3382 ἣ
412 3318 527 3375 τοῖς
561 3312 964 3387 προῃρημένοις
998 3316 1074 3385 (4)
1114 3312 1296 3374 καλῶς
1338 3318 1500 3389 χεῖρα
1531 3310 1748 3368 δίδωσιν
1777 3333 1788 3345 ⁸
1822 3313 1882 3367 οὐ
1917 3334 2005 3385 μι-

347 3402 475 3475 κρὸν
512 3399 569 3455 δὲ
600 3399 778 3471 εἷ’τις,
818 3402 910 3456 τὸν
948 3398 1193 3476 δεύτερον
1240 3403 1687 3476 προστησάμενος
1741 3402 1878 3477 βίον,
1912 3423 2006 3456 κα-

351 3490 673 3565 λοκάγαθίας
729 3496 1103 3563 μεταποιοῖτο,
1150 3490 1238 3545 καί
1284 3490 1461 3545 πλείω
1501 3490 1666 3565 λόγον
1718 3490 1841 3566 ἔχοι
1874 3490 2007 3546 Θεοῦ

350 3577 439 3632 καὶ
465 3584 564 3646 τῆς
594 3578 782 3632 ἑαυτοῦ
840 3578 1113 3651 σωτηρίας
1167 3580 1200 3646 ἣ
1244 3586 1345 3647 τῆς
1393 3579 1541 3632 κάτω
1574 3576 1967 3651 λαμπρότητος
1990 3588 2003 3611 ⁵

351 3666 439 3720 καὶ
466 3668 563 3735 τήν
601 3667 693 3739 μὲν
735 3670 811 3741 (5)
843 3667 916 3728 ὡς
960 3668 1163 3737 σκηνὴν
1209 3662 1608 3742 προϐάλλοιτο,
1661 3666 1694 3735 ἥ
1744 3689 1795 3721 τι
1837 3688 2005 3743 προσ-

355 3761 552 3809 ωπεῖον
584 3760 690 3810 τῶν
736 3754 963 3811 πολλῶν
1014 3756 1105 3810 καὶ
1157 3757 1529 3830 προσκαίρων,
1578 3757 1641 3809 τὸ
1671 3760 1769 3810 τοῦ
1794 3757 2006 3830 κόσμου

348 3843 544 3899 τούτου
599 3844 779 3920 δρᾶμα
828 3844 1276 3921 ὑποκρινόμενος,
1310 3845 1466 3906 αὐτὸς
1512 3842 1569 3899 δὲ
1601 3846 1731 3917 ζῲοι
1764 3850 1878 3916 Θεῴ
1913 3864 2008 3919 με·

348 3935 414 3988 τὰ
442 3936 538 4002 τῆς
569 3934 798 4001 εἰκόνος,
921 3931 1035 3988 οἶδε
1082 3939 1205 4008 παρ’
1254 3932 1459 3987 ἐκείνου
1506 3930 1689 3988 λαϐὼν
1737 3934 1826 3988 καὶ
1865 3934 2008 4012 ὀφεί-

352 4020 461 4077 λων
520 4027 599 4093 τῷ
656 4020 956 4077 δεδωκότι’
1016 4021 1149 4097 ὅπερ
1200 4021 1390 4094 ἀμέλει
1432 4022 1519 4077 καὶ
1572 4022 1857 4098 Καισάριον
1892 4021 2006 4077 δια-

350 4112 613 4179 νοηθέντα
638 4112 1000 4186 γινώσκομεν.

1142 422 1435 487 ORATIO
1478 424 1613 485 VII.
1647 444 1725 467 ν-ι-
1752 421 1831 480 lN
1877 417 2204 481 LAUDEM
2247 416 2583 476 CBSARII
2629 415 2987 477 FRATRIS.

3654 414 3773 474 ’766

2194 546 2284 602 ΙΧ.
2318 548 2456 619 Age,
2491 562 2563 601 ne
2592 546 2744 602 hanc
2787 546 3023 617 quidem
3062 546 3292 601 Caesarii
3334 546 3571 602 laudem
3623 564 3771 619 pra-

2123 642 2433 705 tereamus,
2484 653 2610 706 quae
2662 637 2932 706 quamvis
2981 635 3227 690 aliorum
3282 637 3506 703 judicio
3563 638 3771 707 exigua

2124 726 2388 789 fortasse,
2411 742 2476 779 ac
2507 725 2577 780 de
2598 726 3156 780 commemoratione
3189 724 3423 795 quidem
3459 726 3631 795 digna
3672 727 3766 793 sit,

2123 814 2268 869 mihi
2302 818 2497 869 tamen
2531 814 2806 882 maxima,
2831 818 2887 869 et
2918 818 3059 868 tunc
3080 814 3204 869 visa
3232 819 3415 880 est,et
3446 831 3602 869 nunc
3633 814 3770 869 item

2122 904 2371 972 videtur,
2407 904 2455 958 si
2490 904 2662 958 modo
2695 905 2988 959 fraternus
3020 920 3185 958 amor
3224 902 3457 958 laudem
3491 908 3768 971 meretur,

2125 1009 2313 1064 neque
2336 1009 2597 1063 unquam
2615 1009 2741 1047 eam
2766 993 2920 1047 inter
2941 992 3160 1064 primas
3182 991 3464 1047 collocare
3486 992 3773 1059 desinam,

2125 1081 2353 1152 quoties
2388 1081 2526 1136 mihi
2558 1083 2628 1136 de
2659 1081 2821 1137 illius
2851 1082 3023 1137 rebus
3057 1081 3312 1137 narratio
3344 1081 3619 1137 instituta
3651 1082 3774 1137 fue-

2127 1172 2220 1225 rit.
2255 1171 2399 1225 Nam
2433 1188 2565 1225 cum
2600 1172 2822 1238 civitas,
2858 1172 2951 1239 iis,
2986 1188 3131 1244 quos
3165 1171 3423 1226 diximus
3454 1171 3777 1226 honoribus

2125 1270 2261 1315 eum
2306 1260 2600 1327 retineret,
2636 1266 2990 1332 negaretque
3038 1278 3100 1315 se
3131 1260 3213 1314 illi
3264 1259 3382 1315 ulla
3423 1260 3645 1315 ratione
3676 1277 3779 1332 po-

2126 1353 2395 1404 testatem
2454 1348 2789 1405 discedendi
2844 1351 3126 1404 facturam
3185 1365 3290 1420 ego
3340 1352 3561 1416 tamen,
3610 1351 3779 1415 cujus

2126 1439 2531 1493 auctoritatem
2565 1440 2848 1494 Caesarius
2898 1438 2954 1493 in
2997 1440 3272 1494 omnibus
3315 1440 3488 1494 rebus
3534 1439 3779 1510 plurimi

2128 1529 2395 1598 faciebat,
2431 1529 2487 1583 in
2533 1528 2895 1583 contrarium
2931 1529 3147 1598 nitens,
3184 1530 3288 1583 hoc
3335 1546 3465 1584 sum
3500 1544 3778 1584 consecu-

2125 1621 2316 1682 tus,ut
2337 1634 2439 1672 nec
2473 1623 2741 1689 parentes
2774 1622 2905 1672 voto
2927 1634 3057 1685 suo,
3079 1636 3183 1673 nec
3215 1618 3403 1690 patria
3433 1619 3624 1673 debito
3661 1618 3775 1673 sibi

2126 1706 2340 1771 ofﬁcio,
2376 1723 2478 1761 nec
2509 1707 2759 1778 denique
2790 1724 2894 1779 ego
2928 1707 3215 1763 desiderio
3263 1724 3390 1763 meo
3442 1708 3773 1763 frustrarer.

2128 1795 2357 1851 Itineris
2380 1797 2537 1851 enim
2558 1797 2780 1851 socium
2805 1796 3201 1868 comitemque
3221 1814 3283 1851 se
3305 1796 3448 1851 mihi
3467 1797 3771 1867 adjunxit;

2123 1901 2325 1956 meque
2357 1901 2471 1940 non
2506 1884 2748 1940 urbibus
2782 1884 2976 1939 solum
3006 1890 3060 1940 et
3104 1884 3356 1957 populis,
3390 1903 3504 1940 non
3538 1885 3774 1940 honori-

2128 1975 2236 2029 bus
2268 1978 2324 2029 et
2354 1975 2752 2046 proventibus,
2777 1975 2877 2046 qui
2899 1974 3067 2030 multi
3087 1975 3159 2029 ad
3180 1991 3314 2030 eum
3348 1974 3609 2047 undique
3640 1992 3771 2047 par-

2126 2063 2233 2118 tim
2257 2063 2649 2131 conﬂuebant,
2676 2063 2886 2135 partim
2915 2064 2973 2118 in
3008 2079 3110 2135 spe
3142 2068 3319 2134 atque
3347 2065 3773 2137 exspectatione

2125 2157 2312 2220 erant,
2335 2169 2536 2209 verum
2572 2154 2996 2225 propemodum
3026 2152 3139 2224 ipsi
3171 2168 3405 2225 quoque
3434 2154 3775 2223 imperatori

2125 2243 2373 2313 ejusque
2395 2243 2584 2313 jussis
2615 2242 2965 2313 anteposuit.
2994 2242 3134 2297 Hinc
3164 2258 3321 2315 ergo,
3350 2258 3593 2298 excussa
3614 2243 3774 2297 omni

2124 2332 2463 2395 ambitione,
2498 2347 2612 2385 non
2644 2346 2811 2386 secus
2842 2348 2907 2385 ac
2936 2330 3095 2402 gravi
3134 2332 3388 2403 quodam
3421 2331 3682 2398 domino,
3717 2334 3775 2387 et

2125 2418 2369 2474 molesto
2417 2421 2643 2485 morbo,
2693 2420 3114 2491 phiIOSOphari,
3160 2426 3336 2491 atque
3386 2421 3456 2475 ad
3506 2437 3773 2492 supernae

2123 2507 2249 2562 vitae
2306 2508 2572 2563 studium
2626 2509 2918 2580 meipsum
2968 2510 3285 2565 transferre
3316 2509 3598 2565 constitui
3632 2527 3646 2577 ;
3680 2509 3770 2565 vel

2124 2597 2319 2667 potius
2351 2596 2646 2668 antiquior
2693 2597 2929 2667 quidem
2980 2596 3272 2668 cupiditas
3323 2598 3449 2665 fuit,
3500 2597 3618 2653 vita
3666 2615 3769 2653 au-

2122 2689 2239 2740 tem
2288 2687 2591 2757 posterior.
2647 2692 2717 2742 At
2764 2702 2894 2740 vero
2946 2685 3248 2753 Ctesarius,
3297 2703 3431 2741 cum
3494 2687 3769 2742 doctrinae

2124 2791 2241 2830 suae
2301 2775 2590 2846 primitias
2667 2775 2868 2846 patriae
2934 2779 3353 2845 consecrasset,
3413 2776 3772 2847 dignamque

2123 2863 2422 2921 laboribus
2473 2865 2922 2919 admirationem
2971 2865 3061 2919 sui
3109 2865 3539 2934 commovisset,
3574 2870 3775 2937 postea

2123 2953 2320 3025 glorias
2351 2954 2670 3026 cupiditate
2697 2955 2931 3024 ductus,
2966 2955 3121 3010 204
3152 2960 3348 3025 atque,
3373 2960 3435 3009 ut
3465 2954 3611 3009 mihi
3641 2954 3772 3025 qui-

2123 3047 2252 3098 dem
2290 3044 2462 3098 fidem
2495 3043 2762 3111 faciebat,
2787 3060 2899 3112 quo
2933 3044 3060 3098 urbi
3096 3043 3364 3115 praesidio
3396 3048 3571 3109 esset,
3595 3045 3654 3099 in
3677 3061 3774 3099 au-

2121 3130 2236 3187 lam
2272 3150 2334 3187 se
2366 3132 2631 3197 contulit,
2657 3149 2772 3187 non
2800 3132 2896 3187 ille
2927 3149 3087 3197 sane,
3112 3149 3238 3188 meo
3270 3132 3507 3201 quidem
3534 3132 3773 3199 indicio,

2122 3234 2241 3276 rem
2296 3222 2615 3277 admodum
2664 3228 2892 3293 gratam
2945 3222 3112 3275 nobis
3174 3222 3392 3277 faciens
3449 3223 3584 3292 (non
3619 3222 3775 3276 enim

2038 3298 2081 3364 C
2120 3313 2273 3383 apud
2336 3328 2434 3366 vos
2485 3311 2795 3379 diffitebor,
2830 3311 2981 3364 inter
3003 3317 3331 3381 postremos
3381 3312 3533 3381 apud
3597 3316 3775 3365 Deum

2122 3401 2365 3464 censeri,
2406 3401 2591 3455 satius
2623 3403 2679 3454 et
2722 3399 3039 3454 sublimius
3071 3416 3218 3468 esse,
3247 3416 3423 3469 quam
3473 3400 3626 3471 apud
3660 3406 3779 3455 ter-

2120 3504 2326 3543 renum
2380 3489 2790 3560 imperatorem
2854 3489 3076 3558 primas
3136 3489 3325 3556 ferre),
3404 3504 3517 3542 non
3577 3493 3775 3543 tamen

2121 3578 2573 3649 reprehensione
2605 3577 2865 3648 dignam.
2907 3576 3305 3646 Philosophari
3341 3578 3518 3645 enim,
3556 3582 3621 3631 ut
3650 3592 3774 3631 ma-

2117 3668 2363 3736 ximum,
2404 3667 2483 3721 ita
2515 3666 2687 3721 etiam
2723 3665 3140 3720 difﬁcillimum
3174 3672 3283 3730 est,
3313 3682 3417 3719 nec
3446 3665 3502 3719 id
3537 3666 3776 3737 aggredi

2122 3756 2439 3811 multorum
2465 3760 2590 3821 est;
2618 3770 2722 3808 nec
2746 3753 3197 3823 aliorum,quam
3226 3770 3373 3825 quos
3395 3755 3590 3808 divina
3614 3771 3774 3809 men-

2122 3846 2195 3900 tis
2230 3845 2595 3915 magnitudo,
2623 3860 2747 3912 quae
2782 3844 2975 3913 proba:
3008 3843 3314 3897 hominum
3351 3842 3632 3897 voluntati
3657 3860 3777 3899 ma-

2122 3951 2260 3988 num
2295 3933 2587 4005 porrigere
2638 3931 2805 3999 solet,
2858 3932 3176 3985 advocavit.
3209 3931 3336 3985 Non
3388 3948 3631 4002 parvum
3664 3946 3773 3987 au-

2120 4029 2235 4079 tem
2260 4022 2368 4076 hoc
2392 4020 3057 4092 quoquesestimandum
3082 4025 3192 4088 est,
3219 4020 3425 4091 siquis
3447 4022 3771 4077 secundum

2116 4112 2244 4166 vita:
2271 4127 2455 4183 genus
2483 4109 2841 4180 complexus,
2878 4110 3147 4180 probitati
3202 4111 3458 4176 studeat,
3489 4126 3554 4165 ac
3585 4112 3775 4181 majo-

352 4210 473 4255 rem
509 4202 599 4256 Dei
634 4202 959 4274 salutisque
992 4220 1130 4269 suae,
1167 4218 1345 4272 quam
1377 4203 1592 4257 terreni
1625 4202 1977 4273 splendoris,
2012 4205 2297 4258 rationem
2334 4201 2577 4266 habeat;
2612 4204 2786 4269 atque
2840 4199 2996 4253 hunc
3046 4200 3284 4270 quidem
3316 4205 3596 4270 tanquam
3650 4216 3774 4255 sce-

349 4308 508 4358 nam,
545 4298 645 4346 aut
678 4308 985 4364 personam
1024 4292 1341 4363 quamdam
1375 4309 1443 4346 ex
1480 4292 1683 4346 multis
1737 4298 1795 4348 et
1826 4294 2064 4348 caducis
2096 4291 2381 4363 praeferat,
2414 4289 2592 4358 hujus
2642 4288 2843 4342 mundi
2901 4287 3157 4342 fabulam
3191 4304 3390 4359 agens,
3424 4287 3549 4355 ipse
3577 4294 3772 4343 autem

348 4381 463 4436 Deo
494 4381 771 4453 imagine,
807 4398 984 4452 quam
1019 4398 1079 4435 se
1109 4381 1181 4435 ab
1214 4397 1279 4435 eo
1312 4382 1627 4452 accepisse,
1661 4382 1831 4453 eique
1861 4383 2071 4437 debere
2118 4380 2294 4443 novit,
2329 4380 2509 4433 vitam
2544 4379 2737 4433 ducat.
2773 4380 2951 4443 Quem
2985 4378 3222 4449 quidem
3256 4376 3479 4433 scilicet
3506 4378 3772 4433 animum

348 4472 591 4524 Caesario
624 4471 809 4525 fuisse
840 4474 1203 4542 compertum
1237 4470 1548 4525 habemus.

420 4559 472 4612 I'.
506 4557 758 4611 Τάττεται
822 4560 914 4630 μὲν
976 4558 1077 4633 γὰρ
1129 4558 1228 4625 τήν
1279 4558 1502 4631 πρώτην
1555 4557 1606 4612 ἐν
1661 4557 1865 4629 ἰατροῖς
1912 4560 2005 4612 τά-

2189 4558 2245 4611 Χ.
2283 4558 2427 4611 Nam
2461 4571 2593 4610 cum
2629 4572 2744 4609 non
2778 4572 2989 4627 magno
3022 4555 3254 4627 negotio
3285 4572 3349 4610 ac
3398 4555 3595 4611 labore
3626 4572 3774 4627 opus

346 4644 445 4714 ξιν,
497 4642 621 4699 οὐδὲ
668 4644 883 4701 πολλοῦ
936 4646 1105 4700 πόνου
1154 4643 1531 4720 προσδεηθεὶς,
1565 4645 1693 4700 ἀλλ’
1731 4645 2001 4717 ἐπιδείξας

350 4734 513 4806 μόνον
542 4735 637 4803 τὴν
670 4732 968 4805 παίδευσιν,
1007 4733 1219 4808 μᾶλλον
1256 4733 1313 4788 δὲ
1360 4734 1567 4810 βραχύν
1597 4754 1718 4788 τινα
1747 4742 1847 4805 τῆς
1874 4757 2000 4790 παι-

348 4820 574 4885 δεύσεως
605 4826 719 4879 οἷον
748 4824 1027 4900 πρόλογον
1050 4827 1147 4898 (6),
1189 4825 1284 4879 κάν
1318 4828 1431 4885 τοῖς
1464 4821 1650 4901 φίλοις
1698 4828 1795 4878 τοῦ
1846 4825 2000 4899 βασι-

561 5034 694 5121 QbS'
725 5038 785 5091 ἄν
819 5036 969 5121 εἴτι.
1003 5039 1281 5121 Ηὲεε-ᾕιι,
1314 5041 1415 5121 ΟΡ..
1444 5042 1494 5109 1,
1530 5035 1655 5092 οὐδὲ
1688 5034 1831 5121 εἴτε.

414 5112 527 5185 (97)
560 5110 996 5185 Ἐπιταγμάτων.
1036 5110 1268 5185 Βῖιιὶυε,
1310 5134 1335 5164 ιι
1365 5113 1611 5185 ejusque
1638 5111 1927 5185 edictis._»

415 5183 527 5257 (98)
560 5182 983 5257 Πφοστάιτεύειν.
1019 5188 1157 5256 Reg.
1210 5184 1333 5251 bm,
1366 5189 1485 5238 tres
1517 5182 1701 5248 Colb.,
1736 5182 1910 5238 Goisl.
1943 5182 1997 5249 3,

342 5258 398 5308 et
426 5255 543 5309 Jes.
578 5255 954 5309 προστάττειν.

735 5304 1027 5393 ποι-όύντα,
1056 5397 1059 5398 ν
1087 5323 1176 5377 καὶ
1243 5323 1378 5398 κατὰ
1432 5324 1679 5398 γνώμην.
1740 5326 2000 5379 Combet.

341 5395 535 5447 ποιῶν.
572 5397 953 5453 Prsetermisit
985 5397 1209 5466 Billius,
1240 5396 1331 5449 καὶ
1370 5395 1505 5449 κατά
1543 5395 1793 5467 γνὼμην.
1848 5397 2001 5451 Elias

344 5469 533 5537 vertit,
570 5491 596 5518 α
632 5475 688 5525 et
718 5487 784 5524 ex
816 5470 998 5526 animi
1031 5471 1143 5524 mei
1180 5470 1489 5523 sententia.

414 5540 491 5608 (1)
515 5538 667 5593 Εἶναι
709 5537 859 5595 δοκεῖ
884 5561 966 5596 τε.
1000 5540 1128 5597 Haec
1158 5542 1373 5596 desunt
1400 5540 1459 5595 in
1482 5540 1621 5610 Reg.
1656 5541 1776 5606 bm,
1810 5538 2002 5594 tribus

341 5608 505 5665 Colb.
540 5617 597 5666 et
626 5612 720 5667 Or.
760 5615 807 5667 1.

388 5615 505 5665 01b.
540 5617 597 5666 et
626 5615 720 5667 Or.
760 5615 807 5668 1.

339 5683 491 5809 to?)
521 5682 730 5751 ’Ἄξιοςι
782 5685 879 5740 Or.
925 5684 981 5754 3,
1030 5689 1090 5740 et
1133 5685 1251 5741 less
1302 5679 1486 5754 ἀξίως,
1518 5705 1547 5733 ‹‹
1596 5683 1794 5755 digne,-
1828 5681 2003 5737 meri-

409 5796 421 5807 .
456 5775 487 5805 ››

367 5768 421 5808 0.
456 5775 487 5805 ››

2114 4647 2437 4712 habuisset,
2488 4663 2686 4700 verum
2735 4646 3063 4699 doctrinam
3112 4646 3397 4700 duntaxat
3443 4662 3635 4714 suam,
3684 4647 3774 4701 vel

2114 4737 2305 4807 potius
2334 4737 2502 4790 breve
2518 4735 2817 4804 quoddam
2848 4734 3125 4788 doctrinae
3149 4735 3446 4804 specimen
3477 4735 3770 4788 ostendis-

2114 4830 2219 4895 set,
2254 4825 2511 4896 primum
2562 4823 2758 4878 statim
2796 4823 2948 4877 inter
2986 4823 3240 4877 medicos
3280 4822 3583 4894 dignitatis
3633 4838 3770 4893 gra«

2187 5038 2260 5109 (3)
2319 5034 2817 5109 Προκεκλημένων.
2894 5037 3015 5109 Jes.
3091 5031 3774 5109 προσκέκλημάνωνηὲιὶο

2111 5108 2289 5165 etiam
2324 5108 2466 5180 legit
2496 5110 2696 5164 Comb.
2722 5114 2779 5165 et
2802 5108 2993 5179 vertit,
3016 5131 3043 5158 «
3069 5108 3217 5179 quos
3238 5108 3435 5162 divina
3467 5108 3771 5179 providen-

2113 5183 2195 5237 tia
2229 5196 2470 5251 magnos
2504 5182 2772 5251 aspirans
2807 5180 3037 5235 animos
3076 5180 3490 5251 provocaverit.
3526 5200 3553 5230 ››

2184 5254 2260 5322 (Ii)
2296 5251 2735 5333 ΙΙροῃρημὲνοις.
2760 5253 2883 5307 Non
2910 5251 3548 5333 male'Percbeimerus,
3572 5273 3601 5300 ‹‹
3630 5266 3771 5323 pren-

2112 5322 2535 5396 determinatis.
2578 5346 2605 5396 η
2634 5324 2752 5378 Jes.
2786 5322 3232 5396 προειρημένοις.

2184 5396 2259 5467 (5)
2292 5394 2390 5448 Καὶ
2414 5394 2512 5461 τὴν
2548 5395 2665 5464 μὲν,
2698 5402 2807 5450 etc.
2832 5391 2971 5448 Haec
3019 5412 3204 5467 usque
3248 5394 3329 5467 ad
3376 5391 3507 5467 ὅπερ
3553 5391 3769 5463 ἀμέλει,

2111 5465 2247 5594 eici,
2278 5468 2493 5523 desunt
2518 5466 2576 5520 in
2610 5468 2747 5538 Reg.
2780 5470 2899 5533 bm,
2926 5467 2984 5519 in
3016 5465 3207 5521 tribus
3238 5465 3421 5535 Colb.,
3447 5465 3543 5531 Or,
3570 5467 3620 5532 1,
3650 5467 3774 5521 Elia

2111 5556 2142 5593 e
2235 5556 2316 5593 es.

2111 5546 2169 5593 et
2196 5546 2316 5593 Jes.

2184 5610 2262 5691 (6)
2294 5606 2755 5691 Οέονυπρόλο-γον.
2798 5610 2900 5691 Sic
2925 5607 3255 5691 Hegg.’bm.
3291 5608 3540 5691 hu,_tres
3569 5606 3733 5661 (lolb.
3756 5651 3771 5677 ,

2111 5680 2290 5737 Coisl.
2323 5684 2377 5749 3,
2410 5680 2505 5737 0r.
2542 5683 2593 5748 1,
2626 5680 2682 5735 et
2707 5681 2824 5736 Jes.
2862 5680 3035 5736 Deest
3051 5680 3177 5733 οἷον
3215 5682 3271 5735 in
3304 5680 3498 5734 editis.
