  <div class='ocr_page' id='page_1' title='image "/cluster/home/n/w/nwhite01/storage/ocr_20150623/35:no.1/coo.31924054869320/389.png"; bbox 0 0 4070 6406; ppageno 0'>
   <div class='ocr_carea' id='block_1_1' title="bbox 343 398 3808 470">
    <p class='ocr_par' dir='ltr' id='par_1_1' title="bbox 343 398 3808 470">
     <span class='ocr_line' id='line_1_1' title="bbox 343 398 3808 470; baseline 0.003 -9"><span class='ocrx_word' id='word_1_1' title='bbox 343 402 461 461; x_wconf 82' lang='lat'>767</span> <span class='ocrx_word' id='word_1_2' title='bbox 1592 405 1657 465; x_wconf 93' lang='lat' dir='ltr'>S.</span> <span class='ocrx_word' id='word_1_3' title='bbox 1707 398 2082 463; x_wconf 79' lang='lat' dir='ltr'>GREGORII</span> <span class='ocrx_word' id='word_1_4' title='bbox 2124 399 2529 460; x_wconf 87' lang='lat' dir='ltr'>THEOLOGI</span> <span class='ocrx_word' id='word_1_5' title='bbox 3666 408 3808 470; x_wconf 82' lang='lat'>768</span> 
     </span>
    </p>
   </div>
   <div class='ocr_carea' id='block_1_2' title="bbox 343 515 1950 614">
    <p class='ocr_par' dir='ltr' id='par_1_2' title="bbox 343 534 1950 608">
     <span class='ocr_line' id='line_1_2' title="bbox 343 534 1950 608; baseline 0 -21"><span class='ocrx_word' id='word_1_6' title='bbox 343 534 485 587; x_wconf 91' lang='lat' dir='ltr'>dum</span> <span class='ocrx_word' id='word_1_7' title='bbox 531 534 790 589; x_wconf 83' lang='lat' dir='ltr'>obtinuit</span> <span class='ocrx_word' id='word_1_8' title='bbox 836 540 1012 608; x_wconf 89' lang='lat' dir='ltr'>atque</span> <span class='ocrx_word' id='word_1_9' title='bbox 1062 537 1116 591; x_wconf 93' lang='lat' dir='ltr'>in</span> <span class='ocrx_word' id='word_1_10' title='bbox 1174 538 1497 591; x_wconf 90' lang='lat' dir='ltr'>amicorum</span> <span class='ocrx_word' id='word_1_11' title='bbox 1550 550 1796 590; x_wconf 90' lang='lat' dir='ltr'>numero</span> <span class='ocrx_word' id='word_1_12' title='bbox 1840 549 1950 604; x_wconf 92' lang='lat' dir='ltr'>apu</span> 
     </span>
    </p>
   </div>
   <div class='ocr_carea' id='block_1_3' title="bbox 2199 515 3806 614">
    <p class='ocr_par' dir='ltr' id='par_1_3' title="bbox 2199 515 3806 614">
     <span class='ocr_line' id='line_1_3' title="bbox 2199 515 3806 614; baseline 0.009 -31"><span class='ocrx_word' id='word_1_13' title='bbox 2199 550 2251 591; x_wconf 78' lang='grc' dir='ltr'>υς</span> <span class='ocrx_word' id='word_1_14' title='bbox 2302 527 2453 590; x_wconf 77' lang='grc' dir='ltr'>εὐθὺς</span> <span class='ocrx_word' id='word_1_15' title='bbox 2492 529 2947 604; x_wconf 81' lang='grc' dir='ltr'>ἀριθμούμενους,</span> <span class='ocrx_word' id='word_1_16' title='bbox 2998 533 3095 594; x_wconf 75' lang='grc' dir='ltr'>τὰς</span> <span class='ocrx_word' id='word_1_17' title='bbox 3158 534 3411 610; x_wconf 87' lang='grc' dir='ltr'>μεγίστας</span> <span class='ocrx_word' id='word_1_18' title='bbox 3469 515 3806 614; x_wconf 81' lang='grc' dir='ltr'>καρποῐ’›ται</span> 
     </span>
    </p>
   </div>
   <div class='ocr_carea' id='block_1_4' title="bbox 342 616 1949 701">
    <p class='ocr_par' dir='ltr' id='par_1_4' title="bbox 342 622 1949 696">
     <span class='ocr_line' id='line_1_4' title="bbox 342 622 1949 696; baseline 0.001 -21"><span class='ocrx_word' id='word_1_19' title='bbox 342 622 759 694; x_wconf 80' lang='lat' dir='ltr'>imperatorem</span> <span class='ocrx_word' id='word_1_20' title='bbox 792 624 1051 690; x_wconf 89' lang='lat' dir='ltr'>habitus,</span> <span class='ocrx_word' id='word_1_21' title='bbox 1089 626 1473 696; x_wconf 79' lang='lat' dir='ltr'>amplissimis</span> <span class='ocrx_word' id='word_1_22' title='bbox 1511 623 1834 679; x_wconf 95' lang='lat' dir='ltr'>honoribus</span> <span class='ocrx_word' id='word_1_23' title='bbox 1866 622 1949 676; x_wconf 62' lang='lat' dir='ltr'>alii</span> 
     </span>
    </p>
   </div>
   <div class='ocr_carea' id='block_1_5' title="bbox 2190 616 3797 701">
    <p class='ocr_par' dir='ltr' id='par_1_5' title="bbox 2190 616 3797 701">
     <span class='ocr_line' id='line_1_5' title="bbox 2190 616 3797 701; baseline 0.007 -30"><span class='ocrx_word' id='word_1_24' title='bbox 2190 618 2274 678; x_wconf 74' lang='grc' dir='ltr'>ιάς</span> <span class='ocrx_word' id='word_1_25' title='bbox 2298 636 2310 647; x_wconf 92' lang='grc'><strong>·</strong></span> <span class='ocrx_word' id='word_1_26' title='bbox 2345 618 2572 689; x_wconf 72' lang='grc' dir='ltr'>ἄμισθον</span> <span class='ocrx_word' id='word_1_27' title='bbox 2604 616 2661 673; x_wconf 75' lang='grc' dir='ltr'>δὲ</span> <span class='ocrx_word' id='word_1_28' title='bbox 2689 621 2786 688; x_wconf 74' lang='grc' dir='ltr'>τήν</span> <span class='ocrx_word' id='word_1_29' title='bbox 2819 628 2919 688; x_wconf 86' lang='grc' dir='ltr'>τῆς</span> <span class='ocrx_word' id='word_1_30' title='bbox 2951 620 3154 695; x_wconf 75' lang='grc' dir='ltr'>τέχνης</span> <span class='ocrx_word' id='word_1_31' title='bbox 3197 622 3610 701; x_wconf 74' lang='grc' dir='ltr'>φιλανθρωπίαν</span> <span class='ocrx_word' id='word_1_32' title='bbox 3661 637 3797 692; x_wconf 79' lang='grc' dir='ltr'>τοῖς</span> 
     </span>
    </p>
   </div>
   <div class='ocr_carea' id='block_1_6' title="bbox 342 704 1949 792">
    <p class='ocr_par' dir='ltr' id='par_1_6' title="bbox 342 713 1949 785">
     <span class='ocr_line' id='line_1_6' title="bbox 342 713 1949 785; baseline -0.001 -19"><span class='ocrx_word' id='word_1_33' title='bbox 342 716 475 767; x_wconf 90' lang='lat' dir='ltr'>ctus</span> <span class='ocrx_word' id='word_1_34' title='bbox 515 717 624 769; x_wconf 84' lang='lat' dir='ltr'>est.</span> <span class='ocrx_word' id='word_1_35' title='bbox 658 713 984 770; x_wconf 87' lang='lat' dir='ltr'>Gratuitam</span> <span class='ocrx_word' id='word_1_36' title='bbox 1016 731 1192 785; x_wconf 90' lang='lat' dir='ltr'>porro</span> <span class='ocrx_word' id='word_1_37' title='bbox 1226 715 1371 768; x_wconf 90' lang='lat' dir='ltr'>artis</span> <span class='ocrx_word' id='word_1_38' title='bbox 1413 713 1839 769; x_wconf 81' lang='lat' dir='ltr'>humanitatem</span> <span class='ocrx_word' id='word_1_39' title='bbox 1877 728 1949 783; x_wconf 30' lang='lat' dir='ltr'>pri</span> 
     </span>
    </p>
   </div>
   <div class='ocr_carea' id='block_1_7' title="bbox 2187 704 3794 792">
    <p class='ocr_par' dir='ltr' id='par_1_7' title="bbox 2219 704 3794 792">
     <span class='ocr_line' id='line_1_7' title="bbox 2219 704 3794 792; baseline 0.009 -32"><span class='ocrx_word' id='word_1_40' title='bbox 2219 704 2365 761; x_wconf 82' lang='grc' dir='ltr'>τέλει</span> <span class='ocrx_word' id='word_1_41' title='bbox 2422 707 2743 779; x_wconf 82' lang='grc' dir='ltr'>προτίθησιν</span> <span class='ocrx_word' id='word_1_42' title='bbox 2802 713 2899 783; x_wconf 85' lang='grc'>(7),</span> <span class='ocrx_word' id='word_1_43' title='bbox 2963 707 3120 773; x_wconf 74' lang='grc' dir='ltr'>εἰδὼς</span> <span class='ocrx_word' id='word_1_44' title='bbox 3174 710 3326 767; x_wconf 72' lang='grc' dir='ltr'>οὐδὲν</span> <span class='ocrx_word' id='word_1_45' title='bbox 3381 715 3554 779; x_wconf 76' lang='grc' dir='ltr'>οὕτως</span> <span class='ocrx_word' id='word_1_46' title='bbox 3588 720 3672 792; x_wconf 88' lang='grc'>(8)</span> <span class='ocrx_word' id='word_1_47' title='bbox 3711 720 3794 781; x_wconf 84' lang='grc' dir='ltr'>ὡς</span> 
     </span>
    </p>
   </div>
   <div class='ocr_carea' id='block_1_8' title="bbox 342 795 1949 880">
    <p class='ocr_par' dir='ltr' id='par_1_8' title="bbox 342 798 1949 874">
     <span class='ocr_line' id='line_1_8' title="bbox 342 798 1949 874; baseline -0.002 -18"><span class='ocrx_word' id='word_1_48' title='bbox 342 801 578 857; x_wconf 91' lang='lat' dir='ltr'>cerihus</span> <span class='ocrx_word' id='word_1_49' title='bbox 609 800 934 874; x_wconf 85' lang='lat' dir='ltr'>proposuit,</span> <span class='ocrx_word' id='word_1_50' title='bbox 972 802 1114 857; x_wconf 87' lang='lat' dir='ltr'>illud</span> <span class='ocrx_word' id='word_1_51' title='bbox 1178 802 1457 856; x_wconf 83' lang='lat' dir='ltr'>nimirum</span> <span class='ocrx_word' id='word_1_52' title='bbox 1500 801 1863 873; x_wconf 83' lang='lat' dir='ltr'>exploratum</span> <span class='ocrx_word' id='word_1_53' title='bbox 1898 798 1949 853; x_wconf 75' lang='lat' dir='ltr'>bl</span> 
     </span>
    </p>
   </div>
   <div class='ocr_carea' id='block_1_9' title="bbox 2184 795 3791 880">
    <p class='ocr_par' dir='ltr' id='par_1_9' title="bbox 2184 795 3791 880">
     <span class='ocr_line' id='line_1_9' title="bbox 2184 795 3791 880; baseline 0.009 -32"><span class='ocrx_word' id='word_1_54' title='bbox 2184 796 2305 864; x_wconf 74' lang='grc' dir='ltr'>ετήν</span> <span class='ocrx_word' id='word_1_55' title='bbox 2356 795 2445 850; x_wconf 85' lang='grc' dir='ltr'>καὶ</span> <span class='ocrx_word' id='word_1_56' title='bbox 2502 797 2565 850; x_wconf 84' lang='grc' dir='ltr'>τὸ</span> <span class='ocrx_word' id='word_1_57' title='bbox 2616 795 2702 851; x_wconf 70' lang='grc' dir='ltr'>ἐπὶ</span> <span class='ocrx_word' id='word_1_58' title='bbox 2750 803 2871 860; x_wconf 83' lang='grc' dir='ltr'>τοῖς</span> <span class='ocrx_word' id='word_1_59' title='bbox 2915 798 3234 863; x_wconf 69' lang='grc' dir='ltr'>καλλίστοις</span> <span class='ocrx_word' id='word_1_60' title='bbox 3288 805 3364 877; x_wconf 86' lang='grc'>(9)</span> <span class='ocrx_word' id='word_1_61' title='bbox 3412 807 3791 880; x_wconf 84' lang='grc' dir='ltr'>γινώσκεσθαι</span> 
     </span>
    </p>
   </div>
   <div class='ocr_carea' id='block_1_10' title="bbox 341 884 1948 971">
    <p class='ocr_par' dir='ltr' id='par_1_10' title="bbox 341 889 1948 962">
     <span class='ocr_line' id='line_1_10' title="bbox 341 889 1948 962; baseline -0.002 -17"><span class='ocrx_word' id='word_1_62' title='bbox 341 889 508 957; x_wconf 90' lang='lat' dir='ltr'>hens,</span> <span class='ocrx_word' id='word_1_63' title='bbox 546 890 691 944; x_wconf 86' lang='lat' dir='ltr'>nihil</span> <span class='ocrx_word' id='word_1_64' title='bbox 726 908 873 958; x_wconf 90' lang='lat' dir='ltr'>esse,</span> <span class='ocrx_word' id='word_1_65' title='bbox 911 891 1063 962; x_wconf 93' lang='lat' dir='ltr'>quod</span> <span class='ocrx_word' id='word_1_66' title='bbox 1099 890 1396 946; x_wconf 85' lang='lat' dir='ltr'>hominem</span> <span class='ocrx_word' id='word_1_67' title='bbox 1447 891 1516 947; x_wconf 88' lang='lat' dir='ltr'>ad</span> <span class='ocrx_word' id='word_1_68' title='bbox 1563 889 1773 945; x_wconf 79' lang='lat' dir='ltr'>altiora</span> <span class='ocrx_word' id='word_1_69' title='bbox 1801 904 1948 961; x_wconf 56' lang='lat' dir='ltr'>provi</span> 
     </span>
    </p>
   </div>
   <div class='ocr_carea' id='block_1_11' title="bbox 2181 884 3788 971">
    <p class='ocr_par' dir='ltr' id='par_1_11' title="bbox 2189 884 3788 971">
     <span class='ocr_line' id='line_1_11' title="bbox 2189 884 3788 971; baseline 0.009 -33"><span class='ocrx_word' id='word_1_70' title='bbox 2189 884 2368 961; x_wconf 82' lang='grc' dir='ltr'>οάγειν</span> <span class='ocrx_word' id='word_1_71' title='bbox 2404 884 2483 947; x_wconf 73' lang='grc' dir='ltr'>εἷς</span> <span class='ocrx_word' id='word_1_72' title='bbox 2512 886 2573 940; x_wconf 89' lang='grc' dir='ltr'>τὸ</span> <span class='ocrx_word' id='word_1_73' title='bbox 2605 884 2927 960; x_wconf 76' lang='grc' dir='ltr'>ἔμπροσθεν.</span> <span class='ocrx_word' id='word_1_74' title='bbox 2960 889 3058 942; x_wconf 77' lang='grc' dir='ltr'>Καὶ</span> <span class='ocrx_word' id='word_1_75' title='bbox 3092 891 3165 943; x_wconf 84' lang='grc' dir='ltr'>ὧν</span> <span class='ocrx_word' id='word_1_76' title='bbox 3205 894 3273 965; x_wconf 78' lang='grc' dir='ltr'>τῇ</span> <span class='ocrx_word' id='word_1_77' title='bbox 3324 894 3469 963; x_wconf 82' lang='grc' dir='ltr'>τάξει</span> <span class='ocrx_word' id='word_1_78' title='bbox 3522 892 3788 971; x_wconf 75' lang='grc' dir='ltr'>δεύτερος</span> 
     </span>
    </p>
   </div>
   <div class='ocr_carea' id='block_1_12' title="bbox 345 973 1952 1056">
    <p class='ocr_par' dir='ltr' id='par_1_12' title="bbox 345 977 1952 1049">
     <span class='ocr_line' id='line_1_12' title="bbox 345 977 1952 1049; baseline -0.001 -16"><span class='ocrx_word' id='word_1_79' title='bbox 345 978 525 1043; x_wconf 81' lang='lat' dir='ltr'>heret,</span> <span class='ocrx_word' id='word_1_80' title='bbox 560 995 733 1049; x_wconf 91' lang='lat' dir='ltr'>quam</span> <span class='ocrx_word' id='word_1_81' title='bbox 766 979 1068 1046; x_wconf 80' lang='lat' dir='ltr'>virtutem,</span> <span class='ocrx_word' id='word_1_82' title='bbox 1104 980 1319 1034; x_wconf 83' lang='lat' dir='ltr'>famam</span> <span class='ocrx_word' id='word_1_83' title='bbox 1370 978 1635 1034; x_wconf 83' lang='lat' dir='ltr'>honestis</span> <span class='ocrx_word' id='word_1_84' title='bbox 1676 977 1952 1033; x_wconf 74' lang='lat' dir='ltr'>rationibi</span> 
     </span>
    </p>
   </div>
   <div class='ocr_carea' id='block_1_13' title="bbox 2177 973 3784 1056">
    <p class='ocr_par' dir='ltr' id='par_1_13' title="bbox 2184 973 3784 1056">
     <span class='ocr_line' id='line_1_13' title="bbox 2184 973 3784 1056; baseline 0.007 -29"><span class='ocrx_word' id='word_1_85' title='bbox 2184 1021 2199 1046; x_wconf 74' lang='grc'>,</span> <span class='ocrx_word' id='word_1_86' title='bbox 2232 973 2437 1029; x_wconf 72' lang='grc' dir='ltr'>τούτων</span> <span class='ocrx_word' id='word_1_87' title='bbox 2470 974 2605 1029; x_wconf 83' lang='grc' dir='ltr'>κατᾶ</span> <span class='ocrx_word' id='word_1_88' title='bbox 2634 973 2780 1029; x_wconf 78' lang='grc' dir='ltr'>πολὺ</span> <span class='ocrx_word' id='word_1_89' title='bbox 2811 983 3007 1052; x_wconf 83' lang='grc' dir='ltr'>περιῆν</span> <span class='ocrx_word' id='word_1_90' title='bbox 3038 982 3107 1051; x_wconf 79' lang='grc' dir='ltr'>τῇ</span> <span class='ocrx_word' id='word_1_91' title='bbox 3159 976 3286 1054; x_wconf 80' lang='grc' dir='ltr'>δόξῃ</span> <span class='ocrx_word' id='word_1_92' title='bbox 3307 1000 3319 1011; x_wconf 69' lang='grc' dir='ltr'><strong>ο</strong></span> <span class='ocrx_word' id='word_1_93' title='bbox 3369 987 3497 1036; x_wconf 75' lang='grc' dir='ltr'>πᾶσι</span> <span class='ocrx_word' id='word_1_94' title='bbox 3550 985 3641 1056; x_wconf 76' lang='grc' dir='ltr'>μὲν</span> <span class='ocrx_word' id='word_1_95' title='bbox 3705 986 3784 1040; x_wconf 84' lang='grc' dir='ltr'>ὥν</span> 
     </span>
    </p>
   </div>
   <div class='ocr_carea' id='block_1_14' title="bbox 343 1061 1950 1147">
    <p class='ocr_par' dir='ltr' id='par_1_14' title="bbox 343 1067 1950 1140">
     <span class='ocr_line' id='line_1_14' title="bbox 343 1067 1950 1140; baseline -0.001 -18"><span class='ocrx_word' id='word_1_96' title='bbox 343 1067 666 1122; x_wconf 84' lang='lat' dir='ltr'>collectam.</span> <span class='ocrx_word' id='word_1_97' title='bbox 718 1068 784 1122; x_wconf 87' lang='lat' dir='ltr'><strong>Et</strong></span> <span class='ocrx_word' id='word_1_98' title='bbox 813 1067 1031 1139; x_wconf 87' lang='lat' dir='ltr'>quibus</span> <span class='ocrx_word' id='word_1_99' title='bbox 1083 1069 1269 1140; x_wconf 89' lang='lat' dir='ltr'>gradu</span> <span class='ocrx_word' id='word_1_100' title='bbox 1313 1068 1553 1124; x_wconf 88' lang='lat' dir='ltr'>inferior</span> <span class='ocrx_word' id='word_1_101' title='bbox 1584 1072 1728 1137; x_wconf 90' lang='lat' dir='ltr'>erat,</span> <span class='ocrx_word' id='word_1_102' title='bbox 1762 1067 1950 1122; x_wconf 78' lang='lat' dir='ltr'>eosdei</span> 
     </span>
    </p>
   </div>
   <div class='ocr_carea' id='block_1_15' title="bbox 2177 1061 3784 1147">
    <p class='ocr_par' dir='ltr' id='par_1_15' title="bbox 2177 1063 3784 1147">
     <span class='ocr_line' id='line_1_15' title="bbox 2177 1063 3784 1147; baseline 0.009 -31"><span class='ocrx_word' id='word_1_103' title='bbox 2177 1064 2199 1118; x_wconf 75' lang='grc' dir='ltr'>Ξι</span> <span class='ocrx_word' id='word_1_104' title='bbox 2256 1063 2609 1142; x_wconf 77' lang='grc' dir='ltr'>σωφροσύνην</span> <span class='ocrx_word' id='word_1_105' title='bbox 2658 1063 2970 1140; x_wconf 70' lang='grc' dir='ltr'>ἐπέραστος,</span> <span class='ocrx_word' id='word_1_106' title='bbox 3031 1066 3118 1121; x_wconf 85' lang='grc' dir='ltr'>καὶ</span> <span class='ocrx_word' id='word_1_107' title='bbox 3181 1065 3272 1122; x_wconf 75' lang='grc' dir='ltr'>διὰ</span> <span class='ocrx_word' id='word_1_108' title='bbox 3319 1070 3481 1125; x_wconf 75' lang='grc' dir='ltr'>τοῦτο</span> <span class='ocrx_word' id='word_1_109' title='bbox 3524 1074 3590 1127; x_wconf 75' lang='grc' dir='ltr'>τά</span> <span class='ocrx_word' id='word_1_110' title='bbox 3616 1075 3784 1147; x_wconf 69' lang='grc' dir='ltr'>τίμια</span> 
     </span>
    </p>
   </div>
   <div class='ocr_carea' id='block_1_16' title="bbox 341 1152 1948 1239">
    <p class='ocr_par' dir='ltr' id='par_1_16' title="bbox 341 1152 1948 1227">
     <span class='ocr_line' id='line_1_16' title="bbox 341 1152 1948 1227; baseline 0.001 -20"><span class='ocrx_word' id='word_1_111' title='bbox 341 1152 529 1225; x_wconf 78' lang='lat' dir='ltr'>gloria</span> <span class='ocrx_word' id='word_1_112' title='bbox 558 1154 727 1226; x_wconf 87' lang='lat' dir='ltr'>longe</span> <span class='ocrx_word' id='word_1_113' title='bbox 758 1155 1095 1225; x_wconf 80' lang='lat' dir='ltr'>superabat.</span> <span class='ocrx_word' id='word_1_114' title='bbox 1131 1156 1239 1221; x_wconf 86' lang='lat' dir='ltr'>Qui</span> <span class='ocrx_word' id='word_1_115' title='bbox 1287 1172 1421 1210; x_wconf 93' lang='lat' dir='ltr'>cum</span> <span class='ocrx_word' id='word_1_116' title='bbox 1455 1156 1527 1211; x_wconf 95' lang='lat' dir='ltr'>ob</span> <span class='ocrx_word' id='word_1_117' title='bbox 1569 1155 1912 1227; x_wconf 82' lang='lat' dir='ltr'>pudicitiam</span> <span class='ocrx_word' id='word_1_118' title='bbox 1946 1181 1948 1199; x_wconf 74' lang='grc' dir='ltr'>ι</span> 
     </span>
    </p>
   </div>
   <div class='ocr_carea' id='block_1_17' title="bbox 2165 1152 3772 1239">
    <p class='ocr_par' dir='ltr' id='par_1_17' title="bbox 2165 1152 3772 1239">
     <span class='ocr_line' id='line_1_17' title="bbox 2165 1152 3772 1239; baseline 0.007 -33"><span class='ocrx_word' id='word_1_119' title='bbox 2165 1152 2497 1225; x_wconf 86' lang='grc' dir='ltr'>,στευόμενος</span> <span class='ocrx_word' id='word_1_120' title='bbox 2563 1156 2697 1227; x_wconf 90' lang='grc'>(10),</span> <span class='ocrx_word' id='word_1_121' title='bbox 2756 1154 2845 1209; x_wconf 83' lang='grc' dir='ltr'>καὶ</span> <span class='ocrx_word' id='word_1_122' title='bbox 2909 1152 3078 1226; x_wconf 75' lang='grc' dir='ltr'>μηδὲν</span> <span class='ocrx_word' id='word_1_123' title='bbox 3149 1157 3542 1235; x_wconf 79' lang='grc' dir='ltr'>Ἱπποκράτους</span> <span class='ocrx_word' id='word_1_124' title='bbox 3620 1160 3772 1239; x_wconf 63' lang='lat' dir='ltr'>6px:-</span> 
     </span>
    </p>
   </div>
   <div class='ocr_carea' id='block_1_18' title="bbox 341 1238 1948 1327">
    <p class='ocr_par' dir='ltr' id='par_1_18' title="bbox 341 1243 1948 1315">
     <span class='ocr_line' id='line_1_18' title="bbox 341 1243 1948 1315; baseline 0.002 -18"><span class='ocrx_word' id='word_1_125' title='bbox 341 1243 792 1313; x_wconf 90' lang='lat' dir='ltr'>temperantiam</span> <span class='ocrx_word' id='word_1_126' title='bbox 857 1244 1134 1299; x_wconf 90' lang='lat' dir='ltr'>omnibus</span> <span class='ocrx_word' id='word_1_127' title='bbox 1194 1244 1409 1300; x_wconf 91' lang='lat' dir='ltr'>charus</span> <span class='ocrx_word' id='word_1_128' title='bbox 1469 1250 1645 1311; x_wconf 85' lang='lat' dir='ltr'>esset,</span> <span class='ocrx_word' id='word_1_129' title='bbox 1705 1246 1948 1315; x_wconf 76' lang='lat' dir='ltr'>eaquec</span> 
     </span>
    </p>
   </div>
   <div class='ocr_carea' id='block_1_19' title="bbox 2153 1238 3760 1327">
    <p class='ocr_par' dir='ltr' id='par_1_19' title="bbox 2153 1238 3760 1327">
     <span class='ocr_line' id='line_1_19' title="bbox 2153 1238 3760 1327; baseline 0.005 -32"><span class='ocrx_word' id='word_1_130' title='bbox 2153 1246 2239 1296; x_wconf 76' lang='grc' dir='ltr'>τοῦ</span> <span class='ocrx_word' id='word_1_131' title='bbox 2273 1238 2697 1316; x_wconf 86' lang='grc' dir='ltr'>προσδεόμενος,</span> <span class='ocrx_word' id='word_1_132' title='bbox 2731 1242 2806 1303; x_wconf 85' lang='grc' dir='ltr'>ὡς</span> <span class='ocrx_word' id='word_1_133' title='bbox 2862 1241 3031 1315; x_wconf 65' lang='grc' dir='ltr'>μηδὲν</span> <span class='ocrx_word' id='word_1_134' title='bbox 3080 1245 3217 1299; x_wconf 83' lang='grc' dir='ltr'>εἶναι</span> <span class='ocrx_word' id='word_1_135' title='bbox 3264 1248 3353 1301; x_wconf 79' lang='grc' dir='ltr'>καὶ</span> <span class='ocrx_word' id='word_1_136' title='bbox 3400 1250 3501 1319; x_wconf 80' lang='grc' dir='ltr'>τήν</span> <span class='ocrx_word' id='word_1_137' title='bbox 3555 1238 3760 1327; x_wconf 77' lang='grc' dir='ltr'>Κράτη-</span> 
     </span>
    </p>
   </div>
   <div class='ocr_carea' id='block_1_20' title="bbox 344 1329 1951 1414">
    <p class='ocr_par' dir='ltr' id='par_1_20' title="bbox 344 1332 1951 1405">
     <span class='ocr_line' id='line_1_20' title="bbox 344 1332 1951 1405; baseline 0.002 -20"><span class='ocrx_word' id='word_1_138' title='bbox 344 1347 522 1386; x_wconf 89' lang='lat' dir='ltr'>causa</span> <span class='ocrx_word' id='word_1_139' title='bbox 569 1332 959 1403; x_wconf 90' lang='lat' dir='ltr'>pretiosarum</span> <span class='ocrx_word' id='word_1_140' title='bbox 1009 1351 1204 1389; x_wconf 89' lang='lat' dir='ltr'>rerum</span> <span class='ocrx_word' id='word_1_141' title='bbox 1255 1352 1458 1390; x_wconf 92' lang='lat' dir='ltr'>curam</span> <span class='ocrx_word' id='word_1_142' title='bbox 1505 1336 1848 1405; x_wconf 88' lang='lat' dir='ltr'>susciperet,</span> <span class='ocrx_word' id='word_1_143' title='bbox 1898 1351 1951 1388; x_wconf 64' lang='lat' dir='ltr'>ne</span> 
     </span>
    </p>
   </div>
   <div class='ocr_carea' id='block_1_21' title="bbox 2156 1329 3763 1414">
    <p class='ocr_par' dir='ltr' id='par_1_21' title="bbox 2156 1329 3763 1414">
     <span class='ocr_line' id='line_1_21' title="bbox 2156 1329 3763 1414; baseline 0.006 -29"><span class='ocrx_word' id='word_1_144' title='bbox 2156 1352 2203 1393; x_wconf 81' lang='grc' dir='ltr'>›ς</span> <span class='ocrx_word' id='word_1_145' title='bbox 2259 1329 2547 1400; x_wconf 79' lang='grc' dir='ltr'>ἁπλότητα</span> <span class='ocrx_word' id='word_1_146' title='bbox 2598 1333 2708 1405; x_wconf 90' lang='grc'>(11)</span> <span class='ocrx_word' id='word_1_147' title='bbox 2760 1334 2893 1406; x_wconf 84' lang='grc' dir='ltr'>πρὸς</span> <span class='ocrx_word' id='word_1_148' title='bbox 2942 1334 3041 1401; x_wconf 76' lang='grc' dir='ltr'>τὴν</span> <span class='ocrx_word' id='word_1_149' title='bbox 3094 1333 3298 1390; x_wconf 83' lang='grc' dir='ltr'>ἐκείνου</span> <span class='ocrx_word' id='word_1_150' title='bbox 3342 1339 3763 1414; x_wconf 70' lang='grc' dir='ltr'>θεωρουμένην·</span> 
     </span>
    </p>
   </div>
   <div class='ocr_carea' id='block_1_22' title="bbox 343 1416 1950 1503">
    <p class='ocr_par' dir='ltr' id='par_1_22' title="bbox 343 1421 1950 1496">
     <span class='ocr_line' id='line_1_22' title="bbox 343 1421 1950 1496; baseline 0.001 -21"><span class='ocrx_word' id='word_1_151' title='bbox 343 1421 678 1491; x_wconf 85' lang='lat' dir='ltr'>adjuratore</span> <span class='ocrx_word' id='word_1_152' title='bbox 734 1423 1083 1494; x_wconf 84' lang='lat' dir='ltr'>Hippocrate</span> <span class='ocrx_word' id='word_1_153' title='bbox 1144 1422 1260 1479; x_wconf 91' lang='lat' dir='ltr'>ullo</span> <span class='ocrx_word' id='word_1_154' title='bbox 1315 1428 1487 1480; x_wconf 92' lang='lat' dir='ltr'>modo</span> <span class='ocrx_word' id='word_1_155' title='bbox 1542 1441 1690 1496; x_wconf 88' lang='lat' dir='ltr'>opus</span> <span class='ocrx_word' id='word_1_156' title='bbox 1739 1424 1950 1479; x_wconf 88' lang='lat' dir='ltr'>habere</span> 
     </span>
    </p>
   </div>
   <div class='ocr_carea' id='block_1_23' title="bbox 2165 1416 3772 1503">
    <p class='ocr_par' dir='ltr' id='par_1_23' title="bbox 2165 1416 3772 1503">
     <span class='ocr_line' id='line_1_23' title="bbox 2165 1416 3772 1503; baseline 0.004 -28"><span class='ocrx_word' id='word_1_157' title='bbox 2165 1426 2237 1475; x_wconf 80' lang='grc' dir='ltr'>ἱσι</span> <span class='ocrx_word' id='word_1_158' title='bbox 2267 1417 2323 1475; x_wconf 69' lang='grc' dir='ltr'>δὲ</span> <span class='ocrx_word' id='word_1_159' title='bbox 2352 1418 2518 1474; x_wconf 84' lang='grc' dir='ltr'>πλέον</span> <span class='ocrx_word' id='word_1_160' title='bbox 2625 1416 2761 1475; x_wconf 73' lang='grc' dir='ltr'>κατὰ</span> <span class='ocrx_word' id='word_1_161' title='bbox 2802 1422 2899 1488; x_wconf 76' lang='grc' dir='ltr'>τήν</span> <span class='ocrx_word' id='word_1_162' title='bbox 2954 1422 3097 1492; x_wconf 79' lang='grc' dir='ltr'>ἀξίαν</span> <span class='ocrx_word' id='word_1_163' title='bbox 3146 1422 3454 1498; x_wconf 71' lang='grc' dir='ltr'>αἰδέσιμος,</span> <span class='ocrx_word' id='word_1_164' title='bbox 3509 1427 3772 1503; x_wconf 78' lang='grc' dir='ltr'>μεγάλων</span> 
     </span>
    </p>
   </div>
   <div class='ocr_carea' id='block_1_24' title="bbox 342 1508 1949 1588">
    <p class='ocr_par' dir='ltr' id='par_1_24' title="bbox 342 1510 1916 1585">
     <span class='ocr_line' id='line_1_24' title="bbox 342 1510 1916 1585; baseline 0.002 -21"><span class='ocrx_word' id='word_1_165' title='bbox 342 1510 484 1565; x_wconf 91' lang='lat' dir='ltr'>adeo</span> <span class='ocrx_word' id='word_1_166' title='bbox 521 1514 585 1565; x_wconf 89' lang='lat' dir='ltr'>ut</span> <span class='ocrx_word' id='word_1_167' title='bbox 615 1511 759 1565; x_wconf 90' lang='lat' dir='ltr'>nihil</span> <span class='ocrx_word' id='word_1_168' title='bbox 792 1529 1036 1583; x_wconf 91' lang='lat' dir='ltr'>prorsus</span> <span class='ocrx_word' id='word_1_169' title='bbox 1068 1517 1223 1568; x_wconf 84' lang='lat' dir='ltr'>esset</span> <span class='ocrx_word' id='word_1_170' title='bbox 1252 1514 1501 1570; x_wconf 89' lang='lat' dir='ltr'>Cratetis</span> <span class='ocrx_word' id='word_1_171' title='bbox 1545 1512 1916 1585; x_wconf 84' lang='lat' dir='ltr'>simplicitas,</span> 
     </span>
    </p>
   </div>
   <div class='ocr_carea' id='block_1_25' title="bbox 2169 1508 3776 1588">
    <p class='ocr_par' dir='ltr' id='par_1_25' title="bbox 2169 1508 3776 1588">
     <span class='ocr_line' id='line_1_25' title="bbox 2169 1508 3776 1588; baseline 0.006 -25"><span class='ocrx_word' id='word_1_172' title='bbox 2169 1529 2207 1563; x_wconf 72' lang='grc' dir='ltr'>ιν</span> <span class='ocrx_word' id='word_1_173' title='bbox 2240 1508 2321 1564; x_wconf 81' lang='grc' dir='ltr'>ἀεὶ</span> <span class='ocrx_word' id='word_1_174' title='bbox 2351 1513 2458 1563; x_wconf 90' lang='grc' dir='ltr'>τῶν</span> <span class='ocrx_word' id='word_1_175' title='bbox 2492 1508 2774 1585; x_wconf 82' lang='grc' dir='ltr'>παρόντων</span> <span class='ocrx_word' id='word_1_176' title='bbox 2807 1509 3147 1583; x_wconf 65' lang='grc' dir='ltr'>ἀξιούμενος,</span> <span class='ocrx_word' id='word_1_177' title='bbox 3199 1515 3463 1586; x_wconf 77' lang='grc' dir='ltr'>μειζόνων</span> <span class='ocrx_word' id='word_1_178' title='bbox 3516 1514 3573 1571; x_wconf 75' lang='grc' dir='ltr'>δὲ</span> <span class='ocrx_word' id='word_1_179' title='bbox 3621 1518 3776 1588; x_wconf 78' lang='grc' dir='ltr'>ἄξιος</span> 
     </span>
    </p>
   </div>
   <div class='ocr_carea' id='block_1_26' title="bbox 343 1597 1950 1680">
    <p class='ocr_par' dir='ltr' id='par_1_26' title="bbox 343 1598 1950 1672">
     <span class='ocr_line' id='line_1_26' title="bbox 343 1598 1950 1672; baseline 0.001 -19"><span class='ocrx_word' id='word_1_180' title='bbox 343 1615 473 1653; x_wconf 91' lang='lat' dir='ltr'>cum</span> <span class='ocrx_word' id='word_1_181' title='bbox 509 1598 671 1655; x_wconf 86' lang='lat' dir='ltr'>illius</span> <span class='ocrx_word' id='word_1_182' title='bbox 704 1599 1079 1672; x_wconf 85' lang='lat' dir='ltr'>simplicitate</span> <span class='ocrx_word' id='word_1_183' title='bbox 1110 1602 1470 1657; x_wconf 88' lang='lat' dir='ltr'>conferretur</span> <span class='ocrx_word' id='word_1_184' title='bbox 1506 1620 1519 1657; x_wconf 89' lang='lat'><strong>:</strong></span> <span class='ocrx_word' id='word_1_185' title='bbox 1562 1602 1837 1656; x_wconf 90' lang='lat' dir='ltr'>omnibus</span> <span class='ocrx_word' id='word_1_186' title='bbox 1869 1618 1950 1656; x_wconf 74' lang='lat' dir='ltr'>ru]</span> 
     </span>
    </p>
   </div>
   <div class='ocr_carea' id='block_1_27' title="bbox 2170 1597 3777 1680">
    <p class='ocr_par' dir='ltr' id='par_1_27' title="bbox 2170 1597 3777 1680">
     <span class='ocr_line' id='line_1_27' title="bbox 2170 1597 3777 1680; baseline 0.006 -28"><span class='ocrx_word' id='word_1_187' title='bbox 2170 1620 2240 1653; x_wconf 66' lang='grc' dir='ltr'>θαι</span> <span class='ocrx_word' id='word_1_188' title='bbox 2269 1604 2377 1653; x_wconf 90' lang='grc' dir='ltr'>τῶν</span> <span class='ocrx_word' id='word_1_189' title='bbox 2405 1597 2781 1671; x_wconf 83' lang='grc' dir='ltr'>έλπιζομενων</span> <span class='ocrx_word' id='word_1_190' title='bbox 2816 1600 3137 1674; x_wconf 85' lang='grc' dir='ltr'>κρινόμενος</span> <span class='ocrx_word' id='word_1_191' title='bbox 3184 1608 3303 1665; x_wconf 84' lang='grc' dir='ltr'>τοῖς</span> <span class='ocrx_word' id='word_1_192' title='bbox 3346 1625 3406 1659; x_wconf 88' lang='grc' dir='ltr'>τε</span> <span class='ocrx_word' id='word_1_193' title='bbox 3458 1604 3777 1680; x_wconf 77' lang='grc' dir='ltr'>βασιλεῦσιν</span> 
     </span>
    </p>
   </div>
   <div class='ocr_carea' id='block_1_28' title="bbox 342 1687 1949 1769">
    <p class='ocr_par' dir='ltr' id='par_1_28' title="bbox 342 1688 1949 1763">
     <span class='ocr_line' id='line_1_28' title="bbox 342 1688 1949 1763; baseline 0 -21"><span class='ocrx_word' id='word_1_194' title='bbox 342 1704 473 1743; x_wconf 87' lang='lat' dir='ltr'>sum</span> <span class='ocrx_word' id='word_1_195' title='bbox 509 1688 697 1760; x_wconf 86' lang='lat' dir='ltr'>magis</span> <span class='ocrx_word' id='word_1_196' title='bbox 736 1705 913 1761; x_wconf 88' lang='lat' dir='ltr'>quam</span> <span class='ocrx_word' id='word_1_197' title='bbox 963 1706 1067 1761; x_wconf 91' lang='lat' dir='ltr'>pro</span> <span class='ocrx_word' id='word_1_198' title='bbox 1116 1689 1421 1761; x_wconf 87' lang='lat' dir='ltr'>dignitatis</span> <span class='ocrx_word' id='word_1_199' title='bbox 1466 1690 1654 1762; x_wconf 88' lang='lat' dir='ltr'>ipsius</span> <span class='ocrx_word' id='word_1_200' title='bbox 1688 1690 1873 1763; x_wconf 89' lang='lat' dir='ltr'>gradu</span> <span class='ocrx_word' id='word_1_201' title='bbox 1907 1707 1949 1742; x_wconf 71' lang='lat' dir='ltr'>V1</span> 
     </span>
    </p>
   </div>
   <div class='ocr_carea' id='block_1_29' title="bbox 2170 1687 3777 1769">
    <p class='ocr_par' dir='ltr' id='par_1_29' title="bbox 2170 1687 3777 1769">
     <span class='ocr_line' id='line_1_29' title="bbox 2170 1687 3777 1769; baseline 0.005 -26"><span class='ocrx_word' id='word_1_202' title='bbox 2170 1693 2317 1755; x_wconf 69' lang='grc' dir='ltr'>ντοῖς,</span> <span class='ocrx_word' id='word_1_203' title='bbox 2366 1687 2454 1743; x_wconf 83' lang='grc' dir='ltr'>καὶ</span> <span class='ocrx_word' id='word_1_204' title='bbox 2505 1689 2621 1743; x_wconf 86' lang='grc' dir='ltr'>’ὀσοι</span> <span class='ocrx_word' id='word_1_205' title='bbox 2670 1688 2737 1743; x_wconf 79' lang='grc' dir='ltr'>τά</span> <span class='ocrx_word' id='word_1_206' title='bbox 2784 1694 2972 1763; x_wconf 81' lang='grc' dir='ltr'>πρῶτα</span> <span class='ocrx_word' id='word_1_207' title='bbox 3008 1692 3122 1761; x_wconf 86' lang='grc' dir='ltr'>μετ’</span> <span class='ocrx_word' id='word_1_208' title='bbox 3153 1689 3387 1755; x_wconf 79' lang='grc' dir='ltr'>ἐκείνους</span> <span class='ocrx_word' id='word_1_209' title='bbox 3418 1692 3636 1769; x_wconf 83' lang='grc' dir='ltr'>ἔχουσιν</span> <span class='ocrx_word' id='word_1_210' title='bbox 3659 1715 3670 1725; x_wconf 92' lang='grc'><strong>·</strong></span> <span class='ocrx_word' id='word_1_211' title='bbox 3705 1696 3777 1751; x_wconf 84' lang='grc' dir='ltr'>τὸ</span> 
     </span>
    </p>
   </div>
   <div class='ocr_carea' id='block_1_30' title="bbox 341 1775 1948 1856">
    <p class='ocr_par' dir='ltr' id='par_1_30' title="bbox 341 1776 1948 1852">
     <span class='ocr_line' id='line_1_30' title="bbox 341 1776 1948 1852; baseline 0.001 -21"><span class='ocrx_word' id='word_1_212' title='bbox 341 1776 624 1832; x_wconf 90' lang='lat' dir='ltr'>nerabilis</span> <span class='ocrx_word' id='word_1_213' title='bbox 654 1783 799 1834; x_wconf 88' lang='lat' dir='ltr'>erat.</span> <span class='ocrx_word' id='word_1_214' title='bbox 848 1778 1112 1850; x_wconf 82' lang='lat' dir='ltr'>Cumque</span> <span class='ocrx_word' id='word_1_215' title='bbox 1154 1796 1404 1852; x_wconf 86' lang='lat' dir='ltr'>magnus</span> <span class='ocrx_word' id='word_1_216' title='bbox 1447 1780 1705 1851; x_wconf 89' lang='lat' dir='ltr'>quotidie</span> <span class='ocrx_word' id='word_1_217' title='bbox 1750 1779 1948 1852; x_wconf 74' lang='lat' dir='ltr'>dignit:</span> 
     </span>
    </p>
   </div>
   <div class='ocr_carea' id='block_1_31' title="bbox 2171 1775 3778 1856">
    <p class='ocr_par' dir='ltr' id='par_1_31' title="bbox 2214 1776 3778 1856">
     <span class='ocr_line' id='line_1_31' title="bbox 2214 1776 3778 1856; baseline 0.005 -24"><span class='ocrx_word' id='word_1_218' title='bbox 2214 1776 2490 1853; x_wconf 84' lang='grc' dir='ltr'>μέγιστον,</span> <span class='ocrx_word' id='word_1_219' title='bbox 2553 1776 2633 1832; x_wconf 80' lang='grc' dir='ltr'>ὅτι</span> <span class='ocrx_word' id='word_1_220' title='bbox 2688 1780 2826 1850; x_wconf 72' lang='grc' dir='ltr'>μήτε</span> <span class='ocrx_word' id='word_1_221' title='bbox 2874 1776 2975 1832; x_wconf 82' lang='grc' dir='ltr'>ὑπὸ</span> <span class='ocrx_word' id='word_1_222' title='bbox 3022 1786 3123 1848; x_wconf 82' lang='grc' dir='ltr'>τῆς</span> <span class='ocrx_word' id='word_1_223' title='bbox 3171 1777 3332 1852; x_wconf 81' lang='grc' dir='ltr'>δόξης</span> <span class='ocrx_word' id='word_1_224' title='bbox 3369 1785 3507 1855; x_wconf 68' lang='grc' dir='ltr'>μήτε</span> <span class='ocrx_word' id='word_1_225' title='bbox 3538 1784 3639 1839; x_wconf 82' lang='grc' dir='ltr'>ὑπό</span> <span class='ocrx_word' id='word_1_226' title='bbox 3667 1792 3778 1856; x_wconf 78' lang='grc' dir='ltr'>τῆς</span> 
     </span>
    </p>
   </div>
   <div class='ocr_carea' id='block_1_32' title="bbox 339 1865 1946 1951">
    <p class='ocr_par' dir='ltr' id='par_1_32' title="bbox 339 1865 1946 1941">
     <span class='ocr_line' id='line_1_32' title="bbox 339 1865 1946 1941; baseline 0.002 -21"><span class='ocrx_word' id='word_1_227' title='bbox 339 1865 502 1921; x_wconf 91' lang='lat' dir='ltr'>tibus</span> <span class='ocrx_word' id='word_1_228' title='bbox 531 1871 858 1933; x_wconf 89' lang='lat' dir='ltr'>ornaretur,</span> <span class='ocrx_word' id='word_1_229' title='bbox 906 1868 1228 1940; x_wconf 87' lang='lat' dir='ltr'>majoribus</span> <span class='ocrx_word' id='word_1_230' title='bbox 1266 1874 1486 1935; x_wconf 90' lang='lat' dir='ltr'>tamen,</span> <span class='ocrx_word' id='word_1_231' title='bbox 1540 1887 1604 1924; x_wconf 89' lang='lat' dir='ltr'>ac</span> <span class='ocrx_word' id='word_1_232' title='bbox 1647 1870 1772 1940; x_wconf 88' lang='lat' dir='ltr'>jam</span> <span class='ocrx_word' id='word_1_233' title='bbox 1805 1869 1863 1924; x_wconf 92' lang='lat' dir='ltr'>in</span> <span class='ocrx_word' id='word_1_234' title='bbox 1898 1886 1946 1941; x_wconf 73' lang='grc' dir='ltr'>ει</span> 
     </span>
    </p>
   </div>
   <div class='ocr_carea' id='block_1_33' title="bbox 2165 1865 3772 1951">
    <p class='ocr_par' dir='ltr' id='par_1_33' title="bbox 2165 1868 3772 1951">
     <span class='ocr_line' id='line_1_33' title="bbox 2165 1868 3772 1951; baseline 0.006 -31"><span class='ocrx_word' id='word_1_235' title='bbox 2165 1890 2169 1913; x_wconf 77' lang='grc' dir='ltr'>ι</span> <span class='ocrx_word' id='word_1_236' title='bbox 2208 1868 2356 1940; x_wconf 87' lang='grc' dir='ltr'>μέσῳ</span> <span class='ocrx_word' id='word_1_237' title='bbox 2384 1874 2595 1945; x_wconf 78' lang='grc' dir='ltr'>τρυφῆς</span> <span class='ocrx_word' id='word_1_238' title='bbox 2643 1868 2740 1935; x_wconf 77' lang='grc' dir='ltr'>τὴν</span> <span class='ocrx_word' id='word_1_239' title='bbox 2771 1874 2870 1936; x_wconf 89' lang='grc' dir='ltr'>τῆς</span> <span class='ocrx_word' id='word_1_240' title='bbox 2922 1872 3107 1943; x_wconf 69' lang='grc' dir='ltr'>ψυχῆς</span> <span class='ocrx_word' id='word_1_241' title='bbox 3158 1869 3424 1945; x_wconf 77' lang='grc' dir='ltr'>εὐγένειαν</span> <span class='ocrx_word' id='word_1_242' title='bbox 3460 1870 3724 1951; x_wconf 77' lang='grc' dir='ltr'>διεφθάρη</span> <span class='ocrx_word' id='word_1_243' title='bbox 3757 1895 3772 1908; x_wconf 84' lang='grc'><em>’</em></span> 
     </span>
    </p>
   </div>
   <div class='ocr_carea' id='block_1_34' title="bbox 342 1954 1949 2039">
    <p class='ocr_par' dir='ltr' id='par_1_34' title="bbox 342 1956 1949 2031">
     <span class='ocr_line' id='line_1_34' title="bbox 342 1956 1949 2031; baseline 0.001 -20"><span class='ocrx_word' id='word_1_244' title='bbox 342 1956 573 2028; x_wconf 90' lang='lat' dir='ltr'>positis,</span> <span class='ocrx_word' id='word_1_245' title='bbox 597 1956 814 2028; x_wconf 86' lang='lat' dir='ltr'>dignus</span> <span class='ocrx_word' id='word_1_246' title='bbox 837 1958 1184 2028; x_wconf 90' lang='lat' dir='ltr'>habebatur,</span> <span class='ocrx_word' id='word_1_247' title='bbox 1209 1962 1335 2014; x_wconf 89' lang='lat' dir='ltr'>tum</span> <span class='ocrx_word' id='word_1_248' title='bbox 1356 1959 1426 2014; x_wconf 88' lang='lat' dir='ltr'>ab</span> <span class='ocrx_word' id='word_1_249' title='bbox 1460 1959 1604 2027; x_wconf 92' lang='lat' dir='ltr'>ipsis</span> <span class='ocrx_word' id='word_1_250' title='bbox 1637 1959 1949 2031; x_wconf 87' lang='lat' dir='ltr'>imperator</span> 
     </span>
    </p>
   </div>
   <div class='ocr_carea' id='block_1_35' title="bbox 2164 1954 3771 2039">
    <p class='ocr_par' dir='ltr' id='par_1_35' title="bbox 2164 1954 3771 2039">
     <span class='ocr_line' id='line_1_35' title="bbox 2164 1954 3771 2039; baseline 0.004 -28"><span class='ocrx_word' id='word_1_251' title='bbox 2164 1955 2255 2011; x_wconf 66' lang='grc' dir='ltr'>ιλά</span> <span class='ocrx_word' id='word_1_252' title='bbox 2278 1954 2503 2011; x_wconf 79' lang='grc' dir='ltr'>πολλῶν</span> <span class='ocrx_word' id='word_1_253' title='bbox 2537 1954 2627 2010; x_wconf 90' lang='lat' dir='ltr'>xui</span> <span class='ocrx_word' id='word_1_254' title='bbox 2663 1955 2912 2032; x_wconf 80' lang='grc' dir='ltr'>μεγάλων</span> <span class='ocrx_word' id='word_1_255' title='bbox 2957 1957 3313 2034; x_wconf 73' lang='grc' dir='ltr'>ὑπαρχόντων</span> <span class='ocrx_word' id='word_1_256' title='bbox 3348 1960 3513 2034; x_wconf 79' lang='grc' dir='ltr'>αὐτῷ,</span> <span class='ocrx_word' id='word_1_257' title='bbox 3548 1967 3771 2039; x_wconf 89' lang='grc' dir='ltr'>πρῶτον</span> 
     </span>
    </p>
   </div>
   <div class='ocr_carea' id='block_1_36' title="bbox 340 2045 1947 2123">
    <p class='ocr_par' dir='ltr' id='par_1_36' title="bbox 340 2045 1947 2121">
     <span class='ocr_line' id='line_1_36' title="bbox 340 2045 1947 2121; baseline 0.002 -21"><span class='ocrx_word' id='word_1_258' title='bbox 340 2045 477 2113; x_wconf 88' lang='lat' dir='ltr'>bus,</span> <span class='ocrx_word' id='word_1_259' title='bbox 499 2049 624 2101; x_wconf 90' lang='lat' dir='ltr'>tum</span> <span class='ocrx_word' id='word_1_260' title='bbox 654 2046 726 2101; x_wconf 86' lang='lat' dir='ltr'>ab</span> <span class='ocrx_word' id='word_1_261' title='bbox 759 2046 1035 2102; x_wconf 91' lang='lat' dir='ltr'>omnibus</span> <span class='ocrx_word' id='word_1_262' title='bbox 1067 2048 1139 2103; x_wconf 89' lang='lat' dir='ltr'>iis</span> <span class='ocrx_word' id='word_1_263' title='bbox 1167 2048 1266 2120; x_wconf 91' lang='lat' dir='ltr'>qui</span> <span class='ocrx_word' id='word_1_264' title='bbox 1298 2048 1521 2121; x_wconf 91' lang='lat' dir='ltr'>primas</span> <span class='ocrx_word' id='word_1_265' title='bbox 1551 2049 1875 2104; x_wconf 90' lang='lat' dir='ltr'>secundum</span> <span class='ocrx_word' id='word_1_266' title='bbox 1899 2065 1947 2104; x_wconf 74' lang='lat' dir='ltr'>et</span> 
     </span>
    </p>
   </div>
   <div class='ocr_carea' id='block_1_37' title="bbox 2163 2045 3770 2123">
    <p class='ocr_par' dir='ltr' id='par_1_37' title="bbox 2181 2045 3770 2123">
     <span class='ocr_line' id='line_1_37' title="bbox 2181 2045 3770 2123; baseline 0.004 -23"><span class='ocrx_word' id='word_1_267' title='bbox 2181 2046 2256 2107; x_wconf 76' lang='grc' dir='ltr'>εἷς</span> <span class='ocrx_word' id='word_1_268' title='bbox 2313 2045 2525 2119; x_wconf 80' lang='grc' dir='ltr'>ἀξίωμα</span> <span class='ocrx_word' id='word_1_269' title='bbox 2582 2048 2902 2121; x_wconf 71' lang='grc' dir='ltr'>Χριστιανὸν</span> <span class='ocrx_word' id='word_1_270' title='bbox 2962 2047 3048 2101; x_wconf 80' lang='grc' dir='ltr'>καὶ</span> <span class='ocrx_word' id='word_1_271' title='bbox 3093 2048 3347 2103; x_wconf 74' lang='grc' dir='ltr'>εἶναικαὶ</span> <span class='ocrx_word' id='word_1_272' title='bbox 3384 2050 3770 2123; x_wconf 83' lang='grc' dir='ltr'>ὀνομάζεσθαι·</span> 
     </span>
    </p>
   </div>
   <div class='ocr_carea' id='block_1_38' title="bbox 338 2132 1945 2216">
    <p class='ocr_par' dir='ltr' id='par_1_38' title="bbox 338 2135 1945 2207">
     <span class='ocr_line' id='line_1_38' title="bbox 338 2135 1945 2207; baseline 0.002 -19"><span class='ocrx_word' id='word_1_273' title='bbox 338 2135 639 2189; x_wconf 87' lang='lat' dir='ltr'>tenebant.</span> <span class='ocrx_word' id='word_1_274' title='bbox 674 2136 958 2207; x_wconf 90' lang='lat' dir='ltr'>Quodque</span> <span class='ocrx_word' id='word_1_275' title='bbox 987 2135 1309 2191; x_wconf 86' lang='lat' dir='ltr'>maximum</span> <span class='ocrx_word' id='word_1_276' title='bbox 1345 2138 1705 2192; x_wconf 90' lang='lat' dir='ltr'>censendum</span> <span class='ocrx_word' id='word_1_277' title='bbox 1747 2142 1858 2205; x_wconf 90' lang='lat' dir='ltr'>est,</span> <span class='ocrx_word' id='word_1_278' title='bbox 1894 2154 1945 2191; x_wconf 68' lang='lat' dir='ltr'>n1</span> 
     </span>
    </p>
   </div>
   <div class='ocr_carea' id='block_1_39' title="bbox 2181 2132 3788 2216">
    <p class='ocr_par' dir='ltr' id='par_1_39' title="bbox 2181 2132 3788 2216">
     <span class='ocr_line' id='line_1_39' title="bbox 2181 2132 3788 2216; baseline 0.006 -29"><span class='ocrx_word' id='word_1_279' title='bbox 2181 2134 2209 2187; x_wconf 85' lang='lat' dir='ltr'>:i</span> <span class='ocrx_word' id='word_1_280' title='bbox 2241 2134 2414 2188; x_wconf 84' lang='grc' dir='ltr'>πάντα</span> <span class='ocrx_word' id='word_1_281' title='bbox 2447 2134 2588 2207; x_wconf 80' lang='grc' dir='ltr'>ὀμοῦ</span> <span class='ocrx_word' id='word_1_282' title='bbox 2640 2132 2829 2189; x_wconf 86' lang='grc' dir='ltr'>παιδιά</span> <span class='ocrx_word' id='word_1_283' title='bbox 2849 2157 2929 2197; x_wconf 89' lang='grc' dir='ltr'>τις</span> <span class='ocrx_word' id='word_1_284' title='bbox 2980 2134 3164 2209; x_wconf 73' lang='grc' dir='ltr'>ἰκείνῳ</span> <span class='ocrx_word' id='word_1_285' title='bbox 3205 2137 3295 2191; x_wconf 87' lang='lat' dir='ltr'>xui</span> <span class='ocrx_word' id='word_1_286' title='bbox 3349 2136 3525 2214; x_wconf 82' lang='grc' dir='ltr'>λῆρος</span> <span class='ocrx_word' id='word_1_287' title='bbox 3556 2142 3696 2216; x_wconf 87' lang='grc' dir='ltr'>πρὸς</span> <span class='ocrx_word' id='word_1_288' title='bbox 3725 2139 3788 2197; x_wconf 76' lang='grc' dir='ltr'>ἓν</span> 
     </span>
    </p>
   </div>
   <div class='ocr_carea' id='block_1_40' title="bbox 337 2222 1944 2301">
    <p class='ocr_par' dir='ltr' id='par_1_40' title="bbox 337 2223 1944 2299">
     <span class='ocr_line' id='line_1_40' title="bbox 337 2223 1944 2299; baseline 0.002 -20"><span class='ocrx_word' id='word_1_289' title='bbox 337 2223 658 2290; x_wconf 87' lang='lat' dir='ltr'>commisit,</span> <span class='ocrx_word' id='word_1_290' title='bbox 695 2229 760 2279; x_wconf 90' lang='lat' dir='ltr'>ut</span> <span class='ocrx_word' id='word_1_291' title='bbox 791 2242 823 2279; x_wconf 91' lang='lat' dir='ltr'>a</span> <span class='ocrx_word' id='word_1_292' title='bbox 853 2224 1058 2297; x_wconf 86' lang='lat' dir='ltr'>gloria,</span> <span class='ocrx_word' id='word_1_293' title='bbox 1093 2230 1195 2280; x_wconf 91' lang='lat' dir='ltr'><strong>aut</strong></span> <span class='ocrx_word' id='word_1_294' title='bbox 1222 2228 1293 2282; x_wconf 94' lang='lat' dir='ltr'>ab</span> <span class='ocrx_word' id='word_1_295' title='bbox 1321 2225 1414 2294; x_wconf 90' lang='lat' dir='ltr'>iis,</span> <span class='ocrx_word' id='word_1_296' title='bbox 1451 2228 1605 2282; x_wconf 89' lang='lat' dir='ltr'>inter</span> <span class='ocrx_word' id='word_1_297' title='bbox 1636 2243 1787 2299; x_wconf 90' lang='lat' dir='ltr'>quas</span> <span class='ocrx_word' id='word_1_298' title='bbox 1821 2243 1944 2282; x_wconf 88' lang='lat' dir='ltr'>vers</span> 
     </span>
    </p>
   </div>
   <div class='ocr_carea' id='block_1_41' title="bbox 2178 2222 3785 2301">
    <p class='ocr_par' dir='ltr' id='par_1_41' title="bbox 2181 2222 3785 2301">
     <span class='ocr_line' id='line_1_41' title="bbox 2181 2222 3785 2301; baseline 0.004 -24"><span class='ocrx_word' id='word_1_299' title='bbox 2181 2228 2277 2278; x_wconf 79' lang='grc' dir='ltr'>ὖτο</span> <span class='ocrx_word' id='word_1_300' title='bbox 2320 2224 2634 2300; x_wconf 74' lang='grc' dir='ltr'>κρινόμενα.</span> <span class='ocrx_word' id='word_1_301' title='bbox 2693 2226 2767 2277; x_wconf 78' lang='grc' dir='ltr'>Τά</span> <span class='ocrx_word' id='word_1_302' title='bbox 2831 2226 2923 2297; x_wconf 73' lang='grc' dir='ltr'>μὲν</span> <span class='ocrx_word' id='word_1_303' title='bbox 2969 2225 3067 2301; x_wconf 80' lang='grc' dir='ltr'>γὰρ</span> <span class='ocrx_word' id='word_1_304' title='bbox 3116 2222 3261 2281; x_wconf 72' lang='grc' dir='ltr'>ἄλλα</span> <span class='ocrx_word' id='word_1_305' title='bbox 3304 2226 3377 2288; x_wconf 84' lang='grc' dir='ltr'>ὡς</span> <span class='ocrx_word' id='word_1_306' title='bbox 3436 2226 3522 2282; x_wconf 74' lang='grc' dir='ltr'>ἐπὶ</span> <span class='ocrx_word' id='word_1_307' title='bbox 3571 2238 3785 2301; x_wconf 80' lang='grc' dir='ltr'>σκηνῆς</span> 
     </span>
    </p>
   </div>
   <div class='ocr_carea' id='block_1_42' title="bbox 338 2311 1945 2390">
    <p class='ocr_par' dir='ltr' id='par_1_42' title="bbox 338 2312 1945 2389">
     <span class='ocr_line' id='line_1_42' title="bbox 338 2312 1945 2389; baseline 0.002 -21"><span class='ocrx_word' id='word_1_308' title='bbox 338 2313 531 2379; x_wconf 86' lang='lat' dir='ltr'>batur,</span> <span class='ocrx_word' id='word_1_309' title='bbox 564 2312 812 2385; x_wconf 81' lang='lat' dir='ltr'>deliciis,</span> <span class='ocrx_word' id='word_1_310' title='bbox 864 2315 1073 2370; x_wconf 62' lang='lat' dir='ltr'>animas</span> <span class='ocrx_word' id='word_1_311' title='bbox 1113 2332 1230 2370; x_wconf 71' lang='lat' dir='ltr'>suaa</span> <span class='ocrx_word' id='word_1_312' title='bbox 1278 2316 1552 2372; x_wconf 91' lang='lat' dir='ltr'>nobilitas</span> <span class='ocrx_word' id='word_1_313' title='bbox 1598 2332 1945 2389; x_wconf 29' lang='lat' dir='ltr'>corrumper‘</span> 
     </span>
    </p>
   </div>
   <div class='ocr_carea' id='block_1_43' title="bbox 2173 2311 3780 2390">
    <p class='ocr_par' dir='ltr' id='par_1_43' title="bbox 2173 2311 3780 2390">
     <span class='ocr_line' id='line_1_43' title="bbox 2173 2311 3780 2390; baseline 0.004 -23"><span class='ocrx_word' id='word_1_314' title='bbox 2173 2314 2205 2367; x_wconf 74' lang='lat' dir='ltr'>ri</span> <span class='ocrx_word' id='word_1_315' title='bbox 2239 2311 2435 2375; x_wconf 81' lang='grc' dir='ltr'>ἅλΑοις</span> <span class='ocrx_word' id='word_1_316' title='bbox 2466 2313 2744 2383; x_wconf 81' lang='grc' dir='ltr'>παίζεσθαι</span> <span class='ocrx_word' id='word_1_317' title='bbox 2774 2314 3003 2390; x_wconf 80' lang='grc' dir='ltr'>τάγιστα</span> <span class='ocrx_word' id='word_1_318' title='bbox 3040 2316 3387 2389; x_wconf 76' lang='grc' dir='ltr'>πηγνυμένης</span> <span class='ocrx_word' id='word_1_319' title='bbox 3432 2338 3493 2371; x_wconf 86' lang='grc' dir='ltr'>τε</span> <span class='ocrx_word' id='word_1_320' title='bbox 3542 2316 3629 2373; x_wconf 80' lang='grc' dir='ltr'>καί</span> <span class='ocrx_word' id='word_1_321' title='bbox 3678 2340 3780 2374; x_wconf 87' lang='grc' dir='ltr'>κα-</span> 
     </span>
    </p>
   </div>
   <div class='ocr_carea' id='block_1_44' title="bbox 340 2400 1947 2480">
    <p class='ocr_par' dir='ltr' id='par_1_44' title="bbox 340 2404 1947 2478">
     <span class='ocr_line' id='line_1_44' title="bbox 340 2404 1947 2478; baseline 0.001 -20"><span class='ocrx_word' id='word_1_322' title='bbox 340 2407 460 2459; x_wconf 90' lang='lat' dir='ltr'>tur.</span> <span class='ocrx_word' id='word_1_323' title='bbox 507 2404 656 2468; x_wconf 91' lang='lat' dir='ltr'>Quin</span> <span class='ocrx_word' id='word_1_324' title='bbox 689 2405 885 2476; x_wconf 89' lang='lat' dir='ltr'>potius</span> <span class='ocrx_word' id='word_1_325' title='bbox 935 2404 1085 2461; x_wconf 74' lang='lat'>205</span> <span class='ocrx_word' id='word_1_326' title='bbox 1134 2422 1269 2461; x_wconf 91' lang='lat' dir='ltr'>cum</span> <span class='ocrx_word' id='word_1_327' title='bbox 1320 2404 1508 2462; x_wconf 93' lang='lat' dir='ltr'>multa</span> <span class='ocrx_word' id='word_1_328' title='bbox 1540 2410 1595 2461; x_wconf 95' lang='lat' dir='ltr'>et</span> <span class='ocrx_word' id='word_1_329' title='bbox 1626 2422 1841 2476; x_wconf 86' lang='lat' dir='ltr'>magna</span> <span class='ocrx_word' id='word_1_330' title='bbox 1890 2405 1947 2478; x_wconf 91' lang='lat' dir='ltr'>ip</span> 
     </span>
    </p>
   </div>
   <div class='ocr_carea' id='block_1_45' title="bbox 2173 2400 3780 2480">
    <p class='ocr_par' dir='ltr' id='par_1_45' title="bbox 2173 2400 3780 2480">
     <span class='ocr_line' id='line_1_45' title="bbox 2173 2400 3780 2480; baseline 0.004 -25"><span class='ocrx_word' id='word_1_331' title='bbox 2173 2400 2478 2475; x_wconf 74' lang='grc' dir='ltr'>ιλυομένης,</span> <span class='ocrx_word' id='word_1_332' title='bbox 2537 2401 2681 2477; x_wconf 90' lang='grc' dir='ltr'>τάχα</span> <span class='ocrx_word' id='word_1_333' title='bbox 2741 2400 2797 2456; x_wconf 74' lang='grc' dir='ltr'>δὲ</span> <span class='ocrx_word' id='word_1_334' title='bbox 2857 2404 3219 2479; x_wconf 72' lang='grc' dir='ltr'>φθειρομένης</span> <span class='ocrx_word' id='word_1_335' title='bbox 3277 2404 3402 2480; x_wconf 75' lang='grc' dir='ltr'>ρᾳον</span> <span class='ocrx_word' id='word_1_336' title='bbox 3453 2407 3489 2475; x_wconf 79' lang='grc' dir='ltr'>ἣ</span> <span class='ocrx_word' id='word_1_337' title='bbox 3532 2428 3780 2463; x_wconf 87' lang='grc' dir='ltr'>συνιστα-</span> 
     </span>
    </p>
   </div>
   <div class='ocr_carea' id='block_1_46' title="bbox 341 2489 1948 2571">
    <p class='ocr_par' dir='ltr' id='par_1_46' title="bbox 341 2493 1948 2567">
     <span class='ocr_line' id='line_1_46' title="bbox 341 2493 1948 2567; baseline 0.002 -20"><span class='ocrx_word' id='word_1_338' title='bbox 341 2493 821 2565; x_wconf 78' lang='lat' dir='ltr'>auppeterent,ad</span> <span class='ocrx_word' id='word_1_339' title='bbox 846 2494 1196 2566; x_wconf 86' lang='lat' dir='ltr'>dignitatem</span> <span class='ocrx_word' id='word_1_340' title='bbox 1215 2500 1411 2551; x_wconf 90' lang='lat' dir='ltr'>tamen</span> <span class='ocrx_word' id='word_1_341' title='bbox 1434 2495 1547 2551; x_wconf 92' lang='lat' dir='ltr'>hoc</span> <span class='ocrx_word' id='word_1_342' title='bbox 1579 2496 1835 2567; x_wconf 90' lang='lat' dir='ltr'>primum</span> <span class='ocrx_word' id='word_1_343' title='bbox 1858 2512 1948 2551; x_wconf 86' lang='lat' dir='ltr'>era</span> 
     </span>
    </p>
   </div>
   <div class='ocr_carea' id='block_1_47' title="bbox 2170 2489 3777 2571">
    <p class='ocr_par' dir='ltr' id='par_1_47' title="bbox 2170 2489 3777 2571">
     <span class='ocr_line' id='line_1_47' title="bbox 2170 2489 3777 2571; baseline 0.004 -24"><span class='ocrx_word' id='word_1_344' title='bbox 2170 2493 2309 2562; x_wconf 67' lang='grc' dir='ltr'>ἕνης,</span> <span class='ocrx_word' id='word_1_345' title='bbox 2344 2491 2418 2553; x_wconf 86' lang='grc' dir='ltr'>ὡς</span> <span class='ocrx_word' id='word_1_346' title='bbox 2450 2491 2581 2546; x_wconf 73' lang='grc' dir='ltr'>εἶναι</span> <span class='ocrx_word' id='word_1_347' title='bbox 2614 2489 2744 2546; x_wconf 76' lang='grc' dir='ltr'>ἰδεῖν</span> <span class='ocrx_word' id='word_1_348' title='bbox 2776 2492 2834 2547; x_wconf 75' lang='grc' dir='ltr'>ἐκ</span> <span class='ocrx_word' id='word_1_349' title='bbox 2862 2496 2966 2547; x_wconf 91' lang='grc' dir='ltr'>τῶν</span> <span class='ocrx_word' id='word_1_350' title='bbox 3015 2490 3243 2547; x_wconf 80' lang='grc' dir='ltr'>πολλῶν</span> <span class='ocrx_word' id='word_1_351' title='bbox 3293 2499 3391 2547; x_wconf 73' lang='grc' dir='ltr'>τοῦ</span> <span class='ocrx_word' id='word_1_352' title='bbox 3448 2495 3569 2571; x_wconf 85' lang='grc' dir='ltr'>βίου</span> <span class='ocrx_word' id='word_1_353' title='bbox 3618 2518 3777 2569; x_wconf 86' lang='grc' dir='ltr'>μετα-</span> 
     </span>
    </p>
   </div>
   <div class='ocr_carea' id='block_1_48' title="bbox 341 2574 1948 2657">
    <p class='ocr_par' dir='ltr' id='par_1_48' title="bbox 341 2581 1948 2653">
     <span class='ocr_line' id='line_1_48' title="bbox 341 2581 1948 2653; baseline 0 -18"><span class='ocrx_word' id='word_1_354' title='bbox 341 2582 497 2653; x_wconf 90' lang='lat' dir='ltr'>quod</span> <span class='ocrx_word' id='word_1_355' title='bbox 530 2581 902 2638; x_wconf 89' lang='lat' dir='ltr'>Christianus</span> <span class='ocrx_word' id='word_1_356' title='bbox 937 2587 993 2638; x_wconf 88' lang='lat' dir='ltr'>et</span> <span class='ocrx_word' id='word_1_357' title='bbox 1021 2588 1177 2639; x_wconf 89' lang='lat' dir='ltr'>esset</span> <span class='ocrx_word' id='word_1_358' title='bbox 1223 2588 1280 2638; x_wconf 90' lang='lat' dir='ltr'>et</span> <span class='ocrx_word' id='word_1_359' title='bbox 1313 2585 1759 2652; x_wconf 85' lang='lat' dir='ltr'>nominaretur;</span> <span class='ocrx_word' id='word_1_360' title='bbox 1811 2583 1895 2639; x_wconf 85' lang='lat' dir='ltr'>sic</span> <span class='ocrx_word' id='word_1_361' title='bbox 1939 2601 1948 2635; x_wconf 76' lang='grc' dir='ltr'>ι</span> 
     </span>
    </p>
   </div>
   <div class='ocr_carea' id='block_1_49' title="bbox 2168 2574 3775 2657">
    <p class='ocr_par' dir='ltr' id='par_1_49' title="bbox 2168 2578 3775 2657">
     <span class='ocr_line' id='line_1_49' title="bbox 2168 2578 3775 2657; baseline 0.004 -23"><span class='ocrx_word' id='word_1_362' title='bbox 2168 2578 2324 2649; x_wconf 83' lang='grc' dir='ltr'>&gt;λῶν,</span> <span class='ocrx_word' id='word_1_363' title='bbox 2352 2581 2442 2634; x_wconf 84' lang='grc' dir='ltr'>καὶ</span> <span class='ocrx_word' id='word_1_364' title='bbox 2466 2587 2567 2650; x_wconf 84' lang='grc' dir='ltr'>τῆς</span> <span class='ocrx_word' id='word_1_365' title='bbox 2594 2581 2704 2635; x_wconf 74' lang='grc' dir='ltr'>ἂνω</span> <span class='ocrx_word' id='word_1_366' title='bbox 2765 2581 2854 2635; x_wconf 86' lang='grc' dir='ltr'>καὶ</span> <span class='ocrx_word' id='word_1_367' title='bbox 2909 2582 3055 2635; x_wconf 88' lang='grc' dir='ltr'>κάτω</span> <span class='ocrx_word' id='word_1_368' title='bbox 3109 2582 3554 2655; x_wconf 76' lang='grc' dir='ltr'>μεταπιπτούσης</span> <span class='ocrx_word' id='word_1_369' title='bbox 3594 2584 3775 2657; x_wconf 77' lang='grc' dir='ltr'>εὐετη-</span> 
     </span>
    </p>
   </div>
   <div class='ocr_carea' id='block_1_50' title="bbox 342 2667 1949 2750">
    <p class='ocr_par' dir='ltr' id='par_1_50' title="bbox 342 2670 1949 2746">
     <span class='ocr_line' id='line_1_50' title="bbox 342 2670 1949 2746; baseline 0.002 -20"><span class='ocrx_word' id='word_1_370' title='bbox 342 2670 457 2726; x_wconf 88' lang='lat' dir='ltr'>alia</span> <span class='ocrx_word' id='word_1_371' title='bbox 489 2672 688 2727; x_wconf 88' lang='lat' dir='ltr'>omnia</span> <span class='ocrx_word' id='word_1_372' title='bbox 718 2688 850 2727; x_wconf 92' lang='lat' dir='ltr'>cum</span> <span class='ocrx_word' id='word_1_373' title='bbox 881 2672 988 2727; x_wconf 88' lang='lat' dir='ltr'>hoc</span> <span class='ocrx_word' id='word_1_374' title='bbox 1024 2690 1138 2728; x_wconf 94' lang='lat' dir='ltr'>uno</span> <span class='ocrx_word' id='word_1_375' title='bbox 1166 2672 1376 2729; x_wconf 89' lang='lat' dir='ltr'>collata</span> <span class='ocrx_word' id='word_1_376' title='bbox 1428 2671 1604 2729; x_wconf 89' lang='lat' dir='ltr'>ludus</span> <span class='ocrx_word' id='word_1_377' title='bbox 1655 2673 1892 2746; x_wconf 89' lang='lat' dir='ltr'>quidam</span> <span class='ocrx_word' id='word_1_378' title='bbox 1936 2690 1949 2728; x_wconf 85' lang='grc' dir='ltr'>ι</span> 
     </span>
    </p>
   </div>
   <div class='ocr_carea' id='block_1_51' title="bbox 2164 2667 3771 2750">
    <p class='ocr_par' dir='ltr' id='par_1_51' title="bbox 2164 2667 3771 2750">
     <span class='ocr_line' id='line_1_51' title="bbox 2164 2667 3771 2750; baseline 0.004 -28"><span class='ocrx_word' id='word_1_379' title='bbox 2164 2669 2235 2731; x_wconf 68' lang='grc' dir='ltr'>ίας</span> <span class='ocrx_word' id='word_1_380' title='bbox 2261 2689 2273 2701; x_wconf 86' lang='grc'><em>’</em></span> <span class='ocrx_word' id='word_1_381' title='bbox 2312 2670 2475 2743; x_wconf 88' lang='grc' dir='ltr'>μόνον</span> <span class='ocrx_word' id='word_1_382' title='bbox 2509 2670 2567 2725; x_wconf 73' lang='grc' dir='ltr'>δὲ</span> <span class='ocrx_word' id='word_1_383' title='bbox 2597 2667 2736 2725; x_wconf 65' lang='grc' dir='ltr'>ἴδιον</span> <span class='ocrx_word' id='word_1_384' title='bbox 2789 2670 2984 2747; x_wconf 84' lang='grc' dir='ltr'>ἀγαθὸν</span> <span class='ocrx_word' id='word_1_385' title='bbox 3032 2671 3169 2725; x_wconf 83' lang='grc' dir='ltr'>εἴναι</span> <span class='ocrx_word' id='word_1_386' title='bbox 3218 2672 3307 2725; x_wconf 83' lang='grc' dir='ltr'>καὶ</span> <span class='ocrx_word' id='word_1_387' title='bbox 3336 2674 3645 2750; x_wconf 87' lang='grc' dir='ltr'>παραμένου</span> <span class='ocrx_word' id='word_1_388' title='bbox 3675 2675 3771 2728; x_wconf 84' lang='grc' dir='ltr'>ἀσ-</span> 
     </span>
    </p>
   </div>
   <div class='ocr_carea' id='block_1_52' title="bbox 344 2754 1951 2836">
    <p class='ocr_par' dir='ltr' id='par_1_52' title="bbox 344 2760 1951 2832">
     <span class='ocr_line' id='line_1_52' title="bbox 344 2760 1951 2832; baseline 0.001 -17"><span class='ocrx_word' id='word_1_389' title='bbox 344 2776 513 2832; x_wconf 74' lang='lat' dir='ltr'>nugaa</span> <span class='ocrx_word' id='word_1_390' title='bbox 545 2760 655 2832; x_wconf 90' lang='lat' dir='ltr'>ipsi</span> <span class='ocrx_word' id='word_1_391' title='bbox 690 2766 905 2817; x_wconf 86' lang='lat' dir='ltr'>essent.</span> <span class='ocrx_word' id='word_1_392' title='bbox 954 2761 1077 2817; x_wconf 85' lang='lat' dir='ltr'>Alia</span> <span class='ocrx_word' id='word_1_393' title='bbox 1106 2762 1261 2817; x_wconf 91' lang='lat' dir='ltr'>enim</span> <span class='ocrx_word' id='word_1_394' title='bbox 1313 2762 1381 2817; x_wconf 89' lang='lat' dir='ltr'>ab</span> <span class='ocrx_word' id='word_1_395' title='bbox 1416 2761 1548 2818; x_wconf 90' lang='lat' dir='ltr'>aliis</span> <span class='ocrx_word' id='word_1_396' title='bbox 1577 2763 1753 2818; x_wconf 90' lang='lat' dir='ltr'>etiam</span> <span class='ocrx_word' id='word_1_397' title='bbox 1786 2762 1951 2818; x_wconf 80' lang='lat' dir='ltr'>ludur</span> 
     </span>
    </p>
   </div>
   <div class='ocr_carea' id='block_1_53' title="bbox 1148 2754 2755 2836">
    <p class='ocr_par' dir='ltr' id='par_1_53' title="bbox 1148 2754 2755 2836">
     <span class='ocr_line' id='line_1_53' title="bbox 1148 2754 2755 2836; baseline -0.001 -20"><span class='ocrx_word' id='word_1_398' title='bbox 1148 2762 1261 2817; x_wconf 91' lang='lat' dir='ltr'>nim</span> <span class='ocrx_word' id='word_1_399' title='bbox 1313 2762 1381 2817; x_wconf 85' lang='lat' dir='ltr'>ah</span> <span class='ocrx_word' id='word_1_400' title='bbox 1416 2761 1548 2818; x_wconf 85' lang='lat' dir='ltr'>aliis</span> <span class='ocrx_word' id='word_1_401' title='bbox 1577 2763 1753 2818; x_wconf 89' lang='lat' dir='ltr'>etiam</span> <span class='ocrx_word' id='word_1_402' title='bbox 1786 2762 1998 2818; x_wconf 88' lang='lat' dir='ltr'>ludun-</span> <span class='ocrx_word' id='word_1_403' title='bbox 2113 2756 2302 2836; x_wconf 80' lang='grc' dir='ltr'>φαλῶς</span> <span class='ocrx_word' id='word_1_404' title='bbox 2332 2760 2430 2828; x_wconf 80' lang='grc' dir='ltr'>τήν</span> <span class='ocrx_word' id='word_1_405' title='bbox 2463 2754 2755 2815; x_wconf 72' lang='grc' dir='ltr'>εὐσέϐειαν.</span> 
     </span>
    </p>
   </div>
   <div class='ocr_carea' id='block_1_54' title="bbox 346 2850 3767 2925">
    <p class='ocr_par' dir='ltr' id='par_1_54' title="bbox 346 2850 3767 2925">
     <span class='ocr_line' id='line_1_54' title="bbox 346 2850 3767 2925; baseline 0.001 -21"><span class='ocrx_word' id='word_1_406' title='bbox 346 2854 464 2915; x_wconf 87' lang='lat' dir='ltr'>tur,</span> <span class='ocrx_word' id='word_1_407' title='bbox 502 2866 619 2905; x_wconf 92' lang='lat' dir='ltr'>non</span> <span class='ocrx_word' id='word_1_408' title='bbox 649 2866 820 2905; x_wconf 86' lang='lat' dir='ltr'>secus</span> <span class='ocrx_word' id='word_1_409' title='bbox 846 2856 1024 2922; x_wconf 90' lang='lat' dir='ltr'>atque</span> <span class='ocrx_word' id='word_1_410' title='bbox 1055 2851 1114 2906; x_wconf 92' lang='lat' dir='ltr'>in</span> <span class='ocrx_word' id='word_1_411' title='bbox 1150 2868 1311 2923; x_wconf 88' lang='lat' dir='ltr'>scna,</span> <span class='ocrx_word' id='word_1_412' title='bbox 1347 2869 1477 2923; x_wconf 56' lang='lat' dir='ltr'>qua;</span> <span class='ocrx_word' id='word_1_413' title='bbox 1506 2852 1829 2920; x_wconf 90' lang='lat' dir='ltr'>celerrime,</span> <span class='ocrx_word' id='word_1_414' title='bbox 1860 2858 1918 2908; x_wconf 90' lang='lat' dir='ltr'>et</span> <span class='ocrx_word' id='word_1_415' title='bbox 1949 2851 2146 2922; x_wconf 84' lang='lat' dir='ltr'>ﬁgitur</span> <span class='ocrx_word' id='word_1_416' title='bbox 2175 2855 2232 2906; x_wconf 91' lang='lat' dir='ltr'>et</span> <span class='ocrx_word' id='word_1_417' title='bbox 2260 2850 2622 2921; x_wconf 86' lang='lat' dir='ltr'>dissolvitur,</span> <span class='ocrx_word' id='word_1_418' title='bbox 2655 2851 2773 2906; x_wconf 90' lang='lat' dir='ltr'>imo</span> <span class='ocrx_word' id='word_1_419' title='bbox 2806 2850 3034 2906; x_wconf 79' lang='lat' dir='ltr'>facilius</span> <span class='ocrx_word' id='word_1_420' title='bbox 3065 2851 3315 2908; x_wconf 84' lang='lat' dir='ltr'>fortasse</span> <span class='ocrx_word' id='word_1_421' title='bbox 3344 2852 3767 2925; x_wconf 86' lang='lat' dir='ltr'>deletur,quam</span> 
     </span>
    </p>
   </div>
   <div class='ocr_carea' id='block_1_55' title="bbox 346 2938 3770 3015">
    <p class='ocr_par' dir='ltr' id='par_1_55' title="bbox 346 2938 3770 3015">
     <span class='ocr_line' id='line_1_55' title="bbox 346 2938 3770 3015; baseline 0.002 -23"><span class='ocrx_word' id='word_1_422' title='bbox 346 2938 825 3006; x_wconf 79' lang='lat' dir='ltr'>constituitur,ut</span> <span class='ocrx_word' id='word_1_423' title='bbox 856 2956 924 2994; x_wconf 84' lang='lat' dir='ltr'>ex</span> <span class='ocrx_word' id='word_1_424' title='bbox 955 2939 1158 2996; x_wconf 82' lang='lat' dir='ltr'>multis</span> <span class='ocrx_word' id='word_1_425' title='bbox 1190 2940 1368 3012; x_wconf 89' lang='lat' dir='ltr'>hujus</span> <span class='ocrx_word' id='word_1_426' title='bbox 1399 2941 1527 2996; x_wconf 67' lang='lat' dir='ltr'>vita:</span> <span class='ocrx_word' id='word_1_427' title='bbox 1563 2942 2011 3009; x_wconf 91' lang='lat' dir='ltr'>mutationibus,</span> <span class='ocrx_word' id='word_1_428' title='bbox 2045 2943 2103 2996; x_wconf 90' lang='lat' dir='ltr'>et</span> <span class='ocrx_word' id='word_1_429' title='bbox 2133 2939 2516 3012; x_wconf 88' lang='lat' dir='ltr'>prosperitate</span> <span class='ocrx_word' id='word_1_430' title='bbox 2547 2957 2785 2996; x_wconf 89' lang='lat' dir='ltr'>sursum</span> <span class='ocrx_word' id='word_1_431' title='bbox 2818 2957 2884 2996; x_wconf 90' lang='lat' dir='ltr'>ac</span> <span class='ocrx_word' id='word_1_432' title='bbox 2910 2940 3186 2997; x_wconf 89' lang='lat' dir='ltr'>deorsum</span> <span class='ocrx_word' id='word_1_433' title='bbox 3210 2941 3460 3010; x_wconf 87' lang='lat' dir='ltr'>labente,</span> <span class='ocrx_word' id='word_1_434' title='bbox 3486 2944 3770 3015; x_wconf 79' lang='lat' dir='ltr'>perspice-</span> 
     </span>
    </p>
   </div>
   <div class='ocr_carea' id='block_1_56' title="bbox 352 3025 2708 3103">
    <p class='ocr_par' dir='ltr' id='par_1_56' title="bbox 352 3025 2708 3103">
     <span class='ocr_line' id='line_1_56' title="bbox 352 3025 2708 3103; baseline 0.002 -21"><span class='ocrx_word' id='word_1_435' title='bbox 352 3044 412 3082; x_wconf 91' lang='lat' dir='ltr'>re</span> <span class='ocrx_word' id='word_1_436' title='bbox 436 3025 573 3082; x_wconf 88' lang='lat' dir='ltr'>licet</span> <span class='ocrx_word' id='word_1_437' title='bbox 609 3027 921 3100; x_wconf 89' lang='lat' dir='ltr'>:pietatem</span> <span class='ocrx_word' id='word_1_438' title='bbox 954 3046 1088 3084; x_wconf 91' lang='lat' dir='ltr'>vero</span> <span class='ocrx_word' id='word_1_439' title='bbox 1119 3030 1341 3085; x_wconf 91' lang='lat' dir='ltr'>bonum</span> <span class='ocrx_word' id='word_1_440' title='bbox 1374 3031 1675 3103; x_wconf 89' lang='lat' dir='ltr'>pr0prium</span> <span class='ocrx_word' id='word_1_441' title='bbox 1708 3047 1853 3097; x_wconf 85' lang='lat' dir='ltr'>esse,</span> <span class='ocrx_word' id='word_1_442' title='bbox 1889 3030 2161 3102; x_wconf 88' lang='lat' dir='ltr'>quodque</span> <span class='ocrx_word' id='word_1_443' title='bbox 2192 3033 2322 3084; x_wconf 90' lang='lat' dir='ltr'>tuto</span> <span class='ocrx_word' id='word_1_444' title='bbox 2352 3033 2708 3101; x_wconf 85' lang='lat' dir='ltr'>permaneat.</span> 
     </span>
    </p>
   </div>
   <div class='ocr_carea' id='block_1_57' title="bbox 413 3113 2020 3194">
    <p class='ocr_par' dir='ltr' id='par_1_57' title="bbox 413 3114 2000 3190">
     <span class='ocr_line' id='line_1_57' title="bbox 413 3114 2000 3190; baseline 0.003 -21"><span class='ocrx_word' id='word_1_445' title='bbox 413 3114 506 3170; x_wconf 89' lang='grc' dir='ltr'>ΧΙ.</span> <span class='ocrx_word' id='word_1_446' title='bbox 540 3115 671 3170; x_wconf 75' lang='lat' dir='ltr'>Haec</span> <span class='ocrx_word' id='word_1_447' title='bbox 721 3117 973 3185; x_wconf 67' lang='lat' dir='ltr'>Caesarii,</span> <span class='ocrx_word' id='word_1_448' title='bbox 1021 3122 1078 3172; x_wconf 92' lang='lat' dir='ltr'>et</span> <span class='ocrx_word' id='word_1_449' title='bbox 1124 3118 1183 3172; x_wconf 93' lang='lat' dir='ltr'>in</span> <span class='ocrx_word' id='word_1_450' title='bbox 1237 3118 1564 3190; x_wconf 85' lang='lat' dir='ltr'>chlamyde,</span> <span class='ocrx_word' id='word_1_451' title='bbox 1625 3118 2000 3190; x_wconf 81' lang='lat' dir='ltr'>philosophia</span> 
     </span>
    </p>
   </div>
   <div class='ocr_carea' id='block_1_58' title="bbox 2151 3113 3758 3194">
    <p class='ocr_par' dir='ltr' id='par_1_58' title="bbox 2183 3113 3758 3194">
     <span class='ocr_line' id='line_1_58' title="bbox 2183 3113 3758 3194; baseline 0.025 -31"><span class='ocrx_word' id='word_1_452' title='bbox 2183 3121 2291 3171; x_wconf 79' lang='lat' dir='ltr'>IA&#39;.</span> <span class='ocrx_word' id='word_1_453' title='bbox 2344 3119 2520 3170; x_wconf 77' lang='grc' dir='ltr'>Ταῦτα</span> <span class='ocrx_word' id='word_1_454' title='bbox 2574 3115 2853 3189; x_wconf 83' lang='grc' dir='ltr'>Καισαρίῳ</span> <span class='ocrx_word' id='word_1_455' title='bbox 2929 3113 3312 3194; x_wconf 75' lang='grc' dir='ltr'>ἔφιλοσοφεῖτο</span> <span class='ocrx_word' id='word_1_456' title='bbox 3375 3120 3488 3191; x_wconf 72' lang='grc'>(12)</span> <span class='ocrx_word' id='word_1_457' title='bbox 3557 3118 3648 3172; x_wconf 67' lang='grc' dir='ltr'>κᾶν</span> <span class='ocrx_word' id='word_1_458' title='bbox 3692 3117 3758 3188; x_wconf 63' lang='grc' dir='ltr'>τῇ</span> 
     </span>
    </p>
   </div>
   <div class='ocr_carea' id='block_1_59' title="bbox 341 3202 1948 3279">
    <p class='ocr_par' dir='ltr' id='par_1_59' title="bbox 341 3203 1947 3276">
     <span class='ocr_line' id='line_1_59' title="bbox 341 3203 1947 3276; baseline 0 -17"><span class='ocrx_word' id='word_1_459' title='bbox 341 3207 505 3271; x_wconf 88' lang='lat' dir='ltr'>erat;</span> <span class='ocrx_word' id='word_1_460' title='bbox 539 3203 597 3258; x_wconf 90' lang='lat' dir='ltr'>in</span> <span class='ocrx_word' id='word_1_461' title='bbox 631 3204 722 3260; x_wconf 90' lang='lat' dir='ltr'>his</span> <span class='ocrx_word' id='word_1_462' title='bbox 764 3205 1240 3276; x_wconf 86' lang='lat' dir='ltr'>cogitationibus,</span> <span class='ocrx_word' id='word_1_463' title='bbox 1274 3210 1330 3261; x_wconf 91' lang='lat' dir='ltr'>et</span> <span class='ocrx_word' id='word_1_464' title='bbox 1371 3207 1533 3271; x_wconf 82' lang='lat' dir='ltr'>vixit,</span> <span class='ocrx_word' id='word_1_465' title='bbox 1568 3212 1623 3261; x_wconf 90' lang='lat' dir='ltr'>et</span> <span class='ocrx_word' id='word_1_466' title='bbox 1652 3206 1772 3263; x_wconf 90' lang='lat' dir='ltr'>vita</span> <span class='ocrx_word' id='word_1_467' title='bbox 1803 3207 1947 3263; x_wconf 87' lang='lat' dir='ltr'>cessi</span> 
     </span>
    </p>
   </div>
   <div class='ocr_carea' id='block_1_60' title="bbox 2161 3202 3768 3279">
    <p class='ocr_par' dir='ltr' id='par_1_60' title="bbox 2161 3202 3768 3276">
     <span class='ocr_line' id='line_1_60' title="bbox 2161 3202 3768 3276; baseline 0 -17"><span class='ocrx_word' id='word_1_468' title='bbox 2161 3202 2375 3259; x_wconf 78' lang='grc' dir='ltr'>λανίδι’</span> <span class='ocrx_word' id='word_1_469' title='bbox 2433 3204 2653 3267; x_wconf 77' lang='grc' dir='ltr'>ταύταις</span> <span class='ocrx_word' id='word_1_470' title='bbox 2719 3205 2809 3260; x_wconf 82' lang='grc' dir='ltr'>καὶ</span> <span class='ocrx_word' id='word_1_471' title='bbox 2883 3203 3139 3275; x_wconf 72' lang='grc' dir='ltr'>συνέζησε</span> <span class='ocrx_word' id='word_1_472' title='bbox 3194 3211 3315 3267; x_wconf 84' lang='grc' dir='ltr'>ταῖς</span> <span class='ocrx_word' id='word_1_473' title='bbox 3374 3206 3620 3276; x_wconf 70' lang='grc' dir='ltr'>ἐννοίαις,</span> <span class='ocrx_word' id='word_1_474' title='bbox 3682 3205 3768 3261; x_wconf 83' lang='grc' dir='ltr'>καὶ</span> 
     </span>
    </p>
   </div>
   <div class='ocr_carea' id='block_1_61' title="bbox 345 3291 1952 3372">
    <p class='ocr_par' dir='ltr' id='par_1_61' title="bbox 345 3292 1952 3365">
     <span class='ocr_line' id='line_1_61' title="bbox 345 3292 1952 3365; baseline 0.002 -18"><span class='ocrx_word' id='word_1_475' title='bbox 345 3292 959 3364; x_wconf 89' lang='lat' dir='ltr'>majorem,quantum</span> <span class='ocrx_word' id='word_1_476' title='bbox 992 3295 1061 3349; x_wconf 89' lang='lat' dir='ltr'>ad</span> <span class='ocrx_word' id='word_1_477' title='bbox 1087 3295 1498 3351; x_wconf 90' lang='lat' dir='ltr'>absconditum</span> <span class='ocrx_word' id='word_1_478' title='bbox 1529 3296 1851 3365; x_wconf 88' lang='lat' dir='ltr'>hominem,</span> <span class='ocrx_word' id='word_1_479' title='bbox 1884 3296 1952 3351; x_wconf 78' lang='lat' dir='ltr'>De</span> 
     </span>
    </p>
   </div>
   <div class='ocr_carea' id='block_1_62' title="bbox 2158 3291 3765 3372">
    <p class='ocr_par' dir='ltr' id='par_1_62' title="bbox 2158 3291 3765 3372">
     <span class='ocr_line' id='line_1_62' title="bbox 2158 3291 3765 3372; baseline 0 -25"><span class='ocrx_word' id='word_1_480' title='bbox 2158 3300 2423 3362; x_wconf 82' lang='grc' dir='ltr'>›ναπῆΛθε</span> <span class='ocrx_word' id='word_1_481' title='bbox 2453 3296 2589 3367; x_wconf 85' lang='grc'>(13),</span> <span class='ocrx_word' id='word_1_482' title='bbox 2626 3294 2798 3367; x_wconf 77' lang='grc' dir='ltr'>μείζω</span> <span class='ocrx_word' id='word_1_483' title='bbox 2830 3300 2928 3363; x_wconf 87' lang='grc' dir='ltr'>τῆς</span> <span class='ocrx_word' id='word_1_484' title='bbox 2962 3291 3289 3372; x_wconf 72' lang='grc' dir='ltr'>φαινομένης</span> <span class='ocrx_word' id='word_1_485' title='bbox 3341 3292 3418 3355; x_wconf 86' lang='grc' dir='ltr'>εἰς</span> <span class='ocrx_word' id='word_1_486' title='bbox 3479 3294 3541 3347; x_wconf 82' lang='grc' dir='ltr'>τὸ</span> <span class='ocrx_word' id='word_1_487' title='bbox 3585 3296 3765 3348; x_wconf 83' lang='grc' dir='ltr'>κοινὸν</span> 
     </span>
    </p>
   </div>
   <div class='ocr_carea' id='block_1_63' title="bbox 343 3377 1950 3459">
    <p class='ocr_par' dir='ltr' id='par_1_63' title="bbox 343 3381 1950 3458">
     <span class='ocr_line' id='line_1_63' title="bbox 343 3381 1950 3458; baseline 0.003 -23"><span class='ocrx_word' id='word_1_488' title='bbox 343 3381 619 3454; x_wconf 90' lang='lat' dir='ltr'>pietatem</span> <span class='ocrx_word' id='word_1_489' title='bbox 652 3384 963 3439; x_wconf 83' lang='lat' dir='ltr'>ostendens</span> <span class='ocrx_word' id='word_1_490' title='bbox 993 3390 1048 3439; x_wconf 91' lang='lat' dir='ltr'><strong>et</strong></span> <span class='ocrx_word' id='word_1_491' title='bbox 1078 3384 1379 3455; x_wconf 86' lang='lat' dir='ltr'>exhibens,</span> <span class='ocrx_word' id='word_1_492' title='bbox 1413 3402 1588 3457; x_wconf 86' lang='lat' dir='ltr'>quam</span> <span class='ocrx_word' id='word_1_493' title='bbox 1642 3403 1771 3457; x_wconf 68' lang='lat' dir='ltr'>quae</span> <span class='ocrx_word' id='word_1_494' title='bbox 1801 3385 1861 3440; x_wconf 90' lang='lat' dir='ltr'>in</span> <span class='ocrx_word' id='word_1_495' title='bbox 1896 3403 1950 3458; x_wconf 85' lang='lat' dir='ltr'>pl</span> 
     </span>
    </p>
   </div>
   <div class='ocr_carea' id='block_1_64' title="bbox 2155 3377 3762 3459">
    <p class='ocr_par' dir='ltr' id='par_1_64' title="bbox 2155 3377 3762 3459">
     <span class='ocr_line' id='line_1_64' title="bbox 2155 3377 3762 3459; baseline -0.001 -23"><span class='ocrx_word' id='word_1_496' title='bbox 2155 3377 2399 3450; x_wconf 65' lang='grc' dir='ltr'>ὶσεϐείας,</span> <span class='ocrx_word' id='word_1_497' title='bbox 2459 3387 2572 3455; x_wconf 85' lang='grc' dir='ltr'>Θεῷ</span> <span class='ocrx_word' id='word_1_498' title='bbox 2628 3382 2910 3459; x_wconf 81' lang='grc' dir='ltr'>γνωρίζων</span> <span class='ocrx_word' id='word_1_499' title='bbox 2971 3382 3056 3437; x_wconf 85' lang='grc' dir='ltr'>καὶ</span> <span class='ocrx_word' id='word_1_500' title='bbox 3122 3381 3381 3457; x_wconf 81' lang='grc' dir='ltr'>παριστὰς</span> <span class='ocrx_word' id='word_1_501' title='bbox 3459 3381 3558 3449; x_wconf 74' lang='grc' dir='ltr'>τὴν</span> <span class='ocrx_word' id='word_1_502' title='bbox 3623 3384 3762 3436; x_wconf 73' lang='grc' dir='ltr'>κατὰ</span> 
     </span>
    </p>
   </div>
   <div class='ocr_carea' id='block_1_65' title="bbox 340 3468 1947 3549">
    <p class='ocr_par' dir='ltr' id='par_1_65' title="bbox 340 3469 1947 3546">
     <span class='ocr_line' id='line_1_65' title="bbox 340 3469 1947 3546; baseline 0.001 -21"><span class='ocrx_word' id='word_1_503' title='bbox 340 3469 493 3525; x_wconf 88' lang='lat' dir='ltr'>blico</span> <span class='ocrx_word' id='word_1_504' title='bbox 525 3471 922 3542; x_wconf 87' lang='lat' dir='ltr'>spectabatur.</span> <span class='ocrx_word' id='word_1_505' title='bbox 967 3477 1158 3545; x_wconf 83' lang='lat' dir='ltr'>Atque</span> <span class='ocrx_word' id='word_1_506' title='bbox 1188 3478 1253 3528; x_wconf 90' lang='lat' dir='ltr'>ut</span> <span class='ocrx_word' id='word_1_507' title='bbox 1284 3473 1399 3529; x_wconf 90' lang='lat' dir='ltr'>alia</span> <span class='ocrx_word' id='word_1_508' title='bbox 1428 3474 1628 3529; x_wconf 90' lang='lat' dir='ltr'>omnia</span> <span class='ocrx_word' id='word_1_509' title='bbox 1661 3474 1947 3546; x_wconf 65' lang='lat' dir='ltr'>praetermi</span> 
     </span>
    </p>
   </div>
   <div class='ocr_carea' id='block_1_66' title="bbox 2159 3468 3766 3549">
    <p class='ocr_par' dir='ltr' id='par_1_66' title="bbox 2159 3468 3766 3549">
     <span class='ocr_line' id='line_1_66' title="bbox 2159 3468 3766 3549; baseline -0.001 -24"><span class='ocrx_word' id='word_1_510' title='bbox 2159 3470 2198 3525; x_wconf 72' lang='lat' dir='ltr'>iv</span> <span class='ocrx_word' id='word_1_511' title='bbox 2254 3471 2489 3545; x_wconf 83' lang='grc' dir='ltr'>κρυπτὸν</span> <span class='ocrx_word' id='word_1_512' title='bbox 2559 3471 2864 3549; x_wconf 79' lang='grc' dir='ltr'>ἄνθρωπον.</span> <span class='ocrx_word' id='word_1_513' title='bbox 2923 3470 3029 3528; x_wconf 65' lang='grc' dir='ltr'>Καί</span> <span class='ocrx_word' id='word_1_514' title='bbox 3074 3468 3124 3525; x_wconf 75' lang='grc' dir='ltr'>εἷ’</span> <span class='ocrx_word' id='word_1_515' title='bbox 3168 3492 3232 3544; x_wconf 82' lang='grc' dir='ltr'>με</span> <span class='ocrx_word' id='word_1_516' title='bbox 3282 3468 3385 3541; x_wconf 83' lang='grc' dir='ltr'>δεῖ,</span> <span class='ocrx_word' id='word_1_517' title='bbox 3428 3472 3599 3526; x_wconf 88' lang='grc' dir='ltr'>πάντα</span> <span class='ocrx_word' id='word_1_518' title='bbox 3629 3492 3766 3546; x_wconf 85' lang='grc' dir='ltr'>παρ-</span> 
     </span>
    </p>
   </div>
   <div class='ocr_carea' id='block_1_67' title="bbox 339 3558 1946 3637">
    <p class='ocr_par' dir='ltr' id='par_1_67' title="bbox 339 3559 1946 3635">
     <span class='ocr_line' id='line_1_67' title="bbox 339 3559 1946 3635; baseline 0.003 -22"><span class='ocrx_word' id='word_1_519' title='bbox 339 3562 483 3627; x_wconf 90' lang='lat' dir='ltr'>tam,</span> <span class='ocrx_word' id='word_1_520' title='bbox 539 3559 1000 3631; x_wconf 90' lang='lat' dir='ltr'>propinquorum</span> <span class='ocrx_word' id='word_1_521' title='bbox 1052 3579 1281 3635; x_wconf 89' lang='lat' dir='ltr'>nempe,</span> <span class='ocrx_word' id='word_1_522' title='bbox 1340 3563 1437 3635; x_wconf 89' lang='lat' dir='ltr'>qui</span> <span class='ocrx_word' id='word_1_523' title='bbox 1488 3564 1545 3618; x_wconf 93' lang='lat' dir='ltr'>in</span> <span class='ocrx_word' id='word_1_524' title='bbox 1598 3562 1946 3619; x_wconf 67' lang='lat' dir='ltr'>calamitate]</span> 
     </span>
    </p>
   </div>
   <div class='ocr_carea' id='block_1_68' title="bbox 2160 3558 3767 3637">
    <p class='ocr_par' dir='ltr' id='par_1_68' title="bbox 2164 3558 3767 3637">
     <span class='ocr_line' id='line_1_68' title="bbox 2164 3558 3767 3637; baseline -0.001 -22"><span class='ocrx_word' id='word_1_525' title='bbox 2164 3580 2252 3628; x_wconf 86' lang='grc' dir='ltr'>τα,</span> <span class='ocrx_word' id='word_1_526' title='bbox 2302 3561 2401 3628; x_wconf 78' lang='grc' dir='ltr'>τὴν</span> <span class='ocrx_word' id='word_1_527' title='bbox 2461 3560 2790 3636; x_wconf 80' lang='grc' dir='ltr'>προστασίαν</span> <span class='ocrx_word' id='word_1_528' title='bbox 2847 3565 2954 3615; x_wconf 90' lang='grc' dir='ltr'>τῶν</span> <span class='ocrx_word' id='word_1_529' title='bbox 3002 3560 3061 3615; x_wconf 70' lang='grc' dir='ltr'>ἐκ</span> <span class='ocrx_word' id='word_1_530' title='bbox 3115 3560 3299 3637; x_wconf 82' lang='grc' dir='ltr'>γένους</span> <span class='ocrx_word' id='word_1_531' title='bbox 3351 3558 3767 3636; x_wconf 57' lang='grc' dir='ltr'>ἀτυχησάντων,</span> 
     </span>
    </p>
   </div>
   <div class='ocr_carea' id='block_1_69' title="bbox 338 3646 1945 3728">
    <p class='ocr_par' dir='ltr' id='par_1_69' title="bbox 338 3646 1945 3723">
     <span class='ocr_line' id='line_1_69' title="bbox 338 3646 1945 3723; baseline 0.004 -21"><span class='ocrx_word' id='word_1_532' title='bbox 338 3646 593 3719; x_wconf 87' lang='lat' dir='ltr'>aliquam</span> <span class='ocrx_word' id='word_1_533' title='bbox 648 3648 994 3721; x_wconf 88' lang='lat' dir='ltr'>inciderant,</span> <span class='ocrx_word' id='word_1_534' title='bbox 1046 3668 1243 3707; x_wconf 87' lang='lat' dir='ltr'>curam</span> <span class='ocrx_word' id='word_1_535' title='bbox 1295 3657 1352 3707; x_wconf 90' lang='lat' dir='ltr'>et</span> <span class='ocrx_word' id='word_1_536' title='bbox 1402 3652 1761 3723; x_wconf 65' lang='lat' dir='ltr'>praesidium,</span> <span class='ocrx_word' id='word_1_537' title='bbox 1809 3653 1945 3708; x_wconf 76' lang='lat' dir='ltr'>fasti</span> 
     </span>
    </p>
   </div>
   <div class='ocr_carea' id='block_1_70' title="bbox 2163 3646 3770 3728">
    <p class='ocr_par' dir='ltr' id='par_1_70' title="bbox 2163 3647 3770 3728">
     <span class='ocr_line' id='line_1_70' title="bbox 2163 3647 3770 3728; baseline 0 -26"><span class='ocrx_word' id='word_1_538' title='bbox 2163 3672 2202 3718; x_wconf 57' lang='grc' dir='ltr'>ιν</span> <span class='ocrx_word' id='word_1_539' title='bbox 2266 3649 2559 3725; x_wconf 80' lang='grc' dir='ltr'>ὑπεροψίαν</span> <span class='ocrx_word' id='word_1_540' title='bbox 2613 3654 2710 3705; x_wconf 76' lang='grc' dir='ltr'>τοῦ</span> <span class='ocrx_word' id='word_1_541' title='bbox 2763 3648 2955 3728; x_wconf 76' lang='grc' dir='ltr'>τύφου,</span> <span class='ocrx_word' id='word_1_542' title='bbox 3021 3651 3120 3719; x_wconf 81' lang='grc' dir='ltr'>τήν</span> <span class='ocrx_word' id='word_1_543' title='bbox 3178 3650 3312 3725; x_wconf 87' lang='grc' dir='ltr'>πρὸς</span> <span class='ocrx_word' id='word_1_544' title='bbox 3384 3648 3512 3711; x_wconf 68' lang='grc' dir='ltr'>τοὺς</span> <span class='ocrx_word' id='word_1_545' title='bbox 3572 3647 3770 3725; x_wconf 84' lang='grc' dir='ltr'>φίλους</span> 
     </span>
    </p>
   </div>
   <div class='ocr_carea' id='block_1_71' title="bbox 338 3735 1945 3815">
    <p class='ocr_par' dir='ltr' id='par_1_71' title="bbox 338 3738 1945 3809">
     <span class='ocr_line' id='line_1_71' title="bbox 338 3738 1945 3809; baseline 0.003 -18"><span class='ocrx_word' id='word_1_546' title='bbox 338 3740 764 3808; x_wconf 89' lang='lat' dir='ltr'>contemptum,</span> <span class='ocrx_word' id='word_1_547' title='bbox 798 3738 1190 3809; x_wconf 72' lang='lat' dir='ltr'>aequalitatem</span> <span class='ocrx_word' id='word_1_548' title='bbox 1242 3741 1394 3796; x_wconf 82' lang='lat' dir='ltr'>inter</span> <span class='ocrx_word' id='word_1_549' title='bbox 1447 3741 1689 3808; x_wconf 90' lang='lat' dir='ltr'>amicos,</span> <span class='ocrx_word' id='word_1_550' title='bbox 1742 3746 1945 3798; x_wconf 87' lang='lat' dir='ltr'>auctor</span> 
     </span>
    </p>
   </div>
   <div class='ocr_carea' id='block_1_72' title="bbox 2155 3735 3762 3815">
    <p class='ocr_par' dir='ltr' id='par_1_72' title="bbox 2155 3735 3762 3815">
     <span class='ocr_line' id='line_1_72' title="bbox 2155 3735 3762 3815; baseline -0.001 -22"><span class='ocrx_word' id='word_1_551' title='bbox 2155 3737 2403 3811; x_wconf 89' lang='grc' dir='ltr'>·οτιμίαν,</span> <span class='ocrx_word' id='word_1_552' title='bbox 2434 3740 2532 3808; x_wconf 75' lang='grc' dir='ltr'>τήν</span> <span class='ocrx_word' id='word_1_553' title='bbox 2572 3740 2709 3815; x_wconf 85' lang='grc' dir='ltr'>πρὸς</span> <span class='ocrx_word' id='word_1_554' title='bbox 2765 3739 2893 3800; x_wconf 77' lang='grc' dir='ltr'>τοὺς</span> <span class='ocrx_word' id='word_1_555' title='bbox 2943 3735 3209 3814; x_wconf 77' lang='grc' dir='ltr'>ἄρχοντας</span> <span class='ocrx_word' id='word_1_556' title='bbox 3259 3738 3581 3813; x_wconf 72' lang='grc' dir='ltr'>παρῥησίαν,</span> <span class='ocrx_word' id='word_1_557' title='bbox 3633 3738 3762 3797; x_wconf 85' lang='grc' dir='ltr'>τοὺς</span> 
     </span>
    </p>
   </div>
   <div class='ocr_carea' id='block_1_73' title="bbox 336 3825 1943 3904">
    <p class='ocr_par' dir='ltr' id='par_1_73' title="bbox 336 3827 1943 3903">
     <span class='ocr_line' id='line_1_73' title="bbox 336 3827 1943 3903; baseline 0.004 -23"><span class='ocrx_word' id='word_1_558' title='bbox 336 3828 517 3881; x_wconf 89' lang='lat' dir='ltr'>tatem</span> <span class='ocrx_word' id='word_1_559' title='bbox 545 3827 699 3897; x_wconf 91' lang='lat' dir='ltr'>apud</span> <span class='ocrx_word' id='word_1_560' title='bbox 735 3827 1033 3898; x_wconf 66' lang='lat' dir='ltr'>praesides,</span> <span class='ocrx_word' id='word_1_561' title='bbox 1081 3832 1424 3901; x_wconf 88' lang='lat' dir='ltr'>certamina,</span> <span class='ocrx_word' id='word_1_562' title='bbox 1456 3848 1584 3903; x_wconf 59' lang='lat' dir='ltr'>quae</span> <span class='ocrx_word' id='word_1_563' title='bbox 1618 3848 1721 3903; x_wconf 91' lang='lat' dir='ltr'>pro</span> <span class='ocrx_word' id='word_1_564' title='bbox 1752 3831 1943 3887; x_wconf 78' lang='lat' dir='ltr'>verita&#39;</span> 
     </span>
    </p>
   </div>
   <div class='ocr_carea' id='block_1_74' title="bbox 2157 3825 3764 3904">
    <p class='ocr_par' dir='ltr' id='par_1_74' title="bbox 2157 3825 3764 3904">
     <span class='ocr_line' id='line_1_74' title="bbox 2157 3825 3764 3904; baseline 0.001 -22"><span class='ocrx_word' id='word_1_565' title='bbox 2157 3828 2238 3903; x_wconf 72' lang='grc' dir='ltr'>τὶρ</span> <span class='ocrx_word' id='word_1_566' title='bbox 2270 3826 2530 3899; x_wconf 84' lang='grc' dir='ltr'>ἀληθείας</span> <span class='ocrx_word' id='word_1_567' title='bbox 2562 3828 2772 3904; x_wconf 85' lang='grc' dir='ltr'>ἀγῶνας</span> <span class='ocrx_word' id='word_1_568' title='bbox 2801 3827 2890 3882; x_wconf 82' lang='grc' dir='ltr'>καὶ</span> <span class='ocrx_word' id='word_1_569' title='bbox 2929 3826 3149 3904; x_wconf 88' lang='grc' dir='ltr'>λόγους,</span> <span class='ocrx_word' id='word_1_570' title='bbox 3195 3827 3289 3890; x_wconf 73' lang='grc' dir='ltr'>οὕς</span> <span class='ocrx_word' id='word_1_571' title='bbox 3345 3825 3590 3890; x_wconf 78' lang='grc' dir='ltr'>πολλοὺς</span> <span class='ocrx_word' id='word_1_572' title='bbox 3650 3830 3764 3901; x_wconf 80' lang='grc'>(41)</span> 
     </span>
    </p>
   </div>
   <div class='ocr_carea' id='block_1_75' title="bbox 337 3914 1944 3993">
    <p class='ocr_par' dir='ltr' id='par_1_75' title="bbox 337 3914 1939 3990">
     <span class='ocr_line' id='line_1_75' title="bbox 337 3914 1939 3990; baseline 0.003 -20"><span class='ocrx_word' id='word_1_573' title='bbox 337 3914 615 3987; x_wconf 78' lang='lat' dir='ltr'>suscepit,</span> <span class='ocrx_word' id='word_1_574' title='bbox 668 3932 993 3983; x_wconf 82' lang='lat' dir='ltr'>sermones,</span> <span class='ocrx_word' id='word_1_575' title='bbox 1033 3936 1181 3990; x_wconf 88' lang='lat' dir='ltr'>quos</span> <span class='ocrx_word' id='word_1_576' title='bbox 1234 3920 1453 3975; x_wconf 87' lang='lat' dir='ltr'>multos</span> <span class='ocrx_word' id='word_1_577' title='bbox 1502 3926 1558 3975; x_wconf 89' lang='lat' dir='ltr'>et</span> <span class='ocrx_word' id='word_1_578' title='bbox 1608 3938 1739 3975; x_wconf 92' lang='lat' dir='ltr'>cum</span> <span class='ocrx_word' id='word_1_579' title='bbox 1794 3920 1939 3976; x_wconf 90' lang='lat' dir='ltr'>mult</span> 
     </span>
    </p>
   </div>
   <div class='ocr_carea' id='block_1_76' title="bbox 2151 3914 3758 3993">
    <p class='ocr_par' dir='ltr' id='par_1_76' title="bbox 2151 3916 3758 3993">
     <span class='ocr_line' id='line_1_76' title="bbox 2151 3916 3758 3993; baseline 0.001 -22"><span class='ocrx_word' id='word_1_580' title='bbox 2151 3918 2191 3971; x_wconf 74' lang='lat' dir='ltr'>1i</span> <span class='ocrx_word' id='word_1_581' title='bbox 2248 3918 2384 3993; x_wconf 87' lang='grc' dir='ltr'>πρὸς</span> <span class='ocrx_word' id='word_1_582' title='bbox 2441 3916 2689 3979; x_wconf 74' lang='grc' dir='ltr'>πολλοὺς</span> <span class='ocrx_word' id='word_1_583' title='bbox 2722 3918 3106 3987; x_wconf 75' lang='grc' dir='ltr'>συνεστήσατο,</span> <span class='ocrx_word' id='word_1_584' title='bbox 3161 3916 3221 3972; x_wconf 80' lang='grc' dir='ltr'>οὐ</span> <span class='ocrx_word' id='word_1_585' title='bbox 3284 3916 3525 3991; x_wconf 78' lang='grc' dir='ltr'>λογικῶς</span> <span class='ocrx_word' id='word_1_586' title='bbox 3579 3916 3758 3989; x_wconf 86' lang='grc' dir='ltr'>μόνον.</span> 
     </span>
    </p>
   </div>
   <div class='ocr_carea' id='block_1_77' title="bbox 337 4001 1944 4082">
    <p class='ocr_par' dir='ltr' id='par_1_77' title="bbox 337 4003 1944 4078">
     <span class='ocr_line' id='line_1_77' title="bbox 337 4003 1944 4078; baseline 0.003 -19"><span class='ocrx_word' id='word_1_587' title='bbox 337 4003 567 4072; x_wconf 86' lang='lat' dir='ltr'>habuit,</span> <span class='ocrx_word' id='word_1_588' title='bbox 603 4023 714 4060; x_wconf 92' lang='lat' dir='ltr'>non</span> <span class='ocrx_word' id='word_1_589' title='bbox 754 4011 990 4077; x_wconf 83' lang='lat' dir='ltr'>argutos</span> <span class='ocrx_word' id='word_1_590' title='bbox 1035 4008 1248 4078; x_wconf 86' lang='lat' dir='ltr'>solum,</span> <span class='ocrx_word' id='word_1_591' title='bbox 1292 4010 1392 4064; x_wconf 89' lang='lat' dir='ltr'>sed</span> <span class='ocrx_word' id='word_1_592' title='bbox 1441 4010 1616 4065; x_wconf 91' lang='lat' dir='ltr'>etiam</span> <span class='ocrx_word' id='word_1_593' title='bbox 1672 4010 1944 4065; x_wconf 81' lang='lat' dir='ltr'>admodui</span> 
     </span>
    </p>
   </div>
   <div class='ocr_carea' id='block_1_78' title="bbox 2157 4001 3764 4082">
    <p class='ocr_par' dir='ltr' id='par_1_78' title="bbox 2157 4001 3764 4082">
     <span class='ocr_line' id='line_1_78' title="bbox 2157 4001 3764 4082; baseline -0.001 -21"><span class='ocrx_word' id='word_1_594' title='bbox 2157 4004 2250 4061; x_wconf 56' lang='lat' dir='ltr'>Qu</span> <span class='ocrx_word' id='word_1_595' title='bbox 2303 4006 2392 4060; x_wconf 87' lang='lat' dir='ltr'>xui</span> <span class='ocrx_word' id='word_1_596' title='bbox 2449 4006 2571 4062; x_wconf 84' lang='grc' dir='ltr'>λίαν</span> <span class='ocrx_word' id='word_1_597' title='bbox 2636 4001 2870 4068; x_wconf 77' lang='grc' dir='ltr'>εὐσεϐῶς</span> <span class='ocrx_word' id='word_1_598' title='bbox 2924 4026 2984 4061; x_wconf 89' lang='grc' dir='ltr'>τε</span> <span class='ocrx_word' id='word_1_599' title='bbox 3034 4006 3124 4061; x_wconf 84' lang='lat' dir='ltr'>xui</span> <span class='ocrx_word' id='word_1_600' title='bbox 3183 4003 3475 4082; x_wconf 72' lang='grc' dir='ltr'>διακῦρως,</span> <span class='ocrx_word' id='word_1_601' title='bbox 3531 4002 3585 4060; x_wconf 71' lang='grc' dir='ltr'>ἓν</span> <span class='ocrx_word' id='word_1_602' title='bbox 3647 4005 3764 4060; x_wconf 85' lang='grc' dir='ltr'>ἀντὶ</span> 
     </span>
    </p>
   </div>
   <div class='ocr_carea' id='block_1_79' title="bbox 337 4094 1944 4171">
    <p class='ocr_par' dir='ltr' id='par_1_79' title="bbox 337 4094 1944 4168">
     <span class='ocr_line' id='line_1_79' title="bbox 337 4094 1944 4168; baseline 0.004 -21"><span class='ocrx_word' id='word_1_603' title='bbox 337 4094 465 4165; x_wconf 87' lang='lat' dir='ltr'>pios</span> <span class='ocrx_word' id='word_1_604' title='bbox 498 4100 557 4149; x_wconf 90' lang='lat' dir='ltr'>et</span> <span class='ocrx_word' id='word_1_605' title='bbox 586 4094 878 4163; x_wconf 84' lang='lat' dir='ltr'>ardentes,</span> <span class='ocrx_word' id='word_1_606' title='bbox 914 4112 1035 4150; x_wconf 90' lang='lat' dir='ltr'>rem</span> <span class='ocrx_word' id='word_1_607' title='bbox 1089 4114 1266 4152; x_wconf 89' lang='lat' dir='ltr'>unam</span> <span class='ocrx_word' id='word_1_608' title='bbox 1322 4115 1423 4168; x_wconf 93' lang='lat' dir='ltr'>pro</span> <span class='ocrx_word' id='word_1_609' title='bbox 1469 4099 1746 4153; x_wconf 88' lang='lat' dir='ltr'>omnibus</span> <span class='ocrx_word' id='word_1_610' title='bbox 1776 4098 1944 4154; x_wconf 89' lang='lat' dir='ltr'>dican</span> 
     </span>
    </p>
   </div>
   <div class='ocr_carea' id='block_1_80' title="bbox 2154 4094 3761 4171">
    <p class='ocr_par' dir='ltr' id='par_1_80' title="bbox 2154 4094 3761 4171">
     <span class='ocr_line' id='line_1_80' title="bbox 2154 4094 3761 4171; baseline 0.002 -22"><span class='ocrx_word' id='word_1_611' title='bbox 2154 4096 2316 4150; x_wconf 75' lang='grc' dir='ltr'>άντων</span> <span class='ocrx_word' id='word_1_612' title='bbox 2417 4096 2584 4150; x_wconf 77' lang='grc' dir='ltr'>εἰπεῖν</span> <span class='ocrx_word' id='word_1_613' title='bbox 2677 4101 2785 4151; x_wconf 89' lang='grc' dir='ltr'>τῶν</span> <span class='ocrx_word' id='word_1_614' title='bbox 2880 4094 3080 4151; x_wconf 79' lang='grc' dir='ltr'>ἐκείνου</span> <span class='ocrx_word' id='word_1_615' title='bbox 3154 4097 3217 4149; x_wconf 90' lang='grc' dir='ltr'>τὸ</span> <span class='ocrx_word' id='word_1_616' title='bbox 3308 4096 3761 4171; x_wconf 84' lang='grc' dir='ltr'>γνωριμώτατον.</span> 
     </span>
    </p>
   </div>
   <div class='ocr_carea' id='block_1_81' title="bbox 337 4182 1944 4261">
    <p class='ocr_par' dir='ltr' id='par_1_81' title="bbox 337 4182 1944 4259">
     <span class='ocr_line' id='line_1_81' title="bbox 337 4182 1944 4259; baseline 0.003 -22"><span class='ocrx_word' id='word_1_617' title='bbox 337 4199 455 4254; x_wconf 90' lang='lat' dir='ltr'>qua</span> <span class='ocrx_word' id='word_1_618' title='bbox 490 4182 636 4237; x_wconf 91' lang='lat' dir='ltr'>nihil</span> <span class='ocrx_word' id='word_1_619' title='bbox 672 4184 728 4238; x_wconf 90' lang='lat' dir='ltr'>in</span> <span class='ocrx_word' id='word_1_620' title='bbox 779 4184 966 4256; x_wconf 84' lang='lat' dir='ltr'>ipsius</span> <span class='ocrx_word' id='word_1_621' title='bbox 1015 4186 1132 4240; x_wconf 88' lang='lat' dir='ltr'>vita</span> <span class='ocrx_word' id='word_1_622' title='bbox 1182 4186 1470 4241; x_wconf 86' lang='lat' dir='ltr'>celebrius</span> <span class='ocrx_word' id='word_1_623' title='bbox 1519 4192 1628 4253; x_wconf 90' lang='lat' dir='ltr'>est,</span> <span class='ocrx_word' id='word_1_624' title='bbox 1684 4188 1944 4259; x_wconf 82' lang='lat' dir='ltr'>magisqu</span> 
     </span>
    </p>
   </div>
   <div class='ocr_carea' id='block_1_82' title="bbox 2154 4182 3761 4261">
    <p class='ocr_par' dir='ltr' id='par_1_82' title="bbox 2154 4182 3761 4261">
     <span class='ocr_line' id='line_1_82' title="bbox 2154 4182 3761 4261; baseline 0.001 -24"><span class='ocrx_word' id='word_1_625' title='bbox 2154 4182 2375 4240; x_wconf 77' lang='grc' dir='ltr'>ἰλλύσσα</span> <span class='ocrx_word' id='word_1_626' title='bbox 2403 4187 2519 4240; x_wconf 80' lang='grc' dir='ltr'>καθ’</span> <span class='ocrx_word' id='word_1_627' title='bbox 2549 4186 2710 4258; x_wconf 60' lang='grc' dir='ltr'>ἡμῶν</span> <span class='ocrx_word' id='word_1_628' title='bbox 2767 4183 3027 4261; x_wconf 79' lang='grc' dir='ltr'>βασιλεὺς</span> <span class='ocrx_word' id='word_1_629' title='bbox 3060 4186 3087 4239; x_wconf 88' lang='grc' dir='ltr'>ὁ</span> <span class='ocrx_word' id='word_1_630' title='bbox 3121 4182 3459 4257; x_wconf 85' lang='grc' dir='ltr'>δυσώνυμος,</span> <span class='ocrx_word' id='word_1_631' title='bbox 3510 4185 3598 4238; x_wconf 86' lang='lat' dir='ltr'>xui</span> <span class='ocrx_word' id='word_1_632' title='bbox 3643 4186 3761 4248; x_wconf 85' lang='grc' dir='ltr'>καθ’</span> 
     </span>
    </p>
   </div>
   <div class='ocr_carea' id='block_1_83' title="bbox 336 4270 1943 4350">
    <p class='ocr_par' dir='ltr' id='par_1_83' title="bbox 336 4270 1943 4348">
     <span class='ocr_line' id='line_1_83' title="bbox 336 4270 1943 4348; baseline 0.002 -21"><span class='ocrx_word' id='word_1_633' title='bbox 336 4270 761 4343; x_wconf 81' lang='lat' dir='ltr'>pervulgatum.</span> <span class='ocrx_word' id='word_1_634' title='bbox 789 4274 1040 4328; x_wconf 85' lang='lat' dir='ltr'>Furebat</span> <span class='ocrx_word' id='word_1_635' title='bbox 1056 4275 1335 4330; x_wconf 83' lang='lat' dir='ltr'>adversus</span> <span class='ocrx_word' id='word_1_636' title='bbox 1366 4292 1473 4331; x_wconf 91' lang='lat' dir='ltr'>nos</span> <span class='ocrx_word' id='word_1_637' title='bbox 1495 4276 1773 4331; x_wconf 86' lang='lat' dir='ltr'>infandus</span> <span class='ocrx_word' id='word_1_638' title='bbox 1805 4277 1943 4348; x_wconf 68' lang='lat' dir='ltr'>impi</span> 
     </span>
    </p>
   </div>
   <div class='ocr_carea' id='block_1_84' title="bbox 2152 4270 3759 4350">
    <p class='ocr_par' dir='ltr' id='par_1_84' title="bbox 2158 4272 3759 4350">
     <span class='ocr_line' id='line_1_84' title="bbox 2158 4272 3759 4350; baseline -0.001 -21"><span class='ocrx_word' id='word_1_639' title='bbox 2158 4275 2214 4346; x_wconf 88' lang='grc'>5)</span> <span class='ocrx_word' id='word_1_640' title='bbox 2272 4274 2463 4328; x_wconf 68' lang='grc' dir='ltr'>ἑαυτοῦ</span> <span class='ocrx_word' id='word_1_641' title='bbox 2511 4280 2726 4350; x_wconf 90' lang='grc' dir='ltr'>πρῶτον</span> <span class='ocrx_word' id='word_1_642' title='bbox 2783 4273 2969 4347; x_wconf 84' lang='grc' dir='ltr'>μανεὶς</span> <span class='ocrx_word' id='word_1_643' title='bbox 3021 4272 3081 4328; x_wconf 81' lang='grc' dir='ltr'>ἐκ</span> <span class='ocrx_word' id='word_1_644' title='bbox 3126 4280 3227 4343; x_wconf 90' lang='grc' dir='ltr'>τῆς</span> <span class='ocrx_word' id='word_1_645' title='bbox 3262 4273 3338 4336; x_wconf 86' lang='grc' dir='ltr'>εἷς</span> <span class='ocrx_word' id='word_1_646' title='bbox 3368 4274 3604 4347; x_wconf 87' lang='grc' dir='ltr'>Χριστὸν</span> <span class='ocrx_word' id='word_1_647' title='bbox 3639 4275 3759 4338; x_wconf 83' lang='grc' dir='ltr'>ἄθε-</span> 
     </span>
    </p>
   </div>
   <div class='ocr_carea' id='block_1_85' title="bbox 337 4360 1944 4440">
    <p class='ocr_par' dir='ltr' id='par_1_85' title="bbox 337 4361 1944 4433">
     <span class='ocr_line' id='line_1_85' title="bbox 337 4361 1944 4433; baseline 0.002 -19"><span class='ocrx_word' id='word_1_648' title='bbox 337 4364 516 4429; x_wconf 89' lang='lat' dir='ltr'>rator,</span> <span class='ocrx_word' id='word_1_649' title='bbox 548 4365 604 4414; x_wconf 92' lang='lat' dir='ltr'>et</span> <span class='ocrx_word' id='word_1_650' title='bbox 624 4376 755 4415; x_wconf 89' lang='lat' dir='ltr'>cum</span> <span class='ocrx_word' id='word_1_651' title='bbox 791 4361 849 4416; x_wconf 92' lang='lat' dir='ltr'>in</span> <span class='ocrx_word' id='word_1_652' title='bbox 884 4362 1144 4433; x_wconf 88' lang='lat' dir='ltr'>seipsum</span> <span class='ocrx_word' id='word_1_653' title='bbox 1171 4364 1451 4433; x_wconf 90' lang='lat' dir='ltr'>primum,</span> <span class='ocrx_word' id='word_1_654' title='bbox 1478 4363 1821 4419; x_wconf 64' lang='lat' dir='ltr'>Christianas</span> <span class='ocrx_word' id='word_1_655' title='bbox 1855 4365 1944 4420; x_wconf 71' lang='grc' dir='ltr'>ῆᾱι</span> 
     </span>
    </p>
   </div>
   <div class='ocr_carea' id='block_1_86' title="bbox 2147 4360 3754 4440">
    <p class='ocr_par' dir='ltr' id='par_1_86' title="bbox 2147 4360 3754 4440">
     <span class='ocr_line' id='line_1_86' title="bbox 2147 4360 3754 4440; baseline 0 -25"><span class='ocrx_word' id='word_1_656' title='bbox 2147 4364 2330 4433; x_wconf 57' lang='grc' dir='ltr'>ήσεως,</span> <span class='ocrx_word' id='word_1_657' title='bbox 2378 4362 2652 4440; x_wconf 79' lang='grc' dir='ltr'>ἀφόρητος</span> <span class='ocrx_word' id='word_1_658' title='bbox 2698 4360 2808 4435; x_wconf 67' lang='grc' dir='ltr'>ἤδη</span> <span class='ocrx_word' id='word_1_659' title='bbox 2861 4364 2952 4417; x_wconf 83' lang='grc' dir='ltr'>καὶ</span> <span class='ocrx_word' id='word_1_660' title='bbox 3008 4367 3125 4424; x_wconf 79' lang='grc' dir='ltr'>τοῖς</span> <span class='ocrx_word' id='word_1_661' title='bbox 3182 4360 3379 4424; x_wconf 80' lang='grc' dir='ltr'>ἄλλοις</span> <span class='ocrx_word' id='word_1_662' title='bbox 3436 4365 3523 4432; x_wconf 68' lang='grc' dir='ltr'>ἦν,</span> <span class='ocrx_word' id='word_1_663' title='bbox 3556 4360 3672 4417; x_wconf 82' lang='grc' dir='ltr'>οὐδ’</span> <span class='ocrx_word' id='word_1_664' title='bbox 3704 4362 3754 4415; x_wconf 78' lang='grc' dir='ltr'>ἐν</span> 
     </span>
    </p>
   </div>
   <div class='ocr_carea' id='block_1_87' title="bbox 334 4442 1941 4555">
    <p class='ocr_par' dir='ltr' id='par_1_87' title="bbox 334 4448 1941 4525">
     <span class='ocr_line' id='line_1_87' title="bbox 334 4448 1941 4525; baseline 0.001 -20"><span class='ocrx_word' id='word_1_665' title='bbox 334 4448 682 4520; x_wconf 88' lang='lat' dir='ltr'>ejuratione,</span> <span class='ocrx_word' id='word_1_666' title='bbox 714 4450 1057 4521; x_wconf 87' lang='lat' dir='ltr'>insanisset,</span> <span class='ocrx_word' id='word_1_667' title='bbox 1077 4451 1201 4521; x_wconf 89' lang='lat' dir='ltr'>jam</span> <span class='ocrx_word' id='word_1_668' title='bbox 1237 4450 1366 4506; x_wconf 87' lang='lat' dir='ltr'>aliis</span> <span class='ocrx_word' id='word_1_669' title='bbox 1398 4468 1631 4525; x_wconf 90' lang='lat' dir='ltr'>quoque</span> <span class='ocrx_word' id='word_1_670' title='bbox 1660 4452 1941 4509; x_wconf 88' lang='lat' dir='ltr'>intolerab</span> 
     </span>
    </p>
   </div>
   <div class='ocr_carea' id='block_1_88' title="bbox 2151 4442 3758 4555">
    <p class='ocr_par' dir='ltr' id='par_1_88' title="bbox 2151 4442 3758 4555">
     <span class='ocr_line' id='line_1_88' title="bbox 2151 4442 3758 4555; baseline 0 -48"><span class='ocrx_word' id='word_1_671' title='bbox 2151 4473 2200 4523; x_wconf 80' lang='grc' dir='ltr'>’ῳ</span> <span class='ocrx_word' id='word_1_672' title='bbox 2222 4452 2336 4525; x_wconf 89' lang='lat'>(19)</span> <span class='ocrx_word' id='word_1_673' title='bbox 2354 4458 2473 4514; x_wconf 84' lang='grc' dir='ltr'>τοῖς</span> <span class='ocrx_word' id='word_1_674' title='bbox 2506 4450 2726 4514; x_wconf 80' lang='grc' dir='ltr'>λοιποῖς</span> <span class='ocrx_word' id='word_1_675' title='bbox 2758 4451 3167 4555; x_wconf 40' lang='grc' dir='ltr'>Χριστομὲάχοις</span> <span class='ocrx_word' id='word_1_676' title='bbox 3205 4449 3613 4555; x_wconf 37' lang='grc' dir='ltr'>μεγαλοψύχως</span> <span class='ocrx_word' id='word_1_677' title='bbox 3643 4442 3758 4521; x_wconf 84' lang='grc'>(17)</span> 
     </span>
    </p>
   </div>
   <div class='ocr_carea' id='block_1_89' title="bbox 332 4535 1939 4616">
    <p class='ocr_par' dir='ltr' id='par_1_89' title="bbox 332 4536 1939 4613">
     <span class='ocr_line' id='line_1_89' title="bbox 332 4536 1939 4613; baseline 0.002 -20"><span class='ocrx_word' id='word_1_678' title='bbox 332 4536 407 4594; x_wconf 90' lang='lat' dir='ltr'>lis</span> <span class='ocrx_word' id='word_1_679' title='bbox 437 4543 595 4601; x_wconf 86' lang='lat' dir='ltr'>erat;</span> <span class='ocrx_word' id='word_1_680' title='bbox 629 4556 700 4594; x_wconf 89' lang='lat' dir='ltr'>ne</span> <span class='ocrx_word' id='word_1_681' title='bbox 730 4543 1068 4595; x_wconf 69' lang='lat' dir='ltr'>caaterorum</span> <span class='ocrx_word' id='word_1_682' title='bbox 1103 4541 1339 4613; x_wconf 91' lang='lat' dir='ltr'>quidem</span> <span class='ocrx_word' id='word_1_683' title='bbox 1373 4542 1585 4597; x_wconf 83' lang='lat' dir='ltr'>Christi</span> <span class='ocrx_word' id='word_1_684' title='bbox 1623 4542 1883 4597; x_wconf 87' lang='lat' dir='ltr'>hostium</span> <span class='ocrx_word' id='word_1_685' title='bbox 1928 4542 1939 4597; x_wconf 93' lang='lat' dir='ltr'><strong>i</strong></span> 
     </span>
    </p>
   </div>
   <div class='ocr_carea' id='block_1_90' title="bbox 2146 4535 3753 4616">
    <p class='ocr_par' dir='ltr' id='par_1_90' title="bbox 2146 4535 3753 4616">
     <span class='ocr_line' id='line_1_90' title="bbox 2146 4535 3753 4616; baseline -0.001 -21"><span class='ocrx_word' id='word_1_686' title='bbox 2146 4541 2547 4616; x_wconf 74' lang='grc' dir='ltr'>πογραφόμενος</span> <span class='ocrx_word' id='word_1_687' title='bbox 2598 4541 2673 4603; x_wconf 80' lang='grc' dir='ltr'>εἷς</span> <span class='ocrx_word' id='word_1_688' title='bbox 2730 4542 2828 4610; x_wconf 78' lang='grc' dir='ltr'>τήν</span> <span class='ocrx_word' id='word_1_689' title='bbox 2889 4535 3157 4610; x_wconf 75' lang='grc' dir='ltr'>ἀσέϐειαν,</span> <span class='ocrx_word' id='word_1_690' title='bbox 3210 4537 3354 4594; x_wconf 79' lang='grc' dir='ltr'>ἀλλὰ</span> <span class='ocrx_word' id='word_1_691' title='bbox 3383 4538 3630 4595; x_wconf 87' lang='grc' dir='ltr'>κλέπτων</span> <span class='ocrx_word' id='word_1_692' title='bbox 3662 4540 3753 4593; x_wconf 87' lang='grc' dir='ltr'>τὸν</span> 
     </span>
    </p>
   </div>
   <div class='ocr_carea' id='block_1_91' title="bbox 333 4627 1940 4704">
    <p class='ocr_par' dir='ltr' id='par_1_91' title="bbox 333 4630 1940 4704">
     <span class='ocr_line' id='line_1_91' title="bbox 333 4630 1940 4704; baseline 0.001 -19"><span class='ocrx_word' id='word_1_693' title='bbox 333 4631 573 4686; x_wconf 92' lang='lat' dir='ltr'>modum</span> <span class='ocrx_word' id='word_1_694' title='bbox 609 4647 820 4703; x_wconf 86' lang='lat' dir='ltr'>magno</span> <span class='ocrx_word' id='word_1_695' title='bbox 852 4631 1049 4686; x_wconf 89' lang='lat' dir='ltr'>animo</span> <span class='ocrx_word' id='word_1_696' title='bbox 1082 4630 1444 4703; x_wconf 88' lang='lat' dir='ltr'>impietatem</span> <span class='ocrx_word' id='word_1_697' title='bbox 1475 4633 1940 4704; x_wconf 80' lang='lat' dir='ltr'>profitens,verui</span> 
     </span>
    </p>
   </div>
   <div class='ocr_carea' id='block_1_92' title="bbox 2146 4627 3753 4704">
    <p class='ocr_par' dir='ltr' id='par_1_92' title="bbox 2146 4628 3753 4704">
     <span class='ocr_line' id='line_1_92' title="bbox 2146 4628 3753 4704; baseline -0.001 -21"><span class='ocrx_word' id='word_1_698' title='bbox 2146 4630 2343 4704; x_wconf 76' lang='grc' dir='ltr'>,ωγμὸν</span> <span class='ocrx_word' id='word_1_699' title='bbox 2406 4630 2457 4684; x_wconf 80' lang='grc' dir='ltr'>ἐν</span> <span class='ocrx_word' id='word_1_700' title='bbox 2505 4628 2793 4693; x_wconf 77' lang='grc' dir='ltr'>ἐπιεικείας</span> <span class='ocrx_word' id='word_1_701' title='bbox 2842 4629 3123 4701; x_wconf 75' lang='grc' dir='ltr'>πλάσματι</span> <span class='ocrx_word' id='word_1_702' title='bbox 3154 4651 3165 4662; x_wconf 87' lang='grc'>·</span> <span class='ocrx_word' id='word_1_703' title='bbox 3216 4628 3305 4683; x_wconf 81' lang='grc' dir='ltr'>καὶ</span> <span class='ocrx_word' id='word_1_704' title='bbox 3345 4629 3480 4683; x_wconf 82' lang='grc' dir='ltr'>κατά</span> <span class='ocrx_word' id='word_1_705' title='bbox 3507 4630 3597 4682; x_wconf 87' lang='grc' dir='ltr'>τὸν</span> <span class='ocrx_word' id='word_1_706' title='bbox 3631 4650 3753 4682; x_wconf 91' lang='grc' dir='ltr'>σκο-</span> 
     </span>
    </p>
   </div>
   <div class='ocr_carea' id='block_1_93' title="bbox 333 4713 1940 4797">
    <p class='ocr_par' dir='ltr' id='par_1_93' title="bbox 333 4717 1940 4792">
     <span class='ocr_line' id='line_1_93' title="bbox 333 4717 1940 4792; baseline 0.001 -19"><span class='ocrx_word' id='word_1_707' title='bbox 333 4717 719 4775; x_wconf 85' lang='lat' dir='ltr'>humanitatis</span> <span class='ocrx_word' id='word_1_708' title='bbox 751 4720 990 4775; x_wconf 89' lang='lat' dir='ltr'>obtentu</span> <span class='ocrx_word' id='word_1_709' title='bbox 1042 4720 1511 4790; x_wconf 87' lang='lat' dir='ltr'>persecutionem</span> <span class='ocrx_word' id='word_1_710' title='bbox 1544 4720 1778 4789; x_wconf 86' lang='lat' dir='ltr'>celans;</span> <span class='ocrx_word' id='word_1_711' title='bbox 1811 4724 1940 4792; x_wconf 78' lang='lat' dir='ltr'>atqu</span> 
     </span>
    </p>
   </div>
   <div class='ocr_carea' id='block_1_94' title="bbox 2142 4713 3749 4797">
    <p class='ocr_par' dir='ltr' id='par_1_94' title="bbox 2142 4713 3749 4797">
     <span class='ocr_line' id='line_1_94' title="bbox 2142 4713 3749 4797; baseline -0.002 -24"><span class='ocrx_word' id='word_1_712' title='bbox 2142 4720 2216 4775; x_wconf 85' lang='grc' dir='ltr'>ιὸν</span> <span class='ocrx_word' id='word_1_713' title='bbox 2260 4713 2406 4797; x_wconf 76' lang='grc' dir='ltr'>ὅφιν,</span> <span class='ocrx_word' id='word_1_714' title='bbox 2462 4719 2520 4782; x_wconf 80' lang='grc' dir='ltr'>ὅς</span> <span class='ocrx_word' id='word_1_715' title='bbox 2567 4721 2668 4789; x_wconf 80' lang='grc' dir='ltr'>τήν</span> <span class='ocrx_word' id='word_1_716' title='bbox 2723 4719 2927 4775; x_wconf 80' lang='grc' dir='ltr'>ἐκείνου</span> <span class='ocrx_word' id='word_1_717' title='bbox 2975 4717 3206 4793; x_wconf 85' lang='grc' dir='ltr'>κατέσχε</span> <span class='ocrx_word' id='word_1_718' title='bbox 3234 4718 3442 4792; x_wconf 78' lang='grc' dir='ltr'>ψυχὴν,</span> <span class='ocrx_word' id='word_1_719' title='bbox 3475 4718 3749 4779; x_wconf 83' lang='grc' dir='ltr'>παντοίαις</span> 
     </span>
    </p>
   </div>
   <div class='ocr_carea' id='block_1_95' title="bbox 331 4806 1938 4885">
    <p class='ocr_par' dir='ltr' id='par_1_95' title="bbox 331 4806 1938 4880">
     <span class='ocr_line' id='line_1_95' title="bbox 331 4806 1938 4880; baseline 0.001 -18"><span class='ocrx_word' id='word_1_720' title='bbox 331 4807 518 4865; x_wconf 82' lang='lat' dir='ltr'>instar</span> <span class='ocrx_word' id='word_1_721' title='bbox 549 4809 787 4865; x_wconf 83' lang='lat' dir='ltr'>ﬂexuosi</span> <span class='ocrx_word' id='word_1_722' title='bbox 831 4806 990 4863; x_wconf 89' lang='lat' dir='ltr'>illius</span> <span class='ocrx_word' id='word_1_723' title='bbox 1022 4809 1333 4880; x_wconf 90' lang='lat' dir='ltr'>serpentis,</span> <span class='ocrx_word' id='word_1_724' title='bbox 1367 4810 1466 4880; x_wconf 88' lang='lat' dir='ltr'>qui</span> <span class='ocrx_word' id='word_1_725' title='bbox 1498 4808 1686 4880; x_wconf 88' lang='lat' dir='ltr'>ipsius</span> <span class='ocrx_word' id='word_1_726' title='bbox 1719 4808 1938 4864; x_wconf 82' lang='lat' dir='ltr'>animui</span> 
     </span>
    </p>
   </div>
   <div class='ocr_carea' id='block_1_96' title="bbox 2144 4806 3751 4885">
    <p class='ocr_par' dir='ltr' id='par_1_96' title="bbox 2144 4807 3751 4885">
     <span class='ocr_line' id='line_1_96' title="bbox 2144 4807 3751 4885; baseline -0.001 -22"><span class='ocrx_word' id='word_1_727' title='bbox 2144 4814 2375 4885; x_wconf 79' lang='grc' dir='ltr'>ηχαναῖς</span> <span class='ocrx_word' id='word_1_728' title='bbox 2422 4808 2680 4865; x_wconf 80' lang='grc' dir='ltr'>ὐποσπῶν</span> <span class='ocrx_word' id='word_1_729' title='bbox 2712 4808 2837 4871; x_wconf 85' lang='grc' dir='ltr'>τοὺς</span> <span class='ocrx_word' id='word_1_730' title='bbox 2887 4808 3108 4870; x_wconf 82' lang='grc' dir='ltr'>ἀθλίους</span> <span class='ocrx_word' id='word_1_731' title='bbox 3160 4807 3237 4869; x_wconf 71' lang='grc' dir='ltr'>εἷς</span> <span class='ocrx_word' id='word_1_732' title='bbox 3295 4808 3356 4860; x_wconf 86' lang='grc' dir='ltr'>τὸ</span> <span class='ocrx_word' id='word_1_733' title='bbox 3405 4807 3598 4863; x_wconf 69' lang='grc' dir='ltr'>ἑαυτοῦ</span> <span class='ocrx_word' id='word_1_734' title='bbox 3649 4808 3751 4883; x_wconf 82' lang='grc' dir='ltr'>βά-</span> 
     </span>
    </p>
   </div>
   <div class='ocr_carea' id='block_1_97' title="bbox 397 5019 3555 5095">
    <p class='ocr_par' dir='ltr' id='par_1_97' title="bbox 397 5019 3555 5095">
     <span class='ocr_line' id='line_1_97' title="bbox 397 5019 3555 5095; baseline 0.001 -21"><span class='ocrx_word' id='word_1_735' title='bbox 397 5023 474 5095; x_wconf 65' lang='grc' dir='ltr'>(ῖ)</span> <span class='ocrx_word' id='word_1_736' title='bbox 503 5019 860 5095; x_wconf 54' lang='grc' dir='ltr'>ιΙεοτίθησιν.</span> <span class='ocrx_word' id='word_1_737' title='bbox 892 5020 987 5095; x_wconf 80' lang='lat' dir='ltr'>Sic</span> <span class='ocrx_word' id='word_1_738' title='bbox 1017 5020 1195 5093; x_wconf 84' lang='lat' dir='ltr'>Regg.</span> <span class='ocrx_word' id='word_1_739' title='bbox 1232 5038 1263 5077; x_wconf 89' lang='lat' dir='ltr'><strong>a</strong></span> <span class='ocrx_word' id='word_1_740' title='bbox 1293 5021 1523 5089; x_wconf 83' lang='lat' dir='ltr'>hu,tres</span> <span class='ocrx_word' id='word_1_741' title='bbox 1549 5020 1890 5090; x_wconf 79' lang='lat' dir='ltr'>Colb,Coisl.</span> <span class='ocrx_word' id='word_1_742' title='bbox 1926 5023 1980 5089; x_wconf 85' lang='lat'>1,</span> <span class='ocrx_word' id='word_1_743' title='bbox 2093 5024 2398 5085; x_wconf 66' lang='lat' dir='ltr'>Cesarius,</span> <span class='ocrx_word' id='word_1_744' title='bbox 2430 5021 2604 5095; x_wconf 81' lang='lat' dir='ltr'>etiam</span> <span class='ocrx_word' id='word_1_745' title='bbox 2639 5021 3355 5095; x_wconf 81' lang='lat' dir='ltr'>in7chlam7yde,7versatus</span> <span class='ocrx_word' id='word_1_746' title='bbox 3385 5026 3493 5077; x_wconf 89' lang='lat' dir='ltr'>est.</span> <span class='ocrx_word' id='word_1_747' title='bbox 3528 5043 3555 5071; x_wconf 86' lang='lat'>»</span> 
     </span>
    </p>
   </div>
   <div class='ocr_carea' id='block_1_98' title="bbox 329 5091 1936 5166">
    <p class='ocr_par' dir='ltr' id='par_1_98' title="bbox 329 5091 1450 5166">
     <span class='ocr_line' id='line_1_98' title="bbox 329 5091 1450 5166; baseline 0.009 -21"><span class='ocrx_word' id='word_1_748' title='bbox 329 5096 386 5145; x_wconf 76' lang='lat' dir='ltr'>et</span> <span class='ocrx_word' id='word_1_749' title='bbox 414 5093 530 5166; x_wconf 79' lang='lat' dir='ltr'>J_eS.</span> <span class='ocrx_word' id='word_1_750' title='bbox 555 5091 714 5166; x_wconf 33' lang='grc' dir='ltr'>ΣΕᾱίῐὶ</span> <span class='ocrx_word' id='word_1_751' title='bbox 744 5091 1127 5166; x_wconf 46' lang='grc' dir='ltr'>προτόθησινί</span> <span class='ocrx_word' id='word_1_752' title='bbox 1146 5091 1166 5093; x_wconf 26' lang='grc' dir='ltr'><strong>Ὗ</strong></span> <span class='ocrx_word' id='word_1_753' title='bbox 1435 5164 1450 5166; x_wconf 98' lang='lat'>_</span> 
     </span>
    </p>
   </div>
   <div class='ocr_carea' id='block_1_99' title="bbox 1530 5091 3137 5166">
    <p class='ocr_par' dir='ltr' id='par_1_99' title="bbox 2166 5091 3137 5166">
     <span class='ocr_line' id='line_1_99' title="bbox 2166 5091 3137 5166; baseline -0.005 -17"><span class='ocrx_word' id='word_1_754' title='bbox 2166 5095 2280 5166; x_wconf 87' lang='grc'>(13)</span> <span class='ocrx_word' id='word_1_755' title='bbox 2313 5092 2657 5166; x_wconf 55' lang='grc' dir='ltr'>Συναπῆλθεἶ</span> <span class='ocrx_word' id='word_1_756' title='bbox 2690 5094 2786 5149; x_wconf 88' lang='lat' dir='ltr'>Or.</span> <span class='ocrx_word' id='word_1_757' title='bbox 2821 5097 2874 5161; x_wconf 86' lang='lat'>1,</span> <span class='ocrx_word' id='word_1_758' title='bbox 2905 5091 3137 5162; x_wconf 74' lang='grc' dir='ltr'>άπῆλθε.</span> 
     </span>
    </p>
   </div>
   <div class='ocr_carea' id='block_1_100' title="bbox 401 5096 2008 5249">
    <p class='ocr_par' dir='ltr' id='par_1_100' title="bbox 401 5096 1775 5249">
     <span class='ocr_line' id='line_1_100' title="bbox 414 5096 1099 5166; baseline 0.001 -19"><span class='ocrx_word' id='word_1_759' title='bbox 414 5096 530 5148; x_wconf 84' lang='lat' dir='ltr'>Jes.</span> <span class='ocrx_word' id='word_1_760' title='bbox 564 5096 714 5147; x_wconf 84' lang='lat' dir='ltr'>Editi</span> <span class='ocrx_word' id='word_1_761' title='bbox 744 5096 1099 5166; x_wconf 79' lang='grc' dir='ltr'>προτόθησιν.</span> 
     </span>
     <span class='ocr_line' id='line_1_101' title="bbox 401 5161 1775 5249; baseline 0.004 -35"><span class='ocrx_word' id='word_1_762' title='bbox 745 5169 840 5219; x_wconf 81' lang='lat' dir='ltr'>()r.</span> <span class='ocrx_word' id='word_1_763' title='bbox 877 5166 927 5249; x_wconf 44' lang='lat'>1‘,</span> <span class='ocrx_word' id='word_1_764' title='bbox 955 5161 1116 5249; x_wconf 56' lang='lat' dir='ltr'>&#39;iaw7c,</span> <span class='ocrx_word' id='word_1_765' title='bbox 1152 5184 1176 5214; x_wconf 79' lang='grc' dir='ltr'>ιι</span> <span class='ocrx_word' id='word_1_766' title='bbox 1211 5178 1392 5249; x_wconf 69' lang='lat' dir='ltr'>aeque,</span> <span class='ocrx_word' id='word_1_767' title='bbox 1426 5164 1691 5219; x_wconf 77' lang='lat' dir='ltr'>fortasse.</span> <span class='ocrx_word' id='word_1_768' title='bbox 1727 5187 1775 5219; x_wconf 76' lang='grc' dir='ltr'>ι).</span> 
     </span>
    </p>
   </div>
   <div class='ocr_carea' id='block_1_101' title="bbox 2149 5096 3756 5249">
    <p class='ocr_par' dir='ltr' id='par_1_101' title="bbox 2165 5096 3756 5249">
     <span class='ocr_line' id='line_1_102' title="bbox 2192 5096 3138 5163; baseline -0.005 -14"><span class='ocrx_word' id='word_1_769' title='bbox 2192 5096 2280 5163; x_wconf 88' lang='grc'>13)</span> <span class='ocrx_word' id='word_1_770' title='bbox 2313 5096 2655 5160; x_wconf 81' lang='grc' dir='ltr'>Συναπῆλθε.</span> <span class='ocrx_word' id='word_1_771' title='bbox 2690 5096 2786 5149; x_wconf 87' lang='lat' dir='ltr'>Or.</span> <span class='ocrx_word' id='word_1_772' title='bbox 2821 5097 2874 5161; x_wconf 86' lang='lat'>1,</span> <span class='ocrx_word' id='word_1_773' title='bbox 2905 5096 3138 5162; x_wconf 81' lang='grc' dir='ltr'>ἀπῆλθε.</span> 
     </span>
     <span class='ocr_line' id='line_1_103' title="bbox 2165 5096 3756 5249; baseline -0.001 -28"><span class='ocrx_word' id='word_1_774' title='bbox 2165 5096 2278 5249; x_wconf 55' lang='grc'>(1-1)</span> <span class='ocrx_word' id='word_1_775' title='bbox 2308 5164 2413 5249; x_wconf 60' lang='grc' dir='ltr'>Οβς</span> <span class='ocrx_word' id='word_1_776' title='bbox 2444 5162 2840 5249; x_wconf 31' lang='grc' dir='ltr'>πολλου-ςλβὶο</span> <span class='ocrx_word' id='word_1_777' title='bbox 2895 5172 3071 5249; x_wconf 53' lang='lat'>131355.</span> <span class='ocrx_word' id='word_1_778' title='bbox 3114 5181 3172 5249; x_wconf 50' lang='grc' dir='ltr'>ρ,</span> <span class='ocrx_word' id='word_1_779' title='bbox 3211 5163 3475 5249; x_wconf 46' lang='lat' dir='ltr'>hu‘,‘t&#39;res</span> <span class='ocrx_word' id='word_1_780' title='bbox 3505 5164 3660 5218; x_wconf 87' lang='lat' dir='ltr'>Colb.</span> <span class='ocrx_word' id='word_1_781' title='bbox 3698 5170 3756 5219; x_wconf 83' lang='lat' dir='ltr'>et</span> 
     </span>
    </p>
   </div>
   <div class='ocr_carea' id='block_1_102' title="bbox 403 5231 2010 5308">
    <p class='ocr_par' dir='ltr' id='par_1_102' title="bbox 403 5231 1890 5308">
     <span class='ocr_line' id='line_1_104' title="bbox 403 5231 1890 5308; baseline 0.005 -23"><span class='ocrx_word' id='word_1_782' title='bbox 504 5231 852 5308; x_wconf 71' lang='grc' dir='ltr'>Καλλίᾳ-τοις.</span> <span class='ocrx_word' id='word_1_783' title='bbox 885 5235 1179 5308; x_wconf 83' lang='lat' dir='ltr'>Reg._bm,</span> <span class='ocrx_word' id='word_1_784' title='bbox 1212 5231 1427 5295; x_wconf 78' lang='grc' dir='ltr'>καλοῖς.</span> <span class='ocrx_word' id='word_1_785' title='bbox 1552 5306 1559 5308; x_wconf 66' lang='lat'>7</span> <span class='ocrx_word' id='word_1_786' title='bbox 1746 5307 1749 5308; x_wconf 79' lang='lat'>7</span> <span class='ocrx_word' id='word_1_787' title='bbox 1800 5306 1808 5308; x_wconf 68' lang='lat'>7</span> <span class='ocrx_word' id='word_1_788' title='bbox 1882 5307 1890 5308; x_wconf 87' lang='lat'>7</span> 
     </span>
    </p>
   </div>
   <div class='ocr_carea' id='block_1_103' title="bbox 2143 5231 3750 5308">
    <p class='ocr_par' dir='ltr' id='par_1_103' title="bbox 2143 5231 3750 5307">
     <span class='ocr_line' id='line_1_105' title="bbox 2143 5231 3750 5307; baseline -0.001 -16"><span class='ocrx_word' id='word_1_789' title='bbox 2143 5231 2180 5291; x_wconf 62' lang='grc' dir='ltr'>ιδ’</span> <span class='ocrx_word' id='word_1_790' title='bbox 2223 5231 2274 5302; x_wconf 66' lang='grc'>1,</span> <span class='ocrx_word' id='word_1_791' title='bbox 2308 5239 2393 5294; x_wconf 87' lang='lat' dir='ltr'>sic</span> <span class='ocrx_word' id='word_1_792' title='bbox 2423 5239 2600 5294; x_wconf 88' lang='lat' dir='ltr'>etiam</span> <span class='ocrx_word' id='word_1_793' title='bbox 2639 5237 2860 5293; x_wconf 84' lang='lat' dir='ltr'>Billius.</span> <span class='ocrx_word' id='word_1_794' title='bbox 2898 5231 3067 5302; x_wconf 72' lang='grc' dir='ltr'>Εόῖιῖ,</span> <span class='ocrx_word' id='word_1_795' title='bbox 3114 5234 3176 5296; x_wconf 73' lang='grc' dir='ltr'>ὓς</span> <span class='ocrx_word' id='word_1_796' title='bbox 3206 5233 3502 5303; x_wconf 84' lang='grc' dir='ltr'>πολλάκις,</span> <span class='ocrx_word' id='word_1_797' title='bbox 3541 5259 3566 5285; x_wconf 86' lang='grc'>‹‹</span> <span class='ocrx_word' id='word_1_798' title='bbox 3601 5254 3750 5307; x_wconf 79' lang='lat' dir='ltr'>quos</span> 
     </span>
    </p>
   </div>
   <div class='ocr_carea' id='block_1_104' title="bbox 401 5304 2008 5379">
    <p class='ocr_par' dir='ltr' id='par_1_104' title="bbox 401 5304 1981 5379">
     <span class='ocr_line' id='line_1_106' title="bbox 401 5304 1981 5379; baseline 0.003 -21"><span class='ocrx_word' id='word_1_799' title='bbox 401 5306 513 5379; x_wconf 83' lang='lat'>(1(_)(</span> <span class='ocrx_word' id='word_1_800' title='bbox 543 5304 617 5356; x_wconf 79' lang='grc' dir='ltr'>Τὰ</span> <span class='ocrx_word' id='word_1_801' title='bbox 645 5304 803 5374; x_wconf 84' lang='grc' dir='ltr'>τίμια</span> <span class='ocrx_word' id='word_1_802' title='bbox 831 5304 1239 5378; x_wconf 71' lang='grc' dir='ltr'>πιστξυόμενος.</span> <span class='ocrx_word' id='word_1_803' title='bbox 1276 5330 1303 5356; x_wconf 87' lang='grc'>‹‹</span> <span class='ocrx_word' id='word_1_804' title='bbox 1336 5311 1479 5361; x_wconf 89' lang='lat' dir='ltr'>Cum</span> <span class='ocrx_word' id='word_1_805' title='bbox 1512 5306 1641 5377; x_wconf 83' lang='lat' dir='ltr'>ejus</span> <span class='ocrx_word' id='word_1_806' title='bbox 1679 5306 1813 5361; x_wconf 80' lang='lat' dir='ltr'>ﬁdei</span> <span class='ocrx_word' id='word_1_807' title='bbox 1844 5307 1981 5362; x_wconf 84' lang='lat' dir='ltr'>cha-</span> 
     </span>
    </p>
   </div>
   <div class='ocr_carea' id='block_1_105' title="bbox 721 5304 2328 5379">
    <p class='ocr_par' dir='ltr' id='par_1_105' title="bbox 721 5304 2328 5379">
     <span class='ocr_line' id='line_1_107' title="bbox 721 5304 2328 5379; baseline 0.004 -23"><span class='ocrx_word' id='word_1_808' title='bbox 721 5325 803 5357; x_wconf 71' lang='grc' dir='ltr'>ιια</span> <span class='ocrx_word' id='word_1_809' title='bbox 831 5304 1239 5378; x_wconf 67' lang='grc' dir='ltr'>πιστευόμενος.</span> <span class='ocrx_word' id='word_1_810' title='bbox 1276 5330 1303 5356; x_wconf 87' lang='grc'>‹‹</span> <span class='ocrx_word' id='word_1_811' title='bbox 1336 5311 1479 5361; x_wconf 91' lang='lat' dir='ltr'>Cum</span> <span class='ocrx_word' id='word_1_812' title='bbox 1512 5306 1641 5377; x_wconf 88' lang='lat' dir='ltr'>ejus</span> <span class='ocrx_word' id='word_1_813' title='bbox 1679 5306 1813 5361; x_wconf 81' lang='lat' dir='ltr'>ﬁdei</span> <span class='ocrx_word' id='word_1_814' title='bbox 1844 5307 1981 5362; x_wconf 84' lang='lat' dir='ltr'>cha-</span> <span class='ocrx_word' id='word_1_815' title='bbox 2092 5325 2264 5379; x_wconf 68' lang='lat' dir='ltr'>saepe.</span> <span class='ocrx_word' id='word_1_816' title='bbox 2302 5331 2328 5358; x_wconf 84' lang='grc'><strong>››</strong></span> 
     </span>
    </p>
   </div>
   <div class='ocr_carea' id='block_1_106' title="bbox 331 5375 3750 5461">
    <p class='ocr_par' dir='ltr' id='par_1_106' title="bbox 331 5375 3750 5461">
     <span class='ocr_line' id='line_1_108' title="bbox 331 5375 3750 5461; baseline 0.002 -34"><span class='ocrx_word' id='word_1_817' title='bbox 331 5387 397 5461; x_wconf 61' lang='lat' dir='ltr'>ra</span> <span class='ocrx_word' id='word_1_818' title='bbox 426 5375 691 5461; x_wconf 67' lang='lat' dir='ltr'>pignora,</span> <span class='ocrx_word' id='word_1_819' title='bbox 726 5398 753 5425; x_wconf 82' lang='lat'>»</span> <span class='ocrx_word' id='word_1_820' title='bbox 790 5393 1031 5461; x_wconf 75' lang='lat' dir='ltr'>uxorum</span> <span class='ocrx_word' id='word_1_821' title='bbox 1059 5375 1277 5461; x_wconf 78' lang='lat' dir='ltr'>nempe</span> <span class='ocrx_word' id='word_1_822' title='bbox 1323 5385 1379 5434; x_wconf 94' lang='lat' dir='ltr'>et</span> <span class='ocrx_word' id='word_1_823' title='bbox 1430 5375 1746 5460; x_wconf 82' lang='lat' dir='ltr'>liberorum</span> <span class='ocrx_word' id='word_1_824' title='bbox 1780 5394 1981 5461; x_wconf 81' lang='lat' dir='ltr'>corpo-</span> <span class='ocrx_word' id='word_1_825' title='bbox 2104 5450 2115 5461; x_wconf 81' lang='lat'>_</span> <span class='ocrx_word' id='word_1_826' title='bbox 2164 5375 2276 5461; x_wconf 51' lang='lat'>(:15)</span> <span class='ocrx_word' id='word_1_827' title='bbox 2306 5377 2405 5461; x_wconf 41' lang='lat' dir='ltr'>[Qui</span> <span class='ocrx_word' id='word_1_828' title='bbox 2434 5379 2571 5461; x_wconf 71' lang='grc' dir='ltr'>καθ’.</span> <span class='ocrx_word' id='word_1_829' title='bbox 2595 5380 2689 5461; x_wconf 79' lang='lat' dir='ltr'>7Ita</span> <span class='ocrx_word' id='word_1_830' title='bbox 2716 5379 2899 5461; x_wconf 65' lang='lat' dir='ltr'>7Regg.</span> <span class='ocrx_word' id='word_1_831' title='bbox 2933 5380 3054 5448; x_wconf 90' lang='lat' dir='ltr'>bm,</span> <span class='ocrx_word' id='word_1_832' title='bbox 3089 5377 3192 5443; x_wconf 81' lang='lat' dir='ltr'>hu,</span> <span class='ocrx_word' id='word_1_833' title='bbox 3224 5381 3343 5433; x_wconf 89' lang='lat' dir='ltr'>tres</span> <span class='ocrx_word' id='word_1_834' title='bbox 3370 5378 3533 5443; x_wconf 87' lang='lat' dir='ltr'>Colb,</span> <span class='ocrx_word' id='word_1_835' title='bbox 3567 5387 3623 5433; x_wconf 86' lang='lat' dir='ltr'>et</span> <span class='ocrx_word' id='word_1_836' title='bbox 3655 5384 3750 5434; x_wconf 82' lang='lat' dir='ltr'>()r.</span> 
     </span>
    </p>
   </div>
   <div class='ocr_carea' id='block_1_107' title="bbox 332 5446 2747 5521">
    <p class='ocr_par' dir='ltr' id='par_1_107' title="bbox 332 5446 2747 5521">
     <span class='ocr_line' id='line_1_109' title="bbox 332 5446 2747 5521; baseline 0.004 -26"><span class='ocrx_word' id='word_1_837' title='bbox 332 5456 416 5521; x_wconf 76' lang='lat' dir='ltr'>ra,</span> <span class='ocrx_word' id='word_1_838' title='bbox 450 5446 663 5514; x_wconf 88' lang='lat' dir='ltr'>quibus</span> <span class='ocrx_word' id='word_1_839' title='bbox 705 5449 981 5521; x_wconf 78' lang='lat' dir='ltr'>curandis</span> <span class='ocrx_word' id='word_1_840' title='bbox 1032 5446 1311 5521; x_wconf 87' lang='lat' dir='ltr'>pudicitia</span> <span class='ocrx_word' id='word_1_841' title='bbox 1358 5450 1609 5504; x_wconf 90' lang='lat' dir='ltr'>maxime</span> <span class='ocrx_word' id='word_1_842' title='bbox 1659 5446 1986 5505; x_wconf 79' lang='lat' dir='ltr'>necessaria</span> <span class='ocrx_word' id='word_1_843' title='bbox 2096 5450 2145 5502; x_wconf 89' lang='grc'>1·</span> <span class='ocrx_word' id='word_1_844' title='bbox 2173 5446 2414 5521; x_wconf 29' lang='lat' dir='ltr'>fIn&#39;edit.</span> <span class='ocrx_word' id='word_1_845' title='bbox 2449 5452 2611 5521; x_wconf 84' lang='lat' dir='ltr'>deest</span> <span class='ocrx_word' id='word_1_846' title='bbox 2638 5449 2747 5505; x_wconf 83' lang='grc' dir='ltr'>καί.</span> 
     </span>
    </p>
   </div>
   <div class='ocr_carea' id='block_1_108' title="bbox 332 5515 1939 5593">
    <p class='ocr_par' dir='ltr' id='par_1_108' title="bbox 332 5515 1923 5593">
     <span class='ocr_line' id='line_1_110' title="bbox 332 5515 1923 5593; baseline 0.008 -27"><span class='ocrx_word' id='word_1_847' title='bbox 332 5519 451 5593; x_wconf 62' lang='lat' dir='ltr'>est,</span> <span class='ocrx_word' id='word_1_848' title='bbox 477 5537 506 5593; x_wconf 54' lang='grc' dir='ltr'>ξ(</span> <span class='ocrx_word' id='word_1_849' title='bbox 541 5515 1119 5593; x_wconf 38' lang='lat' dir='ltr'>com‘mitterentur.7:</span> <span class='ocrx_word' id='word_1_850' title='bbox 1314 5592 1317 5593; x_wconf 79' lang='lat'>7</span> <span class='ocrx_word' id='word_1_851' title='bbox 1410 5589 1423 5593; x_wconf 89' lang='lat'><strong><em>_</em></strong></span> <span class='ocrx_word' id='word_1_852' title='bbox 1465 5590 1474 5593; x_wconf 97' lang='lat'><em>_</em></span> <span class='ocrx_word' id='word_1_853' title='bbox 1892 5591 1923 5593; x_wconf 55' lang='lat'>77</span> 
     </span>
    </p>
   </div>
   <div class='ocr_carea' id='block_1_109' title="bbox 2145 5515 3752 5593">
    <p class='ocr_par' dir='ltr' id='par_1_109' title="bbox 2163 5515 3752 5593">
     <span class='ocr_line' id='line_1_111' title="bbox 2163 5515 3752 5593; baseline -0.002 -18"><span class='ocrx_word' id='word_1_854' title='bbox 2305 5517 2431 5575; x_wconf 78' lang='grc' dir='ltr'>Οὐδ’</span> <span class='ocrx_word' id='word_1_855' title='bbox 2482 5519 2532 5574; x_wconf 74' lang='grc' dir='ltr'>ἐν</span> <span class='ocrx_word' id='word_1_856' title='bbox 2586 5518 2708 5593; x_wconf 60' lang='grc' dir='ltr'>ἴσῳ.</span> <span class='ocrx_word' id='word_1_857' title='bbox 2755 5520 2893 5591; x_wconf 82' lang='lat' dir='ltr'>Reg.</span> <span class='ocrx_word' id='word_1_858' title='bbox 2947 5537 3001 5585; x_wconf 85' lang='lat' dir='ltr'>a,</span> <span class='ocrx_word' id='word_1_859' title='bbox 3033 5515 3158 5575; x_wconf 75' lang='grc' dir='ltr'>οὐδὲ</span> <span class='ocrx_word' id='word_1_860' title='bbox 3216 5518 3265 5574; x_wconf 82' lang='grc' dir='ltr'>ἐν</span> <span class='ocrx_word' id='word_1_861' title='bbox 3301 5517 3402 5591; x_wconf 66' lang='grc' dir='ltr'>ἴσῳ</span> <span class='ocrx_word' id='word_1_862' title='bbox 3430 5522 3551 5577; x_wconf 88' lang='lat' dir='ltr'>Jes.</span> <span class='ocrx_word' id='word_1_863' title='bbox 3599 5519 3752 5575; x_wconf 74' lang='grc' dir='ltr'>οὐδὲν</span> 
     </span>
    </p>
   </div>
   <div class='ocr_carea' id='block_1_110' title="bbox 365 5583 1972 5662">
    <p class='ocr_par' dir='ltr' id='par_1_110' title="bbox 365 5583 1972 5662">
     <span class='ocr_line' id='line_1_112' title="bbox 365 5583 1972 5662; baseline 0.006 -25"><span class='ocrx_word' id='word_1_864' title='bbox 365 5585 518 5662; x_wconf 43' lang='grc'>,(11)</span> <span class='ocrx_word' id='word_1_865' title='bbox 552 5583 890 5653; x_wconf 78' lang='grc' dir='ltr'>Ἀπλότητα.</span> <span class='ocrx_word' id='word_1_866' title='bbox 939 5590 1114 5646; x_wconf 88' lang='lat' dir='ltr'>Coisl.</span> <span class='ocrx_word' id='word_1_867' title='bbox 1186 5595 1234 5648; x_wconf 90' lang='lat'>1.</span> <span class='ocrx_word' id='word_1_868' title='bbox 1298 5589 1639 5659; x_wconf 86' lang='grc' dir='ltr'>ἁπαλότητα.</span> <span class='ocrx_word' id='word_1_869' title='bbox 1698 5615 1726 5641; x_wconf 86' lang='grc'><em>‹‹</em></span> <span class='ocrx_word' id='word_1_870' title='bbox 1791 5591 1972 5647; x_wconf 89' lang='lat' dir='ltr'>molli-</span> 
     </span>
    </p>
   </div>
   <div class='ocr_carea' id='block_1_111' title="bbox 694 5583 2301 5662">
    <p class='ocr_par' dir='ltr' id='par_1_111' title="bbox 694 5583 2301 5662">
     <span class='ocr_line' id='line_1_113' title="bbox 694 5583 2301 5662; baseline 0.007 -25"><span class='ocrx_word' id='word_1_871' title='bbox 694 5584 890 5653; x_wconf 83' lang='grc' dir='ltr'>ότητα.</span> <span class='ocrx_word' id='word_1_872' title='bbox 939 5590 1114 5646; x_wconf 81' lang='lat' dir='ltr'>Coisl.</span> <span class='ocrx_word' id='word_1_873' title='bbox 1186 5595 1234 5648; x_wconf 91' lang='lat'>1.</span> <span class='ocrx_word' id='word_1_874' title='bbox 1298 5589 1639 5659; x_wconf 86' lang='grc' dir='ltr'>ἁπαλότητα.</span> <span class='ocrx_word' id='word_1_875' title='bbox 1698 5615 1726 5641; x_wconf 87' lang='grc'><em>‹‹</em></span> <span class='ocrx_word' id='word_1_876' title='bbox 1791 5591 1981 5647; x_wconf 91' lang='lat' dir='ltr'>molli-</span> <span class='ocrx_word' id='word_1_877' title='bbox 2094 5583 2301 5662; x_wconf 48' lang='grc' dir='ltr'>ἔν’ἷάᾡ.</span> 
     </span>
    </p>
   </div>
   <div class='ocr_carea' id='block_1_112' title="bbox 332 5653 1939 5738">
    <p class='ocr_par' dir='ltr' id='par_1_112' title="bbox 332 5653 1546 5738">
     <span class='ocr_line' id='line_1_114' title="bbox 332 5653 1546 5738; baseline 0 -33"><span class='ocrx_word' id='word_1_878' title='bbox 332 5653 529 5738; x_wconf 47' lang='grc' dir='ltr'>ιίθρ.ηξ›</span> <span class='ocrx_word' id='word_1_879' title='bbox 550 5725 563 5738; x_wconf 52' lang='lat'>7</span> <span class='ocrx_word' id='word_1_880' title='bbox 676 5721 695 5738; x_wconf 29' lang='grc' dir='ltr'><em>κ</em></span> <span class='ocrx_word' id='word_1_881' title='bbox 1537 5653 1546 5659; x_wconf 88' lang='grc'><em>’</em></span> 
     </span>
    </p>
   </div>
   <div class='ocr_carea' id='block_1_113' title="bbox 1916 5653 3523 5738">
    <p class='ocr_par' dir='ltr' id='par_1_113' title="bbox 1916 5653 3523 5738">
     <span class='ocr_line' id='line_1_115' title="bbox 1916 5653 3523 5738; baseline -0.004 -15"><span class='ocrx_word' id='word_1_882' title='bbox 1916 5733 1944 5738; x_wconf 89' lang='lat'>__</span> <span class='ocrx_word' id='word_1_883' title='bbox 2166 5653 2284 5735; x_wconf 48' lang='lat'>(17&#39;)</span> <span class='ocrx_word' id='word_1_884' title='bbox 2317 5660 2765 5737; x_wconf 75' lang='grc' dir='ltr'>Μεγαλοψύχως.</span> <span class='ocrx_word' id='word_1_885' title='bbox 2796 5661 2976 5718; x_wconf 89' lang='lat' dir='ltr'>Coisl.</span> <span class='ocrx_word' id='word_1_886' title='bbox 3011 5666 3063 5735; x_wconf 88' lang='lat'>1,</span> <span class='ocrx_word' id='word_1_887' title='bbox 3096 5660 3523 5738; x_wconf 81' lang='grc' dir='ltr'>ομγαλόψυχος.</span> 
     </span>
    </p>
   </div>
   <div class='ocr_carea' id='block_1_114' title="bbox 412 5721 1983 5807">
    <p class='ocr_par' dir='ltr' id='par_1_114' title="bbox 412 5721 1983 5807">
     <span class='ocr_line' id='line_1_116' title="bbox 412 5721 1983 5807; baseline 0.008 -32"><span class='ocrx_word' id='word_1_888' title='bbox 412 5725 520 5795; x_wconf 80' lang='grc'>(12)</span> <span class='ocrx_word' id='word_1_889' title='bbox 550 5721 984 5799; x_wconf 71' lang='grc' dir='ltr'>Ἐφιλοσοφιῖτο,</span> <span class='ocrx_word' id='word_1_890' title='bbox 1018 5736 1128 5788; x_wconf 90' lang='lat' dir='ltr'>etc.</span> <span class='ocrx_word' id='word_1_891' title='bbox 1172 5734 1399 5807; x_wconf 83' lang='lat' dir='ltr'>Billius,</span> <span class='ocrx_word' id='word_1_892' title='bbox 1449 5757 1479 5786; x_wconf 88' lang='grc'>‹‹</span> <span class='ocrx_word' id='word_1_893' title='bbox 1527 5733 1588 5787; x_wconf 92' lang='lat' dir='ltr'>in</span> <span class='ocrx_word' id='word_1_894' title='bbox 1636 5732 1731 5788; x_wconf 87' lang='lat' dir='ltr'>his</span> <span class='ocrx_word' id='word_1_895' title='bbox 1768 5732 1983 5788; x_wconf 81' lang='lat' dir='ltr'>studiis</span> 
     </span>
    </p>
   </div>
  </div>
