4070 6400
279 372 416 431 -769

1079 367 1374 427 ORATIO
1419 366 1554 426 VlI.
1588 398 1663 409 —
1692 366 1771 425 IN
1815 363 2146 427 LAUDEM
2192 362 2527 424 CuESARII
2575 364 2937 425 FRATRIS.

3608 368 3729 427 ’ΠΟ

301 504 518 577 ραθρον.
570 499 668 554 Καὶ
716 499 779 552 τὸ
828 498 921 571 μὶν
972 501 1186 573 πρῶτον
1237 496 1384 569 αύτῷ
1437 498 1552 570 (18)
1589 494 1870 572 τέχνασμά
1897 514 1957 550 τε

2091 496 2390 562 obsdebat,
2419 496 2580 552 omni
2603 497 3009 552 machinarum
3033 514 3243 570 genere
3291 499 3349 554 in
3381 501 3723 573 voraginem

299 591 389 645 καὶ
444 589 685 666 σόφισμα
727 589 858 659 (19),
908 586 997 639 ’ἰνα
1051 582 1191 658 μηδὲ
1237 592 1336 655 τῆς
1387 584 1474 641 ἐπὶ
1505 590 1621 646 τοῖς
1652 583 1840 647 ἄθλοις
1869 605 1958 637 τι-

307 687 414 753 μῆς
461 678 825 752 τυγχάνωμεν
884 673 1115 751 (ἐφθόνει
1167 674 1268 751 γάρ
1316 674 1405 729 καὶ
1451 674 1653 742 ταύτης
1703 675 1957 746 Χριστια-

303 775 421 831 νοῖς
483 768 510 821 ὁ
565 763 869 843 γεννάδας),
932 764 1240 839 πάσχοντας
1298 765 1371 825 ὡς
1428 762 1805 838 Χριστιανοὺς,
1886 761 1961 823 ὡς

306 855 646 931 κακούργους
727 853 1088 921 κολάζεσθαι·
1160 853 1222 907 τὸ
1303 851 1359 907 δὲ
1431 850 1678 927 δεύτερον
1747 852 1962 911 πειθοῦς

309 942 483 1019 ὄνομα
533 948 803 1017 προσεῖναι
861 946 939 1013 τῷ
1011 940 1305 1017 γινομένῳ,
1366 943 1441 1014 μή
1496 937 1828 1015 τυραννίδος,
1890 939 1964 1001 ὡς

311 1035 369 1089 ἂν
407 1039 588 1107 μεῖζον
636 1031 671 1105 ᾖ
716 1036 813 1085 τοῦ
860 1028 1112 1085 κινδύνου
1158 1031 1220 1084 τὸ
1263 1037 1362 1100 τῆς
1395 1029 1685 1106 αἰσχύνης,
1716 1026 1963 1103 αὐθαιρέ-

308 1145 418 1185 τως
465 1119 709 1197 χωροῦσι
760 1121 896 1196 πρὸς
946 1121 1043 1187 τήν
1095 1114 1360 1176 ἀσέϐειαν.
1404 1120 1502 1174 Καὶ
1534 1121 1659 1180 τοὺς
1695 1118 1787 1192 μὲν
1821 1119 1965 1194 χρή-

316 1233 465 1285 μασι,
524 1208 650 1271 τοὺς
697 1207 754 1264 δὲ
804 1210 1095 1282 ἀξιώμασι,
1147 1208 1273 1271 τοὺς
1326 1206 1383 1263 δὲ
1442 1207 1788 1284 ὑποσχέσεσι,
1841 1205 1968 1268 τοὺς

313 1298 369 1355 δὲ
417 1299 700 1360 παντοίαις
748 1304 936 1371 τιμαῖς
987 1297 1356 1376 ὑφελκόμενος
1396 1300 1527 1371 (20),
1563 1296 1622 1359 ἂς
1656 1294 1781 1351 οὑδὲ
1812 1290 1970 1372 βασι-

312 1389 482 1450 λικῶς
513 1391 807 1463 προσῆγεν,
839 1386 984 1442 ἀλλᾶ
1011 1387 1101 1441 καὶ
1134 1385 1253 1441 λίαν
1308 1384 1700 1461 δουλοπρεπῶς
1751 1385 1801 1440 ἐν
1849 1390 1970 1446 ταῖς

316 1478 566 1532 ἀπάντων
609 1472 786 1549 ὄψεσι,
828 1474 1030 1537 πάντας
1062 1473 1118 1529 δὲ
1148 1477 1220 1546 τῇ
1249 1474 1477 1550 γοητείᾳ
1503 1479 1610 1530 τῶν
1642 1474 1823 1549 λόγων
1858 1475 1970 1547 (21)

312 1567 402 1620 καὶ
432 1571 511 1638 τῷ
540 1567 659 1619 καθ’
708 1566 891 1619 ἑαυτὸν
946 1561 1329 1638 ὑποδείγματι,
1377 1564 1463 1619 ἐπὶ
1514 1562 1750 1624 πολλοῖς
1787 1569 1970 1639 πειρᾶ-

310 1675 398 1710 ται
457 1656 545 1708 καὶ
605 1653 916 1726 Καισαρίου.
980 1658 1088 1707 Φεῦ
1144 1660 1245 1723 τῆς
1294 1651 1677 1730 παραπληξίας
1742 1652 1832 1707 καὶ
1872 1659 1973 1721 τῆς

312 1743 517 1811 ἀνοίας,
547 1742 591 1797 εἰ
626 1739 912 1816 Καισάριόν
957 1764 1017 1797 τε
1066 1738 1214 1811 ὄντα,
1262 1742 1351 1798 καὶ
1402 1741 1636 1820 ἀδελφὸν
1682 1741 1831 1815 ἐμὸν,
1882 1741 1972 1795 καὶ

309 1836 417 1887 νῶν
450 1833 655 1908 γονέων
682 1830 888 1886 τούτων
919 1830 1173 1902 συλήσειν
1204 1828 1437 1900 ἤλπισεν
1465 1833 1476 1887 ί

2070 601 2240 639 suam
2276 586 2522 641 miseros
2553 585 2761 641 callide
2793 586 3157 657 pertrahens.
3200 590 3277 643 Ac
3319 606 3388 643 ne
3420 607 3518 645 eos
3545 590 3729 647 hono-

2071 690 2185 739 res,
2220 674 2320 744 qui
2354 676 2713 745 martyribus
2748 675 2944 730 haberi
2988 675 3196 744 solent,
3236 693 3730 749 consequeremur

2070 762 2201 834 (hos
2259 763 2412 817 enim
2469 762 2816 819 Christianis
2881 762 2968 817 vir
3041 764 3311 836 egregius
3390 766 3726 839 invidebat),

2072 851 2330 923 primum
2362 850 2523 907 illius
2558 852 2867 907 artiﬁcium
2922 853 3030 908 hoc
3079 854 3207 924 fuit,
3260 860 3323 909 ut
3369 855 3467 926 qui
3518 856 3731 911 Christi

2073 957 2251 996 causa
2302 940 2691 1012 patiebantur,
2725 947 3008 1013 tanquam
3059 948 3257 998 sontes
3303 952 3358 998 et
3420 944 3729 1000 facinerosi

2075 1031 2337 1085 cruciatu
2370 1030 2779 1097 afﬁcerentur;
2813 1030 3082 1099 alterum,
3118 1033 3269 1104 quod
3305 1033 3443 1088 huic
3478 1034 3580 1103 rei,
3615 1052 3731 1089 non

2074 1119 2428 1190 tyrannidis,
2482 1121 2583 1173 sed
2634 1119 3030 1190 persuasionis
3077 1138 3286 1177 nomen
3341 1122 3729 1194 imponebat:

2077 1208 2235 1279 quod
2267 1207 2491 1264 scilicet
2521 1209 2709 1279 major
2754 1224 2957 1264 eorum
2982 1210 3238 1281 infamia,
3273 1229 3447 1283 quam
3499 1214 3728 1283 pericu-

2075 1297 2199 1352 lum
2231 1301 2404 1364 esset,
2422 1298 2519 1369 qui
2541 1303 2748 1369 sponte
2767 1299 2837 1353 ad
2864 1299 3221 1370 impietatem
3248 1318 3309 1357 se
3332 1302 3726 1357 conferebant.

2077 1387 2339 1458 Cumque
2397 1387 2542 1442 alios
2594 1388 2879 1458 pecuniis,
2932 1388 3077 1444 alios
3133 1389 3541 1462 dignitatibus,
3583 1392 3732 1448 alios

2079 1476 2405 1549 promissis,
2433 1474 2577 1531 alios
2607 1476 2783 1531 variis
2807 1477 3093 1532 honorum
3118 1480 3452 1550 generibus,
3487 1498 3635 1552 quos
3659 1498 3732 1537 ne

2080 1565 2235 1636 regie
2267 1565 2522 1636 quidem,
2556 1566 2654 1620 sed
2690 1582 2972 1637 perquam
3024 1568 3310 1624 serviliter
3355 1569 3413 1625 in
3462 1570 3727 1626 omnium

2080 1658 2319 1725 aspectu
2351 1653 2664 1720 deferebat,
2698 1671 2902 1711 omnes
2946 1655 3200 1727 denique
3244 1657 3552 1713 verborum
3586 1676 3732 1731 pras-

2081 1742 2273 1815 stigiis
2305 1759 2369 1797 ac
2403 1760 2508 1798 suo
2539 1742 2802 1815 exemplo
2834 1745 2904 1799 ad
2938 1761 3000 1800 se
3032 1744 3309 1818 alliceret,
3345 1752 3476 1818 post
3516 1748 3735 1804 multos

2080 1831 2397 1887 Caesarium
2443 1849 2675 1903 quoque
2721 1833 3078 1906 aggreditur.
3133 1835 3277 1891 Proh
3326 1842 3629 1908 stuporem
3680 1842 3739 1893 et

315 1924 659 1993 amentiam,
693 1923 847 1978 206
880 1922 929 1978 si
964 1940 1127 1994 spem
1160 1922 1365 1978 habuit
1412 1924 1530 1977 fore
1581 1927 1645 1977 ut
1674 1926 1732 1977 et
1774 1920 2109 1989 Caesarium,
2145 1926 2202 1976 et
2231 1922 2469 1976 fratrem
2504 1938 2722 1992 meum,
2756 1926 2814 1977 et
2842 1922 2935 1978 his
2988 1925 3326 1994 parentibus
3357 1931 3561 1982 natum
3589 1944 3737 1999 prea-

317 2014 559 2069 daretur
580 2012 592 2066 l

389 2101 497 2159 IB'.
537 2096 713 2164 Ἀλλ’,
760 2097 851 2153 ’ίνα
903 2101 1094 2175 μικρὸν
1132 2097 1544 2175 προσδιατρίψω
1572 2097 1652 2171 τῷ
1682 2096 1855 2173 λόγῳ,
1886 2097 1974 2151 καὶ

2156 2098 2272 2153 ΧΙΙ.
2308 2099 2523 2155 Verum
2547 2101 2631 2168 (ut
2662 2100 2719 2155 in
2751 2100 2859 2156 hoc
2894 2117 3163 2157 sermone
3194 2103 3498 2174 paululum
3531 2106 3738 2164 immo-

315 2190 712 2266 κατατρυφήσω
761 2192 858 2243 τοῦ
918 2185 1286 2263 διηγήματος,
1343 2188 1420 2250 ὡς
1467 2188 1518 2242 οἱ
1567 2187 1825 2263 παρόντες
1880 2191 1976 2241 τοῦ

318 2278 593 2352 θαύματος
624 2281 759 2351 (22),
792 2277 963 2351 εἰσῄει
1008 2278 1100 2350 μὲν
1139 2278 1166 2331 ὁ
1213 2275 1469 2353 γεννάδας
1514 2276 1712 2337 ἐκεῖνος
1753 2281 1833 2348 τῷ
1880 2280 1977 2330 τοῦ

319 2370 556 2441 Χριστοῦ
606 2365 820 2439 σημείῳ
871 2366 1228 2441 φραξάμενος,
1289 2367 1375 2420 καὶ
1432 2366 1522 2421 τὸν
1589 2367 1757 2440 μέγαν
1808 2364 1973 2439 λόγον

323 2456 513 2510 ἑαυτοῦ
544 2449 1022 2529 προϐαλλόμενος,
1056 2456 1190 2531 πρὸς
1225 2455 1317 2509 τὸν
1341 2453 1515 2510 πολὺν
1551 2454 1602 2510 ἐν
1636 2453 1854 2523 ὅπλοις,
1886 2453 1976 2508 καὶ

326 2541 493 2618 μέγαν
544 2542 595 2597 ἐν
658 2543 840 2618 λόγων
892 2541 1200 2614 δεινότητι’
1260 2542 1414 2599 οὐδὲν
1488 2541 1544 2599 δὲ
1612 2541 1977 2619 καταπλαγεὶς

320 2632 461 2707 πρὸς
517 2633 614 2700 τὴν
667 2631 808 2706 δψιν,
860 2628 985 2686 οὐδὲ
1032 2632 1237 2703 θωπείᾳ
1277 2655 1329 2687 τι
1360 2628 1683 2688 καταϐαλὼν
1716 2637 1810 2688 τοῦ
1841 2653 1977 2711 φρο-

320 2723 587 2794 νήματος,
646 2720 891 2800 ἀθλητής
947 2718 1170 2795 ἕτοιμος
1220 2722 1310 2791 ἧν,
1356 2744 1445 2776 και
1498 2722 1651 2797 λόγῳ
1690 2722 1779 2777 καὶ
1812 2717 1976 2798 ἔργῳ,

322 2810 458 2885 πρὸς
515 2811 607 2865 τὸν
686 2809 737 2864 ὲν
806 2811 1136 2887 ἀμφοτέροις
1192 2808 1413 2866 δυνατὸν
1475 2810 1847 2888 ἀγωνίζεσθαι.
1906 2811 1978 2865 Τὸ

331 2898 424 2969 μὶν
459 2899 549 2952 οῦν
598 2896 812 2954 στάδιον
860 2905 1130 2973 τοιοῦτον,
1182 2900 1270 2955 καὶ
1322 2901 1350 2954 ὁ
1400 2908 1499 2970 τῆς
1533 2895 1803 2963 εὐσεϐείας
1835 2900 1978 2977 ἀγω-

326 2988 512 3056 νιστὴς
571 2992 868 3050 τοσοῦτος·
917 2989 1005 3042 καὶ
1076 2988 1419 3063 ἀγωνοθέτης
1470 2992 1605 3062 (23),
1664 2984 1807 3053 ἔνθεν
1885 2989 1980 3062 μὶν

326 3076 575 3149 Χριστὸς
604 3082 719 3138 τοῖς
767 3077 956 3131 ἑαυτοῦ
1009 3079 1196 3132 πάθεσι
1238 3078 1327 3132 τὸν
1380 3077 1621 3148 ἀθλητὴν
1655 3076 1977 3149 ἐξοπλίζων,

322 3163 519 3219 ἐκεῖθεν
569 3163 626 3220 δὲ
676 3162 849 3227 δεινὸς
886 3164 1140 3240 τύραννος
1184 3170 1252 3240 τῇ
1301 3170 1409 3221 τῶν
1459 3166 1636 3243 λόγων
1682 3166 1979 3238 οἰκειότητι

320 3252 687 3329 προσσαίνων,
739 3252 827 3307 καὶ
877 3259 954 3326 τῷ
1010 3261 1109 3323 τῆς
1161 3254 1399 3325 ἐξουσίας
1451 3254 1599 3332 ὄγκῳ
1661 3253 1977 3329 δεδιττόμε-

315 3364 445 3405 νος·
512 3342 732 3418 θέατρον
796 3340 851 3397 δὲ
909 3342 1316 3421 ἀμφοτέρωθεν,
1370 3348 1478 3399 τῶν
1522 3366 1581 3399 τε
1628 3348 1696 3419 τῇ
1737 3340 1979 3417 εὐσεϐείᾳ

315 3431 658 3505 λειπομένων
690 3428 788 3499 ἔτι,
820 3432 907 3486 καὶ
949 3437 1053 3487 τῶν
1112 3434 1199 3488 ὑπ’
1246 3432 1450 3488 ἐκείνου
1496 3434 1972 3509 συνηρπασμένων,

314 3521 422 3590 ’ὀπη
458 3520 616 3595 νεύσῃ
665 3524 776 3594 (24)
824 3523 892 3576 τὰ
938 3523 1054 3576 κατ’
1085 3521 1280 3584 αὐτοὺς
1314 3522 1793 3593 ἀποσκοπούντων,
1826 3525 1973 3585 ’ὀστις

313 3611 551 3677 νικήσειε
579 3609 753 3664 πλείω
799 3612 898 3679 τὴν
942 3611 1177 3685 ἀγωνίαν
1362 3611 1622 3688 ἐχόντων,
1655 3614 1689 3682 ἢ
1727 3612 1849 3688 περὶ
1884 3612 1976 3673 οὕς

315 3696 377 3750 τὸ
411 3698 652 3774 θέατρον.

2086 2205 2197 2259 rer,
2222 2193 2397 2260 atque
2428 2205 2494 2244 ex
2516 2189 2624 2245 hac
2650 2190 2982 2246 narratione
3005 2191 3243 2248 delicias
3266 2193 3514 2265 capiam,
3531 2213 3738 2267 quem-

2087 2278 2407 2333 admodum
2440 2294 2471 2331 e
2502 2295 2562 2333 re
2595 2278 2744 2332 mira
2774 2278 2812 2331 ii
2858 2281 2955 2349 qui
3005 2286 3133 2334 tum
3168 2282 3506 2354 affuerunt),
3540 2286 3737 2359 ingre-

2086 2366 2356 2420 diebatur
2386 2366 2471 2419 vir
2501 2366 2597 2421 ille
2631 2366 2818 2432 fortis,
2850 2365 3061 2423 Christi
3094 2369 3262 2441 signo
3296 2371 3583 2443 munitus,
3622 2375 3737 2447 cly-

2085 2455 2293 2526 peique
2322 2454 2441 2510 vice
2476 2471 2755 2527 magnum
2786 2457 3028 2512 verbum
3056 2457 3399 2530 obtendens,
3436 2463 3505 2516 ad
3542 2462 3735 2518 homi-

2086 2560 2221 2599 nem
2254 2543 2505 2598 multum
2554 2543 2615 2598 in
2665 2544 2823 2599 arnis
2872 2562 3148 2617 magnum
3187 2548 3243 2602 in
3287 2548 3517 2605 dicendi
3553 2552 3736 2607 facul-

2083 2636 2221 2688 tate.
2251 2632 2365 2687 Nec
2394 2649 2528 2687 vero
2559 2634 2631 2689 ad
2661 2632 2819 2689 illius
2841 2640 3142 2705 aspectum
3166 2636 3284 2691 ullo
3312 2646 3470 2693 metu
3504 2642 3739 2710 percul-

2087 2739 2191 2777 sus
2213 2726 2433 2789 est,nec
2454 2722 2525 2777 ob
2547 2723 2853 2777 verborum
2878 2723 3193 2780 blanditias
3217 2726 3286 2781 de
3308 2728 3487 2782 animi
3511 2732 3737 2803 magni-

2087 2811 2290 2866 tudine
2322 2811 2644 2882 quidquam
2671 2811 2881 2882 abjecit
2906 2830 2917 2878 ;
2947 2830 3146 2867 verum
3173 2820 3481 2887 promptus
3501 2823 3557 2872 et
3581 2836 3745 2889 para-

2087 2905 2183 2954 tus
2215 2898 2432 2955 athleta
2480 2905 2603 2954 erat
2652 2901 2719 2954 ad
2772 2902 3208 2971 decertandum,
3260 2909 3386 2959 tum
3447 2923 3739 2980 sermone,

2088 2994 2211 3045 tum
2242 3007 2432 3060 opere,
2469 2990 2745 3045 adversus
2793 3007 2949 3060 eum,
2996 2991 3095 3062 qui
3144 2993 3202 3046 in
3255 2997 3499 3066 utroque
3532 3012 3743 3068 genere

2090 3079 2311 3133 viribus
2343 3078 2616 3150 pollebat.
2637 3083 2713 3133 Ac
2746 3079 2859 3133 tale
2882 3080 3118 3151 quidem
3152 3088 3278 3137 erat
3308 3084 3589 3151 stadium,
3611 3091 3746 3141 tan-

2089 3174 2303 3239 tusque
2337 3167 2564 3239 pietatis
2590 3175 3005 3241 propugnator.
3029 3175 3212 3241 Atque
3236 3173 3571 3229 certaminis
3599 3192 3745 3247 prae-

2089 3275 2204 3325 ses,
2228 3258 2365 3313 hinc
2389 3258 2627 3329 quidem
2648 3258 2937 3326 Christus,
2959 3277 3060 3331 per
3085 3260 3389 3332 passiones
3414 3280 3550 3319 suas
3574 3265 3746 3337 pugi-

2087 3346 2200 3403 lem
2253 3362 2511 3413 armans,
2555 3345 2716 3402 illinc
2759 3351 2954 3403 autem
3008 3348 3202 3421 gravis
3251 3354 3554 3423 tyrannus,
3610 3358 3741 3408 tum

2085 3437 2394 3492 verborum
2428 3436 2717 3491 illecebris
2748 3435 3028 3491 athletam
3065 3438 3350 3506 mulcens,
3387 3447 3510 3495 tum
3548 3447 3747 3514 poten-

2086 3525 2176 3579 tiae
2211 3524 2361 3579 mole
2394 3524 2690 3579 territans.
2738 3524 2886 3589 Quin
2934 3526 3111 3580 etiam
3146 3528 3422 3599 utrinque
3453 3529 3749 3585 theatrum

2084 3618 2229 3680 erat,
2260 3612 2368 3667 hoc
2415 3617 2524 3678 est,
2559 3617 2615 3666 et
2645 3629 2841 3667 eorum
2875 3613 2974 3684 qui
3008 3613 3067 3668 in
3103 3615 3232 3669 fidei
3288 3616 3501 3687 pietate
3554 3618 3748 3673 adhuc

2087 3706 2515 3767 remanserant,
2549 3706 2605 3755 et
2637 3717 2837 3754 eorum
2873 3702 2971 3772 qui
3006 3704 3079 3756 ab
3112 3702 3209 3758 illo
3242 3704 3461 3775 abrepti
3496 3706 3748 3781 fuerant,

318 3794 511 3843 utram
547 3789 604 3843 in
638 3795 860 3860 partem
893 3806 1095 3846 eorum
1132 3797 1426 3846 certamen
1480 3791 1810 3859 inclinaret,
1862 3791 2283 3863 spectantium,
2336 3794 2532 3860 atque,
2586 3794 2715 3843 uter
2761 3790 3040 3859 vinceret,
3091 3793 3281 3864 magis
3332 3793 3749 3856 laborantium,

318 3894 495 3948 quam
529 3877 610 3932 illi
642 3878 776 3950 ipsi,
811 3896 959 3950 quos
992 3881 1354 3952 spectabant.

393 3967 488 4021 ΙΓ’.
544 3967 663 4039 Ἆρ’
707 3966 805 4020 οὐκ
850 3964 1055 4029 ἔδεισας
1104 3966 1230 4043 περί
1284 3969 1592 4044 Καισαρίου,
1658 3972 1789 4042 μήτι
1842 3969 1983 4042 πάθῃ

321 4054 421 4121 τῆς
525 4054 831 4128 προθυμίας
910 4056 1160 4129 ἀνάξιον;
1242 4056 1415 4112 Ἀλλὰ
1492 4059 1768 4133 θαρσεῖτε·
1851 4060 1985 4130 μετά

320 4146 558 4215 Χριστοῦ
605 4143 705 4218 γὰρ
754 4146 788 4213 ἡ
834 4144 955 4213 νίκη
1004 4150 1101 4199 τοῦ
1150 4146 1241 4200 τὸν
1292 4146 1496 4218 κόσμον
1529 4150 1875 4217 νικήσαντος.
1909 4148 1982 4201 Τὰ

319 4229 414 4303 μὲν
477 4227 568 4284 οὗν
614 4232 732 4285 καθ’
776 4228 993 4287 ἕκαστον
1046 4239 1151 4288 τῶν
1206 4234 1326 4290 τότε
1378 4235 1650 4311 ῥηθέντων
1702 4238 1735 4305 ἢ
1779 4256 1983 4309 προτε-

316 4320 513 4383 θέντων
566 4318 931 4397 ἐκδιηγεῖσθαι
993 4324 1060 4378 τὰ
1107 4328 1194 4378 νῦν
1243 4323 1348 4400 ἐγὼ
1411 4326 1526 4398 μὲν,
1581 4324 1635 4380 εὖ
1685 4326 1818 4397 ἴστε,
1884 4330 1982 4380 τοῦ

315 4411 513 4472 παντὸς
575 4409 631 4464 ἂν
692 4410 1073 4484 ἐτιλησάμηνο
1134 4414 1223 4467 καὶ
1285 4413 1388 4489 γὰρ
1464 4414 1553 4469 καὶ
1615 4414 1843 4490 λογικάς
1897 4436 1977 4468 τι-

315 4519 408 4558 νας
471 4501 584 4568 (26)
641 4498 780 4554 ἐστὶν
833 4500 893 4562 ἃς
946 4498 1060 4576 ἔχει
1111 4504 1346 4579 στροφὰς
1398 4504 1485 4557 καὶ
1525 4504 1793 4577 κομψείας
1828 4505 1855 4558 ὁ
1888 4502 1978 4559 λό-

2170 3969 2320 4024 XIII.
2351 3971 2436 4022 An
2482 3984 2594 4022 non
2646 3968 2919 4034 timuisti,
2954 3985 3025 4023 ne
3071 3969 3211 4040 quid
3272 3972 3518 4028 Caesarie
3567 3970 3751 4029 animi

2095 4056 2393 4112 alacritate
2425 4073 2630 4127 parum
2665 4057 2909 4128 dignum
2947 4058 3222 4114 accidat?
3250 4062 3320 4115 At
3366 4061 3518 4115 bono
3567 4067 3751 4118 estote

2094 4147 2312 4201 animo.
2347 4145 2603 4200 Victoria
2634 4146 2787 4201 enim
2821 4163 2954 4201 cum
2988 4146 3238 4218 Christo,
3274 4150 3379 4220 qui
3408 4150 3545 4205 vicit
3577 4168 3743 4206 mun-

2095 4236 2234 4289 dum
2274 4237 2336 4287 ιι.
2378 4237 2455 4289 Ac
2487 4234 2632 4288 nihil
2666 4234 2901 4306 quidem
2936 4236 3170 4292 mallem
3204 4255 3379 4309 quam
3433 4244 3495 4294 ut
3524 4256 3591 4295 ea
3622 4257 3754 4311 quas

2093 4331 2215 4380 tum
2236 4325 2391 4379 dicta
2412 4329 2468 4379 et
2488 4324 2790 4396 proposita
2809 4331 2966 4390 sunt,
2993 4327 3291 4399 sigillatim
3326 4346 3477 4384 nunc
3502 4347 3751 4402 expone—

2092 4432 2213 4470 rem
2242 4440 2255 4481 ;
2290 4432 2425 4469 nam
2463 4418 2519 4467 et
2552 4415 2767 4486 logicas
2799 4415 3023 4485 aliquot
3072 4418 3334 4489 argutias
3378 4418 3749 4491 leporesque,

2088 4522 2216 4560 meo
2248 4505 2486 4575 quidem
2513 4505 2758 4573 judicio,
2796 4511 3122 4570 memoratu
3157 4524 3268 4563 non
3296 4508 3652 4578 injucundos
3684 4526 3753 4564 ea

318 4606 418 4661 γος
447 4588 582 4659 (27),
642 4587 765 4661 ἐμοὶ
814 4594 944 4664 γοῦν
997 4590 1096 4645 οὐκ
1142 4588 1329 4661 ἀηδεῖς
1386 4591 1462 4652 εἷς
1491 4595 1716 4665 μνήμην
1744 4613 1754 4625 ·
1804 4592 1903 4666 ἔξω
1938 4591 1974 4647 δ⁴

2092 4592 2412 4662 disputatio
2444 4591 2736 4646 continet:
2766 4609 2964 4647 verum
2998 4594 3476 4666 intempestivum
3511 4614 3752 4669 prorsus

391 4739 438 4772 "
465 4738 634 4793 Joan.
668 4757 781 4807 XVI,
818 4742 906 4796 33.

394 4906 504 4981 μθ)
536 4906 713 4981 Atinii.
748 4909 842 4965 Sic
876 4910 1012 4981 Reg.
1044 4911 1142 4966 bm
1176 4912 1349 4977 Editi,
1382 4911 1567 4968 αὐτοῦ.

393 4978 505 5057 (19)
542 4977 813 5057 Σόφισμα,
846 4977 1183 5057 θὶο.ᾟοοιιε
1216 4984 1325 5040 iste
1343 4986 1415 5057 _in
1463 4986 1600 5057 Reg.
1650 4984 1868 5057 hu,_sic
1899 4983 1977 5057 le-

320 5047 553 5119 gitur:
620 5047 895 5127 Σόφισμα,
953 5053 1266 5145 πάσχοντας
1325 5055 1397 5117 ὡς
1468 5047 1845 5129 Χρῖστιανοῦς,
1907 5054 1979 5114 ὡς

320 5118 991 5145 ..--..-1-,-.-η--.κπινκγοη
1067 5127 1080 5145 τ
1281 5123 1323 5145 m
1402 5132 1428 5144 η.
1496 5125 1509 5145 ν
1565 5128 1578 5145 κ
1684 5132 1709 5141 ~
1795 5123 1877 5145 νην

317 5118 1159 5197 κακούργουςικολᾶζεσθαι,,Ἕκα
1193 5123 1334 5197 μηδὲ
1361 5132 1461 5195 τῆς
1492 5118 1579 5181 ἐπὶ
1622 5132 1737 5187 τοῖς
1790 5118 1977 5186 ἄθλοις

316 5192 1150 5281 τιμῆςτυγχανοιμενκέφεθόνει
1190 5192 1291 5273 γὰρ
1337 5192 1427 5251 καί
1472 5197 1674 5267 ταύτης
1725 5201 1979 5281 Χριστια-

316 5264 481 5339 νοῖςγὸ
503 5263 874 5339 γενν’ἆδας”τὸ
907 5263 1271 5339 δὲ’δεύτερόνξ
1300 5278 1409 5325 etc.
1438 5263 1650 5326 Eodem
1685 5263 1857 5325 modo
1900 5271 1979 5326 le-

322 5336 405 5405 git
434 5336 704 5417 Savilius,
764 5339 877 5393 nisi
928 5343 1082 5417 quod
1134 5336 1671 5417 delegerdaxovm;
1722 5340 1797 5401 ὡς
1848 5347 1978 5417 Χρι-

322 5406 592 5487 στιιαὶνκούις,
618 5416 681 5487 et
708 5427 807 5487 pro
836 5406 1457 5487 τυγῇίιπίνοιμενλΜὼϐἳι,⁸
1475 5406 1826 5487 ἒιῖυγχιιὶνοιεν.

538 5477 1052 5557 ἰ’φελκόμενοςῗίά
1082 5477 1648 5557 όδῐ,’ὑποσυρόμενόξ.
1689 5487 1823 5557 Reg.
1857 5485 1978 5551 bm.

327 5546 700 5645 ὑφελόμενος,
726 5576 749 5645 ξι
776 5546 1567 5645 'subtgahensg’subducer‘is.
1601 5578 1627 5609 ι)
1768 5546 1802 5557 υ
1823 5626 1835 5645 Ι

400 5622 513 5694 (21)
541 5626 657 5676 Τῶν
680 5623 884 5698 λόγων.
923 5626 1085 5682 Unus
1135 5622 1348 5699 Regius
1398 5630 1580 5697 addit,
1630 5626 1978 5703 παρασύρων,

326 5714 354 5741 ‹‹
391 5694 763 5764 abstrahens,
803 5706 1155 5768 pervertens.
1190 5721 1217 5748 ››

2160 4913 2273 4981 (22)
2305 4908 2612 4987 Θαύματος.
2647 4911 2845 4987 Comb.
2866 4916 2936 4987 _et
2966 4912 3171 4987 Billius
3199 4913 3424 4987 legunt,
3459 4914 3747 4987 θεάματος.

2094 5006 2120 5035 ‹‹
2152 5000 2220 5038 ex
2249 4981 2604 5058 spectaculo.
2644 5005 2669 5031 ››
2700 4985 2833 5048 Quae
2865 4982 3034 5040 lectio
3067 4981 3342 5058 placerét,
3376 4988 3425 5042 si
3477 4981 3745 5044 codicum

2090 5056 2439 5110 auctoritate
2476 5055 2779 5110 niteretur.

2183 5126 2275 5197 23)
2308 5125 2691 5197 Ἀγωνοθέτης.
2736 5126 2984 5181 Nicaetas
3031 5149 3059 5176 «
3113 5126 3441 5196 Julianum,
3476 5152 3503 5178 «
3540 5128 3749 5187 Billius

2097 5219 2123 5250 α
2154 5197 2453 5273 diabolum
2480 5219 2507 5245 »
2534 5197 2845 5269 intelligit;
2877 5198 3152 5273 Julianus
3182 5200 3399 5273 quippe
3430 5206 3553 5257 erat
3584 5207 3749 5258 anta-

2089 5269 2340 5341 gonista,
2375 5283 2489 5342 non
2521 5284 2653 5342 vero
2684 5270 3023 5342 certaminis
3045 5269 3280 5342 praeses.

2161 5342 2271 5412 (24)
2305 5337 2497 5412 Νεύσῃ.
2532 5340 2688 5412 C_0|b_.
2722 5342 2776 5408 6,
2809 5338 3002 5412 νεύσει.

2159 5408 2489 5538 (ᾃ5)ῐξιλείω
2517 5410 2616 5478 τὴν
2650 5408 2902 5485 ἀγωνίαν.
2946 5433 2967 5460 ε
3022 5413 3207 5488 Magis
3240 5415 3421 5471 animi
3452 5415 3646 5473 anxiis
3679 5432 3745 5471 ac

2204 5501 2275 5538 lCl
2312 5500 2382 5537 lS.
2416 5504 2444 5532 »

2090 5484 2382 5539 sollicitis.
2416 5504 2444 5532 »

2161 5557 2270 5627 (26)
2303 5560 2478 5628 Τινας.
2514 5554 2686 5609 Deest
2715 5553 2946 5628 in_Reg.
2980 5555 3082 5623 hu,
3111 5558 3207 5613 Or.
3243 5560 3293 5628 1,
3326 5563 3382 5613 et
3410 5558 3531 5613 Jes.

2161 5570 2270 5627 (κο)
2313 5570 2478 5613 [ινας.
2514 5570 2686 5609 υθθει
2715 5570 2946 5681 mnes.
2980 5570 3082 5623 nu,
3111 5570 3207 5613 Ur.
3243 5570 3293 5628 1,
3326 5570 3382 5613 et
3410 5570 3531 5613 Jes.

2086 5629 2275 5755 “$27)
2302 5627 2357 5678 Ὁ
2390 5624 2551 5700 Λόγος
2587 5627 2758 5681 Deest
2786 5642 2845 5680 1n
2936 5643 3065 5700 egg.
3118 5630 3242 5699 bm,
3291 5631 3396 5698 bu,
3440 5629 3533 5686 Or.
3590 5630 3642 5695 1,
3674 5632 3749 5701 et
