  <div class='ocr_page' id='page_1' title='image "/cluster/home/n/w/nwhite01/storage/ocr_20150623/35:no.1/coo.31924054869320/392.png"; bbox 0 0 4070 6414; ppageno 0'>
   <div class='ocr_carea' id='block_1_1' title="bbox 274 399 394 457">
    <p class='ocr_par' dir='ltr' id='par_1_1' title="bbox 274 399 394 457">
     <span class='ocr_line' id='line_1_1' title="bbox 274 399 394 457; baseline -0.008 -1"><span class='ocrx_word' id='word_1_1' title='bbox 274 399 394 457; x_wconf 80' lang='grc'><strong>’773</strong></span> 
     </span>
    </p>
   </div>
   <div class='ocr_carea' id='block_1_2' title="bbox 1063 386 2922 448">
    <p class='ocr_par' dir='ltr' id='par_1_2' title="bbox 1063 386 2922 448">
     <span class='ocr_line' id='line_1_2' title="bbox 1063 386 2922 448; baseline -0.001 0"><span class='ocrx_word' id='word_1_2' title='bbox 1063 387 1361 448; x_wconf 71' lang='lat' dir='ltr'><strong>ORATIO</strong></span> <span class='ocrx_word' id='word_1_3' title='bbox 1408 388 1542 448; x_wconf 77' lang='lat' dir='ltr'><strong>VII.</strong></span> <span class='ocrx_word' id='word_1_4' title='bbox 1578 388 1759 448; x_wconf 66' lang='lat' dir='ltr'><strong>--lN</strong></span> <span class='ocrx_word' id='word_1_5' title='bbox 1805 386 2134 448; x_wconf 74' lang='lat' dir='ltr'><strong>LAUDEM</strong></span> <span class='ocrx_word' id='word_1_6' title='bbox 2181 386 2514 448; x_wconf 70' lang='lat' dir='ltr'><strong>OESARH</strong></span> <span class='ocrx_word' id='word_1_7' title='bbox 2560 388 2922 447; x_wconf 76' lang='lat' dir='ltr'><strong>FRATBIS.</strong></span> 
     </span>
    </p>
   </div>
   <div class='ocr_carea' id='block_1_3' title="bbox 3589 393 3709 451">
    <p class='ocr_par' dir='ltr' id='par_1_3' title="bbox 3589 393 3709 451">
     <span class='ocr_line' id='line_1_3' title="bbox 3589 393 3709 451; baseline 0.008 -2"><span class='ocrx_word' id='word_1_8' title='bbox 3589 393 3709 451; x_wconf 72' lang='grc'><strong>’1⁸74</strong></span> 
     </span>
    </p>
   </div>
   <div class='ocr_carea' id='block_1_4' title="bbox 284 512 1939 601">
    <p class='ocr_par' dir='ltr' id='par_1_4' title="bbox 284 513 1939 601">
     <span class='ocr_line' id='line_1_4' title="bbox 284 513 1939 601; baseline -0.006 -20"><span class='ocrx_word' id='word_1_9' title='bbox 284 528 489 601; x_wconf 86' lang='grc' dir='ltr'>μάτων,</span> <span class='ocrx_word' id='word_1_10' title='bbox 541 523 682 595; x_wconf 80' lang='grc' dir='ltr'>ὁμοῦ</span> <span class='ocrx_word' id='word_1_11' title='bbox 727 540 787 575; x_wconf 87' lang='grc' dir='ltr'><strong>τε</strong></span> <span class='ocrx_word' id='word_1_12' title='bbox 834 525 934 587; x_wconf 79' lang='grc' dir='ltr'>τῆς</span> <span class='ocrx_word' id='word_1_13' title='bbox 982 539 1091 573; x_wconf 88' lang='grc' dir='ltr'><strong>των</strong></span> <span class='ocrx_word' id='word_1_14' title='bbox 1143 517 1343 592; x_wconf 69' lang='grc' dir='ltr'>γονέων</span> <span class='ocrx_word' id='word_1_15' title='bbox 1391 513 1693 581; x_wconf 80' lang='grc' dir='ltr'>θεοσεϐείας</span> <span class='ocrx_word' id='word_1_16' title='bbox 1721 518 1939 586; x_wconf 73' lang='grc' dir='ltr'>καὶτῆς</span> 
     </span>
    </p>
   </div>
   <div class='ocr_carea' id='block_1_5' title="bbox 2059 512 3711 601">
    <p class='ocr_par' dir='ltr' id='par_1_5' title="bbox 2059 512 3711 592">
     <span class='ocr_line' id='line_1_5' title="bbox 2059 512 3711 592; baseline 0.003 -19"><span class='ocrx_word' id='word_1_17' title='bbox 2059 518 2176 581; x_wconf 84' lang='lat' dir='ltr'><strong>lum</strong></span> <span class='ocrx_word' id='word_1_18' title='bbox 2200 524 2308 587; x_wconf 89' lang='lat' dir='ltr'><strong>est,</strong></span> <span class='ocrx_word' id='word_1_19' title='bbox 2335 520 2490 591; x_wconf 89' lang='lat' dir='ltr'><strong>quod</strong></span> <span class='ocrx_word' id='word_1_20' title='bbox 2515 518 2715 585; x_wconf 80' lang='lat' dir='ltr'>simul,</span> <span class='ocrx_word' id='word_1_21' title='bbox 2744 523 2798 574; x_wconf 85' lang='lat' dir='ltr'><strong>et</strong></span> <span class='ocrx_word' id='word_1_22' title='bbox 2828 522 3161 590; x_wconf 89' lang='lat' dir='ltr'><strong>parentum,</strong></span> <span class='ocrx_word' id='word_1_23' title='bbox 3184 525 3242 575; x_wconf 87' lang='lat' dir='ltr'><strong>et</strong></span> <span class='ocrx_word' id='word_1_24' title='bbox 3263 520 3451 591; x_wconf 83' lang='lat' dir='ltr'><strong>ipsius</strong></span> <span class='ocrx_word' id='word_1_25' title='bbox 3472 512 3711 592; x_wconf 84' lang='lat' dir='ltr'><strong>pietatis</strong></span> 
     </span>
    </p>
   </div>
   <div class='ocr_carea' id='block_1_6' title="bbox 292 602 1943 686">
    <p class='ocr_par' dir='ltr' id='par_1_6' title="bbox 292 602 1943 686">
     <span class='ocr_line' id='line_1_6' title="bbox 292 602 1943 686; baseline -0.006 -17"><span class='ocrx_word' id='word_1_26' title='bbox 292 614 497 669; x_wconf 78' lang='grc' dir='ltr'>ἐκείνου</span> <span class='ocrx_word' id='word_1_27' title='bbox 535 610 789 686; x_wconf 78' lang='grc' dir='ltr'><strong>μεγίστην</strong></span> <span class='ocrx_word' id='word_1_28' title='bbox 823 604 1095 676; x_wconf 79' lang='grc' dir='ltr'>ἀπόδειξιν</span> <span class='ocrx_word' id='word_1_29' title='bbox 1128 603 1291 680; x_wconf 73' lang='grc' dir='ltr'>ἔχον,</span> <span class='ocrx_word' id='word_1_30' title='bbox 1342 602 1585 682; x_wconf 81' lang='grc' dir='ltr'>Διέτριϐε</span> <span class='ocrx_word' id='word_1_31' title='bbox 1636 607 1728 679; x_wconf 73' lang='grc' dir='ltr'>μὲν</span> <span class='ocrx_word' id='word_1_32' title='bbox 1778 606 1830 660; x_wconf 75' lang='grc' dir='ltr'>ἐν</span> <span class='ocrx_word' id='word_1_33' title='bbox 1876 605 1943 680; x_wconf 79' lang='grc' dir='ltr'>τῇ</span> 
     </span>
    </p>
   </div>
   <div class='ocr_carea' id='block_1_7' title="bbox 286 693 1945 773">
    <p class='ocr_par' dir='ltr' id='par_1_7' title="bbox 286 693 1945 773">
     <span class='ocr_line' id='line_1_7' title="bbox 286 693 1945 773; baseline -0.005 -15"><span class='ocrx_word' id='word_1_34' title='bbox 286 706 544 773; x_wconf 75' lang='grc' dir='ltr'><strong>Βιθυνῶν,</strong></span> <span class='ocrx_word' id='word_1_35' title='bbox 610 700 707 767; x_wconf 71' lang='grc' dir='ltr'>τὴν</span> <span class='ocrx_word' id='word_1_36' title='bbox 765 696 826 752; x_wconf 79' lang='grc' dir='ltr'><strong>οὗ</strong></span> <span class='ocrx_word' id='word_1_37' title='bbox 876 695 1195 765; x_wconf 75' lang='grc' dir='ltr'>πολλοστὴν</span> <span class='ocrx_word' id='word_1_38' title='bbox 1254 696 1359 751; x_wconf 85' lang='grc' dir='ltr'><strong>ἀπὸ</strong></span> <span class='ocrx_word' id='word_1_39' title='bbox 1419 694 1687 771; x_wconf 70' lang='grc' dir='ltr'>βασιλέως</span> <span class='ocrx_word' id='word_1_40' title='bbox 1746 693 1945 750; x_wconf 69' lang='grc' dir='ltr'>διέπων</span> 
     </span>
    </p>
   </div>
   <div class='ocr_carea' id='block_1_8' title="bbox 290 784 1946 868">
    <p class='ocr_par' dir='ltr' id='par_1_8' title="bbox 290 784 1946 868">
     <span class='ocr_line' id='line_1_8' title="bbox 290 784 1946 868; baseline -0.004 -22"><span class='ocrx_word' id='word_1_41' title='bbox 290 793 470 868; x_wconf 75' lang='grc' dir='ltr'>ἀρχήν</span> <span class='ocrx_word' id='word_1_42' title='bbox 500 813 510 822; x_wconf 93' lang='grc'><strong>·</strong></span> <span class='ocrx_word' id='word_1_43' title='bbox 545 792 579 859; x_wconf 78' lang='grc' dir='ltr'>ἡ</span> <span class='ocrx_word' id='word_1_44' title='bbox 625 787 690 856; x_wconf 75' lang='grc' dir='ltr'><strong>δή</strong></span> <span class='ocrx_word' id='word_1_45' title='bbox 742 790 806 855; x_wconf 69' lang='grc' dir='ltr'>ἦν</span> <span class='ocrx_word' id='word_1_46' title='bbox 856 785 1133 859; x_wconf 78' lang='grc' dir='ltr'>ταμιεύειν</span> <span class='ocrx_word' id='word_1_47' title='bbox 1180 785 1395 861; x_wconf 84' lang='grc' dir='ltr'>βασιλεῖ</span> <span class='ocrx_word' id='word_1_48' title='bbox 1444 786 1510 841; x_wconf 74' lang='grc' dir='ltr'><strong>τὰ</strong></span> <span class='ocrx_word' id='word_1_49' title='bbox 1541 787 1825 861; x_wconf 79' lang='grc' dir='ltr'>χρήματα,</span> <span class='ocrx_word' id='word_1_50' title='bbox 1856 784 1946 839; x_wconf 82' lang='grc' dir='ltr'>καί</span> 
     </span>
    </p>
   </div>
   <div class='ocr_carea' id='block_1_9' title="bbox 278 874 1946 954">
    <p class='ocr_par' dir='ltr' id='par_1_9' title="bbox 278 874 1946 954">
     <span class='ocr_line' id='line_1_9' title="bbox 278 874 1946 954; baseline -0.004 -19"><span class='ocrx_word' id='word_1_51' title='bbox 278 887 384 935; x_wconf 79' lang='grc' dir='ltr'><strong>τῶν</strong></span> <span class='ocrx_word' id='word_1_52' title='bbox 441 882 725 954; x_wconf 81' lang='grc' dir='ltr'>θησαυρῶν</span> <span class='ocrx_word' id='word_1_53' title='bbox 781 875 927 952; x_wconf 76' lang='grc' dir='ltr'>ἔχειν</span> <span class='ocrx_word' id='word_1_54' title='bbox 977 876 1075 944; x_wconf 82' lang='grc' dir='ltr'>τήν</span> <span class='ocrx_word' id='word_1_55' title='bbox 1129 874 1467 948; x_wconf 74' lang='grc' dir='ltr'>ἐπιμέλειαν.</span> <span class='ocrx_word' id='word_1_56' title='bbox 1519 876 1791 938; x_wconf 77' lang='grc' dir='ltr'>Ἐντεῦθεν</span> <span class='ocrx_word' id='word_1_57' title='bbox 1842 876 1946 948; x_wconf 77' lang='grc' dir='ltr'>γὰρ</span> 
     </span>
    </p>
   </div>
   <div class='ocr_carea' id='block_1_10' title="bbox 278 963 1943 1041">
    <p class='ocr_par' dir='ltr' id='par_1_10' title="bbox 278 963 1943 1041">
     <span class='ocr_line' id='line_1_10' title="bbox 278 963 1943 1041; baseline -0.005 -16"><span class='ocrx_word' id='word_1_58' title='bbox 278 970 424 1041; x_wconf 74' lang='grc' dir='ltr'>αὐτῷ</span> <span class='ocrx_word' id='word_1_59' title='bbox 479 969 574 1030; x_wconf 70' lang='grc' dir='ltr'><strong>τὰς</strong></span> <span class='ocrx_word' id='word_1_60' title='bbox 628 966 843 1039; x_wconf 80' lang='grc' dir='ltr'><strong>μείζους</strong></span> <span class='ocrx_word' id='word_1_61' title='bbox 900 964 1075 1040; x_wconf 81' lang='grc' dir='ltr'>ἀρχὰς</span> <span class='ocrx_word' id='word_1_62' title='bbox 1160 964 1413 1039; x_wconf 87' lang='grc' dir='ltr'>βασιλεὺς</span> <span class='ocrx_word' id='word_1_63' title='bbox 1486 963 1943 1041; x_wconf 73' lang='grc' dir='ltr'>προοιμιάζεται⁹</span> 
     </span>
    </p>
   </div>
   <div class='ocr_carea' id='block_1_11' title="bbox 277 1052 1946 1142">
    <p class='ocr_par' dir='ltr' id='par_1_11' title="bbox 277 1052 1946 1142">
     <span class='ocr_line' id='line_1_11' title="bbox 277 1052 1946 1142; baseline -0.003 -28"><span class='ocrx_word' id='word_1_64' title='bbox 277 1064 376 1114; x_wconf 86' lang='grc' dir='ltr'><strong>τοῦ</strong></span> <span class='ocrx_word' id='word_1_65' title='bbox 407 1056 464 1113; x_wconf 76' lang='grc' dir='ltr'>δὲ</span> <span class='ocrx_word' id='word_1_66' title='bbox 508 1057 701 1132; x_wconf 86' lang='grc' dir='ltr'>πρώην</span> <span class='ocrx_word' id='word_1_67' title='bbox 750 1053 1173 1129; x_wconf 73' lang='grc' dir='ltr'>συνενέχθὲντος</span> <span class='ocrx_word' id='word_1_68' title='bbox 1225 1052 1276 1107; x_wconf 76' lang='grc' dir='ltr'>ἐν</span> <span class='ocrx_word' id='word_1_69' title='bbox 1331 1054 1525 1125; x_wconf 80' lang='grc' dir='ltr'>Νικαίᾳ</span> <span class='ocrx_word' id='word_1_70' title='bbox 1575 1058 1802 1127; x_wconf 83' lang='grc' dir='ltr'>σεισμοῦ</span> <span class='ocrx_word' id='word_1_71' title='bbox 1835 1055 1946 1142; x_wconf 73' lang='grc' dir='ltr'><strong>(Η)</strong></span> 
     </span>
    </p>
   </div>
   <div class='ocr_carea' id='block_1_12' title="bbox 281 1143 1947 1219">
    <p class='ocr_par' dir='ltr' id='par_1_12' title="bbox 281 1143 1947 1219">
     <span class='ocr_line' id='line_1_12' title="bbox 281 1143 1947 1219; baseline -0.002 -19"><span class='ocrx_word' id='word_1_72' title='bbox 281 1146 340 1209; x_wconf 74' lang='grc' dir='ltr'>ὅς</span> <span class='ocrx_word' id='word_1_73' title='bbox 372 1144 439 1213; x_wconf 79' lang='grc' dir='ltr'><strong>’δὴ</strong></span> <span class='ocrx_word' id='word_1_74' title='bbox 476 1144 871 1219; x_wconf 85' lang='grc' dir='ltr'>χαλεπώτατος</span> <span class='ocrx_word' id='word_1_75' title='bbox 900 1148 1012 1198; x_wconf 83' lang='grc' dir='ltr'><strong>τῶν</strong></span> <span class='ocrx_word' id='word_1_76' title='bbox 1041 1143 1267 1197; x_wconf 82' lang='grc' dir='ltr'>πώποτε</span> <span class='ocrx_word' id='word_1_77' title='bbox 1302 1143 1799 1216; x_wconf 71' lang='grc' dir='ltr'>μνημονευομένων</span> <span class='ocrx_word' id='word_1_78' title='bbox 1851 1161 1947 1216; x_wconf 63' lang='grc' dir='ltr'>γιη</span> 
     </span>
    </p>
   </div>
   <div class='ocr_carea' id='block_1_13' title="bbox 279 1226 1945 1313">
    <p class='ocr_par' dir='ltr' id='par_1_13' title="bbox 279 1226 1945 1313">
     <span class='ocr_line' id='line_1_13' title="bbox 279 1226 1945 1313; baseline -0.003 -24"><span class='ocrx_word' id='word_1_79' title='bbox 279 1236 491 1312; x_wconf 71' lang='grc' dir='ltr'>γονὲναι</span> <span class='ocrx_word' id='word_1_80' title='bbox 524 1233 766 1309; x_wconf 68' lang='grc' dir='ltr'>λέγεται,</span> <span class='ocrx_word' id='word_1_81' title='bbox 806 1235 1006 1307; x_wconf 77' lang='grc' dir='ltr'>μικροῦ</span> <span class='ocrx_word' id='word_1_82' title='bbox 1030 1230 1160 1293; x_wconf 73' lang='grc' dir='ltr'>τοὺς</span> <span class='ocrx_word' id='word_1_83' title='bbox 1208 1232 1409 1293; x_wconf 80' lang='grc' dir='ltr'>πάντας</span> <span class='ocrx_word' id='word_1_84' title='bbox 1459 1226 1945 1313; x_wconf 57' lang='grc' dir='ltr'>ἐγκαταλαϐόντος’</span> 
     </span>
    </p>
   </div>
   <div class='ocr_carea' id='block_1_14' title="bbox 277 1318 1946 1398">
    <p class='ocr_par' dir='ltr' id='par_1_14' title="bbox 277 1318 1946 1398">
     <span class='ocr_line' id='line_1_14' title="bbox 277 1318 1946 1398; baseline -0.002 -20"><span class='ocrx_word' id='word_1_85' title='bbox 277 1325 367 1378; x_wconf 75' lang='grc' dir='ltr'><strong>καὶ</strong></span> <span class='ocrx_word' id='word_1_86' title='bbox 423 1328 505 1395; x_wconf 78' lang='grc' dir='ltr'>τῷ</span> <span class='ocrx_word' id='word_1_87' title='bbox 561 1330 658 1392; x_wconf 78' lang='grc' dir='ltr'>τῆς</span> <span class='ocrx_word' id='word_1_88' title='bbox 718 1321 939 1383; x_wconf 83' lang='grc' dir='ltr'>πόλεως</span> <span class='ocrx_word' id='word_1_89' title='bbox 997 1318 1193 1376; x_wconf 82' lang='grc' dir='ltr'>κάλλει</span> <span class='ocrx_word' id='word_1_90' title='bbox 1241 1320 1714 1398; x_wconf 81' lang='grc' dir='ltr'>συναφανίσαντος,</span> <span class='ocrx_word' id='word_1_91' title='bbox 1780 1320 1946 1393; x_wconf 79' lang='grc' dir='ltr'>μόνος</span> 
     </span>
    </p>
   </div>
   <div class='ocr_carea' id='block_1_15' title="bbox 285 1407 1943 1490">
    <p class='ocr_par' dir='ltr' id='par_1_15' title="bbox 285 1407 1943 1490">
     <span class='ocr_line' id='line_1_15' title="bbox 285 1407 1943 1490; baseline -0.003 -23"><span class='ocrx_word' id='word_1_92' title='bbox 285 1418 392 1468; x_wconf 80' lang='grc' dir='ltr'><strong>τῶν</strong></span> <span class='ocrx_word' id='word_1_93' title='bbox 425 1412 722 1490; x_wconf 76' lang='grc' dir='ltr'>ἐπιφανῶν,</span> <span class='ocrx_word' id='word_1_94' title='bbox 771 1411 805 1479; x_wconf 82' lang='grc' dir='ltr'><strong>ἢ</strong></span> <span class='ocrx_word' id='word_1_95' title='bbox 857 1407 1061 1485; x_wconf 82' lang='grc' dir='ltr'>κομιδῆ</span> <span class='ocrx_word' id='word_1_96' title='bbox 1118 1409 1210 1463; x_wconf 79' lang='grc' dir='ltr'><strong>σὺν</strong></span> <span class='ocrx_word' id='word_1_97' title='bbox 1264 1408 1497 1481; x_wconf 77' lang='grc' dir='ltr'>ὀλίγοις,</span> <span class='ocrx_word' id='word_1_98' title='bbox 1549 1410 1607 1463; x_wconf 80' lang='grc' dir='ltr'><strong>ἐκ</strong></span> <span class='ocrx_word' id='word_1_99' title='bbox 1633 1414 1729 1466; x_wconf 85' lang='grc' dir='ltr'><strong>τοῦ</strong></span> <span class='ocrx_word' id='word_1_100' title='bbox 1760 1407 1943 1464; x_wconf 76' lang='grc' dir='ltr'>κινδύ-</span> 
     </span>
    </p>
   </div>
   <div class='ocr_carea' id='block_1_16' title="bbox 281 1497 1946 1575">
    <p class='ocr_par' dir='ltr' id='par_1_16' title="bbox 281 1497 1946 1575">
     <span class='ocr_line' id='line_1_16' title="bbox 281 1497 1946 1575; baseline -0.002 -20"><span class='ocrx_word' id='word_1_101' title='bbox 281 1522 377 1555; x_wconf 89' lang='grc' dir='ltr'><strong>νου</strong></span> <span class='ocrx_word' id='word_1_102' title='bbox 424 1501 805 1575; x_wconf 75' lang='grc' dir='ltr'>περισώζεται,</span> <span class='ocrx_word' id='word_1_103' title='bbox 868 1498 957 1553; x_wconf 76' lang='grc' dir='ltr'><strong>καὶ</strong></span> <span class='ocrx_word' id='word_1_104' title='bbox 1019 1497 1292 1573; x_wconf 73' lang='grc' dir='ltr'>σωτηρίαν</span> <span class='ocrx_word' id='word_1_105' title='bbox 1352 1498 1753 1571; x_wconf 72' lang='grc' dir='ltr'>ἀπιστουμένην</span> <span class='ocrx_word' id='word_1_106' title='bbox 1800 1498 1946 1570; x_wconf 76' lang='grc' dir='ltr'>αὐτῷ</span> 
     </span>
    </p>
   </div>
   <div class='ocr_carea' id='block_1_17' title="bbox 287 1587 1943 1661">
    <p class='ocr_par' dir='ltr' id='par_1_17' title="bbox 287 1587 1943 1661">
     <span class='ocr_line' id='line_1_17' title="bbox 287 1587 1943 1661; baseline -0.002 -17"><span class='ocrx_word' id='word_1_107' title='bbox 287 1590 607 1654; x_wconf 83' lang='grc' dir='ltr'>σκεπασθεὶς</span> <span class='ocrx_word' id='word_1_108' title='bbox 651 1594 730 1660; x_wconf 75' lang='grc' dir='ltr'>τῷ</span> <span class='ocrx_word' id='word_1_109' title='bbox 779 1588 1167 1660; x_wconf 81' lang='grc' dir='ltr'>συμπτώματι,</span> <span class='ocrx_word' id='word_1_110' title='bbox 1224 1587 1314 1641; x_wconf 84' lang='grc' dir='ltr'><strong>καὶ</strong></span> <span class='ocrx_word' id='word_1_111' title='bbox 1372 1588 1540 1661; x_wconf 74' lang='grc' dir='ltr'>μικρὰ</span> <span class='ocrx_word' id='word_1_112' title='bbox 1596 1592 1800 1660; x_wconf 87' lang='grc' dir='ltr'>σημεῖα</span> <span class='ocrx_word' id='word_1_113' title='bbox 1846 1591 1943 1643; x_wconf 89' lang='grc' dir='ltr'><strong>τοῦ</strong></span> 
     </span>
    </p>
   </div>
   <div class='ocr_carea' id='block_1_18' title="bbox 282 1671 1942 1755">
    <p class='ocr_par' dir='ltr' id='par_1_18' title="bbox 282 1671 1942 1755">
     <span class='ocr_line' id='line_1_18' title="bbox 282 1671 1942 1755; baseline -0.001 -22"><span class='ocrx_word' id='word_1_114' title='bbox 282 1677 537 1734; x_wconf 72' lang='grc' dir='ltr'>κινδύνου</span> <span class='ocrx_word' id='word_1_115' title='bbox 587 1676 910 1755; x_wconf 82' lang='grc' dir='ltr'>φερόμενος,</span> <span class='ocrx_word' id='word_1_116' title='bbox 953 1675 1077 1731; x_wconf 71' lang='grc' dir='ltr'>ὅσον</span> <span class='ocrx_word' id='word_1_117' title='bbox 1109 1677 1200 1731; x_wconf 87' lang='grc' dir='ltr'>τὸν</span> <span class='ocrx_word' id='word_1_118' title='bbox 1237 1671 1404 1753; x_wconf 86' lang='grc' dir='ltr'>φόϐον</span> <span class='ocrx_word' id='word_1_119' title='bbox 1438 1674 1785 1751; x_wconf 81' lang='grc' dir='ltr'>παιδαγωγὸν</span> <span class='ocrx_word' id='word_1_120' title='bbox 1844 1675 1942 1731; x_wconf 84' lang='grc' dir='ltr'>λα-</span> 
     </span>
    </p>
   </div>
   <div class='ocr_carea' id='block_1_19' title="bbox 281 1764 1940 1842">
    <p class='ocr_par' dir='ltr' id='par_1_19' title="bbox 281 1764 1940 1842">
     <span class='ocr_line' id='line_1_19' title="bbox 281 1764 1940 1842; baseline 0 -21"><span class='ocrx_word' id='word_1_121' title='bbox 281 1764 393 1824; x_wconf 83' lang='grc' dir='ltr'>ϐεῖν</span> <span class='ocrx_word' id='word_1_122' title='bbox 434 1774 534 1837; x_wconf 83' lang='grc' dir='ltr'>τῆς</span> <span class='ocrx_word' id='word_1_123' title='bbox 582 1766 825 1840; x_wconf 79' lang='grc' dir='ltr'>μείζονος</span> <span class='ocrx_word' id='word_1_124' title='bbox 876 1764 1173 1841; x_wconf 82' lang='grc' dir='ltr'>σωτηρίας,</span> <span class='ocrx_word' id='word_1_125' title='bbox 1223 1766 1313 1819; x_wconf 88' lang='grc' dir='ltr'><strong>καὶ</strong></span> <span class='ocrx_word' id='word_1_126' title='bbox 1364 1765 1512 1830; x_wconf 83' lang='grc' dir='ltr'>ὅλως</span> <span class='ocrx_word' id='word_1_127' title='bbox 1560 1773 1662 1835; x_wconf 76' lang='grc' dir='ltr'>τῆς</span> <span class='ocrx_word' id='word_1_128' title='bbox 1713 1765 1822 1821; x_wconf 79' lang='grc' dir='ltr'><strong>ἄνω</strong></span> <span class='ocrx_word' id='word_1_129' title='bbox 1852 1787 1940 1842; x_wconf 83' lang='grc' dir='ltr'>γε-</span> 
     </span>
    </p>
   </div>
   <div class='ocr_carea' id='block_1_20' title="bbox 2061 607 3710 683">
    <p class='ocr_par' dir='ltr' id='par_1_20' title="bbox 2061 607 3710 683">
     <span class='ocr_line' id='line_1_20' title="bbox 2061 607 3710 683; baseline 0.002 -21"><span class='ocrx_word' id='word_1_130' title='bbox 2061 608 2381 665; x_wconf 72' lang='lat' dir='ltr'><strong>maximum</strong></span> <span class='ocrx_word' id='word_1_131' title='bbox 2403 612 2817 680; x_wconf 80' lang='lat' dir='ltr'><strong>argumentum</strong></span> <span class='ocrx_word' id='word_1_132' title='bbox 2844 607 3053 662; x_wconf 77' lang='lat' dir='ltr'><strong>habet?</strong></span> <span class='ocrx_word' id='word_1_133' title='bbox 3074 609 3134 661; x_wconf 91' lang='lat' dir='ltr'><strong>In</strong></span> <span class='ocrx_word' id='word_1_134' title='bbox 3152 607 3420 679; x_wconf 72' lang='lat' dir='ltr'><strong>Bithynia</strong></span> <span class='ocrx_word' id='word_1_135' title='bbox 3440 612 3710 683; x_wconf 81' lang='lat' dir='ltr'><strong>degebat,</strong></span> 
     </span>
    </p>
   </div>
   <div class='ocr_carea' id='block_1_21' title="bbox 2057 696 3707 768">
    <p class='ocr_par' dir='ltr' id='par_1_21' title="bbox 2057 696 3707 768">
     <span class='ocr_line' id='line_1_21' title="bbox 2057 696 3707 768; baseline 0.002 -18"><span class='ocrx_word' id='word_1_136' title='bbox 2057 698 2463 768; x_wconf 63' lang='lat' dir='ltr'><strong>prafecturam</strong></span> <span class='ocrx_word' id='word_1_137' title='bbox 2492 697 2563 751; x_wconf 88' lang='lat' dir='ltr'><strong>ab</strong></span> <span class='ocrx_word' id='word_1_138' title='bbox 2585 696 2936 768; x_wconf 81' lang='lat' dir='ltr'><strong>imperatore</strong></span> <span class='ocrx_word' id='word_1_139' title='bbox 2961 696 3117 751; x_wconf 88' lang='lat' dir='ltr'><strong>haud</strong></span> <span class='ocrx_word' id='word_1_140' title='bbox 3144 703 3498 767; x_wconf 88' lang='lat' dir='ltr'><strong>postremam</strong></span> <span class='ocrx_word' id='word_1_141' title='bbox 3521 701 3707 754; x_wconf 87' lang='lat' dir='ltr'><strong>admi-</strong></span> 
     </span>
    </p>
   </div>
   <div class='ocr_carea' id='block_1_22' title="bbox 2058 785 3713 857">
    <p class='ocr_par' dir='ltr' id='par_1_22' title="bbox 2058 785 3713 857">
     <span class='ocr_line' id='line_1_22' title="bbox 2058 785 3713 857; baseline 0.002 -18"><span class='ocrx_word' id='word_1_142' title='bbox 2058 785 2338 849; x_wconf 77' lang='lat' dir='ltr'><strong>nistrans.</strong></span> <span class='ocrx_word' id='word_1_143' title='bbox 2382 787 2462 840; x_wconf 88' lang='lat' dir='ltr'><strong>Ea</strong></span> <span class='ocrx_word' id='word_1_144' title='bbox 2509 790 2704 839; x_wconf 90' lang='lat' dir='ltr'><strong>autem</strong></span> <span class='ocrx_word' id='word_1_145' title='bbox 2756 790 2880 839; x_wconf 86' lang='lat' dir='ltr'><strong>erat</strong></span> <span class='ocrx_word' id='word_1_146' title='bbox 2926 786 3153 856; x_wconf 80' lang='lat' dir='ltr'><strong>exigere</strong></span> <span class='ocrx_word' id='word_1_147' title='bbox 3204 802 3305 857; x_wconf 92' lang='lat' dir='ltr'><strong>pro</strong></span> <span class='ocrx_word' id='word_1_148' title='bbox 3362 786 3713 857; x_wconf 83' lang='lat' dir='ltr'><strong>imperatore</strong></span> 
     </span>
    </p>
   </div>
   <div class='ocr_carea' id='block_1_23' title="bbox 2060 874 3711 946">
    <p class='ocr_par' dir='ltr' id='par_1_23' title="bbox 2060 874 3711 946">
     <span class='ocr_line' id='line_1_23' title="bbox 2060 874 3711 946; baseline 0.002 -17"><span class='ocrx_word' id='word_1_149' title='bbox 2060 875 2359 945; x_wconf 78' lang='lat' dir='ltr'><strong>pecunias,</strong></span> <span class='ocrx_word' id='word_1_150' title='bbox 2395 891 2461 929; x_wconf 87' lang='lat' dir='ltr'><strong>ac</strong></span> <span class='ocrx_word' id='word_1_151' title='bbox 2492 874 2905 929; x_wconf 81' lang='lat' dir='ltr'><strong>thesaurorum</strong></span> <span class='ocrx_word' id='word_1_152' title='bbox 2938 891 3136 929; x_wconf 85' lang='lat' dir='ltr'><strong>curam</strong></span> <span class='ocrx_word' id='word_1_153' title='bbox 3170 891 3393 946; x_wconf 86' lang='lat' dir='ltr'><strong>gerere.</strong></span> <span class='ocrx_word' id='word_1_154' title='bbox 3420 878 3533 931; x_wconf 84' lang='lat' dir='ltr'><strong>Hoc</strong></span> <span class='ocrx_word' id='word_1_155' title='bbox 3556 880 3711 932; x_wconf 87' lang='lat' dir='ltr'><strong>enim</strong></span> 
     </span>
    </p>
   </div>
   <div class='ocr_carea' id='block_1_24' title="bbox 2059 962 3714 1035">
    <p class='ocr_par' dir='ltr' id='par_1_24' title="bbox 2059 962 3714 1035">
     <span class='ocr_line' id='line_1_24' title="bbox 2059 962 3714 1035; baseline 0.001 -16"><span class='ocrx_word' id='word_1_156' title='bbox 2059 962 2141 1019; x_wconf 87' lang='lat' dir='ltr'>illi</span> <span class='ocrx_word' id='word_1_157' title='bbox 2200 964 2489 1035; x_wconf 86' lang='lat' dir='ltr'><strong>majorum</strong></span> <span class='ocrx_word' id='word_1_158' title='bbox 2552 963 2911 1035; x_wconf 82' lang='lat' dir='ltr'><strong>dignitatum</strong></span> <span class='ocrx_word' id='word_1_159' title='bbox 2970 963 3129 1019; x_wconf 84' lang='lat' dir='ltr'><strong>velut</strong></span> <span class='ocrx_word' id='word_1_160' title='bbox 3186 964 3536 1035; x_wconf 71' lang='lat' dir='ltr'><strong>praeludium</strong></span> <span class='ocrx_word' id='word_1_161' title='bbox 3585 982 3714 1021; x_wconf 87' lang='lat' dir='ltr'><strong>esse</strong></span> 
     </span>
    </p>
   </div>
   <div class='ocr_carea' id='block_1_25' title="bbox 2057 1052 3713 1124">
    <p class='ocr_par' dir='ltr' id='par_1_25' title="bbox 2057 1052 3713 1124">
     <span class='ocr_line' id='line_1_25' title="bbox 2057 1052 3713 1124; baseline 0.002 -18"><span class='ocrx_word' id='word_1_162' title='bbox 2057 1053 2379 1124; x_wconf 80' lang='lat' dir='ltr'><strong>imperator</strong></span> <span class='ocrx_word' id='word_1_163' title='bbox 2409 1052 2608 1107; x_wconf 90' lang='lat' dir='ltr'><strong>voluit.</strong></span> <span class='ocrx_word' id='word_1_164' title='bbox 2644 1052 2789 1107; x_wconf 86' lang='lat' dir='ltr'><strong>Cum</strong></span> <span class='ocrx_word' id='word_1_165' title='bbox 2823 1057 3018 1107; x_wconf 92' lang='lat' dir='ltr'><strong>autem</strong></span> <span class='ocrx_word' id='word_1_166' title='bbox 3064 1053 3264 1113; x_wconf 64' lang='lat' dir='ltr'><strong>Nicaeae</strong></span> <span class='ocrx_word' id='word_1_167' title='bbox 3297 1061 3461 1109; x_wconf 73' lang='lat' dir='ltr'><strong>terrae</strong></span> <span class='ocrx_word' id='word_1_168' title='bbox 3495 1060 3713 1120; x_wconf 91' lang='lat' dir='ltr'><strong>motus,</strong></span> 
     </span>
    </p>
   </div>
   <div class='ocr_carea' id='block_1_26' title="bbox 2059 1142 3714 1215">
    <p class='ocr_par' dir='ltr' id='par_1_26' title="bbox 2059 1142 3714 1215">
     <span class='ocr_line' id='line_1_26' title="bbox 2059 1142 3714 1215; baseline 0.002 -18"><span class='ocrx_word' id='word_1_169' title='bbox 2059 1148 2190 1215; x_wconf 90' lang='lat' dir='ltr'><strong>post</strong></span> <span class='ocrx_word' id='word_1_170' title='bbox 2212 1142 2521 1197; x_wconf 88' lang='lat' dir='ltr'><strong>hominum</strong></span> <span class='ocrx_word' id='word_1_171' title='bbox 2548 1142 2893 1197; x_wconf 88' lang='lat' dir='ltr'><strong>memoriam</strong></span> <span class='ocrx_word' id='word_1_172' title='bbox 2928 1142 3244 1209; x_wconf 80' lang='lat' dir='ltr'><strong>maximus,</strong></span> <span class='ocrx_word' id='word_1_173' title='bbox 3268 1149 3525 1211; x_wconf 84' lang='lat' dir='ltr'><strong>exortus,</strong></span> <span class='ocrx_word' id='word_1_174' title='bbox 3562 1144 3714 1200; x_wconf 71' lang='lat'><strong>208</strong></span> 
     </span>
    </p>
   </div>
   <div class='ocr_carea' id='block_1_27' title="bbox 2058 1230 3717 1305">
    <p class='ocr_par' dir='ltr' id='par_1_27' title="bbox 2058 1230 3717 1305">
     <span class='ocr_line' id='line_1_27' title="bbox 2058 1230 3717 1305; baseline -0.001 -19"><span class='ocrx_word' id='word_1_175' title='bbox 2058 1248 2266 1287; x_wconf 92' lang='lat' dir='ltr'><strong>omnes</strong></span> <span class='ocrx_word' id='word_1_176' title='bbox 2298 1248 2442 1303; x_wconf 87' lang='lat' dir='ltr'><strong>pene</strong></span> <span class='ocrx_word' id='word_1_177' title='bbox 2473 1230 2802 1301; x_wconf 83' lang='lat' dir='ltr'><strong>invasisset,</strong></span> <span class='ocrx_word' id='word_1_178' title='bbox 2837 1235 3011 1303; x_wconf 88' lang='lat' dir='ltr'><strong>atque</strong></span> <span class='ocrx_word' id='word_1_179' title='bbox 3044 1248 3161 1287; x_wconf 90' lang='lat' dir='ltr'><strong>una</strong></span> <span class='ocrx_word' id='word_1_180' title='bbox 3190 1249 3322 1287; x_wconf 91' lang='lat' dir='ltr'><strong>cum</strong></span> <span class='ocrx_word' id='word_1_181' title='bbox 3372 1233 3536 1288; x_wconf 90' lang='lat' dir='ltr'><strong>urbis</strong></span> <span class='ocrx_word' id='word_1_182' title='bbox 3584 1233 3717 1305; x_wconf 58' lang='lat' dir='ltr'><strong>pul.</strong></span> 
     </span>
    </p>
   </div>
   <div class='ocr_carea' id='block_1_28' title="bbox 2057 1318 3712 1391">
    <p class='ocr_par' dir='ltr' id='par_1_28' title="bbox 2057 1318 3712 1391">
     <span class='ocr_line' id='line_1_28' title="bbox 2057 1318 3712 1391; baseline 0.002 -16"><span class='ocrx_word' id='word_1_183' title='bbox 2057 1319 2390 1375; x_wconf 88' lang='lat' dir='ltr'><strong>chritudine</strong></span> <span class='ocrx_word' id='word_1_184' title='bbox 2414 1319 2742 1387; x_wconf 88' lang='lat' dir='ltr'><strong>delevisset,</strong></span> <span class='ocrx_word' id='word_1_185' title='bbox 2768 1318 2929 1374; x_wconf 89' lang='lat' dir='ltr'><strong>solus</strong></span> <span class='ocrx_word' id='word_1_186' title='bbox 2961 1320 3085 1391; x_wconf 89' lang='lat' dir='ltr'><strong>ipse</strong></span> <span class='ocrx_word' id='word_1_187' title='bbox 3111 1337 3179 1376; x_wconf 81' lang='lat' dir='ltr'><strong>ex</strong></span> <span class='ocrx_word' id='word_1_188' title='bbox 3201 1320 3530 1377; x_wconf 88' lang='lat' dir='ltr'><strong>illustribus</strong></span> <span class='ocrx_word' id='word_1_189' title='bbox 3552 1322 3712 1391; x_wconf 87' lang='lat' dir='ltr'><strong>viris,</strong></span> 
     </span>
    </p>
   </div>
   <div class='ocr_carea' id='block_1_29' title="bbox 2057 1409 3712 1482">
    <p class='ocr_par' dir='ltr' id='par_1_29' title="bbox 2057 1409 3712 1482">
     <span class='ocr_line' id='line_1_29' title="bbox 2057 1409 3712 1482; baseline 0.002 -19"><span class='ocrx_word' id='word_1_190' title='bbox 2057 1414 2157 1464; x_wconf 92' lang='lat' dir='ltr'><strong>aut</strong></span> <span class='ocrx_word' id='word_1_191' title='bbox 2179 1414 2334 1463; x_wconf 90' lang='lat' dir='ltr'><strong>certe</strong></span> <span class='ocrx_word' id='word_1_192' title='bbox 2355 1424 2486 1464; x_wconf 88' lang='lat' dir='ltr'><strong>cum</strong></span> <span class='ocrx_word' id='word_1_193' title='bbox 2512 1409 2830 1463; x_wconf 86' lang='lat' dir='ltr'><strong>admodum</strong></span> <span class='ocrx_word' id='word_1_194' title='bbox 2857 1410 3061 1480; x_wconf 87' lang='lat' dir='ltr'>paucis</span> <span class='ocrx_word' id='word_1_195' title='bbox 3092 1426 3121 1465; x_wconf 89' lang='lat' dir='ltr'><strong>e</strong></span> <span class='ocrx_word' id='word_1_196' title='bbox 3154 1411 3409 1482; x_wconf 86' lang='lat' dir='ltr'><strong>periculo</strong></span> <span class='ocrx_word' id='word_1_197' title='bbox 3434 1410 3633 1466; x_wconf 91' lang='lat' dir='ltr'><strong>salvus</strong></span> <span class='ocrx_word' id='word_1_198' title='bbox 3654 1417 3712 1467; x_wconf 82' lang='lat' dir='ltr'><strong>et</strong></span> 
     </span>
    </p>
   </div>
   <div class='ocr_carea' id='block_1_30' title="bbox 2055 1497 3713 1571">
    <p class='ocr_par' dir='ltr' id='par_1_30' title="bbox 2055 1497 3713 1571">
     <span class='ocr_line' id='line_1_30' title="bbox 2055 1497 3713 1571; baseline 0.002 -20"><span class='ocrx_word' id='word_1_199' title='bbox 2055 1497 2372 1553; x_wconf 88' lang='lat' dir='ltr'><strong>incolumis</strong></span> <span class='ocrx_word' id='word_1_200' title='bbox 2402 1497 2613 1564; x_wconf 83' lang='lat' dir='ltr'><strong>evadit,</strong></span> <span class='ocrx_word' id='word_1_201' title='bbox 2648 1498 2827 1568; x_wconf 89' lang='lat' dir='ltr'><strong>idque</strong></span> <span class='ocrx_word' id='word_1_202' title='bbox 2857 1499 3029 1553; x_wconf 91' lang='lat' dir='ltr'><strong>modo</strong></span> <span class='ocrx_word' id='word_1_203' title='bbox 3062 1500 3315 1570; x_wconf 85' lang='lat' dir='ltr'><strong>quodam</strong></span> <span class='ocrx_word' id='word_1_204' title='bbox 3360 1498 3713 1571; x_wconf 88' lang='lat' dir='ltr'><strong>incredibili,</strong></span> 
     </span>
    </p>
   </div>
   <div class='ocr_carea' id='block_1_31' title="bbox 2054 1586 3708 1660">
    <p class='ocr_par' dir='ltr' id='par_1_31' title="bbox 2054 1586 3708 1660">
     <span class='ocr_line' id='line_1_31' title="bbox 2054 1586 3708 1660; baseline 0.002 -19"><span class='ocrx_word' id='word_1_205' title='bbox 2054 1587 2163 1642; x_wconf 92' lang='lat' dir='ltr'><strong>hoc</strong></span> <span class='ocrx_word' id='word_1_206' title='bbox 2195 1591 2282 1641; x_wconf 90' lang='lat' dir='ltr'><strong>est</strong></span> <span class='ocrx_word' id='word_1_207' title='bbox 2311 1586 2441 1658; x_wconf 89' lang='lat' dir='ltr'><strong>ipsa</strong></span> <span class='ocrx_word' id='word_1_208' title='bbox 2473 1586 2642 1643; x_wconf 89' lang='lat' dir='ltr'><strong>ruina</strong></span> <span class='ocrx_word' id='word_1_209' title='bbox 2672 1589 2989 1657; x_wconf 87' lang='lat' dir='ltr'><strong>protectus,</strong></span> <span class='ocrx_word' id='word_1_210' title='bbox 3043 1603 3111 1643; x_wconf 90' lang='lat' dir='ltr'><strong>ac</strong></span> <span class='ocrx_word' id='word_1_211' title='bbox 3164 1604 3370 1659; x_wconf 85' lang='lat' dir='ltr'><strong>parvas</strong></span> <span class='ocrx_word' id='word_1_212' title='bbox 3421 1590 3708 1660; x_wconf 86' lang='lat' dir='ltr'><strong>quaedam</strong></span> 
     </span>
    </p>
   </div>
   <div class='ocr_carea' id='block_1_32' title="bbox 2054 1674 3713 1747">
    <p class='ocr_par' dir='ltr' id='par_1_32' title="bbox 2054 1674 3713 1747">
     <span class='ocr_line' id='line_1_32' title="bbox 2054 1674 3713 1747; baseline 0.002 -17"><span class='ocrx_word' id='word_1_213' title='bbox 2054 1674 2295 1747; x_wconf 86' lang='lat' dir='ltr'>periculi</span> <span class='ocrx_word' id='word_1_214' title='bbox 2355 1680 2523 1739; x_wconf 81' lang='lat' dir='ltr'><strong>notas</strong></span> <span class='ocrx_word' id='word_1_215' title='bbox 2582 1675 2894 1731; x_wconf 87' lang='lat' dir='ltr'><strong>referens:</strong></span> <span class='ocrx_word' id='word_1_216' title='bbox 2954 1676 3238 1732; x_wconf 84' lang='lat' dir='ltr'><strong>hactenus</strong></span> <span class='ocrx_word' id='word_1_217' title='bbox 3293 1677 3589 1743; x_wconf 86' lang='lat' dir='ltr'><strong>videlicet,</strong></span> <span class='ocrx_word' id='word_1_218' title='bbox 3646 1682 3713 1734; x_wconf 87' lang='lat' dir='ltr'><strong>ut</strong></span> 
     </span>
    </p>
   </div>
   <div class='ocr_carea' id='block_1_33' title="bbox 2053 1763 3715 1838">
    <p class='ocr_par' dir='ltr' id='par_1_33' title="bbox 2053 1763 3715 1838">
     <span class='ocr_line' id='line_1_33' title="bbox 2053 1763 3715 1838; baseline 0.002 -19"><span class='ocrx_word' id='word_1_219' title='bbox 2053 1764 2329 1826; x_wconf 86' lang='lat' dir='ltr'><strong>timorem</strong></span> <span class='ocrx_word' id='word_1_220' title='bbox 2353 1763 2596 1834; x_wconf 84' lang='lat' dir='ltr'><strong>majoris</strong></span> <span class='ocrx_word' id='word_1_221' title='bbox 2617 1763 2827 1819; x_wconf 88' lang='lat' dir='ltr'><strong>salutis</strong></span> <span class='ocrx_word' id='word_1_222' title='bbox 2850 1765 3202 1837; x_wconf 87' lang='lat' dir='ltr'><strong>magistrum</strong></span> <span class='ocrx_word' id='word_1_223' title='bbox 3227 1772 3477 1838; x_wconf 88' lang='lat' dir='ltr'><strong>caperet,</strong></span> <span class='ocrx_word' id='word_1_224' title='bbox 3499 1772 3715 1823; x_wconf 89' lang='lat' dir='ltr'><strong>totum-</strong></span> 
     </span>
    </p>
   </div>
   <div class='ocr_carea' id='block_1_34' title="bbox 276 1854 1939 1954">
    <p class='ocr_par' dir='ltr' id='par_1_34' title="bbox 276 1854 1938 1933">
     <span class='ocr_line' id='line_1_34' title="bbox 276 1854 1938 1933; baseline -0.003 -21"><span class='ocrx_word' id='word_1_225' title='bbox 276 1858 455 1913; x_wconf 77' lang='grc' dir='ltr'>νὲσθαι</span> <span class='ocrx_word' id='word_1_226' title='bbox 510 1856 727 1933; x_wconf 80' lang='grc' dir='ltr'>μοίρας,</span> <span class='ocrx_word' id='word_1_227' title='bbox 794 1855 1152 1928; x_wconf 70' lang='grc' dir='ltr'>μεταθέμενος</span> <span class='ocrx_word' id='word_1_228' title='bbox 1214 1856 1313 1924; x_wconf 73' lang='grc' dir='ltr'>τὴν</span> <span class='ocrx_word' id='word_1_229' title='bbox 1379 1854 1656 1931; x_wconf 86' lang='grc' dir='ltr'>στρατείαν</span> <span class='ocrx_word' id='word_1_230' title='bbox 1718 1855 1778 1910; x_wconf 67' lang='grc' dir='ltr'>ἐκ</span> <span class='ocrx_word' id='word_1_231' title='bbox 1831 1860 1938 1909; x_wconf 78' lang='grc' dir='ltr'><strong>τῶν</strong></span> 
     </span>
    </p>
   </div>
   <div class='ocr_carea' id='block_1_35' title="bbox 2059 1854 3715 1954">
    <p class='ocr_par' dir='ltr' id='par_1_35' title="bbox 2059 1854 3715 1926">
     <span class='ocr_line' id='line_1_35' title="bbox 2059 1854 3715 1926; baseline 0.002 -18"><span class='ocrx_word' id='word_1_232' title='bbox 2059 1870 2167 1925; x_wconf 86' lang='lat' dir='ltr'><strong>que</strong></span> <span class='ocrx_word' id='word_1_233' title='bbox 2191 1870 2318 1909; x_wconf 89' lang='lat' dir='ltr'><strong>sese</strong></span> <span class='ocrx_word' id='word_1_234' title='bbox 2344 1870 2611 1924; x_wconf 72' lang='lat' dir='ltr'><strong>supernas</strong></span> <span class='ocrx_word' id='word_1_235' title='bbox 2634 1854 2785 1925; x_wconf 89' lang='lat' dir='ltr'><strong>parti</strong></span> <span class='ocrx_word' id='word_1_236' title='bbox 2812 1854 3178 1926; x_wconf 85' lang='lat' dir='ltr'><strong>adjungeret,</strong></span> <span class='ocrx_word' id='word_1_237' title='bbox 3196 1856 3482 1912; x_wconf 88' lang='lat' dir='ltr'><strong>translata</strong></span> <span class='ocrx_word' id='word_1_238' title='bbox 3505 1856 3715 1912; x_wconf 90' lang='lat' dir='ltr'><strong>militia</strong></span> 
     </span>
    </p>
   </div>
   <div class='ocr_carea' id='block_1_36' title="bbox 280 1943 1939 2020">
    <p class='ocr_par' dir='ltr' id='par_1_36' title="bbox 280 1943 1939 2020">
     <span class='ocr_line' id='line_1_36' title="bbox 280 1943 1939 2020; baseline -0.002 -20"><span class='ocrx_word' id='word_1_239' title='bbox 280 1946 611 2020; x_wconf 70' lang='grc' dir='ltr'>κινουμένων</span> <span class='ocrx_word' id='word_1_240' title='bbox 660 1947 795 2019; x_wconf 83' lang='grc'>(42),</span> <span class='ocrx_word' id='word_1_241' title='bbox 846 1945 936 1999; x_wconf 83' lang='grc' dir='ltr'>καὶ</span> <span class='ocrx_word' id='word_1_242' title='bbox 1011 1943 1248 2018; x_wconf 79' lang='grc' dir='ltr'>ἀμείψας</span> <span class='ocrx_word' id='word_1_243' title='bbox 1306 1945 1479 2016; x_wconf 73' lang='grc' dir='ltr'>ἑαυτῷ</span> <span class='ocrx_word' id='word_1_244' title='bbox 1547 1947 1614 2000; x_wconf 81' lang='grc' dir='ltr'>τὰ</span> <span class='ocrx_word' id='word_1_245' title='bbox 1675 1943 1939 2020; x_wconf 75' lang='grc' dir='ltr'>βασίλεια,</span> 
     </span>
    </p>
   </div>
   <div class='ocr_carea' id='block_1_37' title="bbox 276 2030 1942 2108">
    <p class='ocr_par' dir='ltr' id='par_1_37' title="bbox 276 2030 1942 2108">
     <span class='ocr_line' id='line_1_37' title="bbox 276 2030 1942 2108; baseline -0.001 -18"><span class='ocrx_word' id='word_1_246' title='bbox 276 2040 446 2091; x_wconf 87' lang='grc' dir='ltr'>Τοῦτο</span> <span class='ocrx_word' id='word_1_247' title='bbox 528 2034 622 2108; x_wconf 75' lang='grc' dir='ltr'>μὲν</span> <span class='ocrx_word' id='word_1_248' title='bbox 703 2034 794 2087; x_wconf 83' lang='grc' dir='ltr'><strong>οὗν</strong></span> <span class='ocrx_word' id='word_1_249' title='bbox 868 2034 958 2088; x_wconf 79' lang='grc' dir='ltr'><strong>καὶ</strong></span> <span class='ocrx_word' id='word_1_250' title='bbox 1020 2030 1299 2103; x_wconf 82' lang='grc' dir='ltr'>διενοεῖτο,</span> <span class='ocrx_word' id='word_1_251' title='bbox 1360 2034 1451 2088; x_wconf 79' lang='grc' dir='ltr'><strong>καὶ</strong></span> <span class='ocrx_word' id='word_1_252' title='bbox 1509 2035 1644 2089; x_wconf 81' lang='grc' dir='ltr'>κατὰ</span> <span class='ocrx_word' id='word_1_253' title='bbox 1699 2032 1942 2104; x_wconf 79' lang='grc' dir='ltr'>σπουδὴν</span> 
     </span>
    </p>
   </div>
   <div class='ocr_carea' id='block_1_38' title="bbox 281 2121 1941 2201">
    <p class='ocr_par' dir='ltr' id='par_1_38' title="bbox 281 2121 1941 2201">
     <span class='ocr_line' id='line_1_38' title="bbox 281 2121 1941 2201; baseline -0.001 -21"><span class='ocrx_word' id='word_1_254' title='bbox 281 2123 455 2197; x_wconf 79' lang='grc' dir='ltr'>ἐαυτῷ</span> <span class='ocrx_word' id='word_1_255' title='bbox 510 2122 833 2199; x_wconf 72' lang='grc' dir='ltr'>συνηύχετο,</span> <span class='ocrx_word' id='word_1_256' title='bbox 893 2122 968 2185; x_wconf 86' lang='grc' dir='ltr'>ὡς</span> <span class='ocrx_word' id='word_1_257' title='bbox 1028 2123 1166 2198; x_wconf 80' lang='grc' dir='ltr'>πρὸς</span> <span class='ocrx_word' id='word_1_258' title='bbox 1240 2122 1338 2195; x_wconf 79' lang='grc' dir='ltr'>ἒμὶ</span> <span class='ocrx_word' id='word_1_259' title='bbox 1411 2123 1631 2201; x_wconf 84' lang='grc' dir='ltr'>γράφων</span> <span class='ocrx_word' id='word_1_260' title='bbox 1714 2121 1941 2191; x_wconf 75' lang='grc' dir='ltr'>ἔπειθεν,</span> 
     </span>
    </p>
   </div>
   <div class='ocr_carea' id='block_1_39' title="bbox 284 2211 1946 2292">
    <p class='ocr_par' dir='ltr' id='par_1_39' title="bbox 284 2211 1946 2292">
     <span class='ocr_line' id='line_1_39' title="bbox 284 2211 1946 2292; baseline -0.002 -22"><span class='ocrx_word' id='word_1_261' title='bbox 284 2214 595 2292; x_wconf 78' lang='grc' dir='ltr'>ἁρπάσαντα</span> <span class='ocrx_word' id='word_1_262' title='bbox 620 2214 713 2269; x_wconf 86' lang='grc' dir='ltr'><strong>τὸν</strong></span> <span class='ocrx_word' id='word_1_263' title='bbox 743 2213 932 2289; x_wconf 80' lang='grc' dir='ltr'>καιρὸν</span> <span class='ocrx_word' id='word_1_264' title='bbox 963 2212 1039 2274; x_wconf 82' lang='grc' dir='ltr'><strong>εἷς</strong></span> <span class='ocrx_word' id='word_1_265' title='bbox 1068 2213 1383 2281; x_wconf 63' lang='grc' dir='ltr'>νουθέτησιν</span> <span class='ocrx_word' id='word_1_266' title='bbox 1412 2231 1424 2245; x_wconf 88' lang='grc'><strong>·</strong></span> <span class='ocrx_word' id='word_1_267' title='bbox 1489 2211 1620 2285; x_wconf 76' lang='grc' dir='ltr'>ὅπερ</span> <span class='ocrx_word' id='word_1_268' title='bbox 1684 2212 1797 2267; x_wconf 81' lang='grc' dir='ltr'>οὐδ’</span> <span class='ocrx_word' id='word_1_269' title='bbox 1852 2212 1946 2267; x_wconf 79' lang='grc' dir='ltr'>ἄλ-</span> 
     </span>
    </p>
   </div>
   <div class='ocr_carea' id='block_1_40' title="bbox 285 2301 1940 2378">
    <p class='ocr_par' dir='ltr' id='par_1_40' title="bbox 285 2301 1940 2378">
     <span class='ocr_line' id='line_1_40' title="bbox 285 2301 1940 2378; baseline -0.002 -18"><span class='ocrx_word' id='word_1_270' title='bbox 285 2304 413 2360; x_wconf 84' lang='grc' dir='ltr'>λοτε</span> <span class='ocrx_word' id='word_1_271' title='bbox 470 2306 584 2378; x_wconf 75' lang='grc'><strong>(43)</strong></span> <span class='ocrx_word' id='word_1_272' title='bbox 640 2307 812 2357; x_wconf 79' lang='grc' dir='ltr'>ποιῶν</span> <span class='ocrx_word' id='word_1_273' title='bbox 868 2301 1212 2375; x_wconf 81' lang='grc' dir='ltr'>ἐπαυσάμην,</span> <span class='ocrx_word' id='word_1_274' title='bbox 1274 2301 1599 2373; x_wconf 82' lang='grc' dir='ltr'>ζηλοτυπῶν</span> <span class='ocrx_word' id='word_1_275' title='bbox 1638 2303 1699 2357; x_wconf 87' lang='grc' dir='ltr'>τὸ</span> <span class='ocrx_word' id='word_1_276' title='bbox 1735 2303 1940 2358; x_wconf 80' lang='grc' dir='ltr'>ἐκείνου</span> 
     </span>
    </p>
   </div>
   <div class='ocr_carea' id='block_1_41' title="bbox 290 2390 1942 2470">
    <p class='ocr_par' dir='ltr' id='par_1_41' title="bbox 290 2390 1942 2470">
     <span class='ocr_line' id='line_1_41' title="bbox 290 2390 1942 2470; baseline 0 -23"><span class='ocrx_word' id='word_1_277' title='bbox 290 2392 632 2470; x_wconf 70' lang='grc' dir='ltr'>μεγαλοφυὲς</span> <span class='ocrx_word' id='word_1_278' title='bbox 664 2391 1024 2469; x_wconf 66' lang='grc' dir='ltr'>στρεφόμενον</span> <span class='ocrx_word' id='word_1_279' title='bbox 1057 2390 1108 2444; x_wconf 77' lang='grc' dir='ltr'>ἐν</span> <span class='ocrx_word' id='word_1_280' title='bbox 1148 2395 1265 2451; x_wconf 82' lang='grc' dir='ltr'>τοῖς</span> <span class='ocrx_word' id='word_1_281' title='bbox 1309 2392 1548 2468; x_wconf 76' lang='grc' dir='ltr'>χείροσι,</span> <span class='ocrx_word' id='word_1_282' title='bbox 1598 2392 1687 2447; x_wconf 82' lang='grc' dir='ltr'>καὶ</span> <span class='ocrx_word' id='word_1_283' title='bbox 1726 2394 1824 2461; x_wconf 80' lang='grc' dir='ltr'>τήν</span> <span class='ocrx_word' id='word_1_284' title='bbox 1855 2414 1942 2469; x_wconf 82' lang='grc' dir='ltr'>φι-</span> 
     </span>
    </p>
   </div>
   <div class='ocr_carea' id='block_1_42' title="bbox 288 2477 1943 2559">
    <p class='ocr_par' dir='ltr' id='par_1_42' title="bbox 288 2477 1943 2559">
     <span class='ocr_line' id='line_1_42' title="bbox 288 2477 1943 2559; baseline -0.001 -22"><span class='ocrx_word' id='word_1_285' title='bbox 288 2481 522 2559; x_wconf 88' lang='grc' dir='ltr'>λόσοφον</span> <span class='ocrx_word' id='word_1_286' title='bbox 557 2479 700 2535; x_wconf 80' lang='grc' dir='ltr'>οὕτω</span> <span class='ocrx_word' id='word_1_287' title='bbox 748 2482 933 2554; x_wconf 78' lang='grc' dir='ltr'>ψυχὴν</span> <span class='ocrx_word' id='word_1_288' title='bbox 975 2478 1026 2533; x_wconf 64' lang='grc' dir='ltr'>ἂν</span> <span class='ocrx_word' id='word_1_289' title='bbox 1076 2485 1192 2542; x_wconf 87' lang='grc' dir='ltr'>τοῖς</span> <span class='ocrx_word' id='word_1_290' title='bbox 1243 2477 1533 2553; x_wconf 83' lang='grc' dir='ltr'>δημοσίοις</span> <span class='ocrx_word' id='word_1_291' title='bbox 1578 2479 1943 2555; x_wconf 66' lang='grc' dir='ltr'>καλινδουμέ-</span> 
     </span>
    </p>
   </div>
   <div class='ocr_carea' id='block_1_43' title="bbox 286 2567 1944 2647">
    <p class='ocr_par' dir='ltr' id='par_1_43' title="bbox 286 2567 1944 2647">
     <span class='ocr_line' id='line_1_43' title="bbox 286 2567 1944 2647; baseline 0.001 -23"><span class='ocrx_word' id='word_1_292' title='bbox 286 2593 405 2643; x_wconf 88' lang='grc' dir='ltr'>νην,</span> <span class='ocrx_word' id='word_1_293' title='bbox 437 2570 527 2624; x_wconf 77' lang='grc' dir='ltr'><strong>καὶ</strong></span> <span class='ocrx_word' id='word_1_294' title='bbox 558 2567 739 2645; x_wconf 80' lang='grc' dir='ltr'>ὥσπερ</span> <span class='ocrx_word' id='word_1_295' title='bbox 782 2568 939 2641; x_wconf 77' lang='grc' dir='ltr'>ἣλιον</span> <span class='ocrx_word' id='word_1_296' title='bbox 987 2570 1130 2647; x_wconf 66' lang='grc' dir='ltr'>νέφει</span> <span class='ocrx_word' id='word_1_297' title='bbox 1180 2568 1716 2645; x_wconf 80' lang='grc' dir='ltr'>συγκαλυπτόμενον.</span> <span class='ocrx_word' id='word_1_298' title='bbox 1770 2570 1944 2628; x_wconf 66' lang='grc' dir='ltr'>Ἀλλὰ</span> 
     </span>
    </p>
   </div>
   <div class='ocr_carea' id='block_1_44' title="bbox 285 2657 1943 2735">
    <p class='ocr_par' dir='ltr' id='par_1_44' title="bbox 285 2657 1943 2735">
     <span class='ocr_line' id='line_1_44' title="bbox 285 2657 1943 2735; baseline 0.002 -23"><span class='ocrx_word' id='word_1_299' title='bbox 285 2663 382 2713; x_wconf 82' lang='grc' dir='ltr'><strong>τοῦ</strong></span> <span class='ocrx_word' id='word_1_300' title='bbox 430 2659 525 2732; x_wconf 76' lang='grc' dir='ltr'>μὲν</span> <span class='ocrx_word' id='word_1_301' title='bbox 569 2663 796 2732; x_wconf 70' lang='grc' dir='ltr'>σεισμοῦ</span> <span class='ocrx_word' id='word_1_302' title='bbox 841 2660 1100 2735; x_wconf 79' lang='grc' dir='ltr'>κρείττων</span> <span class='ocrx_word' id='word_1_303' title='bbox 1154 2657 1379 2735; x_wconf 73' lang='grc' dir='ltr'>ἐγένετο,</span> <span class='ocrx_word' id='word_1_304' title='bbox 1424 2668 1523 2731; x_wconf 80' lang='grc' dir='ltr'>τῆς</span> <span class='ocrx_word' id='word_1_305' title='bbox 1562 2660 1723 2715; x_wconf 85' lang='grc' dir='ltr'>νόσου</span> <span class='ocrx_word' id='word_1_306' title='bbox 1757 2658 1813 2725; x_wconf 69' lang='grc' dir='ltr'><strong>δὲ</strong></span> <span class='ocrx_word' id='word_1_307' title='bbox 1844 2660 1943 2715; x_wconf 79' lang='grc' dir='ltr'><strong>οὐκ</strong></span> 
     </span>
    </p>
   </div>
   <div class='ocr_carea' id='block_1_45' title="bbox 286 2743 1939 2825">
    <p class='ocr_par' dir='ltr' id='par_1_45' title="bbox 286 2743 1939 2825">
     <span class='ocr_line' id='line_1_45' title="bbox 286 2743 1939 2825; baseline 0.002 -24"><span class='ocrx_word' id='word_1_308' title='bbox 286 2743 362 2802; x_wconf 78' lang='grc' dir='ltr'><strong>ἔτι</strong></span> <span class='ocrx_word' id='word_1_309' title='bbox 405 2750 556 2822; x_wconf 79' lang='grc'><strong>(44)⁹</strong></span> <span class='ocrx_word' id='word_1_310' title='bbox 616 2747 707 2803; x_wconf 74' lang='grc' dir='ltr'>καὶ</span> <span class='ocrx_word' id='word_1_311' title='bbox 762 2749 865 2825; x_wconf 81' lang='grc' dir='ltr'>γὰρ</span> <span class='ocrx_word' id='word_1_312' title='bbox 922 2748 987 2817; x_wconf 80' lang='grc' dir='ltr'>ἧν</span> <span class='ocrx_word' id='word_1_313' title='bbox 1044 2744 1348 2822; x_wconf 82' lang='grc' dir='ltr'>ἅνθρωπος.</span> <span class='ocrx_word' id='word_1_314' title='bbox 1411 2750 1508 2807; x_wconf 77' lang='grc' dir='ltr'><strong>Καὶ</strong></span> <span class='ocrx_word' id='word_1_315' title='bbox 1558 2752 1622 2805; x_wconf 83' lang='grc' dir='ltr'>τὸ</span> <span class='ocrx_word' id='word_1_316' title='bbox 1674 2753 1767 2824; x_wconf 75' lang='grc' dir='ltr'>μὶν</span> <span class='ocrx_word' id='word_1_317' title='bbox 1804 2748 1939 2805; x_wconf 69' lang='grc' dir='ltr'>ξ’διον</span> 
     </span>
    </p>
   </div>
   <div class='ocr_carea' id='block_1_46' title="bbox 285 2835 1937 2913">
    <p class='ocr_par' dir='ltr' id='par_1_46' title="bbox 285 2835 1937 2913">
     <span class='ocr_line' id='line_1_46' title="bbox 285 2835 1937 2913; baseline 0.002 -22"><span class='ocrx_word' id='word_1_318' title='bbox 285 2835 511 2911; x_wconf 78' lang='grc' dir='ltr'>ἐκείνου,</span> <span class='ocrx_word' id='word_1_319' title='bbox 560 2837 621 2893; x_wconf 79' lang='grc' dir='ltr'>τὸ</span> <span class='ocrx_word' id='word_1_320' title='bbox 674 2836 734 2893; x_wconf 69' lang='grc' dir='ltr'><strong>δί</strong></span> <span class='ocrx_word' id='word_1_321' title='bbox 779 2838 959 2895; x_wconf 74' lang='grc' dir='ltr'>κοινὸν</span> <span class='ocrx_word' id='word_1_322' title='bbox 1008 2838 1144 2913; x_wconf 84' lang='grc' dir='ltr'>πρὸς</span> <span class='ocrx_word' id='word_1_323' title='bbox 1189 2837 1317 2901; x_wconf 75' lang='grc' dir='ltr'>τοὺς</span> <span class='ocrx_word' id='word_1_324' title='bbox 1357 2837 1585 2902; x_wconf 78' lang='grc' dir='ltr'>ἄλλους.</span> <span class='ocrx_word' id='word_1_325' title='bbox 1620 2842 1718 2895; x_wconf 77' lang='grc' dir='ltr'>Καὶ</span> <span class='ocrx_word' id='word_1_326' title='bbox 1746 2842 1807 2895; x_wconf 85' lang='grc' dir='ltr'>τὸ</span> <span class='ocrx_word' id='word_1_327' title='bbox 1844 2840 1937 2912; x_wconf 69' lang='grc' dir='ltr'>μὲν</span> 
     </span>
    </p>
   </div>
   <div class='ocr_carea' id='block_1_47' title="bbox 283 2922 1936 3004">
    <p class='ocr_par' dir='ltr' id='par_1_47' title="bbox 283 2922 1936 3004">
     <span class='ocr_line' id='line_1_47' title="bbox 283 2922 1936 3004; baseline 0.003 -25"><span class='ocrx_word' id='word_1_328' title='bbox 283 2928 382 2992; x_wconf 74' lang='grc' dir='ltr'>τῆς</span> <span class='ocrx_word' id='word_1_329' title='bbox 432 2922 722 2999; x_wconf 69' lang='grc' dir='ltr'>εὐσεϐείας,</span> <span class='ocrx_word' id='word_1_330' title='bbox 770 2928 835 2981; x_wconf 65' lang='grc' dir='ltr'>τὸ</span> <span class='ocrx_word' id='word_1_331' title='bbox 883 2923 943 2989; x_wconf 65' lang='grc' dir='ltr'><strong>δὲ</strong></span> <span class='ocrx_word' id='word_1_332' title='bbox 982 2931 1084 2995; x_wconf 81' lang='grc' dir='ltr'>τῆς</span> <span class='ocrx_word' id='word_1_333' title='bbox 1134 2926 1366 3004; x_wconf 78' lang='grc' dir='ltr'>φύσεως.</span> <span class='ocrx_word' id='word_1_334' title='bbox 1418 2929 1515 2983; x_wconf 83' lang='grc' dir='ltr'>Καὶ</span> <span class='ocrx_word' id='word_1_335' title='bbox 1564 2926 1871 3003; x_wconf 64' lang='grc' dir='ltr'>προῦλαϐεν</span> <span class='ocrx_word' id='word_1_336' title='bbox 1902 2932 1936 2999; x_wconf 79' lang='grc' dir='ltr'>ἡ</span> 
     </span>
    </p>
   </div>
   <div class='ocr_carea' id='block_1_48' title="bbox 284 3012 1940 3091">
    <p class='ocr_par' dir='ltr' id='par_1_48' title="bbox 284 3012 1940 3091">
     <span class='ocr_line' id='line_1_48' title="bbox 284 3012 1940 3091; baseline 0.004 -23"><span class='ocrx_word' id='word_1_337' title='bbox 284 3015 599 3089; x_wconf 79' lang='grc' dir='ltr'>παραμυθία</span> <span class='ocrx_word' id='word_1_338' title='bbox 644 3016 707 3070; x_wconf 85' lang='grc' dir='ltr'>τὸ</span> <span class='ocrx_word' id='word_1_339' title='bbox 754 3016 946 3086; x_wconf 70' lang='grc' dir='ltr'>πάθος,</span> <span class='ocrx_word' id='word_1_340' title='bbox 992 3012 1085 3069; x_wconf 60' lang='grc' dir='ltr'><strong>τίνει</strong></span> <span class='ocrx_word' id='word_1_341' title='bbox 1123 3020 1202 3087; x_wconf 78' lang='grc' dir='ltr'>τῷ</span> <span class='ocrx_word' id='word_1_342' title='bbox 1259 3016 1469 3089; x_wconf 83' lang='grc' dir='ltr'>θανάτῳ</span> <span class='ocrx_word' id='word_1_343' title='bbox 1517 3018 1829 3089; x_wconf 77' lang='grc' dir='ltr'>σεισθέντες,</span> <span class='ocrx_word' id='word_1_344' title='bbox 1861 3025 1940 3091; x_wconf 77' lang='grc' dir='ltr'>τῷ</span> 
     </span>
    </p>
   </div>
   <div class='ocr_carea' id='block_1_49' title="bbox 281 3102 1939 3182">
    <p class='ocr_par' dir='ltr' id='par_1_49' title="bbox 281 3102 1939 3182">
     <span class='ocr_line' id='line_1_49' title="bbox 281 3102 1939 3182; baseline 0.004 -25"><span class='ocrx_word' id='word_1_345' title='bbox 281 3102 538 3180; x_wconf 78' lang='grc' dir='ltr'>πραδόξῳ</span> <span class='ocrx_word' id='word_1_346' title='bbox 606 3111 707 3174; x_wconf 78' lang='grc' dir='ltr'><strong>τῆς</strong></span> <span class='ocrx_word' id='word_1_347' title='bbox 774 3103 899 3159; x_wconf 85' lang='grc' dir='ltr'>τότε</span> <span class='ocrx_word' id='word_1_348' title='bbox 955 3104 1227 3180; x_wconf 83' lang='grc' dir='ltr'>σωτηρίας</span> <span class='ocrx_word' id='word_1_349' title='bbox 1289 3105 1776 3182; x_wconf 80' lang='grc' dir='ltr'>ἐγκαυχησώμεθα.</span> <span class='ocrx_word' id='word_1_350' title='bbox 1843 3108 1939 3164; x_wconf 82' lang='grc' dir='ltr'><strong>Καὶ</strong></span> 
     </span>
    </p>
   </div>
   <div class='ocr_carea' id='block_1_50' title="bbox 278 3192 1934 3271">
    <p class='ocr_par' dir='ltr' id='par_1_50' title="bbox 278 3192 1934 3271">
     <span class='ocr_line' id='line_1_50' title="bbox 278 3192 1934 3271; baseline 0.004 -26"><span class='ocrx_word' id='word_1_351' title='bbox 278 3197 371 3246; x_wconf 85' lang='grc' dir='ltr'><strong>νῦν</strong></span> <span class='ocrx_word' id='word_1_352' title='bbox 421 3195 559 3267; x_wconf 78' lang='grc' dir='ltr'>ἡμῖν</span> <span class='ocrx_word' id='word_1_353' title='bbox 610 3194 639 3248; x_wconf 78' lang='grc' dir='ltr'><strong>ὁ</strong></span> <span class='ocrx_word' id='word_1_354' title='bbox 685 3192 861 3256; x_wconf 77' lang='grc' dir='ltr'>πολὺς</span> <span class='ocrx_word' id='word_1_355' title='bbox 893 3193 1185 3269; x_wconf 64' lang='grc' dir='ltr'>Καισάριπ</span> <span class='ocrx_word' id='word_1_356' title='bbox 1216 3195 1587 3251; x_wconf 79' lang='grc' dir='ltr'>ἀποσέσωσται</span> <span class='ocrx_word' id='word_1_357' title='bbox 1615 3200 1752 3271; x_wconf 75' lang='grc'>(45),</span> <span class='ocrx_word' id='word_1_358' title='bbox 1786 3198 1934 3261; x_wconf 81' lang='grc' dir='ltr'>κόνις</span> 
     </span>
    </p>
   </div>
   <div class='ocr_carea' id='block_1_51' title="bbox 2054 1941 3709 2017">
    <p class='ocr_par' dir='ltr' id='par_1_51' title="bbox 2054 1941 3709 2017">
     <span class='ocr_line' id='line_1_51' title="bbox 2054 1941 3709 2017; baseline 0.002 -20"><span class='ocrx_word' id='word_1_359' title='bbox 2054 1944 2229 1998; x_wconf 89' lang='lat' dir='ltr'><strong>rebus</strong></span> <span class='ocrx_word' id='word_1_360' title='bbox 2261 1942 2447 1999; x_wconf 90' lang='lat' dir='ltr'><strong>motui</strong></span> <span class='ocrx_word' id='word_1_361' title='bbox 2469 1941 2759 2008; x_wconf 81' lang='lat' dir='ltr'><strong>obnoxiis,</strong></span> <span class='ocrx_word' id='word_1_362' title='bbox 2782 1960 2847 1998; x_wconf 89' lang='lat' dir='ltr'><strong>ac</strong></span> <span class='ocrx_word' id='word_1_363' title='bbox 2880 1949 3242 2000; x_wconf 88' lang='lat' dir='ltr'><strong>commutata</strong></span> <span class='ocrx_word' id='word_1_364' title='bbox 3269 1944 3381 2000; x_wconf 90' lang='lat' dir='ltr'>sibi</span> <span class='ocrx_word' id='word_1_365' title='bbox 3411 1945 3524 2017; x_wconf 88' lang='lat' dir='ltr'>ipsi</span> <span class='ocrx_word' id='word_1_366' title='bbox 3556 1946 3709 2001; x_wconf 89' lang='lat' dir='ltr'><strong>aula.</strong></span> 
     </span>
    </p>
   </div>
   <div class='ocr_carea' id='block_1_52' title="bbox 2052 2030 3711 2104">
    <p class='ocr_par' dir='ltr' id='par_1_52' title="bbox 2052 2030 3711 2104">
     <span class='ocr_line' id='line_1_52' title="bbox 2052 2030 3711 2104; baseline 0.002 -17"><span class='ocrx_word' id='word_1_367' title='bbox 2052 2035 2243 2103; x_wconf 85' lang='lat' dir='ltr'><strong>Atque</strong></span> <span class='ocrx_word' id='word_1_368' title='bbox 2271 2032 2381 2087; x_wconf 92' lang='lat' dir='ltr'><strong>hoc</strong></span> <span class='ocrx_word' id='word_1_369' title='bbox 2412 2032 2651 2104; x_wconf 90' lang='lat' dir='ltr'><strong>quidem</strong></span> <span class='ocrx_word' id='word_1_370' title='bbox 2684 2037 2741 2087; x_wconf 90' lang='lat' dir='ltr'><strong>et</strong></span> <span class='ocrx_word' id='word_1_371' title='bbox 2768 2030 2829 2087; x_wconf 90' lang='lat' dir='ltr'><strong>in</strong></span> <span class='ocrx_word' id='word_1_372' title='bbox 2861 2032 3059 2089; x_wconf 90' lang='lat' dir='ltr'><strong>anima</strong></span> <span class='ocrx_word' id='word_1_373' title='bbox 3092 2034 3364 2102; x_wconf 86' lang='lat' dir='ltr'><strong>habebat,</strong></span> <span class='ocrx_word' id='word_1_374' title='bbox 3389 2040 3446 2090; x_wconf 91' lang='lat' dir='ltr'><strong>et</strong></span> <span class='ocrx_word' id='word_1_375' title='bbox 3476 2051 3711 2090; x_wconf 91' lang='lat' dir='ltr'><strong>summo</strong></span> 
     </span>
    </p>
   </div>
   <div class='ocr_carea' id='block_1_53' title="bbox 2056 2122 3711 2195">
    <p class='ocr_par' dir='ltr' id='par_1_53' title="bbox 2056 2122 3711 2195">
     <span class='ocr_line' id='line_1_53' title="bbox 2056 2122 3711 2195; baseline 0.002 -19"><span class='ocrx_word' id='word_1_376' title='bbox 2056 2122 2252 2177; x_wconf 90' lang='lat' dir='ltr'><strong>studio</strong></span> <span class='ocrx_word' id='word_1_377' title='bbox 2284 2122 2617 2194; x_wconf 84' lang='lat' dir='ltr'><strong>exoptabat,</strong></span> <span class='ocrx_word' id='word_1_378' title='bbox 2650 2123 3145 2194; x_wconf 88' lang='lat' dir='ltr'><strong>quemadmodum</strong></span> <span class='ocrx_word' id='word_1_379' title='bbox 3178 2124 3322 2178; x_wconf 91' lang='lat' dir='ltr'><strong>mihi</strong></span> <span class='ocrx_word' id='word_1_380' title='bbox 3356 2141 3453 2195; x_wconf 85' lang='lat' dir='ltr'><strong>per</strong></span> <span class='ocrx_word' id='word_1_381' title='bbox 3486 2124 3711 2179; x_wconf 86' lang='lat' dir='ltr'><strong>litteras</strong></span> 
     </span>
    </p>
   </div>
   <div class='ocr_carea' id='block_1_54' title="bbox 2058 2211 3710 2282">
    <p class='ocr_par' dir='ltr' id='par_1_54' title="bbox 2058 2211 3710 2282">
     <span class='ocr_line' id='line_1_54' title="bbox 2058 2211 3710 2282; baseline 0.002 -16"><span class='ocrx_word' id='word_1_382' title='bbox 2058 2211 2467 2282; x_wconf 89' lang='lat' dir='ltr'><strong>persuadebat,</strong></span> <span class='ocrx_word' id='word_1_383' title='bbox 2501 2228 2635 2265; x_wconf 91' lang='lat' dir='ltr'><strong>cum</strong></span> <span class='ocrx_word' id='word_1_384' title='bbox 2668 2212 2820 2266; x_wconf 88' lang='lat' dir='ltr'><strong>hanc</strong></span> <span class='ocrx_word' id='word_1_385' title='bbox 2864 2212 2938 2265; x_wconf 90' lang='lat' dir='ltr'><strong>ad</strong></span> <span class='ocrx_word' id='word_1_386' title='bbox 2985 2228 3118 2274; x_wconf 91' lang='lat' dir='ltr'><strong>eum</strong></span> <span class='ocrx_word' id='word_1_387' title='bbox 3153 2214 3508 2269; x_wconf 86' lang='lat' dir='ltr'><strong>monendum</strong></span> <span class='ocrx_word' id='word_1_388' title='bbox 3544 2230 3710 2269; x_wconf 58' lang='lat' dir='ltr'><strong>occa~</strong></span> 
     </span>
    </p>
   </div>
   <div class='ocr_carea' id='block_1_55' title="bbox 2054 2300 3705 2373">
    <p class='ocr_par' dir='ltr' id='par_1_55' title="bbox 2054 2300 3705 2373">
     <span class='ocr_line' id='line_1_55' title="bbox 2054 2300 3705 2373; baseline 0.002 -18"><span class='ocrx_word' id='word_1_389' title='bbox 2054 2301 2281 2355; x_wconf 88' lang='lat' dir='ltr'><strong>sionem</strong></span> <span class='ocrx_word' id='word_1_390' title='bbox 2314 2300 2691 2371; x_wconf 85' lang='lat' dir='ltr'><strong>arripuissem</strong></span> <span class='ocrx_word' id='word_1_391' title='bbox 2726 2301 2917 2373; x_wconf 87' lang='lat' dir='ltr'><strong>(epist.</strong></span> <span class='ocrx_word' id='word_1_392' title='bbox 2948 2302 3034 2369; x_wconf 86' lang='lat'><strong>20)</strong></span> <span class='ocrx_word' id='word_1_393' title='bbox 3065 2320 3075 2356; x_wconf 90' lang='lat'><strong>:</strong></span> <span class='ocrx_word' id='word_1_394' title='bbox 3119 2304 3273 2372; x_wconf 88' lang='lat' dir='ltr'><strong>quod</strong></span> <span class='ocrx_word' id='word_1_395' title='bbox 3308 2320 3412 2358; x_wconf 90' lang='lat' dir='ltr'><strong>nec</strong></span> <span class='ocrx_word' id='word_1_396' title='bbox 3446 2320 3705 2373; x_wconf 88' lang='lat' dir='ltr'><strong>unquam</strong></span> 
     </span>
    </p>
   </div>
   <div class='ocr_carea' id='block_1_56' title="bbox 2053 2389 3708 2463">
    <p class='ocr_par' dir='ltr' id='par_1_56' title="bbox 2053 2389 3708 2463">
     <span class='ocr_line' id='line_1_56' title="bbox 2053 2389 3708 2463; baseline 0.002 -19"><span class='ocrx_word' id='word_1_397' title='bbox 2053 2390 2241 2445; x_wconf 86' lang='lat' dir='ltr'><strong>facere</strong></span> <span class='ocrx_word' id='word_1_398' title='bbox 2260 2390 2496 2455; x_wconf 86' lang='lat' dir='ltr'><strong>dedisti,</strong></span> <span class='ocrx_word' id='word_1_399' title='bbox 2522 2389 2763 2444; x_wconf 89' lang='lat' dir='ltr'><strong>moleste</strong></span> <span class='ocrx_word' id='word_1_400' title='bbox 2788 2391 2977 2445; x_wconf 84' lang='lat' dir='ltr'><strong>ferens</strong></span> <span class='ocrx_word' id='word_1_401' title='bbox 2999 2389 3157 2445; x_wconf 92' lang='lat' dir='ltr'>illius</span> <span class='ocrx_word' id='word_1_402' title='bbox 3178 2390 3393 2446; x_wconf 89' lang='lat' dir='ltr'><strong>indolis</strong></span> <span class='ocrx_word' id='word_1_403' title='bbox 3417 2392 3708 2463; x_wconf 62' lang='lat' dir='ltr'><strong>magnituv</strong></span> 
     </span>
    </p>
   </div>
   <div class='ocr_carea' id='block_1_57' title="bbox 2054 2478 3708 2552">
    <p class='ocr_par' dir='ltr' id='par_1_57' title="bbox 2054 2478 3708 2552">
     <span class='ocr_line' id='line_1_57' title="bbox 2054 2478 3708 2552; baseline 0.003 -19"><span class='ocrx_word' id='word_1_404' title='bbox 2054 2480 2251 2534; x_wconf 89' lang='lat' dir='ltr'><strong>dinem</strong></span> <span class='ocrx_word' id='word_1_405' title='bbox 2302 2479 2360 2533; x_wconf 91' lang='lat' dir='ltr'><strong>in</strong></span> <span class='ocrx_word' id='word_1_406' title='bbox 2412 2478 2803 2534; x_wconf 85' lang='lat' dir='ltr'><strong>deterioribus</strong></span> <span class='ocrx_word' id='word_1_407' title='bbox 2852 2480 3027 2533; x_wconf 91' lang='lat' dir='ltr'><strong>rebus</strong></span> <span class='ocrx_word' id='word_1_408' title='bbox 3057 2481 3296 2549; x_wconf 85' lang='lat' dir='ltr'><strong>versari,</strong></span> <span class='ocrx_word' id='word_1_409' title='bbox 3329 2481 3708 2552; x_wconf 85' lang='lat' dir='ltr'><strong>animamque</strong></span> 
     </span>
    </p>
   </div>
   <div class='ocr_carea' id='block_1_58' title="bbox 2053 2567 3702 2641">
    <p class='ocr_par' dir='ltr' id='par_1_58' title="bbox 2053 2567 3702 2641">
     <span class='ocr_line' id='line_1_58' title="bbox 2053 2567 3702 2641; baseline 0.002 -19"><span class='ocrx_word' id='word_1_410' title='bbox 2053 2569 2196 2623; x_wconf 90' lang='lat' dir='ltr'><strong>adeo</strong></span> <span class='ocrx_word' id='word_1_411' title='bbox 2228 2567 2693 2640; x_wconf 88' lang='lat' dir='ltr'><strong>philosophicam</strong></span> <span class='ocrx_word' id='word_1_412' title='bbox 2746 2568 2805 2623; x_wconf 92' lang='lat' dir='ltr'><strong>in</strong></span> <span class='ocrx_word' id='word_1_413' title='bbox 2857 2567 3108 2639; x_wconf 87' lang='lat' dir='ltr'>publicis</span> <span class='ocrx_word' id='word_1_414' title='bbox 3154 2570 3402 2641; x_wconf 86' lang='lat' dir='ltr'><strong>negotiis</strong></span> <span class='ocrx_word' id='word_1_415' title='bbox 3432 2570 3702 2641; x_wconf 87' lang='lat' dir='ltr'><strong>volutari,</strong></span> 
     </span>
    </p>
   </div>
   <div class='ocr_carea' id='block_1_59' title="bbox 2053 2656 3700 2719">
    <p class='ocr_par' dir='ltr' id='par_1_59' title="bbox 2053 2656 3700 2719">
     <span class='ocr_line' id='line_1_59' title="bbox 2053 2656 3700 2719; baseline 0.002 -6"><span class='ocrx_word' id='word_1_416' title='bbox 2053 2675 2117 2713; x_wconf 89' lang='lat' dir='ltr'><strong>ac</strong></span> <span class='ocrx_word' id='word_1_417' title='bbox 2150 2656 2306 2719; x_wconf 86' lang='lat' dir='ltr'><strong>velut</strong></span> <span class='ocrx_word' id='word_1_418' title='bbox 2337 2657 2520 2713; x_wconf 85' lang='lat' dir='ltr'><strong>solem</strong></span> <span class='ocrx_word' id='word_1_419' title='bbox 2551 2656 2807 2712; x_wconf 89' lang='lat' dir='ltr'><strong>nubibus</strong></span> <span class='ocrx_word' id='word_1_420' title='bbox 2839 2658 3069 2713; x_wconf 90' lang='lat' dir='ltr'><strong>obduci.</strong></span> <span class='ocrx_word' id='word_1_421' title='bbox 3095 2657 3308 2713; x_wconf 91' lang='lat' dir='ltr'><strong>Verum</strong></span> <span class='ocrx_word' id='word_1_422' title='bbox 3338 2664 3505 2714; x_wconf 69' lang='lat' dir='ltr'><strong>terras</strong></span> <span class='ocrx_word' id='word_1_423' title='bbox 3538 2666 3700 2717; x_wconf 88' lang='lat' dir='ltr'><strong>motu</strong></span> 
     </span>
    </p>
   </div>
   <div class='ocr_carea' id='block_1_60' title="bbox 2052 2746 3699 2819">
    <p class='ocr_par' dir='ltr' id='par_1_60' title="bbox 2052 2746 3699 2819">
     <span class='ocr_line' id='line_1_60' title="bbox 2052 2746 3699 2819; baseline 0.001 -18"><span class='ocrx_word' id='word_1_424' title='bbox 2052 2747 2287 2819; x_wconf 89' lang='lat' dir='ltr'><strong>quidem</strong></span> <span class='ocrx_word' id='word_1_425' title='bbox 2312 2746 2578 2818; x_wconf 88' lang='lat' dir='ltr'><strong>superior</strong></span> <span class='ocrx_word' id='word_1_426' title='bbox 2606 2746 2736 2813; x_wconf 86' lang='lat' dir='ltr'><strong>fuit,</strong></span> <span class='ocrx_word' id='word_1_427' title='bbox 2766 2747 2970 2801; x_wconf 92' lang='lat' dir='ltr'><strong>morbo</strong></span> <span class='ocrx_word' id='word_1_428' title='bbox 3001 2763 3134 2803; x_wconf 88' lang='lat' dir='ltr'><strong>vero</strong></span> <span class='ocrx_word' id='word_1_429' title='bbox 3164 2765 3278 2802; x_wconf 92' lang='lat' dir='ltr'><strong>non</strong></span> <span class='ocrx_word' id='word_1_430' title='bbox 3313 2748 3452 2803; x_wconf 90' lang='lat' dir='ltr'><strong>item</strong></span> <span class='ocrx_word' id='word_1_431' title='bbox 3478 2766 3493 2802; x_wconf 92' lang='lat'><strong>:</strong></span> <span class='ocrx_word' id='word_1_432' title='bbox 3526 2748 3699 2805; x_wconf 90' lang='lat' dir='ltr'><strong>homo</strong></span> 
     </span>
    </p>
   </div>
   <div class='ocr_carea' id='block_1_61' title="bbox 2050 2835 3699 2907">
    <p class='ocr_par' dir='ltr' id='par_1_61' title="bbox 2050 2835 3699 2907">
     <span class='ocr_line' id='line_1_61' title="bbox 2050 2835 3699 2907; baseline 0.001 -15"><span class='ocrx_word' id='word_1_433' title='bbox 2050 2838 2206 2892; x_wconf 88' lang='lat' dir='ltr'><strong>enim</strong></span> <span class='ocrx_word' id='word_1_434' title='bbox 2240 2840 2380 2891; x_wconf 88' lang='lat' dir='ltr'><strong>erat.</strong></span> <span class='ocrx_word' id='word_1_435' title='bbox 2415 2839 2603 2906; x_wconf 81' lang='lat' dir='ltr'><strong>Atque</strong></span> <span class='ocrx_word' id='word_1_436' title='bbox 2634 2836 2778 2890; x_wconf 88' lang='lat' dir='ltr'><strong>illud</strong></span> <span class='ocrx_word' id='word_1_437' title='bbox 2812 2836 3113 2907; x_wconf 80' lang='lat' dir='ltr'><strong>proprium</strong></span> <span class='ocrx_word' id='word_1_438' title='bbox 3151 2835 3235 2891; x_wconf 83' lang='lat' dir='ltr'>illi</span> <span class='ocrx_word' id='word_1_439' title='bbox 3267 2838 3394 2903; x_wconf 83' lang='lat' dir='ltr'><strong>fuit,</strong></span> <span class='ocrx_word' id='word_1_440' title='bbox 3430 2838 3538 2901; x_wconf 85' lang='lat' dir='ltr'><strong>hoc</strong></span> <span class='ocrx_word' id='word_1_441' title='bbox 3567 2855 3699 2893; x_wconf 91' lang='lat' dir='ltr'><strong>cum</strong></span> 
     </span>
    </p>
   </div>
   <div class='ocr_carea' id='block_1_62' title="bbox 2050 2925 3700 2999">
    <p class='ocr_par' dir='ltr' id='par_1_62' title="bbox 2050 2925 3700 2999">
     <span class='ocr_line' id='line_1_62' title="bbox 2050 2925 3700 2999; baseline 0.001 -18"><span class='ocrx_word' id='word_1_442' title='bbox 2050 2927 2181 2981; x_wconf 89' lang='lat' dir='ltr'><strong>aliis</strong></span> <span class='ocrx_word' id='word_1_443' title='bbox 2213 2942 2545 2987; x_wconf 82' lang='lat' dir='ltr'><strong>commune.</strong></span> <span class='ocrx_word' id='word_1_444' title='bbox 2581 2925 2727 2979; x_wconf 88' lang='lat' dir='ltr'><strong>Illud</strong></span> <span class='ocrx_word' id='word_1_445' title='bbox 2761 2925 3015 2995; x_wconf 81' lang='lat' dir='ltr'><strong>pietatis,</strong></span> <span class='ocrx_word' id='word_1_446' title='bbox 3057 2925 3165 2980; x_wconf 92' lang='lat' dir='ltr'><strong>hoc</strong></span> <span class='ocrx_word' id='word_1_447' title='bbox 3220 2931 3462 2982; x_wconf 67' lang='lat' dir='ltr'><strong>naturai.</strong></span> <span class='ocrx_word' id='word_1_448' title='bbox 3510 2933 3700 2999; x_wconf 78' lang='lat' dir='ltr'><strong>Atque</strong></span> 
     </span>
    </p>
   </div>
   <div class='ocr_carea' id='block_1_63' title="bbox 2050 3014 3703 3087">
    <p class='ocr_par' dir='ltr' id='par_1_63' title="bbox 2050 3014 3703 3087">
     <span class='ocr_line' id='line_1_63' title="bbox 2050 3014 3703 3087; baseline 0.001 -16"><span class='ocrx_word' id='word_1_449' title='bbox 2050 3015 2372 3072; x_wconf 87' lang='lat' dir='ltr'><strong>consolatio</strong></span> <span class='ocrx_word' id='word_1_450' title='bbox 2405 3014 2797 3069; x_wconf 81' lang='lat' dir='ltr'><strong>calamitatem</strong></span> <span class='ocrx_word' id='word_1_451' title='bbox 2829 3015 3160 3085; x_wconf 85' lang='lat' dir='ltr'><strong>antevertit,</strong></span> <span class='ocrx_word' id='word_1_452' title='bbox 3194 3020 3258 3071; x_wconf 90' lang='lat' dir='ltr'><strong>ut</strong></span> <span class='ocrx_word' id='word_1_453' title='bbox 3298 3016 3486 3087; x_wconf 90' lang='lat' dir='ltr'>ipsius</span> <span class='ocrx_word' id='word_1_454' title='bbox 3518 3022 3703 3073; x_wconf 88' lang='lat' dir='ltr'><strong>morte</strong></span> 
     </span>
    </p>
   </div>
   <div class='ocr_carea' id='block_1_64' title="bbox 2050 3104 3701 3179">
    <p class='ocr_par' dir='ltr' id='par_1_64' title="bbox 2050 3104 3701 3179">
     <span class='ocr_line' id='line_1_64' title="bbox 2050 3104 3701 3179; baseline -0.002 -19"><span class='ocrx_word' id='word_1_455' title='bbox 2050 3104 2341 3169; x_wconf 88' lang='lat' dir='ltr'><strong>concussi,</strong></span> <span class='ocrx_word' id='word_1_456' title='bbox 2374 3104 2445 3158; x_wconf 90' lang='lat' dir='ltr'><strong>ob</strong></span> <span class='ocrx_word' id='word_1_457' title='bbox 2494 3104 2907 3158; x_wconf 86' lang='lat' dir='ltr'><strong>admirandum</strong></span> <span class='ocrx_word' id='word_1_458' title='bbox 2945 3110 3086 3159; x_wconf 91' lang='lat' dir='ltr'><strong>tunc</strong></span> <span class='ocrx_word' id='word_1_459' title='bbox 3117 3104 3325 3161; x_wconf 89' lang='lat' dir='ltr'><strong>salutis</strong></span> <span class='ocrx_word' id='word_1_460' title='bbox 3356 3123 3541 3178; x_wconf 87' lang='lat' dir='ltr'><strong>genus</strong></span> <span class='ocrx_word' id='word_1_461' title='bbox 3572 3107 3701 3179; x_wconf 53' lang='lat' dir='ltr'><strong>gioe</strong></span> 
     </span>
    </p>
   </div>
   <div class='ocr_carea' id='block_1_65' title="bbox 2051 3192 3702 3264">
    <p class='ocr_par' dir='ltr' id='par_1_65' title="bbox 2051 3192 3702 3264">
     <span class='ocr_line' id='line_1_65' title="bbox 2051 3192 3702 3264; baseline 0.001 -14"><span class='ocrx_word' id='word_1_462' title='bbox 2051 3195 2288 3251; x_wconf 85' lang='lat' dir='ltr'><strong>riemur.</strong></span> <span class='ocrx_word' id='word_1_463' title='bbox 2319 3195 2398 3248; x_wconf 83' lang='lat' dir='ltr'><strong>Ac</strong></span> <span class='ocrx_word' id='word_1_464' title='bbox 2448 3209 2605 3247; x_wconf 88' lang='lat' dir='ltr'><strong>nunc</strong></span> <span class='ocrx_word' id='word_1_465' title='bbox 2654 3192 2825 3248; x_wconf 91' lang='lat' dir='ltr'><strong>nobis</strong></span> <span class='ocrx_word' id='word_1_466' title='bbox 2856 3209 3108 3264; x_wconf 84' lang='lat' dir='ltr'><strong>magnus</strong></span> <span class='ocrx_word' id='word_1_467' title='bbox 3137 3194 3237 3249; x_wconf 86' lang='lat' dir='ltr'><strong>ille</strong></span> <span class='ocrx_word' id='word_1_468' title='bbox 3265 3195 3549 3251; x_wconf 54' lang='lat' dir='ltr'><strong>Caesarius</strong></span> <span class='ocrx_word' id='word_1_469' title='bbox 3580 3213 3702 3251; x_wconf 91' lang='lat' dir='ltr'><strong>ser-</strong></span> 
     </span>
    </p>
   </div>
   <div class='ocr_carea' id='block_1_66' title="bbox 274 3263 1939 3362">
    <p class='ocr_par' dir='ltr' id='par_1_66' title="bbox 274 3263 1934 3362">
     <span class='ocr_line' id='line_1_66' title="bbox 274 3263 1934 3362; baseline 0.005 -27"><span class='ocrx_word' id='word_1_470' title='bbox 274 3263 477 3356; x_wconf 36' lang='grc' dir='ltr'>τιμία,</span> <span class='ocrx_word' id='word_1_471' title='bbox 520 3284 711 3359; x_wconf 84' lang='grc' dir='ltr'>νεκρὸς</span> <span class='ocrx_word' id='word_1_472' title='bbox 781 3263 1191 3357; x_wconf 75' lang='grc' dir='ltr'>ἆπαινούμενος,</span> <span class='ocrx_word' id='word_1_473' title='bbox 1251 3285 1443 3358; x_wconf 73' lang='grc' dir='ltr'>ὕμνοις</span> <span class='ocrx_word' id='word_1_474' title='bbox 1493 3263 1934 3362; x_wconf 39' lang='grc' dir='ltr'>(46)“ἐξμί.ίμνων</span> 
     </span>
    </p>
   </div>
   <div class='ocr_carea' id='block_1_67' title="bbox 2059 3263 3703 3362">
    <p class='ocr_par' dir='ltr' id='par_1_67' title="bbox 2059 3263 3703 3357">
     <span class='ocr_line' id='line_1_67' title="bbox 2059 3263 3703 3357; baseline 0.001 -19"><span class='ocrx_word' id='word_1_475' title='bbox 2059 3289 2216 3339; x_wconf 72' lang='lat' dir='ltr'><strong>vatus</strong></span> <span class='ocrx_word' id='word_1_476' title='bbox 2238 3288 2344 3350; x_wconf 86' lang='lat' dir='ltr'><strong>est,</strong></span> <span class='ocrx_word' id='word_1_477' title='bbox 2360 3282 2509 3337; x_wconf 91' lang='lat' dir='ltr'>cinis</span> <span class='ocrx_word' id='word_1_478' title='bbox 2532 3282 2844 3353; x_wconf 89' lang='lat' dir='ltr'><strong>pretiosus,</strong></span> <span class='ocrx_word' id='word_1_479' title='bbox 2864 3263 3133 3337; x_wconf 74' lang='lat' dir='ltr'><strong>mortuus</strong></span> <span class='ocrx_word' id='word_1_480' title='bbox 3155 3282 3448 3351; x_wconf 84' lang='lat' dir='ltr'><strong>laudatus,</strong></span> <span class='ocrx_word' id='word_1_481' title='bbox 3469 3285 3703 3357; x_wconf 83' lang='lat' dir='ltr'><strong>hymnis</strong></span> 
     </span>
    </p>
   </div>
   <div class='ocr_carea' id='block_1_68' title="bbox 277 3372 1935 3451">
    <p class='ocr_par' dir='ltr' id='par_1_68' title="bbox 277 3372 1935 3451">
     <span class='ocr_line' id='line_1_68' title="bbox 277 3372 1935 3451; baseline 0.004 -25"><span class='ocrx_word' id='word_1_482' title='bbox 277 3372 803 3446; x_wconf 82' lang='grc' dir='ltr'>παραπεμπόμενος,</span> <span class='ocrx_word' id='word_1_483' title='bbox 862 3372 1149 3448; x_wconf 76' lang='grc' dir='ltr'>μαρτύρων</span> <span class='ocrx_word' id='word_1_484' title='bbox 1223 3376 1430 3448; x_wconf 71' lang='grc' dir='ltr'>βήμασι</span> <span class='ocrx_word' id='word_1_485' title='bbox 1494 3378 1935 3451; x_wconf 84' lang='grc' dir='ltr'>πομπευόμενος,</span> 
     </span>
    </p>
   </div>
   <div class='ocr_carea' id='block_1_69' title="bbox 278 3462 1937 3544">
    <p class='ocr_par' dir='ltr' id='par_1_69' title="bbox 278 3462 1937 3544">
     <span class='ocr_line' id='line_1_69' title="bbox 278 3462 1937 3544; baseline 0.004 -29"><span class='ocrx_word' id='word_1_486' title='bbox 278 3462 483 3537; x_wconf 70' lang='grc' dir='ltr'>γονέων</span> <span class='ocrx_word' id='word_1_487' title='bbox 525 3462 712 3538; x_wconf 83' lang='grc' dir='ltr'>χερσὶν</span> <span class='ocrx_word' id='word_1_488' title='bbox 769 3462 942 3524; x_wconf 84' lang='grc' dir='ltr'>ὁσίαις</span> <span class='ocrx_word' id='word_1_489' title='bbox 983 3463 1323 3535; x_wconf 81' lang='grc' dir='ltr'>τιμώμενος,</span> <span class='ocrx_word' id='word_1_490' title='bbox 1388 3466 1594 3541; x_wconf 86' lang='grc' dir='ltr'>μητρὸς</span> <span class='ocrx_word' id='word_1_491' title='bbox 1638 3464 1937 3544; x_wconf 82' lang='grc' dir='ltr'>λαμπροφο</span> 
     </span>
    </p>
   </div>
   <div class='ocr_carea' id='block_1_70' title="bbox 283 3546 1938 3631">
    <p class='ocr_par' dir='ltr' id='par_1_70' title="bbox 283 3546 1938 3631">
     <span class='ocr_line' id='line_1_70' title="bbox 283 3546 1938 3631; baseline 0.005 -29"><span class='ocrx_word' id='word_1_492' title='bbox 283 3550 374 3626; x_wconf 84' lang='grc' dir='ltr'><strong>ρίᾳ</strong></span> <span class='ocrx_word' id='word_1_493' title='bbox 400 3552 514 3624; x_wconf 75' lang='grc'><strong>(47)</strong></span> <span class='ocrx_word' id='word_1_494' title='bbox 544 3550 623 3623; x_wconf 83' lang='grc' dir='ltr'>τῷ</span> <span class='ocrx_word' id='word_1_495' title='bbox 649 3552 804 3605; x_wconf 74' lang='grc' dir='ltr'>πάθει</span> <span class='ocrx_word' id='word_1_496' title='bbox 860 3553 962 3621; x_wconf 80' lang='grc' dir='ltr'>τὴν</span> <span class='ocrx_word' id='word_1_497' title='bbox 1022 3546 1293 3607; x_wconf 69' lang='grc' dir='ltr'>εὐσέϐειαν</span> <span class='ocrx_word' id='word_1_498' title='bbox 1354 3554 1788 3631; x_wconf 74' lang='grc' dir='ltr'>ἀντεισαγούσης,</span> <span class='ocrx_word' id='word_1_499' title='bbox 1850 3554 1938 3611; x_wconf 73' lang='grc' dir='ltr'><strong>δά-</strong></span> 
     </span>
    </p>
   </div>
   <div class='ocr_carea' id='block_1_71' title="bbox 282 3640 1934 3719">
    <p class='ocr_par' dir='ltr' id='par_1_71' title="bbox 282 3640 1934 3719">
     <span class='ocr_line' id='line_1_71' title="bbox 282 3640 1934 3719; baseline 0.005 -27"><span class='ocrx_word' id='word_1_500' title='bbox 282 3658 468 3711; x_wconf 86' lang='grc' dir='ltr'>κρυσιν</span> <span class='ocrx_word' id='word_1_501' title='bbox 496 3642 836 3713; x_wconf 70' lang='grc' dir='ltr'>ἡττωμένοις</span> <span class='ocrx_word' id='word_1_502' title='bbox 895 3640 1211 3719; x_wconf 77' lang='grc' dir='ltr'>φιλοσοφίᾳ,</span> <span class='ocrx_word' id='word_1_503' title='bbox 1273 3642 1627 3716; x_wconf 77' lang='grc' dir='ltr'>ψαλμῳδίαις</span> <span class='ocrx_word' id='word_1_504' title='bbox 1673 3646 1934 3719; x_wconf 66' lang='grc' dir='ltr'>κομιζούς</span> 
     </span>
    </p>
   </div>
   <div class='ocr_carea' id='block_1_72' title="bbox 284 3728 1933 3810">
    <p class='ocr_par' dir='ltr' id='par_1_72' title="bbox 284 3728 1933 3810">
     <span class='ocr_line' id='line_1_72' title="bbox 284 3728 1933 3810; baseline 0.006 -29"><span class='ocrx_word' id='word_1_505' title='bbox 284 3749 400 3789; x_wconf 87' lang='grc' dir='ltr'>σαις</span> <span class='ocrx_word' id='word_1_506' title='bbox 444 3728 571 3791; x_wconf 81' lang='grc' dir='ltr'>τοὺς</span> <span class='ocrx_word' id='word_1_507' title='bbox 621 3731 875 3804; x_wconf 76' lang='grc' dir='ltr'>θρήνους,</span> <span class='ocrx_word' id='word_1_508' title='bbox 923 3731 1012 3787; x_wconf 79' lang='grc' dir='ltr'><strong>καὶ</strong></span> <span class='ocrx_word' id='word_1_509' title='bbox 1057 3737 1159 3801; x_wconf 86' lang='grc' dir='ltr'>τῆς</span> <span class='ocrx_word' id='word_1_510' title='bbox 1208 3731 1523 3787; x_wconf 77' lang='grc' dir='ltr'>νεοκτίστου</span> <span class='ocrx_word' id='word_1_511' title='bbox 1557 3738 1668 3809; x_wconf 76' lang='grc'>(48)</span> <span class='ocrx_word' id='word_1_512' title='bbox 1725 3739 1933 3810; x_wconf 79' lang='grc' dir='ltr'>ψυχῆς,</span> 
     </span>
    </p>
   </div>
   <div class='ocr_carea' id='block_1_73' title="bbox 282 3818 1938 3901">
    <p class='ocr_par' dir='ltr' id='par_1_73' title="bbox 282 3818 1938 3901">
     <span class='ocr_line' id='line_1_73' title="bbox 282 3818 1938 3901; baseline 0.005 -30"><span class='ocrx_word' id='word_1_513' title='bbox 282 3825 348 3887; x_wconf 79' lang='grc' dir='ltr'>ῆν</span> <span class='ocrx_word' id='word_1_514' title='bbox 395 3818 457 3872; x_wconf 88' lang='grc' dir='ltr'>τὸ</span> <span class='ocrx_word' id='word_1_515' title='bbox 506 3824 725 3893; x_wconf 79' lang='grc' dir='ltr'>Πνεῦμα</span> <span class='ocrx_word' id='word_1_516' title='bbox 773 3818 843 3875; x_wconf 80' lang='grc' dir='ltr'>δι’</span> <span class='ocrx_word' id='word_1_517' title='bbox 892 3818 1086 3883; x_wconf 79' lang='grc' dir='ltr'>ὕδατος</span> <span class='ocrx_word' id='word_1_518' title='bbox 1126 3820 1528 3899; x_wconf 75' lang='grc' dir='ltr'>ἁνεμόρφωσεν,</span> <span class='ocrx_word' id='word_1_519' title='bbox 1562 3823 1681 3894; x_wconf 79' lang='grc' dir='ltr'>ἄξια</span> <span class='ocrx_word' id='word_1_520' title='bbox 1709 3824 1777 3879; x_wconf 79' lang='grc' dir='ltr'>τὰ</span> <span class='ocrx_word' id='word_1_521' title='bbox 1804 3826 1938 3901; x_wconf 69' lang='grc' dir='ltr'>γέρα</span> 
     </span>
    </p>
   </div>
   <div class='ocr_carea' id='block_1_74' title="bbox 278 3906 679 3982">
    <p class='ocr_par' dir='ltr' id='par_1_74' title="bbox 278 3906 679 3982">
     <span class='ocr_line' id='line_1_74' title="bbox 278 3906 679 3982; baseline 0.012 -22"><span class='ocrx_word' id='word_1_522' title='bbox 278 3906 679 3982; x_wconf 69' lang='grc' dir='ltr'>καρπούμενος.</span> 
     </span>
    </p>
   </div>
   <div class='ocr_carea' id='block_1_75' title="bbox 357 3994 1933 4081">
    <p class='ocr_par' dir='ltr' id='par_1_75' title="bbox 357 3994 1933 4081">
     <span class='ocr_line' id='line_1_75' title="bbox 357 3994 1933 4081; baseline 0.004 -30"><span class='ocrx_word' id='word_1_523' title='bbox 357 3998 442 4064; x_wconf 80' lang='grc' dir='ltr'><strong>1ζ’.</strong></span> <span class='ocrx_word' id='word_1_524' title='bbox 483 3994 652 4051; x_wconf 83' lang='grc' dir='ltr'>Τοῦτό</span> <span class='ocrx_word' id='word_1_525' title='bbox 703 4019 811 4067; x_wconf 85' lang='grc' dir='ltr'>σοι,</span> <span class='ocrx_word' id='word_1_526' title='bbox 860 3999 1139 4075; x_wconf 80' lang='grc' dir='ltr'>Καισάριε,</span> <span class='ocrx_word' id='word_1_527' title='bbox 1190 4002 1316 4075; x_wconf 86' lang='grc' dir='ltr'>παρ’</span> <span class='ocrx_word' id='word_1_528' title='bbox 1365 3998 1501 4073; x_wconf 71' lang='grc' dir='ltr'>ἐμοῦ</span> <span class='ocrx_word' id='word_1_529' title='bbox 1554 4002 1617 4056; x_wconf 80' lang='grc' dir='ltr'>τὸ</span> <span class='ocrx_word' id='word_1_530' title='bbox 1665 4001 1933 4081; x_wconf 72' lang='grc' dir='ltr'>ἐντάφιον*</span> 
     </span>
    </p>
   </div>
   <div class='ocr_carea' id='block_1_76' title="bbox 279 4082 1935 4167">
    <p class='ocr_par' dir='ltr' id='par_1_76' title="bbox 279 4082 1935 4167">
     <span class='ocr_line' id='line_1_76' title="bbox 279 4082 1935 4167; baseline 0.006 -29"><span class='ocrx_word' id='word_1_531' title='bbox 279 4082 436 4139; x_wconf 76' lang='grc' dir='ltr'>αὗται</span> <span class='ocrx_word' id='word_1_532' title='bbox 492 4090 601 4140; x_wconf 79' lang='grc' dir='ltr'><strong>τῶν</strong></span> <span class='ocrx_word' id='word_1_533' title='bbox 657 4085 805 4160; x_wconf 70' lang='grc' dir='ltr'>ἱμῶν</span> <span class='ocrx_word' id='word_1_534' title='bbox 859 4086 1037 4163; x_wconf 81' lang='grc' dir='ltr'>λόγῶν</span> <span class='ocrx_word' id='word_1_535' title='bbox 1087 4088 1142 4142; x_wconf 73' lang='grc' dir='ltr'>αἱ</span> <span class='ocrx_word' id='word_1_536' title='bbox 1189 4088 1434 4164; x_wconf 76' lang='grc' dir='ltr'>ἀπαρχαὶ</span> <span class='ocrx_word' id='word_1_537' title='bbox 1485 4089 1579 4153; x_wconf 74' lang='grc' dir='ltr'><strong>οὓς</strong></span> <span class='ocrx_word' id='word_1_538' title='bbox 1623 4094 1935 4167; x_wconf 80' lang='grc' dir='ltr'>κρυπτομὲ-</span> 
     </span>
    </p>
   </div>
   <div class='ocr_carea' id='block_1_77' title="bbox 278 4172 1934 4255">
    <p class='ocr_par' dir='ltr' id='par_1_77' title="bbox 278 4172 1934 4255">
     <span class='ocr_line' id='line_1_77' title="bbox 278 4172 1934 4255; baseline 0.005 -28"><span class='ocrx_word' id='word_1_539' title='bbox 278 4194 404 4236; x_wconf 85' lang='grc' dir='ltr'>νους</span> <span class='ocrx_word' id='word_1_540' title='bbox 471 4172 743 4237; x_wconf 83' lang='grc' dir='ltr'>πολλάκις</span> <span class='ocrx_word' id='word_1_541' title='bbox 810 4176 1184 4249; x_wconf 75' lang='grc' dir='ltr'>πεμψάμενος,</span> <span class='ocrx_word' id='word_1_542' title='bbox 1253 4177 1341 4233; x_wconf 69' lang='grc' dir='ltr'><strong>ἐπὶ</strong></span> <span class='ocrx_word' id='word_1_543' title='bbox 1417 4180 1636 4235; x_wconf 86' lang='grc' dir='ltr'>σεαυτὸν</span> <span class='ocrx_word' id='word_1_544' title='bbox 1710 4184 1934 4255; x_wconf 85' lang='grc' dir='ltr'>γυμνώ-</span> 
     </span>
    </p>
   </div>
   <div class='ocr_carea' id='block_1_78' title="bbox 279 4263 1938 4343">
    <p class='ocr_par' dir='ltr' id='par_1_78' title="bbox 279 4263 1938 4343">
     <span class='ocr_line' id='line_1_78' title="bbox 279 4263 1938 4343; baseline 0.007 -27"><span class='ocrx_word' id='word_1_545' title='bbox 279 4285 388 4318; x_wconf 87' lang='grc' dir='ltr'>σειν</span> <span class='ocrx_word' id='word_1_546' title='bbox 440 4266 551 4337; x_wconf 82' lang='grc'>(49)</span> <span class='ocrx_word' id='word_1_547' title='bbox 601 4263 851 4337; x_wconf 79' lang='grc' dir='ltr'>ἔμελλες.</span> <span class='ocrx_word' id='word_1_548' title='bbox 898 4268 1066 4329; x_wconf 79' lang='grc' dir='ltr'>Οὗτος</span> <span class='ocrx_word' id='word_1_549' title='bbox 1116 4267 1143 4320; x_wconf 86' lang='grc' dir='ltr'>ὁ</span> <span class='ocrx_word' id='word_1_550' title='bbox 1175 4269 1301 4341; x_wconf 86' lang='grc' dir='ltr'>παρ’</span> <span class='ocrx_word' id='word_1_551' title='bbox 1332 4267 1467 4341; x_wconf 82' lang='grc' dir='ltr'>ἐμοῦ</span> <span class='ocrx_word' id='word_1_552' title='bbox 1496 4268 1721 4343; x_wconf 82' lang='grc' dir='ltr'><strong>κόσμος⁹</strong></span> <span class='ocrx_word' id='word_1_553' title='bbox 1761 4274 1845 4326; x_wconf 76' lang='grc' dir='ltr'><strong>σοὶ</strong></span> <span class='ocrx_word' id='word_1_554' title='bbox 1879 4270 1938 4328; x_wconf 73' lang='grc' dir='ltr'><strong>δὲ</strong></span> 
     </span>
    </p>
   </div>
   <div class='ocr_carea' id='block_1_79' title="bbox 279 4352 1932 4437">
    <p class='ocr_par' dir='ltr' id='par_1_79' title="bbox 279 4352 1932 4437">
     <span class='ocr_line' id='line_1_79' title="bbox 279 4352 1932 4437; baseline 0.006 -31"><span class='ocrx_word' id='word_1_555' title='bbox 279 4352 496 4437; x_wconf 35' lang='grc' dir='ltr'>κόσμου.</span> <span class='ocrx_word' id='word_1_556' title='bbox 536 4355 754 4421; x_wconf 87' lang='grc' dir='ltr'>παντὸς,</span> <span class='ocrx_word' id='word_1_557' title='bbox 809 4353 865 4407; x_wconf 82' lang='grc' dir='ltr'>εὗ</span> <span class='ocrx_word' id='word_1_558' title='bbox 912 4352 1053 4437; x_wconf 77' lang='grc' dir='ltr'>οἴδα,</span> <span class='ocrx_word' id='word_1_559' title='bbox 1109 4354 1371 4433; x_wconf 88' lang='grc' dir='ltr'>φίλτατος</span> <span class='ocrx_word' id='word_1_560' title='bbox 1427 4360 1561 4432; x_wconf 81' lang='grc'>(50),</span> <span class='ocrx_word' id='word_1_561' title='bbox 1624 4360 1684 4415; x_wconf 77' lang='grc' dir='ltr'><strong>οὗ</strong></span> <span class='ocrx_word' id='word_1_562' title='bbox 1752 4366 1932 4437; x_wconf 77' lang='grc' dir='ltr'>σηρῶν</span> 
     </span>
    </p>
   </div>
   <div class='ocr_carea' id='block_1_80' title="bbox 281 4432 1933 4516">
    <p class='ocr_par' dir='ltr' id='par_1_80' title="bbox 281 4432 1933 4516">
     <span class='ocr_line' id='line_1_80' title="bbox 281 4432 1933 4516; baseline 0.008 -32"><span class='ocrx_word' id='word_1_563' title='bbox 281 4432 657 4507; x_wconf 74' lang='grc' dir='ltr'>περιρῥέοντιι,</span> <span class='ocrx_word' id='word_1_564' title='bbox 707 4439 801 4491; x_wconf 85' lang='grc' dir='ltr'>καῖ</span> <span class='ocrx_word' id='word_1_565' title='bbox 853 4433 1071 4507; x_wconf 80' lang='grc' dir='ltr'>μαλακὰ</span> <span class='ocrx_word' id='word_1_566' title='bbox 1114 4437 1352 4509; x_wconf 70' lang='grc' dir='ltr'>νήματα,</span> <span class='ocrx_word' id='word_1_567' title='bbox 1407 4440 1489 4499; x_wconf 83' lang='grc' dir='ltr'>οἷς</span> <span class='ocrx_word' id='word_1_568' title='bbox 1540 4437 1667 4495; x_wconf 70' lang='grc' dir='ltr'><strong>οὐδὲ</strong></span> <span class='ocrx_word' id='word_1_569' title='bbox 1732 4432 1933 4516; x_wconf 69' lang='grc' dir='ltr'>περιὼν</span> 
     </span>
    </p>
   </div>
   <div class='ocr_carea' id='block_1_81' title="bbox 284 4518 1934 4605">
    <p class='ocr_par' dir='ltr' id='par_1_81' title="bbox 284 4518 1934 4605">
     <span class='ocr_line' id='line_1_81' title="bbox 284 4518 1934 4605; baseline 0.008 -32"><span class='ocrx_word' id='word_1_570' title='bbox 284 4518 501 4605; x_wconf 81' lang='grc' dir='ltr'>ἔχαιρες</span> <span class='ocrx_word' id='word_1_571' title='bbox 531 4524 668 4581; x_wconf 69' lang='grc' dir='ltr'>κατὰ</span> <span class='ocrx_word' id='word_1_572' title='bbox 692 4524 821 4587; x_wconf 67' lang='grc' dir='ltr'>τοὺς</span> <span class='ocrx_word' id='word_1_573' title='bbox 849 4522 1120 4593; x_wconf 80' lang='grc' dir='ltr'>πολλοὺς,</span> <span class='ocrx_word' id='word_1_574' title='bbox 1154 4526 1317 4601; x_wconf 80' lang='grc' dir='ltr'>ἀρετῇ</span> <span class='ocrx_word' id='word_1_575' title='bbox 1351 4548 1488 4601; x_wconf 81' lang='grc' dir='ltr'>μονῃ</span> <span class='ocrx_word' id='word_1_576' title='bbox 1534 4530 1934 4605; x_wconf 81' lang='grc' dir='ltr'>κοσμούμενος,</span> 
     </span>
    </p>
   </div>
   <div class='ocr_carea' id='block_1_82' title="bbox 283 4582 2017 4694">
    <p class='ocr_par' dir='ltr' id='par_1_82' title="bbox 283 4582 2017 4694">
     <span class='ocr_line' id='line_1_82' title="bbox 317 4582 1911 4603; baseline -0.005 -6"><span class='ocrx_word' id='word_1_577' title='bbox 317 4582 351 4594; x_wconf 70' lang='grc' dir='ltr'>ι.</span> <span class='ocrx_word' id='word_1_578' title='bbox 415 4582 424 4595; x_wconf 86' lang='grc'>.</span> <span class='ocrx_word' id='word_1_579' title='bbox 770 4582 818 4587; x_wconf 77' lang='grc'><strong>.-</strong></span> <span class='ocrx_word' id='word_1_580' title='bbox 1086 4582 1119 4593; x_wconf 88' lang='grc'><strong>-,</strong></span> <span class='ocrx_word' id='word_1_581' title='bbox 1190 4582 1198 4601; x_wconf 87' lang='grc'><strong>,</strong></span> <span class='ocrx_word' id='word_1_582' title='bbox 1295 4582 1360 4601; x_wconf 73' lang='grc' dir='ltr'><strong>μ,</strong></span> <span class='ocrx_word' id='word_1_583' title='bbox 1464 4582 1488 4601; x_wconf 83' lang='grc'>,.</span> <span class='ocrx_word' id='word_1_584' title='bbox 1640 4582 1911 4603; x_wconf 39' lang='grc' dir='ltr'><strong>,Ἥρη-τ</strong></span> 
     </span>
     <span class='ocr_line' id='line_1_83' title="bbox 283 4582 2017 4694; baseline 0.008 -33"><span class='ocrx_word' id='word_1_585' title='bbox 283 4604 411 4661; x_wconf 76' lang='grc' dir='ltr'>οὐδὲ</span> <span class='ocrx_word' id='word_1_586' title='bbox 473 4607 624 4664; x_wconf 89' lang='grc' dir='ltr'>λίνου</span> <span class='ocrx_word' id='word_1_587' title='bbox 684 4608 972 4690; x_wconf 70' lang='grc' dir='ltr'>διαφανοῦς</span> <span class='ocrx_word' id='word_1_588' title='bbox 1031 4613 1339 4692; x_wconf 83' lang='grc' dir='ltr'>ὑφᾶσματα,</span> <span class='ocrx_word' id='word_1_589' title='bbox 1390 4613 1515 4669; x_wconf 74' lang='grc' dir='ltr'>οὐδὲ</span> <span class='ocrx_word' id='word_1_590' title='bbox 1550 4616 1737 4694; x_wconf 81' lang='grc' dir='ltr'>μύρων</span> <span class='ocrx_word' id='word_1_591' title='bbox 1769 4582 2017 4675; x_wconf 37' lang='lat' dir='ltr'><strong>nolo-in</strong></span> 
     </span>
    </p>
   </div>
   <div class='ocr_carea' id='block_1_83' title="bbox 347 4860 1940 4943">
    <p class='ocr_par' dir='ltr' id='par_1_83' title="bbox 347 4860 1940 4943">
     <span class='ocr_line' id='line_1_84' title="bbox 347 4860 1940 4943; baseline 0.009 -29"><span class='ocrx_word' id='word_1_592' title='bbox 347 4860 465 4943; x_wconf 66' lang='lat' dir='ltr'><strong>(4t)</strong></span> <span class='ocrx_word' id='word_1_593' title='bbox 510 4865 774 4943; x_wconf 55' lang='grc' dir='ltr'>Σεισμσῢ,</span> <span class='ocrx_word' id='word_1_594' title='bbox 812 4868 941 4943; x_wconf 85' lang='lat' dir='ltr'><strong>_etc.</strong></span> <span class='ocrx_word' id='word_1_595' title='bbox 1003 4866 1191 4927; x_wconf 89' lang='lat' dir='ltr'><strong>Locus</strong></span> <span class='ocrx_word' id='word_1_596' title='bbox 1246 4867 1381 4943; x_wconf 80' lang='lat' dir='ltr'><strong>ista,</strong></span> <span class='ocrx_word' id='word_1_597' title='bbox 1428 4869 1502 4943; x_wconf 84' lang='lat' dir='ltr'><strong>in</strong></span> <span class='ocrx_word' id='word_1_598' title='bbox 1564 4871 1703 4943; x_wconf 83' lang='lat' dir='ltr'><strong>Reg.</strong></span> <span class='ocrx_word' id='word_1_599' title='bbox 1756 4872 1838 4928; x_wconf 90' lang='lat' dir='ltr'><strong>hu</strong></span> <span class='ocrx_word' id='word_1_600' title='bbox 1881 4876 1940 4928; x_wconf 88' lang='lat' dir='ltr'><strong>et</strong></span> 
     </span>
    </p>
   </div>
   <div class='ocr_carea' id='block_1_84' title="bbox 273 4933 1936 5017">
    <p class='ocr_par' dir='ltr' id='par_1_84' title="bbox 273 4933 1936 5017">
     <span class='ocr_line' id='line_1_85' title="bbox 273 4933 1936 5017; baseline 0.007 -31"><span class='ocrx_word' id='word_1_601' title='bbox 273 4933 449 5017; x_wconf 70' lang='lat' dir='ltr'><strong>coisl.</strong></span> <span class='ocrx_word' id='word_1_602' title='bbox 581 4933 665 4990; x_wconf 81' lang='lat' dir='ltr'><strong>sic</strong></span> <span class='ocrx_word' id='word_1_603' title='bbox 710 4934 928 5017; x_wconf 71' lang='lat' dir='ltr'><strong>legitur</strong></span> <span class='ocrx_word' id='word_1_604' title='bbox 968 4953 981 4990; x_wconf 73' lang='grc' dir='ltr'>ε</span> <span class='ocrx_word' id='word_1_605' title='bbox 1035 4941 1322 5017; x_wconf 55' lang='grc' dir='ltr'>Σεισμοῦ,</span> <span class='ocrx_word' id='word_1_606' title='bbox 1353 4933 1681 5017; x_wconf 36' lang='grc' dir='ltr'>καὶ-πᾶσαῖ</span> <span class='ocrx_word' id='word_1_607' title='bbox 1737 4946 1936 5017; x_wconf 77' lang='grc' dir='ltr'>μικροῦ</span> 
     </span>
    </p>
   </div>
   <div class='ocr_carea' id='block_1_85' title="bbox 272 5001 1933 5081">
    <p class='ocr_par' dir='ltr' id='par_1_85' title="bbox 272 5001 1933 5081">
     <span class='ocr_line' id='line_1_86' title="bbox 272 5001 1933 5081; baseline 0.004 -18"><span class='ocrx_word' id='word_1_608' title='bbox 272 5002 373 5081; x_wconf 68' lang='grc' dir='ltr'>τήν</span> <span class='ocrx_word' id='word_1_609' title='bbox 423 5001 589 5069; x_wconf 78' lang='grc' dir='ltr'>πόλιν</span> <span class='ocrx_word' id='word_1_610' title='bbox 648 5001 1089 5081; x_wconf 61' lang='grc' dir='ltr'>κατενέγκαντος,</span> <span class='ocrx_word' id='word_1_611' title='bbox 1145 5001 1204 5073; x_wconf 58' lang='grc' dir='ltr'><strong>ὃς</strong></span> <span class='ocrx_word' id='word_1_612' title='bbox 1264 5001 1334 5079; x_wconf 59' lang='lat' dir='ltr'><strong>Si;</strong></span> <span class='ocrx_word' id='word_1_613' title='bbox 1387 5001 1782 5081; x_wconf 72' lang='grc' dir='ltr'>’χαλεπώτατός</span> <span class='ocrx_word' id='word_1_614' title='bbox 1827 5001 1933 5070; x_wconf 70' lang='grc' dir='ltr'>τῶν</span> 
     </span>
    </p>
   </div>
   <div class='ocr_carea' id='block_1_86' title="bbox 271 5072 1361 5156">
    <p class='ocr_par' dir='ltr' id='par_1_86' title="bbox 271 5072 1361 5156">
     <span class='ocr_line' id='line_1_87' title="bbox 271 5072 1361 5156; baseline 0.009 -31"><span class='ocrx_word' id='word_1_615' title='bbox 271 5072 497 5156; x_wconf 80' lang='grc' dir='ltr'>πώποτε</span> <span class='ocrx_word' id='word_1_616' title='bbox 530 5072 1030 5151; x_wconf 72' lang='grc' dir='ltr'>μνημονευομένων</span> <span class='ocrx_word' id='word_1_617' title='bbox 1072 5072 1361 5156; x_wconf 61' lang='grc' dir='ltr'>γεγονέναι</span> 
     </span>
    </p>
   </div>
   <div class='ocr_carea' id='block_1_87' title="bbox 274 5152 385 5207">
    <p class='ocr_par' dir='ltr' id='par_1_87' title="bbox 274 5152 385 5207">
     <span class='ocr_line' id='line_1_88' title="bbox 274 5152 385 5207; baseline 0.009 -8"><span class='ocrx_word' id='word_1_618' title='bbox 274 5152 385 5207; x_wconf 72' lang='lat' dir='ltr'><strong>etc,</strong></span> 
     </span>
    </p>
   </div>
   <div class='ocr_carea' id='block_1_88' title="bbox 344 5220 1936 5305">
    <p class='ocr_par' dir='ltr' id='par_1_88' title="bbox 344 5220 1936 5305">
     <span class='ocr_line' id='line_1_89' title="bbox 344 5220 1936 5305; baseline 0.004 -35"><span class='ocrx_word' id='word_1_619' title='bbox 490 5220 863 5305; x_wconf 44' lang='grc' dir='ltr'>βινουμὲνων.</span> <span class='ocrx_word' id='word_1_620' title='bbox 904 5224 1011 5305; x_wconf 67' lang='lat' dir='ltr'><strong>9r.</strong></span> <span class='ocrx_word' id='word_1_621' title='bbox 1071 5226 1129 5305; x_wconf 67' lang='lat'><strong>1,</strong></span> <span class='ocrx_word' id='word_1_622' title='bbox 1172 5220 1460 5305; x_wconf 44' lang='grc' dir='ltr'>κινᾷύνωνλ</span> <span class='ocrx_word' id='word_1_623' title='bbox 1515 5251 1537 5279; x_wconf 81' lang='grc' dir='ltr'>(ι</span> <span class='ocrx_word' id='word_1_624' title='bbox 1576 5228 1936 5305; x_wconf 39' lang='grc' dir='ltr'>ρθνὶρυιίεεέ</span> 
     </span>
    </p>
   </div>
   <div class='ocr_carea' id='block_1_89' title="bbox 284 5287 1939 5411">
    <p class='ocr_par' dir='ltr' id='par_1_89' title="bbox 284 5287 1939 5411">
     <span class='ocr_line' id='line_1_90' title="bbox 284 5287 1939 5411; baseline 0.003 -61"><span class='ocrx_word' id='word_1_625' title='bbox 284 5287 612 5411; x_wconf 45' lang='grc' dir='ltr'><strong>ἂλίξξὶέεούδ</strong></span> <span class='ocrx_word' id='word_1_626' title='bbox 644 5287 868 5348; x_wconf 78' lang='grc' dir='ltr'>ἄλλοτε.</span> <span class='ocrx_word' id='word_1_627' title='bbox 903 5296 1080 5369; x_wconf 83' lang='lat' dir='ltr'><strong>Regg.</strong></span> <span class='ocrx_word' id='word_1_628' title='bbox 1107 5287 1237 5367; x_wconf 82' lang='lat' dir='ltr'><strong>bm,</strong></span> <span class='ocrx_word' id='word_1_629' title='bbox 1272 5297 1375 5368; x_wconf 91' lang='lat' dir='ltr'><strong>hu,</strong></span> <span class='ocrx_word' id='word_1_630' title='bbox 1423 5287 1519 5354; x_wconf 86' lang='lat' dir='ltr'><strong>0r.</strong></span> <span class='ocrx_word' id='word_1_631' title='bbox 1556 5287 1606 5368; x_wconf 68' lang='grc'><strong>1’,</strong></span> <span class='ocrx_word' id='word_1_632' title='bbox 1640 5302 1756 5357; x_wconf 88' lang='lat' dir='ltr'><strong>Jes.</strong></span> <span class='ocrx_word' id='word_1_633' title='bbox 1813 5298 1939 5355; x_wconf 68' lang='grc' dir='ltr'>οὐδε</span> 
     </span>
    </p>
   </div>
   <div class='ocr_carea' id='block_1_90' title="bbox 280 5373 504 5417">
    <p class='ocr_par' dir='ltr' id='par_1_90' title="bbox 280 5373 504 5417">
     <span class='ocr_line' id='line_1_91' title="bbox 280 5373 504 5417; baseline 0.027 -7"><span class='ocrx_word' id='word_1_634' title='bbox 280 5373 504 5417; x_wconf 76' lang='grc' dir='ltr'>αΛΛοτε.</span> 
     </span>
    </p>
   </div>
   <div class='ocr_carea' id='block_1_91' title="bbox 352 5430 1295 5509">
    <p class='ocr_par' dir='ltr' id='par_1_91' title="bbox 352 5430 1295 5509">
     <span class='ocr_line' id='line_1_92' title="bbox 352 5430 1295 5509; baseline 0.012 -26"><span class='ocrx_word' id='word_1_635' title='bbox 496 5430 607 5509; x_wconf 76' lang='grc' dir='ltr'>Οὐκ</span> <span class='ocrx_word' id='word_1_636' title='bbox 637 5430 735 5509; x_wconf 75' lang='grc' dir='ltr'>ἔτι.</span> <span class='ocrx_word' id='word_1_637' title='bbox 780 5436 921 5509; x_wconf 83' lang='lat' dir='ltr'><strong>Reg.</strong></span> <span class='ocrx_word' id='word_1_638' title='bbox 958 5439 1060 5508; x_wconf 88' lang='lat' dir='ltr'><strong>hu,</strong></span> <span class='ocrx_word' id='word_1_639' title='bbox 1093 5437 1295 5494; x_wconf 68' lang='grc' dir='ltr'>οὐκέτι.</span> 
     </span>
    </p>
   </div>
   <div class='ocr_carea' id='block_1_92' title="bbox 354 5502 1939 5584">
    <p class='ocr_par' dir='ltr' id='par_1_92' title="bbox 354 5502 1939 5584">
     <span class='ocr_line' id='line_1_93' title="bbox 354 5502 1939 5584; baseline 0.009 -28"><span class='ocrx_word' id='word_1_640' title='bbox 354 5502 922 5584; x_wconf 64' lang='grc' dir='ltr'>(4ῷ)³Αποσὲσωσταῖ.</span> <span class='ocrx_word' id='word_1_641' title='bbox 982 5502 1120 5581; x_wconf 82' lang='lat' dir='ltr'><strong>Hic,</strong></span> <span class='ocrx_word' id='word_1_642' title='bbox 1182 5513 1253 5566; x_wconf 90' lang='lat' dir='ltr'><strong>de</strong></span> <span class='ocrx_word' id='word_1_643' title='bbox 1308 5513 1550 5584; x_wconf 71' lang='lat' dir='ltr'><strong>Caesarii</strong></span> <span class='ocrx_word' id='word_1_644' title='bbox 1598 5514 1823 5571; x_wconf 81' lang='lat' dir='ltr'>exuviis</span> <span class='ocrx_word' id='word_1_645' title='bbox 1880 5516 1939 5570; x_wconf 92' lang='lat' dir='ltr'><strong>in</strong></span> 
     </span>
    </p>
   </div>
   <div class='ocr_carea' id='block_1_93' title="bbox 280 5578 1941 5657">
    <p class='ocr_par' dir='ltr' id='par_1_93' title="bbox 280 5578 1941 5657">
     <span class='ocr_line' id='line_1_94' title="bbox 280 5578 1941 5657; baseline 0.01 -29"><span class='ocrx_word' id='word_1_646' title='bbox 280 5578 533 5657; x_wconf 84' lang='lat' dir='ltr'><strong>patriam</strong></span> <span class='ocrx_word' id='word_1_647' title='bbox 548 5578 588 5657; x_wconf 34' lang='grc' dir='ltr'>,ὁ</span> <span class='ocrx_word' id='word_1_648' title='bbox 599 5578 788 5657; x_wconf 58' lang='lat' dir='ltr'><strong>elatis,</strong></span> <span class='ocrx_word' id='word_1_649' title='bbox 805 5598 996 5637; x_wconf 90' lang='lat' dir='ltr'><strong>sermo</strong></span> <span class='ocrx_word' id='word_1_650' title='bbox 1019 5578 1126 5645; x_wconf 78' lang='lat' dir='ltr'><strong>est.</strong></span> <span class='ocrx_word' id='word_1_651' title='bbox 1152 5585 1373 5657; x_wconf 78' lang='lat' dir='ltr'><strong>Itaque,</strong></span> <span class='ocrx_word' id='word_1_652' title='bbox 1391 5582 1763 5647; x_wconf 76' lang='grc' dir='ltr'>ἀποσὲσωσται</span> <span class='ocrx_word' id='word_1_653' title='bbox 1786 5586 1941 5644; x_wconf 89' lang='lat' dir='ltr'><strong>idem</strong></span> 
     </span>
    </p>
   </div>
   <div class='ocr_carea' id='block_1_94' title="bbox 278 5649 1942 5729">
    <p class='ocr_par' dir='ltr' id='par_1_94' title="bbox 278 5649 1942 5729">
     <span class='ocr_line' id='line_1_95' title="bbox 278 5649 1942 5729; baseline 0.011 -29"><span class='ocrx_word' id='word_1_654' title='bbox 278 5652 376 5729; x_wconf 74' lang='lat' dir='ltr'><strong>est</strong></span> <span class='ocrx_word' id='word_1_655' title='bbox 404 5663 472 5707; x_wconf 82' lang='lat' dir='ltr'><strong>ac</strong></span> <span class='ocrx_word' id='word_1_656' title='bbox 514 5649 563 5707; x_wconf 86' lang='lat' dir='ltr'>si</span> <span class='ocrx_word' id='word_1_657' title='bbox 605 5649 899 5719; x_wconf 76' lang='lat' dir='ltr'><strong>diceretur</strong></span> <span class='ocrx_word' id='word_1_658' title='bbox 929 5670 944 5708; x_wconf 88' lang='lat'><strong>:</strong></span> <span class='ocrx_word' id='word_1_659' title='bbox 998 5677 1026 5706; x_wconf 78' lang='grc' dir='ltr'>ι(</span> <span class='ocrx_word' id='word_1_660' title='bbox 1059 5672 1093 5709; x_wconf 90' lang='lat' dir='ltr'><strong>a</strong></span> <span class='ocrx_word' id='word_1_661' title='bbox 1133 5649 1304 5719; x_wconf 78' lang='lat' dir='ltr'><strong>nobis</strong></span> <span class='ocrx_word' id='word_1_662' title='bbox 1333 5649 1606 5729; x_wconf 76' lang='lat' dir='ltr'><strong>receptus</strong></span> <span class='ocrx_word' id='word_1_663' title='bbox 1635 5663 1727 5719; x_wconf 85' lang='lat' dir='ltr'><strong>est</strong></span> <span class='ocrx_word' id='word_1_664' title='bbox 1752 5658 1942 5719; x_wconf 71' lang='lat' dir='ltr'><strong>Gaesa-</strong></span> 
     </span>
    </p>
   </div>
   <div class='ocr_carea' id='block_1_95' title="bbox 282 5719 432 5775">
    <p class='ocr_par' dir='ltr' id='par_1_95' title="bbox 282 5719 432 5775">
     <span class='ocr_line' id='line_1_96' title="bbox 282 5719 432 5775; baseline -0.007 -1"><span class='ocrx_word' id='word_1_665' title='bbox 282 5719 432 5775; x_wconf 88' lang='lat' dir='ltr'><strong>rius.</strong></span> 
     </span>
    </p>
   </div>
   <div class='ocr_carea' id='block_1_96' title="bbox 1454 5083 1936 5161">
    <p class='ocr_par' dir='ltr' id='par_1_96' title="bbox 1454 5083 1936 5161">
     <span class='ocr_line' id='line_1_97' title="bbox 1454 5083 1936 5161; baseline 0.01 -25"><span class='ocrx_word' id='word_1_666' title='bbox 1454 5083 1651 5159; x_wconf 84' lang='grc' dir='ltr'>ἐγεται.</span> <span class='ocrx_word' id='word_1_667' title='bbox 1699 5091 1936 5161; x_wconf 83' lang='grc' dir='ltr'>Μικροῦ,</span> 
     </span>
    </p>
   </div>
   <div class='ocr_carea' id='block_1_97' title="bbox 2047 3372 3706 3445">
    <p class='ocr_par' dir='ltr' id='par_1_97' title="bbox 2047 3372 3706 3445">
     <span class='ocr_line' id='line_1_98' title="bbox 2047 3372 3706 3445; baseline 0.001 -17"><span class='ocrx_word' id='word_1_668' title='bbox 2047 3373 2158 3428; x_wconf 90' lang='lat' dir='ltr'><strong>sibi</strong></span> <span class='ocrx_word' id='word_1_669' title='bbox 2184 3372 2636 3433; x_wconf 89' lang='lat' dir='ltr'><strong>succedentibus</strong></span> <span class='ocrx_word' id='word_1_670' title='bbox 2657 3372 2968 3441; x_wconf 89' lang='lat' dir='ltr'><strong>deductus,</strong></span> <span class='ocrx_word' id='word_1_671' title='bbox 2993 3372 3061 3426; x_wconf 90' lang='lat' dir='ltr'><strong>ad</strong></span> <span class='ocrx_word' id='word_1_672' title='bbox 3095 3378 3419 3445; x_wconf 85' lang='lat' dir='ltr'><strong>martyrum</strong></span> <span class='ocrx_word' id='word_1_673' title='bbox 3444 3376 3706 3430; x_wconf 84' lang='lat' dir='ltr'><strong>sacraria</strong></span> 
     </span>
    </p>
   </div>
   <div class='ocr_carea' id='block_1_98' title="bbox 2047 3462 3706 3534">
    <p class='ocr_par' dir='ltr' id='par_1_98' title="bbox 2047 3462 3706 3534">
     <span class='ocr_line' id='line_1_99' title="bbox 2047 3462 3706 3534; baseline -0.002 -17"><span class='ocrx_word' id='word_1_674' title='bbox 2047 3480 2181 3518; x_wconf 90' lang='lat' dir='ltr'><strong>cum</strong></span> <span class='ocrx_word' id='word_1_675' title='bbox 2202 3462 2888 3534; x_wconf 86' lang='lat' dir='ltr'><strong>pompaductus,sanctis</strong></span> <span class='ocrx_word' id='word_1_676' title='bbox 2906 3466 3213 3532; x_wconf 90' lang='lat' dir='ltr'><strong>parentum</strong></span> <span class='ocrx_word' id='word_1_677' title='bbox 3235 3463 3508 3518; x_wconf 85' lang='lat' dir='ltr'><strong>manibus</strong></span> <span class='ocrx_word' id='word_1_678' title='bbox 3527 3464 3706 3519; x_wconf 81' lang='lat' dir='ltr'><strong>bono.</strong></span> 
     </span>
    </p>
   </div>
   <div class='ocr_carea' id='block_1_99' title="bbox 2047 3550 3701 3621">
    <p class='ocr_par' dir='ltr' id='par_1_99' title="bbox 2047 3550 3701 3621">
     <span class='ocr_line' id='line_1_100' title="bbox 2047 3550 3701 3621; baseline 0 -14"><span class='ocrx_word' id='word_1_679' title='bbox 2047 3557 2234 3617; x_wconf 90' lang='lat' dir='ltr'><strong>ratus,</strong></span> <span class='ocrx_word' id='word_1_680' title='bbox 2258 3557 2443 3609; x_wconf 87' lang='lat' dir='ltr'><strong>matre</strong></span> <span class='ocrx_word' id='word_1_681' title='bbox 2468 3550 2720 3609; x_wconf 81' lang='lat' dir='ltr'><strong>candida</strong></span> <span class='ocrx_word' id='word_1_682' title='bbox 2744 3555 2900 3605; x_wconf 89' lang='lat' dir='ltr'><strong>veste</strong></span> <span class='ocrx_word' id='word_1_683' title='bbox 2931 3550 3140 3605; x_wconf 88' lang='lat' dir='ltr'><strong>induta</strong></span> <span class='ocrx_word' id='word_1_684' title='bbox 3169 3551 3442 3621; x_wconf 88' lang='lat' dir='ltr'><strong>pietatem</strong></span> <span class='ocrx_word' id='word_1_685' title='bbox 3469 3553 3701 3607; x_wconf 82' lang='lat' dir='ltr'><strong>maerori</strong></span> 
     </span>
    </p>
   </div>
   <div class='ocr_carea' id='block_1_100' title="bbox 2047 3638 3698 3713">
    <p class='ocr_par' dir='ltr' id='par_1_100' title="bbox 2047 3638 3698 3713">
     <span class='ocr_line' id='line_1_101' title="bbox 2047 3638 3698 3713; baseline 0 -17"><span class='ocrx_word' id='word_1_686' title='bbox 2047 3642 2441 3713; x_wconf 86' lang='lat' dir='ltr'><strong>subrogante,</strong></span> <span class='ocrx_word' id='word_1_687' title='bbox 2503 3639 2780 3711; x_wconf 85' lang='lat' dir='ltr'><strong>lacrymis</strong></span> <span class='ocrx_word' id='word_1_688' title='bbox 2840 3656 2874 3693; x_wconf 89' lang='lat' dir='ltr'><strong>a</strong></span> <span class='ocrx_word' id='word_1_689' title='bbox 2932 3638 3305 3710; x_wconf 85' lang='lat' dir='ltr'><strong>philosOphia</strong></span> <span class='ocrx_word' id='word_1_690' title='bbox 3362 3642 3698 3711; x_wconf 78' lang='lat' dir='ltr'><strong>superatis,</strong></span> 
     </span>
    </p>
   </div>
   <div class='ocr_carea' id='block_1_101' title="bbox 2048 3727 3699 3802">
    <p class='ocr_par' dir='ltr' id='par_1_101' title="bbox 2048 3727 3699 3802">
     <span class='ocr_line' id='line_1_102' title="bbox 2048 3727 3699 3802; baseline 0 -17"><span class='ocrx_word' id='word_1_691' title='bbox 2048 3728 2391 3802; x_wconf 88' lang='lat' dir='ltr'><strong>psalmodiis</strong></span> <span class='ocrx_word' id='word_1_692' title='bbox 2424 3728 2647 3784; x_wconf 91' lang='lat' dir='ltr'><strong>luctum</strong></span> <span class='ocrx_word' id='word_1_693' title='bbox 2681 3727 3044 3797; x_wconf 80' lang='lat' dir='ltr'><strong>sedentibus,</strong></span> <span class='ocrx_word' id='word_1_694' title='bbox 3092 3744 3160 3783; x_wconf 88' lang='lat' dir='ltr'><strong>ac</strong></span> <span class='ocrx_word' id='word_1_695' title='bbox 3211 3728 3458 3800; x_wconf 89' lang='lat' dir='ltr'><strong>denique</strong></span> <span class='ocrx_word' id='word_1_696' title='bbox 3490 3729 3699 3802; x_wconf 85' lang='lat' dir='ltr'><strong>dignos</strong></span> 
     </span>
    </p>
   </div>
   <div class='ocr_carea' id='block_1_102' title="bbox 2046 3817 3694 3890">
    <p class='ocr_par' dir='ltr' id='par_1_102' title="bbox 2046 3817 3694 3890">
     <span class='ocr_line' id='line_1_103' title="bbox 2046 3817 3694 3890; baseline -0.001 -15"><span class='ocrx_word' id='word_1_697' title='bbox 2046 3822 2245 3875; x_wconf 84' lang='lat' dir='ltr'><strong>anima</strong></span> <span class='ocrx_word' id='word_1_698' title='bbox 2265 3834 2467 3874; x_wconf 86' lang='lat' dir='ltr'><strong>recens</strong></span> <span class='ocrx_word' id='word_1_699' title='bbox 2488 3821 2702 3885; x_wconf 88' lang='lat' dir='ltr'><strong>creata,</strong></span> <span class='ocrx_word' id='word_1_700' title='bbox 2727 3833 2902 3887; x_wconf 91' lang='lat' dir='ltr'><strong>quam</strong></span> <span class='ocrx_word' id='word_1_701' title='bbox 2928 3817 3183 3887; x_wconf 80' lang='lat' dir='ltr'><strong>Spiritus</strong></span> <span class='ocrx_word' id='word_1_702' title='bbox 3206 3833 3307 3888; x_wconf 89' lang='lat' dir='ltr'><strong>per</strong></span> <span class='ocrx_word' id='word_1_703' title='bbox 3332 3819 3694 3890; x_wconf 86' lang='lat' dir='ltr'><strong>baptismum</strong></span> 
     </span>
    </p>
   </div>
   <div class='ocr_carea' id='block_1_103' title="bbox 2046 3905 3061 3978">
    <p class='ocr_par' dir='ltr' id='par_1_103' title="bbox 2046 3905 3061 3978">
     <span class='ocr_line' id='line_1_104' title="bbox 2046 3905 3061 3978; baseline -0.002 -15"><span class='ocrx_word' id='word_1_704' title='bbox 2046 3908 2401 3974; x_wconf 79' lang='lat' dir='ltr'><strong>reformavit,</strong></span> <span class='ocrx_word' id='word_1_705' title='bbox 2431 3906 2683 3962; x_wconf 88' lang='lat' dir='ltr'><strong>honores</strong></span> <span class='ocrx_word' id='word_1_706' title='bbox 2716 3905 3061 3978; x_wconf 81' lang='lat' dir='ltr'><strong>percipiens.</strong></span> 
     </span>
    </p>
   </div>
   <div class='ocr_carea' id='block_1_104' title="bbox 2118 3995 3691 4066">
    <p class='ocr_par' dir='ltr' id='par_1_104' title="bbox 2118 3995 3691 4066">
     <span class='ocr_line' id='line_1_105' title="bbox 2118 3995 3691 4066; baseline 0.001 -13"><span class='ocrx_word' id='word_1_707' title='bbox 2118 3998 2259 4053; x_wconf 84' lang='lat' dir='ltr'><strong>XVI.</strong></span> <span class='ocrx_word' id='word_1_708' title='bbox 2296 3998 2409 4052; x_wconf 83' lang='lat' dir='ltr'><strong>Hoc</strong></span> <span class='ocrx_word' id='word_1_709' title='bbox 2462 3996 2567 4051; x_wconf 89' lang='lat' dir='ltr'><strong>tibi</strong></span> <span class='ocrx_word' id='word_1_710' title='bbox 2627 4013 2662 4051; x_wconf 91' lang='lat' dir='ltr'><strong>a</strong></span> <span class='ocrx_word' id='word_1_711' title='bbox 2708 4012 2821 4064; x_wconf 92' lang='lat' dir='ltr'><strong>me,</strong></span> <span class='ocrx_word' id='word_1_712' title='bbox 2872 3995 3104 4066; x_wconf 56' lang='lat' dir='ltr'><strong>Caesari,</strong></span> <span class='ocrx_word' id='word_1_713' title='bbox 3138 3996 3379 4053; x_wconf 81' lang='lat' dir='ltr'><strong>funebre</strong></span> <span class='ocrx_word' id='word_1_714' title='bbox 3427 4014 3691 4054; x_wconf 77' lang='lat' dir='ltr'>munus:</span> 
     </span>
    </p>
   </div>
   <div class='ocr_carea' id='block_1_105' title="bbox 2044 4084 3699 4160">
    <p class='ocr_par' dir='ltr' id='par_1_105' title="bbox 2044 4084 3699 4160">
     <span class='ocr_line' id='line_1_106' title="bbox 2044 4084 3699 4160; baseline 0.001 -18"><span class='ocrx_word' id='word_1_715' title='bbox 2044 4087 2134 4142; x_wconf 69' lang='lat' dir='ltr'><strong>hae</strong></span> <span class='ocrx_word' id='word_1_716' title='bbox 2153 4102 2417 4142; x_wconf 86' lang='lat' dir='ltr'><strong>meorum</strong></span> <span class='ocrx_word' id='word_1_717' title='bbox 2438 4084 2710 4157; x_wconf 69' lang='lat' dir='ltr'><strong>primitiae</strong></span> <span class='ocrx_word' id='word_1_718' title='bbox 2726 4101 3087 4155; x_wconf 86' lang='lat' dir='ltr'><strong>sermonum,</strong></span> <span class='ocrx_word' id='word_1_719' title='bbox 3103 4101 3252 4155; x_wconf 89' lang='lat' dir='ltr'><strong>quos</strong></span> <span class='ocrx_word' id='word_1_720' title='bbox 3269 4087 3548 4142; x_wconf 84' lang='lat' dir='ltr'><strong>occultari</strong></span> <span class='ocrx_word' id='word_1_721' title='bbox 3576 4106 3699 4160; x_wconf 90' lang='lat' dir='ltr'><strong>per-</strong></span> 
     </span>
    </p>
   </div>
   <div class='ocr_carea' id='block_1_106' title="bbox 2046 4174 3699 4249">
    <p class='ocr_par' dir='ltr' id='par_1_106' title="bbox 2046 4174 3699 4249">
     <span class='ocr_line' id='line_1_107' title="bbox 2046 4174 3699 4249; baseline 0 -17"><span class='ocrx_word' id='word_1_722' title='bbox 2046 4194 2197 4249; x_wconf 70' lang='lat' dir='ltr'><strong>saepe</strong></span> <span class='ocrx_word' id='word_1_723' title='bbox 2220 4182 2484 4248; x_wconf 88' lang='lat' dir='ltr'><strong>questus,</strong></span> <span class='ocrx_word' id='word_1_724' title='bbox 2512 4175 2570 4228; x_wconf 90' lang='lat' dir='ltr'><strong>in</strong></span> <span class='ocrx_word' id='word_1_725' title='bbox 2601 4178 2656 4229; x_wconf 90' lang='lat' dir='ltr'><strong>te</strong></span> <span class='ocrx_word' id='word_1_726' title='bbox 2681 4174 2875 4245; x_wconf 91' lang='lat' dir='ltr'><strong>ipsum</strong></span> <span class='ocrx_word' id='word_1_727' title='bbox 2909 4174 3244 4229; x_wconf 87' lang='lat' dir='ltr'><strong>detecturus</strong></span> <span class='ocrx_word' id='word_1_728' title='bbox 3270 4193 3418 4232; x_wconf 87' lang='lat' dir='ltr'><strong>eras.</strong></span> <span class='ocrx_word' id='word_1_729' title='bbox 3446 4176 3563 4232; x_wconf 88' lang='lat' dir='ltr'><strong>Hoc</strong></span> <span class='ocrx_word' id='word_1_730' title='bbox 3594 4177 3699 4233; x_wconf 87' lang='lat' dir='ltr'><strong>tibi</strong></span> 
     </span>
    </p>
   </div>
   <div class='ocr_carea' id='block_1_107' title="bbox 2046 4262 3697 4337">
    <p class='ocr_par' dir='ltr' id='par_1_107' title="bbox 2046 4262 3697 4337">
     <span class='ocr_line' id='line_1_108' title="bbox 2046 4262 3697 4337; baseline 0 -15"><span class='ocrx_word' id='word_1_731' title='bbox 2046 4284 2080 4322; x_wconf 92' lang='lat' dir='ltr'><strong>a</strong></span> <span class='ocrx_word' id='word_1_732' title='bbox 2127 4283 2218 4321; x_wconf 90' lang='lat' dir='ltr'><strong>me</strong></span> <span class='ocrx_word' id='word_1_733' title='bbox 2266 4268 2717 4329; x_wconf 84' lang='lat' dir='ltr'><strong>ornamentum;</strong></span> <span class='ocrx_word' id='word_1_734' title='bbox 2772 4262 2874 4317; x_wconf 93' lang='lat' dir='ltr'><strong>tibi</strong></span> <span class='ocrx_word' id='word_1_735' title='bbox 2929 4263 3188 4334; x_wconf 90' lang='lat' dir='ltr'><strong>quidem,</strong></span> <span class='ocrx_word' id='word_1_736' title='bbox 3242 4269 3333 4320; x_wconf 89' lang='lat' dir='ltr'><strong>sat</strong></span> <span class='ocrx_word' id='word_1_737' title='bbox 3362 4266 3504 4337; x_wconf 89' lang='lat' dir='ltr'><strong>scio,</strong></span> <span class='ocrx_word' id='word_1_738' title='bbox 3537 4268 3697 4322; x_wconf 90' lang='lat' dir='ltr'><strong>omni</strong></span> 
     </span>
    </p>
   </div>
   <div class='ocr_carea' id='block_1_108' title="bbox 2046 4353 3698 4417">
    <p class='ocr_par' dir='ltr' id='par_1_108' title="bbox 2046 4353 3698 4417">
     <span class='ocr_line' id='line_1_109' title="bbox 2046 4353 3698 4417; baseline 0 -6"><span class='ocrx_word' id='word_1_739' title='bbox 2046 4359 2391 4411; x_wconf 91' lang='lat' dir='ltr'><strong>ornamento</strong></span> <span class='ocrx_word' id='word_1_740' title='bbox 2421 4353 2678 4417; x_wconf 88' lang='lat' dir='ltr'><strong>charius,</strong></span> <span class='ocrx_word' id='word_1_741' title='bbox 2717 4369 2832 4407; x_wconf 88' lang='lat' dir='ltr'><strong>non</strong></span> <span class='ocrx_word' id='word_1_742' title='bbox 2884 4353 3081 4409; x_wconf 81' lang='lat' dir='ltr'><strong>sericae</strong></span> <span class='ocrx_word' id='word_1_743' title='bbox 3132 4371 3196 4408; x_wconf 90' lang='lat' dir='ltr'><strong>ac</strong></span> <span class='ocrx_word' id='word_1_744' title='bbox 3247 4355 3453 4411; x_wconf 87' lang='lat' dir='ltr'><strong>molles</strong></span> <span class='ocrx_word' id='word_1_745' title='bbox 3487 4362 3544 4412; x_wconf 90' lang='lat' dir='ltr'><strong>et</strong></span> <span class='ocrx_word' id='word_1_746' title='bbox 3589 4357 3698 4412; x_wconf 88' lang='lat' dir='ltr'><strong>cir-</strong></span> 
     </span>
    </p>
   </div>
   <div class='ocr_carea' id='block_1_109' title="bbox 2047 4441 3699 4517">
    <p class='ocr_par' dir='ltr' id='par_1_109' title="bbox 2047 4441 3699 4517">
     <span class='ocr_line' id='line_1_110' title="bbox 2047 4441 3699 4517; baseline 0.002 -17"><span class='ocrx_word' id='word_1_747' title='bbox 2047 4445 2435 4501; x_wconf 85' lang='lat' dir='ltr'><strong>cumﬂuentes</strong></span> <span class='ocrx_word' id='word_1_748' title='bbox 2455 4441 2603 4510; x_wconf 79' lang='lat' dir='ltr'><strong>telae,</strong></span> <span class='ocrx_word' id='word_1_749' title='bbox 2628 4443 2843 4513; x_wconf 90' lang='lat' dir='ltr'><strong>quibus</strong></span> <span class='ocrx_word' id='word_1_750' title='bbox 2868 4458 2993 4507; x_wconf 90' lang='lat' dir='ltr'><strong>nec,</strong></span> <span class='ocrx_word' id='word_1_751' title='bbox 3021 4444 3161 4497; x_wconf 88' lang='lat' dir='ltr'><strong>dum</strong></span> <span class='ocrx_word' id='word_1_752' title='bbox 3186 4444 3377 4501; x_wconf 88' lang='lat' dir='ltr'><strong>adhuc</strong></span> <span class='ocrx_word' id='word_1_753' title='bbox 3400 4452 3699 4517; x_wconf 84' lang='lat' dir='ltr'><strong>superstes</strong></span> 
     </span>
    </p>
   </div>
   <div class='ocr_carea' id='block_1_110' title="bbox 2048 4530 3703 4603">
    <p class='ocr_par' dir='ltr' id='par_1_110' title="bbox 2048 4530 3703 4603">
     <span class='ocr_line' id='line_1_111' title="bbox 2048 4530 3703 4603; baseline 0.001 -14"><span class='ocrx_word' id='word_1_754' title='bbox 2048 4550 2227 4600; x_wconf 88' lang='lat' dir='ltr'><strong>esses,</strong></span> <span class='ocrx_word' id='word_1_755' title='bbox 2264 4531 2585 4593; x_wconf 88' lang='lat' dir='ltr'><strong>multorum</strong></span> <span class='ocrx_word' id='word_1_756' title='bbox 2632 4547 2791 4586; x_wconf 85' lang='lat' dir='ltr'><strong>more</strong></span> <span class='ocrx_word' id='word_1_757' title='bbox 2822 4530 3226 4599; x_wconf 86' lang='lat' dir='ltr'><strong>delectabaris,</strong></span> <span class='ocrx_word' id='word_1_758' title='bbox 3260 4538 3459 4603; x_wconf 89' lang='lat' dir='ltr'><strong>utpote</strong></span> <span class='ocrx_word' id='word_1_759' title='bbox 3488 4535 3703 4590; x_wconf 77' lang='lat' dir='ltr'><strong>virtute</strong></span> 
     </span>
    </p>
   </div>
   <div class='ocr_carea' id='block_1_111' title="bbox 2049 4618 3703 4704">
    <p class='ocr_par' dir='ltr' id='par_1_111' title="bbox 2049 4618 3703 4704">
     <span class='ocr_line' id='line_1_112' title="bbox 2049 4618 3703 4704; baseline -0.001 -26"><span class='ocrx_word' id='word_1_760' title='bbox 2049 4622 2176 4679; x_wconf 88' lang='lat' dir='ltr'><strong>sola</strong></span> <span class='ocrx_word' id='word_1_761' title='bbox 2196 4626 2459 4686; x_wconf 88' lang='lat' dir='ltr'><strong>ornatus,</strong></span> <span class='ocrx_word' id='word_1_762' title='bbox 2485 4636 2591 4675; x_wconf 89' lang='lat' dir='ltr'><strong>nec</strong></span> <span class='ocrx_word' id='word_1_763' title='bbox 2612 4618 2715 4674; x_wconf 92' lang='lat' dir='ltr'><strong>lini</strong></span> <span class='ocrx_word' id='word_1_764' title='bbox 2739 4618 3015 4701; x_wconf 88' lang='lat' dir='ltr'><strong>pellucidi</strong></span> <span class='ocrx_word' id='word_1_765' title='bbox 3040 4625 3323 4690; x_wconf 84' lang='lat' dir='ltr'><strong>texturas,</strong></span> <span class='ocrx_word' id='word_1_766' title='bbox 3356 4639 3459 4677; x_wconf 88' lang='lat' dir='ltr'><strong>nec</strong></span> <span class='ocrx_word' id='word_1_767' title='bbox 3490 4624 3703 4704; x_wconf 85' lang='lat' dir='ltr'><strong>pretio-</strong></span> 
     </span>
    </p>
   </div>
   <div class='ocr_carea' id='block_1_112' title="bbox 2119 4867 3703 4945">
    <p class='ocr_par' dir='ltr' id='par_1_112' title="bbox 2119 4867 3703 4945">
     <span class='ocr_line' id='line_1_113' title="bbox 2119 4867 3703 4945; baseline 0.001 -20"><span class='ocrx_word' id='word_1_768' title='bbox 2119 4872 2231 4943; x_wconf 82' lang='grc'><strong>(46)</strong></span> <span class='ocrx_word' id='word_1_769' title='bbox 2261 4871 2508 4945; x_wconf 64' lang='grc' dir='ltr'>Ὕμνοις,</span> <span class='ocrx_word' id='word_1_770' title='bbox 2554 4873 2664 4925; x_wconf 90' lang='lat' dir='ltr'><strong>etc.</strong></span> <span class='ocrx_word' id='word_1_771' title='bbox 2698 4867 2948 4925; x_wconf 89' lang='lat' dir='ltr'><strong>Billius:</strong></span> <span class='ocrx_word' id='word_1_772' title='bbox 3001 4891 3029 4919; x_wconf 89' lang='grc'><strong>‹‹</strong></span> <span class='ocrx_word' id='word_1_773' title='bbox 3062 4886 3130 4925; x_wconf 82' lang='lat' dir='ltr'><strong>ex</strong></span> <span class='ocrx_word' id='word_1_774' title='bbox 3180 4870 3414 4942; x_wconf 84' lang='lat' dir='ltr'><strong>hymnis</strong></span> <span class='ocrx_word' id='word_1_775' title='bbox 3468 4872 3540 4927; x_wconf 86' lang='lat' dir='ltr'><strong>ad</strong></span> <span class='ocrx_word' id='word_1_776' title='bbox 3597 4871 3703 4945; x_wconf 87' lang='lat' dir='ltr'><strong>hy-</strong></span> 
     </span>
    </p>
   </div>
   <div class='ocr_carea' id='block_1_113' title="bbox 2047 4942 2731 4999">
    <p class='ocr_par' dir='ltr' id='par_1_113' title="bbox 2047 4942 2731 4999">
     <span class='ocr_line' id='line_1_114' title="bbox 2047 4942 2731 4999; baseline -0.007 1"><span class='ocrx_word' id='word_1_777' title='bbox 2047 4942 2219 4999; x_wconf 87' lang='lat' dir='ltr'><strong>mnos</strong></span> <span class='ocrx_word' id='word_1_778' title='bbox 2258 4942 2673 4997; x_wconf 88' lang='lat' dir='ltr'><strong>transmissus.</strong></span> <span class='ocrx_word' id='word_1_779' title='bbox 2704 4961 2731 4994; x_wconf 67' lang='grc' dir='ltr'>ι</span> 
     </span>
    </p>
   </div>
   <div class='ocr_carea' id='block_1_114' title="bbox 2119 5008 3697 5087">
    <p class='ocr_par' dir='ltr' id='par_1_114' title="bbox 2119 5008 3697 5087">
     <span class='ocr_line' id='line_1_115' title="bbox 2119 5008 3697 5087; baseline 0.002 -19"><span class='ocrx_word' id='word_1_780' title='bbox 2119 5016 2228 5085; x_wconf 84' lang='grc'>(47)</span> <span class='ocrx_word' id='word_1_781' title='bbox 2260 5011 2480 5085; x_wconf 82' lang='grc' dir='ltr'>Μητρὸς</span> <span class='ocrx_word' id='word_1_782' title='bbox 2513 5008 2928 5087; x_wconf 77' lang='grc' dir='ltr'>λαμπροφορίᾳ,</span> <span class='ocrx_word' id='word_1_783' title='bbox 2959 5016 3070 5087; x_wconf 84' lang='lat' dir='ltr'><strong>etc.</strong></span> <span class='ocrx_word' id='word_1_784' title='bbox 3120 5010 3325 5087; x_wconf 77' lang='lat' dir='ltr'><strong>Billius</strong></span> <span class='ocrx_word' id='word_1_785' title='bbox 3372 5015 3650 5071; x_wconf 86' lang='lat' dir='ltr'><strong>vertendo</strong></span> <span class='ocrx_word' id='word_1_786' title='bbox 3684 5034 3697 5071; x_wconf 91' lang='lat'><strong>:</strong></span> 
     </span>
    </p>
   </div>
   <div class='ocr_carea' id='block_1_115' title="bbox 2047 5084 3699 5155">
    <p class='ocr_par' dir='ltr' id='par_1_115' title="bbox 2047 5084 3699 5155">
     <span class='ocr_line' id='line_1_116' title="bbox 2047 5084 3699 5155; baseline 0.004 -20"><span class='ocrx_word' id='word_1_787' title='bbox 2047 5109 2075 5135; x_wconf 90' lang='grc'>‹‹</span> <span class='ocrx_word' id='word_1_788' title='bbox 2112 5084 2393 5141; x_wconf 87' lang='lat' dir='ltr'><strong>materna</strong></span> <span class='ocrx_word' id='word_1_789' title='bbox 2421 5084 2720 5141; x_wconf 85' lang='lat' dir='ltr'><strong>cereorum</strong></span> <span class='ocrx_word' id='word_1_790' title='bbox 2757 5084 3111 5155; x_wconf 69' lang='lat' dir='ltr'><strong>gestatione,</strong></span> <span class='ocrx_word' id='word_1_791' title='bbox 3156 5084 3429 5155; x_wconf 81' lang='lat' dir='ltr'><strong>pietatem</strong></span> <span class='ocrx_word' id='word_1_792' title='bbox 3462 5089 3699 5142; x_wconf 69' lang='lat' dir='ltr'><strong>mmrori</strong></span> 
     </span>
    </p>
   </div>
   <div class='ocr_carea' id='block_1_116' title="bbox 2048 5150 3701 5231">
    <p class='ocr_par' dir='ltr' id='par_1_116' title="bbox 2048 5150 3701 5231">
     <span class='ocr_line' id='line_1_117' title="bbox 2048 5150 3701 5231; baseline 0.001 -18"><span class='ocrx_word' id='word_1_793' title='bbox 2048 5160 2424 5231; x_wconf 85' lang='lat' dir='ltr'><strong>subrogante,</strong></span> <span class='ocrx_word' id='word_1_794' title='bbox 2452 5181 2477 5204; x_wconf 87' lang='grc'><strong>››</strong></span> <span class='ocrx_word' id='word_1_795' title='bbox 2506 5156 2737 5231; x_wconf 80' lang='lat' dir='ltr'><strong>videtur</strong></span> <span class='ocrx_word' id='word_1_796' title='bbox 2757 5150 2989 5231; x_wconf 64' lang='lat' dir='ltr'><strong>légisse,</strong></span> <span class='ocrx_word' id='word_1_797' title='bbox 3014 5150 3463 5231; x_wconf 70' lang='grc' dir='ltr'>λαμπαδηφορίᾳ.</span> <span class='ocrx_word' id='word_1_798' title='bbox 3493 5158 3701 5231; x_wconf 78' lang='lat' dir='ltr'><strong>Verum</strong></span> 
     </span>
    </p>
   </div>
   <div class='ocr_carea' id='block_1_117' title="bbox 2048 5228 3703 5299">
    <p class='ocr_par' dir='ltr' id='par_1_117' title="bbox 2048 5228 3703 5299">
     <span class='ocr_line' id='line_1_118' title="bbox 2048 5228 3703 5299; baseline 0.005 -20"><span class='ocrx_word' id='word_1_799' title='bbox 2048 5252 2076 5279; x_wconf 90' lang='grc'><strong>‹‹</strong></span> <span class='ocrx_word' id='word_1_800' title='bbox 2110 5230 2359 5285; x_wconf 87' lang='lat' dir='ltr'><strong>vestium</strong></span> <span class='ocrx_word' id='word_1_801' title='bbox 2411 5228 2648 5293; x_wconf 86' lang='lat' dir='ltr'><strong>candor,</strong></span> <span class='ocrx_word' id='word_1_802' title='bbox 2686 5251 2713 5277; x_wconf 83' lang='lat'>»</span> <span class='ocrx_word' id='word_1_803' title='bbox 2772 5228 2844 5284; x_wconf 92' lang='lat' dir='ltr'><strong>ob</strong></span> <span class='ocrx_word' id='word_1_804' title='bbox 2895 5245 3056 5294; x_wconf 85' lang='lat' dir='ltr'><strong>spem</strong></span> <span class='ocrx_word' id='word_1_805' title='bbox 3103 5228 3566 5299; x_wconf 80' lang='lat' dir='ltr'><strong>resurrectionis,</strong></span> <span class='ocrx_word' id='word_1_806' title='bbox 3607 5232 3703 5287; x_wconf 86' lang='lat' dir='ltr'><strong>hic</strong></span> 
     </span>
    </p>
   </div>
   <div class='ocr_carea' id='block_1_118' title="bbox 2051 5300 3706 5371">
    <p class='ocr_par' dir='ltr' id='par_1_118' title="bbox 2051 5300 3706 5371">
     <span class='ocr_line' id='line_1_119' title="bbox 2051 5300 3706 5371; baseline 0.002 -16"><span class='ocrx_word' id='word_1_807' title='bbox 2051 5307 2204 5356; x_wconf 88' lang='lat' dir='ltr'><strong>certe</strong></span> <span class='ocrx_word' id='word_1_808' title='bbox 2247 5300 2439 5371; x_wconf 89' lang='lat' dir='ltr'><strong>potius</strong></span> <span class='ocrx_word' id='word_1_809' title='bbox 2490 5301 2660 5353; x_wconf 90' lang='lat' dir='ltr'><strong>debet</strong></span> <span class='ocrx_word' id='word_1_810' title='bbox 2713 5300 2981 5370; x_wconf 88' lang='lat' dir='ltr'><strong>intelligi,</strong></span> <span class='ocrx_word' id='word_1_811' title='bbox 3035 5316 3209 5370; x_wconf 85' lang='lat' dir='ltr'><strong>quam</strong></span> <span class='ocrx_word' id='word_1_812' title='bbox 3268 5300 3443 5356; x_wconf 89' lang='lat' dir='ltr'><strong>unius</strong></span> <span class='ocrx_word' id='word_1_813' title='bbox 3500 5322 3521 5349; x_wconf 81' lang='grc' dir='ltr'><strong>α</strong></span> <span class='ocrx_word' id='word_1_814' title='bbox 3557 5304 3706 5358; x_wconf 89' lang='lat' dir='ltr'><strong>cerei</strong></span> 
     </span>
    </p>
   </div>
   <div class='ocr_carea' id='block_1_119' title="bbox 2048 5371 3451 5443">
    <p class='ocr_par' dir='ltr' id='par_1_119' title="bbox 2048 5371 3451 5443">
     <span class='ocr_line' id='line_1_120' title="bbox 2048 5371 3451 5443; baseline 0 -16"><span class='ocrx_word' id='word_1_815' title='bbox 2048 5373 2326 5443; x_wconf 56' lang='lat' dir='ltr'><strong>taedaque</strong></span> <span class='ocrx_word' id='word_1_816' title='bbox 2358 5371 2641 5443; x_wconf 85' lang='lat' dir='ltr'><strong>gestatio;</strong></span> <span class='ocrx_word' id='word_1_817' title='bbox 2682 5394 2700 5417; x_wconf 74' lang='grc' dir='ltr'><strong>υ</strong></span> <span class='ocrx_word' id='word_1_818' title='bbox 2760 5372 2937 5441; x_wconf 89' lang='lat' dir='ltr'><strong>idque</strong></span> <span class='ocrx_word' id='word_1_819' title='bbox 2967 5387 3075 5443; x_wconf 84' lang='lat' dir='ltr'><strong>vox</strong></span> <span class='ocrx_word' id='word_1_820' title='bbox 3106 5372 3233 5441; x_wconf 88' lang='lat' dir='ltr'><strong>ipsa</strong></span> <span class='ocrx_word' id='word_1_821' title='bbox 3263 5378 3451 5427; x_wconf 89' lang='lat' dir='ltr'><strong>sonat.</strong></span> 
     </span>
    </p>
   </div>
   <div class='ocr_carea' id='block_1_120' title="bbox 2123 5440 3703 5517">
    <p class='ocr_par' dir='ltr' id='par_1_120' title="bbox 2123 5440 3703 5517">
     <span class='ocr_line' id='line_1_121' title="bbox 2123 5440 3703 5517; baseline 0.003 -19"><span class='ocrx_word' id='word_1_822' title='bbox 2123 5440 2383 5514; x_wconf 65' lang='grc' dir='ltr'><strong>(48)“Τῆς’</strong></span> <span class='ocrx_word' id='word_1_823' title='bbox 2404 5440 2762 5517; x_wconf 42' lang='grc' dir='ltr'>νεοκτίστου,</span> <span class='ocrx_word' id='word_1_824' title='bbox 2786 5440 2895 5517; x_wconf 78' lang='lat' dir='ltr'><strong>etc.</strong></span> <span class='ocrx_word' id='word_1_825' title='bbox 2950 5464 2978 5492; x_wconf 86' lang='grc'><em>‹‹</em></span> <span class='ocrx_word' id='word_1_826' title='bbox 3010 5442 3092 5498; x_wconf 92' lang='lat' dir='ltr'><strong>Ob</strong></span> <span class='ocrx_word' id='word_1_827' title='bbox 3125 5440 3327 5498; x_wconf 83' lang='lat' dir='ltr'><strong>recens</strong></span> <span class='ocrx_word' id='word_1_828' title='bbox 3359 5450 3703 5517; x_wconf 88' lang='lat' dir='ltr'><strong>susceptum</strong></span> 
     </span>
    </p>
   </div>
   <div class='ocr_carea' id='block_1_121' title="bbox 2051 5513 3028 5586">
    <p class='ocr_par' dir='ltr' id='par_1_121' title="bbox 2051 5513 3028 5586">
     <span class='ocr_line' id='line_1_122' title="bbox 2051 5513 3028 5586; baseline -0.002 -16"><span class='ocrx_word' id='word_1_829' title='bbox 2051 5513 2367 5586; x_wconf 88' lang='lat' dir='ltr'><strong>baptisma,</strong></span> <span class='ocrx_word' id='word_1_830' title='bbox 2404 5513 2584 5586; x_wconf 86' lang='lat' dir='ltr'><strong>hujus</strong></span> <span class='ocrx_word' id='word_1_831' title='bbox 2614 5513 2806 5586; x_wconf 77' lang='lat' dir='ltr'><strong>aetatis</strong></span> <span class='ocrx_word' id='word_1_832' title='bbox 2830 5514 2967 5568; x_wconf 89' lang='lat' dir='ltr'><strong>ritu.</strong></span> <span class='ocrx_word' id='word_1_833' title='bbox 3001 5536 3028 5563; x_wconf 81' lang='grc'><strong>››</strong></span> 
     </span>
    </p>
   </div>
   <div class='ocr_carea' id='block_1_122' title="bbox 2148 5582 3698 5659">
    <p class='ocr_par' dir='ltr' id='par_1_122' title="bbox 2148 5582 3698 5659">
     <span class='ocr_line' id='line_1_123' title="bbox 2148 5582 3698 5659; baseline 0 -18"><span class='ocrx_word' id='word_1_834' title='bbox 2148 5588 2235 5657; x_wconf 85' lang='grc'>49)</span> <span class='ocrx_word' id='word_1_835' title='bbox 2291 5582 2618 5659; x_wconf 70' lang='grc' dir='ltr'>Γυμνώσειν.</span> <span class='ocrx_word' id='word_1_836' title='bbox 2659 5584 2896 5659; x_wconf 17' lang='grc' dir='ltr'><strong>ΑΜ-ἃῌθῒν</strong></span> <span class='ocrx_word' id='word_1_837' title='bbox 2924 5586 3329 5659; x_wconf 82' lang='lat' dir='ltr'><strong>Combeﬁsius,</strong></span> <span class='ocrx_word' id='word_1_838' title='bbox 3388 5582 3698 5659; x_wconf 77' lang='grc' dir='ltr'>γυμνάσειν.</span> 
     </span>
    </p>
   </div>
   <div class='ocr_carea' id='block_1_123' title="bbox 2087 5606 3700 5741">
    <p class='ocr_par' dir='ltr' id='par_1_123' title="bbox 2087 5606 3700 5741">
     <span class='ocr_line' id='line_1_124' title="bbox 2123 5606 3698 5659; baseline 0 -18"><span class='ocrx_word' id='word_1_839' title='bbox 2123 5606 2235 5657; x_wconf 67' lang='grc' dir='ltr'>μιν)</span> <span class='ocrx_word' id='word_1_840' title='bbox 2293 5606 2360 5639; x_wconf 15' lang='grc' dir='ltr'><strong>ιιυ</strong></span> <span class='ocrx_word' id='word_1_841' title='bbox 2410 5606 2618 5640; x_wconf 86' lang='grc' dir='ltr'>νωσειν.</span> <span class='ocrx_word' id='word_1_842' title='bbox 2679 5606 2873 5643; x_wconf 76' lang='lat' dir='ltr'><strong>manet</strong></span> <span class='ocrx_word' id='word_1_843' title='bbox 2924 5606 3329 5658; x_wconf 69' lang='lat' dir='ltr'><strong>uomoeusnus,</strong></span> <span class='ocrx_word' id='word_1_844' title='bbox 3388 5606 3698 5659; x_wconf 84' lang='grc' dir='ltr'>γυμνασειν.</span> 
     </span>
     <span class='ocr_line' id='line_1_125' title="bbox 2087 5606 3700 5741; baseline -0.005 -26"><span class='ocrx_word' id='word_1_845' title='bbox 2295 5606 2587 5721; x_wconf 55' lang='grc' dir='ltr'>Φίλτατος.</span> <span class='ocrx_word' id='word_1_846' title='bbox 2647 5656 2821 5713; x_wconf 87' lang='lat' dir='ltr'><strong>Coisl.</strong></span> <span class='ocrx_word' id='word_1_847' title='bbox 2880 5658 2930 5726; x_wconf 86' lang='grc'>1,</span> <span class='ocrx_word' id='word_1_848' title='bbox 2988 5658 3339 5740; x_wconf 79' lang='grc' dir='ltr'>τιμιώτερος,</span> <span class='ocrx_word' id='word_1_849' title='bbox 3408 5681 3436 5710; x_wconf 86' lang='grc'><strong>‹‹</strong></span> <span class='ocrx_word' id='word_1_850' title='bbox 3488 5658 3700 5729; x_wconf 63' lang='grc' dir='ltr'><strong>βυθιιίον</strong></span> 
     </span>
    </p>
   </div>
   <div class='ocr_carea' id='block_1_124' title="bbox 2054 5746 2265 5788">
    <p class='ocr_par' dir='ltr' id='par_1_124' title="bbox 2054 5746 2265 5788">
     <span class='ocr_line' id='line_1_126' title="bbox 2054 5746 2265 5788; baseline 0.009 -2"><span class='ocrx_word' id='word_1_851' title='bbox 2054 5746 2200 5788; x_wconf 82' lang='lat' dir='ltr'><strong>sius.</strong></span> <span class='ocrx_word' id='word_1_852' title='bbox 2235 5751 2265 5781; x_wconf 73' lang='grc' dir='ltr'><strong>ι)</strong></span> 
     </span>
    </p>
   </div>
  </div>
