4070 6436
327 395 446 452 7T7

327 523 391 578 τὸ
447 520 592 596 παρὰ
647 522 754 572 τῶν
805 516 1220 591 συναλγούντων
1282 516 1604 594 φάρμακον·

324 610 444 665 ’ἶσον
471 615 570 664 τοῦ
601 609 808 671 πάθους
842 603 1062 680 ἔχοντες
1107 605 1272 661 πλέον
1333 605 1462 661 εἰσὶν
1525 604 1600 666 εἷς
1653 602 1992 680 παραμυθίαν

327 705 448 760 τοῖς
507 699 840 772 πάσχουσιν.
901 692 1150 750 Μάλιστα
1213 695 1306 765 μὲν
1369 695 1460 747 οὗν
1518 694 1658 768 πρὸς
1711 691 1994 753 τοιούτους

335 788 476 844 ἐστὶν
509 789 644 857 ἡμῖν
679 787 706 839 6
737 783 902 859 λόγος
932 801 943 812 ·
980 783 1110 855 ὑπὲρ
1151 783 1224 836 ὧν
1257 782 1616 858 αἰσχυνοίμην
1673 783 1756 851 ἂν,
1818 780 1862 834 εἰ
1916 781 1991 852 μὴ

335 876 576 950 καθάπερ
609 873 784 930 ἄλλου
817 872 1016 934 παντὸς
1062 875 1171 926 τῶν
1218 870 1424 939 καλῶν,
1480 870 1622 926 οὕτω
1671 870 1760 925 καὶ
1804 890 1994 945 καρτε-

338 965 458 1038 ρίας
511 965 578 1019 τὰ
632 967 823 1038 πρῶτα
881 961 1152 1039 φέροιντο.
1233 959 1331 1014 Καὶ
1381 961 1482 1036 γὰρ
1561 960 1606 1014 εί
1673 955 1993 1037 φιλόπαιδες

336 1057 550 1109 πάντων
615 1049 847 1124 μᾶλλον,
891 1046 1036 1104 ἀλλά
1079 1049 1168 1102 καὶ
1214 1050 1428 1102 πάντων
1489 1046 1701 1121 μᾶλλον
1768 1041 1994 1126 φιλόσο-

338 1165 427 1222 φοι
453 1145 564 1216 (64)
593 1140 683 1195 καὶ
731 1138 1110 1216 φιλόχριστοι,
1169 1137 1260 1192 καὶ
1316 1140 1416 1207 τὴν
1468 1137 1705 1201 ἐντεῦθεν
1769 1136 1996 1209 μετάοα-

335 1254 415 1287 σιν
449 1231 507 1285 ἐκ
535 1229 789 1290 πλείονος
824 1226 977 1282 αύτοί
1035 1247 1094 1280 τε
1144 1225 1563 1299 μελετήσαντες,
1619 1226 1707 1280 καὶ
1754 1225 1885 1286 τοὺς
1944 1223 1996 1294 ἐξ

334 1319 509 1375 αὐτῶν
543 1316 846 1388 διδάξαντες
875 1337 886 1349 ·
924 1313 1136 1388 μᾶλλον
1172 1313 1230 1370 δὲ
1268 1317 1356 1370 τὸν
1414 1316 1529 1390 βίον
1579 1314 1709 1370 ὅλον
1761 1312 1993 1388 μελέτην

334 1407 546 1470 λύσεως
606 1407 1012 1478 ἐνστησάμενοι.
1075 1404 1137 1460 Εἰ
1197 1402 1255 1458 δὲ
1299 1403 1377 1459 ἔτι
1415 1405 1477 1458 τὸ
1521 1405 1692 1468 πάθος
1723 1402 1998 1458 ἐπισκοτεῖ

336 1503 455 1559 τοῖς
487 1495 802 1572 λογισμοῖς,
835 1494 922 1548 καὶ
954 1495 1191 1569 καθάπερ
1222 1493 1379 1566 λήμη
1427 1513 1508 1554 τις
1565 1493 1654 1547 τὸν
1717 1490 1998 1570 ὀφθαλμὸν

338 1586 665 1653 ὑπελθοῦσα,
701 1586 946 1655 καθαρῶς
977 1580 1208 1637 συνιδεῖν
1263 1581 1361 1636 οὐκ
1418 1581 1478 1653 ἐᾷ
1531 1583 1594 1636 τὸ
1643 1579 1800 1636 δέον’
1849 1580 1996 1658 φέρε,

337 1672 550 1744 δέξαθθε
607 1670 973 1744 παράκλησιν,
1031 1671 1081 1725 οἷ
1139 1665 1496 1746 πρεσϐύτεροι
1552 1674 1648 1724 τοῦ
1706 1669 1850 1740 νέου,
1908 1669 1998 1723 καὶ

332 1760 430 1817 τοῦ
478 1759 672 1823 παιδὸς
733 1762 784 1814 οἱ
836 1761 1090 1836 πατέρες,
1155 1760 1245 1813 καὶ
1291 1763 1390 1814 τοῦ
1436 1763 1797 1824 νουθετεῖσθαι
1853 1759 2000 1834 παρὰ

1113 387 1407 449 ORATIO
1449 388 1578 448 VII.
1613 420 1691 434 --—
1720 389 1798 456 IN
1845 383 2172 446 LAUDEM
2218 385 2557 444 CJESARII
2601 386 2964 445 FRATRIS.

1695 515 1784 570 καὶ
1825 516 1876 568 ot
1926 515 1987 568 τὸ
2019 518 2066 580 Α
2101 520 2429 586 versantur,
2462 515 2868 570 adhibeamus.
2902 516 3178 588 Magnum
3214 534 3382 587 porro
3412 518 3754 591 lugentibus

3630 388 3751 446 7'78

2105 604 2491 675 pharmacum
2525 603 2671 659 illud
2704 605 2971 675 est,quod
2998 605 3070 659 ab
3101 604 3300 676 iis,qui
3335 609 3537 674 eodem
3559 607 3757 663 dolore

2105 691 2296 748 affecti
2345 697 2506 759 sunt,
2569 692 2908 764 porrigitur,
2971 697 3028 747 et
3086 693 3185 764 qui
3248 693 3369 764 pari
3430 695 3759 750 calamitate

2105 785 2478 851 premuntur,
2510 783 2793 852 majorem
2827 782 2980 852 apud
3015 797 3135 845 eos,
3169 782 3269 852 qui
3294 783 3650 850 cruciantur,
3686 784 3755 838 ad

2105 869 2530 924 consolandum
2589 870 2990 939 auctoritatem
3047 871 3286 926 habent.
3339 874 3424 927 Ad
3474 887 3574 926 eos
3623 888 3758 944 ergo

2105 958 2483 1030 potissimum
2502 960 2686 1014 oratio
2705 960 2875 1015 nobis
2896 965 3049 1015 erat:
3069 977 3321 1032 quorum
3345 977 3522 1016 causa
3540 961 3760 1032 pudore

2105 1049 2363 1118 profecto
2394 1048 2785 1115 suﬁ‘underer,
2818 1051 2866 1104 si
2898 1065 3033 1118 non,
3091 1055 3156 1103 ut
3186 1049 3438 1104 aliarum
3489 1049 3755 1105 omnium

2102 1135 2414 1204 virtutum,
2446 1137 2531 1192 sic
2557 1137 2732 1192 etiam
2765 1137 3055 1208 patientiae
3086 1137 3306 1210 primas
3338 1140 3574 1194 ferrent.
3608 1138 3754 1194 Nam

2105 1224 2214 1280 etsi
2247 1242 2443 1282 amore
2473 1242 2607 1297 erga
2636 1225 2789 1281 ﬁlios
2819 1229 3096 1282 mortales
3122 1243 3328 1282 omnes
3361 1233 3663 1300 superant,
3697 1231 3757 1282 at

2105 1314 2283 1369 etiam
2315 1314 2606 1387 sapientia
2635 1319 2693 1371 et
2735 1315 2952 1371 Christi
3005 1333 3201 1372 amore
3251 1322 3494 1373 cunctos
3524 1322 3756 1372 antece-

2107 1402 2365 1470 dunt,ac
2397 1403 2810 1475 migrationem
2853 1420 2922 1459 ex
2976 1405 3086 1460 hac
3140 1407 3257 1461 vita
3310 1407 3669 1478 jampridem
3700 1409 3758 1461 et

2107 1492 2219 1563 ipsi
2254 1493 2517 1547 meditati
2569 1497 2730 1559 sunt,
2777 1498 2833 1549 et
2874 1493 3091 1550 liberos
3149 1497 3499 1563 docuerunt,
3549 1495 3662 1563 vel,
3693 1499 3757 1550 ut

2107 1580 2324 1635 rectius
2365 1581 2593 1652 loquar,
2651 1587 2832 1638 totam
2883 1582 3061 1638 vitam
3113 1583 3196 1638 ita
3240 1584 3650 1655 instituerunt,
3694 1587 3760 1638 ut

2108 1668 2256 1724 nihil
2284 1668 2653 1741 aliud,quam
2687 1670 2892 1726 mortis
2924 1672 3224 1728 meditatio
3257 1673 3521 1736 sit.Quod
3554 1672 3760 1746 siquid

2108 1759 2486 1814 tenebrarum
2521 1759 2731 1814 rationi
2763 1759 2930 1815 dolor
2959 1761 3232 1826 offundit,
3268 1780 3331 1816 ac
3392 1761 3762 1834 lippitudinis

331 1855 441 1905 τῶν
472 1849 815 1920 τηλικούτων
850 1848 1192 1927 ὀφείλοντος,
1246 1848 1296 1902 οἱ
1343 1846 1591 1909 πολλοὺς
1638 1850 1997 1918 νουθετήσαν-

2120 1849 2423 1918 cujusdam
2456 1850 2645 1903 instar
2671 1849 2869 1904 oculos
2901 1851 3166 1918 subiens,
3212 1851 3364 1907 clare
3415 1853 3608 1907 videre
3641 1869 3757 1906 non

331 1961 440 2011 τες,
471 1941 561 1994 καὶ
591 1943 668 2010 τῷ
717 1936 917 2009 πολλῷ
955 1937 1142 2012 χρόνῳ
1171 1938 1269 2004 τὴν
1304 1935 1588 2013 ἐμπειρίαν
1622 1935 1996 2007 συλλέξαντες.

335 2029 658 2101 Θαυμάσητε
708 2024 765 2080 δέ
813 2023 1007 2099 μηδὲν,
1062 2025 1107 2079 εἰ
1150 2027 1271 2088 νέος
1310 2027 1547 2080 νουθετῶ
1574 2027 1829 2102 γέροντας
1864 2043 1875 2056 °
1910 2025 1999 2079 καὶ

334 2121 494 2171 τοῦτο
558 2115 836 2192 ὑμέτερον,
898 2113 950 2169 εἴ
990 2137 1040 2169 τι
1094 2114 1290 2176 πολιᾶς
1347 2116 1568 2187 ἄμεινον
1604 2119 1832 2188 συνορᾷν
1863 2113 1999 2190 ἔχω.

335 2206 508 2262 Πόσον
544 2203 619 2260 ἔτι
656 2206 987 2281 βιωσώμεθα
1019 2207 1133 2279 (65)
1181 2203 1406 2280 χρόνον,
1441 2202 1486 2258 ὦ
1544 2204 1724 2278 τίμιαι
1786 2203 1999 2274 πολιαὶ,

333 2295 424 2349 καὶ
497 2299 612 2366 Θεῷ
677 2292 1116 2363 πλησιάζουσαι;
1170 2293 1342 2347 Πόσον
1406 2292 1633 2348 ἐνταῦθα
1685 2294 2001 2362 κακοπαθή-

338 2404 517 2456 σωμεν
695 2400 709 2450 ;
771 2379 912 2438 Οὐδὲ
941 2383 968 2435 ὁ
999 2388 1103 2442 πᾶς
1140 2381 1439 2456 ἀνθρώπων
1492 2382 1610 2459 βίος
1664 2383 1895 2458 μακρὸς,
1930 2381 2003 2442 ὡς

337 2476 406 2545 τῇ
441 2471 556 2542 θείᾳ
602 2470 755 2547 φύσει
814 2471 904 2524 καὶ
965 2467 1310 2542 ἀτελευτήτῳ
1360 2467 1697 2547 παραϐαλεῖν
1731 2473 1865 2545 (67),
1925 2471 2000 2544 μή

340 2560 422 2615 ὅτι
453 2560 515 2614 τὸ
533 2566 633 2628 τῆς
668 2565 813 2628 ζωῆς
848 2558 1122 2632 λείψανον,
1153 2560 1242 2614 καὶ
1269 2562 1303 2629 ἡ
1339 2559 1516 2627 λύσις,
1579 2561 1652 2623 ὡς
1706 2559 1770 2614 ’ἀν
1825 2557 2000 2614 εἷ’ποι-

343 2671 459 2721 μεν,
515 2655 617 2718 τῆς
675 2647 1018 2725 ἀνθρωπίνης
1077 2655 1272 2721 πνοῆς,
1344 2651 1436 2703 καὶ
1505 2654 1602 2704 τοῦ
1669 2648 2002 2722 προσκαίρου

343 2737 464 2814 βίου
523 2739 589 2791 τὰ
641 2738 948 2793 τελευταῖα.
1025 2737 1198 2792 Πόσον
1272 2740 1413 2810 ἡμᾶς
1473 2737 1608 2815 ἔφθη
1671 2735 2000 2814 Καισάριος;

343 2826 512 2881 Πόσον
563 2825 639 2880 ἔτι
686 2827 779 2881 τὸν
830 2824 1133 2880 ἀπελθόντα
1191 2828 1574 2900 πενθήσομεν;
1627 2826 1700 2880 Οὐ
1732 2827 1869 2902 πρὸς
1902 2827 2002 2895 τὴν

343 2915 507 2983 αὐτὴν
549 2914 874 2992 ἐπειγόμεθα
925 2917 1133 2987 μονήν;
1179 2914 1251 2967 Οὐ
1293 2917 1384 2969 τὸν
1435 2915 1593 2970 αὐτὸν
1625 2913 2006 2988 ύποδυσόμεθα

347 3001 496 3057 λίθον
557 3003 794 3072 αύτίκα;
855 3003 972 3079 Ούχ
1017 3007 1052 3072 ἡ
1100 3003 1234 3072 αὐτὴ
1281 3003 1430 3066 κόνις
1479 3006 1614 3076 μετά
1667 3004 1857 3080 μικρὸν
1893 3003 2007 3058 ἐσό-

351 3103 524 3164 μεθα;
586 3091 663 3148 Οὐ
731 3097 990 3147 τοσοῦτον
1064 3090 1424 3168 κερδανοῦμεν
1495 3093 1545 3148 ἐν
1601 3099 1722 3156 ταῖς
1785 3098 2006 3168 μικραῖς

340 3180 564 3242 ταύταις
622 3181 876 3254 ἡμέραις,
927 3180 1049 3236 ὅσον
1099 3181 1272 3237 πλείω
1321 3181 1477 3255 κακὰ,
1526 3184 1593 3236 τὰ
1645 3184 1739 3255 μὲν
1775 3179 2002 3251 ἰδόντες,

341 3270 411 3324 τὰ
455 3267 512 3324 δὲ
558 3269 837 3339 παθόντες,
889 3271 957 3325 τὰ
1005 3269 1062 3325 δὲ
1111 3272 1198 3325 καὶ
1227 3270 1518 3344 πράξαντες
1543 3269 1702 3342 ρίσως,
1758 3270 2002 3347 λειτουρ-
2035 3251 2078 3316 C

344 3362 509 3434 γῆσαι
537 3363 616 3431 τῷ
643 3365 744 3429 τῆς
776 3359 988 3437 φύσεως
1020 3359 1177 3434 νόμῳ
1225 3362 1322 3429 τήν
1378 3363 1567 3429 κοινὴν
1617 3360 1869 3438 εἰσφορὰν
1916 3360 2006 3415 καὶ

347 3448 662 3521 ἀσάλευτον,
695 3449 785 3504 καὶ
814 3450 930 3511 τοῖς
967 3451 1060 3522 μὲν
1094 3449 1436 3523 έπαπελθεῖν,
1479 3455 1587 3505 τῶν
1623 3448 1681 3504 δὲ
1729 3450 2009 3527 προαπελ-

345 3543 476 3611 θεῖν,
508 3539 597 3592 καὶ
647 3537 776 3600 τοὺς
833 3539 926 3612 μὲν
986 3536 1238 3604 κλαῦσαι,
1299 3540 1401 3594 ὑπὸ
1459 3537 1517 3594 δὲ
1571 3545 1676 3594 τῶν
1739 3543 2012 3616 θρηνηθῆ-

344 3646 451 3693 ναι,
502 3625 592 3679 καὶ
639 3628 765 3703 παρ’
798 3625 984 3682 ἄλλων
1017 3622 1325 3683 ἀντιλαϐεῖν
1361 3627 1417 3682 ὅν
1448 3630 1560 3702 (68)
1593 3631 2010 3706 προεισηνέγκα-

354 3735 447 3786 μεν
483 3711 676 3777 ἄλλοις
708 3720 813 3770 τῶν
847 3713 1093 3792 δακρύων
1135 3714 1362 3793 ἕρανον;

2109 1937 2252 1993 sinit
2281 1936 2341 1992 id
2374 1937 2528 2008 quod
2560 1941 2650 1992 est
2682 1937 2857 1993 ofﬁcii
2884 1957 2897 2005 ;
2930 1941 3204 2011 agedum,
3231 1941 3468 2010 juvenis
3493 1941 3764 1996 exhorta-

2108 2026 2333 2082 tionem
2364 2042 2533 2082 senes
2567 2026 2835 2098 accipite,
2868 2032 2925 2082 et
2957 2027 3060 2082 filii
3094 2033 3388 2100 parentes,
3419 2033 3477 2084 et
3505 2031 3765 2101 ejus,qui

2113 2132 2146 2170 a
2175 2114 2394 2170 talibus
2425 2115 2832 2171 admonendus
2863 2120 2971 2186 est,
3005 2134 3127 2183 vos,
3165 2117 3261 2189 qui
3307 2117 3524 2173 multos
3557 2119 3764 2174 admo-

2112 2204 2348 2271 nuistis,
2378 2222 2445 2259 ac
2476 2203 2648 2277 longo
2683 2210 2943 2276 tempore
2974 2223 3170 2261 rerum
3196 2223 3370 2262 usum
3422 2206 3762 2278 collegistis.

2112 2293 2227 2349 Nec
2257 2310 2390 2348 vero
2423 2294 2639 2348 mirum
2666 2293 2828 2349 vobis
2879 2293 3166 2362 videatur,
3215 2297 3264 2351 si
3307 2297 3546 2367 juvenis
3594 2311 3765 2351 senes

2113 2398 2384 2438 moneam
2418 2400 2432 2437 :
2468 2400 2603 2438 nam
2639 2382 2748 2438 hoc
2779 2399 3014 2456 quoque
3041 2389 3302 2440 vestrum
3354 2389 3464 2449 est,
3517 2386 3564 2440 si
3616 2385 3760 2455 quid

2114 2471 2326 2527 canitie
2355 2473 2570 2527 rectius
2603 2472 2935 2545 prospicere
2969 2476 3537 2544 possum.Quantum
3572 2474 3766 2528 adhuc

2112 2561 2397 2632 temporis
2428 2560 2710 2632 vivemus,
2732 2563 3041 2617 venerandi
3079 2580 3249 2618 senes
3275 2568 3449 2634 atque
3481 2563 3551 2618 ad
3581 2563 3765 2619 Deum

2114 2650 2695 2720 appropinquantes?
2727 2651 2996 2716 Quandiu
3044 2651 3139 2706 hic
3194 2651 3658 2707 aiﬂictabimur?
3687 2652 3770 2706 Ne

2112 2742 2235 2793 tota
2265 2740 2501 2808 quidem
2534 2738 2840 2793 hominum
2867 2740 2984 2794 vita
3005 2739 3175 2812 longa
3207 2741 3370 2809 est,si
3404 2757 3536 2795 cum
3575 2740 3774 2795 divina

2115 2831 2172 2882 et
2198 2829 2555 2898 sempiterna
2586 2834 2798 2883 natura
2830 2833 3220 2898 comparetur,
3253 2829 3471 2882 nedum
3521 2829 3608 2882 ha
3643 2829 3768 2883 vitae

2116 2916 2400 2988 reliquiae,
2435 2920 2628 2985 atque,
2666 2921 2730 2971 ut
2759 2916 2841 2970 ita
2870 2917 3083 2987 dicam,
3128 2915 3462 2986 spirationis
3495 2917 3767 2971 humanm

2117 3005 2354 3075 solutio,
2388 3022 2454 3060 ac
2487 3005 2653 3059 ﬂuxae
2701 3010 2758 3060 et
2806 3007 3040 3060 caducae
3086 3006 3215 3061 vitae
3276 3004 3432 3059 ﬁnis.
3468 3008 3768 3069 Quantum

2117 3112 2232 3151 non
2265 3094 2572 3150 antevertit
2602 3094 2887 3148 Czssarius
2910 3094 2937 3148 ?
2967 3095 3236 3160 Quandiu
3270 3095 3464 3150 adhuc
3490 3095 3618 3166 ejus
3649 3094 3771 3150 dis-

2117 3201 2285 3240 cessu
2320 3199 2606 3255 angemur
2628 3183 2655 3237 ‘I
2685 3183 2888 3238 Nonne
2918 3184 2989 3238 ad
3022 3184 3290 3238 eamdem
3335 3185 3530 3239 sedem
3565 3200 3770 3255 prope-

2119 3272 2365 3329 ramus?
2395 3273 2599 3327 Nonne
2629 3272 2902 3327 cumdem
2922 3271 3176 3344 lapidem
3203 3274 3400 3328 statim
3434 3273 3772 3330 enhibimus

2118 3363 2323 3418 Nonne
2352 3361 2507 3417 idem
2542 3361 2732 3433 pulvis
2764 3361 2939 3432 paulo
2980 3367 3112 3433 post
3159 3362 3379 3418 erimus
3411 3363 3438 3416 ‘?
3469 3363 3672 3418 Nonne
3703 3378 3770 3417 ex

2121 3452 2326 3524 paucis
2348 3451 2440 3506 his
2472 3451 2702 3513 diebus,
2736 3451 2835 3523 qui
2869 3456 3112 3518 restant,
3147 3452 3256 3506 hoc
3288 3453 3434 3506 lucri
3467 3451 3776 3517 faciemus,

2123 3546 2188 3596 ut
2218 3541 2387 3612 plura
2445 3539 2601 3594 mala
2658 3541 2873 3610 partim
2931 3540 3255 3610 videamus,
3316 3539 3530 3612 partim
3589 3541 3776 3610 patia-

2124 3647 2280 3696 mur,
2317 3629 2528 3701 partim
2588 3629 2765 3684 etiam
2827 3629 3071 3684 fortasse
3116 3628 3422 3691 faciamus,
3471 3633 3648 3701 atque
3699 3629 3782 3683 ita

2123 3720 2363 3774 tandem
2392 3717 2505 3788 ipsi
2537 3733 2772 3787 quoque
2806 3721 3028 3771 natura
3062 3716 3173 3788 legi
3218 3733 3530 3772 commune
3586 3735 3651 3773 ac
3685 3717 3782 3771 ﬁr-

355 3822 521 3861 mum
554 3811 612 3862 et
637 3807 844 3863 stabile
872 3809 1165 3864 tributum
1200 3811 1551 3880 pendamus,
1580 3813 1756 3882 atque
1789 3809 1934 3865 alios
1967 3825 2308 3881 sequamur,
2343 3807 2486 3862 alios
2522 3807 3125 3878 praecedamus,atque
3144 3806 3292 3861 alios
3323 3807 3560 3878 quidem
3590 3807 3785 3879 lugea-

350 3910 505 3964 mus,
540 3896 612 3950 ab
645 3896 777 3952 aliis
807 3896 1138 3970 lugeamur,
1175 3914 1510 3967 munusque
1541 3898 1960 3971 lacrymarum,
1996 3899 2149 3970 quod
2187 3897 2317 3952 aliis
2348 3894 2732 3961 contulimus,
2767 3896 2836 3950 ab
2865 3893 2996 3950 aliis
3024 3895 3379 3966 recipiamus
3401 3896 3428 3950 ?

424 3985 524 4038 ΙΘ’.
556 3982 812 4046 Τοιοῦτος
846 3986 873 4038 ὁ
937 3986 1055 4060 βίος
1114 3987 1298 4057 ἡμῶν,
1359 3983 1609 4062 ἀδελφοὶ,
1659 3989 1766 4040 τῶν
1801 3987 2016 4055 ζώντων

351 4069 659 4145 πρόσκαιρα
688 4092 700 4103 ⁸
757 4078 976 4128 τοιοῦτο
1031 4075 1092 4128 τὸ
1152 4074 1239 4128 ἐπὶ
1268 4081 1370 4150 γῆς
1402 4075 1675 4150 παίγνιον·
1714 4075 1812 4129 ούκ
1860 4071 2016 4137 ὄντας

354 4160 622 4234 γενέσθαι,
696 4161 786 4215 καὶ
845 4163 1172 4236 γενομένους
1232 4163 1585 4232 ἀναλυθῆναι.
1640 4167 1809 4240 ’Όναρ
1862 4163 2018 4237 ἐσμὲν

354 4249 460 4324 οὐχ
518 4249 824 4323 ἱστάμενον,
887 4251 1074 4328 φάσμα
1129 4275 1181 4307 τι
1245 4254 1320 4325 μὴ
1379 4252 1773 4329 κρατούμενον,
1817 4257 2016 4323 πτῆσις

355 4337 544 4411 ὀρνέου
575 4340 1014 4416 παρερχομένου,
1047 4345 1172 4404 ναῦς
1225 4340 1312 4395 ἐπὶ
1372 4340 1650 4413 θαλάσσης
1705 4340 1860 4418 ἴχνος
1919 4343 2018 4397 οὐκ

350 4424 575 4500 ἔχουσα,
632 4428 806 4498 κόνις,
866 4430 1049 4503 ἀτμὶς,
1114 4432 1311 4500 έωθινή
1372 4430 1586 4507 δρόσος,
1647 4429 1808 4495 ἄνθος
1838 4437 2014 4507 καιρῷ

351 4515 619 4591 φυόμενον
689 4520 820 4591 (69),
895 4520 985 4574 καὶ
1061 4525 1236 4596 καιρῷ
1311 4517 1603 4593 λυόμενον.
1673 4523 2018 4594 Ἀνθρωπος,

352 4603 482 4658 ὡσεὶ
541 4605 741 4680 χόρτος
797 4609 852 4661 αἱ
923 4610 1130 4682 ἡμέραι
1207 4609 1392 4679 αὐτοῦ,
1473 4610 1600 4664 ὡσεὶ
1687 4608 1848 4673 ἄνθος
1921 4614 2019 4664 τοῦ

349 4692 548 4768 ἀγροῦ,
582 4693 754 4757 οὓτως
783 4695 1058 4768 ἐξανθήσει
1085 4718 1095 4730 ·
1130 4702 1319 4760 καλῶς
1381 4699 1408 4752 6
1473 4700 1615 4759 θεῖος
1673 4693 1838 4752 Δαϐἰδ
1896 4698 2019 4770 περὶ

346 4788 454 4851 τῆς
510 4781 784 4846 ἀσθενείας
842 4788 1005 4858 ἡμῶν
1066 4785 1464 4864 ἐφιλοσόφησεν
1533 4787 1622 4841 καὶ
1679 4786 1730 4842 ἐν
1789 4787 2020 4847 ἐκείνοις

351 4867 521 4925 πάλιν
577 4878 693 4934 τοῖς
752 4872 961 4949 ῥήμασι
997 4894 1010 4907 ο
1069 4877 1177 4944 Τὴν
1264 4875 1564 4952 ὀλιγότητα
1628 4880 1734 4930 τῶν
1793 4879 2018 4951 ἡμερων

357 4979 462 5032 μου
536 4960 858 5037 ἀνάγγειλόν
943 4981 1074 5037 μοι·
1152 4966 1243 5020 καὶ
1303 4964 1619 5021 παλαιστῶν
1681 4963 1876 5042 μέτρον
1925 4965 2021 5025 τὰς

349 5047 688 5123 ἀνθρωπίνας
748 5051 960 5128 ἡμέρας
1022 5052 1276 5131 ὁρίζεται,
1334 5054 1396 5109 Τί
1456 5051 1500 5108 δ’
1561 5053 1620 5108 ἂν
1655 5050 1830 5116 εἷ’ποις
1885 5054 2022 5130 πρὸς

422 5167 467 5201 ⁸⁷
495 5167 626 5240 Job,
651 5187 746 5237 xx,
777 5172 832 5237 8,
909 5171 954 5207 ⁸⁸
984 5172 1120 5245 Sap.
1151 5188 1209 5241 V,
1245 5173 1334 5239 10,
1368 5173 1472 5240 12;
1505 5171 1638 5227 Ose.
1669 5188 1792 5241 xm,
1825 5173 1879 5224 3.

394 5282 537 5364 ΑΜ)
569 5284 792 5364 Ῑῖοίῗτων
831 5282 1046 5364 Hau?“
1081 5284 1398 5364 φιλᾷἳῖοφοι-
1453 5309 1510 5364 «ί
1542 5286 1653 5352 Qui
1709 5303 1827 5359 prae
1885 5302 2012 5342 om—

348 5355 526 5409 nibus
598 5355 962 5429 hilosophari
997 5360 1057 5414 in
1090 5355 1265 5415 malis
1298 5355 1539 5415 'norunt.
1573 5378 1600 5409 ι»

423 5373 928 5481 (55ὶῐῖ3ιωσώμεθα-
989 5431 1128 5481 Reg-
1191 5432 1292 5481 hu-
1347 5429 1443 5481 Or.
1509 5431 1561 5481 1.

355 5423 928 5566 μεὲἱῦγΒιωσώμεθα.
989 5431 1128 5504 Reg.
1190 5432 1292 5500 hu,
1347 5429 1443 5485 Or.
1509 5431 1561 5495 1,
1628 5429 1748 5484 Jes.
1811 5427 2018 5503 βιωσόο

351 5565 538 5708 9
570 5567 1082 5646 Κακοπαθῆσωμεν.
1133 5577 1274 5629 Tres
1333 5572 1541 5646 Regg.,
1601 5571 1722 5628 Jes.
1780 5591 2022 5626 κακοπα-

429 5657 621 5710 σομεν,
1187 5709 1191 5710 ν

423 5657 659 5784 ἴὲἣεγάς
687 5715 757 5788 τῇ
793 5714 980 5786 θείᾳ...
1016 5709 1382 5788 παραϐαλεῖν.
1441 5717 1582 5789 Reg.
1639 5716 1740 5771 bm
1799 5716 1896 5773 Or.
1966 5719 2018 5774 1.

685 5841 948 5905 Pyram“
998 5844 1112 5904 Gn.
1162 5841 1410 5905 XXXV.

1957 5171 2002 5204 ⁸³
2035 5167 2186 5224 Psal.
2220 5184 2319 5239 cu,
2353 5167 2440 5222 45.

2201 3986 2342 4041 XIX.
2404 3984 2704 4055 Ejusmodi
2773 3983 2889 4039 vita
2961 3989 3160 4040 nostra
3228 3989 3338 4053 est,
3400 3985 3628 4051 fratres,
3687 3985 3786 4056 qui

2130 4076 2346 4130 ﬂuxam
2380 4075 2558 4128 vitam
2591 4074 2867 4129 ducimus
2899 4091 2911 4128 :
2941 4075 3235 4144 ejusmodi
3267 4075 3325 4128 in
3361 4079 3517 4130 terra
3559 4075 3736 4130 ludus
3771 4093 3782 4130 :

2131 4169 2196 4220 ut
2225 4181 2359 4220 cum
2395 4181 2509 4218 non
2543 4163 2753 4230 simus,
2787 4179 3123 4231 nascamur,
3184 4181 3318 4219 cum
3380 4165 3500 4218 nati
3555 4181 3786 4229 sumus,

2129 4271 2366 4308 rursum
2403 4252 2816 4307 dissolvamur.
2853 4253 3000 4308 211
3046 4254 3408 4307 lnsomnium
3443 4271 3652 4308 sumus
3684 4254 3788 4307 mi-

2130 4343 2289 4397 nime
2319 4341 2648 4397 consistens
2692 4342 2757 4407 ³⁷,
2793 4347 3089 4413 spectrum
3125 4344 3444 4414 quoddam,
3487 4344 3644 4414 quod
3702 4347 3788 4398 te-

2129 4433 2253 4488 neri
2287 4449 2402 4487 non
2460 4435 2670 4502 potest,
2720 4431 2842 4486 avis
2902 4432 3306 4502 praetereuntis
3365 4432 3614 4498 volatus,
3675 4450 3786 4487 na-

2127 4523 2216 4577 vis
2249 4523 2308 4575 in
2355 4521 2500 4575 mari
2554 4521 2867 4592 vestigium
2929 4538 3042 4576 non
3105 4521 3351 4586 habens,
3415 4521 3623 4592 pulvis,
3678 4539 3779 4576 va-

2128 4627 2258 4681 por,
2321 4626 2415 4664 ros
2475 4608 2823 4675 matutinus,
2878 4608 2985 4663 ﬂos
3046 4615 3347 4664 momento
3401 4626 3672 4675 nascens,
3733 4615 3792 4664 et

2137 4701 2435 4753 momento
2467 4712 2836 4752 marcescens
2885 4697 2950 4750 33.
3013 4699 3197 4764 Homo,
3247 4699 3392 4752 sicut
3446 4700 3635 4767 fenum
3677 4698 3792 4752 dies

2130 4790 2267 4857 eius,
2318 4791 2588 4859 tanquam
2631 4789 2730 4856 ﬂos
2779 4788 2923 4856 agri,
2973 4789 3052 4842 sic
3099 4788 3368 4858 efﬂorebz’t
3429 4788 3493 4840 6°.
3543 4786 3792 4842 Pulchre

2132 4876 2302 4931 divus
2360 4875 2540 4930 David
2604 4875 2697 4930 his
2749 4875 2942 4930 verbis
3001 4876 3072 4931 de
3132 4882 3337 4931 nostra
3390 4874 3793 4931 imbecillitate

2133 4964 2588 5037 philosophatus
2647 4967 2756 5032 est,
2817 4967 3314 5035 quemadmodum
3384 4967 3441 5020 et
3496 4964 3555 5019 in
3618 4963 3787 5019 illis:

2132 5054 2484 5109 Paucitatem
2533 5053 2754 5108 dierum
2797 5070 3046 5110 meorum
3096 5056 3302 5110 nuntia
3349 5055 3494 5109 mihi
3532 5054 3595 5108 °°.
3641 5052 3791 5119 Quin

2541 5167 2592 5218 ,⁸ο
2623 5168 2776 5224 Psal.
2805 5186 2878 5236 ιι,
2912 5171 3003 5224 24.

2125 5274 2723 5357 ὃθεεπαραϐᾴλλεινμ
2759 5283 2976 5340 Utcum
3009 5285 3206 5340 divina
3228 5284 3328 5341 illa
3348 5257 3797 5357 etisempiterna

2127 5361 2342 5481 natuga
2362 5355 2796 5427 conjungamur
2829 5374 2840 5411 :
2870 5363 2929 5412 ut
2947 5358 3016 5412 ad
3055 5357 3312 5414 divinam
3346 5359 3494 5414 hanc
3519 5355 3794 5413 naturam

2131 5444 2265 5481 acce
2311 5443 2503 5481 amns.
2539 5448 2566 5474 »

2131 5443 2503 5483 accedamus.
2539 5448 2566 5474 ))

2224 5499 2316 5570 68)
2346 5498 2469 5553 Ὃν.
2501 5496 2680 5570 Coisl.
2717 5501 2770 5563 2,
2807 5494 2903 5552 ὧν.

2224 5500 2316 5570 68)
2346 5500 2469 5553 Ὃν.
2501 5500 2680 5552 Cois].
2717 5501 2770 5563 2,
2807 5500 2903 5552 ὡν.

2203 5500 2319 5641 ί69)
2352 5572 2534 5643 Καιρῷ
2566 5567 2856 5644 φυόμενον,
2891 5573 2996 5624 etc.
3035 5570 3238 5626 Billius
3273 5587 3285 5625 :
3320 5593 3348 5619 ‹‹
3374 5587 3480 5627 suo
3525 5574 3801 5640 tempore

2132 5659 2385 5699 nascens
2419 5650 2474 5697 et
2498 5658 2604 5696 suo
2635 5647 2903 5712 tempore
2935 5659 3326 5699 marcescens.
3362 5666 3391 5692 »

3393 5839 3476 5900 25
