4070 6416
340 424 463 485 ’185

1130 420 1421 482 ORATIO
1464 420 1600 481 VII.
1633 451 1712 466 —
1740 420 1817 480 IN
1863 421 2183 483 LAUDEM
2231 419 2567 480 CAESAR“
2612 422 2976 479 FRATRIS.

3645 420 3766 479 786

344 574 456 626 ειμι
484 572 496 584 ’
534 551 624 606 καὶ
656 550 755 606 οὐκ
783 548 844 621 ἐᾷ
878 570 945 623 με
973 550 1219 604 ἀναπνεῖν
1251 550 1285 618 ἡ
1327 548 1526 612 ἐκεῖθεν
1587 546 1733 620 δόξα,
1786 548 1877 602 καὶ
1936 548 2002 602 τὰ

2123 553 2301 605 morte
2322 549 2806 617 moriamur,cum
2829 550 2909 605 dii
2940 551 3075 607 facti
3108 550 3331 606 simus?
3353 550 3456 607 Hic
3476 568 3570 607 me
3589 551 3771 606 timor

342 641 512 695 ἐκεῖσε
542 638 937 711 δικαιωτήρια’
975 639 1048 692 ὢν
1091 644 1191 706 τῆς
1254 637 1348 709 μὲν
1409 636 1622 714 ἐφίεμαι
1686 638 1854 711 μέχρι
1913 636 2003 690 καὶ

342 735 438 785 τοῦ
479 733 555 803 (3)
605 727 853 783 δύνασθαι
907 725 1085 798 λέγειν
1117 746 1128 757 ·
1176 724 1443 780 Ἐκλείπει
1493 726 1570 787 εἰς
1621 726 1685 780 τὸ
1731 724 2002 799 σωτήριόν

348 840 443 873 σου
514 821 549 886 ἡ
600 819 751 892 ψυχή
833 837 960 887 μου,
1016 816 1082 870 τὰ
1141 812 1198 868 δὲ
1254 814 1460 891 φρίττω
1517 816 1607 869 καὶ
1665 814 2003 891 ἀποστρεφο-

352 928 468 980 μαι.
522 908 724 960 Ἐκεῖνο
781 902 839 959 δὶ
886 903 947 959 οὗ
997 900 1234 971 δέδοικα,
1288 905 1362 976 μή
1421 904 1600 975 μοιτὸ
1633 907 1793 975 σῶμα
1820 907 2003 970 τοῦτο,

349 992 601 1070 διαρῥυὶν
677 991 770 1047 xui
838 990 1149 1069 διαφθαρὲν,
1220 989 1501 1053 παντελῶς
1569 991 1868 1066 οίχήσηται
1928 992 2006 1064 (4)

349 1082 493 1138 ἀλλά
553 1084 628 1155 μή
682 1082 744 1136 τὸ
800 1086 896 1135 τοῦ
954 1085 1087 1135 Θεοῦ
1134 1079 1362 1154 πλάσμα
1406 1080 1468 1134 τὸ
1517 1077 1728 1150 ἔνδοξον
1771 1075 2004 1153 (ἔνδοξον

360 1172 463 1246 γὰρ
520 1172 839 1246 κατορθοῦν,
904 1169 1085 1223 ὥσπερ
1159 1170 1353 1241 ἄτιμον
1422 1168 1776 1243 ἁμαρτάνον),
1838 1166 1888 1221 ἐν
1958 1168 2005 1238 ᾧ

345 1259 534 1333 λόγος,
566 1259 759 1332 νόμος,
794 1258 974 1325 ἐλπὶς,
1005 1259 1102 1325 τήν
1136 1256 1300 1325 αὐτὴν
1348 1262 1464 1318 τοῖς
1512 1256 1742 1331 ἀλόγοις
1781 1256 2003 1328 ἀτιμίαν

343 1352 670 1423 κατακριθῇ,
720 1350 811 1401 καὶ
866 1343 1032 1419 μηδὲν
1083 1344 1250 1400 πλέον
1301 1344 1337 1419 ᾗ
1388 1346 1523 1417 μετὰ
1565 1347 1665 1413 τὴν
1701 1343 2000 1416 διάζευξιν·

345 1436 420 1498 ὡς
470 1431 667 1513 ὄφελόν
718 1456 781 1510 γε
824 1440 943 1496 τοῖς
988 1440 1277 1509 πονηροῖς,
1326 1433 1414 1488 καὶ
1461 1437 1558 1488 τοῦ
1607 1432 1803 1488 ἐκεῖθεν
1837 1432 2006 1509 πυρὸς

347 1523 539 1593 ἄξίοις.

2116 638 2391 709 exagitat,
2424 638 2517 693 hic
2548 638 2672 693 dies
2703 643 3021 709 noctesque
3069 654 3303 694 mecum
3331 644 3630 707 versatur;
3664 655 3771 695 nec

2118 743 2211 781 me
2242 727 2494 782 liberum
2546 727 2825 799 spiritum
2874 729 3087 783 ducere
3136 728 3359 793 sinunt,
3391 728 3527 782 hinc
3575 728 3774 783 futura

2116 815 2323 887 gloria,
2358 815 2493 871 hinc
2544 818 2809 872 futurum
2860 816 3118 871 tribunal
3171 834 3185 871 :
3238 833 3305 871 ex
3353 815 3569 886 quibus
3605 815 3769 872 illam

2116 903 2355 974 quidem
2387 905 2530 960 adeo
2564 910 2795 977 appeto,
2829 910 2896 959 ut
2942 905 3134 960 dicere
3183 906 3403 976 possim
3439 921 3451 957 :
3494 905 3681 973 Deﬁcit
3709 906 3772 959 in

2115 994 2359 1049 salutare
2390 1002 2541 1049 tuum
2575 996 2767 1049 anima
2807 1011 2931 1051 mea
2967 995 3009 1065 ⁸,
3042 994 3152 1049 hoc
3206 998 3401 1049 autem
3454 992 3659 1048 horreo
3712 997 3773 1047 et

2116 1098 2367 1137 aversor.
2403 1082 2517 1138 Nec
2546 1099 2678 1137 vero
2702 1082 2848 1137 illud
2879 1083 3078 1150 timeo,
3111 1099 3185 1137 ne
3217 1081 3361 1136 mihi
3390 1097 3606 1152 corpus
3635 1080 3768 1151 hoc,

2114 1187 2246 1225 cum
2281 1172 2461 1226 semel
2491 1171 2799 1226 defluxerit
2830 1188 2894 1226 ac
2923 1177 3264 1243 corruptum
3299 1171 3491 1238 fuerit,
3525 1186 3769 1241 prorsus

2115 1258 2548 1331 exstinguatur,
2580 1260 2679 1314 sed
2732 1276 2803 1314 ne
2834 1259 3027 1314 nobile
3074 1259 3219 1313 illud
3270 1260 3369 1315 Dei
3419 1258 3768 1330 ﬁgmentum

2113 1346 2332 1415 (nobile
2361 1347 2541 1418 {enim
2595 1351 2704 1416 est,
2755 1364 2888 1402 cum
2936 1347 3111 1402 officii
3153 1347 3243 1402 sui
3280 1364 3556 1402 numeros
3588 1347 3771 1417 probe

2113 1436 2835 1506 explet,quemadmodum
2862 1441 3063 1491 contra
3093 1436 3483 1505 infame,cum
3518 1435 3770 1507 peccat),

2112 1523 2169 1577 in
2195 1540 2311 1595 quo
2334 1529 2425 1579 est
2445 1524 2614 1593 ratio,
2634 1524 2745 1591 lex,
2789 1542 2923 1596 spes
2964 1526 3187 1591 eadem,
3230 1542 3345 1595 qua
3383 1542 3452 1579 ea
3512 1524 3777 1578 animan-

347 1616 448 1684 tia,
482 1632 609 1686 quas
639 1613 881 1669 rationis
912 1613 1172 1685 expertia
1209 1619 1368 1683 sunt,
1400 1612 1727 1685 ignominia
1760 1612 2097 1680 mulctetur,
2131 1612 2435 1685 nihiloque
2471 1613 2709 1669 meliore
2759 1619 2892 1686 post
2945 1619 3194 1669 mortem
3240 1613 3574 1669 conditione
3622 1611 3698 1668 sit
3757 1630 3771 1667 :

346 1703 847 1775 quemadmodum
880 1702 1165 1773 improbis
1189 1701 1551 1769 hominibus,
1587 1706 1764 1772 atque
1793 1702 1924 1772 igne
1951 1699 2053 1756 illo
2086 1701 2305 1773 dignis,
2330 1702 2655 1772 optandum
2686 1706 2859 1758 esset.
3774 1782 3777 1783 ν

420 1791 533 1844 Kl".
572 1788 698 1846 Εἴθε
727 1789 1059 1864 νεκρώσαιμι
1117 1790 1184 1843 τὰ
1248 1788 1390 1862 μέλη
1444 1790 1511 1844 τὰ
1564 1788 1650 1842 ἐπὶ
1708 1794 1809 1856 τῆς
1856 1787 2000 1861 γῆςὶ

2182 1789 2346 1845 ΧΧΙΙ.
2382 1790 2618 1845 Utinam
2653 1792 2939 1857 membra,
2971 1808 3103 1862 quas
3149 1806 3327 1862 super
3361 1794 3577 1844 terram
3611 1794 3776 1844 sunt»

344 1876 472 1942 Ei'ﬁs
521 1879 701 1933 πάντα
750 1877 830 1951 τῷ
879 1878 1143 1949 πνεύματι
1201 1876 1594 1950 δαπανήσαιμι,
1666 1877 1766 1945 τὴν
1817 1878 2005 1945 στενήν

346 1966 434 2021 καὶ
469 1966 677 2043 ὀλίγοις
712 1969 887 2043 βατήν
920 1964 1165 2038 ὁδεύσας,
1216 1968 1292 2039 μὴ
1324 1969 1423 2035 τὴν
1474 1966 1732 2021 πλατεῖαν
1780 1966 1868 2019 καὶ
1921 1963 2008 2019 ἅν-

348 2056 497 2113 ετονι
533 2058 619 2118 Ὠς
650 2055 716 2110 τά
761 2077 824 2130 γε
871 2058 1005 2129 μετὰ
1045 2060 1210 2110 τοῦτο
1262 2054 1490 2131 λαμπρά
1528 2056 1617 2108 καὶ
1654 2052 1886 2129 μεγάλα,
1918 2054 2009 2108 καὶ

352 2146 551 2218 μείζων
602 2148 637 2215 ἣ
686 2146 819 2201 κατά
868 2148 944 2219 (5)
991 2147 1089 2214 τήν
1145 2145 1289 2215 ἀξίαν
1325 2143 1502 2206 ἐλπίς.
1536 2144 1596 2197 Τί
1629 2143 1767 2197 ἐστιν
1796 2143 2007 2217 ἅνθρωο

346 2256 471 2302 πος,
532 2234 616 2290 ὅτι
677 2237 957 2308 μιμνήσκῃ
1013 2236 1090 2308 (6)
1149 2233 1360 2303 uinco;
1410 2231 1473 2288 Τί
1528 2234 1591 2288 τὸ
1630 2232 1814 2287 καινὸν
1846 2236 2008 2287 τοῦτο

346 2324 471 2400 περὶ
530 2323 628 2397 ἐμὶ
690 2327 1024 2399 μυστήριονς
1081 2321 1294 2398 Μικρός
1349 2322 1462 2396 είμι
1516 2322 1606 2375 xui
1668 2322 1853 2397 μέγας,
1913 2341 2008 2375 τα-

350 2413 533 2473 πεινὸς
580 2411 670 2465 καὶ
732 2411 963 2485 ὑψηλὸς,
1027 2412 1221 2481 θνητὸς
1284 2411 1374 2465 καὶ
1432 2411 1714 2479 ἀθάνατος,
1773 2409 2009 2485 ἐπίγειος

350 2500 441 2554 καὶ
503 2499 767 2575 οὗράνινς.
811 2501 1021 2555 Ἐκεῖνα
1078 2501 1211 2573 μετά
1264 2504 1361 2553 τοῦ
1411 2498 1558 2554 κάτω
1587 2499 1819 2572 κόσμοῦ,
1844 2503 2011 2553 ταῦτα

355 2590 488 2661 μετὰ
545 2594 642 2642 τοῦ
700 2593 853 2644 Θεοῦ·
911 2589 1086 2643 ἐκεῖνα
1120 2588 1253 2660 μετά
1280 2595 1380 2657 τῆς
1427 2588 1646 2663 σαρκὸς,
1676 2592 1845 2641 ταῦτα
1878 2587 2012 2660 μετά

348 2682 444 2731 τοῦ
492 2678 821 2749 πνεύματος.
854 2679 1068 2752 Χριστῷ
1124 2676 1449 2753 συνταφῆναί
1510 2698 1577 2749 με
1636 2674 1739 2746 δεῖ,
1789 2680 2011 2751 Χριστῷ

352 2773 760 2836 συναναστῆναι,
830 2764 1346 2842 συγκληρονομῆσαι
1422 2767 1659 2841 Χριστῷ,
1733 2765 1847 2818 υἱὸν
1916 2786 2010 2838 γε·

351 2856 527 2909 νέσθαι
560 2860 713 2927 Θεοῦ,
748 2856 875 2910 Θεὸν
922 2855 1080 2910 αὐτόν
1295 2860 1482 2930 Ὡρᾶτε
1531 2859 1629 2908 ποῖ
1672 2854 1877 2927 προῖὼν
1932 2854 2009 2926 (8)

353 2943 587 3018 ἀνήγαγε
629 2947 777 3016 ἡμᾶς
828 2946 856 2998 ὁ
901 2942 1085 3019 λόγος.
1136 2948 1346 3018 Μικροῦ
1400 2943 1489 2997 καὶ
1538 2942 1698 3019 χάριν
1744 2940 2012 3017 ὁμολογῶ

353 3036 430 3103 τῷ
461 3031 635 3104 πάθει,
687 3034 732 3103 ᾦ
780 3036 1005 3087 τοιαῦτα
1052 3030 1445 3110 ἐφιλοσόφησα,
1499 3031 1587 3085 καὶ
1631 3029 1701 3085 δι’
1731 3030 1761 3085 ὅ
1795 3028 2008 3103 μᾶλλον

352 3118 581 3195 ἐραστὴς
626 3116 891 3195 ἐγενόμην
923 3127 1024 3189 τῆς
1075 3117 1281 3175 ἐνθένδε
1331 3120 1769 3181 ἀπαναστάσεως.
1839 3124 2008 3175 Τοῦτο

350 3211 485 3281 ἡμῖν
533 3210 596 3263 τὸ
660 3209 800 3283 μέγα
870 3210 1164 3283 μυστήριον
1238 3208 1535 3284 βοολεται’
1587 3213 1750 3262 τοῦτο
1797 3210 1936 3280 ἡμῖν
1981 3209 2009 3262 ὁ

353 3297 775 3374 ἐνανθρωπήσας
827 3296 894 3352 δι’
947 3300 1094 3369 ἡμᾶς
1168 3298 1255 3351 xui
1332 3297 1656 3373 πτωχεύσας
1718 3297 1867 3367 Θεὸς,
1924 3294 2014 3350 ’ίνα

351 3386 625 3461 ἀναστήσῃ
676 3387 776 3455 τήν
830 3387 1018 3462 σάρκα,
1071 3386 1160 3440 καὶ
1210 3387 1549 3455 ἀνασώσηται
1588 3387 1688 3454 τὴν
1723 3384 1903 3439 εἰκόνα
1935 3387 2013 3459 (9)

352 3496 440 3528 και
495 3474 776 3548 ἀναπλάσῃ
824 3476 917 3529 τὸν
969 3472 1272 3549 ἄνθρωπον,
1310 3472 1401 3527 ’ίνα
1448 3474 1731 3549 γενώμεθα
1779 3474 1830 3527 oi.
1879 3475 2014 3528 πάν-

352 3584 440 3623 τες
473 3558 523 3616 ἔν
561 3562 611 3617 ἐν
671 3565 889 3637 Χριστῷ
947 3564 1224 3639 γενομένῳ
1279 3563 1345 3617 τὰ
1384 3562 1554 3617 πάντα
1594 3561 1653 3617 ἐκ
1682 3569 1841 3617 πᾶσιν
1874 3565 2009 3635 ἡμῖν

356 3650 603 3723 τελείως,
663 3652 758 3706 ὅσα
801 3651 901 3727 πέρ
950 3651 1088 3707 ἐστιν
1144 3651 1303 3713 αὐτὸς
1354 3654 1491 3724 (i0),
1519 3650 1607 3705 'ivu
1636 3653 1830 3723 μηκέτι
1864 3654 2011 3725 ὦμεν

354 3737 510 3815 sese
566 3740 654 3793 xui
704 3738 865 3811 θῆλυ,
896 3735 1186 3816 βάρϐαρος,
1223 3739 1457 3810 Σκύθης,
1509 3738 1732 3810 δοῦλος,
1792 3738 2008 3804 ἐλεύθε-

352 3848 466 3901 ρος,
498 3828 565 3883 τὰ
618 3836 718 3898 τῆς
749 3830 944 3905 σαρκὸς
984 3828 1355 3905 γνωρίσματα,
1420 3827 1583 3901 μόνον
1640 3827 1697 3883 δὲ
1756 3830 2005 3906 φέρωμεν

348 3915 399 3969 ἐν
444 3918 579 3989 ἡμῖν
627 3918 813 3979 αὐτοῖς
860 3920 950 3972 τὸν
999 3924 1140 3981 θεῖον
1187 3920 1299 3991 (11)
1345 3925 1686 3993 χαρακτῆρα,
1749 3919 1877 3993 παρ’
1945 3918 2007 3972 οὗ

346 4005 436 4057 καὶ
490 4005 566 4066 εἷς
626 4007 683 4060 ’ὸν
712 4006 1034 4082 γεγόναμεν,
1093 4010 1348 4061 τοσοῦτον
1406 4007 1494 4060 ἀπ’
1552 4007 1717 4061 αὐτοῦ
1780 4028 2007 4084 μορφω-

351 4091 527 4155 θέντες
582 4094 671 4147 καὶ
727 4095 1081 4167 τυπωθὲντες,
1141 4096 1279 4149 ὥστε
1335 4095 1423 4148 καὶ
1481 4095 1587 4149 ἀπὸ
1639 4095 1808 4167 μόνου
1840 4097 2006 4170 γινώ-

349 4182 589 4237 σκεσθαι.

418 4360 531 4415 ΚΔ’.
594 4359 691 4414 Καὶ
754 4358 837 4429 εἴη
892 4360 986 4432 μὲν
1042 4380 1105 4434 γε
1161 4359 1293 4436 ὅπερ
1346 4358 1663 4434 ἐλπίζομεν,
1720 4362 1857 4416 κατὰ
1906 4363 2007 4432 τὴν

352 4446 595 4520 μεγάλην
629 4445 761 4503 Θεοῦ
806 4452 903 4503 τοῦ
966 4446 1358 4524 μεγαλοδώρου
1406 4448 1850 4527 φιλανθρωπίαν
1917 4449 1999 4524 ὅς,

2119 1879 2497 1934 mortificem"
2516 1880 2528 1933 ί
2544 1878 2778 1935 Utinam
2803 1880 2997 1935 omnia
3020 1897 3121 1951 per
3142 1879 3416 1951 spiritum
3439 1879 3771 1947 absumam,

2121 1973 2279 2023 arcta
2306 1967 2420 2037 via,
2471 1973 2527 2023 et
2576 1985 2693 2039 qua
2738 1969 2904 2040 pauci
2962 1969 3315 2040 gradiuntur
3342 1969 3383 2038 ⁸,
3414 1985 3530 2023 non
3574 1970 3771 2022 autem

2118 2057 2237 2112 lata
2266 2061 2324 2112 et
2351 2057 2505 2112 facili
2554 2057 2832 2113 incedens
2863 2058 2914 2111 οι
2950 2057 3165 2129 Magna
3210 2057 3367 2112 enim
3418 2056 3675 2128 profecto
3715 2060 3773 2109 et

2118 2144 2423 2201 luculenta
2454 2151 2592 2201 sunt
2621 2163 2707 2213 ea,
2744 2163 2871 2218 quas
2907 2151 3111 2217 postea
3156 2149 3506 2216 sequuntur,
3538 2160 3605 2199 ac
3635 2160 3769 2214 spes

2120 2234 2395 2289 meritum
2448 2239 2717 2290 nostrum
2762 2238 2819 2289 et
2857 2234 3203 2306 dignitatem
3236 2234 3480 2289 excedit.
3514 2233 3663 2301 Quid
3690 2237 3773 2287 est

2119 2322 2303 2389 homo,
2322 2324 2473 2394 quod
2498 2339 2707 2379 memor
2727 2340 2780 2379 es
2809 2324 2927 2387 eius
2954 2322 3048 2377 ‘°?
3079 2324 3385 2388 Quodnam
3414 2322 3525 2377 hoc
3556 2338 3772 2377 novum

2120 2411 2341 2466 circum
2375 2428 2467 2466 me
2500 2411 2892 2483 mysterium?
2942 2412 3161 2467 Parvus
3206 2427 3339 2467 sum
3393 2416 3450 2465 et
3498 2426 3774 2482 magnus,

2120 2499 2364 2555 humilis
2396 2505 2452 2555 et
2481 2500 2767 2570 excelsus,
2796 2500 3063 2556 mortalis
3092 2504 3147 2554 et
3180 2498 3555 2568 immortalis,
3588 2504 3776 2553 terre-

2121 2605 2233 2643 nus
2263 2592 2318 2643 et
2347 2587 2615 2644 cmlestis.
2650 2587 2758 2643 llla
2787 2605 2921 2643 cum
2953 2588 3215 2643 inferiori
3246 2587 3356 2642 hoc
3385 2586 3628 2654 mundo,
3653 2586 3777 2641 hac

2120 2693 2253 2731 cum
2291 2682 2402 2732 Deo
2428 2695 2441 2745 ;
2465 2676 2567 2732 illa
2587 2693 2719 2732 cum
2752 2694 2945 2747 carne,
2973 2677 3089 2731 haec
3110 2692 3245 2731 cum
3277 2675 3513 2747 spiritu.
3538 2674 3777 2746 Oportet

2125 2782 2219 2820 me
2248 2782 2382 2821 cum
2414 2765 2643 2821 Christo
2676 2764 2907 2837 sepeliri
2942 2764 3094 2821 215
3139 2781 3274 2820 cum
3307 2763 3532 2819 Christo
3581 2779 3777 2819 resur-

2120 2871 2275 2926 gere,
2337 2853 2552 2909 Christi
2605 2854 2964 2910 cohaaredem
3012 2870 3165 2921 esse,
3216 2853 3403 2907 ﬁlium
3454 2853 3555 2907 Dei
3626 2851 3777 2922 fieri,

2121 2949 2296 3015 atque
2326 2943 2468 2998 adeo
2518 2948 2702 2999 Deum
2755 2942 2973 3014 ipsum.
3023 2943 3222 2997 Videte
3272 2958 3388 3013 quo
3434 2958 3541 2997 nos
3590 2941 3774 2997 oratio

2122 3032 2502 3105 progrediens
2532 3033 2771 3088 tandem
2803 3033 3074 3087 evexerit.
3125 3032 3337 3086 Parum
3391 3031 3577 3102 abest,
3628 3030 3775 3102 quin

2122 3121 2439 3176 calamitati
2468 3122 2687 3193 gratias
2717 3121 2893 3177 etiam
2925 3121 3195 3187 habeam,
3232 3121 3290 3175 in
3322 3123 3495 3191 cujus
3524 3120 3776 3192 gratiam

2123 3211 2244 3267 haec
2277 3209 2549 3277 disserui,
2584 3214 2641 3265 et
2671 3228 2799 3282 quae
2831 3210 2976 3265 mihi
3026 3211 3221 3281 majus
3270 3227 3339 3265 ex
3380 3208 3491 3264 hac
3520 3209 3639 3264 vita
3669 3208 3779 3264 mi-

2123 3300 2330 3372 grandi
2361 3299 2718 3354 desiderium
2744 3300 2967 3369 injecit.
2994 3299 3112 3354 Hoc
3134 3299 3303 3354 nobis
3327 3314 3607 3371 magnum
3633 3296 3779 3353 illud

2126 3388 2470 3461 mysterium
2504 3388 2775 3460 designat
2822 3404 2836 3441 :
2870 3388 2981 3443 hoc
3031 3388 3200 3442 nobis
3234 3388 3410 3454 Deus,
3446 3387 3548 3458 qui
3580 3391 3781 3442 nostra

2124 3493 2301 3532 causa
2334 3476 2765 3532 humanitatem
2802 3476 3080 3547 suscepit,
3104 3493 3170 3531 ac
3204 3492 3428 3547 pauper
3455 3476 3646 3531 factus
3668 3481 3780 3543 est,

2124 3571 2187 3620 ut
2192 3566 2215 3636 j
2224 3571 2487 3620 acsntem
2503 3581 2740 3621 carnem
2757 3565 3003 3637 erigeret
3017 3570 3072 3619 et
3086 3565 3141 3618 in
3158 3563 3623 3619 incolumitatem
3637 3564 3782 3619 ima-

2120 3655 2242 3725 gini
2283 3653 2537 3719 aﬁ‘erret,
2588 3653 3010 3725 hominemque
3055 3654 3431 3717 instauraret,
3466 3657 3529 3707 ut
3570 3669 3777 3708 omnes

2118 3758 2303 3797 unum
2336 3742 2663 3797 efficiamur
2693 3742 2753 3797 in
2785 3742 3033 3809 Christo,
3069 3740 3169 3812 qui
3193 3741 3443 3812 perfecte
3476 3743 3662 3796 factus
3686 3746 3777 3796 est

2117 3832 2175 3886 in
2209 3831 2483 3885 omnibus
2519 3832 2686 3886 nobis
2717 3831 2917 3885 omnia
2958 3846 3323 3901 quascunque
3370 3831 3495 3902 ipse
3526 3833 3616 3885 est
3645 3848 3658 3897 ;
3711 3836 3777 3886 ut

2109 3920 2235 3989 jam
2267 3936 2383 3975 non
2415 3920 2603 3974 simus
2636 3919 2937 3975 masculus
2983 3924 3039 3974 et
3088 3919 3328 3986 femina,
3381 3919 3666 3974 barbarus
3717 3926 3774 3975 et

2116 4008 2351 4079 Scytha,
2378 4024 2582 4064 servus
2611 4013 2668 4063 et
2696 4008 2844 4064 liber
2875 4010 2942 4078 ίί,
2966 4025 3095 4079 quae
3125 4012 3266 4063 sunt
3294 4008 3488 4063 carnis
3513 4007 3773 4079 insignia

2114 4102 2170 4152 et
2200 4097 2566 4166 discrimina,
2600 4098 2701 4153 sed
2736 4097 2919 4152 solam
2952 4098 3076 4164 Dei,
3119 4114 3153 4152 a
3207 4113 3320 4167 quo
3370 4102 3429 4151 et
3476 4097 3547 4151 ob
3592 4114 3770 4168 quem

2113 4187 2289 4242 creati
2318 4192 2753 4250 sumus,notam
2776 4187 2834 4241 in
2860 4186 3028 4243 nobis
3051 4190 3586 4257 geramus,tantum
3608 4187 3679 4241 ab
3703 4204 3770 4242 eo

2117 4275 2417 4331 informati
2473 4281 2532 4331 et
2552 4276 2916 4346 impressi,ut
2947 4293 3013 4331 ex
3042 4276 3168 4347 ipso
3200 4274 3325 4330 solo
3357 4291 3768 4347 agnoscamur.

2185 4365 2372 4420 XXIV.
2406 4371 2600 4436 Atque
2632 4365 2859 4421 utinam
2892 4366 3131 4436 quidem
3161 4365 3349 4420 simus
3383 4366 3541 4436 quod
3573 4382 3771 4435 spera-

2113 4455 2601 4521 mus,secundum
2626 4470 2899 4526 magnam
2920 4454 3181 4510 munifici
3198 4454 3300 4510 Dei
3323 4454 3767 4526 benignitatem;

352 4536 519 4609 μικρὰ
574 4536 757 4604 αἰτῶν,
820 4536 1033 4611 μεγάλα
1079 4537 1360 4611 χαρίζεται
1409 4542 1501 4591 νῦν
1551 4559 1609 4593 τε
1656 4538 1745 4593 καὶ
1796 4538 1872 4601 εἷς
1909 4540 2000 4595 τὸν

2123 4542 2211 4612 qui
2246 4559 2422 4612 parva
2450 4547 2676 4613 petens,
2710 4542 2965 4596 maxima
3014 4543 3107 4607 iis,
3161 4542 3261 4613 qui
3306 4543 3532 4597 sincero
3583 4542 3768 4597 animi

347 4621 532 4678 ἔπειτα
580 4624 775 4699 χρόνον
834 4631 951 4687 τοῖς
1001 4627 1240 4702 γνησίως
1290 4626 1449 4682 αὐτὸν
1482 4626 1771 4702 ἀγαπῶσι·
1832 4630 2006 4683 πάντα

414 4822 436 4856 ⁸
465 4820 623 4880 Psal.
662 4838 856 4892 cxvm,
886 4824 976 4878 81.
1055 4825 1075 4857 ⁷
1105 4823 1324 4881 Coloss.
1358 4842 1442 4894 ιιι,
1474 4826 1530 4881 5.
1605 4826 1627 4860 ⁸
1658 4824 1862 4883 Matth.
1895 4842 1994 4893 vn,

2189 4827 2210 4860 ⁹
2240 4825 2382 4882 ibid.
2420 4826 2507 4882 13.
2584 4827 2627 4861 ¹⁰
2658 4826 2809 4883 Psal.
2841 4843 2963 4894 VIII,
2992 4828 3051 4884 5.

520 5010 697 5089 Μέχρι
728 5011 818 5066 καὶ
849 5017 967 5089 τοῦ.
1002 5019 1139 5089 Reg.
1173 5015 1277 5082 hu,
1328 5015 1425 5089 01:.
1460 5016 1514 5089 ‘1‘,
1549 5015 1714 5089 μέχρι
1744 5012 1841 5089 τοῦ
1872 5012 1987 5089 καί.

437 5084 510 5151 4)·
540 5083 877 5158 Οἷχῆσηται.
920 5087 1062 5158 Reg.
1089 5083 1198 5157 hu,
1230 5091 1350 5143 tres
1380 5083 1563 5155 Colb.,
1606 5083 1702 5144 01-.
1755 5088 1808 5153 1,
1841 5084 1997 5155 οἰκή-

341 5174 728 5313 σιὲῗῖΜείζων
760 5225 797 5294 ἢ
826 5224 980 5280 κατά.
1016 5229 1157 5301 Reg.
1200 5228 1303 5295 hu,
1353 5233 1411 5285 et
1459 5229 1558 5285 Or.
1611 5232 1662 5297 1,
1727 5226 1926 5301 μείζων
1957 5228 1993 5297 ἢ

333 5317 830 5444 ῗαῖθιίΜιμνήσκῃ.
866 5369 962 5444 Sic
993 5370 1174 5444 Regg.
1222 5372 1349 5443 bm,
1401 5371 1504 5439 hu,
1557 5374 1675 5425 tres
1724 5370 1883 5426 Colb.
1938 5377 1997 5428 et

337 5439 434 5494 Or.
468 5442 523 5513 Δ1.
557 5442 753 5513 Editi,
779 5439 1103 5513 μιμνήσκεᾷ

408 5510 638 5592 Θεὸν
698 5510 881 5566 αὑτόν.
942 5514 1117 5571 Cois].
1176 5515 1196 5570 Ι
1264 5514 1429 5569 addit
1481 5510 1783 5582 κληθῆναι,
1818 5535 1847 5562 ‹‹
1892 5531 1994 5570 vo-

337 5598 620 5743 “(Parim
665 5654 899 5727 προϊών.
955 5657 1094 5731 Reg.
1144 5657 1250 5728 hu,
1299 5660 1418 5713 tres
1468 5655 1628 5713 Colb.
1662 5657 1756 5713 0r.
1820 5659 1871 5728 1,
1940 5658 1997 5710 οἴ

334 5743 441 5798 προ
454 5746 567 5781 ιων.

2115 4630 2323 4684 affectu
2356 4644 2490 4683 eum
2522 4635 2746 4697 amant,
2768 4637 2826 4685 et
2854 4647 3009 4685 nunc
3040 4636 3097 4686 et
3126 4631 3185 4685 in
3218 4631 3416 4686 futuro
3447 4647 3565 4686 aevo
3597 4630 3768 4701 largi-

3138 4829 3182 4863 “
3216 4826 3339 4883 Gal.
3376 4843 3462 4893 III,
3490 4827 3579 4880 28.

2179 5016 2254 5088 (8)
2287 5015 2657 5086 ’Λνασώσηται
2704 5016 2805 5083 τὴν
2856 5010 3056 5073 εἰκόνα,
3121 5036 3148 5068 a
3192 5015 3516 5088 Imaginem
3568 5015 3761 5071 salva-

2109 5093 2215 5142 ret.
2252 5110 2281 5136 ›)

2177 5160 2283 5231 (10)
2317 5160 2456 5215 Ὅσα
2483 5158 2601 5233 περ,
2617 5156 2757 5233 ἐστιν
2787 5158 2966 5233 αὑτός.
2995 5182 3025 5233 ις
3056 5161 3430 5233 Quascunqua
3455 5158 3582 5229 ipse
3612 5163 3755 5212 est.»

2105 5231 2165 5285 id
2184 5227 2484 5311 inmissum
2514 5227 2769 5311 a'Billio.
2801 5232 2973 5311 Coisl.
3010 5232 3033 5284 1
3074 5227 3395 5311 :lra’zpwciv,

2177 5302 2288 5374 (11)
2318 5300 2417 5355 Τὸν
2453 5303 2618 5371 θεῖον,
2653 5309 2762 5358 etc.
2797 5303 2998 5359 Comb.
3028 5325 3054 5351 ‹‹
3089 5300 3345 5357 divinam
3376 5300 3760 5372 ﬁguram,per

2106 5389 2286 5499 gnam
2319 5381 2377 5429 et
2403 5375 2462 5429 in
2491 5376 2661 5445 cujus
2684 5375 2861 5430 finem
2888 5374 3106 5430 conditi
3130 5390 3377 5440 sumus;
3411 5378 3641 5427 tantum
3674 5374 3759 5426 in-

2147 5461 2177 5499 e
2209 5446 2437 5499 formati
2470 5450 2646 5499 atoue
2692 5446 2987 5499 impressi.
3023 5450 3087 5499 ut
3115 5462 3183 5499 ex
3210 5445 3340 5499 insa
3388 5444 3512 5499 sola
3541 5460 3754 5499 cogno-

2147 5461 2177 5499 e
2209 5446 2437 5501 formati
2470 5444 2646 5516 atque
2692 5446 2987 5516 impressi.
3023 5450 3087 5500 ut
3115 5462 3183 5500 ex
3210 5445 3340 5517 ipsa
3388 5444 3512 5500 sola
3541 5460 3754 5515 cogno-

2106 5533 2361 5573 scamur.
2398 5540 2426 5566 »
2457 5517 2530 5572 Ut
2552 5515 2681 5572 haec
2711 5515 2909 5572 omnia
2953 5517 3145 5589 ipsum
3178 5515 3430 5589 referant
3456 5517 3755 5570 characte-

2108 5604 2251 5653 rem,
2285 5589 2385 5659 qui
2419 5588 2495 5642 sit
2524 5589 2720 5643 divina
2748 5589 2808 5643 in
2842 5588 3011 5644 nobis
3057 5588 3369 5661 impressio
3406 5593 3463 5643 et
3493 5592 3654 5654 nota,
3688 5601 3757 5641 ex

2105 5676 2218 5730 qua
2247 5676 2689 5733 cognoscamur.
