  <div class='ocr_page' id='page_1' title='image "/cluster/home/n/w/nwhite01/storage/ocr_20150623/35:no.1/coo.31924054869320/402.png"; bbox 0 0 4070 6416; ppageno 0'>
   <div class='ocr_carea' id='block_1_1' title="bbox 340 407 459 470">
    <p class='ocr_par' dir='ltr' id='par_1_1' title="bbox 340 407 459 470">
     <span class='ocr_line' id='line_1_1' title="bbox 340 407 459 470; baseline -0.034 -1"><span class='ocrx_word' id='word_1_1' title='bbox 340 407 459 470; x_wconf 83' lang='lat'><strong>793</strong></span> 
     </span>
    </p>
   </div>
   <div class='ocr_carea' id='block_1_2' title="bbox 968 401 3148 465">
    <p class='ocr_par' dir='ltr' id='par_1_2' title="bbox 968 401 3148 465">
     <span class='ocr_line' id='line_1_2' title="bbox 968 401 3148 465; baseline -0.001 -1"><span class='ocrx_word' id='word_1_2' title='bbox 968 401 1259 464; x_wconf 80' lang='lat' dir='ltr'>ORATIO</span> <span class='ocrx_word' id='word_1_3' title='bbox 1302 403 1459 463; x_wconf 79' lang='lat' dir='ltr'>VIII.</span> <span class='ocrx_word' id='word_1_4' title='bbox 1495 436 1573 447; x_wconf 94' lang='lat'>—-</span> <span class='ocrx_word' id='word_1_5' title='bbox 1601 402 1678 462; x_wconf 90' lang='lat' dir='ltr'>IN</span> <span class='ocrx_word' id='word_1_6' title='bbox 1722 403 2050 465; x_wconf 83' lang='lat' dir='ltr'>LAUDEM</span> <span class='ocrx_word' id='word_1_7' title='bbox 2097 403 2430 465; x_wconf 82' lang='lat' dir='ltr'>SORORIS</span> <span class='ocrx_word' id='word_1_8' title='bbox 2480 405 2658 465; x_wconf 68' lang='lat' dir='ltr'>SUAE</span> <span class='ocrx_word' id='word_1_9' title='bbox 2701 405 3148 465; x_wconf 79' lang='lat' dir='ltr'>GORGONLE.</span> 
     </span>
    </p>
   </div>
   <div class='ocr_carea' id='block_1_3' title="bbox 3653 404 3771 464">
    <p class='ocr_par' dir='ltr' id='par_1_3' title="bbox 3653 404 3771 464">
     <span class='ocr_line' id='line_1_3' title="bbox 3653 404 3771 464; baseline 0.017 -2"><span class='ocrx_word' id='word_1_10' title='bbox 3653 404 3771 464; x_wconf 77' lang='grc'>’794</span> 
     </span>
    </p>
   </div>
   <div class='ocr_carea' id='block_1_4' title="bbox 338 534 2003 613">
    <p class='ocr_par' dir='ltr' id='par_1_4' title="bbox 338 534 1993 613">
     <span class='ocr_line' id='line_1_4' title="bbox 338 534 1993 613; baseline -0.002 -19"><span class='ocrx_word' id='word_1_11' title='bbox 338 538 513 607; x_wconf 76' lang='grc' dir='ltr'>καλὴν</span> <span class='ocrx_word' id='word_1_12' title='bbox 567 541 778 613; x_wconf 77' lang='grc' dir='ltr'>χρυσῷ,</span> <span class='ocrx_word' id='word_1_13' title='bbox 836 536 924 590; x_wconf 86' lang='grc' dir='ltr'>καὶ</span> <span class='ocrx_word' id='word_1_14' title='bbox 981 534 1178 604; x_wconf 78' lang='grc' dir='ltr'>λίθοις,</span> <span class='ocrx_word' id='word_1_15' title='bbox 1233 534 1322 588; x_wconf 79' lang='grc' dir='ltr'>καὶ</span> <span class='ocrx_word' id='word_1_16' title='bbox 1370 539 1486 596; x_wconf 84' lang='grc' dir='ltr'>τοῖς</span> <span class='ocrx_word' id='word_1_17' title='bbox 1545 535 1604 589; x_wconf 79' lang='grc' dir='ltr'>ἐκ</span> <span class='ocrx_word' id='word_1_18' title='bbox 1651 536 1853 610; x_wconf 64' lang='grc' dir='ltr'>τέχνης</span> <span class='ocrx_word' id='word_1_19' title='bbox 1903 535 1993 590; x_wconf 82' lang='grc' dir='ltr'>καὶ</span> 
     </span>
    </p>
   </div>
   <div class='ocr_carea' id='block_1_5' title="bbox 2118 534 3772 613">
    <p class='ocr_par' dir='ltr' id='par_1_5' title="bbox 2118 536 3772 609">
     <span class='ocr_line' id='line_1_5' title="bbox 2118 536 3772 609; baseline 0.001 -17"><span class='ocrx_word' id='word_1_20' title='bbox 2118 538 2454 607; x_wconf 79' lang='lat' dir='ltr'>)bservans;</span> <span class='ocrx_word' id='word_1_21' title='bbox 2501 538 2705 593; x_wconf 90' lang='lat' dir='ltr'>multis</span> <span class='ocrx_word' id='word_1_22' title='bbox 2739 542 2936 592; x_wconf 89' lang='lat' dir='ltr'>autem</span> <span class='ocrx_word' id='word_1_23' title='bbox 2981 536 3360 609; x_wconf 88' lang='lat' dir='ltr'>pulchrisque</span> <span class='ocrx_word' id='word_1_24' title='bbox 3401 539 3772 595; x_wconf 78' lang='lat' dir='ltr'>sermonibus</span> 
     </span>
    </p>
   </div>
   <div class='ocr_carea' id='block_1_6' title="bbox 342 622 2001 702">
    <p class='ocr_par' dir='ltr' id='par_1_6' title="bbox 342 622 2001 702">
     <span class='ocr_line' id='line_1_6' title="bbox 342 622 2001 702; baseline -0.001 -22"><span class='ocrx_word' id='word_1_25' title='bbox 342 627 530 702; x_wconf 81' lang='grc' dir='ltr'>χειρὸς</span> <span class='ocrx_word' id='word_1_26' title='bbox 583 623 962 700; x_wconf 74' lang='grc' dir='ltr'>ὡραίσμασινο</span> <span class='ocrx_word' id='word_1_27' title='bbox 1024 622 1057 676; x_wconf 81' lang='grc' dir='ltr'>ἃ</span> <span class='ocrx_word' id='word_1_28' title='bbox 1110 624 1209 691; x_wconf 80' lang='grc' dir='ltr'>τήν</span> <span class='ocrx_word' id='word_1_29' title='bbox 1264 624 1357 695; x_wconf 71' lang='grc' dir='ltr'>μὲν</span> <span class='ocrx_word' id='word_1_30' title='bbox 1393 623 1622 698; x_wconf 77' lang='grc' dir='ltr'>αἰσχρὰν</span> <span class='ocrx_word' id='word_1_31' title='bbox 1657 622 1878 699; x_wconf 78' lang='grc' dir='ltr'>ἐλέγχει</span> <span class='ocrx_word' id='word_1_32' title='bbox 1932 623 2001 697; x_wconf 71' lang='grc' dir='ltr'>τῇ</span> 
     </span>
    </p>
   </div>
   <div class='ocr_carea' id='block_1_7' title="bbox 341 709 2001 790">
    <p class='ocr_par' dir='ltr' id='par_1_7' title="bbox 341 709 2001 790">
     <span class='ocr_line' id='line_1_7' title="bbox 341 709 2001 790; baseline -0.002 -21"><span class='ocrx_word' id='word_1_33' title='bbox 341 715 652 790; x_wconf 72' lang='grc' dir='ltr'>παραθέσει,</span> <span class='ocrx_word' id='word_1_34' title='bbox 700 716 768 786; x_wconf 78' lang='grc' dir='ltr'>τῇ</span> <span class='ocrx_word' id='word_1_35' title='bbox 823 711 967 785; x_wconf 80' lang='grc' dir='ltr'>καλῇ</span> <span class='ocrx_word' id='word_1_36' title='bbox 1022 709 1077 765; x_wconf 78' lang='grc' dir='ltr'>δὲ</span> <span class='ocrx_word' id='word_1_37' title='bbox 1129 712 1189 765; x_wconf 84' lang='grc' dir='ltr'>ού</span> <span class='ocrx_word' id='word_1_38' title='bbox 1243 714 1526 787; x_wconf 79' lang='grc' dir='ltr'>προσθήκη</span> <span class='ocrx_word' id='word_1_39' title='bbox 1576 710 1820 774; x_wconf 78' lang='grc' dir='ltr'>κάλλους</span> <span class='ocrx_word' id='word_1_40' title='bbox 1863 711 2001 766; x_wconf 82' lang='grc' dir='ltr'>ἐστὶν</span> 
     </span>
    </p>
   </div>
   <div class='ocr_carea' id='block_1_8' title="bbox 342 799 2003 876">
    <p class='ocr_par' dir='ltr' id='par_1_8' title="bbox 342 799 2003 876">
     <span class='ocr_line' id='line_1_8' title="bbox 342 799 2003 876; baseline -0.002 -18"><span class='ocrx_word' id='word_1_41' title='bbox 342 805 652 875; x_wconf 85' lang='grc' dir='ltr'>ἡττώμενα.</span> <span class='ocrx_word' id='word_1_42' title='bbox 707 803 850 876; x_wconf 83' lang='grc' dir='ltr'>Ἐγὼ</span> <span class='ocrx_word' id='word_1_43' title='bbox 908 799 967 855; x_wconf 78' lang='grc' dir='ltr'>δὲ</span> <span class='ocrx_word' id='word_1_44' title='bbox 1020 799 1278 855; x_wconf 78' lang='grc' dir='ltr'>τοσοῦτον</span> <span class='ocrx_word' id='word_1_45' title='bbox 1338 806 1416 872; x_wconf 78' lang='grc' dir='ltr'>τῷ</span> <span class='ocrx_word' id='word_1_46' title='bbox 1464 801 1584 875; x_wconf 81' lang='grc' dir='ltr'>περὶ</span> <span class='ocrx_word' id='word_1_47' title='bbox 1634 807 1800 855; x_wconf 70' lang='grc' dir='ltr'>ταῦτα</span> <span class='ocrx_word' id='word_1_48' title='bbox 1831 822 2003 876; x_wconf 91' lang='grc' dir='ltr'>προσ-</span> 
     </span>
    </p>
   </div>
   <div class='ocr_carea' id='block_1_9' title="bbox 344 888 2004 967">
    <p class='ocr_par' dir='ltr' id='par_1_9' title="bbox 344 888 2004 967">
     <span class='ocr_line' id='line_1_9' title="bbox 344 888 2004 967; baseline -0.002 -21"><span class='ocrx_word' id='word_1_49' title='bbox 344 891 696 967; x_wconf 82' lang='grc' dir='ltr'>χρησάμενος</span> <span class='ocrx_word' id='word_1_50' title='bbox 747 890 922 963; x_wconf 87' lang='grc' dir='ltr'>νόμῳ,</span> <span class='ocrx_word' id='word_1_51' title='bbox 976 888 1100 943; x_wconf 77' lang='grc' dir='ltr'>ὅσον</span> <span class='ocrx_word' id='word_1_52' title='bbox 1151 894 1257 943; x_wconf 86' lang='grc' dir='ltr'>τῶν</span> <span class='ocrx_word' id='word_1_53' title='bbox 1306 894 1502 944; x_wconf 78' lang='grc' dir='ltr'>κοινῶν</span> <span class='ocrx_word' id='word_1_54' title='bbox 1535 890 1734 964; x_wconf 91' lang='grc' dir='ltr'>γονέων</span> <span class='ocrx_word' id='word_1_55' title='bbox 1770 889 2004 960; x_wconf 83' lang='grc' dir='ltr'>ἐπιμνη-</span> 
     </span>
    </p>
   </div>
   <div class='ocr_carea' id='block_1_10' title="bbox 344 974 2002 1055">
    <p class='ocr_par' dir='ltr' id='par_1_10' title="bbox 344 974 2002 1055">
     <span class='ocr_line' id='line_1_10' title="bbox 344 974 2002 1055; baseline -0.001 -21"><span class='ocrx_word' id='word_1_56' title='bbox 344 982 534 1049; x_wconf 82' lang='grc' dir='ltr'>σθῆναι</span> <span class='ocrx_word' id='word_1_57' title='bbox 584 979 694 1053; x_wconf 82' lang='grc' dir='ltr'>(καὶ</span> <span class='ocrx_word' id='word_1_58' title='bbox 743 978 843 1055; x_wconf 80' lang='grc' dir='ltr'>γὰρ</span> <span class='ocrx_word' id='word_1_59' title='bbox 896 974 1022 1032; x_wconf 77' lang='grc' dir='ltr'>οὐδὲ</span> <span class='ocrx_word' id='word_1_60' title='bbox 1070 975 1216 1032; x_wconf 74' lang='grc' dir='ltr'>ὅσιον</span> <span class='ocrx_word' id='word_1_61' title='bbox 1276 975 1649 1054; x_wconf 76' lang='grc' dir='ltr'>παραδραμεῖν</span> <span class='ocrx_word' id='word_1_62' title='bbox 1680 978 1879 1055; x_wconf 76' lang='grc' dir='ltr'>ἀγαθοῦ</span> <span class='ocrx_word' id='word_1_63' title='bbox 1910 1000 2002 1033; x_wconf 90' lang='grc' dir='ltr'>το-</span> 
     </span>
    </p>
   </div>
   <div class='ocr_carea' id='block_1_11' title="bbox 345 1063 2001 1143">
    <p class='ocr_par' dir='ltr' id='par_1_11' title="bbox 345 1063 2001 1143">
     <span class='ocr_line' id='line_1_11' title="bbox 345 1063 2001 1143; baseline -0.001 -21"><span class='ocrx_word' id='word_1_64' title='bbox 345 1068 538 1122; x_wconf 89' lang='grc' dir='ltr'>σούτου</span> <span class='ocrx_word' id='word_1_65' title='bbox 566 1067 894 1143; x_wconf 70' lang='grc' dir='ltr'>γεννήτορας</span> <span class='ocrx_word' id='word_1_66' title='bbox 924 1088 982 1122; x_wconf 78' lang='grc' dir='ltr'>τε</span> <span class='ocrx_word' id='word_1_67' title='bbox 1010 1065 1100 1120; x_wconf 84' lang='grc' dir='ltr'>καὶ</span> <span class='ocrx_word' id='word_1_68' title='bbox 1134 1063 1537 1140; x_wconf 80' lang='grc' dir='ltr'>διδασκάλους),</span> <span class='ocrx_word' id='word_1_69' title='bbox 1585 1066 1664 1120; x_wconf 81' lang='grc' dir='ltr'>ἐπ’</span> <span class='ocrx_word' id='word_1_70' title='bbox 1713 1066 1878 1134; x_wconf 74' lang='grc' dir='ltr'>αὐτὴν</span> <span class='ocrx_word' id='word_1_71' title='bbox 1927 1067 2001 1129; x_wconf 84' lang='grc' dir='ltr'>ὡς</span> 
     </span>
    </p>
   </div>
   <div class='ocr_carea' id='block_1_12' title="bbox 339 1154 2001 1231">
    <p class='ocr_par' dir='ltr' id='par_1_12' title="bbox 339 1154 2001 1231">
     <span class='ocr_line' id='line_1_12' title="bbox 339 1154 2001 1231; baseline 0 -21"><span class='ocrx_word' id='word_1_72' title='bbox 339 1156 570 1231; x_wconf 82' lang='grc' dir='ltr'>τάχιστα</span> <span class='ocrx_word' id='word_1_73' title='bbox 596 1154 780 1231; x_wconf 85' lang='grc' dir='ltr'>τρέψω</span> <span class='ocrx_word' id='word_1_74' title='bbox 807 1156 900 1210; x_wconf 84' lang='grc' dir='ltr'>τὸν</span> <span class='ocrx_word' id='word_1_75' title='bbox 934 1154 1128 1230; x_wconf 87' lang='grc' dir='ltr'>λόγον,</span> <span class='ocrx_word' id='word_1_76' title='bbox 1157 1155 1248 1208; x_wconf 83' lang='grc' dir='ltr'>καὶ</span> <span class='ocrx_word' id='word_1_77' title='bbox 1281 1154 1341 1208; x_wconf 82' lang='grc' dir='ltr'>ού</span> <span class='ocrx_word' id='word_1_78' title='bbox 1376 1155 1642 1228; x_wconf 85' lang='grc' dir='ltr'>ζημιώσω</span> <span class='ocrx_word' id='word_1_79' title='bbox 1669 1159 1774 1208; x_wconf 80' lang='grc' dir='ltr'>τῶν</span> <span class='ocrx_word' id='word_1_80' title='bbox 1803 1157 1870 1210; x_wconf 68' lang='grc' dir='ltr'>τὰ</span> <span class='ocrx_word' id='word_1_81' title='bbox 1889 1155 2001 1210; x_wconf 85' lang='grc' dir='ltr'>κεί-</span> 
     </span>
    </p>
   </div>
   <div class='ocr_carea' id='block_1_13' title="bbox 338 1244 1208 1313">
    <p class='ocr_par' dir='ltr' id='par_1_13' title="bbox 338 1244 1208 1313">
     <span class='ocr_line' id='line_1_13' title="bbox 338 1244 1208 1313; baseline -0.001 -14"><span class='ocrx_word' id='word_1_82' title='bbox 338 1266 433 1313; x_wconf 88' lang='grc' dir='ltr'>νης</span> <span class='ocrx_word' id='word_1_83' title='bbox 457 1244 862 1313; x_wconf 80' lang='grc' dir='ltr'>ἐπιζητούντων</span> <span class='ocrx_word' id='word_1_84' title='bbox 892 1244 986 1298; x_wconf 87' lang='grc' dir='ltr'>τὸν</span> <span class='ocrx_word' id='word_1_85' title='bbox 1017 1244 1208 1298; x_wconf 80' lang='grc' dir='ltr'>πόθον.</span> 
     </span>
    </p>
   </div>
   <div class='ocr_carea' id='block_1_14' title="bbox 2114 625 3771 697">
    <p class='ocr_par' dir='ltr' id='par_1_14' title="bbox 2114 625 3771 697">
     <span class='ocr_line' id='line_1_14' title="bbox 2114 625 3771 697; baseline 0.002 -18"><span class='ocrx_word' id='word_1_86' title='bbox 2114 626 2355 680; x_wconf 91' lang='lat' dir='ltr'>minime</span> <span class='ocrx_word' id='word_1_87' title='bbox 2388 643 2628 696; x_wconf 81' lang='lat' dir='ltr'>prorsus</span> <span class='ocrx_word' id='word_1_88' title='bbox 2663 627 3044 691; x_wconf 89' lang='lat' dir='ltr'>destituetur;</span> <span class='ocrx_word' id='word_1_89' title='bbox 3080 625 3128 680; x_wconf 89' lang='lat' dir='ltr'>si</span> <span class='ocrx_word' id='word_1_90' title='bbox 3160 643 3286 680; x_wconf 82' lang='lat' dir='ltr'>eam</span> <span class='ocrx_word' id='word_1_91' title='bbox 3338 644 3570 697; x_wconf 89' lang='lat' dir='ltr'>quoque</span> <span class='ocrx_word' id='word_1_92' title='bbox 3600 630 3771 684; x_wconf 75' lang='lat' dir='ltr'>exiis</span> 
     </span>
    </p>
   </div>
   <div class='ocr_carea' id='block_1_15' title="bbox 2115 715 3771 785">
    <p class='ocr_par' dir='ltr' id='par_1_15' title="bbox 2115 715 3771 785">
     <span class='ocr_line' id='line_1_15' title="bbox 2115 715 3771 785; baseline 0.002 -17"><span class='ocrx_word' id='word_1_93' title='bbox 2115 731 2242 785; x_wconf 62' lang='lat' dir='ltr'>qum</span> <span class='ocrx_word' id='word_1_94' title='bbox 2273 720 2411 769; x_wconf 86' lang='lat' dir='ltr'>sunt</span> <span class='ocrx_word' id='word_1_95' title='bbox 2439 716 2692 770; x_wconf 83' lang='lat' dir='ltr'>exterius</span> <span class='ocrx_word' id='word_1_96' title='bbox 2723 731 3006 770; x_wconf 82' lang='lat' dir='ltr'>exornare</span> <span class='ocrx_word' id='word_1_97' title='bbox 3039 715 3307 784; x_wconf 88' lang='lat' dir='ltr'>voluerit,</span> <span class='ocrx_word' id='word_1_98' title='bbox 3345 733 3455 770; x_wconf 91' lang='lat' dir='ltr'>non</span> <span class='ocrx_word' id='word_1_99' title='bbox 3490 734 3660 771; x_wconf 89' lang='lat' dir='ltr'>secus</span> <span class='ocrx_word' id='word_1_100' title='bbox 3691 723 3771 772; x_wconf 90' lang='lat' dir='ltr'>at-</span> 
     </span>
    </p>
   </div>
   <div class='ocr_carea' id='block_1_16' title="bbox 2114 804 3770 876">
    <p class='ocr_par' dir='ltr' id='par_1_16' title="bbox 2114 804 3770 876">
     <span class='ocr_line' id='line_1_16' title="bbox 2114 804 3770 876; baseline 0.001 -19"><span class='ocrx_word' id='word_1_101' title='bbox 2114 821 2224 874; x_wconf 92' lang='lat' dir='ltr'>que</span> <span class='ocrx_word' id='word_1_102' title='bbox 2245 809 2614 874; x_wconf 71' lang='lat' dir='ltr'>praestantem</span> <span class='ocrx_word' id='word_1_103' title='bbox 2639 807 2959 876; x_wconf 89' lang='lat' dir='ltr'>quamdam</span> <span class='ocrx_word' id='word_1_104' title='bbox 2984 805 3138 861; x_wconf 80' lang='grc'><strong>220</strong></span> <span class='ocrx_word' id='word_1_105' title='bbox 3156 810 3212 858; x_wconf 91' lang='lat' dir='ltr'>et</span> <span class='ocrx_word' id='word_1_106' title='bbox 3231 804 3504 858; x_wconf 78' lang='lat' dir='ltr'>eximiam</span> <span class='ocrx_word' id='word_1_107' title='bbox 3525 805 3770 858; x_wconf 81' lang='lat' dir='ltr'>formam</span> 
     </span>
    </p>
   </div>
   <div class='ocr_carea' id='block_1_17' title="bbox 2112 892 3772 964">
    <p class='ocr_par' dir='ltr' id='par_1_17' title="bbox 2112 892 3772 964">
     <span class='ocr_line' id='line_1_17' title="bbox 2112 892 3772 964; baseline 0.001 -18"><span class='ocrx_word' id='word_1_108' title='bbox 2112 909 2252 947; x_wconf 88' lang='lat' dir='ltr'>auro</span> <span class='ocrx_word' id='word_1_109' title='bbox 2283 899 2339 947; x_wconf 88' lang='lat' dir='ltr'>et</span> <span class='ocrx_word' id='word_1_110' title='bbox 2368 895 2635 964; x_wconf 87' lang='lat' dir='ltr'>gemmis,</span> <span class='ocrx_word' id='word_1_111' title='bbox 2670 901 2843 964; x_wconf 88' lang='lat' dir='ltr'>atque</span> <span class='ocrx_word' id='word_1_112' title='bbox 2888 895 2960 948; x_wconf 92' lang='lat' dir='ltr'>ab</span> <span class='ocrx_word' id='word_1_113' title='bbox 2992 899 3114 948; x_wconf 88' lang='lat' dir='ltr'>arte</span> <span class='ocrx_word' id='word_1_114' title='bbox 3165 899 3221 947; x_wconf 85' lang='lat' dir='ltr'>et</span> <span class='ocrx_word' id='word_1_115' title='bbox 3271 909 3446 946; x_wconf 90' lang='lat' dir='ltr'>manu</span> <span class='ocrx_word' id='word_1_116' title='bbox 3498 892 3772 963; x_wconf 81' lang='lat' dir='ltr'>profectis</span> 
     </span>
    </p>
   </div>
   <div class='ocr_carea' id='block_1_18' title="bbox 2111 980 3772 1052">
    <p class='ocr_par' dir='ltr' id='par_1_18' title="bbox 2111 980 3772 1052">
     <span class='ocr_line' id='line_1_18' title="bbox 2111 980 3772 1052; baseline 0.001 -17"><span class='ocrx_word' id='word_1_117' title='bbox 2111 982 2476 1036; x_wconf 79' lang='lat' dir='ltr'>ornamentis</span> <span class='ocrx_word' id='word_1_118' title='bbox 2508 999 2520 1037; x_wconf 92' lang='lat'>:</span> <span class='ocrx_word' id='word_1_119' title='bbox 2555 999 2681 1052; x_wconf 69' lang='lat' dir='ltr'>quas</span> <span class='ocrx_word' id='word_1_120' title='bbox 2729 983 3048 1036; x_wconf 75' lang='lat' dir='ltr'>deformem</span> <span class='ocrx_word' id='word_1_121' title='bbox 3081 981 3318 1051; x_wconf 84' lang='lat' dir='ltr'>quidem</span> <span class='ocrx_word' id='word_1_122' title='bbox 3354 982 3594 1036; x_wconf 88' lang='lat' dir='ltr'>admotu</span> <span class='ocrx_word' id='word_1_123' title='bbox 3644 980 3772 1051; x_wconf 90' lang='lat' dir='ltr'>ipso</span> 
     </span>
    </p>
   </div>
   <div class='ocr_carea' id='block_1_19' title="bbox 2113 1063 3774 1142">
    <p class='ocr_par' dir='ltr' id='par_1_19' title="bbox 2113 1063 3774 1142">
     <span class='ocr_line' id='line_1_19' title="bbox 2113 1063 3774 1142; baseline 0 -19"><span class='ocrx_word' id='word_1_124' title='bbox 2113 1071 2386 1142; x_wconf 89' lang='lat' dir='ltr'>produnt,</span> <span class='ocrx_word' id='word_1_125' title='bbox 2414 1069 2671 1140; x_wconf 72' lang='lat' dir='ltr'>pulchras</span> <span class='ocrx_word' id='word_1_126' title='bbox 2704 1077 2900 1126; x_wconf 88' lang='lat' dir='ltr'>autem</span> <span class='ocrx_word' id='word_1_127' title='bbox 2934 1063 3161 1125; x_wconf 33' lang='lat' dir='ltr'>nullu‘m</span> <span class='ocrx_word' id='word_1_128' title='bbox 3199 1069 3660 1142; x_wconf 84' lang='lat' dir='ltr'>pulchritudinis</span> <span class='ocrx_word' id='word_1_129' title='bbox 3691 1071 3774 1123; x_wconf 88' lang='lat' dir='ltr'>in-</span> 
     </span>
    </p>
   </div>
   <div class='ocr_carea' id='block_1_20' title="bbox 2111 1159 3768 1230">
    <p class='ocr_par' dir='ltr' id='par_1_20' title="bbox 2111 1159 3768 1230">
     <span class='ocr_line' id='line_1_20' title="bbox 2111 1159 3768 1230; baseline -0.001 -18"><span class='ocrx_word' id='word_1_130' title='bbox 2111 1163 2473 1214; x_wconf 84' lang='lat' dir='ltr'>crementum</span> <span class='ocrx_word' id='word_1_131' title='bbox 2505 1159 2821 1220; x_wconf 76' lang='lat' dir='ltr'>efferendo.</span> <span class='ocrx_word' id='word_1_132' title='bbox 2850 1160 2920 1214; x_wconf 87' lang='lat' dir='ltr'>ab</span> <span class='ocrx_word' id='word_1_133' title='bbox 2953 1175 3019 1214; x_wconf 90' lang='lat' dir='ltr'>ea</span> <span class='ocrx_word' id='word_1_134' title='bbox 3048 1159 3198 1214; x_wconf 90' lang='lat' dir='ltr'>vinci</span> <span class='ocrx_word' id='word_1_135' title='bbox 3227 1159 3768 1230; x_wconf 88' lang='lat' dir='ltr'>deprehenduntur.</span> 
     </span>
    </p>
   </div>
   <div class='ocr_carea' id='block_1_21' title="bbox 2109 1247 3772 1318">
    <p class='ocr_par' dir='ltr' id='par_1_21' title="bbox 2109 1247 3772 1318">
     <span class='ocr_line' id='line_1_21' title="bbox 2109 1247 3772 1318; baseline 0.001 -18"><span class='ocrx_word' id='word_1_136' title='bbox 2109 1247 2228 1317; x_wconf 84' lang='lat' dir='ltr'>Ego</span> <span class='ocrx_word' id='word_1_137' title='bbox 2259 1264 2413 1316; x_wconf 92' lang='lat' dir='ltr'>vero,</span> <span class='ocrx_word' id='word_1_138' title='bbox 2439 1264 2572 1301; x_wconf 91' lang='lat' dir='ltr'>cum</span> <span class='ocrx_word' id='word_1_139' title='bbox 2599 1247 2733 1302; x_wconf 86' lang='lat' dir='ltr'>huic</span> <span class='ocrx_word' id='word_1_140' title='bbox 2764 1247 2899 1318; x_wconf 79' lang='lat' dir='ltr'>legi,</span> <span class='ocrx_word' id='word_1_141' title='bbox 2926 1265 3054 1318; x_wconf 66' lang='lat' dir='ltr'>quae</span> <span class='ocrx_word' id='word_1_142' title='bbox 3089 1267 3145 1302; x_wconf 81' lang='lat' dir='ltr'>in</span> <span class='ocrx_word' id='word_1_143' title='bbox 3176 1248 3247 1303; x_wconf 91' lang='lat' dir='ltr'>iis</span> <span class='ocrx_word' id='word_1_144' title='bbox 3275 1248 3449 1302; x_wconf 91' lang='lat' dir='ltr'>rebus</span> <span class='ocrx_word' id='word_1_145' title='bbox 3474 1248 3772 1302; x_wconf 79' lang='lat' dir='ltr'>observari</span> 
     </span>
    </p>
   </div>
   <div class='ocr_carea' id='block_1_22' title="bbox 341 1334 3773 1407">
    <p class='ocr_par' dir='ltr' id='par_1_22' title="bbox 341 1334 3773 1407">
     <span class='ocr_line' id='line_1_22' title="bbox 341 1334 3773 1407; baseline -0.001 -17"><span class='ocrx_word' id='word_1_146' title='bbox 341 1334 510 1404; x_wconf 81' lang='lat' dir='ltr'>solet,</span> <span class='ocrx_word' id='word_1_147' title='bbox 546 1335 832 1390; x_wconf 83' lang='lat' dir='ltr'>hactenus</span> <span class='ocrx_word' id='word_1_148' title='bbox 863 1350 1132 1407; x_wconf 90' lang='lat' dir='ltr'>paruero,</span> <span class='ocrx_word' id='word_1_149' title='bbox 1171 1338 1233 1389; x_wconf 91' lang='lat' dir='ltr'>ut</span> <span class='ocrx_word' id='word_1_150' title='bbox 1263 1335 1668 1389; x_wconf 89' lang='lat' dir='ltr'>communium</span> <span class='ocrx_word' id='word_1_151' title='bbox 1718 1342 2028 1406; x_wconf 87' lang='lat' dir='ltr'>parentum</span> <span class='ocrx_word' id='word_1_152' title='bbox 2077 1335 2461 1390; x_wconf 89' lang='lat' dir='ltr'>menttionem</span> <span class='ocrx_word' id='word_1_153' title='bbox 2496 1336 2702 1390; x_wconf 87' lang='lat' dir='ltr'>faciam</span> <span class='ocrx_word' id='word_1_154' title='bbox 2736 1338 2944 1407; x_wconf 88' lang='lat' dir='ltr'>(neque</span> <span class='ocrx_word' id='word_1_155' title='bbox 2972 1339 3128 1391; x_wconf 91' lang='lat' dir='ltr'>enim</span> <span class='ocrx_word' id='word_1_156' title='bbox 3162 1338 3246 1391; x_wconf 86' lang='lat' dir='ltr'>fas</span> <span class='ocrx_word' id='word_1_157' title='bbox 3297 1341 3386 1391; x_wconf 91' lang='lat' dir='ltr'>est</span> <span class='ocrx_word' id='word_1_158' title='bbox 3433 1335 3580 1390; x_wconf 88' lang='lat' dir='ltr'>tanti</span> <span class='ocrx_word' id='word_1_159' title='bbox 3631 1334 3773 1390; x_wconf 87' lang='lat' dir='ltr'>boni</span> 
     </span>
    </p>
   </div>
   <div class='ocr_carea' id='block_1_23' title="bbox 344 1423 3772 1497">
    <p class='ocr_par' dir='ltr' id='par_1_23' title="bbox 344 1423 3772 1497">
     <span class='ocr_line' id='line_1_23' title="bbox 344 1423 3772 1497; baseline -0 -18"><span class='ocrx_word' id='word_1_160' title='bbox 344 1430 621 1496; x_wconf 88' lang='lat' dir='ltr'>parentes</span> <span class='ocrx_word' id='word_1_161' title='bbox 653 1441 718 1478; x_wconf 90' lang='lat' dir='ltr'>ac</span> <span class='ocrx_word' id='word_1_162' title='bbox 749 1423 1065 1495; x_wconf 82' lang='lat' dir='ltr'>magistros</span> <span class='ocrx_word' id='word_1_163' title='bbox 1097 1423 1432 1494; x_wconf 62' lang='lat' dir='ltr'>praeterire),</span> <span class='ocrx_word' id='word_1_164' title='bbox 1458 1423 1528 1476; x_wconf 91' lang='lat' dir='ltr'>ad</span> <span class='ocrx_word' id='word_1_165' title='bbox 1563 1423 1752 1494; x_wconf 87' lang='lat' dir='ltr'>ipsam</span> <span class='ocrx_word' id='word_1_166' title='bbox 1779 1423 2086 1477; x_wconf 84' lang='lat' dir='ltr'>confestim</span> <span class='ocrx_word' id='word_1_167' title='bbox 2119 1423 2440 1479; x_wconf 88' lang='lat' dir='ltr'>orationem</span> <span class='ocrx_word' id='word_1_168' title='bbox 2472 1430 2828 1492; x_wconf 83' lang='lat' dir='ltr'>convertam,</span> <span class='ocrx_word' id='word_1_169' title='bbox 2864 1442 2968 1480; x_wconf 89' lang='lat' dir='ltr'>nec</span> <span class='ocrx_word' id='word_1_170' title='bbox 2999 1441 3224 1495; x_wconf 90' lang='lat' dir='ltr'>eorum,</span> <span class='ocrx_word' id='word_1_171' title='bbox 3249 1425 3348 1497; x_wconf 91' lang='lat' dir='ltr'>qui</span> <span class='ocrx_word' id='word_1_172' title='bbox 3381 1441 3578 1480; x_wconf 90' lang='lat' dir='ltr'>rerum</span> <span class='ocrx_word' id='word_1_173' title='bbox 3612 1423 3772 1478; x_wconf 83' lang='lat' dir='ltr'>illius</span> 
     </span>
    </p>
   </div>
   <div class='ocr_carea' id='block_1_24' title="bbox 345 1510 2065 1582">
    <p class='ocr_par' dir='ltr' id='par_1_24' title="bbox 345 1510 2065 1582">
     <span class='ocr_line' id='line_1_24' title="bbox 345 1510 2065 1582; baseline -0.001 -15"><span class='ocrx_word' id='word_1_174' title='bbox 345 1513 741 1568; x_wconf 79' lang='lat' dir='ltr'>narrationem</span> <span class='ocrx_word' id='word_1_175' title='bbox 773 1529 806 1566; x_wconf 89' lang='lat' dir='ltr'>a</span> <span class='ocrx_word' id='word_1_176' title='bbox 837 1529 930 1566; x_wconf 91' lang='lat' dir='ltr'>me</span> <span class='ocrx_word' id='word_1_177' title='bbox 962 1511 1290 1582; x_wconf 85' lang='lat' dir='ltr'>requirunt,</span> <span class='ocrx_word' id='word_1_178' title='bbox 1326 1510 1683 1565; x_wconf 87' lang='lat' dir='ltr'>desiderium</span> <span class='ocrx_word' id='word_1_179' title='bbox 1718 1512 2065 1566; x_wconf 83' lang='lat' dir='ltr'>frustrabor.</span> 
     </span>
    </p>
   </div>
   <div class='ocr_carea' id='block_1_25' title="bbox 414 1593 1999 1673">
    <p class='ocr_par' dir='ltr' id='par_1_25' title="bbox 414 1593 1999 1673">
     <span class='ocr_line' id='line_1_25' title="bbox 414 1593 1999 1673; baseline -0.002 -20"><span class='ocrx_word' id='word_1_180' title='bbox 414 1601 483 1653; x_wconf 87' lang='grc' dir='ltr'>Δ’.</span> <span class='ocrx_word' id='word_1_181' title='bbox 517 1599 604 1660; x_wconf 91' lang='grc' dir='ltr'>Τίς</span> <span class='ocrx_word' id='word_1_182' title='bbox 637 1596 728 1652; x_wconf 80' lang='grc' dir='ltr'>οὗν</span> <span class='ocrx_word' id='word_1_183' title='bbox 762 1597 860 1652; x_wconf 80' lang='grc' dir='ltr'>οὐκ</span> <span class='ocrx_word' id='word_1_184' title='bbox 891 1595 1005 1652; x_wconf 79' lang='grc' dir='ltr'>οἶδε</span> <span class='ocrx_word' id='word_1_185' title='bbox 1033 1597 1122 1651; x_wconf 89' lang='grc' dir='ltr'>τὸν</span> <span class='ocrx_word' id='word_1_186' title='bbox 1151 1598 1268 1652; x_wconf 79' lang='grc' dir='ltr'>νέον</span> <span class='ocrx_word' id='word_1_187' title='bbox 1304 1601 1461 1670; x_wconf 82' lang='grc' dir='ltr'>ἡμῶν</span> <span class='ocrx_word' id='word_1_188' title='bbox 1494 1593 1765 1673; x_wconf 75' lang='grc' dir='ltr'>Ἀϐραὰμ,</span> <span class='ocrx_word' id='word_1_189' title='bbox 1790 1598 1879 1652; x_wconf 79' lang='grc' dir='ltr'>καὶ</span> <span class='ocrx_word' id='word_1_190' title='bbox 1900 1599 1999 1666; x_wconf 74' lang='grc' dir='ltr'>τὴν</span> 
     </span>
    </p>
   </div>
   <div class='ocr_carea' id='block_1_26' title="bbox 343 1685 2000 1763">
    <p class='ocr_par' dir='ltr' id='par_1_26' title="bbox 343 1685 2000 1763">
     <span class='ocr_line' id='line_1_26' title="bbox 343 1685 2000 1763; baseline -0.001 -22"><span class='ocrx_word' id='word_1_191' title='bbox 343 1687 422 1763; x_wconf 80' lang='grc' dir='ltr'>ἐφ’</span> <span class='ocrx_word' id='word_1_192' title='bbox 453 1690 614 1760; x_wconf 82' lang='grc' dir='ltr'>ἡμῶν</span> <span class='ocrx_word' id='word_1_193' title='bbox 645 1686 854 1763; x_wconf 71' lang='grc' dir='ltr'>Σάῤῥαν</span> <span class='ocrx_word' id='word_1_194' title='bbox 883 1705 897 1755; x_wconf 87' lang='lat'><strong>;</strong></span> <span class='ocrx_word' id='word_1_195' title='bbox 931 1686 1230 1762; x_wconf 87' lang='grc' dir='ltr'>Γρηγόριον</span> <span class='ocrx_word' id='word_1_196' title='bbox 1286 1685 1431 1762; x_wconf 88' lang='grc' dir='ltr'>λέγω</span> <span class='ocrx_word' id='word_1_197' title='bbox 1478 1686 1568 1740; x_wconf 83' lang='grc' dir='ltr'>καὶ</span> <span class='ocrx_word' id='word_1_198' title='bbox 1617 1686 1843 1755; x_wconf 83' lang='grc' dir='ltr'>Νόνναν,</span> <span class='ocrx_word' id='word_1_199' title='bbox 1899 1688 2000 1755; x_wconf 82' lang='grc' dir='ltr'>τήν</span> 
     </span>
    </p>
   </div>
   <div class='ocr_carea' id='block_1_27' title="bbox 339 1773 1999 1859">
    <p class='ocr_par' dir='ltr' id='par_1_27' title="bbox 339 1773 1999 1859">
     <span class='ocr_line' id='line_1_27' title="bbox 339 1773 1999 1859; baseline -0.001 -29"><span class='ocrx_word' id='word_1_200' title='bbox 339 1774 498 1830; x_wconf 68' lang='grc' dir='ltr'>τοῦδε</span> <span class='ocrx_word' id='word_1_201' title='bbox 528 1775 759 1859; x_wconf 32' lang='grc' dir='ltr'>σύζυεγον</span> <span class='ocrx_word' id='word_1_202' title='bbox 793 1776 982 1848; x_wconf 68' lang='grc' dir='ltr'>(καλὸν</span> <span class='ocrx_word' id='word_1_203' title='bbox 1009 1776 1110 1851; x_wconf 77' lang='grc' dir='ltr'>γὰρ</span> <span class='ocrx_word' id='word_1_204' title='bbox 1147 1773 1288 1848; x_wconf 69' lang='grc' dir='ltr'>μηδὲ</span> <span class='ocrx_word' id='word_1_205' title='bbox 1314 1775 1381 1829; x_wconf 79' lang='grc' dir='ltr'>τὰ</span> <span class='ocrx_word' id='word_1_206' title='bbox 1410 1775 1652 1847; x_wconf 84' lang='grc' dir='ltr'>ὀνόματα</span> <span class='ocrx_word' id='word_1_207' title='bbox 1688 1775 1999 1850; x_wconf 82' lang='grc' dir='ltr'>παρελθεῖν,</span> 
     </span>
    </p>
   </div>
   <div class='ocr_carea' id='block_1_28' title="bbox 2189 1601 3776 1674">
    <p class='ocr_par' dir='ltr' id='par_1_28' title="bbox 2189 1601 3776 1674">
     <span class='ocr_line' id='line_1_28' title="bbox 2189 1601 3776 1674; baseline 0.001 -20"><span class='ocrx_word' id='word_1_208' title='bbox 2189 1601 2279 1656; x_wconf 88' lang='lat' dir='ltr'>IV.</span> <span class='ocrx_word' id='word_1_209' title='bbox 2314 1603 2527 1674; x_wconf 88' lang='lat' dir='ltr'>Ecquis</span> <span class='ocrx_word' id='word_1_210' title='bbox 2557 1606 2647 1657; x_wconf 92' lang='lat' dir='ltr'>est</span> <span class='ocrx_word' id='word_1_211' title='bbox 2676 1603 2875 1674; x_wconf 84' lang='lat' dir='ltr'>igitur,</span> <span class='ocrx_word' id='word_1_212' title='bbox 2905 1603 3006 1674; x_wconf 88' lang='lat' dir='ltr'>qui</span> <span class='ocrx_word' id='word_1_213' title='bbox 3039 1619 3252 1658; x_wconf 88' lang='lat' dir='ltr'>novum</span> <span class='ocrx_word' id='word_1_214' title='bbox 3291 1607 3562 1658; x_wconf 88' lang='lat' dir='ltr'>nostrum</span> <span class='ocrx_word' id='word_1_215' title='bbox 3593 1603 3776 1657; x_wconf 86' lang='lat' dir='ltr'>Abra&#39;</span> 
     </span>
    </p>
   </div>
   <div class='ocr_carea' id='block_1_29' title="bbox 2113 1690 3774 1763">
    <p class='ocr_par' dir='ltr' id='par_1_29' title="bbox 2113 1690 3774 1763">
     <span class='ocr_line' id='line_1_29' title="bbox 2113 1690 3774 1763; baseline 0.002 -20"><span class='ocrx_word' id='word_1_216' title='bbox 2113 1690 2271 1755; x_wconf 88' lang='lat' dir='ltr'>ham,</span> <span class='ocrx_word' id='word_1_217' title='bbox 2304 1707 2370 1744; x_wconf 88' lang='lat' dir='ltr'>ac</span> <span class='ocrx_word' id='word_1_218' title='bbox 2401 1696 2614 1744; x_wconf 73' lang='lat' dir='ltr'>nostrae</span> <span class='ocrx_word' id='word_1_219' title='bbox 2647 1691 2833 1745; x_wconf 75' lang='lat' dir='ltr'>aetatis</span> <span class='ocrx_word' id='word_1_220' title='bbox 2874 1693 3074 1746; x_wconf 89' lang='lat' dir='ltr'>Saram</span> <span class='ocrx_word' id='word_1_221' title='bbox 3122 1691 3386 1763; x_wconf 81' lang='lat' dir='ltr'>ignoret?</span> <span class='ocrx_word' id='word_1_222' title='bbox 3431 1690 3774 1763; x_wconf 84' lang='lat' dir='ltr'>Gregorium</span> 
     </span>
    </p>
   </div>
   <div class='ocr_carea' id='block_1_30' title="bbox 2112 1779 3773 1851">
    <p class='ocr_par' dir='ltr' id='par_1_30' title="bbox 2112 1779 3773 1851">
     <span class='ocr_line' id='line_1_30' title="bbox 2112 1779 3773 1851; baseline 0.001 -19"><span class='ocrx_word' id='word_1_223' title='bbox 2112 1779 2262 1844; x_wconf 91' lang='lat' dir='ltr'>dico,</span> <span class='ocrx_word' id='word_1_224' title='bbox 2297 1784 2353 1833; x_wconf 88' lang='lat' dir='ltr'>et</span> <span class='ocrx_word' id='word_1_225' title='bbox 2401 1779 2579 1850; x_wconf 84' lang='lat' dir='ltr'>hujus</span> <span class='ocrx_word' id='word_1_226' title='bbox 2614 1796 2850 1834; x_wconf 77' lang='lat' dir='ltr'>uxorem</span> <span class='ocrx_word' id='word_1_227' title='bbox 2893 1781 3159 1835; x_wconf 89' lang='lat' dir='ltr'>Nonnam</span> <span class='ocrx_word' id='word_1_228' title='bbox 3193 1781 3356 1851; x_wconf 90' lang='lat' dir='ltr'>(nam</span> <span class='ocrx_word' id='word_1_229' title='bbox 3407 1796 3478 1834; x_wconf 91' lang='lat' dir='ltr'>ne</span> <span class='ocrx_word' id='word_1_230' title='bbox 3529 1779 3773 1834; x_wconf 89' lang='lat' dir='ltr'>nomina</span> 
     </span>
    </p>
   </div>
   <div class='ocr_carea' id='block_1_31' title="bbox 341 1862 2003 1940">
    <p class='ocr_par' dir='ltr' id='par_1_31' title="bbox 341 1862 1998 1940">
     <span class='ocr_line' id='line_1_31' title="bbox 341 1862 1998 1940; baseline -0.002 -21"><span class='ocrx_word' id='word_1_231' title='bbox 341 1865 417 1926; x_wconf 85' lang='grc' dir='ltr'>ὡς</span> <span class='ocrx_word' id='word_1_232' title='bbox 449 1865 644 1934; x_wconf 81' lang='grc' dir='ltr'>ἀρετῆς</span> <span class='ocrx_word' id='word_1_233' title='bbox 683 1862 1073 1940; x_wconf 79' lang='grc' dir='ltr'>παράκλησιν),</span> <span class='ocrx_word' id='word_1_234' title='bbox 1123 1865 1214 1918; x_wconf 89' lang='grc' dir='ltr'>τὸν</span> <span class='ocrx_word' id='word_1_235' title='bbox 1263 1865 1440 1918; x_wconf 82' lang='grc' dir='ltr'>πίστει</span> <span class='ocrx_word' id='word_1_236' title='bbox 1495 1863 1865 1932; x_wconf 84' lang='grc' dir='ltr'>δικαιωθέντα,</span> <span class='ocrx_word' id='word_1_237' title='bbox 1910 1864 1998 1918; x_wconf 81' lang='grc' dir='ltr'>καὶ</span> 
     </span>
    </p>
   </div>
   <div class='ocr_carea' id='block_1_32' title="bbox 2118 1862 3771 1940">
    <p class='ocr_par' dir='ltr' id='par_1_32' title="bbox 2118 1867 3771 1939">
     <span class='ocr_line' id='line_1_32' title="bbox 2118 1867 3771 1939; baseline 0.001 -19"><span class='ocrx_word' id='word_1_238' title='bbox 2118 1867 2349 1938; x_wconf 83' lang='lat' dir='ltr'>quidem</span> <span class='ocrx_word' id='word_1_239' title='bbox 2392 1868 2520 1939; x_wconf 89' lang='lat' dir='ltr'>ipsa</span> <span class='ocrx_word' id='word_1_240' title='bbox 2565 1870 2969 1938; x_wconf 52' lang='lat' dir='ltr'>praetereunda</span> <span class='ocrx_word' id='word_1_241' title='bbox 3016 1874 3176 1934; x_wconf 89' lang='lat' dir='ltr'>sunt,</span> <span class='ocrx_word' id='word_1_242' title='bbox 3211 1874 3275 1922; x_wconf 92' lang='lat' dir='ltr'>ut</span> <span class='ocrx_word' id='word_1_243' title='bbox 3325 1885 3451 1939; x_wconf 76' lang='lat' dir='ltr'>quas</span> <span class='ocrx_word' id='word_1_244' title='bbox 3485 1869 3557 1923; x_wconf 91' lang='lat' dir='ltr'>ad</span> <span class='ocrx_word' id='word_1_245' title='bbox 3587 1869 3771 1922; x_wconf 86' lang='lat' dir='ltr'>virtu-</span> 
     </span>
    </p>
   </div>
   <div class='ocr_carea' id='block_1_33' title="bbox 337 1950 1995 2027">
    <p class='ocr_par' dir='ltr' id='par_1_33' title="bbox 337 1950 1995 2027">
     <span class='ocr_line' id='line_1_33' title="bbox 337 1950 1995 2027; baseline -0.002 -20"><span class='ocrx_word' id='word_1_246' title='bbox 337 1954 436 2022; x_wconf 78' lang='grc' dir='ltr'>τήν</span> <span class='ocrx_word' id='word_1_247' title='bbox 465 1957 543 2024; x_wconf 75' lang='grc' dir='ltr'>τῷ</span> <span class='ocrx_word' id='word_1_248' title='bbox 572 1957 748 2024; x_wconf 84' lang='grc' dir='ltr'>πιστῷ</span> <span class='ocrx_word' id='word_1_249' title='bbox 779 1953 1191 2022; x_wconf 86' lang='grc' dir='ltr'>συνοικήσασαν·</span> <span class='ocrx_word' id='word_1_250' title='bbox 1214 1953 1306 2007; x_wconf 87' lang='grc' dir='ltr'>τὸν</span> <span class='ocrx_word' id='word_1_251' title='bbox 1341 1953 1546 2027; x_wconf 85' lang='grc' dir='ltr'>πατέρα</span> <span class='ocrx_word' id='word_1_252' title='bbox 1575 1950 1801 2007; x_wconf 76' lang='grc' dir='ltr'>πολλῶν</span> <span class='ocrx_word' id='word_1_253' title='bbox 1838 1951 1995 2006; x_wconf 77' lang='grc' dir='ltr'>ἐθνῶν</span> 
     </span>
    </p>
   </div>
   <div class='ocr_carea' id='block_1_34' title="bbox 339 2039 1999 2118">
    <p class='ocr_par' dir='ltr' id='par_1_34' title="bbox 339 2039 1999 2118">
     <span class='ocr_line' id='line_1_34' title="bbox 339 2039 1999 2118; baseline -0.001 -23"><span class='ocrx_word' id='word_1_254' title='bbox 339 2043 464 2116; x_wconf 88' lang='grc' dir='ltr'>παρ’</span> <span class='ocrx_word' id='word_1_255' title='bbox 495 2040 710 2107; x_wconf 78' lang='grc' dir='ltr'>ἐλπίδα,</span> <span class='ocrx_word' id='word_1_256' title='bbox 742 2041 830 2095; x_wconf 80' lang='grc' dir='ltr'>καὶ</span> <span class='ocrx_word' id='word_1_257' title='bbox 859 2042 960 2110; x_wconf 79' lang='grc' dir='ltr'>τήν</span> <span class='ocrx_word' id='word_1_258' title='bbox 991 2046 1370 2114; x_wconf 75' lang='grc' dir='ltr'>πνευματικῶς</span> <span class='ocrx_word' id='word_1_259' title='bbox 1404 2039 1700 2096; x_wconf 78' lang='grc' dir='ltr'>ὠδίνουσαν</span> <span class='ocrx_word' id='word_1_260' title='bbox 1730 2061 1742 2071; x_wconf 93' lang='grc'><strong>·</strong></span> <span class='ocrx_word' id='word_1_261' title='bbox 1774 2041 1867 2094; x_wconf 89' lang='grc' dir='ltr'>τὸν</span> <span class='ocrx_word' id='word_1_262' title='bbox 1900 2063 1999 2118; x_wconf 73' lang='grc' dir='ltr'>φυ-</span> 
     </span>
    </p>
   </div>
   <div class='ocr_carea' id='block_1_35' title="bbox 339 2127 2003 2206">
    <p class='ocr_par' dir='ltr' id='par_1_35' title="bbox 339 2127 2003 2206">
     <span class='ocr_line' id='line_1_35' title="bbox 339 2127 2003 2206; baseline -0.001 -21"><span class='ocrx_word' id='word_1_263' title='bbox 339 2131 504 2206; x_wconf 85' lang='grc' dir='ltr'>γόντα</span> <span class='ocrx_word' id='word_1_264' title='bbox 533 2132 801 2206; x_wconf 81' lang='grc' dir='ltr'>πατρῴων</span> <span class='ocrx_word' id='word_1_265' title='bbox 836 2132 970 2184; x_wconf 83' lang='grc' dir='ltr'>θεῶν</span> <span class='ocrx_word' id='word_1_266' title='bbox 1004 2127 1279 2196; x_wconf 80' lang='grc' dir='ltr'>δουλείαν,</span> <span class='ocrx_word' id='word_1_267' title='bbox 1321 2132 1410 2184; x_wconf 83' lang='grc' dir='ltr'>καὶ</span> <span class='ocrx_word' id='word_1_268' title='bbox 1459 2132 1558 2198; x_wconf 75' lang='grc' dir='ltr'>τήν</span> <span class='ocrx_word' id='word_1_269' title='bbox 1597 2130 1863 2205; x_wconf 88' lang='grc' dir='ltr'>θυγατέρα</span> <span class='ocrx_word' id='word_1_270' title='bbox 1912 2129 2003 2183; x_wconf 80' lang='grc' dir='ltr'>καὶ</span> 
     </span>
    </p>
   </div>
   <div class='ocr_carea' id='block_1_36' title="bbox 343 2217 2006 2296">
    <p class='ocr_par' dir='ltr' id='par_1_36' title="bbox 343 2217 2006 2296">
     <span class='ocr_line' id='line_1_36' title="bbox 343 2217 2006 2296; baseline -0.001 -22"><span class='ocrx_word' id='word_1_271' title='bbox 343 2220 550 2296; x_wconf 86' lang='grc' dir='ltr'>μητέρα</span> <span class='ocrx_word' id='word_1_272' title='bbox 613 2224 720 2274; x_wconf 83' lang='grc' dir='ltr'>τῶν</span> <span class='ocrx_word' id='word_1_273' title='bbox 791 2219 1115 2294; x_wconf 84' lang='grc' dir='ltr'>ἐλευθέρων·</span> <span class='ocrx_word' id='word_1_274' title='bbox 1181 2220 1273 2274; x_wconf 89' lang='grc' dir='ltr'>τὸν</span> <span class='ocrx_word' id='word_1_275' title='bbox 1343 2217 1627 2289; x_wconf 80' lang='grc' dir='ltr'>ἐξελθόντα</span> <span class='ocrx_word' id='word_1_276' title='bbox 1703 2219 2006 2294; x_wconf 84' lang='grc' dir='ltr'>συγγενείας</span> 
     </span>
    </p>
   </div>
   <div class='ocr_carea' id='block_1_37' title="bbox 342 2305 2008 2382">
    <p class='ocr_par' dir='ltr' id='par_1_37' title="bbox 342 2305 2008 2382">
     <span class='ocr_line' id='line_1_37' title="bbox 342 2305 2008 2382; baseline -0.002 -19"><span class='ocrx_word' id='word_1_277' title='bbox 342 2309 431 2363; x_wconf 88' lang='grc' dir='ltr'>καὶ</span> <span class='ocrx_word' id='word_1_278' title='bbox 464 2306 616 2362; x_wconf 67' lang='grc' dir='ltr'>οἴκου</span> <span class='ocrx_word' id='word_1_279' title='bbox 644 2305 733 2362; x_wconf 80' lang='grc' dir='ltr'>διὰ</span> <span class='ocrx_word' id='word_1_280' title='bbox 759 2308 857 2375; x_wconf 73' lang='grc' dir='ltr'>τὴν</span> <span class='ocrx_word' id='word_1_281' title='bbox 890 2314 992 2381; x_wconf 85' lang='grc' dir='ltr'>γῆν</span> <span class='ocrx_word' id='word_1_282' title='bbox 1044 2313 1144 2376; x_wconf 82' lang='grc' dir='ltr'>τῆς</span> <span class='ocrx_word' id='word_1_283' title='bbox 1194 2306 1481 2382; x_wconf 77' lang='grc' dir='ltr'>ἰπαγελίας</span> <span class='ocrx_word' id='word_1_284' title='bbox 1514 2309 1648 2380; x_wconf 83' lang='grc'>(40),</span> <span class='ocrx_word' id='word_1_285' title='bbox 1683 2308 1769 2361; x_wconf 73' lang='grc' dir='ltr'>καὶ</span> <span class='ocrx_word' id='word_1_286' title='bbox 1799 2308 1897 2374; x_wconf 77' lang='grc' dir='ltr'>τὴν</span> <span class='ocrx_word' id='word_1_287' title='bbox 1929 2307 2008 2360; x_wconf 86' lang='grc' dir='ltr'>αἷ-</span> 
     </span>
    </p>
   </div>
   <div class='ocr_carea' id='block_1_38' title="bbox 339 2392 2008 2470">
    <p class='ocr_par' dir='ltr' id='par_1_38' title="bbox 339 2392 2008 2470">
     <span class='ocr_line' id='line_1_38' title="bbox 339 2392 2008 2470; baseline -0.001 -21"><span class='ocrx_word' id='word_1_288' title='bbox 339 2395 456 2450; x_wconf 90' lang='grc' dir='ltr'>τίαν</span> <span class='ocrx_word' id='word_1_289' title='bbox 486 2402 585 2463; x_wconf 83' lang='grc' dir='ltr'>τῆς</span> <span class='ocrx_word' id='word_1_290' title='bbox 624 2393 890 2467; x_wconf 76' lang='grc' dir='ltr'>ἐκδημίας</span> <span class='ocrx_word' id='word_1_291' title='bbox 923 2397 1104 2467; x_wconf 78' lang='grc' dir='ltr'>(τοῦτο</span> <span class='ocrx_word' id='word_1_292' title='bbox 1135 2395 1237 2470; x_wconf 79' lang='grc' dir='ltr'>γὰρ</span> <span class='ocrx_word' id='word_1_293' title='bbox 1291 2395 1464 2469; x_wconf 81' lang='grc' dir='ltr'>ἐκείνῃ</span> <span class='ocrx_word' id='word_1_294' title='bbox 1497 2398 1610 2468; x_wconf 85' lang='grc'>(41)</span> <span class='ocrx_word' id='word_1_295' title='bbox 1675 2395 1862 2468; x_wconf 89' lang='grc' dir='ltr'>μόνον,</span> <span class='ocrx_word' id='word_1_296' title='bbox 1917 2392 2008 2448; x_wconf 70' lang='grc' dir='ltr'>’ίνα</span> 
     </span>
    </p>
   </div>
   <div class='ocr_carea' id='block_1_39' title="bbox 344 2483 2008 2559">
    <p class='ocr_par' dir='ltr' id='par_1_39' title="bbox 344 2483 2008 2559">
     <span class='ocr_line' id='line_1_39' title="bbox 344 2483 2008 2559; baseline -0.001 -21"><span class='ocrx_word' id='word_1_297' title='bbox 344 2505 396 2538; x_wconf 85' lang='grc' dir='ltr'>τι</span> <span class='ocrx_word' id='word_1_298' title='bbox 448 2483 737 2556; x_wconf 79' lang='grc' dir='ltr'>τολμήσω,</span> <span class='ocrx_word' id='word_1_299' title='bbox 797 2483 887 2537; x_wconf 84' lang='grc' dir='ltr'>καὶ</span> <span class='ocrx_word' id='word_1_300' title='bbox 949 2484 1078 2558; x_wconf 73' lang='grc' dir='ltr'>ὑπὲρ</span> <span class='ocrx_word' id='word_1_301' title='bbox 1110 2485 1207 2552; x_wconf 80' lang='grc' dir='ltr'>τὴν</span> <span class='ocrx_word' id='word_1_302' title='bbox 1269 2484 1538 2559; x_wconf 71' lang='grc' dir='ltr'>Σάρῥαν)·</span> <span class='ocrx_word' id='word_1_303' title='bbox 1588 2485 1679 2539; x_wconf 86' lang='grc' dir='ltr'>τὸν</span> <span class='ocrx_word' id='word_1_304' title='bbox 1730 2486 2008 2559; x_wconf 89' lang='grc' dir='ltr'>παροική-</span> 
     </span>
    </p>
   </div>
   <div class='ocr_carea' id='block_1_40' title="bbox 353 2571 2002 2648">
    <p class='ocr_par' dir='ltr' id='par_1_40' title="bbox 353 2571 2002 2648">
     <span class='ocr_line' id='line_1_40' title="bbox 353 2571 2002 2648; baseline 0 -22"><span class='ocrx_word' id='word_1_305' title='bbox 353 2593 516 2626; x_wconf 87' lang='grc' dir='ltr'>σαντα</span> <span class='ocrx_word' id='word_1_306' title='bbox 543 2571 748 2641; x_wconf 79' lang='grc' dir='ltr'>καλῶς,</span> <span class='ocrx_word' id='word_1_307' title='bbox 797 2571 886 2626; x_wconf 82' lang='grc' dir='ltr'>καὶ</span> <span class='ocrx_word' id='word_1_308' title='bbox 936 2573 1035 2640; x_wconf 80' lang='grc' dir='ltr'>τὴν</span> <span class='ocrx_word' id='word_1_309' title='bbox 1090 2572 1388 2648; x_wconf 84' lang='grc' dir='ltr'>προθύμως</span> <span class='ocrx_word' id='word_1_310' title='bbox 1448 2576 2002 2647; x_wconf 84' lang='grc' dir='ltr'>συμπαροικήσασαν⁶</span> 
     </span>
    </p>
   </div>
   <div class='ocr_carea' id='block_1_41' title="bbox 340 2661 2004 2737">
    <p class='ocr_par' dir='ltr' id='par_1_41' title="bbox 340 2661 2004 2737">
     <span class='ocr_line' id='line_1_41' title="bbox 340 2661 2004 2737; baseline 0 -21"><span class='ocrx_word' id='word_1_311' title='bbox 340 2661 433 2716; x_wconf 89' lang='grc' dir='ltr'>τὸν</span> <span class='ocrx_word' id='word_1_312' title='bbox 478 2662 556 2733; x_wconf 81' lang='grc' dir='ltr'>τῷ</span> <span class='ocrx_word' id='word_1_313' title='bbox 605 2661 784 2737; x_wconf 83' lang='grc' dir='ltr'>Κυρίῳ</span> <span class='ocrx_word' id='word_1_314' title='bbox 833 2663 1224 2736; x_wconf 85' lang='grc' dir='ltr'>προσθέμενον,</span> <span class='ocrx_word' id='word_1_315' title='bbox 1276 2662 1367 2715; x_wconf 80' lang='grc' dir='ltr'>καὶ</span> <span class='ocrx_word' id='word_1_316' title='bbox 1416 2664 1514 2730; x_wconf 78' lang='grc' dir='ltr'>τήν</span> <span class='ocrx_word' id='word_1_317' title='bbox 1544 2663 1730 2737; x_wconf 87' lang='grc' dir='ltr'>κύριον</span> <span class='ocrx_word' id='word_1_318' title='bbox 1765 2662 1857 2716; x_wconf 87' lang='grc' dir='ltr'>τὸν</span> <span class='ocrx_word' id='word_1_319' title='bbox 1884 2663 2004 2716; x_wconf 74' lang='grc' dir='ltr'>ἑαυ-</span> 
     </span>
    </p>
   </div>
   <div class='ocr_carea' id='block_1_42' title="bbox 341 2747 2002 2826">
    <p class='ocr_par' dir='ltr' id='par_1_42' title="bbox 341 2747 2002 2826">
     <span class='ocr_line' id='line_1_42' title="bbox 341 2747 2002 2826; baseline 0 -22"><span class='ocrx_word' id='word_1_320' title='bbox 341 2757 440 2819; x_wconf 81' lang='grc' dir='ltr'>τῆς</span> <span class='ocrx_word' id='word_1_321' title='bbox 489 2747 656 2821; x_wconf 76' lang='grc' dir='ltr'>ἄνδρα</span> <span class='ocrx_word' id='word_1_322' title='bbox 703 2749 792 2804; x_wconf 77' lang='grc' dir='ltr'>καὶ</span> <span class='ocrx_word' id='word_1_323' title='bbox 840 2749 1350 2826; x_wconf 86' lang='grc' dir='ltr'>προσαγορεύουσαν</span> <span class='ocrx_word' id='word_1_324' title='bbox 1383 2751 1473 2804; x_wconf 79' lang='grc' dir='ltr'>καὶ</span> <span class='ocrx_word' id='word_1_325' title='bbox 1505 2751 1855 2824; x_wconf 81' lang='grc' dir='ltr'>νομίζουσαν,</span> <span class='ocrx_word' id='word_1_326' title='bbox 1914 2750 2002 2804; x_wconf 87' lang='grc' dir='ltr'>καὶ</span> 
     </span>
    </p>
   </div>
   <div class='ocr_carea' id='block_1_43' title="bbox 345 2835 2000 2916">
    <p class='ocr_par' dir='ltr' id='par_1_43' title="bbox 345 2835 2000 2916">
     <span class='ocr_line' id='line_1_43' title="bbox 345 2835 2000 2916; baseline 0.001 -23"><span class='ocrx_word' id='word_1_327' title='bbox 345 2840 510 2911; x_wconf 68' lang='grc' dir='ltr'>μέρος</span> <span class='ocrx_word' id='word_1_328' title='bbox 566 2859 618 2892; x_wconf 91' lang='grc' dir='ltr'>τι</span> <span class='ocrx_word' id='word_1_329' title='bbox 671 2835 761 2892; x_wconf 79' lang='grc' dir='ltr'>διὰ</span> <span class='ocrx_word' id='word_1_330' title='bbox 806 2842 968 2893; x_wconf 75' lang='grc' dir='ltr'>τοῦτο</span> <span class='ocrx_word' id='word_1_331' title='bbox 1019 2835 1394 2894; x_wconf 81' lang='grc' dir='ltr'>δικαιωθεῖσαν</span> <span class='ocrx_word' id='word_1_332' title='bbox 1423 2858 1434 2870; x_wconf 90' lang='grc'><strong>·</strong></span> <span class='ocrx_word' id='word_1_333' title='bbox 1493 2840 1567 2893; x_wconf 85' lang='grc' dir='ltr'>ὧν</span> <span class='ocrx_word' id='word_1_334' title='bbox 1599 2843 1634 2909; x_wconf 82' lang='grc' dir='ltr'>ἡ</span> <span class='ocrx_word' id='word_1_335' title='bbox 1683 2839 2000 2916; x_wconf 83' lang='grc' dir='ltr'>ἐπαγγελία,</span> 
     </span>
    </p>
   </div>
   <div class='ocr_carea' id='block_1_44' title="bbox 342 2927 1999 3002">
    <p class='ocr_par' dir='ltr' id='par_1_44' title="bbox 342 2927 1999 3002">
     <span class='ocr_line' id='line_1_44' title="bbox 342 2927 1999 3002; baseline 0.003 -23"><span class='ocrx_word' id='word_1_336' title='bbox 342 2927 430 2980; x_wconf 85' lang='grc' dir='ltr'>καὶ</span> <span class='ocrx_word' id='word_1_337' title='bbox 464 2928 537 2979; x_wconf 82' lang='grc' dir='ltr'>ὧν</span> <span class='ocrx_word' id='word_1_338' title='bbox 571 2927 599 2980; x_wconf 99' lang='lat'>6</span> <span class='ocrx_word' id='word_1_339' title='bbox 629 2927 830 2996; x_wconf 73' lang='grc' dir='ltr'>Ἰσαὰκ,</span> <span class='ocrx_word' id='word_1_340' title='bbox 866 2927 988 2981; x_wconf 76' lang='grc' dir='ltr'>ὅσον</span> <span class='ocrx_word' id='word_1_341' title='bbox 1014 2927 1077 2982; x_wconf 86' lang='grc' dir='ltr'>τὸ</span> <span class='ocrx_word' id='word_1_342' title='bbox 1110 2927 1191 2981; x_wconf 74' lang='grc' dir='ltr'>ἐπ’</span> <span class='ocrx_word' id='word_1_343' title='bbox 1223 2928 1432 2998; x_wconf 84' lang='grc' dir='ltr'>αὑτοῖς,</span> <span class='ocrx_word' id='word_1_344' title='bbox 1489 2927 1578 2982; x_wconf 79' lang='grc' dir='ltr'>καὶ</span> <span class='ocrx_word' id='word_1_345' title='bbox 1638 2930 1712 2982; x_wconf 84' lang='grc' dir='ltr'>ὧν</span> <span class='ocrx_word' id='word_1_346' title='bbox 1768 2929 1831 2982; x_wconf 87' lang='grc' dir='ltr'>τὸ</span> 
     </span>
    </p>
   </div>
   <div class='ocr_carea' id='block_1_45' title="bbox 349 3011 602 3090">
    <p class='ocr_par' dir='ltr' id='par_1_45' title="bbox 349 3011 602 3090">
     <span class='ocr_line' id='line_1_45' title="bbox 349 3011 602 3090; baseline 0.004 -22"><span class='ocrx_word' id='word_1_347' title='bbox 349 3011 602 3090; x_wconf 85' lang='grc' dir='ltr'>δώρημα.</span> 
     </span>
    </p>
   </div>
   <div class='ocr_carea' id='block_1_46' title="bbox 2108 1956 3776 2028">
    <p class='ocr_par' dir='ltr' id='par_1_46' title="bbox 2108 1956 3776 2028">
     <span class='ocr_line' id='line_1_46' title="bbox 2108 1956 3776 2028; baseline 0.001 -19"><span class='ocrx_word' id='word_1_348' title='bbox 2108 1959 2226 2010; x_wconf 89' lang='lat' dir='ltr'>tem</span> <span class='ocrx_word' id='word_1_349' title='bbox 2259 1957 2685 2028; x_wconf 83' lang='lat' dir='ltr'>exhortentur),</span> <span class='ocrx_word' id='word_1_350' title='bbox 2710 1956 2878 2012; x_wconf 90' lang='lat' dir='ltr'>illum</span> <span class='ocrx_word' id='word_1_351' title='bbox 2922 1975 3024 2028; x_wconf 89' lang='lat' dir='ltr'>per</span> <span class='ocrx_word' id='word_1_352' title='bbox 3065 1958 3239 2011; x_wconf 85' lang='lat' dir='ltr'>ﬁdem</span> <span class='ocrx_word' id='word_1_353' title='bbox 3266 1958 3685 2027; x_wconf 83' lang='lat' dir='ltr'>justiﬁcatum,</span> <span class='ocrx_word' id='word_1_354' title='bbox 3720 1959 3776 2011; x_wconf 90' lang='lat' dir='ltr'>et</span> 
     </span>
    </p>
   </div>
   <div class='ocr_carea' id='block_1_47' title="bbox 2112 2045 3772 2118">
    <p class='ocr_par' dir='ltr' id='par_1_47' title="bbox 2112 2045 3772 2118">
     <span class='ocr_line' id='line_1_47' title="bbox 2112 2045 3772 2118; baseline 0.002 -19"><span class='ocrx_word' id='word_1_355' title='bbox 2112 2045 2262 2099; x_wconf 88' lang='lat' dir='ltr'>hanc</span> <span class='ocrx_word' id='word_1_356' title='bbox 2292 2046 2668 2101; x_wconf 87' lang='lat' dir='ltr'>matrimonio</span> <span class='ocrx_word' id='word_1_357' title='bbox 2701 2063 2835 2100; x_wconf 92' lang='lat' dir='ltr'>cum</span> <span class='ocrx_word' id='word_1_358' title='bbox 2870 2047 3023 2101; x_wconf 83' lang='lat' dir='ltr'>ﬁdeli</span> <span class='ocrx_word' id='word_1_359' title='bbox 3054 2046 3172 2101; x_wconf 90' lang='lat' dir='ltr'>viro</span> <span class='ocrx_word' id='word_1_360' title='bbox 3203 2049 3570 2118; x_wconf 63' lang='lat' dir='ltr'>copulatam;</span> <span class='ocrx_word' id='word_1_361' title='bbox 3602 2045 3772 2102; x_wconf 87' lang='lat' dir='ltr'>illum</span> 
     </span>
    </p>
   </div>
   <div class='ocr_carea' id='block_1_48' title="bbox 2115 2133 3775 2206">
    <p class='ocr_par' dir='ltr' id='par_1_48' title="bbox 2115 2133 3775 2206">
     <span class='ocr_line' id='line_1_48' title="bbox 2115 2133 3775 2206; baseline 0.001 -18"><span class='ocrx_word' id='word_1_362' title='bbox 2115 2133 2430 2188; x_wconf 88' lang='lat' dir='ltr'>multarum</span> <span class='ocrx_word' id='word_1_363' title='bbox 2502 2136 2764 2205; x_wconf 82' lang='lat' dir='ltr'>gentium</span> <span class='ocrx_word' id='word_1_364' title='bbox 2829 2141 3049 2206; x_wconf 88' lang='lat' dir='ltr'>patrem</span> <span class='ocrx_word' id='word_1_365' title='bbox 3122 2135 3422 2205; x_wconf 88' lang='lat' dir='ltr'>insperato</span> <span class='ocrx_word' id='word_1_366' title='bbox 3479 2135 3775 2206; x_wconf 72' lang='lat' dir='ltr'>effectum,</span> 
     </span>
    </p>
   </div>
   <div class='ocr_carea' id='block_1_49' title="bbox 2115 2221 3773 2295">
    <p class='ocr_par' dir='ltr' id='par_1_49' title="bbox 2115 2221 3773 2295">
     <span class='ocr_line' id='line_1_49' title="bbox 2115 2221 3773 2295; baseline 0.001 -19"><span class='ocrx_word' id='word_1_367' title='bbox 2115 2221 2265 2276; x_wconf 92' lang='lat' dir='ltr'>hanc</span> <span class='ocrx_word' id='word_1_368' title='bbox 2311 2223 2695 2294; x_wconf 89' lang='lat' dir='ltr'>spiritualiter</span> <span class='ocrx_word' id='word_1_369' title='bbox 2742 2225 3164 2295; x_wconf 88' lang='lat' dir='ltr'>parturientem</span> <span class='ocrx_word' id='word_1_370' title='bbox 3201 2243 3214 2279; x_wconf 92' lang='lat'><strong>:</strong></span> <span class='ocrx_word' id='word_1_371' title='bbox 3249 2223 3415 2278; x_wconf 90' lang='lat' dir='ltr'>illum</span> <span class='ocrx_word' id='word_1_372' title='bbox 3468 2240 3536 2278; x_wconf 85' lang='lat' dir='ltr'>ex</span> <span class='ocrx_word' id='word_1_373' title='bbox 3583 2228 3773 2294; x_wconf 89' lang='lat' dir='ltr'>pater-</span> 
     </span>
    </p>
   </div>
   <div class='ocr_carea' id='block_1_50' title="bbox 2117 2311 3775 2384">
    <p class='ocr_par' dir='ltr' id='par_1_50' title="bbox 2117 2311 3775 2384">
     <span class='ocr_line' id='line_1_50' title="bbox 2117 2311 3775 2384; baseline 0.001 -20"><span class='ocrx_word' id='word_1_374' title='bbox 2117 2327 2325 2364; x_wconf 80' lang='lat' dir='ltr'>norum</span> <span class='ocrx_word' id='word_1_375' title='bbox 2359 2315 2597 2366; x_wconf 89' lang='lat' dir='ltr'>deorum</span> <span class='ocrx_word' id='word_1_376' title='bbox 2631 2313 2913 2367; x_wconf 88' lang='lat' dir='ltr'>servitute</span> <span class='ocrx_word' id='word_1_377' title='bbox 2947 2314 3079 2381; x_wconf 79' lang='lat' dir='ltr'>fuga</span> <span class='ocrx_word' id='word_1_378' title='bbox 3109 2312 3397 2384; x_wconf 84' lang='lat' dir='ltr'>elapsum,</span> <span class='ocrx_word' id='word_1_379' title='bbox 3431 2312 3582 2367; x_wconf 89' lang='lat' dir='ltr'>hanc</span> <span class='ocrx_word' id='word_1_380' title='bbox 3610 2311 3775 2383; x_wconf 90' lang='lat' dir='ltr'>inge-</span> 
     </span>
    </p>
   </div>
   <div class='ocr_carea' id='block_1_51' title="bbox 2118 2400 3777 2472">
    <p class='ocr_par' dir='ltr' id='par_1_51' title="bbox 2118 2400 3777 2472">
     <span class='ocr_line' id='line_1_51' title="bbox 2118 2400 3777 2472; baseline 0.001 -19"><span class='ocrx_word' id='word_1_381' title='bbox 2118 2416 2368 2454; x_wconf 90' lang='lat' dir='ltr'>nuorum</span> <span class='ocrx_word' id='word_1_382' title='bbox 2402 2400 2585 2454; x_wconf 84' lang='lat' dir='ltr'>ﬁliam</span> <span class='ocrx_word' id='word_1_383' title='bbox 2619 2406 2676 2455; x_wconf 88' lang='lat' dir='ltr'>et</span> <span class='ocrx_word' id='word_1_384' title='bbox 2709 2405 3009 2472; x_wconf 89' lang='lat' dir='ltr'>parentem</span> <span class='ocrx_word' id='word_1_385' title='bbox 3041 2418 3052 2456; x_wconf 91' lang='lat'>:</span> <span class='ocrx_word' id='word_1_386' title='bbox 3080 2401 3243 2456; x_wconf 92' lang='lat' dir='ltr'>illum</span> <span class='ocrx_word' id='word_1_387' title='bbox 3273 2418 3345 2456; x_wconf 76' lang='lat' dir='ltr'>ex</span> <span class='ocrx_word' id='word_1_388' title='bbox 3373 2404 3697 2471; x_wconf 79' lang='lat' dir='ltr'>cognatione</span> <span class='ocrx_word' id='word_1_389' title='bbox 3724 2410 3777 2455; x_wconf 77' lang='lat' dir='ltr'>et</span> 
     </span>
    </p>
   </div>
   <div class='ocr_carea' id='block_1_52' title="bbox 2115 2488 3774 2559">
    <p class='ocr_par' dir='ltr' id='par_1_52' title="bbox 2115 2488 3774 2559">
     <span class='ocr_line' id='line_1_52' title="bbox 2115 2488 3774 2559; baseline 0.001 -17"><span class='ocrx_word' id='word_1_390' title='bbox 2115 2488 2270 2542; x_wconf 86' lang='lat' dir='ltr'>domo</span> <span class='ocrx_word' id='word_1_391' title='bbox 2299 2505 2401 2543; x_wconf 82' lang='lat' dir='ltr'>sua</span> <span class='ocrx_word' id='word_1_392' title='bbox 2431 2491 2503 2542; x_wconf 88' lang='lat' dir='ltr'>ob</span> <span class='ocrx_word' id='word_1_393' title='bbox 2536 2490 2946 2559; x_wconf 88' lang='lat' dir='ltr'>promissionis</span> <span class='ocrx_word' id='word_1_394' title='bbox 2975 2495 3190 2545; x_wconf 89' lang='lat' dir='ltr'>terram</span> <span class='ocrx_word' id='word_1_395' title='bbox 3223 2507 3494 2559; x_wconf 81' lang='lat' dir='ltr'>egressum</span> <span class='ocrx_word' id='word_1_396' title='bbox 3526 2492 3587 2558; x_wconf 71' lang='grc'>1⁵,</span> <span class='ocrx_word' id='word_1_397' title='bbox 3627 2491 3774 2545; x_wconf 90' lang='lat' dir='ltr'>hanc</span> 
     </span>
    </p>
   </div>
   <div class='ocr_carea' id='block_1_53' title="bbox 2116 2577 3774 2648">
    <p class='ocr_par' dir='ltr' id='par_1_53' title="bbox 2116 2577 3774 2648">
     <span class='ocr_line' id='line_1_53' title="bbox 2116 2577 3774 2648; baseline 0.001 -17"><span class='ocrx_word' id='word_1_398' title='bbox 2116 2577 2493 2631; x_wconf 86' lang='lat' dir='ltr'>discessionis</span> <span class='ocrx_word' id='word_1_399' title='bbox 2520 2578 2696 2646; x_wconf 84' lang='lat' dir='ltr'>hujus</span> <span class='ocrx_word' id='word_1_400' title='bbox 2718 2583 3014 2632; x_wconf 85' lang='lat' dir='ltr'>auctorem</span> <span class='ocrx_word' id='word_1_401' title='bbox 3039 2579 3168 2648; x_wconf 77' lang='lat' dir='ltr'>(hoc</span> <span class='ocrx_word' id='word_1_402' title='bbox 3191 2580 3344 2632; x_wconf 88' lang='lat' dir='ltr'>enim</span> <span class='ocrx_word' id='word_1_403' title='bbox 3373 2597 3487 2633; x_wconf 90' lang='lat' dir='ltr'>uno</span> <span class='ocrx_word' id='word_1_404' title='bbox 3512 2579 3774 2645; x_wconf 89' lang='lat' dir='ltr'>nomine,</span> 
     </span>
    </p>
   </div>
   <div class='ocr_carea' id='block_1_54' title="bbox 2116 2665 3768 2738">
    <p class='ocr_par' dir='ltr' id='par_1_54' title="bbox 2116 2665 3768 2738">
     <span class='ocr_line' id='line_1_54' title="bbox 2116 2665 3768 2738; baseline 0.001 -19"><span class='ocrx_word' id='word_1_405' title='bbox 2116 2666 2163 2719; x_wconf 88' lang='lat' dir='ltr'>si</span> <span class='ocrx_word' id='word_1_406' title='bbox 2198 2665 2278 2720; x_wconf 87' lang='lat' dir='ltr'>ita</span> <span class='ocrx_word' id='word_1_407' title='bbox 2306 2665 2464 2736; x_wconf 91' lang='lat' dir='ltr'>loqui</span> <span class='ocrx_word' id='word_1_408' title='bbox 2491 2665 2575 2720; x_wconf 81' lang='lat' dir='ltr'>fas</span> <span class='ocrx_word' id='word_1_409' title='bbox 2602 2672 2708 2730; x_wconf 83' lang='lat' dir='ltr'>est,</span> <span class='ocrx_word' id='word_1_410' title='bbox 2728 2667 2928 2721; x_wconf 85' lang='lat' dir='ltr'>Saram</span> <span class='ocrx_word' id='word_1_411' title='bbox 2955 2684 3185 2738; x_wconf 89' lang='lat' dir='ltr'>quoque</span> <span class='ocrx_word' id='word_1_412' title='bbox 3209 2668 3397 2737; x_wconf 88' lang='lat' dir='ltr'>ipsam</span> <span class='ocrx_word' id='word_1_413' title='bbox 3421 2667 3768 2737; x_wconf 84' lang='lat' dir='ltr'>superavit):</span> 
     </span>
    </p>
   </div>
   <div class='ocr_carea' id='block_1_55' title="bbox 2113 2754 3768 2827">
    <p class='ocr_par' dir='ltr' id='par_1_55' title="bbox 2113 2754 3768 2827">
     <span class='ocr_line' id='line_1_55' title="bbox 2113 2754 3768 2827; baseline 0.002 -20"><span class='ocrx_word' id='word_1_414' title='bbox 2113 2754 2303 2820; x_wconf 91' lang='lat' dir='ltr'>illum,</span> <span class='ocrx_word' id='word_1_415' title='bbox 2338 2755 2436 2825; x_wconf 91' lang='lat' dir='ltr'>qui</span> <span class='ocrx_word' id='word_1_416' title='bbox 2501 2754 2741 2824; x_wconf 88' lang='lat' dir='ltr'>pulchre</span> <span class='ocrx_word' id='word_1_417' title='bbox 2802 2756 3204 2827; x_wconf 85' lang='lat' dir='ltr'>peregrinatus</span> <span class='ocrx_word' id='word_1_418' title='bbox 3253 2761 3359 2822; x_wconf 89' lang='lat' dir='ltr'>est,</span> <span class='ocrx_word' id='word_1_419' title='bbox 3417 2756 3588 2823; x_wconf 90' lang='lat' dir='ltr'>hanc,</span> <span class='ocrx_word' id='word_1_420' title='bbox 3642 2773 3768 2826; x_wconf 69' lang='lat' dir='ltr'>quae</span> 
     </span>
    </p>
   </div>
   <div class='ocr_carea' id='block_1_56' title="bbox 2113 2844 3771 2916">
    <p class='ocr_par' dir='ltr' id='par_1_56' title="bbox 2113 2844 3771 2916">
     <span class='ocr_line' id='line_1_56' title="bbox 2113 2844 3771 2916; baseline 0.001 -18"><span class='ocrx_word' id='word_1_421' title='bbox 2113 2849 2380 2916; x_wconf 90' lang='lat' dir='ltr'>prompto</span> <span class='ocrx_word' id='word_1_422' title='bbox 2403 2844 2598 2898; x_wconf 89' lang='lat' dir='ltr'>animo</span> <span class='ocrx_word' id='word_1_423' title='bbox 2626 2845 3109 2916; x_wconf 84' lang='lat' dir='ltr'>peregrinationis</span> <span class='ocrx_word' id='word_1_424' title='bbox 3133 2845 3351 2900; x_wconf 90' lang='lat' dir='ltr'>sociam</span> <span class='ocrx_word' id='word_1_425' title='bbox 3383 2862 3446 2900; x_wconf 90' lang='lat' dir='ltr'>se</span> <span class='ocrx_word' id='word_1_426' title='bbox 3478 2845 3589 2916; x_wconf 91' lang='lat' dir='ltr'>ipsi</span> <span class='ocrx_word' id='word_1_427' title='bbox 3625 2863 3771 2916; x_wconf 68' lang='lat' dir='ltr'>pras-</span> 
     </span>
    </p>
   </div>
   <div class='ocr_carea' id='block_1_57' title="bbox 2111 2931 3770 3004">
    <p class='ocr_par' dir='ltr' id='par_1_57' title="bbox 2111 2931 3770 3004">
     <span class='ocr_line' id='line_1_57' title="bbox 2111 2931 3770 3004; baseline 0 -17"><span class='ocrx_word' id='word_1_428' title='bbox 2111 2933 2238 2987; x_wconf 85' lang='lat' dir='ltr'>buit</span> <span class='ocrx_word' id='word_1_429' title='bbox 2262 2949 2274 2986; x_wconf 91' lang='lat'>:</span> <span class='ocrx_word' id='word_1_430' title='bbox 2301 2931 2488 2999; x_wconf 84' lang='lat' dir='ltr'>illum,</span> <span class='ocrx_word' id='word_1_431' title='bbox 2514 2932 2611 3003; x_wconf 87' lang='lat' dir='ltr'>qui</span> <span class='ocrx_word' id='word_1_432' title='bbox 2651 2932 2894 2986; x_wconf 86' lang='lat' dir='ltr'>Domino</span> <span class='ocrx_word' id='word_1_433' title='bbox 2949 2950 3078 2987; x_wconf 82' lang='lat' dir='ltr'>sese</span> <span class='ocrx_word' id='word_1_434' title='bbox 3129 2933 3415 3004; x_wconf 46' lang='lat' dir='ltr'>ad&#39;junxit,</span> <span class='ocrx_word' id='word_1_435' title='bbox 3441 2933 3610 3004; x_wconf 85' lang='lat' dir='ltr'>hanc,</span> <span class='ocrx_word' id='word_1_436' title='bbox 3646 2951 3770 3004; x_wconf 71' lang='lat' dir='ltr'>qua:</span> 
     </span>
    </p>
   </div>
   <div class='ocr_carea' id='block_1_58' title="bbox 2108 3020 3774 3093">
    <p class='ocr_par' dir='ltr' id='par_1_58' title="bbox 2108 3020 3774 3093">
     <span class='ocr_line' id='line_1_58' title="bbox 2108 3020 3774 3093; baseline 0.001 -19"><span class='ocrx_word' id='word_1_437' title='bbox 2108 3021 2296 3075; x_wconf 91' lang='lat' dir='ltr'>virum</span> <span class='ocrx_word' id='word_1_438' title='bbox 2331 3037 2506 3075; x_wconf 90' lang='lat' dir='ltr'>suum</span> <span class='ocrx_word' id='word_1_439' title='bbox 2540 3020 2842 3075; x_wconf 89' lang='lat' dir='ltr'>dominum</span> <span class='ocrx_word' id='word_1_440' title='bbox 2876 3026 2931 3076; x_wconf 91' lang='lat' dir='ltr'>et</span> <span class='ocrx_word' id='word_1_441' title='bbox 2967 3021 3240 3093; x_wconf 86' lang='lat' dir='ltr'>appellat,</span> <span class='ocrx_word' id='word_1_442' title='bbox 3281 3029 3335 3076; x_wconf 89' lang='lat' dir='ltr'>et</span> <span class='ocrx_word' id='word_1_443' title='bbox 3369 3023 3680 3088; x_wconf 90' lang='lat' dir='ltr'>existimat,</span> <span class='ocrx_word' id='word_1_444' title='bbox 3710 3039 3774 3077; x_wconf 90' lang='lat' dir='ltr'>ac</span> 
     </span>
    </p>
   </div>
   <div class='ocr_carea' id='block_1_59' title="bbox 356 3105 3769 3182">
    <p class='ocr_par' dir='ltr' id='par_1_59' title="bbox 356 3105 3769 3182">
     <span class='ocr_line' id='line_1_59' title="bbox 356 3105 3769 3182; baseline 0.002 -24"><span class='ocrx_word' id='word_1_445' title='bbox 356 3105 926 3176; x_wconf 75' lang='lat' dir='ltr'>prOptereajustitiaa</span> <span class='ocrx_word' id='word_1_446' title='bbox 957 3105 1190 3161; x_wconf 89' lang='lat' dir='ltr'>laudem</span> <span class='ocrx_word' id='word_1_447' title='bbox 1224 3108 1477 3177; x_wconf 86' lang='lat' dir='ltr'>quadam</span> <span class='ocrx_word' id='word_1_448' title='bbox 1510 3124 1578 3162; x_wconf 89' lang='lat' dir='ltr'>ex</span> <span class='ocrx_word' id='word_1_449' title='bbox 1607 3111 1772 3179; x_wconf 88' lang='lat' dir='ltr'>parte</span> <span class='ocrx_word' id='word_1_450' title='bbox 1801 3114 2116 3165; x_wconf 88' lang='lat' dir='ltr'>consecuta</span> <span class='ocrx_word' id='word_1_451' title='bbox 2159 3115 2274 3176; x_wconf 87' lang='lat' dir='ltr'>est;</span> <span class='ocrx_word' id='word_1_452' title='bbox 2324 3125 2574 3180; x_wconf 88' lang='lat' dir='ltr'>quorum</span> <span class='ocrx_word' id='word_1_453' title='bbox 2608 3109 2971 3181; x_wconf 87' lang='lat' dir='ltr'>pollicitatio,</span> <span class='ocrx_word' id='word_1_454' title='bbox 3004 3117 3062 3165; x_wconf 90' lang='lat' dir='ltr'>et</span> <span class='ocrx_word' id='word_1_455' title='bbox 3092 3128 3343 3182; x_wconf 90' lang='lat' dir='ltr'>quorum</span> <span class='ocrx_word' id='word_1_456' title='bbox 3379 3112 3557 3178; x_wconf 82' lang='lat' dir='ltr'>Isaac,</span> <span class='ocrx_word' id='word_1_457' title='bbox 3583 3128 3769 3182; x_wconf 89' lang='lat' dir='ltr'>quan-</span> 
     </span>
    </p>
   </div>
   <div class='ocr_carea' id='block_1_60' title="bbox 353 3193 1846 3267">
    <p class='ocr_par' dir='ltr' id='par_1_60' title="bbox 353 3193 1846 3267">
     <span class='ocr_line' id='line_1_60' title="bbox 353 3193 1846 3267; baseline 0.003 -20"><span class='ocrx_word' id='word_1_458' title='bbox 353 3198 482 3248; x_wconf 91' lang='lat' dir='ltr'>tum</span> <span class='ocrx_word' id='word_1_459' title='bbox 517 3193 752 3264; x_wconf 88' lang='lat' dir='ltr'>quidem</span> <span class='ocrx_word' id='word_1_460' title='bbox 787 3194 845 3248; x_wconf 90' lang='lat' dir='ltr'>in</span> <span class='ocrx_word' id='word_1_461' title='bbox 877 3194 1023 3266; x_wconf 88' lang='lat' dir='ltr'>ipsis</span> <span class='ocrx_word' id='word_1_462' title='bbox 1053 3194 1183 3260; x_wconf 85' lang='lat' dir='ltr'>fuit,</span> <span class='ocrx_word' id='word_1_463' title='bbox 1214 3199 1272 3250; x_wconf 89' lang='lat' dir='ltr'>et</span> <span class='ocrx_word' id='word_1_464' title='bbox 1301 3212 1554 3267; x_wconf 90' lang='lat' dir='ltr'>quorum</span> <span class='ocrx_word' id='word_1_465' title='bbox 1588 3197 1846 3252; x_wconf 90' lang='lat' dir='ltr'>donatio.</span> 
     </span>
    </p>
   </div>
   <div class='ocr_carea' id='block_1_61' title="bbox 414 3281 2003 3361">
    <p class='ocr_par' dir='ltr' id='par_1_61' title="bbox 414 3281 2003 3356">
     <span class='ocr_line' id='line_1_61' title="bbox 414 3281 2003 3356; baseline 0.003 -23"><span class='ocrx_word' id='word_1_466' title='bbox 414 3281 488 3335; x_wconf 85' lang='lat' dir='ltr'>E&#39;.</span> <span class='ocrx_word' id='word_1_467' title='bbox 529 3282 627 3341; x_wconf 86' lang='grc' dir='ltr'>Ἥς</span> <span class='ocrx_word' id='word_1_468' title='bbox 689 3281 717 3333; x_wconf 88' lang='lat'>6</span> <span class='ocrx_word' id='word_1_469' title='bbox 775 3282 986 3353; x_wconf 75' lang='grc' dir='ltr'>ποιμὴν</span> <span class='ocrx_word' id='word_1_470' title='bbox 1043 3283 1212 3354; x_wconf 83' lang='grc' dir='ltr'>(43)ὁ</span> <span class='ocrx_word' id='word_1_471' title='bbox 1247 3281 1416 3344; x_wconf 87' lang='grc' dir='ltr'>καλὸς</span> <span class='ocrx_word' id='word_1_472' title='bbox 1474 3281 1769 3356; x_wconf 79' lang='grc' dir='ltr'>εὐξαμένης</span> <span class='ocrx_word' id='word_1_473' title='bbox 1827 3285 2003 3338; x_wconf 78' lang='grc' dir='ltr'>τεκαὶ</span> 
     </span>
    </p>
   </div>
   <div class='ocr_carea' id='block_1_62' title="bbox 2118 3281 3772 3361">
    <p class='ocr_par' dir='ltr' id='par_1_62' title="bbox 2189 3287 3772 3361">
     <span class='ocr_line' id='line_1_62' title="bbox 2189 3287 3772 3361; baseline 0.002 -21"><span class='ocrx_word' id='word_1_474' title='bbox 2189 3288 2254 3342; x_wconf 93' lang='lat' dir='ltr'>V.</span> <span class='ocrx_word' id='word_1_475' title='bbox 2287 3289 2474 3359; x_wconf 88' lang='lat' dir='ltr'>Atque</span> <span class='ocrx_word' id='word_1_476' title='bbox 2510 3287 2704 3343; x_wconf 82' lang='lat' dir='ltr'>uxoris</span> <span class='ocrx_word' id='word_1_477' title='bbox 2735 3289 2975 3358; x_wconf 88' lang='lat' dir='ltr'>quidem</span> <span class='ocrx_word' id='word_1_478' title='bbox 3007 3289 3196 3344; x_wconf 89' lang='lat' dir='ltr'>bonus</span> <span class='ocrx_word' id='word_1_479' title='bbox 3245 3289 3342 3344; x_wconf 88' lang='lat' dir='ltr'>ille</span> <span class='ocrx_word' id='word_1_480' title='bbox 3390 3295 3589 3361; x_wconf 88' lang='lat' dir='ltr'>pastor</span> <span class='ocrx_word' id='word_1_481' title='bbox 3617 3290 3772 3361; x_wconf 85' lang='lat' dir='ltr'>(cum</span> 
     </span>
    </p>
   </div>
   <div class='ocr_carea' id='block_1_63' title="bbox 353 3366 2007 3445">
    <p class='ocr_par' dir='ltr' id='par_1_63' title="bbox 353 3366 2007 3445">
     <span class='ocr_line' id='line_1_63' title="bbox 353 3366 2007 3445; baseline 0.004 -24"><span class='ocrx_word' id='word_1_482' title='bbox 353 3366 727 3444; x_wconf 78' lang='grc' dir='ltr'>ὁδηγησάοης,</span> <span class='ocrx_word' id='word_1_483' title='bbox 757 3369 846 3423; x_wconf 78' lang='grc' dir='ltr'>καὶ</span> <span class='ocrx_word' id='word_1_484' title='bbox 893 3371 1019 3444; x_wconf 86' lang='grc' dir='ltr'>παρ’</span> <span class='ocrx_word' id='word_1_485' title='bbox 1049 3372 1114 3438; x_wconf 69' lang='grc' dir='ltr'>ἧς</span> <span class='ocrx_word' id='word_1_486' title='bbox 1163 3371 1191 3423; x_wconf 90' lang='lat'>6</span> <span class='ocrx_word' id='word_1_487' title='bbox 1239 3369 1410 3432; x_wconf 87' lang='grc' dir='ltr'>τύπος</span> <span class='ocrx_word' id='word_1_488' title='bbox 1437 3375 1534 3425; x_wconf 76' lang='grc' dir='ltr'>τοῦ</span> <span class='ocrx_word' id='word_1_489' title='bbox 1564 3373 1747 3434; x_wconf 82' lang='grc' dir='ltr'>καλῶς</span> <span class='ocrx_word' id='word_1_490' title='bbox 1777 3373 2007 3445; x_wconf 84' lang='grc' dir='ltr'>ποιμαί-</span> 
     </span>
    </p>
   </div>
   <div class='ocr_carea' id='block_1_64' title="bbox 343 3455 2007 3535">
    <p class='ocr_par' dir='ltr' id='par_1_64' title="bbox 343 3455 2007 3535">
     <span class='ocr_line' id='line_1_64' title="bbox 343 3455 2004 3512; baseline 0.002 -2"><span class='ocrx_word' id='word_1_491' title='bbox 343 3458 562 3511; x_wconf 82' lang='grc' dir='ltr'>νεσθαι’</span> <span class='ocrx_word' id='word_1_492' title='bbox 626 3455 686 3512; x_wconf 79' lang='grc' dir='ltr'>οὗ</span> <span class='ocrx_word' id='word_1_493' title='bbox 743 3458 806 3511; x_wconf 88' lang='grc' dir='ltr'>τὸ</span> <span class='ocrx_word' id='word_1_494' title='bbox 905 3481 912 3494; x_wconf 73' lang='grc'><em>’</em></span> <span class='ocrx_word' id='word_1_495' title='bbox 1002 3464 1024 3474; x_wconf 80' lang='grc'>“’</span> <span class='ocrx_word' id='word_1_496' title='bbox 1137 3459 1149 3478; x_wconf 69' lang='grc'><em>“</em></span> <span class='ocrx_word' id='word_1_497' title='bbox 1242 3456 1289 3477; x_wconf 45' lang='grc' dir='ltr'>Ἀ</span> <span class='ocrx_word' id='word_1_498' title='bbox 1610 3460 1620 3478; x_wconf 86' lang='lat'><strong><em>&#39;</em></strong></span> <span class='ocrx_word' id='word_1_499' title='bbox 1800 3463 1822 3480; x_wconf 52' lang='grc' dir='ltr'><strong><em>ν</em></strong></span> <span class='ocrx_word' id='word_1_500' title='bbox 1991 3464 2004 3479; x_wconf 82' lang='grc'><strong>“</strong></span> 
     </span>
     <span class='ocr_line' id='line_1_65' title="bbox 865 3459 2007 3535; baseline 0.004 -24"><span class='ocrx_word' id='word_1_501' title='bbox 865 3479 1050 3535; x_wconf 68' lang='grc' dir='ltr'>φυγειν</span> <span class='ocrx_word' id='word_1_502' title='bbox 1091 3479 1160 3512; x_wconf 92' lang='grc' dir='ltr'>τα</span> <span class='ocrx_word' id='word_1_503' title='bbox 1211 3459 1415 3514; x_wconf 80' lang='grc' dir='ltr'>ειοωλα</span> <span class='ocrx_word' id='word_1_504' title='bbox 1461 3482 1720 3533; x_wconf 86' lang='grc' dir='ltr'>γνησιως,</span> <span class='ocrx_word' id='word_1_505' title='bbox 1773 3483 1887 3516; x_wconf 91' lang='grc' dir='ltr'>ειτα</span> <span class='ocrx_word' id='word_1_506' title='bbox 1917 3483 2007 3516; x_wconf 87' lang='grc' dir='ltr'>και</span> 
     </span>
    </p>
   </div>
   <div class='ocr_carea' id='block_1_65' title="bbox 349 3541 2008 3620">
    <p class='ocr_par' dir='ltr' id='par_1_65' title="bbox 349 3541 2008 3620">
     <span class='ocr_line' id='line_1_66' title="bbox 349 3541 2008 3620; baseline 0.004 -23"><span class='ocrx_word' id='word_1_507' title='bbox 349 3541 665 3620; x_wconf 72' lang='grc' dir='ltr'>φυγαδεύειν</span> <span class='ocrx_word' id='word_1_508' title='bbox 700 3542 994 3616; x_wconf 86' lang='grc' dir='ltr'>δαίμονας·</span> <span class='ocrx_word' id='word_1_509' title='bbox 1025 3547 1114 3600; x_wconf 83' lang='grc' dir='ltr'>καὶ</span> <span class='ocrx_word' id='word_1_510' title='bbox 1167 3550 1229 3614; x_wconf 75' lang='grc' dir='ltr'>ἧς</span> <span class='ocrx_word' id='word_1_511' title='bbox 1273 3548 1337 3601; x_wconf 85' lang='grc' dir='ltr'>τὸ</span> <span class='ocrx_word' id='word_1_512' title='bbox 1399 3549 1474 3620; x_wconf 78' lang='grc' dir='ltr'>μὴ</span> <span class='ocrx_word' id='word_1_513' title='bbox 1507 3548 1652 3603; x_wconf 76' lang='grc' dir='ltr'>ἀλῶν</span> <span class='ocrx_word' id='word_1_514' title='bbox 1704 3551 1818 3614; x_wconf 82' lang='grc'>(44)</span> <span class='ocrx_word' id='word_1_515' title='bbox 1877 3571 2008 3604; x_wconf 87' lang='grc' dir='ltr'>ποτε</span> 
     </span>
    </p>
   </div>
   <div class='ocr_carea' id='block_1_66' title="bbox 352 3632 2006 3712">
    <p class='ocr_par' dir='ltr' id='par_1_66' title="bbox 352 3632 2006 3712">
     <span class='ocr_line' id='line_1_67' title="bbox 352 3632 2006 3712; baseline 0.004 -26"><span class='ocrx_word' id='word_1_516' title='bbox 352 3639 679 3701; x_wconf 79' lang='grc' dir='ltr'>κοινωνῆσαι</span> <span class='ocrx_word' id='word_1_517' title='bbox 708 3638 824 3694; x_wconf 87' lang='grc' dir='ltr'>τοῖς</span> <span class='ocrx_word' id='word_1_518' title='bbox 856 3632 905 3705; x_wconf 76' lang='grc' dir='ltr'>ἐξ</span> <span class='ocrx_word' id='word_1_519' title='bbox 940 3632 1184 3690; x_wconf 81' lang='grc' dir='ltr'>εἰδώλων</span> <span class='ocrx_word' id='word_1_520' title='bbox 1213 3653 1225 3667; x_wconf 89' lang='grc'>·</span> <span class='ocrx_word' id='word_1_521' title='bbox 1257 3637 1356 3704; x_wconf 85' lang='grc' dir='ltr'>τήν</span> <span class='ocrx_word' id='word_1_522' title='bbox 1403 3637 1695 3709; x_wconf 83' lang='grc' dir='ltr'>ὁμότιμον,</span> <span class='ocrx_word' id='word_1_523' title='bbox 1729 3637 1819 3692; x_wconf 83' lang='grc' dir='ltr'>καὶ</span> <span class='ocrx_word' id='word_1_524' title='bbox 1870 3639 2006 3712; x_wconf 83' lang='grc' dir='ltr'>ὁμό-</span> 
     </span>
    </p>
   </div>
   <div class='ocr_carea' id='block_1_67' title="bbox 351 3719 2006 3800">
    <p class='ocr_par' dir='ltr' id='par_1_67' title="bbox 351 3719 2006 3800">
     <span class='ocr_line' id='line_1_68' title="bbox 351 3719 2006 3800; baseline 0.005 -28"><span class='ocrx_word' id='word_1_525' title='bbox 351 3739 540 3795; x_wconf 81' lang='grc' dir='ltr'>φρονα,</span> <span class='ocrx_word' id='word_1_526' title='bbox 571 3719 662 3773; x_wconf 87' lang='grc' dir='ltr'>καὶ</span> <span class='ocrx_word' id='word_1_527' title='bbox 714 3720 1022 3796; x_wconf 81' lang='grc' dir='ltr'>ὁμόψυχον,</span> <span class='ocrx_word' id='word_1_528' title='bbox 1071 3722 1160 3776; x_wconf 82' lang='grc' dir='ltr'>καὶ</span> <span class='ocrx_word' id='word_1_529' title='bbox 1212 3723 1317 3800; x_wconf 75' lang='grc' dir='ltr'>οὐχ</span> <span class='ocrx_word' id='word_1_530' title='bbox 1364 3727 1524 3792; x_wconf 70' lang='grc' dir='ltr'>ἦττον</span> <span class='ocrx_word' id='word_1_531' title='bbox 1562 3725 1757 3798; x_wconf 83' lang='grc' dir='ltr'>ἀρετῆς</span> <span class='ocrx_word' id='word_1_532' title='bbox 1789 3727 1878 3780; x_wconf 87' lang='grc' dir='ltr'>καὶ</span> <span class='ocrx_word' id='word_1_533' title='bbox 1907 3735 2006 3796; x_wconf 80' lang='grc' dir='ltr'>τῆς</span> 
     </span>
    </p>
   </div>
   <div class='ocr_carea' id='block_1_68' title="bbox 345 3807 2002 3888">
    <p class='ocr_par' dir='ltr' id='par_1_68' title="bbox 345 3807 2002 3888">
     <span class='ocr_line' id='line_1_69' title="bbox 345 3807 2002 3888; baseline 0.005 -27"><span class='ocrx_word' id='word_1_534' title='bbox 345 3807 481 3883; x_wconf 86' lang='grc' dir='ltr'>πρὸς</span> <span class='ocrx_word' id='word_1_535' title='bbox 512 3809 638 3863; x_wconf 86' lang='grc' dir='ltr'>Θεὸν</span> <span class='ocrx_word' id='word_1_536' title='bbox 690 3807 1013 3870; x_wconf 87' lang='grc' dir='ltr'>οἷκειώσεως</span> <span class='ocrx_word' id='word_1_537' title='bbox 1063 3811 1096 3878; x_wconf 82' lang='grc' dir='ltr'>ἣ</span> <span class='ocrx_word' id='word_1_538' title='bbox 1153 3812 1347 3886; x_wconf 81' lang='grc' dir='ltr'>σαρκὸς</span> <span class='ocrx_word' id='word_1_539' title='bbox 1396 3812 1648 3884; x_wconf 80' lang='grc' dir='ltr'>συζυγίαν</span> <span class='ocrx_word' id='word_1_540' title='bbox 1676 3832 1688 3844; x_wconf 82' lang='lat'><strong><em>°</em></strong></span> <span class='ocrx_word' id='word_1_541' title='bbox 1735 3811 1854 3868; x_wconf 58' lang='grc' dir='ltr'>είσον</span> <span class='ocrx_word' id='word_1_542' title='bbox 1910 3817 2002 3888; x_wconf 74' lang='grc' dir='ltr'>μὲν</span> 
     </span>
    </p>
   </div>
   <div class='ocr_carea' id='block_1_69' title="bbox 348 3895 2006 3978">
    <p class='ocr_par' dir='ltr' id='par_1_69' title="bbox 348 3895 2006 3978">
     <span class='ocr_line' id='line_1_70' title="bbox 348 3895 2006 3978; baseline 0.005 -30"><span class='ocrx_word' id='word_1_543' title='bbox 348 3898 512 3967; x_wconf 76' lang='grc' dir='ltr'>μήκει</span> <span class='ocrx_word' id='word_1_544' title='bbox 547 3895 669 3972; x_wconf 90' lang='grc' dir='ltr'>βίου</span> <span class='ocrx_word' id='word_1_545' title='bbox 699 3896 788 3950; x_wconf 85' lang='grc' dir='ltr'>καὶ</span> <span class='ocrx_word' id='word_1_546' title='bbox 846 3896 1068 3959; x_wconf 85' lang='grc' dir='ltr'>πολιαῖς</span> <span class='ocrx_word' id='word_1_547' title='bbox 1124 3901 1261 3972; x_wconf 88' lang='grc'>(45).</span> <span class='ocrx_word' id='word_1_548' title='bbox 1314 3898 1434 3954; x_wconf 57' lang='grc' dir='ltr'>τίσον</span> <span class='ocrx_word' id='word_1_549' title='bbox 1495 3898 1553 3954; x_wconf 78' lang='grc' dir='ltr'>δὲ</span> <span class='ocrx_word' id='word_1_550' title='bbox 1593 3905 1854 3978; x_wconf 72' lang='grc' dir='ltr'>φρονήσει</span> <span class='ocrx_word' id='word_1_551' title='bbox 1915 3906 2006 3959; x_wconf 81' lang='grc' dir='ltr'>καὶ</span> 
     </span>
    </p>
   </div>
   <div class='ocr_carea' id='block_1_70' title="bbox 349 3983 2002 4062">
    <p class='ocr_par' dir='ltr' id='par_1_70' title="bbox 349 3983 2002 4062">
     <span class='ocr_line' id='line_1_71' title="bbox 349 3983 2002 4062; baseline 0.005 -25"><span class='ocrx_word' id='word_1_552' title='bbox 349 3983 577 4058; x_wconf 83' lang='grc' dir='ltr'>λάμψει,</span> <span class='ocrx_word' id='word_1_553' title='bbox 609 3988 726 4039; x_wconf 79' lang='grc' dir='ltr'>κατ’</span> <span class='ocrx_word' id='word_1_554' title='bbox 757 3983 1043 4056; x_wconf 77' lang='grc' dir='ltr'>ἀλλήλους</span> <span class='ocrx_word' id='word_1_555' title='bbox 1093 3990 1202 4058; x_wconf 83' lang='grc'>(46)</span> <span class='ocrx_word' id='word_1_556' title='bbox 1253 3988 1701 4062; x_wconf 81' lang='grc' dir='ltr'>ἁμιλλωμένους,</span> <span class='ocrx_word' id='word_1_557' title='bbox 1751 3991 1840 4044; x_wconf 83' lang='grc' dir='ltr'>καὶ</span> <span class='ocrx_word' id='word_1_558' title='bbox 1897 3998 2002 4046; x_wconf 81' lang='grc' dir='ltr'>τῶν</span> 
     </span>
    </p>
   </div>
   <div class='ocr_carea' id='block_1_71' title="bbox 348 4069 2002 4155">
    <p class='ocr_par' dir='ltr' id='par_1_71' title="bbox 348 4069 2002 4155">
     <span class='ocr_line' id='line_1_72' title="bbox 348 4069 2002 4155; baseline 0.006 -30"><span class='ocrx_word' id='word_1_559' title='bbox 348 4069 559 4127; x_wconf 77' lang='grc' dir='ltr'>λοιπῶν</span> <span class='ocrx_word' id='word_1_560' title='bbox 596 4072 981 4149; x_wconf 82' lang='grc' dir='ltr'>ὑπεραίροντας</span> <span class='ocrx_word' id='word_1_561' title='bbox 1005 4095 1017 4107; x_wconf 73' lang='grc'><strong>⁸</strong></span> <span class='ocrx_word' id='word_1_562' title='bbox 1052 4077 1207 4150; x_wconf 82' lang='grc' dir='ltr'>σαρκὶ</span> <span class='ocrx_word' id='word_1_563' title='bbox 1239 4079 1331 4150; x_wconf 76' lang='grc' dir='ltr'>μὲν</span> <span class='ocrx_word' id='word_1_564' title='bbox 1365 4077 1531 4153; x_wconf 87' lang='grc' dir='ltr'>ὀλίγα</span> <span class='ocrx_word' id='word_1_565' title='bbox 1579 4078 2002 4155; x_wconf 80' lang='grc' dir='ltr'>κατεχομένους,</span> 
     </span>
    </p>
   </div>
   <div class='ocr_carea' id='block_1_72' title="bbox 349 4158 2004 4242">
    <p class='ocr_par' dir='ltr' id='par_1_72' title="bbox 349 4158 2004 4242">
     <span class='ocr_line' id='line_1_73' title="bbox 349 4158 2004 4242; baseline 0.007 -29"><span class='ocrx_word' id='word_1_566' title='bbox 349 4158 616 4232; x_wconf 84' lang='grc' dir='ltr'>πνεύματι</span> <span class='ocrx_word' id='word_1_567' title='bbox 675 4159 732 4216; x_wconf 80' lang='grc' dir='ltr'>δὲ</span> <span class='ocrx_word' id='word_1_568' title='bbox 787 4164 1294 4240; x_wconf 84' lang='grc' dir='ltr'>μετενηνεγμένους,</span> <span class='ocrx_word' id='word_1_569' title='bbox 1355 4166 1445 4220; x_wconf 83' lang='grc' dir='ltr'>καὶ</span> <span class='ocrx_word' id='word_1_570' title='bbox 1503 4167 1608 4242; x_wconf 89' lang='grc' dir='ltr'>πρὸ</span> <span class='ocrx_word' id='word_1_571' title='bbox 1662 4175 1761 4237; x_wconf 81' lang='grc' dir='ltr'>τῆς</span> <span class='ocrx_word' id='word_1_572' title='bbox 1795 4166 2004 4239; x_wconf 86' lang='grc' dir='ltr'>διαζεύ-</span> 
     </span>
    </p>
   </div>
   <div class='ocr_carea' id='block_1_73' title="bbox 333 4247 2002 4335">
    <p class='ocr_par' dir='ltr' id='par_1_73' title="bbox 333 4247 2002 4335">
     <span class='ocr_line' id='line_1_74' title="bbox 333 4247 2002 4335; baseline 0.006 -33"><span class='ocrx_word' id='word_1_573' title='bbox 333 4247 496 4326; x_wconf 53' lang='lat' dir='ltr'>{tunc</span> <span class='ocrx_word' id='word_1_574' title='bbox 530 4247 603 4303; x_wconf 84' lang='grc' dir='ltr'>ὧν</span> <span class='ocrx_word' id='word_1_575' title='bbox 637 4250 745 4326; x_wconf 81' lang='grc' dir='ltr'>οὐχ</span> <span class='ocrx_word' id='word_1_576' title='bbox 781 4253 807 4304; x_wconf 92' lang='lat'>6</span> <span class='ocrx_word' id='word_1_577' title='bbox 839 4251 1067 4324; x_wconf 87' lang='grc' dir='ltr'>κόσμος,</span> <span class='ocrx_word' id='word_1_578' title='bbox 1103 4253 1192 4306; x_wconf 80' lang='grc' dir='ltr'>καὶ</span> <span class='ocrx_word' id='word_1_579' title='bbox 1225 4255 1296 4308; x_wconf 85' lang='grc' dir='ltr'>ὢν</span> <span class='ocrx_word' id='word_1_580' title='bbox 1332 4255 1359 4307; x_wconf 88' lang='lat'>6</span> <span class='ocrx_word' id='word_1_581' title='bbox 1391 4254 1618 4326; x_wconf 83' lang='grc' dir='ltr'>κόσμος·</span> <span class='ocrx_word' id='word_1_582' title='bbox 1655 4257 1682 4310; x_wconf 92' lang='lat'>6</span> <span class='ocrx_word' id='word_1_583' title='bbox 1716 4257 1811 4329; x_wconf 75' lang='grc' dir='ltr'>μὲν</span> <span class='ocrx_word' id='word_1_584' title='bbox 1843 4258 2002 4335; x_wconf 84' lang='grc' dir='ltr'>ὑπερ-</span> 
     </span>
    </p>
   </div>
   <div class='ocr_carea' id='block_1_74' title="bbox 346 4337 2002 4416">
    <p class='ocr_par' dir='ltr' id='par_1_74' title="bbox 346 4337 2002 4416">
     <span class='ocr_line' id='line_1_75' title="bbox 346 4337 2002 4416; baseline 0.007 -25"><span class='ocrx_word' id='word_1_585' title='bbox 346 4338 646 4412; x_wconf 86' lang='grc' dir='ltr'>ορώμενος,</span> <span class='ocrx_word' id='word_1_586' title='bbox 708 4341 735 4393; x_wconf 93' lang='lat'>6</span> <span class='ocrx_word' id='word_1_587' title='bbox 788 4337 846 4394; x_wconf 76' lang='grc' dir='ltr'>δὲ</span> <span class='ocrx_word' id='word_1_588' title='bbox 902 4343 1369 4416; x_wconf 84' lang='grc' dir='ltr'>προτιμώμενος·</span> <span class='ocrx_word' id='word_1_589' title='bbox 1430 4345 1502 4397; x_wconf 83' lang='grc' dir='ltr'>ὧν</span> <span class='ocrx_word' id='word_1_590' title='bbox 1581 4346 1643 4398; x_wconf 87' lang='grc' dir='ltr'>τὸ</span> <span class='ocrx_word' id='word_1_591' title='bbox 1719 4345 2002 4402; x_wconf 84' lang='grc' dir='ltr'>ἀποπλου-</span> 
     </span>
    </p>
   </div>
   <div class='ocr_carea' id='block_1_75' title="bbox 343 4428 2001 4510">
    <p class='ocr_par' dir='ltr' id='par_1_75' title="bbox 343 4428 2001 4510">
     <span class='ocr_line' id='line_1_76' title="bbox 343 4428 2001 4510; baseline 0.007 -31"><span class='ocrx_word' id='word_1_592' title='bbox 343 4431 450 4479; x_wconf 86' lang='grc' dir='ltr'>τεῖν</span> <span class='ocrx_word' id='word_1_593' title='bbox 487 4430 618 4499; x_wconf 85' lang='grc'>(47),</span> <span class='ocrx_word' id='word_1_594' title='bbox 648 4429 738 4482; x_wconf 84' lang='grc' dir='ltr'>καὶ</span> <span class='ocrx_word' id='word_1_595' title='bbox 771 4429 844 4482; x_wconf 84' lang='grc' dir='ltr'>ὧν</span> <span class='ocrx_word' id='word_1_596' title='bbox 870 4429 934 4484; x_wconf 89' lang='grc' dir='ltr'>τὸ</span> <span class='ocrx_word' id='word_1_597' title='bbox 976 4428 1230 4485; x_wconf 84' lang='grc' dir='ltr'>πλουτεῖν</span> <span class='ocrx_word' id='word_1_598' title='bbox 1266 4428 1356 4486; x_wconf 82' lang='grc' dir='ltr'>διὰ</span> <span class='ocrx_word' id='word_1_599' title='bbox 1391 4433 1490 4501; x_wconf 77' lang='grc' dir='ltr'>τὴν</span> <span class='ocrx_word' id='word_1_600' title='bbox 1541 4431 1716 4502; x_wconf 78' lang='grc' dir='ltr'>καλὴν</span> <span class='ocrx_word' id='word_1_601' title='bbox 1745 4455 2001 4510; x_wconf 84' lang='grc' dir='ltr'>πραγμα-</span> 
     </span>
    </p>
   </div>
   <div class='ocr_carea' id='block_1_76' title="bbox 344 4511 1998 4592">
    <p class='ocr_par' dir='ltr' id='par_1_76' title="bbox 344 4511 1998 4592">
     <span class='ocr_line' id='line_1_77' title="bbox 344 4511 1998 4592; baseline 0.008 -27"><span class='ocrx_word' id='word_1_602' title='bbox 344 4511 524 4567; x_wconf 90' lang='grc' dir='ltr'>τείαν·</span> <span class='ocrx_word' id='word_1_603' title='bbox 583 4515 649 4566; x_wconf 78' lang='grc' dir='ltr'>τὰ</span> <span class='ocrx_word' id='word_1_604' title='bbox 709 4515 803 4586; x_wconf 72' lang='grc' dir='ltr'>μὲν</span> <span class='ocrx_word' id='word_1_605' title='bbox 860 4514 992 4589; x_wconf 80' lang='grc' dir='ltr'>τῇδε</span> <span class='ocrx_word' id='word_1_606' title='bbox 1075 4515 1466 4592; x_wconf 85' lang='grc' dir='ltr'>διαπτυόντων,</span> <span class='ocrx_word' id='word_1_607' title='bbox 1539 4522 1606 4574; x_wconf 81' lang='grc' dir='ltr'>τὰ</span> <span class='ocrx_word' id='word_1_608' title='bbox 1690 4519 1746 4575; x_wconf 75' lang='grc' dir='ltr'>δὲ</span> <span class='ocrx_word' id='word_1_609' title='bbox 1802 4523 1998 4578; x_wconf 78' lang='grc' dir='ltr'>ἐκεῖθεν</span> 
     </span>
    </p>
   </div>
   <div class='ocr_carea' id='block_1_77' title="bbox 348 4600 2000 4684">
    <p class='ocr_par' dir='ltr' id='par_1_77' title="bbox 348 4600 2000 4684">
     <span class='ocr_line' id='line_1_78' title="bbox 348 4600 2000 4684; baseline 0.008 -31"><span class='ocrx_word' id='word_1_610' title='bbox 348 4600 806 4674; x_wconf 79' lang='grc' dir='ltr'>ἀντωνουμένων’</span> <span class='ocrx_word' id='word_1_611' title='bbox 843 4606 916 4659; x_wconf 87' lang='grc' dir='ltr'>ὧν</span> <span class='ocrx_word' id='word_1_612' title='bbox 959 4606 1136 4682; x_wconf 76' lang='grc' dir='ltr'>βραχὺ</span> <span class='ocrx_word' id='word_1_613' title='bbox 1177 4609 1271 4678; x_wconf 82' lang='grc' dir='ltr'>μὲν</span> <span class='ocrx_word' id='word_1_614' title='bbox 1318 4609 1380 4662; x_wconf 87' lang='grc' dir='ltr'>τὸ</span> <span class='ocrx_word' id='word_1_615' title='bbox 1435 4615 1536 4678; x_wconf 82' lang='grc' dir='ltr'>τῆς</span> <span class='ocrx_word' id='word_1_616' title='bbox 1598 4614 1743 4678; x_wconf 86' lang='grc' dir='ltr'>ζωῆς</span> <span class='ocrx_word' id='word_1_617' title='bbox 1798 4612 2000 4684; x_wconf 83' lang='grc' dir='ltr'>ταύτης</span> 
     </span>
    </p>
   </div>
   <div class='ocr_carea' id='block_1_78' title="bbox 420 4725 856 4797">
    <p class='ocr_par' dir='ltr' id='par_1_78' title="bbox 420 4725 856 4797">
     <span class='ocr_line' id='line_1_79' title="bbox 420 4725 856 4797; baseline 0.007 -16"><span class='ocrx_word' id='word_1_618' title='bbox 420 4726 463 4760; x_wconf 86' lang='grc'>¹⁵</span> <span class='ocrx_word' id='word_1_619' title='bbox 495 4725 635 4782; x_wconf 89' lang='lat' dir='ltr'>Gen.</span> <span class='ocrx_word' id='word_1_620' title='bbox 667 4744 769 4797; x_wconf 83' lang='lat' dir='ltr'>xu,</span> <span class='ocrx_word' id='word_1_621' title='bbox 807 4731 856 4784; x_wconf 87' lang='grc'>1.</span> 
     </span>
    </p>
   </div>
   <div class='ocr_carea' id='block_1_79' title="bbox 417 4849 2080 4940">
    <p class='ocr_par' dir='ltr' id='par_1_79' title="bbox 417 4849 2080 4940">
     <span class='ocr_line' id='line_1_80' title="bbox 417 4849 2080 4940; baseline 0 0"><span class='ocrx_word' id='word_1_622' title='bbox 417 4849 664 4940; x_wconf 42' lang='lat' dir='ltr'>(“NW</span> <span class='ocrx_word' id='word_1_623' title='bbox 694 4857 806 4940; x_wconf 53' lang='grc' dir='ltr'>γῆξ</span> <span class='ocrx_word' id='word_1_624' title='bbox 845 4855 946 4940; x_wconf 61' lang='grc' dir='ltr'>ῖῆς</span> <span class='ocrx_word' id='word_1_625' title='bbox 996 4852 1343 4940; x_wconf 55' lang='grc' dir='ltr'>ἐπαγγελίαςι</span> <span class='ocrx_word' id='word_1_626' title='bbox 1384 4857 1577 4940; x_wconf 56' lang='lat' dir='ltr'>Schol</span> <span class='ocrx_word' id='word_1_627' title='bbox 1613 4859 1734 4913; x_wconf 80' lang='grc' dir='ltr'>’Ότι</span> <span class='ocrx_word' id='word_1_628' title='bbox 1906 4862 2004 4940; x_wconf 70' lang='grc' dir='ltr'>τῆς</span> <span class='ocrx_word' id='word_1_629' title='bbox 2036 4869 2080 4930; x_wconf 88' lang='lat' dir='ltr'>D</span> 
     </span>
    </p>
   </div>
   <div class='ocr_carea' id='block_1_80' title="bbox 345 4918 2004 5002">
    <p class='ocr_par' dir='ltr' id='par_1_80' title="bbox 345 4918 2004 5002">
     <span class='ocr_line' id='line_1_81' title="bbox 345 4918 2004 5002; baseline 0.009 -29"><span class='ocrx_word' id='word_1_630' title='bbox 345 4918 732 5002; x_wconf 55' lang='grc' dir='ltr'>έπὰγῂλίαςῆ</span> <span class='ocrx_word' id='word_1_631' title='bbox 753 4918 834 5002; x_wconf 70' lang='grc' dir='ltr'>εἷς</span> <span class='ocrx_word' id='word_1_632' title='bbox 864 4918 1094 5002; x_wconf 71' lang='grc' dir='ltr'>Χριστὸν</span> <span class='ocrx_word' id='word_1_633' title='bbox 1111 4918 1326 4998; x_wconf 76' lang='grc' dir='ltr'>’πίστις,</span> <span class='ocrx_word' id='word_1_634' title='bbox 1352 4951 1377 4978; x_wconf 82' lang='lat' dir='ltr'>u</span> <span class='ocrx_word' id='word_1_635' title='bbox 1403 4932 1556 5000; x_wconf 89' lang='lat' dir='ltr'>quod</span> <span class='ocrx_word' id='word_1_636' title='bbox 1591 4918 2004 5002; x_wconf 61' lang='lat' dir='ltr'>promissionis</span> 
     </span>
    </p>
   </div>
   <div class='ocr_carea' id='block_1_81' title="bbox 348 4994 1146 5060">
    <p class='ocr_par' dir='ltr' id='par_1_81' title="bbox 348 4994 1146 5060">
     <span class='ocr_line' id='line_1_82' title="bbox 348 4994 1146 5060; baseline 0.003 -13"><span class='ocrx_word' id='word_1_637' title='bbox 348 4998 521 5060; x_wconf 89' lang='lat' dir='ltr'>terra,</span> <span class='ocrx_word' id='word_1_638' title='bbox 557 4994 771 5050; x_wconf 88' lang='lat' dir='ltr'>Christi</span> <span class='ocrx_word' id='word_1_639' title='bbox 804 4994 948 5052; x_wconf 82' lang='lat' dir='ltr'>fides</span> <span class='ocrx_word' id='word_1_640' title='bbox 979 5003 1088 5052; x_wconf 88' lang='lat' dir='ltr'>est.</span> <span class='ocrx_word' id='word_1_641' title='bbox 1118 5021 1146 5048; x_wconf 87' lang='lat'>»</span> 
     </span>
    </p>
   </div>
   <div class='ocr_carea' id='block_1_82' title="bbox 418 5063 1309 5142">
    <p class='ocr_par' dir='ltr' id='par_1_82' title="bbox 418 5063 1309 5142">
     <span class='ocr_line' id='line_1_83' title="bbox 418 5063 1309 5142; baseline 0 0"><span class='ocrx_word' id='word_1_642' title='bbox 418 5064 526 5142; x_wconf 58' lang='grc' dir='ltr'>(ἒὲ)</span> <span class='ocrx_word' id='word_1_643' title='bbox 560 5063 782 5142; x_wconf 57' lang='grc' dir='ltr'>Έιεείξη-</span> <span class='ocrx_word' id='word_1_644' title='bbox 816 5067 1114 5142; x_wconf 59' lang='lat' dir='ltr'>Noenum.</span> <span class='ocrx_word' id='word_1_645' title='bbox 1150 5067 1309 5142; x_wconf 67' lang='grc' dir='ltr'>αὐτῇο</span> 
     </span>
    </p>
   </div>
   <div class='ocr_carea' id='block_1_83' title="bbox 416 5135 1999 5212">
    <p class='ocr_par' dir='ltr' id='par_1_83' title="bbox 416 5135 1999 5212">
     <span class='ocr_line' id='line_1_84' title="bbox 416 5135 1999 5212; baseline 0.004 -22"><span class='ocrx_word' id='word_1_646' title='bbox 416 5136 529 5208; x_wconf 88' lang='grc'>(42)</span> <span class='ocrx_word' id='word_1_647' title='bbox 560 5135 670 5212; x_wconf 58' lang='lat' dir='ltr'>{iai</span> <span class='ocrx_word' id='word_1_648' title='bbox 691 5135 765 5190; x_wconf 77' lang='grc' dir='ltr'>ὧν</span> <span class='ocrx_word' id='word_1_649' title='bbox 791 5138 882 5212; x_wconf 45' lang='grc' dir='ltr'>τό,</span> <span class='ocrx_word' id='word_1_650' title='bbox 907 5139 1001 5212; x_wconf 90' lang='lat' dir='ltr'>Sic</span> <span class='ocrx_word' id='word_1_651' title='bbox 1047 5141 1187 5212; x_wconf 84' lang='lat' dir='ltr'>Reg.</span> <span class='ocrx_word' id='word_1_652' title='bbox 1221 5135 1341 5212; x_wconf 74' lang='lat' dir='ltr'>bin,</span> <span class='ocrx_word' id='word_1_653' title='bbox 1374 5145 1493 5197; x_wconf 90' lang='lat' dir='ltr'>tres</span> <span class='ocrx_word' id='word_1_654' title='bbox 1525 5142 1686 5198; x_wconf 86' lang='lat' dir='ltr'>Colb.</span> <span class='ocrx_word' id='word_1_655' title='bbox 1719 5145 1776 5196; x_wconf 89' lang='lat' dir='ltr'>et</span> <span class='ocrx_word' id='word_1_656' title='bbox 1819 5142 1912 5198; x_wconf 90' lang='lat' dir='ltr'>Or.</span> <span class='ocrx_word' id='word_1_657' title='bbox 1949 5145 1999 5197; x_wconf 85' lang='lat'>1.</span> 
     </span>
    </p>
   </div>
   <div class='ocr_carea' id='block_1_84' title="bbox 345 5206 2001 5285">
    <p class='ocr_par' dir='ltr' id='par_1_84' title="bbox 345 5206 2001 5285">
     <span class='ocr_line' id='line_1_85' title="bbox 345 5206 2001 5285; baseline 0.006 -26"><span class='ocrx_word' id='word_1_658' title='bbox 345 5206 518 5285; x_wconf 65' lang='lat' dir='ltr'>paesti</span> <span class='ocrx_word' id='word_1_659' title='bbox 550 5207 623 5285; x_wconf 76' lang='grc' dir='ltr'>ᾧν</span> <span class='ocrx_word' id='word_1_660' title='bbox 657 5209 715 5262; x_wconf 90' lang='lat' dir='ltr'>in</span> <span class='ocrx_word' id='word_1_661' title='bbox 747 5211 942 5285; x_wconf 75' lang='lat' dir='ltr'>editis.</span> <span class='ocrx_word' id='word_1_662' title='bbox 973 5206 1292 5285; x_wconf 41' lang='lat' dir='ltr'>Moxfpost</span> <span class='ocrx_word' id='word_1_663' title='bbox 1322 5210 1576 5285; x_wconf 77' lang='grc' dir='ltr'>δῴρημα,</span> <span class='ocrx_word' id='word_1_664' title='bbox 1609 5214 1788 5285; x_wconf 84' lang='lat' dir='ltr'>Regg.</span> <span class='ocrx_word' id='word_1_665' title='bbox 1818 5230 1871 5278; x_wconf 84' lang='lat' dir='ltr'>a,</span> <span class='ocrx_word' id='word_1_666' title='bbox 1899 5214 2001 5281; x_wconf 81' lang='lat' dir='ltr'>hu,</span> 
     </span>
    </p>
   </div>
   <div class='ocr_carea' id='block_1_85' title="bbox 342 5278 2002 5360">
    <p class='ocr_par' dir='ltr' id='par_1_85' title="bbox 342 5278 2002 5360">
     <span class='ocr_line' id='line_1_86' title="bbox 342 5278 2002 5360; baseline 0.004 -28"><span class='ocrx_word' id='word_1_667' title='bbox 342 5278 516 5360; x_wconf 37' lang='lat' dir='ltr'>go‘isl.</span> <span class='ocrx_word' id='word_1_668' title='bbox 561 5280 614 5342; x_wconf 89' lang='grc'>1,</span> <span class='ocrx_word' id='word_1_669' title='bbox 646 5281 867 5360; x_wconf 41' lang='lat' dir='ltr'>et_Jes..</span> <span class='ocrx_word' id='word_1_670' title='bbox 921 5278 1179 5360; x_wconf 52' lang='lat' dir='ltr'>addunt;</span> <span class='ocrx_word' id='word_1_671' title='bbox 1210 5278 1586 5360; x_wconf 61' lang='grc' dir='ltr'>ᾼύτολογίκὸν</span> <span class='ocrx_word' id='word_1_672' title='bbox 1640 5278 1879 5360; x_wconf 46' lang='grc' dir='ltr'>σφνάγιον,</span> <span class='ocrx_word' id='word_1_673' title='bbox 1914 5278 2002 5339; x_wconf 79' lang='grc' dir='ltr'>καί</span> 
     </span>
    </p>
   </div>
   <div class='ocr_carea' id='block_1_86' title="bbox 343 5304 1995 5430">
    <p class='ocr_par' dir='ltr' id='par_1_86' title="bbox 343 5304 1995 5430">
     <span class='ocr_line' id='line_1_87' title="bbox 343 5304 1995 5364; baseline 0.004 -32"><span class='ocrx_word' id='word_1_674' title='bbox 343 5304 516 5364; x_wconf 65' lang='grc' dir='ltr'>υυίυι.</span> <span class='ocrx_word' id='word_1_675' title='bbox 562 5304 614 5342; x_wconf 80' lang='grc' dir='ltr'>ι,</span> <span class='ocrx_word' id='word_1_676' title='bbox 646 5304 704 5334; x_wconf 75' lang='grc' dir='ltr'>οι</span> <span class='ocrx_word' id='word_1_677' title='bbox 749 5304 867 5337; x_wconf 76' lang='lat' dir='ltr'>aes.</span> <span class='ocrx_word' id='word_1_678' title='bbox 921 5304 1168 5344; x_wconf 73' lang='lat' dir='ltr'>acuunt,</span> <span class='ocrx_word' id='word_1_679' title='bbox 1216 5304 1586 5358; x_wconf 71' lang='grc' dir='ltr'>ΛυτοΛογικον</span> <span class='ocrx_word' id='word_1_680' title='bbox 1640 5304 1742 5360; x_wconf 71' lang='grc' dir='ltr'>σφα</span> <span class='ocrx_word' id='word_1_681' title='bbox 1784 5304 1879 5352; x_wconf 88' lang='grc' dir='ltr'>ιον,</span> <span class='ocrx_word' id='word_1_682' title='bbox 1914 5305 1995 5338; x_wconf 78' lang='grc' dir='ltr'>και</span> 
     </span>
     <span class='ocr_line' id='line_1_88' title="bbox 343 5304 1995 5430; baseline 0.005 -30"><span class='ocrx_word' id='word_1_683' title='bbox 343 5347 374 5430; x_wconf 64' lang='lat'>6</span> <span class='ocrx_word' id='word_1_684' title='bbox 401 5351 801 5430; x_wconf 48' lang='lat' dir='ltr'>avtttoaxaslo</span> <span class='ocrx_word' id='word_1_685' title='bbox 834 5352 1026 5424; x_wconf 84' lang='grc' dir='ltr'>ἀμνὸς,</span> <span class='ocrx_word' id='word_1_686' title='bbox 1071 5353 1229 5430; x_wconf 37' lang='grc' dir='ltr'>καὶ-ὁ</span> <span class='ocrx_word' id='word_1_687' title='bbox 1268 5353 1460 5430; x_wconf 40' lang='grc' dir='ltr'>τύπος-</span> <span class='ocrx_word' id='word_1_688' title='bbox 1493 5358 1591 5430; x_wconf 77' lang='grc' dir='ltr'>τοῦ</span> <span class='ocrx_word' id='word_1_689' title='bbox 1646 5304 1956 5430; x_wconf 56' lang='grc' dir='ltr'>κρείσσονος</span> <span class='ocrx_word' id='word_1_690' title='bbox 1986 5375 1995 5389; x_wconf 88' lang='grc'><strong>·</strong></span> 
     </span>
    </p>
   </div>
   <div class='ocr_carea' id='block_1_87' title="bbox 340 5417 2000 5499">
    <p class='ocr_par' dir='ltr' id='par_1_87' title="bbox 340 5417 2000 5499">
     <span class='ocr_line' id='line_1_89' title="bbox 340 5417 2000 5499; baseline 0.007 -27"><span class='ocrx_word' id='word_1_691' title='bbox 340 5417 484 5499; x_wconf 58' lang='grc' dir='ltr'>ἦςρ,</span> <span class='ocrx_word' id='word_1_692' title='bbox 515 5417 666 5475; x_wconf 57' lang='grc' dir='ltr'>εδοζῖ</span> <span class='ocrx_word' id='word_1_693' title='bbox 693 5445 720 5470; x_wconf 93' lang='grc'>‹‹</span> <span class='ocrx_word' id='word_1_694' title='bbox 755 5428 812 5477; x_wconf 91' lang='lat' dir='ltr'>et</span> <span class='ocrx_word' id='word_1_695' title='bbox 856 5417 956 5499; x_wconf 80' lang='lat' dir='ltr'>per</span> <span class='ocrx_word' id='word_1_696' title='bbox 986 5417 1049 5480; x_wconf 84' lang='lat' dir='ltr'>se</span> <span class='ocrx_word' id='word_1_697' title='bbox 1081 5417 1754 5499; x_wconf 58' lang='lat' dir='ltr'>rationalis_victima,&#39;et</span> <span class='ocrx_word' id='word_1_698' title='bbox 1783 5445 2000 5499; x_wconf 91' lang='lat' dir='ltr'>suppo-</span> 
     </span>
    </p>
   </div>
   <div class='ocr_carea' id='block_1_88' title="bbox 340 5489 2002 5572">
    <p class='ocr_par' dir='ltr' id='par_1_88' title="bbox 340 5489 2002 5572">
     <span class='ocr_line' id='line_1_90' title="bbox 340 5489 2002 5572; baseline 0.008 -30"><span class='ocrx_word' id='word_1_699' title='bbox 340 5489 539 5572; x_wconf 58' lang='lat' dir='ltr'>sititus</span> <span class='ocrx_word' id='word_1_700' title='bbox 567 5507 780 5572; x_wconf 75' lang='lat' dir='ltr'>agnus,</span> <span class='ocrx_word' id='word_1_701' title='bbox 805 5489 870 5549; x_wconf 58' lang='lat' dir='ltr'>et&#39;</span> <span class='ocrx_word' id='word_1_702' title='bbox 890 5497 1078 5572; x_wconf 80' lang='lat' dir='ltr'>ﬁgura</span> <span class='ocrx_word' id='word_1_703' title='bbox 1110 5496 1606 5572; x_wconf 64' lang='lat' dir='ltr'>praestantioris,»</span> <span class='ocrx_word' id='word_1_704' title='bbox 1629 5489 1736 5555; x_wconf 82' lang='lat' dir='ltr'>etc.</span> <span class='ocrx_word' id='word_1_705' title='bbox 1769 5489 2002 5556; x_wconf 55' lang='lat' dir='ltr'>Haedde</span> 
     </span>
    </p>
   </div>
   <div class='ocr_carea' id='block_1_89' title="bbox 340 5560 2001 5642">
    <p class='ocr_par' dir='ltr' id='par_1_89' title="bbox 340 5560 2001 5642">
     <span class='ocr_line' id='line_1_91' title="bbox 340 5560 2001 5642; baseline 0.006 -26"><span class='ocrx_word' id='word_1_706' title='bbox 340 5560 634 5642; x_wconf 47' lang='lat' dir='ltr'>Gregorio:</span> <span class='ocrx_word' id='word_1_707' title='bbox 652 5560 852 5620; x_wconf 86' lang='lat' dir='ltr'>nostro</span> <span class='ocrx_word' id='word_1_708' title='bbox 883 5560 1024 5623; x_wconf 52' lang='lat' dir='ltr'>suvnt</span> <span class='ocrx_word' id='word_1_709' title='bbox 1053 5560 1453 5642; x_wconf 64' lang='lat' dir='ltr'>intelligenda.</span> <span class='ocrx_word' id='word_1_710' title='bbox 1480 5560 1603 5640; x_wconf 88' lang='lat' dir='ltr'>qui,</span> <span class='ocrx_word' id='word_1_711' title='bbox 1633 5577 1696 5626; x_wconf 90' lang='lat' dir='ltr'>ut</span> <span class='ocrx_word' id='word_1_712' title='bbox 1725 5573 1908 5634; x_wconf 87' lang='lat' dir='ltr'>Isaac,</span> <span class='ocrx_word' id='word_1_713' title='bbox 1931 5587 2001 5627; x_wconf 82' lang='lat' dir='ltr'>ex</span> 
     </span>
    </p>
   </div>
   <div class='ocr_carea' id='block_1_90' title="bbox 342 5633 2000 5709">
    <p class='ocr_par' dir='ltr' id='par_1_90' title="bbox 342 5633 2000 5709">
     <span class='ocr_line' id='line_1_92' title="bbox 342 5633 2000 5709; baseline 0.008 -23"><span class='ocrx_word' id='word_1_714' title='bbox 342 5633 742 5709; x_wconf 79' lang='lat' dir='ltr'>promissione</span> <span class='ocrx_word' id='word_1_715' title='bbox 769 5643 1109 5709; x_wconf 85' lang='lat' dir='ltr'>procreatus</span> <span class='ocrx_word' id='word_1_716' title='bbox 1133 5633 1336 5709; x_wconf 48' lang='lat' dir='ltr'>_est,vet</span> <span class='ocrx_word' id='word_1_717' title='bbox 1357 5663 1386 5692; x_wconf 85' lang='grc'>‹‹</span> <span class='ocrx_word' id='word_1_718' title='bbox 1410 5633 1532 5709; x_wconf 78' lang='lat' dir='ltr'>Deo</span> <span class='ocrx_word' id='word_1_719' title='bbox 1563 5633 1832 5699; x_wconf 83' lang='lat' dir='ltr'>donatori</span> <span class='ocrx_word' id='word_1_720' title='bbox 1865 5659 2000 5700; x_wconf 89' lang='lat' dir='ltr'>con-</span> 
     </span>
    </p>
   </div>
   <div class='ocr_carea' id='block_1_91' title="bbox 338 5707 1480 5784">
    <p class='ocr_par' dir='ltr' id='par_1_91' title="bbox 338 5707 1480 5784">
     <span class='ocr_line' id='line_1_93' title="bbox 338 5707 1480 5784; baseline 0.005 -22"><span class='ocrx_word' id='word_1_721' title='bbox 338 5707 628 5762; x_wconf 77' lang='lat' dir='ltr'>sacratus.</span> <span class='ocrx_word' id='word_1_722' title='bbox 654 5730 682 5755; x_wconf 77' lang='grc' dir='ltr'>α</span> <span class='ocrx_word' id='word_1_723' title='bbox 713 5707 887 5765; x_wconf 85' lang='lat' dir='ltr'>Coisl.</span> <span class='ocrx_word' id='word_1_724' title='bbox 923 5711 972 5780; x_wconf 88' lang='grc'>1,</span> <span class='ocrx_word' id='word_1_725' title='bbox 1004 5707 1371 5784; x_wconf 72' lang='grc' dir='ltr'>ἀντιδωρηθὲν</span> <span class='ocrx_word' id='word_1_726' title='bbox 1404 5707 1480 5768; x_wconf 75' lang='grc' dir='ltr'>δέ.</span> 
     </span>
    </p>
   </div>
   <div class='ocr_carea' id='block_1_92' title="bbox 2119 3377 3776 3448">
    <p class='ocr_par' dir='ltr' id='par_1_92' title="bbox 2119 3377 3776 3448">
     <span class='ocr_line' id='line_1_94' title="bbox 2119 3377 3776 3448; baseline 0.001 -17"><span class='ocrx_word' id='word_1_727' title='bbox 2119 3377 2338 3431; x_wconf 90' lang='lat' dir='ltr'>scilicet</span> <span class='ocrx_word' id='word_1_728' title='bbox 2372 3382 2500 3431; x_wconf 87' lang='lat' dir='ltr'>vota</span> <span class='ocrx_word' id='word_1_729' title='bbox 2541 3378 2794 3442; x_wconf 81' lang='lat' dir='ltr'>iecisset,</span> <span class='ocrx_word' id='word_1_730' title='bbox 2818 3395 3069 3448; x_wconf 91' lang='lat' dir='ltr'>eumque</span> <span class='ocrx_word' id='word_1_731' title='bbox 3111 3379 3490 3446; x_wconf 83' lang='lat' dir='ltr'>deduxisset),</span> <span class='ocrx_word' id='word_1_732' title='bbox 3519 3384 3574 3432; x_wconf 86' lang='lat' dir='ltr'>et</span> <span class='ocrx_word' id='word_1_733' title='bbox 3606 3379 3678 3432; x_wconf 91' lang='lat' dir='ltr'>ab</span> <span class='ocrx_word' id='word_1_734' title='bbox 3708 3396 3776 3433; x_wconf 90' lang='lat' dir='ltr'>ea</span> 
     </span>
    </p>
   </div>
   <div class='ocr_carea' id='block_1_93' title="bbox 2119 3466 3774 3537">
    <p class='ocr_par' dir='ltr' id='par_1_93' title="bbox 2119 3466 3774 3537">
     <span class='ocr_line' id='line_1_95' title="bbox 2119 3466 3774 3537; baseline 0.002 -18"><span class='ocrx_word' id='word_1_735' title='bbox 2119 3472 2271 3520; x_wconf 89' lang='lat' dir='ltr'>recte</span> <span class='ocrx_word' id='word_1_736' title='bbox 2303 3468 2578 3536; x_wconf 87' lang='lat' dir='ltr'>pascendi</span> <span class='ocrx_word' id='word_1_737' title='bbox 2606 3466 2968 3537; x_wconf 82' lang='lat' dir='ltr'>exemplum;</span> <span class='ocrx_word' id='word_1_738' title='bbox 2994 3467 3094 3520; x_wconf 90' lang='lat' dir='ltr'>viri</span> <span class='ocrx_word' id='word_1_739' title='bbox 3121 3473 3338 3531; x_wconf 86' lang='lat' dir='ltr'>autem,</span> <span class='ocrx_word' id='word_1_740' title='bbox 3364 3468 3518 3521; x_wconf 89' lang='lat' dir='ltr'>idola</span> <span class='ocrx_word' id='word_1_741' title='bbox 3547 3467 3774 3522; x_wconf 90' lang='lat' dir='ltr'>sincero</span> 
     </span>
    </p>
   </div>
   <div class='ocr_carea' id='block_1_94' title="bbox 2119 3554 3771 3626">
    <p class='ocr_par' dir='ltr' id='par_1_94' title="bbox 2119 3554 3771 3626">
     <span class='ocr_line' id='line_1_96' title="bbox 2119 3554 3771 3626; baseline 0.001 -18"><span class='ocrx_word' id='word_1_742' title='bbox 2119 3554 2316 3609; x_wconf 89' lang='lat' dir='ltr'>animo</span> <span class='ocrx_word' id='word_1_743' title='bbox 2349 3554 2590 3625; x_wconf 78' lang='lat' dir='ltr'>fugisse,</span> <span class='ocrx_word' id='word_1_744' title='bbox 2623 3571 2687 3608; x_wconf 91' lang='lat' dir='ltr'>ac</span> <span class='ocrx_word' id='word_1_745' title='bbox 2731 3561 2929 3625; x_wconf 90' lang='lat' dir='ltr'>postea</span> <span class='ocrx_word' id='word_1_746' title='bbox 2969 3555 3143 3609; x_wconf 87' lang='lat' dir='ltr'>etiam</span> <span class='ocrx_word' id='word_1_747' title='bbox 3192 3556 3486 3610; x_wconf 67' lang='lat' dir='ltr'>daemones</span> <span class='ocrx_word' id='word_1_748' title='bbox 3520 3556 3722 3626; x_wconf 78' lang='lat' dir='ltr'>fugare</span> <span class='ocrx_word' id='word_1_749' title='bbox 3759 3573 3771 3610; x_wconf 92' lang='lat'><strong>:</strong></span> 
     </span>
    </p>
   </div>
   <div class='ocr_carea' id='block_1_95' title="bbox 2119 3642 3770 3713">
    <p class='ocr_par' dir='ltr' id='par_1_95' title="bbox 2119 3642 3770 3713">
     <span class='ocr_line' id='line_1_97' title="bbox 2119 3642 3770 3713; baseline 0.001 -17"><span class='ocrx_word' id='word_1_750' title='bbox 2119 3643 2316 3696; x_wconf 89' lang='lat' dir='ltr'>uxoris</span> <span class='ocrx_word' id='word_1_751' title='bbox 2350 3659 2605 3710; x_wconf 88' lang='lat' dir='ltr'>rursum,</span> <span class='ocrx_word' id='word_1_752' title='bbox 2632 3643 2784 3712; x_wconf 89' lang='lat' dir='ltr'>quod</span> <span class='ocrx_word' id='word_1_753' title='bbox 2820 3660 2890 3696; x_wconf 91' lang='lat' dir='ltr'>ne</span> <span class='ocrx_word' id='word_1_754' title='bbox 2923 3642 3102 3697; x_wconf 90' lang='lat' dir='ltr'>salem</span> <span class='ocrx_word' id='word_1_755' title='bbox 3149 3644 3381 3713; x_wconf 86' lang='lat' dir='ltr'>quidem</span> <span class='ocrx_word' id='word_1_756' title='bbox 3420 3660 3553 3697; x_wconf 91' lang='lat' dir='ltr'>cum</span> <span class='ocrx_word' id='word_1_757' title='bbox 3588 3642 3770 3698; x_wconf 87' lang='lat' dir='ltr'>idolo-</span> 
     </span>
    </p>
   </div>
   <div class='ocr_carea' id='block_1_96' title="bbox 2119 3726 3776 3803">
    <p class='ocr_par' dir='ltr' id='par_1_96' title="bbox 2119 3726 3776 3803">
     <span class='ocr_line' id='line_1_98' title="bbox 2119 3726 3776 3803; baseline 0.001 -20"><span class='ocrx_word' id='word_1_758' title='bbox 2119 3747 2246 3784; x_wconf 91' lang='lat' dir='ltr'>rum</span> <span class='ocrx_word' id='word_1_759' title='bbox 2271 3730 2596 3785; x_wconf 89' lang='lat' dir='ltr'>cultoribus</span> <span class='ocrx_word' id='word_1_760' title='bbox 2619 3747 2930 3784; x_wconf 89' lang='lat' dir='ltr'>commune</span> <span class='ocrx_word' id='word_1_761' title='bbox 2957 3731 3227 3785; x_wconf 88' lang='lat' dir='ltr'>habuerit</span> <span class='ocrx_word' id='word_1_762' title='bbox 3249 3726 3269 3787; x_wconf 71' lang='grc' dir='ltr'>ε’</span> <span class='ocrx_word' id='word_1_763' title='bbox 3293 3732 3399 3786; x_wconf 89' lang='lat' dir='ltr'>hoc</span> <span class='ocrx_word' id='word_1_764' title='bbox 3422 3731 3641 3787; x_wconf 91' lang='lat' dir='ltr'>honore</span> <span class='ocrx_word' id='word_1_765' title='bbox 3670 3749 3776 3803; x_wconf 90' lang='lat' dir='ltr'>par</span> 
     </span>
    </p>
   </div>
   <div class='ocr_carea' id='block_1_97' title="bbox 2119 3818 3775 3889">
    <p class='ocr_par' dir='ltr' id='par_1_97' title="bbox 2119 3818 3775 3889">
     <span class='ocr_line' id='line_1_99' title="bbox 2119 3818 3775 3889; baseline 0.002 -17"><span class='ocrx_word' id='word_1_766' title='bbox 2119 3826 2173 3872; x_wconf 86' lang='lat' dir='ltr'>et</span> <span class='ocrx_word' id='word_1_767' title='bbox 2205 3835 2468 3883; x_wconf 87' lang='lat' dir='ltr'>concors,</span> <span class='ocrx_word' id='word_1_768' title='bbox 2493 3826 2666 3889; x_wconf 86' lang='lat' dir='ltr'>atque</span> <span class='ocrx_word' id='word_1_769' title='bbox 2696 3818 2993 3888; x_wconf 85' lang='lat' dir='ltr'>unanime,</span> <span class='ocrx_word' id='word_1_770' title='bbox 3021 3835 3125 3872; x_wconf 88' lang='lat' dir='ltr'>nec</span> <span class='ocrx_word' id='word_1_771' title='bbox 3159 3820 3355 3874; x_wconf 89' lang='lat' dir='ltr'>minus</span> <span class='ocrx_word' id='word_1_772' title='bbox 3385 3819 3618 3874; x_wconf 82' lang='lat' dir='ltr'>virtutis</span> <span class='ocrx_word' id='word_1_773' title='bbox 3641 3837 3775 3875; x_wconf 89' lang='lat' dir='ltr'>con-</span> 
     </span>
    </p>
   </div>
   <div class='ocr_carea' id='block_1_98' title="bbox 2110 3907 3770 3980">
    <p class='ocr_par' dir='ltr' id='par_1_98' title="bbox 2110 3907 3770 3980">
     <span class='ocr_line' id='line_1_100' title="bbox 2110 3907 3770 3980; baseline 0.001 -18"><span class='ocrx_word' id='word_1_774' title='bbox 2110 3907 2555 3977; x_wconf 74' lang='lat' dir='ltr'>junctionisque</span> <span class='ocrx_word' id='word_1_775' title='bbox 2605 3925 2734 3961; x_wconf 89' lang='lat' dir='ltr'>cum</span> <span class='ocrx_word' id='word_1_776' title='bbox 2786 3908 2921 3974; x_wconf 91' lang='lat' dir='ltr'>Deo,</span> <span class='ocrx_word' id='word_1_777' title='bbox 2949 3925 3124 3978; x_wconf 89' lang='lat' dir='ltr'>quam</span> <span class='ocrx_word' id='word_1_778' title='bbox 3160 3908 3352 3964; x_wconf 85' lang='lat' dir='ltr'>carnis</span> <span class='ocrx_word' id='word_1_779' title='bbox 3379 3909 3720 3980; x_wconf 84' lang='lat' dir='ltr'>conjugium</span> <span class='ocrx_word' id='word_1_780' title='bbox 3757 3927 3770 3963; x_wconf 87' lang='lat'><strong>:</strong></span> 
     </span>
    </p>
   </div>
   <div class='ocr_carea' id='block_1_99' title="bbox 2116 3995 3770 4067">
    <p class='ocr_par' dir='ltr' id='par_1_99' title="bbox 2116 3995 3770 4067">
     <span class='ocr_line' id='line_1_101' title="bbox 2116 3995 3770 4067; baseline 0.001 -17"><span class='ocrx_word' id='word_1_781' title='bbox 2116 3995 2223 4050; x_wconf 93' lang='lat' dir='ltr'>hos</span> <span class='ocrx_word' id='word_1_782' title='bbox 2256 3995 2515 4066; x_wconf 88' lang='lat' dir='ltr'>quidem,</span> <span class='ocrx_word' id='word_1_783' title='bbox 2543 4004 2664 4049; x_wconf 89' lang='lat' dir='ltr'>tum</span> <span class='ocrx_word' id='word_1_784' title='bbox 2700 3996 2828 4050; x_wconf 66' lang='lat' dir='ltr'>vitae</span> <span class='ocrx_word' id='word_1_785' title='bbox 2856 3995 3224 4067; x_wconf 83' lang='lat' dir='ltr'>longitudine</span> <span class='ocrx_word' id='word_1_786' title='bbox 3269 4003 3326 4052; x_wconf 91' lang='lat' dir='ltr'>et</span> <span class='ocrx_word' id='word_1_787' title='bbox 3375 3998 3609 4061; x_wconf 81' lang='lat' dir='ltr'>canitie,</span> <span class='ocrx_word' id='word_1_788' title='bbox 3642 4003 3770 4052; x_wconf 90' lang='lat' dir='ltr'>tum</span> 
     </span>
    </p>
   </div>
   <div class='ocr_carea' id='block_1_100' title="bbox 2115 4083 3772 4155">
    <p class='ocr_par' dir='ltr' id='par_1_100' title="bbox 2115 4083 3772 4155">
     <span class='ocr_line' id='line_1_102' title="bbox 2115 4083 3772 4155; baseline 0.002 -18"><span class='ocrx_word' id='word_1_789' title='bbox 2115 4085 2426 4155; x_wconf 89' lang='lat' dir='ltr'>prudentia</span> <span class='ocrx_word' id='word_1_790' title='bbox 2456 4089 2512 4138; x_wconf 90' lang='lat' dir='ltr'>et</span> <span class='ocrx_word' id='word_1_791' title='bbox 2541 4083 2849 4155; x_wconf 88' lang='lat' dir='ltr'>splendore</span> <span class='ocrx_word' id='word_1_792' title='bbox 2881 4102 3069 4155; x_wconf 88' lang='lat' dir='ltr'>pares,</span> <span class='ocrx_word' id='word_1_793' title='bbox 3101 4087 3250 4139; x_wconf 90' lang='lat' dir='ltr'>inter</span> <span class='ocrx_word' id='word_1_794' title='bbox 3281 4103 3341 4140; x_wconf 86' lang='lat' dir='ltr'>se</span> <span class='ocrx_word' id='word_1_795' title='bbox 3372 4091 3680 4153; x_wconf 85' lang='lat' dir='ltr'>certantes,</span> <span class='ocrx_word' id='word_1_796' title='bbox 3705 4102 3772 4140; x_wconf 89' lang='lat' dir='ltr'>ac</span> 
     </span>
    </p>
   </div>
   <div class='ocr_carea' id='block_1_101' title="bbox 2115 4173 3769 4246">
    <p class='ocr_par' dir='ltr' id='par_1_101' title="bbox 2115 4173 3769 4246">
     <span class='ocr_line' id='line_1_103' title="bbox 2115 4173 3769 4246; baseline 0.001 -19"><span class='ocrx_word' id='word_1_797' title='bbox 2115 4173 2371 4244; x_wconf 90' lang='lat' dir='ltr'>reliquos</span> <span class='ocrx_word' id='word_1_798' title='bbox 2402 4187 2607 4227; x_wconf 89' lang='lat' dir='ltr'>omnes</span> <span class='ocrx_word' id='word_1_799' title='bbox 2657 4179 3032 4244; x_wconf 87' lang='lat' dir='ltr'>superantes;</span> <span class='ocrx_word' id='word_1_800' title='bbox 3067 4191 3239 4230; x_wconf 86' lang='lat' dir='ltr'>carne</span> <span class='ocrx_word' id='word_1_801' title='bbox 3272 4175 3509 4246; x_wconf 87' lang='lat' dir='ltr'>quidem</span> <span class='ocrx_word' id='word_1_802' title='bbox 3559 4174 3769 4246; x_wconf 89' lang='lat' dir='ltr'>paulu-</span> 
     </span>
    </p>
   </div>
   <div class='ocr_carea' id='block_1_102' title="bbox 2115 4261 3776 4333">
    <p class='ocr_par' dir='ltr' id='par_1_102' title="bbox 2115 4261 3776 4333">
     <span class='ocr_line' id='line_1_104' title="bbox 2115 4261 3776 4333; baseline 0.002 -18"><span class='ocrx_word' id='word_1_803' title='bbox 2115 4261 2236 4316; x_wconf 90' lang='lat' dir='ltr'>lum</span> <span class='ocrx_word' id='word_1_804' title='bbox 2271 4263 2562 4329; x_wconf 86' lang='lat' dir='ltr'>detentos,</span> <span class='ocrx_word' id='word_1_805' title='bbox 2586 4261 2794 4332; x_wconf 88' lang='lat' dir='ltr'>spiritu</span> <span class='ocrx_word' id='word_1_806' title='bbox 2828 4267 3045 4325; x_wconf 88' lang='lat' dir='ltr'>autem,</span> <span class='ocrx_word' id='word_1_807' title='bbox 3067 4263 3240 4318; x_wconf 87' lang='lat' dir='ltr'>etiam</span> <span class='ocrx_word' id='word_1_808' title='bbox 3270 4270 3406 4317; x_wconf 85' lang='lat' dir='ltr'>ante</span> <span class='ocrx_word' id='word_1_809' title='bbox 3431 4262 3776 4333; x_wconf 83' lang='lat' dir='ltr'>disjunctio-</span> 
     </span>
    </p>
   </div>
   <div class='ocr_carea' id='block_1_103' title="bbox 2115 4350 3772 4422">
    <p class='ocr_par' dir='ltr' id='par_1_103' title="bbox 2115 4350 3772 4422">
     <span class='ocr_line' id='line_1_105' title="bbox 2115 4350 3772 4422; baseline 0.001 -17"><span class='ocrx_word' id='word_1_810' title='bbox 2115 4367 2270 4419; x_wconf 87' lang='lat' dir='ltr'>nem,</span> <span class='ocrx_word' id='word_1_811' title='bbox 2295 4350 2431 4405; x_wconf 90' lang='lat' dir='ltr'>inde</span> <span class='ocrx_word' id='word_1_812' title='bbox 2461 4352 2777 4406; x_wconf 87' lang='lat' dir='ltr'>translatos</span> <span class='ocrx_word' id='word_1_813' title='bbox 2805 4369 2816 4404; x_wconf 93' lang='lat'>:</span> <span class='ocrx_word' id='word_1_814' title='bbox 2845 4368 3097 4422; x_wconf 90' lang='lat' dir='ltr'>quorum</span> <span class='ocrx_word' id='word_1_815' title='bbox 3133 4369 3250 4407; x_wconf 85' lang='lat' dir='ltr'>non</span> <span class='ocrx_word' id='word_1_816' title='bbox 3282 4361 3373 4408; x_wconf 89' lang='lat' dir='ltr'>est</span> <span class='ocrx_word' id='word_1_817' title='bbox 3404 4353 3683 4420; x_wconf 89' lang='lat' dir='ltr'>mundus,</span> <span class='ocrx_word' id='word_1_818' title='bbox 3715 4357 3772 4406; x_wconf 91' lang='lat' dir='ltr'>et</span> 
     </span>
    </p>
   </div>
   <div class='ocr_carea' id='block_1_104' title="bbox 2114 4441 3770 4512">
    <p class='ocr_par' dir='ltr' id='par_1_104' title="bbox 2114 4441 3770 4512">
     <span class='ocr_line' id='line_1_106' title="bbox 2114 4441 3770 4512; baseline 0.001 -19"><span class='ocrx_word' id='word_1_819' title='bbox 2114 4456 2364 4511; x_wconf 89' lang='lat' dir='ltr'>quorum</span> <span class='ocrx_word' id='word_1_820' title='bbox 2397 4445 2488 4494; x_wconf 91' lang='lat' dir='ltr'>est</span> <span class='ocrx_word' id='word_1_821' title='bbox 2518 4441 2799 4507; x_wconf 90' lang='lat' dir='ltr'>mundus,</span> <span class='ocrx_word' id='word_1_822' title='bbox 2825 4441 2923 4495; x_wconf 92' lang='lat' dir='ltr'>ille</span> <span class='ocrx_word' id='word_1_823' title='bbox 2953 4441 3232 4497; x_wconf 88' lang='lat' dir='ltr'>nimirum</span> <span class='ocrx_word' id='word_1_824' title='bbox 3260 4447 3650 4512; x_wconf 84' lang='lat' dir='ltr'>contemptus,</span> <span class='ocrx_word' id='word_1_825' title='bbox 3677 4441 3770 4495; x_wconf 86' lang='lat' dir='ltr'>hic</span> 
     </span>
    </p>
   </div>
   <div class='ocr_carea' id='block_1_105' title="bbox 2114 4529 3767 4602">
    <p class='ocr_par' dir='ltr' id='par_1_105' title="bbox 2114 4529 3767 4602">
     <span class='ocr_line' id='line_1_107' title="bbox 2114 4529 3767 4602; baseline 0.001 -20"><span class='ocrx_word' id='word_1_826' title='bbox 2114 4529 2480 4598; x_wconf 87' lang='lat' dir='ltr'>antepositus</span> <span class='ocrx_word' id='word_1_827' title='bbox 2513 4545 2525 4581; x_wconf 88' lang='lat'>:</span> <span class='ocrx_word' id='word_1_828' title='bbox 2561 4545 2810 4599; x_wconf 89' lang='lat' dir='ltr'>quorum</span> <span class='ocrx_word' id='word_1_829' title='bbox 2853 4534 2942 4583; x_wconf 90' lang='lat' dir='ltr'>est</span> <span class='ocrx_word' id='word_1_830' title='bbox 2981 4531 3191 4600; x_wconf 89' lang='lat' dir='ltr'>opibus</span> <span class='ocrx_word' id='word_1_831' title='bbox 3243 4529 3381 4596; x_wconf 88' lang='lat' dir='ltr'>labi,</span> <span class='ocrx_word' id='word_1_832' title='bbox 3408 4536 3464 4585; x_wconf 92' lang='lat' dir='ltr'>et</span> <span class='ocrx_word' id='word_1_833' title='bbox 3516 4547 3767 4602; x_wconf 91' lang='lat' dir='ltr'>quorum</span> 
     </span>
    </p>
   </div>
   <div class='ocr_carea' id='block_1_106' title="bbox 2113 4616 3769 4689">
    <p class='ocr_par' dir='ltr' id='par_1_106' title="bbox 2113 4616 3769 4689">
     <span class='ocr_line' id='line_1_108' title="bbox 2113 4616 3769 4689; baseline 0.001 -19"><span class='ocrx_word' id='word_1_834' title='bbox 2113 4633 2216 4687; x_wconf 76' lang='lat' dir='ltr'>per</span> <span class='ocrx_word' id='word_1_835' title='bbox 2271 4616 2576 4670; x_wconf 80' lang='lat' dir='ltr'>honestam</span> <span class='ocrx_word' id='word_1_836' title='bbox 2621 4618 2765 4672; x_wconf 83' lang='grc'>221</span> <span class='ocrx_word' id='word_1_837' title='bbox 2821 4618 3150 4684; x_wconf 78' lang='lat' dir='ltr'>negotiandi</span> <span class='ocrx_word' id='word_1_838' title='bbox 3212 4620 3495 4674; x_wconf 87' lang='lat' dir='ltr'>rationem</span> <span class='ocrx_word' id='word_1_839' title='bbox 3556 4617 3769 4689; x_wconf 89' lang='lat' dir='ltr'>opibus</span> 
     </span>
    </p>
   </div>
   <div class='ocr_carea' id='block_1_107' title="bbox 2183 4863 3770 4938">
    <p class='ocr_par' dir='ltr' id='par_1_107' title="bbox 2183 4863 3770 4938">
     <span class='ocr_line' id='line_1_109' title="bbox 2183 4863 3770 4938; baseline 0.003 -22"><span class='ocrx_word' id='word_1_840' title='bbox 2183 4864 2299 4938; x_wconf 76' lang='grc'>(43)</span> <span class='ocrx_word' id='word_1_841' title='bbox 2328 4863 2428 4923; x_wconf 72' lang='grc' dir='ltr'>Ἠς</span> <span class='ocrx_word' id='word_1_842' title='bbox 2461 4863 2488 4938; x_wconf 84' lang='grc' dir='ltr'>ὁ</span> <span class='ocrx_word' id='word_1_843' title='bbox 2519 4865 2759 4938; x_wconf 72' lang='grc' dir='ltr'>ποιμήν,</span> <span class='ocrx_word' id='word_1_844' title='bbox 2790 4870 2898 4920; x_wconf 89' lang='lat' dir='ltr'>etc.</span> <span class='ocrx_word' id='word_1_845' title='bbox 2937 4886 2965 4917; x_wconf 73' lang='grc' dir='ltr'>α</span> <span class='ocrx_word' id='word_1_846' title='bbox 2997 4870 3181 4937; x_wconf 86' lang='lat' dir='ltr'>Atque</span> <span class='ocrx_word' id='word_1_847' title='bbox 3215 4866 3410 4920; x_wconf 85' lang='lat' dir='ltr'>uxoris</span> <span class='ocrx_word' id='word_1_848' title='bbox 3443 4865 3681 4938; x_wconf 90' lang='lat' dir='ltr'>quidem</span> <span class='ocrx_word' id='word_1_849' title='bbox 3713 4871 3770 4921; x_wconf 88' lang='lat' dir='ltr'>et</span> 
     </span>
    </p>
   </div>
   <div class='ocr_carea' id='block_1_108' title="bbox 2114 4936 3768 5009">
    <p class='ocr_par' dir='ltr' id='par_1_108' title="bbox 2114 4936 3768 5009">
     <span class='ocr_line' id='line_1_110' title="bbox 2114 4936 3768 5009; baseline 0.002 -21"><span class='ocrx_word' id='word_1_850' title='bbox 2114 4936 2336 5009; x_wconf 84' lang='lat' dir='ltr'>orantis</span> <span class='ocrx_word' id='word_1_851' title='bbox 2366 4941 2422 4988; x_wconf 90' lang='lat' dir='ltr'>et</span> <span class='ocrx_word' id='word_1_852' title='bbox 2453 4937 2863 5009; x_wconf 80' lang='lat' dir='ltr'>deducentis,»</span> <span class='ocrx_word' id='word_1_853' title='bbox 2894 4938 2949 4992; x_wconf 92' lang='lat' dir='ltr'>id</span> <span class='ocrx_word' id='word_1_854' title='bbox 2977 4936 3139 5007; x_wconf 28' lang='lat' dir='ltr'>est,’«</span> <span class='ocrx_word' id='word_1_855' title='bbox 3163 4939 3337 5009; x_wconf 86' lang='lat' dir='ltr'>(viam</span> <span class='ocrx_word' id='word_1_856' title='bbox 3364 4936 3768 4992; x_wconf 83' lang='lat' dir='ltr'>demonstran-</span> 
     </span>
    </p>
   </div>
   <div class='ocr_carea' id='block_1_109' title="bbox 2113 5006 3769 5080">
    <p class='ocr_par' dir='ltr' id='par_1_109' title="bbox 2113 5006 3769 5080">
     <span class='ocr_line' id='line_1_111' title="bbox 2113 5006 3769 5080; baseline 0.004 -22"><span class='ocrx_word' id='word_1_857' title='bbox 2113 5006 2210 5075; x_wconf 86' lang='lat' dir='ltr'>tis)</span> <span class='ocrx_word' id='word_1_858' title='bbox 2245 5007 2435 5080; x_wconf 82' lang='lat' dir='ltr'>bonus</span> <span class='ocrx_word' id='word_1_859' title='bbox 2483 5007 2574 5062; x_wconf 89' lang='lat' dir='ltr'>ille</span> <span class='ocrx_word' id='word_1_860' title='bbox 2623 5008 2847 5080; x_wconf 76' lang='lat' dir='ltr'>Pastor.</span> <span class='ocrx_word' id='word_1_861' title='bbox 2877 5013 3002 5063; x_wconf 88' lang='lat' dir='ltr'>tum</span> <span class='ocrx_word' id='word_1_862' title='bbox 3064 5006 3217 5064; x_wconf 83' lang='lat' dir='ltr'>recte</span> <span class='ocrx_word' id='word_1_863' title='bbox 3276 5009 3433 5080; x_wconf 83' lang='lat' dir='ltr'>pasci</span> <span class='ocrx_word' id='word_1_864' title='bbox 3493 5011 3681 5064; x_wconf 84' lang='lat' dir='ltr'>forma</span> <span class='ocrx_word' id='word_1_865' title='bbox 3711 5015 3769 5064; x_wconf 84' lang='lat' dir='ltr'>et</span> 
     </span>
    </p>
   </div>
   <div class='ocr_carea' id='block_1_110' title="bbox 2113 5077 3770 5149">
    <p class='ocr_par' dir='ltr' id='par_1_110' title="bbox 2113 5077 3770 5149">
     <span class='ocr_line' id='line_1_112' title="bbox 2113 5077 3770 5149; baseline 0.004 -20"><span class='ocrx_word' id='word_1_866' title='bbox 2113 5077 2469 5147; x_wconf 83' lang='lat' dir='ltr'>exemplum,</span> <span class='ocrx_word' id='word_1_867' title='bbox 2495 5101 2521 5126; x_wconf 84' lang='lat'>«</span> <span class='ocrx_word' id='word_1_868' title='bbox 2569 5078 2677 5147; x_wconf 88' lang='lat' dir='ltr'>vel,</span> <span class='ocrx_word' id='word_1_869' title='bbox 2725 5104 2744 5127; x_wconf 77' lang='grc' dir='ltr'>ι</span> <span class='ocrx_word' id='word_1_870' title='bbox 2798 5081 2868 5134; x_wconf 92' lang='lat' dir='ltr'>ab</span> <span class='ocrx_word' id='word_1_871' title='bbox 2929 5097 3103 5135; x_wconf 86' lang='lat' dir='ltr'>uxore</span> <span class='ocrx_word' id='word_1_872' title='bbox 3160 5077 3512 5136; x_wconf 82' lang='lat' dir='ltr'>consecutus</span> <span class='ocrx_word' id='word_1_873' title='bbox 3567 5085 3770 5149; x_wconf 82' lang='lat' dir='ltr'>est,ut</span> 
     </span>
    </p>
   </div>
   <div class='ocr_carea' id='block_1_111' title="bbox 2115 5149 3385 5224">
    <p class='ocr_par' dir='ltr' id='par_1_111' title="bbox 2115 5149 3385 5224">
     <span class='ocr_line' id='line_1_113' title="bbox 2115 5149 3385 5224; baseline 0.001 -23"><span class='ocrx_word' id='word_1_874' title='bbox 2115 5149 2680 5224; x_wconf 75' lang='lat' dir='ltr'>recte_pasci__forma</span> <span class='ocrx_word' id='word_1_875' title='bbox 2709 5157 2764 5206; x_wconf 90' lang='lat' dir='ltr'>et</span> <span class='ocrx_word' id='word_1_876' title='bbox 2795 5153 3122 5224; x_wconf 73' lang='lat' dir='ltr'>exemplum</span> <span class='ocrx_word' id='word_1_877' title='bbox 3157 5158 3330 5224; x_wconf 80' lang='lat' dir='ltr'>esset.</span> <span class='ocrx_word' id='word_1_878' title='bbox 3359 5176 3385 5201; x_wconf 89' lang='grc'><strong>››</strong></span> 
     </span>
    </p>
   </div>
   <div class='ocr_carea' id='block_1_112' title="bbox 2181 5217 3314 5294">
    <p class='ocr_par' dir='ltr' id='par_1_112' title="bbox 2181 5217 3314 5294">
     <span class='ocr_line' id='line_1_114' title="bbox 2181 5217 3314 5294; baseline 0.006 -24"><span class='ocrx_word' id='word_1_879' title='bbox 2450 5217 2628 5294; x_wconf 61' lang='grc' dir='ltr'>ἁλῶνἒ</span> <span class='ocrx_word' id='word_1_880' title='bbox 2667 5223 2802 5293; x_wconf 77' lang='lat' dir='ltr'>Reg.</span> <span class='ocrx_word' id='word_1_881' title='bbox 2833 5223 2939 5294; x_wconf 87' lang='lat' dir='ltr'>_hu,</span> <span class='ocrx_word' id='word_1_882' title='bbox 2967 5217 3115 5294; x_wconf 67' lang='grc' dir='ltr'>’μηδὲ</span> <span class='ocrx_word' id='word_1_883' title='bbox 3147 5220 3314 5277; x_wconf 80' lang='grc' dir='ltr'>ἀλῶν.</span> 
     </span>
    </p>
   </div>
   <div class='ocr_carea' id='block_1_113' title="bbox 2182 5287 2976 5359">
    <p class='ocr_par' dir='ltr' id='par_1_113' title="bbox 2182 5287 2976 5359">
     <span class='ocr_line' id='line_1_115' title="bbox 2182 5287 2976 5359; baseline 0.008 -17"><span class='ocrx_word' id='word_1_884' title='bbox 2182 5290 2293 5359; x_wconf 86' lang='grc'>(45)</span> <span class='ocrx_word' id='word_1_885' title='bbox 2325 5287 2572 5349; x_wconf 86' lang='grc' dir='ltr'>Πολιαῖς.</span> <span class='ocrx_word' id='word_1_886' title='bbox 2601 5292 2721 5348; x_wconf 87' lang='lat' dir='ltr'>Jes.</span> <span class='ocrx_word' id='word_1_887' title='bbox 2748 5287 2976 5353; x_wconf 65' lang='grc' dir='ltr'>ἶτολιᾶς.</span> 
     </span>
    </p>
   </div>
   <div class='ocr_carea' id='block_1_114' title="bbox 2182 5359 3762 5436">
    <p class='ocr_par' dir='ltr' id='par_1_114' title="bbox 2182 5359 3762 5436">
     <span class='ocr_line' id='line_1_116' title="bbox 2182 5359 3762 5436; baseline 0.005 -24"><span class='ocrx_word' id='word_1_888' title='bbox 2182 5359 2788 5436; x_wconf 38' lang='grc' dir='ltr'>(46)-ῌατίὰλλήλους.</span> <span class='ocrx_word' id='word_1_889' title='bbox 2827 5365 3004 5436; x_wconf 86' lang='lat' dir='ltr'>Regg.</span> <span class='ocrx_word' id='word_1_890' title='bbox 3043 5367 3159 5431; x_wconf 91' lang='lat' dir='ltr'>bm,</span> <span class='ocrx_word' id='word_1_891' title='bbox 3209 5366 3307 5436; x_wconf 87' lang='lat' dir='ltr'>hu,</span> <span class='ocrx_word' id='word_1_892' title='bbox 3341 5371 3460 5421; x_wconf 88' lang='lat' dir='ltr'>tres</span> <span class='ocrx_word' id='word_1_893' title='bbox 3491 5364 3633 5433; x_wconf 90' lang='lat' dir='ltr'>Col.,</span> <span class='ocrx_word' id='word_1_894' title='bbox 3667 5367 3762 5421; x_wconf 90' lang='lat' dir='ltr'>0r.</span> 
     </span>
    </p>
   </div>
   <div class='ocr_carea' id='block_1_115' title="bbox 2114 5429 3764 5519">
    <p class='ocr_par' dir='ltr' id='par_1_115' title="bbox 2114 5429 3764 5519">
     <span class='ocr_line' id='line_1_117' title="bbox 2114 5429 3764 5519; baseline 0.005 -35"><span class='ocrx_word' id='word_1_895' title='bbox 2114 5432 2163 5494; x_wconf 85' lang='grc'>1,</span> <span class='ocrx_word' id='word_1_896' title='bbox 2187 5431 2274 5519; x_wconf 72' lang='grc' dir='ltr'>καὶ</span> <span class='ocrx_word' id='word_1_897' title='bbox 2304 5429 2684 5501; x_wconf 54' lang='grc' dir='ltr'>ἀλλήλοιςζίῐ]</span> <span class='ocrx_word' id='word_1_898' title='bbox 2712 5429 3089 5506; x_wconf 56' lang='grc' dir='ltr'>(ιυὶὴυὲᾱνᾶῐη,</span> <span class='ocrx_word' id='word_1_899' title='bbox 3114 5429 3201 5490; x_wconf 76' lang='grc' dir='ltr'>καὶ</span> <span class='ocrx_word' id='word_1_900' title='bbox 3225 5429 3764 5506; x_wconf 69' lang='grc' dir='ltr'>ἀλλήλους,οώὶδεο</span> 
     </span>
    </p>
   </div>
   <div class='ocr_carea' id='block_1_116' title="bbox 2107 5521 2260 5559">
    <p class='ocr_par' dir='ltr' id='par_1_116' title="bbox 2107 5521 2260 5559">
     <span class='ocr_line' id='line_1_118' title="bbox 2107 5521 2260 5559; baseline 0.039 -6"><span class='ocrx_word' id='word_1_901' title='bbox 2107 5521 2260 5559; x_wconf 86' lang='grc' dir='ltr'>κατα.</span> 
     </span>
    </p>
   </div>
   <div class='ocr_carea' id='block_1_117' title="bbox 2108 5571 3763 5698">
    <p class='ocr_par' dir='ltr' id='par_1_117' title="bbox 2108 5571 3763 5698">
     <span class='ocr_line' id='line_1_119' title="bbox 2108 5571 3763 5698; baseline 0.002 -70"><span class='ocrx_word' id='word_1_902' title='bbox 2108 5644 2142 5698; x_wconf 78' lang='lat' dir='ltr'>d</span> <span class='ocrx_word' id='word_1_903' title='bbox 2181 5576 2291 5646; x_wconf 80' lang='grc'>(47)</span> <span class='ocrx_word' id='word_1_904' title='bbox 2342 5571 2760 5631; x_wconf 80' lang='grc' dir='ltr'>Ἀποπλουτεῖν.</span> <span class='ocrx_word' id='word_1_905' title='bbox 2797 5600 2822 5629; x_wconf 77' lang='grc' dir='ltr'>α</span> <span class='ocrx_word' id='word_1_906' title='bbox 2873 5578 3115 5635; x_wconf 89' lang='lat' dir='ltr'>Divitias</span> <span class='ocrx_word' id='word_1_907' title='bbox 3173 5581 3456 5652; x_wconf 81' lang='lat' dir='ltr'>abjicere,</span> <span class='ocrx_word' id='word_1_908' title='bbox 3515 5578 3763 5651; x_wconf 83' lang='lat' dir='ltr'>profun-</span> 
     </span>
     <span class='ocr_line' id='line_1_120' title="bbox 2149 5661 2319 5698; baseline -0.012 0"><span class='ocrx_word' id='word_1_909' title='bbox 2149 5661 2264 5698; x_wconf 89' lang='lat' dir='ltr'>ere.</span> <span class='ocrx_word' id='word_1_910' title='bbox 2291 5668 2319 5696; x_wconf 86' lang='lat'>»</span> 
     </span>
    </p>
   </div>
   <div class='ocr_carea' id='block_1_118' title="bbox 2149 5661 2319 5700">
    <p class='ocr_par' dir='ltr' id='par_1_118' title="bbox 2149 5661 2319 5700">
     <span class='ocr_line' id='line_1_121' title="bbox 2149 5661 2319 5700; baseline -0.018 -1"><span class='ocrx_word' id='word_1_911' title='bbox 2149 5661 2264 5700; x_wconf 77' lang='lat' dir='ltr'>6P8.</span> <span class='ocrx_word' id='word_1_912' title='bbox 2291 5668 2319 5696; x_wconf 87' lang='grc'><strong>&gt;›</strong></span> 
     </span>
    </p>
   </div>
  </div>
