4070 6400
302 399 422 462 797

927 390 1220 453 ORATIO
1265 389 1426 450 Vlll.
1459 423 1538 433 —
1565 388 1647 458 ΙΝ
1692 384 2023 458 LAUDEM
2066 383 2396 455 $ORORIS
2443 385 2621 452 SUAE
2665 382 3112 444 GORGONIIE.

3611 377 3730 440 798

375 532 453 583 H’.
489 521 824 606 Σωφροσύνῃ
877 523 972 598 μέν
1019 541 1080 598 γε
1125 524 1381 575 τοσοῦτον
1431 516 1702 597 διήνεγκε,
1742 517 1832 606 καὶ
1863 536 1956 606 τοί-

2142 516 2294 574 VIII.
2347 514 2644 576 Pudicitiae
2703 514 2945 585 quidem
3010 512 3182 568 laude
3237 514 3379 571 adeo
3437 511 3727 568 excelluit’

303 619 493 670 σοῦτον
529 601 769 690 ὑπερῆρε
815 612 911 672 τὰς
959 610 1074 664 κατ’
1121 608 1285 677 αὐτὴν
1335 609 1444 677 (61)
1496 607 1724 680 ἁπάσας,
1757 601 1850 658 ’ίνα
1884 605 1960 678 μὴ

305 702 455 778 λέγω
482 703 578 764 τὰς
610 699 871 767 παλαιὰς,
903 699 977 752 ὧν
1012 701 1039 752 ὁ
1081 695 1254 760 πολὺς
1290 697 1375 751 ἐπὶ
1407 695 1726 774 σωφροσύνῃ
1774 693 1962 776 λόγος,

306 782 445 846 ὥστε
476 791 554 852 εἷς
585 787 685 843 δύο
714 792 882 844 ταῦτα
918 785 1248 862 διῃρημένου
1281 791 1409 840 πᾶσι
1440 773 1536 839 τοῦ
1592 783 1736 858 βίου,
1783 773 1962 858 γάμου

306 879 449 956 λέγω
479 877 569 933 καὶ
610 876 868 954 ἀγαμίας,
899 876 988 930 καὶ
1016 882 1116 944 τῆς
1154 875 1247 947 μὲν
1277 870 1442 943 οὔσης
1477 871 1819 946 ὑψηλοτέρας
1849 872 1962 943 (62)

302 990 360 1023 τε
400 969 489 1022 καὶ
547 956 840 1043 θειοτέρας,
903 963 1306 1042 ἐπιπονωτέρας
1359 961 1416 1018 δὲ
1471 961 1561 1016 καὶ
1620 958 1960 1036 σφαλερωτέ-

306 1076 422 1130 ρας,
452 1059 550 1116 τοῦ
583 1051 639 1114 δὲ
666 1053 1051 1129 ταπεινοτέρου
1080 1073 1140 1106 τε
1186 1052 1274 1107 καὶ
1325 1050 1746 1128 ἀσφαλεστέρου,
1786 1048 1965 1132 ἀμφο-

303 1145 469 1220 τέρων
522 1147 766 1220 φυγοῦσα
811 1143 874 1196 τὸ
923 1139 1088 1216 ἀηδὲς
1135 1142 1270 1217 (63),
1321 1138 1443 1194 ὅσον
1475 1137 1770 1194 κάλλιστόν
1819 1136 1960 1191 ἐστιν

310 1231 359 1286 ἰν
415 1231 746 1309 ἀμφοτέροις
807 1229 1142 1300 ἐκλέξασθαι,
1202 1229 1292 1284 καὶ
1343 1227 1418 1290 εἷς
1465 1224 1520 1282 ἓν
1566 1227 1803 1304 ἀγαγεῖν,
1861 1232 1962 1294 τῆς

313 1321 408 1392 μὲν
439 1321 502 1373 τὸ
532 1318 691 1393 ὕψος,
721 1324 818 1375 τοῦ
851 1317 908 1373 δὲ
935 1319 1036 1387 τὴν
1071 1317 1387 1396 ἀσφάλειαν,
1421 1315 1510 1370 καί
1560 1315 1802 1390 γενέσθαι
1854 1314 1962 1367 σώ-

301 1429 450 1486 φρων
515 1409 738 1485 ἄτυφος,
796 1409 875 1479 τῷ
921 1407 1084 1483 γάμῳ
1132 1405 1194 1460 τὸ
1237 1412 1339 1474 τῆς
1388 1407 1503 1478 (64)
1536 1403 1768 1480 ἀγαμίας
1796 1399 1963 1456 καλὸν

301 1498 591 1572 κεράσασα,
640 1495 731 1550 καὶ
775 1493 1004 1569 δείξασα,
1055 1493 1139 1549 ὅτι
1197 1495 1323 1567 μήθ’
1369 1490 1552 1568 ἕτερον
1756 1491 1963 1546 τούτων

307 1586 342 1654 ἢ
377 1590 492 1656 Θεῷ
521 1586 756 1654 πάντως,
789 1586 822 1659 ἣ
853 1584 1042 1657 κόσμῳ
1088 1581 1290 1649 συνδεῖ,
1322 1581 1411 1636 καὶ
1464 1580 1702 1651 διίστησι
1746 1578 1912 1634 πάλιν
1940 1601 1953 1613 ’

309 1673 448 1730 ὣστε
479 1673 610 1727 εἶναι
638 1672 700 1728 τὸ
735 1674 829 1747 μὲν
859 1670 1019 1727 παντί
1051 1675 1163 1746 (66)
1213 1671 1438 1752 φευκτὸν
1489 1672 1626 1725 κατά
1670 1670 1770 1738 τὴν
1827 1667 1961 1724 ἰδίαν

301 1761 486 1840 φύσιν,
515 1763 578 1822 τὸ
611 1760 669 1816 δὲ
690 1760 894 1824 τελέως
923 1759 1198 1821 ἐπαινετόν
1229 1780 1241 1792 ⁸
1275 1757 1423 1815 ἀλλᾶ
1451 1764 1578 1822 νοῦς
1627 1757 1765 1813 ἐστιν
1799 1759 1827 1811 ὁ
1870 1758 1958 1811 καὶ

2075 605 2337 675 adeoque
2368 620 2574 660 omnes
2606 604 2792 657 aetatis
2824 620 2943 657 suae
2980 600 3270 668 mulieres,
3295 619 3368 656 ne
3399 601 3588 656 dicam
3619 599 3731 671 pri-

2075 709 2225 759 scas,
2252 710 2499 768 quarum
2550 692 2760 764 ingens
2789 691 2861 748 ob
2907 689 3250 768 pudicitiam
3304 689 3460 743 fama
3488 693 3597 757 est,
3630 705 3728 744 su-

2074 783 2320 852 peravit,
2352 786 2416 842 ut
2442 797 2576 842 cum
2620 781 2676 837 in
2710 780 2832 834 haec
2862 781 2976 834 duo
3010 778 3239 833 cunctis
3270 777 3386 832 vita
3416 776 3601 832 divisa
3631 779 3728 844 sit,

2073 886 2284 948 nempe
2335 870 2392 928 in
2443 869 2884 930 matrimonium
2931 877 2983 922 et
3023 867 3379 935 caelibatum,
3413 871 3590 936 atque
3638 866 3731 920 hic

2072 959 2303 1033 quidem
2341 957 2653 1018 sublimior
2674 965 2731 1012 et
2752 957 3002 1013 divinior
3032 957 3128 1025 sit,
3152 971 3354 1012 verum
3386 953 3735 1010 laboriosior

2073 1051 2131 1102 et
2182 1046 2586 1119 periculosior,
2622 1047 2765 1104 illud
2813 1053 3008 1108 autem
3058 1044 3366 1111 humilius,
3392 1044 3493 1099 sed
3534 1049 3731 1098 tamen

2071 1136 2279 1205 tutius,
2299 1135 2496 1196 vitatis
2518 1136 2822 1211 utriusque
2846 1133 3153 1202 molestiis,
3178 1131 3461 1206 quidquid
3492 1132 3553 1186 in
3576 1136 3734 1186 utro-

2073 1241 2186 1300 que
2219 1224 2683 1296 pulcherrimum
2736 1229 2878 1292 erat,
2913 1223 3172 1296 elegerit,
3204 1226 3381 1294 atque
3429 1221 3489 1276 in
3541 1237 3728 1276 unum

2073 1313 2382 1385 copularit,
2416 1313 2656 1372 alterius
2686 1313 2965 1370 nimirum
3007 1311 3456 1381 sublimitatem,
3489 1308 3731 1365 alterius

2073 1402 2469 1472 securitatem,
2501 1401 2789 1474 fueritque
2833 1402 2958 1457 sine
2990 1401 3144 1455 fastu
3175 1399 3407 1471 pudica,
3429 1399 3730 1452 caelibatus

2071 1490 2291 1546 bonum
2326 1491 2702 1552 matrimonio
2725 1491 3077 1553 admiscens,
3102 1487 3364 1559 illudque
3391 1487 3728 1554 ostendens,

2071 1588 2343 1642 neutrum
2382 1581 2615 1652 horum,
2643 1585 2744 1638 aut
2790 1581 2905 1636 Deo
2938 1597 3044 1636 nos
3077 1579 3332 1652 penitus,
3362 1583 3462 1633 aut
3509 1578 3731 1632 mundo

2071 1670 2414 1743 astringere,
2441 1674 2544 1730 aut
2575 1671 2646 1726 ab
2679 1687 2744 1725 eo
2796 1669 3103 1736 dirimere;
3138 1669 3220 1723 ita
3249 1672 3315 1722 ut
3346 1665 3595 1722 alterum
3627 1683 3730 1720 na-

2067 1763 2204 1818 tura
2253 1776 2360 1822 sua
2391 1776 2633 1832 prorsus
2666 1758 3010 1828 fugiendum
3053 1757 3149 1821 sit,
3191 1756 3438 1816 alterum
3472 1755 3631 1816 omni
3663 1771 3732 1809 ex

296 1852 460 1927 γάμῳ
513 1850 602 1908 καὶ
651 1850 906 1930 παρθενίᾳ
960 1848 1146 1911 καλῶς
1207 1848 1531 1915 ἐπιστατῶν,
1589 1849 1702 1913 καὶ,
1777 1845 1956 1921 ὥσπερ

2072 1853 2232 1920 parte
2251 1847 2615 1906 laudandum
2640 1852 2697 1902 et
2719 1846 3226 1918 amplectendam;
3249 1862 3450 1901 verum
3473 1849 3729 1900 mentem

300 1937 407 2009 ὕλη
441 1961 525 2001 τις
553 1942 688 2020 (67),
719 1944 887 1996 ταῦτα
915 1944 993 2010 τῷ
1023 1938 1247 2015 τεχνίτῃ
1296 1938 1455 2013 Λόγῳ
1506 1936 1820 2012 ῥυθμίζεται
1868 1936 1959 1990 καὶ

301 2027 719 2104 δημιουργεῖται
751 2027 888 2104 πρὸς
920 2027 1139 2105 ἀρετήν.
1187 2027 1263 2084 Οὐ
1293 2028 1393 2103 γὰρ
1451 2026 1568 2081 ἐπεὶ
1626 2024 1782 2100 σαρκὶ
1841 2046 1959 2079 συν-

298 2118 474 2194 ήφΘη,
523 2114 611 2170 διὰ
666 2121 828 2171 τοῦτο
888 2115 1164 2192 ἐχωρίσθη
1224 2120 1320 2169 τοῦ
1349 2114 1696 2187 πνεύματος·
1734 2110 1848 2168 οὐδ’
1878 2115 1962 2169 ὃτι

295 2204 539 2283 κεφαλὴν
602 2203 730 2280 ἔσχε
775 2206 867 2260 τὸν
920 2204 1105 2280 ἄνδρα,
1159 2201 1248 2258 διὰ
1288 2207 1449 2258 τοῦτο
1479 2203 1579 2270 τήν
1617 2203 1841 2277 πρώτην
1873 2222 1960 2256 κε-

298 2294 478 2370 φαλὴν
531 2294 832 2370 ἠγνόησεν·
897 2292 1022 2348 ἀλλ’
1077 2290 1243 2367 ὀλίγα
1291 2289 1728 2366 λειτουργήσασα
1767 2291 1961 2364 κόσμῳ

303 2382 396 2436 καὶ
455 2383 630 2461 φύσει,
686 2381 774 2436 καὶ
826 2381 949 2439 ὅσον
1000 2382 1026 2435 ὁ
1059 2388 1157 2452 τῆς
1206 2381 1401 2457 σαρκὸς
1451 2375 1711 2435 ἐϐούλετο
1767 2381 1960 2452 νόμος,

305 2468 520 2541 μᾶλλον
581 2467 639 2524 δὲ
697 2471 724 2534 ὁ
778 2474 847 2548 τῇ
907 2471 1062 2546 σαρκὶ
1106 2474 1274 2523 ταῦτα
1302 2471 1698 2542 νομοθετήσας,
1726 2468 1842 2544 Θεῷ
1899 2469 1961 2523 τὸ

303 2564 407 2612 πᾶν
438 2560 630 2628 ἑαυτὴν
679 2559 1030 2635 καθιέρωσεν.
1090 2560 1154 2613 Ὅ
1214 2556 1270 2614 δὲ
1318 2556 1614 2613 κάλλιπον
1644 2559 1732 2614 καὶ
1765 2559 1960 2638 σεμνό-

300 2667 483 2719 τατον,
516 2648 599 2711 ’ὁτι
631 2647 721 2702 καὶ
750 2647 842 2708 τὸν
878 2645 1041 2734 ἄνδρα
1070 2647 1207 2724 πρὸς
1259 2648 1453 2718 ἑαυτῆς
1495 2647 1810 2718 ἐποιήσατο,
1869 2649 1958 2702 καὶ

297 2735 359 2798 οὐ
390 2733 658 2808 δεσπότην
710 2735 933 2813 ἄτοπον,
978 2733 1121 2794 (ἀλλ’
1178 2734 1485 2810 ὁμόδουλον
1545 2736 1745 2811 ἀγαθὸν
1786 2757 1960 2810 προσ-

299 2827 584 2896 εκτήσατο·
646 2826 719 2880 Οὐ
782 2825 945 2900 μόνον
1007 2823 1083 2894 δὲ,
1132 2823 1277 2881 ἀλλά
1333 2825 1424 2880 καὶ
1454 2825 1546 2879 τὸν
1575 2830 1673 2880 τοῦ
1705 2827 1960 2899 σώματος

297 2915 522 2996 καρπὸν,
576 2917 644 2970 τὰ
686 2915 846 2970 τέκνα
903 2913 1074 2989 λέγω,
1131 2913 1221 2968 καὶ
1276 2915 1436 2970 τέκνα
1488 2914 1711 2983 τέκνων,
1751 2915 1954 2988 καρπὸν

298 3006 394 3055 τοῖ’)
425 3001 731 3075 πνεύματος
762 3003 1076 3081 ἐποιήσατο,
1110 3002 1267 3078 γένος
1295 3002 1420 3057 ὅκον
1451 3004 1540 3057 καὶ
1593 3003 1770 3057 οἰκίαν
1820 3003 1958 3074 ὃλην

300 3089 417 3145 ἀντὶ
481 3097 607 3163 μιᾶς
654 3095 839 3172 ψυχῆς
889 3096 1005 3168 Θεῷ
1064 3091 1447 3174 καθαγνίσασα,
1523 3092 1613 3146 καὶ
1683 3095 1956 3163 ποιήσασα

295 3178 474 3254 γάμον
550 3181 826 3242 ἐπαινετὸν
903 3179 992 3238 διὰ
1046 3188 1145 3253 τῆς
1205 3181 1256 3236 ἐν
1315 3180 1478 3256 γάμῳ
1529 3181 1952 3258 εὐαρεστήσεως,

2073 1953 2223 2006 esse,
2247 1955 2374 2010 quae
2396 1942 2485 1994 est
2510 1937 2854 2008 conjugium
2878 1941 2935 1992 et
2956 1935 3352 2007 virginitatem
3384 1933 3626 2006 pulchre
3647 1949 3733 1987 re-

2073 2031 2173 2098 gat
2201 2034 2255 2082 et
2284 2027 2639 2092 moderetur,
2663 2031 2838 2098 atque
2868 2025 3012 2094 haec,
3036 2025 3224 2080 instar
3252 2022 3506 2078 materiae
3537 2023 3732 2093 cujus-

2073 2116 2231 2187 dam,
2255 2115 2326 2172 ab
2358 2115 2581 2174 artifice
2617 2115 2801 2172 Verbo
2823 2113 3015 2185 dirigi,
3037 2119 3093 2168 et
3124 2113 3194 2175 ad
3227 2112 3505 2170 virtutem
3537 2111 3732 2166 elabo-

2073 2205 2208 2260 rari.
2231 2203 2356 2260 Non
2389 2205 2568 2274 enim,
2598 2204 2737 2278 quia
2781 2204 2940 2258 carni
2973 2201 3243 2274 copulata
3271 2205 3416 2268 erat,
3450 2200 3666 2256 idcirco
3698 2219 3732 2256 a

2072 2293 2283 2364 spiritu
2306 2292 2604 2363 disjuncta
2625 2281 2740 2362 est;
2766 2308 2870 2349 nec
2894 2292 3031 2366 quia
3052 2295 3226 2362 caput
3241 2291 3432 2346 virum
3456 2288 3730 2354 habebat,

2071 2381 2201 2438 ideo
2232 2382 2489 2452 primum
2521 2387 2699 2454 caput
2742 2381 3028 2453 ignoravit
3063 2398 3076 2436 ε
3111 2381 3212 2435 sed
3244 2396 3376 2436 cum
3424 2379 3644 2433 mundo
3675 2383 3732 2433 et

2072 2476 2294 2528 naturae
2329 2471 2640 2546 paululum
2681 2471 3095 2538 ministrasset,
3129 2475 3186 2524 et
3217 2473 3505 2540 quantum
3538 2467 3733 2524 carnis

2071 2557 2161 2622 lex
2207 2557 2456 2626 volebat,
2488 2559 2577 2616 vel
2626 2559 2677 2614 is
2727 2560 2947 2632 potius,
2981 2559 3081 2630 qui
3130 2559 3283 2613 hanc
3334 2557 3494 2613 carni
3542 2555 3730 2628 legem

2069 2646 2300 2719 indixit,
2341 2651 2524 2709 totum
2577 2665 2639 2706 se
2685 2647 2800 2704 Deo
2850 2647 3231 2703 consecravit.
3267 2646 3548 2719 Quodque
3598 2643 3729 2716 pul-

2070 2734 2430 2794 cherrimum
2463 2739 2522 2792 et
2560 2736 3049 2795 honestissimum
3092 2739 3200 2802 est,
3237 2735 3516 2790 maritum
3549 2735 3729 2790 etiam

2070 2824 2142 2887 ad
2174 2841 2237 2879 se
2269 2825 2565 2905 pertraxit,
2595 2841 2660 2883 ac
2685 2842 2800 2882 non
2833 2825 3239 2904 importunum
3273 2824 3603 2894 dominum,
3628 2823 3731 2878 sed

2067 2913 2288 2972 bonum
2323 2930 2668 2974 conservum
2701 2915 2926 2971 ascivit.
2957 2914 3071 2971 Nec
3099 2913 3156 2968 id
3189 2913 3494 2983 duntaxat,
3528 2929 3728 2970 verum

2067 3003 2327 3074 corporis
2361 3019 2596 3074 quoque
2627 2988 2904 3070 fructum,
2931 3003 3040 3058 hoc
3071 3006 3160 3058 est
3193 3002 3343 3056 ﬁlios
3374 3005 3432 3058 et
3463 3005 3730 3074 nepotes,

2065 3091 2312 3164 spiritus
2347 3092 2600 3154 fructum
2629 3092 2838 3159 effecit,
2862 3097 2928 3147 ut
2949 3108 3072 3164 quae
3100 3107 3286 3164 genus
3316 3095 3531 3155 totum,
3554 3094 3611 3146 et
3634 3090 3733 3152 do-

2067 3197 2232 3236 mum
2265 3187 2447 3242 totam
2476 3180 2633 3237 haud
2657 3180 2824 3242 aliter
2849 3198 2915 3238 ac
2940 3180 3198 3237 animam
3221 3197 3400 3236 unam
3423 3179 3538 3236 Deo
3570 3179 3727 3250 puri-

294 3269 382 3322 καὶ
423 3276 522 3340 τῆς
572 3268 748 3344 καλῆς
802 3269 1031 3324 ἐντεῦθεν
1093 3244 1468 3350 καρποφορίας
1503 3289 1514 3300 ·
1579 3244 1770 3340 ἑαυτὴν
1833 3244 1952 3344 μὲν,

2072 3269 2344 3340 ὃοοινθνὶι,
2360 3287 2425 3326 ac
2447 3270 2890 3330 matrimonium
2915 3271 3111 3342 ipsum
3132 3287 3234 3341 per
3251 3270 3432 3326 vitam
3454 3269 3513 3323 in
3533 3268 3733 3324 matri-

291 3353 398 3419 ἕως
455 3352 572 3438 ἔζη,
631 3355 941 3436 ὑπόδειγμα
995 3357 1167 3414 καλοῦ
1225 3359 1424 3420 παντὸς
1479 3364 1596 3422 τοῖς
1656 3358 1706 3430 ἐξ
1765 3360 1956 3428 ἑαυτῆς

297 3448 687 3520 προστήσασα·
749 3446 865 3502 ἐπεὶ
925 3445 981 3502 δὲ
1038 3448 1416 3530 προσεκλήθη,
1493 3448 1554 3502 τὸ
1610 3447 1828 3522 θέλημα
1877 3454 1956 3522 τῷ

301 3531 436 3615 οἴκῳ
501 3537 616 3607 μετ’
685 3536 850 3611 αὐτὴν
926 3535 1361 3614 ἐγκαταλιποῦσα
1416 3541 1706 3593 σιωπῶσαν
1764 3539 1956 3616 παραί-

297 3642 457 3679 νεσιν.

367 3890 439 3945 ϐ’.
473 3890 534 3946 Ὁ
570 3889 663 3962 μὲν
725 3887 791 3960 δὴ
853 3893 995 3956 θεῖος
1056 3889 1325 3964 Σολομὼν
1380 3890 1431 3945 έν
1473 3891 1540 3966 τῇ
1569 3889 1951 3968 παιδαγωγικῇ

296 3976 477 4061 σοφία,
508 3982 625 4050 ταῖς
661 3979 986 4061 Παροιμίαις
1020 3977 1169 4056 λέγω
1201 3982 1336 4053 (68),
1388 3979 1593 4036 ἐπαινεῖ
1630 3983 1717 4036 καὶ
1768 3982 1950 4036 οἰκου-

297 4065 413 4138 ρίαν
474 4068 726 4142 γυναικὸς
777 4070 866 4122 καὶ
916 4067 1254 4146 φιλανδρίαν,
1303 4069 1390 4123 κατ
1422 4069 1719 4139 ἀντιτίοησι
1749 4074 1817 4144 τῇ
1851 4067 1952 4148 ἔξω

294 4153 774 4232 περιπλανωμένῃ,
802 4156 891 4215 καὶ
947 4157 1256 4235 ἀκρατήτῳ.
1292 4158 1383 4212 καὶ
1442 4157 1622 4232 ἀτίμῳ
1672 4161 1806 4236 (69),
1861 4161 1951 4214 καὶ

291 4243 488 4320 τιμίων
549 4247 729 4326 ψυχὰς
789 4245 1085 4326 ἀγρευούσῃ
1143 4246 1196 4301 ἐν
1256 4253 1540 4322 πορνικοῖς
1579 4247 1668 4302 καὶ
1700 4251 1953 4324 σχήμασι

291 4333 380 4390 καὶ
442 4333 695 4410 ὀνόμασι,
749 4336 848 4408 τὴν
906 4334 1012 4403 ἔσω
1072 4333 1256 4401 καλῶς
1306 4335 1799 4416 ἀναστρεφομένην,
1859 4338 1952 4392 καὶ

293 4418 680 4507 ἀνδριζομὲνην
737 4424 807 4478 τὰ
861 4424 1134 4506 γυναικὸς,
1194 4424 1331 4501 πρὸς
1378 4423 1638 4493 ἄτρακτον
1681 4429 1792 4499 (70)
1853 4427 1948 4500 μὶν

294 4508 375 4562 ἀεὶ
430 4510 525 4571 τὰς
585 4517 777 4588 χεῖρ’ἄς
839 4511 1167 4588 έρείδουσαν,
1224 4515 1314 4568 καὶ
1375 4511 1562 4576 δισσὰς
1640 4519 1719 4586 τῷ
1793 4513 1949 4590 ἀνδρὶ

2066 3360 2264 3422 monio
2297 3365 2408 3422 Deo
2439 3364 2668 3434 gratam
2699 3364 2757 3415 et
2794 3366 3092 3432 acceptam
3124 3357 3572 3432 pulchramque,
3601 3374 3732 3430 quae

2064 3447 2202 3503 inde
2250 3449 2488 3526 prodiit,
2522 3448 2804 3519 sobolem,
2838 3448 3133 3506 laudabile
3180 3446 3521 3516 reddiderit,
3554 3451 3730 3518 atque

2063 3536 2322 3609 seipsam
2367 3537 2628 3610 quidem,
2663 3539 2802 3594 dum
2835 3537 2996 3606 vixit,
3028 3535 3267 3592 virtutis
3311 3535 3504 3592 omnis
3534 3552 3729 3592 exem-

2062 3624 2193 3697 plar
2237 3624 2438 3689 liberis
2488 3627 2615 3687 suis
2665 3625 3060 3700 proposuerit;
3096 3629 3480 3698 posteaquam
3530 3627 3727 3682 autem

2064 3714 2249 3774 accita
2281 3717 2390 3780 est,
2423 3701 2783 3779 voluntatem
2816 3729 2985 3770 suam
3020 3712 3220 3769 domui
3251 3729 3370 3770 suae
3401 3711 3559 3769 velut
3586 3711 3728 3766 taci-

2063 3805 2184 3857 tam
2218 3802 2677 3865 cohortatiouem
2712 3807 2846 3873 post
2872 3818 2933 3858 se
2965 3801 3287 3872 reliquerit.

2134 3889 2223 3948 IX.
2259 3890 2568 3950 Enimvero
2618 3890 2851 3950 divinus
2908 3888 3184 3946 Salomon
3238 3889 3298 3945 in
3356 3887 3729 3961 paedagogica

2062 3979 2369 4052 sapientia,
2396 3980 2504 4038 hoc
2554 3985 2643 4042 est
2686 3979 2744 4042 in
2786 3978 3115 4038 Proverbiis
3139 3977 3204 4046 1⁸,
3239 3977 3518 4034 feminam
3567 3964 3728 4034 domi

2061 4068 2746 4145 manenlem,virumque
2771 4071 3066 4124 amantem
3097 4066 3319 4135 laudat,
3350 4083 3416 4121 ac
3448 4065 3589 4122 foris
3621 4066 3723 4122 ob-

2062 4158 2284 4222 erranti
2330 4163 2386 4219 et
2437 4157 2746 4240 petulanti,
2779 4160 2954 4228 atque
3003 4155 3233 4224 infami,
3266 4155 3726 4228 meretriciisque

2061 4247 2328 4319 gestibus
2359 4252 2416 4303 et
2454 4246 2796 4309 nominibus
2845 4247 3130 4317 pretiosas
3179 4245 3409 4301 animas
3439 4243 3723 4318 captanti,

2063 4353 2191 4396 eam
2225 4335 2487 4409 opponit,
2512 4353 2637 4415 quae
2662 4336 2906 4392 honeste
2936 4334 3098 4392 intus
3123 4342 3390 4392 versatur
3418 4350 3484 4390 ac
3515 4333 3726 4391 mulie-

2061 4427 2189 4490 bria
2221 4427 2414 4488 ofﬁcia
2445 4427 2597 4490 virili
2641 4427 2840 4484 animo
2875 4426 3234 4499 exsequitur,
3258 4427 3412 4486 228
3457 4442 3722 4498 semper-

2062 4533 2174 4588 que
2205 4516 2277 4570 ad
2311 4517 2506 4571 fusum
2542 4533 2756 4572 manus
2797 4516 3092 4583 obﬁrmat,
3117 4520 3172 4570 et
3203 4515 3468 4586 duplices
3510 4515 3722 4570 marito

293 4596 522 4672 χλαίνας
553 4603 1059 4675 παρασκευάζουσαν
1117 4604 1234 4676 (71)
1267 4623 1278 4635 ’
1339 4601 1655 4676 ὠνουμένην
1716 4600 1774 4657 δὲ
1818 4607 1954 4660 κατὰ

2072 4609 2252 4660 vestes
2283 4603 2518 4658 coniicit
2550 4620 2564 4659 :
2599 4609 2776 4674 atque
2822 4604 3166 4674 tempestive
3213 4619 3421 4674 agrum
3471 4603 3633 4671 emit,
3666 4607 3723 4658 et

291 4687 478 4759 καιρὸν
511 4689 794 4764 γεώργιον,
827 4697 1154 4765 σιτηγοῦσαν
1189 4689 1247 4746 δὲ
1294 4689 1478 4752 καλῶς
1524 4696 1644 4752 τοῖς
1695 4691 1948 4764 οἰκέταις,

289 4773 494 4851 πλήρει
550 4773 608 4831 δὲ
662 4778 901 4856 τραπέζῃ
966 4780 1093 4841 τοὺς
1151 4779 1346 4860 φίλους
1425 4777 1801 4854 δεξιουμένην,
1861 4782 1951 4836 καὶ

287 4860 468 4919 τᾶλλα
497 4863 594 4920 ὅσα
620 4868 721 4936 τήν
757 4868 1014 4946 σώφρονα
1042 4868 1132 4924 καὶ
1165 4866 1420 4947 φιλεργὸν
1454 4867 1652 4930 ἐκεῖνος
1708 4867 1950 4942 ἀνύμνη-

360 4993 401 5028 ¹⁸
432 4993 594 5051 Prov.
627 5013 784 5065 xxxr,
822 4999 890 5052 10
919 5015 1082 5079 seqq.

285 5136 480 5278 ὲαίῗξζ
501 5138 630 5193 Κατ’
678 5137 867 5210 αὐτή*
919 5141 1099 5216 Βθεεο
1152 5142 1272 5207 bm,
1330 5141 1433 5208 hu,
1471 5141 1568 5197 Or.
1605 5143 1656 5212 1,
1688 5141 1804 5198 Jes.
1834 5141 1951 5194 καθ’

283 5277 866 5422 τὲέξξ)ᾀξ)ηλοτέρας
911 5302 987 5346 τε,
1042 5284 1221 5358 Regg.
1275 5283 1396 5352 bm,
1431 5284 1532 5354 hu,
1564 5282 1680 5339 Jes.
1732 5279 1948 5355 ὑψηλο-

755 5425 1050 5507 Begz‘bm,
1084 5421 1274 5507 ἀειδές.

357 5492 469 5574 (64)
499 5492 581 5574 To
605 5499 724 5570 τῆς.
758 5492 868 5551 Sic‘
896 5492 1070 5572 αδδς.
1106 5517 1158 5566 a,
1194 5498 1315 5566 bm,
1350 5498 1452 5568 hu,
1484 5502 1541 5552 et
1571 5496 1664 5552 Or.
1694 5499 1741 5552 1.
1783 5498 1949 5552 Deest

280 5557 367 5628 τό,
399 5579 459 5617 1n
491 5565 687 5620 edltis.

2064 4690 2302 4748 famulis
2332 4692 2494 4748 cibos
2541 4693 2747 4748 sedulo
2796 4693 3152 4764 suppeditat,
3183 4707 3248 4746 ac
3297 4690 3467 4764 plena
3517 4708 3722 4752 mensa

2063 4781 2282 4838 amicos
2314 4781 2545 4854 excipit,
2570 4785 2893 4854 ceteraque
2939 4781 3140 4838 omnia
3181 4785 3438 4853 praestat,
3464 4797 3592 4852 quae
3621 4781 3720 4837 ille

2062 4873 2134 4926 de
2165 4870 2415 4936 honesta
2453 4875 2508 4936 et
2553 4870 2848 4936 industria
2902 4875 3171 4933 matrona
3218 4869 3570 4948 praedicavit.
3601 4870 3718 4943 Ego

2276 5141 2449 5224 ῗΩσξτε
2480 5142 2677 5224 εἶναι...
2725 5141 2905 5197 παντί.
2949 5141 3047 5199 Or.
3082 5143 3133 5208 1,
3163 5139 3237 5200 ὡς
3271 5139 3401 5194 εἶναι
3437 5141 3578 5215 Reg.
3611 5142 3716 5213 hu,

2061 5213 2234 5270 Coisl.
2273 5215 2296 5266 1
2333 5219 2390 5270 et
2419 5214 2474 5278 3,
2505 5213 2695 5282 πάντῃι

2154 5267 2245 5352 67⁷)
2275 5267 2387 5342 τιέξ
2422 5267 2611 5340 Deest.
2643 5267 2700 5340 iii
2735 5285 2910 5339 Coisl.
2947 5287 2994 5355 1,
3029 5289 3086 5339 et
3115 5283 3232 5337 Jes.

2150 5357 2244 5424 68)
2277 5355 2454 5427 Λέγω.
2489 5358 2662 5414 Deest
2691 5357 2749 5410 in
2784 5357 2960 5427 Regg.
2997 5373 3048 5424 a,
3075 5357 3200 5427 _bm,
3243 5355 3344 5426 hu,
3378 5359 3435 5410 et
3463 5355 3583 5416 Jes.

2150 5427 2240 5498 69)
2274 5425 2507 5498 Ἀτίμῳ.
2542 5427 2711 5483 Coisl.
2752 5430 2802 5494 1,
2830 5425 3174 5498 ἠτιμωμένῃ.

2273 5496 2607 5575 Ἀτρακτονη
2627 5499 2721 5562 0r.
2760 5500 2809 5562 1,
2843 5496 3067 5575 et_Jes.,
3098 5496 3367 5575 ᾀτράκτφ.

2127 5566 2240 5642 (71)
2299 5566 2835 5643 Παρασκευάζουσαν,
2904 5566 3063 5643 Reg,
3113 5566 3217 5640 hu,
3286 5566 3712 5638 κατασκευάζου-

300 5635 471 5724 ,(65)
521 5636 662 5705 Μήεν
720 5634 922 5712 ἓτερον.
984 5639 1125 5724 Reg.
1185 5641 1315 5709 bm,
1367 5645 1426 5698 et
1483 5639 1582 5695 Or.
1639 5640 1687 5709 1,
1743 5639 1820 5712 μὴ
1885 5639 1944 5694 τὸ

2072 5634 2171 5695 ταν.

283 5699 488 5782 ἕτερον.
