4070 6416
323 399 434 459 801

941 391 1233 453 ORATIO
1280 389 1439 449 Vlll.
1475 420 1552 432 --
1589 388 1668 446 IN
1714 385 2040 447 LAUDEM
2087 384 2420 444 SOHORIS
2471 385 2649 446 SUAE
2694 389 3143 448 GORGONLE.

3630 396 3750 457 802

322 531 421 607 φὰς
470 528 558 584 καὶ
621 526 959 601 ὑπογραφὰς,
1009 525 1098 578 καὶ
1148 521 1277 582 τοὺς
1337 525 1538 590 ζῶντας
1599 517 1845 588 πίνακας,
1885 516 1975 572 καὶ

2114 518 2238 585 tuis,
2263 523 2438 588 atque
2471 519 2628 573 intus
2661 521 2892 575 condito
2925 521 3252 595 splendore,
3279 529 3748 598 praestantiorem

319 620 418 686 τήν
455 617 674 691 ῥέουσαν
707 614 1028 692 εὐμορφίαν,
1062 619 1181 672 ταῖς
1216 611 1304 664 ἐπὶ
1353 608 1586 684 θεάτρων
1634 610 1844 681 παρῆκε
1890 608 1979 660 καὶ

319 711 427 760 τῶν
457 701 717 780 τριόδων,
748 702 838 758 καὶ
869 703 1018 763 ὸσαις
1051 699 1284 776 αἰσχύνη
1316 699 1404 752 καὶ
1436 694 1645 758 ὄνειδος
1674 696 1736 750 τὸ
1786 694 1977 769 αἰσχύ-

324 806 528 858 νεσθαι.

2092 609 2462 678 agnoscebat.
2500 607 2662 662 Unus
2693 609 2776 663 illi
2813 610 2990 664 rubor
3033 611 3317 681 placebat,
3353 632 3526 685 quem
3562 619 3752 688 pudor

2092 697 2258 750 affert
2287 711 2298 750 :
2335 713 2489 750 unus
2522 700 2759 767 candor,
2793 715 2969 768 quem
3007 700 3160 769 parit
3190 704 3570 758 continentia.
3605 707 3748 760 Nam

2091 785 2410 856 pigmenta,
2438 790 2495 840 et
2527 787 2710 850 fucos,
2738 804 2804 841 ac
2837 788 2994 843 vivas
3027 789 3279 855 tabulas,
3305 796 3359 845 et
3397 793 3611 847 ﬂuxam
3638 794 3755 848 for-

330 901 436 940 mae
482 887 846 940 venustatem
879 881 1128 938 scenicis
1160 885 1216 935 et
1243 877 1573 934 trivialibus
1607 875 1994 946 relinquebat,
2028 874 2363 946 quibusque
2397 875 2674 945 probrum
2710 893 2773 930 ac
2807 877 3059 932 dedecus
3090 885 3178 932 est
3207 881 3571 936 erubescere.

401 1001 505 1056 IA‘.
536 1002 710 1052 Ταῦτα
744 997 839 1070 μὲν
873 994 940 1064 δὴ
971 999 1195 1049 τοιαῦτα
1218 1011 1230 1023 ⁸
1277 995 1374 1061 τῆς
1425 989 1482 1046 δὲ
1531 993 1847 1068 φρονήσεως
1895 989 1987 1043 καὶ

326 1093 426 1156 τῆς
457 1081 726 1147 εὐσεϐείας
759 1085 859 1139 οὐκ
880 1083 1020 1138 ἔστιν
1053 1085 1168 1156 (89)
1211 1081 1355 1142 ὅστις
1391 1079 1448 1134 ἂν
1481 1079 1720 1158 ἐφίκοιτο
1754 1078 1985 1153 λόγος,ἢ

327 1174 513 1230 πολλὰ
545 1175 604 1228 ἂν
635 1173 874 1249 εὐρεθείη
906 1173 974 1227 τὰ
1020 1169 1460 1244 παραδείγματα,
1493 1169 1638 1236 πλὴν
1695 1173 1801 1222 τῶν
1858 1165 1990 1221 ἐκείο

327 1285 429 1333 νης
483 1264 574 1318 καὶ
621 1263 758 1318 κατὰ
803 1264 976 1338 σάρκα
1023 1261 1113 1315 καὶ
1144 1261 1278 1314 κατὰ
1307 1263 1521 1332 πνεῦμα
1549 1259 1817 1332 πατέρων,
1851 1256 1989 1330 πρὸς

331 1348 425 1414 οὕς
494 1352 688 1425 μόνους
739 1354 943 1427 ὁρῶσα,
994 1349 1083 1404 καὶ
1135 1351 1207 1403 ὧν
1261 1345 1413 1402 οὐδὲν
1473 1345 1836 1417 ἐλαττουμένη
1891 1347 1988 1412 τήν

333 1442 550 1516 ἀρετὴν,
613 1440 691 1495 ἐνὶ
747 1440 927 1512 τούτῳ
984 1440 1076 1494 xui
1133 1437 1298 1511 μόνον
1344 1439 1544 1506 ἡττᾶτο
1575 1436 1665 1490 καὶ
1696 1435 1831 1490 πάνυ
1860 1455 1992 1510 προ-

333 1529 540 1602 θύμως,
629 1529 711 1584 ὅτι
799 1530 926 1604 παρ’
1012 1526 1228 1582 ἐκείνων
1301 1527 1364 1580 τὸ
1441 1525 1657 1600 ἀγαθὸν,
1715 1524 1992 1586 κάκείνους

336 1617 486 1694 ῥίζαν
519 1619 608 1674 καὶ
641 1615 762 1692 ᾔδει
794 1617 885 1672 καὶ
937 1614 1222 1690 ὡμολόγει
1264 1621 1363 1684 τῆς
1394 1614 1590 1674 εἰκείας
1639 1612 1990 1687 ἐλλάμψεως.

332 1707 393 1760 Τί
430 1709 525 1780 μὲν
566 1714 667 1776 τῆς
701 1705 939 1766 διανοίας
985 1703 1187 1770 ἐκείνης
1235 1703 1506 1779 ὀξύτερον,
1554 1704 1614 1771 ἢν
1660 1723 1721 1778 γε
1745 1703 1834 1756 καὶ
1883 1723 1996 1756 κοι-

331 1797 428 1864 νήν
453 1791 769 1868 σύμϐουλον
804 1795 913 1870 οὐχ
942 1795 994 1848 οἱ
1033 1793 1092 1848 ἐκ
1139 1794 1327 1870 γένους
1383 1791 1564 1864 μόνον,
1617 1789 1731 1845 οὐδ’
1780 1793 1834 1845 οἱ
1883 1793 1995 1864 (90)

333 1885 395 1940 ἐκ
422 1889 519 1940 τοῦ
550 1884 714 1939 αὐτοῦ
746 1883 904 1957 λαοῦ,
935 1882 1024 1937 καὶ
1053 1889 1156 1952 τῆς
1200 1889 1326 1954 μιᾶς
1377 1883 1488 1954 (91)
1540 1878 1801 1954 μάνδραις,
1851 1879 1996 1935 ἀλλὰ

333 1974 425 2028 καὶ
457 1975 508 2028 οἱ
537 1972 728 2046 κύκλῳ
779 1972 836 2027 δὲ
882 1973 1076 2034 πάντες
1122 1971 1438 2047 ἐγίνωσκον,
1471 1970 1561 2024 xui
1592 1969 1761 2041 νόμον
1795 1967 1992 2024 ἄλυτον

334 2065 431 2124 τὰς
482 2061 691 2133 ἐκείνης
752 2062 1034 2117 ἐποιοῦντο
1093 2063 1206 2135 (92)
1267 2061 1542 2130 ὑποθήκας
1601 2059 1690 2112 καὶ
1740 2059 1993 2133 παραινέ-

339 2172 488 2220 σεις;
523 2151 593 2209 Τί
625 2149 681 2206 δὲ
729 2154 843 2224 (93)
889 2156 997 2206 τῶν
1051 2151 1232 2224 Λόγων
1284 2149 1500 2203 ἐκείνων
1554 2148 1990 2223 εὐστοχώτερον;

331 2240 386 2296 τί
413 2238 471 2295 δὲ
500 2247 600 2309 τῆς
631 2247 842 2309 σιωπῆς
878 2240 1274 2314 συνετώτερον;
1327 2234 1481 2293 Ἀλλ’
1522 2234 1708 2306 ἐπειδή
1757 2258 1816 2311 γε
1864 2257 1992 2289 σιω-

325 2337 437 2399 πῆς
473 2329 770 2402 ἐμνήσθην,
803 2331 1099 2404 προσθήσω
1141 2329 1203 2382 τὸ
1257 2326 1588 2381 οἰκειότατον
1618 2329 1730 2398 (94)
1761 2325 1993 2394 ἐκείνης,

326 2417 418 2470 καὶ
474 2417 676 2492 γυναιξὶ
729 2415 1195 2492 πρεπωδέστατον,
1253 2416 1342 2472 καὶ
1392 2421 1472 2488 τῷ
1536 2415 1762 2490 παρόντι
1823 2419 1996 2490 καιρῷ

334 2506 782 2580 χρησιμώτατον.
831 2505 920 2566 Τίς
970 2505 1064 2576 μὲν
1124 2503 1260 2580 ἔγνω
1309 2506 1376 2558 τὰ
1430 2505 1554 2579 περί
1587 2510 1736 2566 ,Θεου
1784 2500 1996 2574 μᾶλλον

336 2590 397 2646 ἔκ
441 2614 498 2647 τε
539 2598 644 2646 τῶν
699 2592 855 2647 Θείων
919 2592 1122 2667 λογίων
1168 2594 1257 2646 καὶ
1313 2599 1414 2661 τῆς
1447 2593 1652 2654 οἰκείας
1698 2591 1993 2658 συνέσεως

334 2681 435 2742 Τίς
469 2680 524 2736 δὲ
553 2683 715 2750 ἧττον
750 2681 1038 2759 ἐφθέγξατο
1090 2681 1141 2735 ἐν
1180 2687 1296 2743 τοῖς
1350 2681 1676 2757 γυναικείοις
1705 2684 1817 2752 (95)
1847 2679 1997 2754 ὅροις

330 2778 431 2839 τῆς
492 2766 761 2832 εὐσεϐείας
823 2771 1086 2844 μείνασα;
1147 2774 1211 2824 ’Ὀ
1272 2768 1316 2824 δ’
1357 2768 1448 2824 οὖν
1510 2769 1778 2847 ὠφείλετο
1839 2769 1907 2842 τῇ
1938 2790 1998 2845 γε

337 2860 559 2929 ἀληθῶς
630 2855 864 2914 εὐσεϐεῖν
937 2859 1222 2934 ἐγνωκυίᾳ,
1282 2859 1373 2914 καὶ
1418 2860 1480 2912 οὗ
1533 2857 1676 2927 καλή
1741 2858 1905 2930 μόνον
1959 2859 1994 2926 ἡ

339 2947 640 3018 ἀπληστία,
686 2948 770 3010 τίς
823 2949 917 3021 μὲν
965 2948 1297 3021 ἀναθήμασιν
1365 2947 1506 3002 οὕτω
1565 2947 1726 3009 ναοὺς
1775 2942 1996 3001 κατεκό-

341 3057 565 3108 σμησεν,
601 3035 807 3098 ἄλλους
853 3057 912 3090 τε
969 3037 1057 3090 καὶ
1106 3038 1196 3090 τὸν
1399 3036 1499 3090 οὐκ
1528 3034 1630 3090 οἶδ’
1662 3037 1706 3090 εἰ
1740 3040 1849 3109 (97)
1885 3037 1998 3108 μετ’

345 3125 554 3194 ἐκείνην
587 3125 1118 3197 κοσμηθησόμενον;
1172 3123 1398 3180 Μᾶλλον
1453 3123 1530 3193 δὲ,
1580 3125 1662 3188 τίς
1699 3125 1842 3180 οὕτω
1873 3125 1996 3179 ναὸν

2023 1851 2071 1915 Β

2168 991 2258 1044 Χῐ.
2297 992 2477 1060 Atque
2513 991 2634 1046 haec
2667 993 2903 1063 quidem
2954 993 3112 1050 talia.
3149 995 3527 1051 Prudentiam
3559 1001 3755 1052 autem

2097 1081 2284 1152 ipsius
2309 1097 2373 1134 ac
2400 1081 2674 1151 pietatem
2699 1099 2870 1136 nemo
2894 1088 2982 1137 est
3013 1085 3110 1153 qui
3136 1085 3331 1140 verbis
3361 1085 3496 1141 ullis
3519 1087 3756 1158 assequi

2101 1170 2326 1241 possit;
2364 1187 2467 1224 nec
2500 1169 2682 1225 multa
2706 1172 2970 1242 exempla
3004 1174 3239 1243 reperiri
3273 1182 3509 1244 queant,
3551 1182 3760 1246 praeter

2100 1257 2280 1323 illius,
2308 1263 2433 1312 tum
2460 1261 2782 1314 secundum
2807 1277 3039 1332 corpus,
3072 1266 3196 1316 tum
3231 1263 3553 1319 secundum
3587 1265 3762 1336 spiri-

2100 1351 2249 1412 tum,
2287 1353 2576 1418 parentes,
2631 1350 2688 1403 in
2739 1367 2886 1420 quos
2937 1350 3092 1406 solos
3146 1352 3398 1421 intuens,
3450 1358 3506 1409 et
3535 1355 3753 1426 quibus

2100 1436 2312 1490 virtute
2332 1437 2674 1507 neutiquam
2699 1439 2938 1493 inferior
2955 1456 3089 1494 cum
3109 1446 3285 1506 esset,
3303 1441 3410 1497 hoc
3431 1460 3544 1498 uno
3563 1447 3760 1498 tamen

2103 1525 2339 1580 nomine
2374 1543 2652 1596 perquam
2687 1527 2934 1583 libenter
2955 1530 3214 1598 cedebat,
3241 1531 3393 1600 quod
3423 1533 3491 1585 ab
3526 1532 3618 1586 his
3652 1532 3762 1588 hoc

2103 1616 2323 1670 bonum
2356 1615 2695 1686 accepisset,
2721 1635 2932 1688 eosque
2967 1617 3421 1675 illuminationis
3453 1638 3571 1676 sua:
3604 1621 3763 1676 radi-

2103 1719 2229 1758 cem
2253 1708 2309 1758 et
2333 1709 2677 1776 agnosceret
2707 1712 2762 1761 et
2793 1707 3088 1761 fateretur.
3115 1708 3244 1763 Jam
3268 1726 3399 1763 vero
3433 1711 3566 1780 quid
3602 1710 3760 1766 illius

2105 1792 2340 1863 ingenio
2374 1794 2622 1858 acutius,
2659 1795 2873 1866 quippe
2904 1797 3074 1865 cujus
3107 1797 3351 1852 consilio
3388 1816 3500 1853 non
3534 1799 3572 1852 ii
3627 1804 3762 1854 tan-

2104 1885 2230 1936 tum
2260 1882 2356 1953 qui
2383 1899 2592 1953 genere
2625 1884 2813 1955 ipsam
2839 1885 3226 1957 attingebant,
3251 1893 3307 1941 et
3337 1889 3436 1957 qui
3461 1905 3529 1942 ex
3557 1889 3761 1944 eadem

2106 1969 2274 2041 plebe
2323 1976 2499 2043 atque
2549 1974 2752 2028 eadem
2805 1974 2972 2028 caula
3021 1980 3208 2044 erant,
3245 1977 3346 2030 sed
3387 1975 3552 2031 vicini
3587 1977 3762 2032 etiam

2105 2075 2310 2115 omnes
2339 2061 2730 2116 communiter
2755 2063 3092 2131 utebantur,
3114 2066 3358 2134 ejusque
3389 2070 3677 2137 praacepta
3706 2070 3765 2121 et

2105 2148 2536 2205 exhortationes
2554 2168 2656 2221 pro
2677 2152 2845 2206 ﬁrma
2864 2157 2920 2206 et
2941 2152 3258 2207 inviolabili
3284 2152 3409 2223 lege
3427 2155 3763 2209 ducebant?

2105 2237 2250 2301 Quid
2304 2237 2461 2292 illius
2513 2241 2886 2294 sermonibus
2937 2240 3259 2295 solertius?
3310 2241 3458 2305 Quid
3526 2241 3760 2299 silentio

2107 2327 2456 2398 prudentius
2478 2328 2505 2380 ?
2540 2329 2603 2382 Et
2635 2329 2911 2398 quoniam
2945 2329 3002 2383 in
3037 2329 3253 2385 silentii
3279 2332 3637 2386 mentionem
3668 2333 3757 2386 in-

2107 2417 2243 2488 cidi,
2277 2417 2488 2472 addam
2541 2417 2619 2479 id,
2654 2419 2806 2488 quod
2862 2419 3111 2473 maxime
3145 2421 3444 2490 proprium
3479 2420 3586 2492 ipsi
3623 2420 3757 2487 fuit,

2108 2506 2380 2576 quodque
2407 2507 2752 2560 mulieribus
2776 2508 3095 2562 admodum
3119 2509 3408 2578 congruit,
3425 2514 3600 2580 atque
3623 2510 3760 2564 huic

2107 2596 2356 2664 tempori
2411 2611 2784 2666 permagnam
2822 2595 3135 2650 utilitatem
3167 2597 3450 2651 attulerit.
3483 2597 3759 2659 Qumnam

2109 2699 2201 2737 res
2224 2683 2473 2746 divinas,
2498 2689 2623 2737 tum
2647 2701 2715 2739 ex
2737 2684 2948 2738 divinis
2973 2684 3244 2748 oraculis,
3271 2690 3398 2738 tum
3427 2701 3492 2740 ex
3527 2685 3763 2756 propria

2107 2771 2495 2841 intelligentia
2514 2777 2571 2827 et
2591 2773 2928 2843 sagacitate,
2946 2772 3134 2844 magis
3157 2772 3464 2844 cognovit?
3487 2776 3764 2838 Quaenam

2107 2878 2313 2915 rursus
2333 2863 2530 2914 minus
2548 2859 2746 2916 locuta
2762 2867 2870 2927 est,
2888 2861 3275 2916 muliebribus
3296 2861 3530 2932 pietatis
3549 2860 3767 2918 finibus

2109 2967 2236 3005 sese
2266 2950 2617 3004 continens?
2647 2949 2800 3020 Jam,
2826 2951 2978 3020 quod
3017 2949 3282 3004 mulieris
3307 2954 3449 3020 erat,
3477 2968 3600 3021 quae
3633 2967 3765 3005 vere

2109 3038 2307 3109 pietati
2343 3039 2576 3093 studere
2606 3038 2868 3094 animum
2904 3038 3248 3103 induxisset,
3282 3043 3339 3093 et
3383 3039 3441 3092 in
3493 3056 3607 3109 quo
3641 3038 3764 3094 solo

2112 3128 2441 3181 satietatem
2477 3127 2698 3182 nescire
2723 3126 3064 3198 praeclarum
3098 3133 3211 3192 est,
3243 3144 3513 3198 quaenam
3545 3132 3631 3182 tot
3661 3129 3764 3182 do-

335 3215 522 3269 ἑαυτὸν
575 3216 687 3287 (98)
734 3219 814 3286 τῷ
862 3219 978 3286 Θεῷ
1034 3219 1203 3283 ζῶντα
1251 3213 1620 3290 παρέστησεν;
1670 3215 1758 3276 Τίς
1807 3213 1863 3269 δὲ
1910 3235 1991 3268 το-

2115 3217 2318 3284 uariis,
2349 3233 2480 3270 cum
2514 3216 2628 3272 alia
2657 3215 2898 3288 templa,
2930 3221 3056 3270 tum
3089 3216 3197 3270 hoc
3235 3233 3470 3290 quoque
3518 3217 3768 3282 ornavit,

333 3309 524 3358 σοῦτον
574 3300 818 3373 ἐδόξασεν
869 3303 1070 3378 ἱερέας,
1119 3300 1324 3364 ἄλλους
1369 3324 1427 3357 τε
1465 3304 1554 3356 καὶ
1595 3304 1686 3357 τὸν
1719 3306 1831 3375 (99)
1861 3303 1996 3358 ἐκεί-

335 3415 396 3465 νῃ
425 3395 522 3461 τῆς
559 3387 829 3453 εὐσεϐείας
876 3393 1282 3466 συναγωνιστὴν
1335 3392 1424 3446 καὶ
1458 3389 1808 3462 διδάσκαλον,
1842 3390 1904 3446 οὗ
1933 3392 1998 3446 τὰ

335 3479 479 3535 καλὰ
502 3477 783 3554 σπέρματα
813 3480 902 3534 καὶ
933 3483 967 3549 ἡ
1000 3482 1376 3556 καθιερωμένη
1408 3485 1516 3535 τῶν
1543 3481 1743 3535 τέκνων
1774 3485 1853 3552 τῷ
1884 3485 1999 3553 Θεῷ

344 3567 570 3642 συζυγία
597 3569 674 3641 (1)
701 3587 714 3635 ;

2111 3307 2264 3360 haud
2292 3308 2409 3359 scio
2433 3323 2506 3360 an
2534 3312 2665 3376 post
2689 3322 2817 3360 eam
2841 3305 3173 3360 ornandum
3197 3310 3252 3360 et
3285 3305 3720 3362 honestandum
3743 3306 3771 3359 ?

2107 3395 2240 3449 Jam
2274 3411 2406 3448 vero
2438 3412 2707 3465 quasnam
2742 3395 2984 3465 perinde
3007 3395 3156 3451 225
3194 3395 3450 3466 seipsam
3483 3397 3767 3466 templum

2109 3484 2301 3537 vivum
2336 3484 2450 3538 Deo
2481 3483 2791 3538 exhibuit?
2843 3489 3120 3549 Quaenam
3171 3484 3295 3554 pari
3328 3484 3547 3539 honore
3575 3501 3765 3538 sacer-

2109 3572 2276 3626 dotes
2307 3571 2607 3642 complexa
2637 3576 2744 3636 est,
2769 3587 3022 3642 eumque
3056 3572 3404 3643 praesertim,
3435 3587 3610 3642 quem
3643 3572 3765 3642 pie-

341 3658 481 3712 tatis
531 3658 990 3714 commilitonem
1042 3663 1099 3714 et
1153 3659 1505 3732 magistrum
1558 3659 1786 3728 habuit,
1837 3659 2028 3725 illum,
2085 3659 2352 3730 inquam,
2405 3660 2575 3730 cujus
2625 3659 2872 3732 pulchra
2923 3661 3151 3715 semina
3198 3665 3358 3727 sunt,
3393 3667 3444 3715 et
3476 3676 3580 3731 par
3613 3659 3765 3715 filio-

343 3763 473 3801 rum
505 3746 619 3803 Deo
664 3756 1090 3803 consecratum.

413 3863 509 3918 IB’.
545 3861 644 3923 Τίς
677 3859 733 3916 δὲ
759 3861 852 3916 τὸν
903 3863 1056 3916 οἷκον
1103 3863 1295 3932 ἑαυτῆς
1332 3860 1546 3936 μᾶλλον
1576 3860 1856 3936 προῦθηκε
1884 3868 2004 3924 τοῖς

345 3955 475 4017 ζῶσι
507 3950 642 4005 κατά
687 3952 815 4005 Θεὸν
863 3953 965 4023 (2),
1013 3952 1114 4019 τήν
1164 3949 1338 4020 καλήν
1379 3949 1622 4021 δεξίωσιν
1655 3953 1742 4005 καὶ
1776 3951 2003 4006 πλουτί-

349 4043 538 4106 ζουσαν
597 4041 723 4112 (3)ε
782 4039 878 4093 Καὶ
929 4038 958 4092 ὅ
1003 4039 1199 4094 τούτου
1255 4040 1439 4112 μεῖζόν
1500 4041 1633 4108 ἐστι,
1687 4041 1767 4102 τίς
1828 4040 2001 4102 οὕτως

342 4123 612 4196 ἐδεξιοῦτο
669 4131 738 4202 τῇ
788 4126 936 4182 αἰδοῖ
979 4128 1068 4184 καὶ
1116 4134 1231 4190 τοῖς
1277 4131 1413 4183 κατὰ
1451 4131 1579 4184 Θεὸν
1633 4125 1999 4202 διαϐήμασιη

341 4217 436 4269 Καὶ
469 4216 535 4269 τὰ
582 4215 670 4270 ἐπὶ
718 4216 956 4289 τούτοις,
1010 4217 1092 4280 τίς
1151 4218 1245 4290 μὲν
1291 4223 1411 4272 νοῦν
1464 4215 1658 4288 ἔδειξεν
1713 4221 2000 4273 ἀπαθέστε-

339 4325 428 4380 ρον
455 4303 504 4358 ἐν
536 4310 653 4368 τοῖς
683 4307 872 4361 πάθεσι
906 4308 1020 4381 (4);
1082 4305 1166 4369 τίς
1217 4305 1273 4362 δὲ
1326 4307 1765 4384 συμπαθεστέραν
1817 4310 2002 4383 ψυχὴν

334 4398 455 4453 τοῖς
502 4393 808 4466 κάμνουσι;
851 4396 936 4457 τίς
978 4401 1142 4470 χεῖρα
1190 4392 1575 4469 δαψιλεστέραν
1628 4402 1744 4458 τοῖς
1811 4394 1997 4471 δεομὲο

413 4576 528 4654 (89)
559 4571 844 4654 Ειξσεβείας
873 4577 973 4633 οὐκ
1002 4577 1172 4654 ἔστινἶ
1202 4580 1377 4637 Deest
1409 4579 1508 4635 οὐκ
1540 4583 1596 4637 iu
1633 4587 1771 4654 Reg.
1802 4584 1902 4654 hu,
1940 4585 1998 4638 in

340 4648 572 4725 duobus
598 4648 785 4725 (1011),,
819 4667 902 4706 or.
937 4654 989 4721 1,
1041 4659 1099 4709 et
1144 4653 1261 4708 Jes.
1296 4654 1646 4708 Scholiastes
1678 4648 2001 4725 (3611),,68-

336 4723 527 4796 tracto
556 4716 672 4789 οὐκ,
709 4727 909 4778 monet
954 4716 1039 4779 sic
1079 4725 1490 4796 interrogative
1523 4716 2000 4796 legendum'esse

337 4789 494 4867 hunc
517 4790 730 4867 locum,
766 4817 795 4843 ‹‹
820 4795 1196 4866 prudentiam
1219 4789 1413 4851 aut'em
1437 4801 1493 4850 et
1515 4789 1788 4867 pietatem
1814 4799 1995 4864 illius,

336 4865 500 4916 estne
533 4863 770 4958 aliquis,
803 4863 902 4938 qui
937 4867 1130 4923 verbis
1161 4867 1300 4922 ullis
1331 4863 1565 4939 assequi
1598 4870 1888 4958 possit?»

409 4933 521 4958 IM\
553 4932 623 4958 n1
671 4934 682 4954 9
720 4935 760 4958 ,ι
824 4944 937 4958 η--
991 4937 1066 4958 ι.--
1128 4938 1201 4958 Λα
1264 4941 1279 4958 ι
1351 4939 1439 4958 1-,
1541 4935 1594 4958 ’δ
1687 4939 1701 4958 ι

408 4933 522 5010 (90)
551 4932 682 5010 968’
714 4935 784 4991 oi.
819 4932 958 5010 Reg.
991 4937 1095 5008 hu,
1127 4938 1224 4994 Or.
1260 4941 1311 5007 1,
1343 4939 1463 5010 Jes.
1484 4932 1624 4992 ὀὐδὲ
1656 4939 1728 4994 οἱ.

407 5003 662 5128 ἓξῑὲΤῆς
696 5012 846 5078 μιᾶς.
879 5003 1018 5082 Reg.
1053 5003 1153 5080 hu,
1185 5003 1485 5078 τῆςάὖτῆς
1531 5015 1676 5082 μιᾶς,
1721 5035 1747 5060 α
1780 5029 1847 5066 ex
1879 5029 1998 5069 una

552 5117 564 5128 .
599 5100 621 5126 ι

339 5089 564 5130 eadem.
599 5100 621 5126 ι

405 5145 907 5224 (92)-Ἐποιοῦντον
947 5153 1117 5208 Deest
1164 5153 1223 5207 in
1278 5152 1418 5224 Reg.
1459 5153 1581 5220 bm,
1615 5152 1711 5208 Or.
1746 5155 1796 5222 1,
1831 5153 1994 5209 aliis-

335 5232 449 5286 que
481 5218 752 5288 pluribus
783 5223 1108 5280 codicibus.

405 5289 516 5367 (9‘3)
545 5289 605 5367 Τί
645 5288 734 5367 δέ.
788 5295 928 5367 Reg.
981 5296 1085 5364 hu,
1117 5299 1172 5350 et
1203 5295 1297 5350 Or.
1354 5292 1414 5346 Τί
1446 5290 1552 5349 δαί.
1588 5294 1719 5349 Mox
1749 5293 1988 5352 ἐκείνων.

339 5357 506 5414 Forte
545 5359 774 5424 ἐκείνης.

543 5401 911 5511 ρίκειότατον.
947 5438 1128 5511 Regg.
1161 5438 1283 5511 bni,
1327 5436 1429 5503 hu,
1463 5435 1569 5511 0r_._
1593 5438 1644 5502 1,
1680 5433 1986 5496 ἰδιώτατον.

545 5505 879 5584 Γυναικείοις
965 5498 1386 5584 Ξὶδᾷυριθΐὶᾁυεξ
1416 5498 1693 5584 codices,
1726 5517 1806 5584 _e't
1867 5513 1990 5584 ipse

330 5569 558 5650 Billius.
619 5577 772 5632 Editi
804 5585 1002 5635 tamen
1061 5569 1582 5651 habent‘oixsiom,
1653 5569 1986 5640 «domesti-

333 5657 439 5698 018.
476 5666 506 5693 ››

402 5713 515 5789 (96)
543 5714 643 5772 Καὶ
671 5717 788 5775 τόν.
840 5742 870 5772 ι(
901 5722 971 5778 Et
1016 5722 1175 5779 istud
1209 5743 1240 5772 »
1286 5721 1342 5776 Si
1393 5720 1515 5776 haec
1544 5724 1729 5780 oratio
1757 5726 1989 5783 Arianxi

2185 3865 2301 3920 XII.
2324 3868 2600 3930 Quaenam
2621 3866 2862 3920 domum
2883 3882 3050 3920 suam
3076 3864 3188 3937 piis
3211 3865 3555 3920 hominibus
3578 3865 3774 3936 magis

2116 3955 2440 4025 proposuit,
2505 3952 2833 4024 pulchram,
2895 3953 3159 4024 inquam,
3220 3954 3643 4025 exceptionem,
3705 3971 3772 4008 ac

2113 4043 2350 4097 divitias
2405 4043 2864 4097 conciliantemi’
2910 4043 2999 4106 Et,
3052 4044 3206 4116 quod
3242 4047 3333 4098 est
3377 4044 3772 4115 praestantius,

2115 4149 2384 4204 qurenam
2419 4132 2662 4203 pudore,
2697 4149 2761 4186 ac
2813 4135 2922 4188 Deo
2972 4132 3158 4205 gratis
3207 4132 3537 4187 incessibus
3571 4148 3771 4186 occur-

2113 4222 2313 4290 rendo,
2339 4237 2437 4276 eos
2467 4221 2550 4276 ita
2579 4222 2951 4293 excipiebat?
2982 4223 3257 4287 Quaenam
3293 4226 3570 4292 praeterea
3600 4227 3762 4275 tran-

2113 4309 2444 4380 quilliorem
2467 4310 2526 4363 in
2548 4309 2983 4366 calamitatibus
3005 4316 3258 4366 mentem
3288 4309 3581 4382 pratulit‘?
3601 4309 3763 4372 Quaa—

2113 4415 2249 4454 nam
2300 4415 2507 4454 rursus
2557 4401 2820 4454 animum
2874 4400 2941 4454 ad
2993 4417 3217 4470 eorum,
3261 4399 3362 4470 qui
3395 4397 3802 4465 laborabant,’

2033 4590 2076 4652 ι)
2110 4580 2309 4636 habita
2339 4585 2447 4648 est,
2483 4597 2596 4653 non
2629 4586 2782 4636 certe
2812 4582 3241 4638 Nazianzenum
3276 4581 3559 4653 templum
3591 4580 3767 4635 intel-

2112 4653 2243 4723 ligit
2278 4651 2610 4723 Gregorius,
2644 4657 2709 4706 ut
2739 4653 2865 4707 vult
2896 4655 3069 4709 Elias.

2205 4726 2294 4792 97)
2327 4720 2460 4776 Οἶδῆ
2497 4723 2632 4795 Reg.
2671 4725 2787 4792 bm,
2825 4726 2922 4791 hu,
2959 4726 3052 4780 0r.
3089 4727 3139 4790 1,
3174 4727 3289 4779 Jes.
3320 4719 3462 4777 οἶδα.

2111 4791 2291 4922 3(98)
2323 4793 2558 4849 'Ezutév.
2583 4791 2931 4866 'Legendum
2966 4797 3213 4863 videtur,
3247 4795 3465 4862 ἑαυτήν.
3499 4793 3592 4848 Sic
3623 4791 3765 4865 legit

2163 4886 2173 4920 ι
2231 4884 2343 4921 ius.

2163 4884 2343 4921 llllUS.

2180 4939 2291 5011 (99)
2326 4935 2566 5011 Καῖᾐτόν,
2600 4942 2708 4993 etc.
2745 4939 2798 4993 Is
2834 4938 3156 5011 spiritualis
3193 4939 3357 4994 Pater
3379 4953 3448 5011 ac
3468 4933 3762 5011 magister

2107 5007 2216 5083 fuit
2248 5009 2582 5078 Faustinus,
2622 5015 2763 5066 tunc
2805 5007 2983 5066 Iconii
3014 5012 3346 5083 episcopus.
3379 5007 3524 5062 Vide
3553 5007 3758 5064 Monit.

2107 5083 2167 5136 in
2201 5081 2353 5134 hanc
2385 5086 2555 5151 orat.,
2592 5100 2650 5137 n.
2683 5099 2768 5137 ιιι.

2177 5153 2252 5222 (1)
2287 5151 2539 5222 Συζυγία.
2582 5176 2600 5201 α
2634 5157 2744 5208 Par
2775 5170 3009 5209 sacrum
3043 5153 3320 5217 filiorum,
3353 5174 3379 5200 »
3414 5150 3469 5204 id
3503 5155 3610 5219 est,
3646 5151 3764 5222 duo

2105 5223 2405 5295 Gorgonis:
2441 5221 2562 5290 iilii,
2588 5225 2686 5294 qui
2708 5226 2966 5296 episcopi
2988 5225 3355 5296 fuere,juxta
3389 5222 3593 5277 Eliam.
3621 5221 3766 5280 Vide

2104 5301 2255 5350 Mon.
2292 5311 2348 5348 n.
2389 5311 2445 5347 ιι.

2174 5369 2407 5440 (2)]οῖς
2443 5367 2572 5432 ζῶσι
2603 5366 2738 5440 κατᾷ
2765 5365 2915 5440 Θεόν.
2966 5368 3061 5422 Sic
3109 5368 3249 5440 Reg.
3302 5366 3404 5429 hu,
3456 5365 3553 5420 0r.
3609 5366 3658 5434 1,
3708 5369 3767 5420 et

2104 5440 2222 5494 Jes.
2261 5438 2430 5492 Editi.
2464 5441 2578 5495 τοῖς
2609 5437 2744 5490 κατά
2775 5437 2902 5491 Θεὸν
2929 5441 3080 5504 ζῶσι.

2174 5511 2248 5581 (3)
2283 5506 2702 5575 Πλουτίζουσαν.
2729 5509 3042 5581 Gregorius
3072 5511 3167 5565 hic
3196 5510 3337 5565 mihi
3371 5508 3618 5581 videtur,
3643 5523 3756 5561 non

2100 5606 2128 5632 «
2164 5577 2468 5654 ditantem,
2508 5603 2532 5628 η
2573 5581 2671 5654 sed
2713 5577 3024 5654 «largam,
3058 5582 3380 5650 liberalem,
3412 5577 3756 5634 muniﬁcam

2101 5653 2502 5724 exceptionem
2541 5673 2560 5724 ιι
2617 5653 2968 5724 signiﬁcare.

2172 5722 2261 5796 (4)
2285 5722 2500 5786 Πάθεσι.
2534 5722 2710 5779 (10181.
2745 5726 2800 5796 1,
2841 5727 3150 5800 παθήμασι.
