4070 6412
338 427 454 490 805

956 426 1251 487 ORATIO
1296 426 1457 487 VIII.
1489 423 1670 486 -ΙΝ
1716 423 2044 488 LAUDEM
2089 427 2422 490 SORURIS
2469 431 2646 492 SUIE
2691 433 3138 499 GORGONIJE.

3636 450 3754 508 806

337 565 442 614 τῶν
475 560 683 628 καλῶν,
712 564 810 613 τοῦ
843 555 899 612 δὲ
927 562 991 627 ἦν
1030 557 1198 628 ζῆλος
1229 577 1241 590 ·
1274 560 1362 613 καὶ
1391 559 1476 646 τὸ,
1500 560 1592 631 μὶν
1636 555 1776 634 εὗρε,
1823 557 1886 646 τὸ
1935 552 1990 646 δὲ

2108 565 2389 633 vagante;
2443 561 2535 620 his
2585 565 2824 636 inquam
2874 565 3151 627 omnibus
3183 573 3376 646 rebus,
3411 583 3511 633 aut
3540 581 3751 637 harum

336 649 595 720 ἐνίκησεν.
631 647 726 703 Καῖ
755 647 800 703 εἰ
831 647 948 711 καθ’
994 644 1047 702 ἓν
1095 669 1145 703 τι
1194 648 1398 703 τούτων
1451 645 1580 724 ἔσχε
1623 649 1686 703 τὸ
1735 645 1990 721 ἁμιλλώ-

343 758 500 812 μενον
536 741 670 812 (20),
704 736 848 792 ἀλλὰ
868 739 947 808 τῷ
976 757 1038 811 γε
1073 736 1168 810 μία
1201 740 1314 811 (21)
1340 739 1407 793 τὰ
1454 739 1626 792 πάντα
1673 732 1988 809 συλλαϐεῖν,

334 826 547 881 πάντων
617 824 927 902 ἐκράτησεν.
991 825 1149 882 Οὕτω
1202 826 1294 898 μὲν
1357 829 1424 882 τά
1478 829 1651 882 πάντα
1707 827 1988 902 κατορθώ-

335 935 487 985 σασα,
521 915 595 977 ὡς
628 912 802 976 οὐδεὶς
835 915 947 987 (22)
977 911 1150 976 ἄλλος
1182 912 1234 969 ἕν
1281 916 1367 970 καὶ
1422 915 1656 992 μετρίως
1682 935 1694 947 ·
1747 911 1891 969 οὕτω
1944 910 1990 968 δ’

335 1005 409 1066 εἰς
443 1005 608 1079 ἄκρον
657 999 903 1074 ἕκαστον,
956 1001 1095 1058 ὥστε
1144 1003 1231 1058 καὶ
1271 1005 1386 1059 ἀντὶ
1417 1007 1630 1061 πάντων
1662 1000 1716 1060 ἓν
1751 1003 1988 1078 ἐξαρκεῖν

334 1091 423 1147 καὶ
460 1093 640 1165 μόνον.

2104 648 2317 721 aliqua,
2339 653 2609 722 quisnam
2633 656 2890 711 virorum
2918 663 3017 712 aut
3041 658 3350 718 mulierum
3375 671 3481 736 est,
3503 670 3601 740 qui
3626 687 3754 726 eam

2104 756 2137 794 ιι
2166 755 2228 794 se
2255 751 2592 812 superatam
2617 762 2747 800 esse
2770 745 3005 818 gloriari
3031 752 3246 820 queat?
3276 753 3353 808 Ac
3383 757 3453 809 de
3485 758 3611 828 ipsa
3641 778 3755 816 non

2103 827 2304 883 minus
2325 846 2454 885 vere
2476 850 2651 903 quum
2685 836 2994 906 magniﬁce
3026 841 3322 908 praedicari
3358 827 3567 914 potest,
3602 849 3756 919 quod

2101 917 2385 972 virtutum
2420 919 2565 976 alias
2597 922 2827 979 imitata
2858 926 2954 997 sit,
2978 927 3228 984 aliarum
3263 933 3594 1006 exemplum
3628 938 3757 994 fue-

2104 1005 2180 1060 rit
2211 1021 2222 1059 :
2257 1011 2432 1078 atque
2461 1007 2605 1066 alias
2637 1015 2870 1084 quidem
2906 1016 3212 1085 invenerit,
3247 1020 3392 1077 alias
3425 1005 3618 1080 autem
3652 1044 3757 1083 su-

2103 1096 2408 1164 peraverit.
2443 1099 2513 1153 Et
2565 1105 2629 1155 ut
2679 1104 2964 1173 quosdam
3020 1105 3202 1162 fuisse
3243 1109 3474 1181 demus,
3508 1114 3607 1186 qui
3641 1133 3758 1171 una

335 1183 533 1254 aliqua
561 1181 775 1238 virtute
805 1197 938 1238 cum
972 1183 1102 1255 ipsa
1144 1186 1581 1253 centenderent,
1629 1190 1688 1241 at
1735 1185 1844 1240 hoc
1878 1182 2030 1239 certe
2062 1183 2298 1238 nomine
2328 1202 2532 1243 omnes
2565 1189 2719 1256 vicit,
2753 1193 2907 1263 quod
2940 1211 3059 1250 una
3087 1197 3330 1254 virtutes
3361 1217 3564 1258 omnes
3596 1221 3756 1260 com-

333 1271 501 1344 plexa
530 1271 626 1327 sit.
660 1273 755 1327 Sic
786 1269 941 1327 enim
975 1271 1173 1328 omnia
1202 1275 1492 1346 prastitit,
1524 1280 1587 1330 ut
1635 1292 1708 1330 ne
1749 1270 2119 1329 mediocriter
2157 1272 2394 1343 quidem
2437 1294 2621 1332 unum
2683 1282 2996 1353 quisquam
3056 1284 3204 1342 alius
3237 1305 3250 1341 :
3306 1289 3390 1346 sic
3438 1297 3634 1348 autem
3682 1293 3755 1350 ad

334 1373 637 1417 summum
672 1354 927 1432 singula,
963 1365 1026 1416 ut
1055 1361 1140 1416 vel
1174 1378 1358 1418 unum
1393 1364 1584 1419 solum
1626 1380 1728 1435 pro
1759 1360 2035 1418 omnibUs
2067 1359 2300 1416 abunde
2330 1365 2644 1422 sufficeret.

407 1449 601 1503 1Δ’.Ὣ
673 1452 901 1520 πιναροῦ
975 1448 1228 1520 σώματος
1299 1449 1389 1502 καὶ
1448 1447 1768 1522 ἐνδύματος,
1823 1449 1986 1523 ἀρετῇ

340 1536 502 1609 μόνον
539 1531 826 1597 ἀνθοῦντος
863 1537 874 1590 l
927 1535 992 1589 Ὤ
1036 1539 1220 1612 ψυχῆς
1273 1533 1668 1613 διακρατούσης
1711 1539 1772 1593 τὸ
1805 1543 1986 1612 σῶμα,

333 1621 422 1679 καὶ
475 1623 606 1699 δίχα
648 1630 855 1700 τροφῆς
906 1623 1124 1700 σχεδὸν,
1183 1623 1362 1701 ὣσπερ
1408 1624 1610 1684 ἅϋλονῐ
1668 1627 1878 1702 μᾶλλον
1933 1625 1990 1684 δὲ

334 1709 591 1784 σώματος
628 1711 957 1787 βιασαμένου
989 1715 1322 1790 νεκρωθῆναι
1353 1714 1441 1769 καὶ
1483 1718 1587 1793 πρὸ
1627 1721 1726 1786 τῆς
1778 1715 1987 1787 διαζεύ-

333 1802 486 1873 ξεως,
514 1799 588 1855 τίν’
619 1803 725 1874 (33)
768 1799 1072 1874 ἐλευθερίαν
1125 1799 1268 1876 λάϐῃ
1313 1806 1489 1879 ψυχὴ,
1541 1806 1630 1860 καὶ
1684 1808 1757 1878 μή
1813 1828 1986 1883 παρα-

331 1887 623 1960 ποδίζηται
670 1895 787 1951 ταῖς
842 1890 1185 1960 αἰσθήσεσινί
1237 1895 1303 1946 ’Ώ
1351 1897 1554 1948 νυκτῶν
1599 1896 1840 1966 ἀΰπνων,
1898 1896 1987 1951 καὶ

2170 1449 2310 1505 XIV.
2345 1452 2388 1508 0
2419 1455 2758 1525 squalidum
2803 1478 3035 1533 corpus,
3089 1467 3144 1519 et
3196 1467 3603 1526 indumentum
3638 1475 3750 1529 vir-

2099 1544 2222 1594 tute
2244 1541 2370 1596 sola
2394 1546 2633 1600 ﬂorens!
2656 1549 2699 1602 Ο
2718 1551 2997 1617 animam,
3025 1570 3235 1627 corpus
3260 1574 3404 1628 pene
3426 1561 3600 1615 etiam
3626 1562 3753 1618 sine

2101 1630 2248 1702 cibo,
2302 1633 2460 1689 velut
2518 1639 2772 1693 materiae
2821 1657 3047 1714 expers,
3100 1647 3487 1706 retinentem!
3532 1652 3644 1720 vel,
3688 1661 3756 1710 ut

2101 1717 2315 1778 rectius
2341 1721 2569 1796 loquar,
2596 1743 2627 1781 ο
2659 1744 2891 1800 corpus,
2918 1732 3092 1788 etiam
3117 1740 3252 1790 ante
3274 1738 3753 1811 disjunctionem,

2100 1810 2246 1864 mori
2285 1817 2574 1879 coactum,
2608 1821 2671 1870 ut
2701 1819 2901 1874 anima
2932 1819 3261 1879 libertatem
3298 1829 3754 1902 nancisceretur,

2100 1915 2205 1953 nec
2249 1917 2283 1955 a
2325 1904 2600 1959 sensibus
2632 1905 3036 1978 impedimenti
3070 1914 3393 1986 quidquam
3429 1920 3752 1992 acciperet!

333 1973 684 2052 ψαλμῳδίας,
725 1974 814 2032 καὶ
849 1981 1082 2043 στάσεως
1125 1980 1173 2054 ἐξ
1206 1980 1418 2058 ἡμέρας
1469 1983 1544 2046 εἷς
1594 1984 1800 2062 ἡμέραν
1853 1986 1990 2040 ἀπο-

2718 1973 2736 1978 _
3087 1973 3100 1982 _
3234 1973 3253 1986 ι
3513 1973 3516 1974 ,
3554 1973 3582 1992 τ
3604 1973 3646 1976 __
3665 1973 3714 1977 _-
3743 1973 3752 1976 -

2108 1987 2144 2041 0
2176 1993 2374 2045 noctes
2399 1990 2722 2063 insomnes,
2747 2005 2804 2051 et
2833 2000 3198 2070 psalmorum
3223 2011 3450 2072 cantus,
3475 2013 3531 2062 et
3552 2011 3756 2066 statio-

336 2066 622 2142 ληγούσης
655 2070 664 2123 l
700 2072 765 2121 ’Ώ
797 2063 984 2137 Δαϐἶδ,
1029 2074 1147 2131 ταῖς
1190 2077 1406 2134 πισταῖς
1459 2072 1622 2146 μόνον
1672 2079 1874 2150 ψυχαῖς
1924 2075 1987 2130 οὐ

339 2158 519 2234 μακρὰ
570 2153 931 2230 μελῳδήσαςί
985 2164 1050 2211 Ὤ
1110 2157 1290 2230 μελῶν
1351 2159 1697 2232 ἀπαλότητος
1756 2164 1842 2219 ἐπὶ
1885 2171 1987 2240 γῆς

338 2243 703 2322 ἐρριμμένων,
733 2246 822 2300 καὶ
854 2247 1000 2321 παρᾶ
1027 2248 1123 2315 τὴν
1155 2248 1310 2326 φύσιν
1361 2251 1784 2326 τραχυνομένων
1837 2255 1986 2326 (24)ί

339 2341 404 2390 ’Ώ
453 2336 623 2410 πηγαὶ
674 2332 919 2410 δακρύων
970 2337 1341 2412 σπειρομένων
1393 2339 1452 2394 ἐκ
1500 2341 1762 2415 θλίψεως,
1805 2341 1876 2396 τίν’
1936 2343 1987 2397 ἐν

318 2425 657 2501 ,ἀγαλλιάσει
707 2427 967 2501 θερίσαιεν
1015 2431 1174 2500 (25)!
1228 2431 1293 2484 Ὦ
1345 2432 1480 2507 βοῆς
1536 2441 1846 2510 νυκτερινῆς
1910 2457 1990 2488 νε-

341 2513 508 2591 φέλας
559 2511 944 2590 διερχομένης,
1001 2516 1088 2570 καὶ
1148 2519 1455 2596 φθανούσης
1512 2521 1651 2598 πρὸς
1707 2524 1798 2579 τὸν
1827 2523 1994 2600 οὖρά-

344 2624 457 2657 νιον
492 2604 642 2673 (26)!
673 2605 736 2657 Ὦ
781 2604 1118 2679 θερμότητος
1166 2609 1277 2681 (27)
1332 2605 1660 2684 πνεύματος,
1690 2616 1860 2668 κυνῶν
1892 2633 1990 2668 κα-

338 2687 706 2764 τατολμώσης
765 2695 1086 2768 νυκτερινῶν
1148 2693 1217 2749 δι’
1294 2695 1580 2773 ἐπιθυμίαν
1640 2701 1834 2778 εὐχῆς,
1901 2704 1991 2760 καὶ

336 2787 584 2858 κρυμῶν,
629 2783 717 2836 καὶ
769 2784 957 2854 ὑετῶν,
1013 2786 1101 2838 καὶ
1137 2787 1401 2861 βροντῶν,
1449 2791 1538 2845 καὶ
1572 2790 1843 2867 χαλάζης,
1901 2791 1990 2849 καὶ

340 2867 574 2944 ἀωρίαςῐ
625 2873 691 2924 Ὤ
734 2872 1010 2944 γυναικεία
1061 2873 1218 2951 φύσις
1266 2879 1364 2944 τὴν
1430 2876 1673 2955 ἀνδρείαν
1731 2885 1992 2953 νικήσασα

342 2955 431 3012 διὰ
478 2959 566 3012 τὸν
625 2962 806 3014 κοινὸν
864 2961 1045 3036 ἀγῶνα
1099 2969 1198 3031 τῆς
1259 2967 1555 3042 σωτηρίας,
1615 2970 1702 3024 καὶ
1737 2972 1990 3045 σώματος

341 3043 598 3122 διαφοράν
636 3045 696 3100 οὐ
744 3051 930 3122 ψυχῆς
977 3051 1039 3104 τὸ
1089 3050 1229 3118 θῆλυ
1275 3054 1362 3107 καὶ
1409 3057 1470 3109 τὸ
1503 3055 1656 3133 ἄρρεν
1691 3059 1988 3136 ἐΛέγξασαῘ

340 3136 404 3189 Ὤ
452 3141 551 3204 τῆς
605 3135 737 3207 μετᾶ
786 3135 1012 3213 λουτρὸν
1057 3143 1164 3212 (28)
1213 3141 1444 3217 ἁγνείας,
1495 3147 1584 3201 καί
1628 3155 1726 3218 τῆς
1772 3135 1990 3230 νύμφης

339 3229 571 3298 Χριστοῦ
621 3228 804 3300 ψυχῆς
857 3227 907 3280 ἐν
953 3234 1171 3302 καθαρῷ
1218 3238 1463 3309 νυμφῶνι
1508 3239 1586 3308 τῷ
1636 3238 1847 3312 σώματι
1881 3241 1892 3297 l
1927 3239 1991 3296 Ὤ

336 3313 503 3386 πικρά
544 3318 748 3388 γεῦσις,
800 3316 888 3368 καὶ
942 3313 1048 3371 Εὕα
1109 3326 1280 3392 μῆτερ
1330 3323 1419 3376 καὶ
1463 3325 1652 3399 γένους
1702 3328 1990 3406 καὶάμαρ-
2021 3352 2066 3420 C

374 3402 385 3420 I
595 3403 608 3420 \
668 3398 692 3419 Ἰ
855 3402 873 3420 ς
909 3407 918 3420 I
1115 3407 1127 3420 ι
1179 3411 1200 3420 Α
1225 3409 1234 3420 ι
1468 3417 1493 3420 μ
1553 3413 1565 3420 .
1648 3416 1655 3420 .
1811 3419 1822 3420 γ

333 3402 472 3472 τίας,
521 3403 611 3456 καὶ
665 3398 755 3481 tiret
809 3402 983 3459 πλάνε
1039 3407 1129 3461 καὶ
1177 3409 1382 3481 θάνατε,
1429 3417 1497 3487 τῇ
1550 3413 1756 3488 ἐκείνης
1806 3419 1998 3495 έγκραι

334 3489 451 3560 τείᾳ
500 3493 612 3565 (29)
660 3493 1019 3566 νενικημέναῐ
1068 3498 1132 3551 Ὠ
1185 3500 1420 3575 Χριστοῦ
1468 3502 1709 3579 κένωσις,
1742 3508 1831 3563 καὶ
1865 3509 1994 3573 δού-

336 3581 436 3632 λου
491 3579 696 3657 μορφὴ,
751 3588 840 3636 καὶ
890 3587 1204 3658 παθήματα,
1235 3593 1303 3662 τῇ
1337 3589 1544 3663 ἐκείνης
1576 3597 1834 3671 νεκρώσεί
1864 3623 1998 3656 τετι-

344 3688 418 3737 μη
431 3668 564 3738 μένα
589 3670 600 3722 l

411 3845 642 3902 ΙΕ’.“ὩῙ
699 3853 816 3910 πῶς
865 3850 898 3916 ἢ
955 3854 1436 3931 καταγιθμήσομαι
1490 3862 1602 3930 (30)
1660 3859 1726 3917 τά
1784 3865 1994 3936 ἐκείνης

340 3935 633 4004 ἅπαντα,ἣ
687 3937 752 3991 τά
796 3938 858 3991 π)
877 3940 969 3992 είω
1017 3947 1205 4017 παρεῖς
1259 3952 1333 4016 μή
1381 3950 1646 4020 ζημιώσω
1675 3952 1804 4015 τοὺς
1834 3956 1994 4030 ἀγνο-

342 4028 568 4092 civ-cx;
621 4025 798 4081 Ἀλλά
859 4049 951 4100 μοι
1005 4031 1168 4086 καλὸν
1216 4031 1324 4104 ἤδη
1372 4045 1688 4112 προσθεῖναι
1737 4046 1847 4118 (31)
1882 4025 1994 4116 ⁷τῆς

344 4108 611 4174 εὐσεϐείας
643 4114 731 4168 καὶ
778 4117 845 4170 τά
895 4119 1181 4196 ἐπίχειρα·
1241 4123 1330 4177 καὶ
1378 4125 1478 4202 γάρ
1529 4150 1620 4201 μοι
1669 4133 1856 4187 ποθεῖν
1889 4134 1995 4189 πά-

344 4200 431 4254 λαι
495 4199 702 4258 δοκεῖτε
753 4206 840 4259 καὶ
903 4212 1080 4277 ζητεῖν
1133 4209 1184 4264 ἐν
1237 4217 1316 4284 τῷ
1367 4213 1535 4291 λόγῳ,
1587 4219 1640 4272 oi.
1687 4222 1754 4276 τὰ
1784 4222 1994 4295 ἐκείνης

337 4287 521 4352 καλῶς
575 4291 798 4366 εἰδότες,
852 4295 913 4350 οὐ
965 4297 1031 4352 τὰ
1081 4301 1324 4374 παρόντα
1376 4304 1560 4378 μόνον,
1617 4305 1742 4364 οὐδὲ
1789 4313 1871 4374 οἷς
1904 4317 1992 4367 νῦν

334 4379 530 4434 ἐκεῖθεν
571 4381 895 4457 ἀγάλλεται,
956 4385 986 4441 ἃ
1017 4387 1244 4460 κρείττω
1290 4393 1378 4446 καὶ
1414 4390 1671 4469 διανοίας,
1701 4400 1790 4453 καὶ
1822 4400 1995 4472 ἀκοῆς

338 4463 705 4540 ἀνθρωπίνης,
755 4471 843 4524 καὶ
896 4467 1095 4547 ὅψεως,
1145 4475 1292 4532 ἀλλὰ
1328 4481 1416 4534 καὶ
1450 4487 1532 4544 οἷς
1558 4482 1792 4541 ἐντεῦθεν
1825 4490 1992 4559 αὐτὴν

335 4554 362 4605 ὁ
416 4549 623 4618 δίκαιος
685 4559 1092 4632 μισθαποδότης
1154 4566 1467 4640 ἠμείψατο·
1528 4570 1641 4626 ἐπεὶ
1700 4576 1992 4633 καὶτοῦτο

333 4647 483 4695 ποιεῖ
510 4643 782 4709 πολλάκις
833 4649 907 4711 εἷς
941 4649 1241 4727 οἰκοδομὴν
1269 4663 1376 4712 τῶν
1419 4660 1680 4732 ἀπίστων,
1730 4671 1848 4728 τοῖς
1900 4690 1990 4742 μι-

331 4737 487 4807 κροῖς
515 4733 582 4786 τὰ
614 4732 828 4811 μεγάλα
857 4741 1243 4816 πιστούμενος,
1271 4749 1361 4801 καὶ
1409 4755 1527 4810 τοῖς
1576 4751 1876 4827 ὁρωμένοις
1900 4732 1992 4813 ,τὰ

402 4841 447 4874 ’⁵
478 4839 630 4899 Psal.
663 4862 829 4918 cxxv,
861 4850 915 4905 5.

404 4956 517 5028 (20)
547 4957 615 5010 Τὸ
636 4958 1289 5052 ἐμιλλῴμενον.οῆιῖεε.
1341 4973 1462 5052 hm,
1514 4974 1614 5044 hu,
1673 4977 1764 5030 τὸν
1818 4979 1992 5052 ἅμιλ-

333 5026 516 5114 κιωμσν
527 5049 598 5114 ονἷ
613 5026 810 5114 [Cois]:
848 5026 1037 5114 1ξ-τῶν
1074 5026 1510 5114 ᾁμιλλυωμένωῖν.

401 5100 512 5182 (21)
552 5101 678 5158 Μία.
741 5106 833 5161 Sic
890 5100 1034 5182 Reg.
1097 5100 1199 5181 hu,
1249 5100 1344 5170 0r.
1398 5122 1454 5171 et
1502 5117 1761 5176 Combef.
1813 5122 1990 5195 Editi,

675 5244 874 5309 οὐδείς.
926 5252 1019 5308 Sic
1051 5255 1190 5328 Heg.
1240 5257 1341 5329 hu,
1393 5264 1451 5316 et
1496 5260 1668 5316 Coisl.
1705 5262 1754 5317 1.
1789 5263 1895 5319 Ed.
1929 5255 2016 5325 ὅς’

541 5385 653 5463 Ἐν.
698 5387 839 5462 Reg.
877 5394 976 5463 hu,
1018 5393 1130 5452 'ivu.

554 5457 1017 5534 Τραχυνξμένων.
1069 5492 1097 5520 ‹‹
1132 5471 1462 5528 Horrentia.
1499 5495 1526 5522 ›)

324 5602 348 5651 t
400 5527 510 5596 (25)
542 5527 839 5600 Θιέρίσξκιεν⁸
902 5539 1076 5596 COiSI.
1135 5545 1186 5609 1,
1249 5527 1559 5618 Θερισθεῖεν,
1625 5567 1651 5595 ‹‹
1698 5553 1990 5606 metaren-

353 5613 440 5651 ur.
477 5621 505 5647 ))

396 5669 510 5740 (26)
546 5669 684 5760 Τδνη
704 5670 986 5760 οέράνιᾳν.
1045 5681 1188 5758 Reg.
1239 5684 1323 5742 hu
1372 5685 1546 5745 Coisl.
1597 5689 1650 5758 1,
1700 5688 1859 5745 αὐτὸν
1904 5690 1993 5745 οό-

323 5740 533 5815 ράνιον,
581 5764 609 5793 ‹‹
643 5740 871 5805 ΟωΙὶιω
903 5740 1188 5824 iplum.us

2101 2093 2235 2132 nem
2267 2095 2335 2133 ex
2363 2079 2455 2135 die
2491 2081 2545 2136 in
2574 2083 2722 2139 diem
2762 2088 3104 2156 productam
3133 2094 3142 2146 !
3181 2093 3224 2146 Ο
3258 2094 3454 2166 David,
3479 2114 3655 2168 quam
3689 2105 3754 2154 tu

2102 2165 2215 2236 piis
2247 2169 2530 2226 duntaxat
2561 2172 2871 2230 animabus
2905 2177 3062 2233 haud
3107 2180 3327 2250 prolixe
3357 2165 3617 2242 ceCinisti
3645 2187 3655 2240 ι
3710 2188 3754 2243 0

2102 2259 2304 2312 tenera
2326 2260 2591 2315 membra
2621 2261 2786 2316 humi
2820 2269 3130 2335 prostrata,
3156 2286 3222 2323 ac
3253 2277 3460 2340 praeter
3481 2277 3754 2331 naturam

2106 2361 2232 2401 sese
2263 2350 2703 2420 exasperantial
2757 2352 2799 2407 0
2832 2353 3225 2426 lacrymarum
3260 2358 3471 2428 fontes,
3507 2380 3638 2434 quae
3685 2381 3756 2420 ex

2104 2433 2419 2489 afﬂictione
2452 2439 2915 2512 seminabantur,
2950 2447 3014 2496 ut
3055 2442 3115 2498 in
3148 2433 3539 2505 exsultatione
3568 2456 3753 2507 mete-

2105 2522 2318 2577 rent"!
2345 2525 2387 2578 0
2408 2531 2759 2583 nocturnum
2784 2529 3100 2586 clamorem
3121 2535 3306 2590 nubes
3330 2543 3751 2612 penetrantem,

2105 2619 2277 2683 atque
2300 2614 2368 2668 ad
2395 2619 2576 2670 Deum
2610 2619 3056 2688 pervadenteml
3094 2621 3137 2676 Ο
3167 2621 3410 2694 spiritus
3444 2625 3748 2696 fervorem,

2105 2701 2176 2754 ob
2209 2703 2488 2758 orationis
2520 2705 2898 2773 desiderium,
2940 2726 3044 2764 nec
3075 2728 3247 2765 canes
3278 2720 3616 2779 nocturnos,
3649 2734 3754 2772 nec

2104 2789 2338 2861 frigora,
2377 2809 2478 2848 nec
2508 2793 2748 2861 imbres,
2784 2813 2888 2851 nec
2940 2799 3214 2866 ‘ouitrua,
3250 2818 3353 2856 nec
3383 2805 3752 2875 grandinem,

2106 2895 2209 2933 nec
2239 2882 2507 2936 tenebras
2555 2883 3008 2941 formidantem!
3063 2888 3105 2943 Ο
3157 2889 3473 2945 femineum
3526 2909 3750 2960 sexum,

2105 2966 2203 3038 qui
2242 2974 2474 3041 propter
2504 2987 2814 3028 commune
2853 2975 3000 3030 227
3054 2976 3262 3033 salutis
3292 2985 3586 3037 certamen
3617 2983 3754 3036 viri-

2103 3055 2216 3112 lem
2241 3075 2442 3113 sexum
2468 3063 2967 3134 superasti,atque
2987 3064 3130 3120 illud
3159 3069 3544 3140 conspicuum
3568 3072 3755 3127 fecisti

2105 3147 2438 3202 masculum
2469 3155 2526 3204 et
2557 3151 2856 3219 feminam,
2883 3155 3163 3225 corporis,
3201 3174 3313 3211 non
3350 3157 3488 3213 item
3522 3160 3754 3225 animae,

2104 3235 2419 3292 discrimen
2453 3239 2618 3293 esse!
2672 3244 2716 3294 0
2769 3247 2900 3312 post
2930 3243 3292 3316 baptismum
3324 3247 3674 3316 castitatem,
3707 3253 3764 3304 et

2108 3341 2387 3397 sponsam
2406 3327 2622 3383 Christi
2643 3330 2904 3385 animam
2931 3331 2988 3386 in
3015 3351 3158 3404 puro
3184 3336 3443 3406 corporis
3466 3339 3759 3395 thalamo!

2108 3413 2150 3469 Ο
2201 3433 2468 3472 amarum
2501 3424 2764 3489 gustum,
2800 3425 2857 3474 et
2907 3425 3101 3487 Evam,
3136 3428 3260 3477 tum
3291 3425 3522 3496 generis
3555 3429 3761 3495 nostri,

2106 3510 2231 3560 tum
2267 3505 2486 3578 peccati
2521 3512 2789 3574 matrem,
2825 3514 2881 3562 et
2913 3509 3291 3581 impostorem
3326 3520 3675 3584 serpentem,
3711 3524 3758 3571 et

2110 3599 2376 3662 mortem,
2407 3594 2571 3650 illius
2602 3595 2963 3652 continentia
2993 3599 3306 3669 superata!
3342 3600 3384 3655 Ο
3416 3602 3630 3659 Christi
3663 3621 3764 3659 ex-

2105 3683 2514 3751 inanitionem,
2543 3688 2600 3738 et
2630 3684 2780 3738 servi
2820 3685 3092 3756 formam,
3125 3693 3181 3742 et
3212 3688 3537 3758 passiones,
3572 3692 3762 3764 ipsius

2108 3772 2556 3828 mortificatione
2586 3772 2901 3828 honoratas
2927 3771 2938 3826 l

2178 3863 2292 3918 XV.
2328 3863 2370 3917 0
2398 3862 2408 3916 l
2452 3878 2710 3933 quonam
2757 3867 2943 3932 pacto,
2980 3863 3065 3918 vel
3098 3868 3295 3920 omnia
3329 3865 3484 3923 illius
3514 3885 3760 3926 enume-

2107 3953 2268 4017 rabo,
2321 3952 2405 4005 vel
2463 3950 2743 4021 majorem
2793 3968 2993 4007 eorum
3028 3961 3250 4025 partem
3285 3959 3762 4027 praetermittens,

2106 4059 2225 4108 eos,
2242 4042 2458 4112 quibus
2480 4057 2546 4095 ea
2569 4041 2766 4112 ignota
2787 4047 2946 4105 sunt,
2964 4041 3312 4100 detrimento
3336 4062 3450 4100 non
3469 4047 3762 4102 afﬁciam?

2107 4133 2217 4187 Sed
2260 4131 2385 4200 jam
2440 4127 2749 4199 pulchrum
2791 4129 2962 4184 fuerit
2996 4131 3228 4201 pietatis
3261 4151 3493 4205 quoque
3526 4137 3763 4206 praemia

2107 4237 2264 4276 nunc
2295 4219 2565 4289 adjicere.
2601 4217 2715 4273 Vos
2765 4219 2942 4288 enim,
2994 4221 3092 4291 qui
3143 4220 3318 4277 vitam
3371 4222 3532 4279 illius
3587 4227 3764 4296 probe

2108 4309 2316 4374 nostis,
2351 4308 2490 4362 mihi
2520 4306 2877 4379 jampridem
2911 4326 3141 4381 cupere,
3175 4320 3349 4384 atque
3394 4314 3452 4367 in
3507 4317 3763 4369 oratione

2108 4416 2236 4454 mea
2268 4399 2561 4468 requirere
2590 4397 2893 4465 videmini,
2931 4415 3044 4454 non
3098 4403 3408 4471 prmsentia
3457 4404 3763 4469 duntaxat,

2107 4495 2162 4543 et
2193 4489 2264 4542 ob
2299 4505 2423 4558 qua:
2457 4503 2613 4540 nunc
2643 4485 2762 4541 illic
2796 4486 3067 4558 exsultat,
3120 4507 3245 4560 quae
3299 4497 3355 4546 et
3401 4493 3656 4560 aurium,
3709 4503 3766 4547 et

2105 4577 2377 4631 humana:
2430 4575 2664 4644 mentis,
2716 4579 2772 4628 et
2820 4577 3122 4631 oculorum
3175 4583 3411 4649 captum
3453 4583 3761 4646 excedunt,

2105 4667 2204 4721 sed
2240 4664 2415 4719 etiam
2447 4679 2532 4729 ea,
2560 4679 2688 4734 quae
2709 4665 2913 4734 justus
2947 4664 3040 4719 ille
3073 4668 3392 4722 retributor
3421 4669 3478 4723 in
3515 4669 3620 4724 hac
3648 4671 3764 4725 vita

2103 4756 2216 4828 ipsi
2269 4751 2576 4826 rependit;
2631 4768 2767 4806 nam
2819 4751 2928 4807 hoc
2982 4770 3212 4826 quoque
3256 4772 3656 4827 saepenumero
3687 4759 3757 4813 ad

2179 4981 2289 5050 (27)
2319 4979 2388 5029 Ὤ
2434 4973 2794 5050 θερμότητος.
2857 4976 2951 5032 Sic
3001 4977 3120 5033 Jes.
3176 4979 3324 5034 Editi
3355 4995 3513 5047 vero,
3561 4977 3604 5031 ὥ
3636 4980 3760 5052 θερ-

2107 5051 2387 5194 μόὲϐ)¹’ἑὶ
2442 5120 2540 5185 τῆς
2604 5119 2736 5188 μετὰ
2767 5115 3049 5194 Aleos-96y,
3099 5125 3206 5176 etc.
3268 5144 3297 5169 «
3331 5125 3385 5194 9A
3428 5123 3757 5194 castitatem

2102 5189 2231 5266 post
2267 5191 2652 5266 baptismum.
2688 5211 2729 5266 »_
2760 5189 3124 5266 Schef'Cod.
3163 5197 3298 5266 Reg,
3335 5189 3542 5249 Medic.
3578 5197 3760 5266 ’Έοικε

2104 5257 2178 5337 μὴ
2218 5257 2607 5341 ⁵ἰ’τροσελθοῦσα
2653 5258 2736 5341 τῷ
2780 5259 2934 5341 ἀνδρὶ
2971 5261 3193 5341 μετά-τὸ
3229 5257 3526 5341 βάπτισμα,
3561 5263 3759 5341 οὐ-πρὸ

2100 5319 2318 5390 ὲτόλλόῦ
2361 5338 2461 5400 τῆς
2493 5319 2808 5402 κοιμήσεως
2844 5319 3237 5408 βαπτισθεῖσα.⁸
3273 5360 3292 5385 α
3332 5319 3568 5392 Videtur
3600 5319 3756 5408 (Go'r-

2101 5408 2296 5482 genia)
2347 5407 2417 5460 ad
2447 5406 2738 5482 maritum,
2780 5423 2893 5460 non
2927 5407 3249 5462 accessisse
3280 5415 3412 5479 post
3442 5406 3754 5482 baptisma,

2103 5477 2410 5554 quodnon
2445 5477 2614 5554 longo
2647 5481 2793 5554 ante
2813 5483 3058 5554 mortem
3101 5477 3381 5554 tempore
3413 5477 3693 5554 suscepit.
3731 5504 3758 5529 ››

2173 5554 2282 5622 (29)
2322 5547 2660 5623 Ἐγκρατεία,
2720 5567 2741 5594 ιτ
2768 5549 3023 5623 jejunio,
3069 5547 3442 5607 abstinentia.
3482 5575 3509 5601 ››

2316 5619 2842 5698 Καταρι-θμήσομαιξ
2865 5620 2962 5677 0r.
2991 5624 3048 5698 ά,
3083 5623 3575 5698 καταριθμήσαιμι.

2196 5695 2287 5767 31)
2316 5690 2657 5764 Προσθεῖναι.
2690 5690 2810 5747 Jes.
2843 5692 3167 5767 προσϐῆναι.
