4070 6396
280 420 399 480 809

894 414 1188 476 ORATIO
1233 413 1395 475 VIII.
1431 413 1613 474 -ΙΝ
1666 412 1993 476 LAUDEM
2037 414 2368 477 SORORIS
2414 415 2590 478 SUAE
2635 414 3082 478 GORGONIAE.

3579 419 3701 483 810

285 553 391 625 μὴν
426 552 562 623 (42),
593 548 683 603 καὶ
715 552 875 601 τοῦτο
905 546 1074 608 νεόεις
1116 545 1306 599 λοιπόν
1336 565 1348 614 ;
1383 544 1603 613 Ἐπειδή
1637 547 1726 599 καὶ
1780 546 1937 617 μόνοι

2075 566 2197 615 'am,
2233 566 2264 603 o
2306 554 2609 621 pastorum
2643 548 2862 619 optime
2892 554 2949 604 et
2978 551 3424 621 perfectissime,
3448 559 3503 609 et
3524 572 3703 611 sacres

280 642 342 695 τὸ
378 642 675 713 μυστήριον
724 635 1134 707 ἐπιστεύθημεν,
1195 635 1285 689 καὶ
1349 634 1613 711 μάρτυρες
1667 632 1940 705 ἀλλήλοις

286 729 443 802 ἐσμεν
503 730 617 800 (43)
672 731 769 781 τοῦ
831 726 1138 797 θαύματος’
1273 723 1349 779 ἔτι
1401 729 1470 798 τῇ
1502 723 1813 797 ἀπελθούσῃ
1841 725 1940 792 τὴν

285 820 467 873 πίστιν
501 815 824 894 φυλάξωμεν
855 816 969 888 (44)
999 833 1013 883 ;
1045 811 1224 868 Ἀλλά
1257 835 1350 887 μοι
1382 812 1549 882 δοκεῖ,
1600 812 1779 885 ὥσπερ
1821 813 1945 867 τότε

288 908 475 979 καιρὸς
508 909 618 979 (45)
652 906 783 959 εἶναι
816 911 913 973 τῆς
945 905 1178 971 σιωπῆς,
1213 902 1355 958 οὕτω
1386 908 1473 957 νῦν
1517 910 1618 972 τῆς
1669 901 1945 978 ἐξαγορεύ-

292 1019 449 1067 σεως,
484 996 543 1051 οὐ
580 994 743 1068 μόνον
778 994 854 1055 εἷς
884 994 983 1061 τὴν
1017 997 1113 1046 τοῦ
1146 997 1279 1047 Θεοῦ
1311 991 1484 1066 δόξαν,
1537 990 1683 1046 ἀλλὰ
1730 990 1817 1045 καὶ
1870 989 1944 1054 εἷς

291 1084 633 1163 παράκλησιν
663 1088 769 1139 τῶν
805 1083 857 1139 έν
888 1082 1133 1156 θλίψεσιν
1153 1124 1166 1139 .

366 1356 458 1410 ΙΖ’.
499 1357 762 1426 Ἔκαμνεν
823 1350 959 1416 αὐτῇ
1005 1352 1069 1405 τὸ
1119 1354 1296 1424 σῶμα,
1345 1349 1435 1404 καὶ
1502 1348 1730 1405 διέκειτο
1779 1350 1948 1418 πονή-

296 1465 425 1520 ρως,
457 1444 546 1496 καὶ
577 1444 612 1510 ἡ
644 1441 802 1503 νόσος
830 1444 895 1509 ῆν
924 1444 1031 1494 τῶν
1083 1439 1262 1509 ἀήθων
1313 1440 1403 1493 καὶ
1460 1437 1780 1493 ἀλλοκότων
1803 1458 1816 1472 ο
1857 1437 1954 1492 πύ-

298 1553 460 1608 ρωσις
521 1532 614 1604 μὲν
672 1530 841 1603 ἀθρόα
897 1530 1094 1590 παντὸς
1153 1532 1251 1583 τοῦ
1308 1529 1587 1600 σώματος,
1666 1527 1756 1581 καὶ
1836 1528 1949 1581 οἷον

300 1620 544 1697 βρασμός
597 1640 701 1689 τις,
752 1619 841 1673 καὶ
893 1618 1033 1686 ζέσις
1088 1615 1336 1690 αἵματος,
1383 1617 1496 1671 εἶτα
1544 1616 1703 1687 πῆξις
1732 1615 1951 1685 τούτου,

294 1711 382 1765 καὶ
415 1708 608 1784 νάρκη,
641 1708 731 1763 καὶ
786 1706 1049 1783 ὠχρίασις
1105 1705 1347 1774 ἄπιστος,
1398 1706 1487 1760 καὶ
1526 1710 1619 1761 νοῦ
1650 1706 1738 1760 καὶ
1775 1704 1956 1779 μελῶν

295 1797 636 1875 παράλυσις·
698 1798 786 1852 καὶ
834 1795 995 1851 τοῦτο
1048 1796 1145 1851 οὐκ
1190 1795 1249 1851 έκ
1304 1800 1522 1872 μακρῶν
1573 1800 1681 1850 τῶν
1735 1793 1955 1865 διαστη-

2054 636 2209 691 illius
2242 638 2363 693 ovis
2386 641 2604 709 pastor,
2628 638 2805 710 idque
2827 654 2983 693 nunc
3005 639 3242 695 demum
3266 642 3707 708 annuis?Quan-

2054 726 2373 797 doquidem
2405 726 2574 782 nobis
2601 726 2741 782 solis
2764 727 2873 782 hoc
2892 744 3171 783 arcanum
3191 730 3574 788 commissum
3598 738 3707 803 est,

2056 819 2233 886 atque
2251 816 2431 886 hujus
2451 814 2719 871 miraculi
2734 817 3250 890 testesnobisipsis
3274 824 3480 877 mutuo
3503 838 3711 879 sumus

2057 920 2129 959 an
2156 905 2330 959 ﬁdem
2363 905 2648 961 defunctae
2671 906 2870 961 datam
2894 906 3122 962 diutius
3149 908 3519 967 servabimus
3544 910 3712 967 PMihi

2056 1011 2210 1062 vero,
2245 1000 2307 1049 ut
2356 993 2587 1051 silentio
2647 997 3002 1067 premendae,
3056 996 3140 1053 ita
3198 1014 3357 1053 nunc
3405 999 3711 1057 efferendae

2058 1100 2123 1139 ac
2154 1084 2532 1155 praedicanda
2559 1085 2737 1156 hujus
2770 1085 2851 1141 rei
2881 1090 3116 1158 tempus
3147 1102 3276 1144 esse
3307 1087 3559 1160 videtur,
3594 1107 3712 1147 non

2058 1172 2252 1229 solum
2283 1191 2317 1229 a
2346 1173 2447 1229 Dei
2478 1173 2746 1245 gloriam,
2775 1175 2877 1230 sed
2909 1173 2982 1230 ad
3014 1190 3217 1232 eorum
3248 1177 3449 1245 etiam,
3482 1178 3585 1249 qui
3615 1194 3712 1235 ca-

2058 1261 2420 1318 lamitatibus
2443 1268 2810 1334 premuntur,
2845 1263 3333 1321 consolationem.

2132 1351 2300 1406 XVII.
2330 1352 2586 1407 Adversa
2644 1354 2902 1424 corporis
2978 1353 3310 1412 valetudine
3376 1357 3709 1428 tenebatur,

2061 1441 2432 1513 graviterque
2462 1440 3034 1515 laborabat,eratque
3050 1444 3310 1502 insolens
3333 1446 3627 1517 quoddam
3652 1451 3711 1503 et

2062 1529 2465 1603 prodigiosum
2488 1531 2677 1586 morbi
2706 1546 2893 1603 genus
2919 1548 2932 1586 :
2972 1533 3173 1589 subitu
3201 1534 3483 1591 nimirum
3532 1536 3714 1595 totius

2063 1620 2322 1692 corporis
2345 1618 2755 1689 inﬂammatio,
2789 1637 2855 1676 ac
2889 1622 3049 1677 velut
3096 1621 3361 1680 ebullitio
3416 1626 3713 1697 quaedam,

2065 1714 2122 1765 et
2153 1710 2342 1765 fervor
2372 1709 2702 1781 sanguinis,
2730 1728 2794 1767 ac
2826 1710 3037 1767 deinde
3070 1713 3337 1783 ejusdem
3397 1715 3713 1784 concretio,

2065 1802 2123 1854 et
2150 1802 2371 1871 torpor,
2404 1799 2708 1870 pallorque
2729 1799 3181 1873 incredibilis,et
3197 1803 3412 1860 mentis
3443 1820 3510 1859 ac
3534 1821 3718 1860 mem-

302 1892 506 1961 μάτων,
564 1884 690 1941 ἀλλ’
749 1889 813 1954 ἦν
868 1884 955 1939 ὅτε
1001 1886 1089 1940 καὶ
1141 1884 1259 1939 λίαν
1302 1890 1540 1960 συνεχῶς
1574 1889 1721 1959 (46)·
1756 1884 1844 1939 καὶ
1892 1884 1955 1939 τὸ

410 1980 417 1988 .
560 1976 571 1991 .
685 1976 697 1991 .
742 1976 765 1991 ι.
832 1976 841 1991 ,
1071 1974 1083 1989 ς
1209 1977 1255 1991 ,μ
1501 1975 1513 1991 .
1611 1974 1635 1991 ρ,
1755 1976 1766 1991 .
1884 1979 1911 1989 η

2075 1890 2308 1944 brorum
2339 1887 2649 1945 dissolutio
2678 1906 2690 1945 :
2716 1890 2894 1961 idque
2917 1908 3032 1947 non
3064 1908 3168 1963 per
3197 1892 3371 1965 longa
3391 1893 3717 1961 intervalla,

295 1980 457 2032 κακὸν
517 1976 618 2031 οὐκ
674 1976 1007 2051 ἀνθρώπινον
1068 1974 1368 2047 ἐνομίζετο,
1426 1975 1516 2029 καὶ
1575 1974 1698 2029 οὕτε
1755 1976 1951 2049 ἱατρῶν

296 2066 500 2143 ἤρκουν
556 2068 745 2142 τέχναι
806 2064 924 2119 λίαν
986 2064 1258 2137 ἐπιμελῶς
1317 2062 1782 2137 διασκεπτομένων
1830 2065 1953 2140 περὶ

303 2163 401 2212 τοῦ
433 2158 657 2226 πάθους,
691 2155 779 2209 καὶ
809 2157 923 2209 καθ’
955 2155 1143 2209 ἑαυτὸν
1186 2156 1430 2224 ἑκάστου,
1481 2156 1569 2208 καὶ
1630 2154 1721 2209 σὺν
1780 2152 1956 2224 ἀλλή-

300 2247 440 2315 λοις,
475 2246 597 2301 οὒτε
619 2246 820 2321 γονέων
854 2242 1269 2320 δάκρυα,πολλὰ
1291 2243 1562 2305 πολλάκις
1596 2241 1951 2316 δεδυνημένα,

301 2334 424 2390 οὔτε
476 2332 759 2406 πάνδημοι
818 2332 964 2387 λιταὶ
1022 2333 1111 2387 καὶ
1167 2332 1414 2403 ἷσκεσίαι,
1468 2333 1551 2401 ἃς,
1584 2334 1657 2395 ὡς
1690 2334 1821 2409 ὅπερ
1854 2340 1952 2401 τῆς

302 2423 489 2478 ἑαυτοῦ
518 2422 788 2498 σωτηρίας
816 2419 1061 2493 ἕκαστος,
1094 2423 1373 2477 ἐποιοῦντο
1418 2429 1523 2484 πᾶς
1580 2424 1606 2477 ὁ
1658 2422 1810 2484 λαός·
1865 2422 1954 2477 καὶ

300 2513 401 2589 γὰρ
460 2513 527 2581 ἦν
584 2512 744 2565 ἅπασι
806 2511 1047 2585 σωτηρίαι
1102 2513 1164 2566 τὸ
1225 2510 1433 2582 ἐκείνην
1502 2513 1785 2585 σώζεσθαι,
1847 2511 1953 2565 ὥσ-

298 2622 397 2676 περ
429 2600 761 2672 τούναντίον,
812 2599 983 2665 πάθος
1031 2601 1206 2657 κοινὸν
1258 2603 1319 2657 τὸ
1366 2606 1436 2675 τῇ
1486 2601 1760 2679 ἀῤῥωστίᾳ
1789 2623 1952 2657 κακο-

296 2696 509 2758 παθεῖν.

373 2960 476 3015 ΙΗ’.
505 2958 574 3016 Τί
606 2958 695 3012 οῦν
729 2960 763 3027 ἡ
801 2956 1015 3032 μεγάλη
1068 2958 1159 3011 καὶ
1214 2962 1320 3011 τῶν
1378 2960 1645 3034 μεγίστων
1692 2962 1804 3034 (47)
1839 2960 1956 3033 ἀξία

301 3048 478 3123 ψυχὴ,
537 3046 627 3101 καὶ
676 3046 757 3109 τίς
806 3049 841 3114 ἡ
890 3045 1095 3121 ἰατρεία
1131 3050 1228 3099 τοῦ
1276 3045 1512 3115 πάθουςς
1564 3050 1824 3103 Ἐνταῦθα
1850 3051 1953 3125 γὰρ

300 3134 409 3205 ἤδη
472 3136 561 3189 καὶ
618 3135 680 3190 τὸ
754 3134 1087 3211 ἀπόρρητον.
1166 3136 1386 3190 Πάντων
1465 3137 1772 3213 ἀπογνοῦσα
1845 3143 1951 3193 τῶν

300 3225 510 3295 ἄλλων,
539 3224 625 3279 ἐπὶ
654 3224 747 3279 τὸν
778 3224 993 3279 πάντων
1025 3224 1204 3300 ἰατρὸν
1232 3224 1574 3303 καταφεύγει,
1623 3228 1712 3281 καὶ
1761 3228 1954 3291 νυκτὸς

301 3314 503 3391 ἀωρίαν
560 3316 866 3390 τηρήσασα,
926 3313 1117 3389 μικρὸν
1164 3311 1423 3385 ἐνδούσης
1475 3315 1609 3390 αὐτῇ
1647 3324 1746 3385 τῆς
1772 3318 1950 3392 νόσου,
1984 3295 2027 3362 C

299 3410 378 3477 τῷ
416 3403 784 3480 θυσιαστηρίῳ
832 3403 1159 3481 προσπίπτει
1211 3404 1345 3476 μετὰ
1408 3411 1507 3474 τῆς
1552 3405 1806 3478 πίστεως,
1864 3408 1953 3462 καὶ

301 3496 392 3550 τὸν
427 3493 508 3548 in’
540 3492 685 3565 αὐτῷ
713 3495 1027 3566 τιμώμενον
1053 3496 1163 3567 (48)
1196 3491 1610 3567 ἀνακαλουμένη
1650 3496 1857 3571 μεγάλῃ
1884 3501 1953 3571 τῇ

310 3584 437 3657 βοῇ,
470 3581 557 3635 καὶ
588 3581 781 3643 πάσαις
812 3587 931 3644 ταῖς
969 3581 1220 3652 κλήσεσι,
1268 3582 1357 3637 καὶ
1405 3588 1588 3637 πασῶν
1640 3584 1796 3639 αὐτὸν
1846 3590 1953 3640 τῶν

307 3672 531 3725 πώποτε
561 3674 673 3743 (49)
706 3668 981 3743 δυνάμεων
1019 3672 1377 3744 ὑπομνήσασα
1414 3674 1577 3751 (σοφή
1628 3676 1728 3750 γὰρ
1779 3673 1951 3746 ἐκείνη

306 3760 395 3815 καὶ
450 3762 517 3815 τὰ
574 3760 781 3814 παλαιὰ
836 3761 925 3813 καὶ
982 3762 1049 3814 τὰ
1095 3763 1227 3832 νέα),
1278 3760 1437 3824 τέλος
1489 3758 1681 3832 εὐσεϐῆ
1722 3785 1841 3818 τινα
1868 3765 1957 3820 καὶ

305 3848 481 3918 καλὴν
535 3848 915 3924 ἀναισχυντίαν
963 3850 1344 3923 ἀναισχυντεῖ·
1400 3856 1647 3923 μιμεῖται
1688 3854 1787 3921 τὴν
1840 3859 1958 3916 τοῖς

306 3936 628 4014 κρασπέδοις
686 3940 921 4013 Χριστοῦ
980 3938 1272 4011 ξηράνασαν
1331 3942 1513 4014 πηγήν
1552 3938 1799 4013 αἶ’ματος.
1858 3945 1958 3999 Καὶ

308 4029 359 4082 τί
392 4033 575 4096 ποιεῖ;
606 4031 685 4099 τῷ
716 4028 1082 4103 θυσιαστηρίῳ
1128 4030 1227 4098 τὴν
1274 4029 1516 4107 κεφαλὴν
1564 4031 1757 4101 ἑαυτῆς
1797 4053 1962 4108 προσ-

310 4119 459 4172 θεῖσα
683 4118 817 4189 μετα
872 4124 971 4186 τῆς
1022 4114 1143 4188 ξ’σης
1196 4120 1353 4194 βοῆς,
1405 4121 1493 4173 καὶ
1526 4118 1747 4196 δάκρυσι
1798 4128 1959 4179 τοῦτο

306 4205 611 4276 πλουσίοις,
646 4205 824 4282 ὥσπερ
853 4228 936 4269 τις
966 4204 1137 4261 πάλαι
1164 4209 1293 4271 τοὺς
1340 4207 1510 4272 πόδας
1563 4216 1801 4287 Χριστοῦ
1850 4216 1962 4288 (51)

304 4290 739 4372 καταϐρέχουσα,
771 4296 861 4350 καὶ
898 4297 971 4369 μή
1005 4296 1266 4374 πρότερον
1309 4297 1524 4369 ἀνήσειν
1615 4308 1715 4370 τῆς
1763 4302 1964 4378 ὑγιείας

304 4391 493 4461 τυχεῖν
527 4387 823 4441 ἀπειλοῦσα
852 4388 983 4459 (52)·
1021 4386 1134 4442 εἶτα
1163 4408 1241 4459 τῳ
1271 4388 1397 4461 παρ’
1448 4388 1643 4458 ἑαυτῆς
1693 4392 1963 4468 φαρμάκῳ

307 4473 487 4545 τούτῳ
515 4474 577 4529 τὰ
610 4480 769 4548 σῶμα
798 4480 901 4529 πᾶν
945 4474 1332 4553 έπαλείφουσα,
1370 4476 1460 4531 καὶ
1493 4476 1545 4531 εἷ’
1594 4478 1700 4533 πού
1752 4501 1802 4534 τι
1853 4486 1961 4536 τῶν

308 4560 612 4618 ἀντιτύπων
645 4564 760 4635 (53)
786 4567 883 4616 τοῦ
912 4564 1098 4635 τιμίου
1131 4566 1389 4636 σώματος
1439 4567 1472 4635 ἢ
1502 4571 1598 4620 τοῦ
1656 4566 1893 4641 αἶ’ματος
1924 4573 1958 4640 ἡ

2063 1980 2163 2034 sed
2180 1995 2608 2049 nonnunquam
2621 1980 2800 2035 etiam
2818 1981 3140 2037 admodum
3162 1983 3365 2039 crebra
3378 1988 3435 2038 et
3446 1983 3710 2051 assidua;

2064 2068 2406 2139 malumque
2436 2069 2588 2124 παι)
2622 2069 2779 2124 istud
2810 2069 2965 2125 haud
2997 2069 3327 2126 humanum
3345 2072 3717 2143 essejudica-

2063 2158 2257 2225 batur,
2291 2173 2397 2212 nec
2428 2158 2813 2223 medicorum,
2844 2163 2971 2213 tum
3005 2160 3344 2231 separatim,
3376 2164 3503 2216 tum
3534 2160 3713 2217 etiam

2062 2246 2215 2302 inter
2246 2264 2309 2302 se
2339 2247 2411 2301 de
2441 2247 2644 2303 morbo
2676 2246 2880 2302 sedulo
2912 2247 3396 2317 consultantium,
3429 2252 3605 2320 artes,
3640 2251 3713 2306 ad

2065 2334 2530 2407 propulsandum
2586 2334 2865 2405 dolorem,
2907 2352 3077 2408 pares
3108 2352 3237 2393 esse
3259 2341 3545 2410 poterant,
3605 2355 3711 2395 nec

2064 2429 2372 2497 parentum
2388 2424 2814 2497 lacrymzs,qua3
2832 2425 3087 2481 multum
3105 2442 3256 2499 saepe
3275 2426 3715 2500 valuerant,nec

2063 2512 2308 2586 publicas
2325 2530 2524 2585 preces
2537 2517 2592 2569 et
2612 2512 2905 2587 supplices
2918 2514 3478 2588 orationes,quas,ut
3486 2534 3593 2590 pro
3606 2534 3717 2575 sua

2063 2603 2316 2675 quisque
2342 2602 2551 2671 salute,
2575 2602 2829 2675 populus
2862 2603 3172 2660 universus
3207 2605 3477 2662 faciebat.
3500 2606 3719 2665 Omnes

2071 2694 2226 2750 enim
2241 2710 2305 2748 eo
2319 2692 2513 2748 animo
2524 2697 2783 2763 erant,ut
2795 2692 2956 2749 illius
2970 2692 3218 2750 salutem
3233 2711 3403 2751 suam
3416 2712 3546 2752 esse
3566 2697 3650 2753 sal
3661 2714 3723 2754 u-

2061 2787 2180 2839 tem
2232 2784 2527 2850 ducerent,
2580 2783 3079 2853 quemadmodum
3122 2789 3327 2840 contra
3373 2784 3534 2842 illius
3567 2802 3723 2842 mar-

2064 2874 2605 2941 bum,communem
2639 2869 2903 2925 omnium
2919 2872 3189 2926 morbum
3222 2877 3280 2927 et
3300 2872 3719 2932 calamitatem.

2136 2960 2332 3015 XVIII.
2367 2960 2514 3023 Quid
2546 2959 2725 3030 igitur
2751 2976 2965 3031 magna
2985 2959 3107 3026 illa,
3131 2962 3519 3034 maximisque
3544 2964 3722 3021 rebus

2064 3051 2241 3122 digno
2272 3048 2471 3103 anima
2492 3048 2649 3117 facit,
2675 3053 2732 3103 et
2770 3064 2949 3119 quam
2981 3048 3166 3105 dolori
3208 3050 3562 3107 medicinam
3607 3053 3718 3107 ad-

2064 3138 2268 3195 hibet?
2285 3139 2387 3193 Hic
2410 3137 2565 3193 enim
2592 3138 2716 3208 jam
2741 3154 3019 3193 arcanum
3043 3139 3223 3195 situm
3246 3144 3355 3196 est.
3380 3141 3716 3214 Desperatis

2065 3228 2338 3284 omnibus
2364 3226 2495 3282 aliis
2516 3224 2773 3299 auxiliis,
2796 3228 2868 3283 ad
2892 3227 3232 3285 mortalium
3246 3230 3511 3286 omnium
3532 3231 3715 3287 medi-

2066 3334 2200 3373 cum
2232 3315 2515 3386 confugit,
2549 3319 2723 3387 atque
2751 3314 3105 3388 intempesta
3134 3323 3301 3375 nocte
3321 3324 3717 3393 captata,cum

2065 3407 2307 3463 morbus
2340 3404 2609 3460 nannibil
2660 3404 3006 3477 remisisset,
3038 3407 3110 3462 ad
3164 3407 3344 3464 altare
3404 3426 3537 3465 cum
3598 3411 3714 3467 ﬁde

2068 3496 2418 3569 procumbit,
2451 3511 2705 3566 eumque
2735 3495 2834 3566 qui
2867 3512 3044 3567 super
3073 3495 3201 3567 ipso
3232 3496 3555 3554 honoratur
3576 3515 3713 3555 cum

2066 3584 2291 3657 ingenti
2322 3584 2573 3639 clamore
2605 3586 2901 3654 invocans,
2952 3585 3344 3657 omnibusque
3374 3586 3716 3643 nominibus

2067 3673 2393 3745 appellans,
2426 3677 2599 3742 atque
2627 3673 2824 3726 omnia
2872 3689 2957 3740 ea,
2991 3691 3116 3745 quae
3150 3692 3413 3745 unquam
3475 3676 3719 3731 mirifice

2068 3769 2348 3835 gesserat,
2380 3760 2537 3815 velut
2566 3761 2624 3814 in
2659 3761 3003 3815 memoriam
3031 3761 3083 3817 ei
3115 3780 3393 3819 revocans
3436 3768 3623 3833 (nam,
3665 3770 3723 3820 et

2068 3856 2315 3917 veteres,
2343 3855 2399 3904 et
2426 3866 2604 3904 novas
2636 3849 2912 3905 historias
2943 3850 3231 3919 callebat),
3268 3854 3506 3909 tandem
3542 3853 3637 3926 pia
3667 3860 3725 3909 et

2069 3940 2344 4013 praeclara
2376 3939 2630 4010 quadam
2664 3938 3030 4009 impudentia
3082 3940 3337 3996 effertur.
3399 3942 3562 4011 Eam,
3596 3958 3723 4014 quis

2070 4028 2287 4086 Christi
2320 4027 2554 4082 ﬁmbria
2580 4026 2889 4099 sanguinis
2942 4028 3295 4099 profluvium
3353 4046 3724 4102 compresse-

2072 4123 2162 4175 rat
2190 4120 2253 4187 ²⁶,
2279 4116 2565 4172 imitatur.
2598 4115 2747 4180 Quid
2780 4116 2936 4172 enim
2959 4116 3126 4189 agit?
3157 4122 3300 4174 Cum
3341 4124 3518 4193 caput
3543 4137 3721 4176 suum

2073 4210 2198 4284 pari
2230 4224 2363 4264 cum
2386 4206 2658 4276 clamore,
2684 4204 3093 4279 lacrymisque,
3120 4208 3336 4280 quibus
3357 4210 3721 4281 abundabat,

2074 4298 2340 4357 mulieris
2386 4296 2547 4351 illius
2596 4294 2804 4363 instar,
2838 4313 2963 4368 quae
2994 4296 3135 4352 olim
3165 4297 3380 4355 Christi
3413 4301 3590 4371 pedes
3638 4300 3722 4355 ri-

2072 4391 2231 4464 gavit
2276 4389 2342 4455 ",
2374 4384 2543 4442 altari
2600 4385 2975 4453 admovisset,
3026 4402 3132 4442 nec
3169 4404 3231 4443 se
3261 4389 3424 4460 prius
3453 4388 3612 4445 istud
3634 4390 3725 4445 di-

2074 4481 2391 4535 missuram
2423 4490 2552 4530 esse
2575 4474 3004 4540 denuntiasset,
3038 4492 3217 4547 quam
3235 4478 3550 4534 sanitatem
3572 4479 3726 4535 obti-

2073 4569 2301 4624 nuisset
2325 4584 2338 4633 ;
2358 4582 2425 4620 ac
2453 4562 2663 4619 deinde
2692 4564 2801 4619 hoc
2818 4581 2923 4619 suo
2956 4565 3273 4636 pharmaco
3293 4582 3506 4639 corpus
3536 4571 3729 4624 totum

310 4651 435 4728 χεὶρ
477 4648 848 4727 ἐθησαύρισιν,
900 4657 1061 4708 τοῦτο
1117 4658 1489 4731 καταμιγνῦσο.
1543 4658 1655 4729 (54)
1702 4663 1820 4721 τοῖς
1870 4657 1956 4715 δά-

2075 4655 2454 4732 perfudisset;
2486 4651 2535 4705 ei
2570 4650 2621 4706 si
2644 4652 2783 4722 quid
2813 4653 3047 4725 uspiam
3071 4655 3469 4727 antityporum
3488 4656 3733 4728 pretiosi

381 4759 428 4794 ³⁸
458 4758 663 4815 Matth.
698 4778 774 4828 Ix,
806 4762 896 4816 20.
930 4762 972 4796 ³⁷
1004 4762 1141 4819 Luc.
1169 4779 1268 4834 vn,
1300 4762 1389 4819 38.

385 4863 499 4940 (42)
529 4862 763 4940 Ἐκείνου
813 4875 1045 4939 ποιμήν.
1112 4867 1252 4940 Reg.
1305 4867 1407 4939 hu,
1468 4867 1563 4925 Or.
1604 4872 1794 4928 etJes.
1843 4893 1965 4927 ποι-

318 4932 427 5010 μὴν
448 4932 675 5010 ἐκείνου.

407 5008 497 5082 43)
528 5008 742 5082 Ἔσμέν.
779 5013 950 5064 Deest
976 5008 1036 5064 in
1068 5014 1247 5082 Regg.
1285 5028 1340 5082 ag,
1372 5011 1490 5068 bm.
1523 5011 1625 5082 hu,
1686 5015 1779 5071 Or.
1841 5016 1961 5075 Jes.

407 5008 497 5076 43)
528 5011 618 5061 Ἐσ
668 5008 742 5064 ἐν.
779 5013 950 5064 Deest
976 5008 1036 5064 in
1068 5014 1247 5082 Regg.
1285 5028 1340 5074 a,
1372 5011 1490 5068 bm.
1523 5011 1559 5068 h

534 5030 895 5158 Φυλιάξωμεν.
933 5082 1073 5158 Reg.
1110 5082 1211 5158 _hu_,
1236 5080 1569 5158 ⁸φυλάξομεν.

383 5152 494 5293 (45)
532 5152 747 5228 Καιρός.
780 5152 925 5225 Reg.
963 5152 1065 5220 hu,
1098 5152 1275 5209 Coisl'.
1318 5156 1367 5221 1,
1400 5152 1607 5231 καιρόν,

407 5224 496 5293 46)
531 5230 810 5293 Συνεχῶς.
845 5230 1025 5293 Regg.
1060 5227 1182 5293 bm,
1216 5226 1319 5293 hu,
1352 5232 1470 5282 tres
1500 5227 1607 5283 Col

394 5224 496 5307 36)
531 5224 810 5300 Συνέχῶς.
845 5230 1025 5297 Regg.
1060 5227 1182 5296 bm,
1216 5226 1319 5294 hu,
1352 5232 1470 5282 tres
1498 5224 1661 5283 Colb.
1697 5228 1791 5285 Or.
1848 5252 1969 5286 συν-

316 5312 643 5447 ε)ῗ’(¹ιίιγί)Τῑι’›ν
687 5366 975 5451 μεγίσωνἱ
1029 5373 1161 5425 Hac
1220 5370 1291 5425 de
1346 5370 1691 5441 parentibus
1752 5374 1970 5448 Gorgo-

318 5440 425 5490 nia:
453 5446 703 5525 possunt
730 5440 975 5529 intelligi
988 5482 1028 5521 ,θ
1350 5440 1365 5441 ί
1870 5440 1902 5448 ”

351 5508 620 5591 '(118ll5’1t
650 5511 740 5591 τὸν
774 5510 855 5565 ἐπ’
886 5532 1034 5591 αυτῳ
1080 5511 1432 5591 τιμῴμενον.
1482 5514 1779 5591 Chrysost.
1842 5535 1975 5591 pas-

314 5582 431 5635 sim
464 5582 650 5636 utitur
672 5582 763 5637 his
801 5582 1066 5657 vocibus,
1124 5582 1329 5657 κεῖσθαι
1364 5588 1442 5657 et
1499 5582 1769 5657 κείμενον.
1829 5582 1977 5647 Galli

311 5667 469 5729 vero,
499 5669 787 5729 «_repose_r
818 5673 921 5729 sur
949 5656 1168 5729 l’autel.
1206 5679 1233 5707 »
1266 5656 1491 5729 Quibus
1539 5656 1753 5729 verbis,
1814 5663 1978 5720 Chri-

312 5724 481 5805 sti_in
512 5724 887 5805 Eucharistia
916 5746 1098 5803 supra
1118 5728 1303 5788 altare
1330 5728 1506 5788 realis
1554 5724 1863 5805 prasentia
1900 5736 1979 5796 si-

312 5795 658 5873 gniﬁcatur.

642 5931 905 5995 PATROL.
955 5933 1066 5995 Ga.
1114 5929 1363 5995 XXXV.

2288 4862 2544 4944 _I_Idmo't§.
2578 4861 2758 4944 Regg.
2778 4862 2981 4944 .a,_hu,
3010 4864 3328 4944 Je§._7tore.

2148 4868 2237 4942 (49
2294 4868 2544 4918 Πώποτε·
2578 4868 2758 4944 Ριθεε-
2793 4880 2847 4933 ἃ,
2880 4868 2981 4931 hu,
3010 4868 3131 4921 Jes.
3172 4883 3328 4920 ποτε.

2148 4868 2260 5014 (50;
2288 4933 2816 5015 llpocﬁeica._001_sl.
2853 4936 3252 5015 1.__7_tpocptl_e‘ica.
3284 4958 3314 4987 ι(
3359 4938 3504 4994 Cum
3561 4936 3735 5015 altari

2077 5007 2254 5083 caput
2282 5007 2658 5083 admovisset,
2695 5012 2871 5083 atque
2903 5007 3491 5083 illud'lacrymarum
3540 5011 3730 5083 copia,

2076 5078 2235 5143 velut
2264 5080 2532 5153 quietiam
2566 5078 2706 5135 olim
2726 5078 2938 5137 mulier
2957 5081 3171 5138 Christi
3196 5078 3374 5153 pedes
3406 5078 3630 5141 affatim
3655 5085 3731 5141 ri-

2079 5174 2253 5232 gans,
2281 5150 2659 5232 perfudisset.
2691 5170 2717 5202 ι)

2152 5228 2260 5295 (51)
2293 5224 2887 5297 Χριστοῦζίὶθεεηὴυ,
2910 5243 3007 5293 τος
3036 5226 3297 5297 Χριστοῦ.

2155 5290 2927 5373 βρίγᾌπειλοῦσαῘ-βοίει.
2981 5290 3043 5363 ⁷1,
3091 5290 3489 5373 ’ἐπαπ-ιιλο-ῦσα,
3553 5298 3731 5373 Quasi

2085 5397 2113 5424 ‹‹
2151 5366 2589 5441 minitabunda,
2624 5388 2651 5415 »
2684 5367 3125 5441 ve_1«vo_vens_»
3156 5368 3515 5441 utintelligit
3550 5372 3729 5428 Elias.

2157 5444 2271 5515 (53)
2330 5436 2686 5516 ’ᾼντιτῦπων.
2710 5437 3192 5516 -Ρβῐζηᾶντιτύπα,
3245 5452 3399 5497 recte
3432 5436 3605 5499 "Elius
3654 5444 3741 5516 ip-

2087 5509 2221 5589 sam
2248 5509 2675 5589 Eucharistiam
2707 5509 3005 5584 intelligit,
3036 5516 3093 5569 et
3131 5514 3328 5586 ipsum
3365 5530 3496 5572 vere
3526 5509 3742 5589 corpus

2090 5584 2307 5645 Christi
2340 5583 2594 5655 exponit.

2162 5659 2273 5731 (54)
2329 5644 2499 5731 Τᾷοῦτο
2530 5655 2929 5731 ,καταμιγνῦσα
2981 5652 3420 5731 τοῖςᾼδάκρυσιν.
3478 5644 3612 5719 Haec
3641 5659 3742 5716 de-

2092 5725 2235 5793 suut
2260 5725 2323 5788 in
2354 5728 2497 5801 Reg.
2530 5725 2653 5795 bm,
2681 5725 2875 5786 tribus
2904 5726 3064 5788 Colb.
3096 5728 3193 5789 Or.
3223 5725 3345 5793 Jes.

3346 5936 3425 5997 26
