4070 6448
306 471 422 535 813

911 464 1201 528 ORATIO
1245 463 1404 525 Vill.
1454 497 1532 509 —
1578 464 1655 525 IN
1702 460 1979 525 LAUDEJ

2095 463 2410 525 SORORIS
2457 462 2633 525 SUAE
2678 464 3123 525 GORGUNIJE.

3609 465 3729 526 8M

304 608 399 659 ’Ἐν
434 602 491 658 δὲ
510 607 628 664 τοῖς
658 605 788 655 πᾶσι
819 599 1175 675 προστεθῆναι
1207 600 1443 665 ζητοῦσα
1478 597 1578 663 τὴν
1626 594 1722 648 τοῦ
1771 591 1963 669 ἀνδρὸς

2095 597 2176 651 sed
2211 595 2470 667 sigillum
2500 600 2643 651 erat.
2678 597 2854 651 Porro
2887 612 3021 652 cum
3068 614 3252 653 unum
3281 599 3393 653 hoc
3425 598 3495 653 ad
3528 597 3727 653 omnia

302 693 585 749 τελείωσιν
617 689 907 765 (βούλεσθε
933 690 1124 764 γράψω
1170 687 1261 741 τὸν
1323 683 1489 759 ἄνδρα
1518 684 1800 757 συντόμως
1827 703 1840 752 ;
1874 683 1966 737 ἀν-

306 781 431 856 δρὸς
465 781 695 852 ἐκείνης»
727 779 817 834 καὶ
851 777 949 831 οὐκ
981 774 1084 830 οἶδ’
1112 776 1141 830 ὃ
1170 797 1222 830 τι
1252 776 1365 851 χρὴ
1415 773 1585 830 πλέον
1639 772 1847 846 εἰπεῖν),
1897 766 1968 826 ’ἶν’

307 871 425 944 ὅλῳ
455 876 533 942 τῷ
563 870 774 941 σώματι
809 871 925 938 Θεῷ
962 867 1291 941 καθιερωθῇ,
1344 865 1432 919 καὶ
1488 866 1562 937 μὴ
1615 863 1665 933 ἐξ
1713 860 1966 935 ἡμισείας

309 959 515 1033 ἀπέλθῃ
544 956 923 1030 τετελεσμένη,
963 951 1092 1028 μηδ’
1127 952 1490 1022 ὑπολείπηταί
1519 973 1571 1006 τι
1612 955 1718 1006 τῶν
1770 951 1963 1018 ἑαυτῆς

311 1049 518 1121 ἀτελὲς,
575 1045 699 1102 οὐδὲ
742 1046 946 1115 ταύτης
994 1042 1345 1119 διαμαρτάνει
1385 1050 1484 1111 τῆς
1533 1040 1767 1112 δεήσεως
1822 1040 1969 1115 παρὰ

310 1143 407 1194 τοῦ
439 1136 655 1210 θέλημα
680 1140 787 1190 τῶν
822 1129 1175 1211 φοϐουμένων
1211 1131 1368 1186 αὐτὸν
1410 1135 1715 1201 ποιοῦντος,
1747 1128 1836 1183 καὶ
1890 1129 1966 1190 εἰς

313 1227 479 1304 πέρας
509 1228 735 1303 ἄγοντος
766 1224 833 1281 τὰ
862 1224 984 1294 αἰτή
998 1243 1161 1296 ματα.

382 1497 510 1552 KA'.
564 1501 649 1556 Ὡς
703 1491 761 1548 δὲ
816 1491 1024 1546 ἃπαντα
1078 1492 1222 1566 εἶχεν
1292 1488 1430 1560 αὐτῇ
1485 1486 1621 1542 κατὰ
1675 1490 1821 1556 νοῦν,
1876 1485 1967 1540 καὶ

312 1584 470 1641 οὐδὲν
500 1582 663 1639 ἐνέδει
685 1588 791 1637 τῶν
814 1580 1190 1653 ποθουμένων,
1213 1578 1302 1632 καὶ
1324 1580 1358 1646 ἡ
1381 1577 1541 1652 κυρία
1570 1578 1683 1649 (66)
1708 1574 1967 1648 πλησίον,

313 1675 484 1736 οὕτως
532 1671 640 1743 ἤδη
690 1676 769 1743 τῷ
816 1671 1028 1741 θανάτῳ
1073 1668 1451 1736 συσκευάζεται
1501 1666 1589 1719 καὶ
1618 1668 1688 1738 τῇ
1712 1662 1966 1737 ἐκδημίᾳ,

310 1763 399 1819 καὶ
431 1762 643 1838 πληροῖ
688 1763 779 1816 τὸν
826 1761 950 1836 περὶ
996 1763 1163 1813 ταῦτα
1214 1756 1384 1830 νόμον
1436 1752 1525 1809 διὰ
1565 1762 1664 1824 τῆς
1708 1752 1968 1810 κατακλί-

315 1874 451 1915 σεως
492 1854 624 1925 (67).
678 1848 1062 1921 Ἐπισκῄψασα
1105 1849 1217 1921 (68)
1276 1842 1334 1899 δὲ
1382 1844 1471 1899 καὶ
1522 1840 1697 1919 ἀνδρὶ,
1748 1842 1836 1897 καί
1882 1843 1968 1897 τέ-

314 1963 482 2011 κνοις,
513 1939 603 1995 καὶ
638 1939 843 2017 φίλοις,
872 1937 971 1992 ὅσα
1004 1936 1146 1997 εἰκὸς
1176 1935 1274 2002 τὴν
1310 1930 1629 2011 φίλανδρον,
1678 1932 1765 1986 καὶ
1812 1929 1971 2009 φιλό-

314 2051 519 2103 τεκνον,
544 2028 634 2084 καὶ
675 2025 1032 2107 φιλάδελφον,
1064 2025 1153 2080 καὶ
1184 2024 1457 2099 λαμπρῶς
1510 2022 1632 2096 περὶ
1680 2026 1788 2075 τῶν
1838 2020 1972 2075 έκεῖ-

319 2122 405 2174 θεν
457 2117 890 2197 φιλοσοφήσασα,
942 2114 1031 2168 καὶ
1081 2111 1436 2188 πανηγύρεως
1484 2109 1693 2186 ἡμέραν
1743 2130 1974 2179 ποιησα-

322 2210 453 2283 μένη
485 2210 584 2277 τήν
612 2204 946 2271 τελευταίαν,
995 2208 1279 2274 κοιμᾶται,
1326 2200 1554 2274 πλήρης
1608 2201 1700 2272 μεν
1752 2198 1815 2254 οὐ
1862 2202 1971 2253 τῶν

314 2298 452 2353 κατὰ
498 2298 779 2372 ἄνθρωπον
830 2296 1079 2368 ἡμερῶν,
1134 2289 1163 2344 ὃ
1210 2312 1263 2345 τι
1320 2287 1462 2363 μηδὲ
1501 2288 1805 2363 συνηύχετο
1838 2290 1971 2361 (69),

314 2387 513 2448 ταύτας
570 2386 734 2457 ἑαυτῇ
792 2380 1031 2454 πονηρὰς
1093 2377 1286 2450 εἷδυῖα,
1338 2378 1428 2433 καὶ
1486 2378 1553 2433 τὰ
1595 2376 1782 2433 πολλὰ
1842 2378 1976 2450 μετὰ

316 2480 413 2530 τοῦ
444 2474 580 2549 χοὸς
610 2474 724 2546 (70)
750 2470 840 2525 καὶ
887 2475 988 2538 τῆς
1034 2467 1269 2538 πλάνης,
1317 2472 1424 2522 τῶν
1473 2464 1529 2522 δὲ
1558 2468 1695 2522 κατὰ
1725 2466 1853 2522 Θεὸν
1886 2466 1975 2521 καὶ

322 2562 441 2618 λίαν
474 2560 719 2637 πλήρης,
747 2559 821 2621 ὡς
854 2557 953 2612 οὐκ
984 2554 1085 2611 οἷδ’
1118 2553 1169 2611 εἶ’
1192 2577 1274 2618 τις
1310 2555 1512 2632 ῥᾳδίως
1540 2561 1647 2611 τῶν
1698 2556 1746 2610 ἐν
1798 2555 1974 2611 πλου-

320 2651 407 2724 σίᾳ
452 2650 523 2725 τῇ
572 2648 743 2721 πολίᾳ
792 2646 1233 2717 καταλυσάντων,
1290 2646 1379 2699 καὶ
1427 2645 1641 2708 πολλὰς
1688 2645 1819 2700 έτῶν
1877 2666 1974 2699 πε-

324 2738 540 2817 ριόδους
617 2738 1057 2815 ἀριθμησάντων.
1138 2734 1320 2796 Οὕτως
1398 2734 1570 2805 ἐκείνη
1652 2734 1857 2807 λύεται,
1936 2735 1971 2802 ἢ

320 2823 824 2907 προσλαμϐάνεται,
902 2830 1149 2901 κρεῖσσον
1225 2824 1416 2893 εἰπεῖν,
1472 2825 1506 2893 ἢ
1569 2824 1880 2901 ἀφίπταται,
1941 2824 1976 2891 ἢ

329 2919 710 2993 μετοικίζεται,
788 2917 822 2986 ἢ
905 2916 1095 2990 μικρὸν
1164 2910 1556 2989 προαποδημεῖ
1627 2918 1724 2967 τοῦ
1800 2915 1982 2987 σώμα-

323 3029 415 3070 τος
448 3010 584 3082 (71).

394 3276 509 3331 ΚΒ’.
562 3270 721 3328 Ἀλλ’
771 3270 885 3327 οἷόν
937 3291 1003 3343 με
1052 3269 1244 3347 μικρὸν
1293 3271 1404 3344 (72)
1450 3273 1558 3323 τῶν
1597 3269 1805 3340 ἐκείνης
1837 3290 1981 3346 παρ-

2075 686 2345 741 accedere
2392 691 2649 758 cuperet,
2685 693 2748 741 ut
2792 686 3038 742 maritus
3072 704 3305 759 quoque
3356 688 3728 759 perﬁceretur

2077 774 2277 845 (vultis
2340 792 2454 830 uno
2496 777 2671 831 verbo
2717 775 2909 832 virum
2958 776 3329 832 describam?
3375 777 3462 832 vir
3516 776 3723 834 illius:

2076 880 2183 918 nec
2212 864 2369 918 enim
2399 864 2541 933 scio,
2569 864 2709 937 quid
2742 865 2998 937 amplius
3020 864 3210 921 dicere
3241 881 3479 922 necesse
3508 867 3625 937 sit),
3663 871 3728 921 ut

2078 952 2163 1007 sic
2193 956 2313 1009 toto
2344 970 2584 1026 corpore
2614 954 2728 1011 Deo
2753 962 3214 1026 consecraretur,
3239 973 3305 1011 ac
3335 973 3452 1012 non
3483 955 3731 1013 dimidia

2078 1045 2310 1098 tantum
2364 1060 2433 1099 ex
2490 1052 2650 1116 parte
2702 1042 2957 1115 perfecta
3010 1046 3368 1111 discederet,
3417 1045 3730 1118 ipsiusque

2079 1130 2301 1204 aliquid
2361 1133 2772 1204 imperfectum
2828 1134 3274 1206 relinqueretur,
3327 1135 3437 1190 hoc
3493 1150 3731 1206 quoque

2077 1221 2350 1292 precibus
2381 1223 2454 1278 ab
2502 1238 2588 1292 eo,
2623 1223 2723 1293 qui
2754 1222 3117 1280 voluntatem
3146 1224 3482 1280 timentium
3531 1241 3594 1280 se
3641 1224 3727 1279 fa-

2078 1309 2157 1365 cit
2177 1310 2242 1381 ”,
2268 1327 2333 1366 ac
2366 1311 2672 1383 petitiones
2691 1328 2893 1369 eorum
2926 1314 2998 1369 ad
3026 1313 3203 1369 ﬁnem
3224 1313 3512 1385 perducit,
3544 1313 3730 1386 impe-

2075 1400 2268 1456 travit.

2151 1490 2251 1545 28
2268 1493 2295 1545 I
2327 1490 2467 1545 XXI.
2492 1491 2638 1547 Cum
2662 1494 2859 1547 autem
2880 1490 3079 1547 omnia
3097 1508 3166 1548 ex
3187 1491 3374 1564 ipsius
3396 1491 3576 1549 animi
3596 1508 3731 1549 sen-

2077 1579 2261 1634 tentia
2291 1596 2417 1635 sese
2442 1578 2745 1653 haberent,
2768 1598 2872 1637 nec
2894 1581 3217 1653 quidquam
3238 1598 3460 1650 eorum,
3485 1599 3612 1655 quae
3635 1599 3732 1639 ou-

2080 1667 2294 1739 piebst,
2310 1669 2559 1740 abesset,
2578 1671 2820 1741 jamque
2842 1671 3205 1742 prastitutus
3224 1672 3349 1728 dies
3371 1672 3728 1744 immineret,

2077 1756 2160 1812 ita
2183 1758 2307 1828 jam
2340 1760 2408 1813 ad
2444 1763 2692 1814 mortem
2723 1763 2780 1815 et
2808 1761 3030 1816 exitum
3078 1777 3142 1817 se
3190 1764 3731 1833 comparat,etque,

2080 1852 2145 1901 ut
2167 1845 2379 1919 legem,
2394 1865 2519 1919 quae
2541 1848 2601 1903 in
2626 1847 2967 1919 hujusmodi
2990 1850 3165 1907 rebus
3187 1851 3360 1922 viget,
3380 1849 3728 1922 expleret,in

2079 1935 2298 1992 lectum
2336 1954 2399 1994 se
2448 1938 2700 2009 conjicit.
2730 1938 2994 2011 Cumque
3043 1940 3115 1995 ad
3145 1940 3358 2009 virum,
3387 1945 3446 1996 et
3476 1940 3651 2011 ﬂlios,
3674 1944 3734 1996 et

2082 2026 2326 2095 amicos,
2362 2042 2663 2083 sermones
2709 2027 3039 2094 habuisset,
3066 2045 3214 2098 quos
3246 2028 3575 2097 mulierem,
3599 2029 3732 2097 viri,

2084 2119 2142 2171 et
2172 2115 2452 2183 filiorum,
2476 2120 2532 2170 et
2554 2116 2800 2171 fratrum
2831 2133 3028 2172 amore
3051 2117 3354 2189 praeditam
3384 2118 3598 2174 habere
3629 2136 3735 2191 par

2085 2208 2230 2274 erat,
2263 2222 2327 2260 ac
2360 2205 2430 2260 de
2463 2204 2645 2259 altera
2671 2206 2789 2260 vita
2818 2205 3093 2277 praeclare
3124 2206 3522 2280 disseruisset,
3554 2208 3735 2265 diem-

2085 2310 2195 2364 que
2239 2297 2563 2348 extremum
2611 2292 2825 2350 festum
2858 2294 3013 2350 diem
3072 2295 3326 2365 fecisset,
3358 2297 3440 2353 ita
3494 2298 3737 2354 demum

2085 2381 2485 2450 obdormiscit,
2517 2381 2706 2455 plena,
2742 2400 2856 2439 non
2888 2384 3282 2442 humanorum
3314 2386 3566 2459 dierum,
3589 2403 3740 2459 quos

2084 2490 2157 2529 ne
2187 2472 2318 2544 ipsa
2342 2473 2580 2543 quidem
2612 2473 2941 2546 exoptabat,
2971 2479 3169 2547 utpote
3200 2493 3350 2547 quos
3380 2476 3493 2533 sibi
3525 2477 3737 2546 malos,

2086 2565 2143 2618 et
2174 2567 2238 2617 ut
2267 2561 2589 2633 plurimum
2623 2578 2757 2617 cum
2803 2563 3038 2633 pulvere
3068 2567 3126 2619 et
3154 2580 3349 2620 errore
3391 2566 3739 2637 oonjunctos

2089 2667 2217 2707 esse
2247 2668 2363 2706 non
2392 2650 2717 2722 ignoraret;
2759 2651 2859 2707 sed
2901 2651 3131 2707 dierum
3176 2655 3505 2709 secundum
3555 2659 3737 2710 Deum

2087 2739 2168 2795 ita
2197 2739 2387 2811 plena,
2422 2744 2488 2793 ut
2519 2738 2676 2794 haud
2727 2739 2847 2796 scio
2897 2758 2971 2795 an
3020 2741 3261 2813 perinde
3290 2743 3607 2815 quisquam
3639 2760 3735 2800 eo-

2090 2846 2243 2895 rum,
2277 2828 2379 2900 qui
2410 2828 2469 2882 in
2501 2828 2796 2884 ditissima
2835 2834 3131 2886 senectute
3164 2837 3414 2887 mortem
3445 2833 3737 2904 obierunt,

2090 2935 2157 2974 ac
2188 2917 2406 2973 multos
2449 2932 2738 2973 annorum
2771 2918 2941 2973 orbes
2992 2924 3399 2990 numerarunt,
3430 2922 3741 2978 exstiterit.

2088 3007 2183 3063 Sic
2213 3006 2314 3062 illa
2344 3006 2605 3076 solvitur,
2639 3010 2763 3073 aut,
2794 3011 2861 3061 ut
2893 3006 3102 3063 melius
3134 3007 3363 3081 loquar,
3393 3012 3741 3083 assumitur,

2091 3100 2193 3153 aut
2221 3096 2430 3163 avolat,
2456 3099 2555 3151 aut
2579 3095 2987 3168 transmigrat,
3010 3101 3113 3153 aut
3134 3097 3443 3171 paululum
3466 3105 3601 3158 ante
3626 3117 3747 3157 cor-

2089 3202 2201 3258 pus
2234 3183 2515 3240 abscedit.

2161 3274 2331 3330 XXII.
2362 3274 2579 3329 Verum
2620 3274 2916 3330 enimvero
2948 3274 3141 3348 qualis
3187 3276 3376 3349 ipsius
3423 3279 3553 3335 laus
3602 3279 3749 3335 mihi

321 3363 591 3440 έδραμενί
644 3362 790 3438 τάχα
837 3358 882 3414 δ’
933 3359 991 3414 ἂν
1048 3359 1109 3414 οὗ
1158 3360 1568 3433 συνεχώρησας,
1610 3359 1655 3412 ὧ
1687 3358 1749 3412 σὺ
1806 3358 1971 3434 πάτερ

2095 3364 2538 3437 promemodum
2572 3363 2809 3419 excidit!
2840 3365 3087 3421 fortasse
3107 3371 3305 3422 autem
3330 3384 3400 3425 ne
3420 3372 3482 3425 tu
3506 3368 3746 3441 quidem

319 3454 529 3525 ἐκείνης
577 3449 931 3524 πνευματικὶ,
982 3450 1009 3503 ὁ
1055 3450 1144 3504 xui
1187 3450 1432 3525 τηρήσας
1476 3443 1717 3523 ἀκριϐῶς
1750 3449 1811 3503 τὸ
1843 3453 1974 3513 θαῦ-

329 3565 423 3618 μα,
480 3543 572 3597 καὶ
628 3544 763 3613 ἡμῖν
814 3537 1121 3615 γνωρίσας·
1188 3536 1327 3612 μέγα
1378 3539 1471 3609 μὲν
1523 3537 1598 3599 εἰς
1660 3536 1976 3613 φιλοτιμίαν

326 3631 523 3704 ἐκείνῃ,
588 3630 728 3703 μέγα
786 3625 843 3681 δὲ
911 3630 1046 3699 ἡμῖν
1107 3626 1181 3687 εἷς
1239 3626 1546 3699 ὑπόμνησιν
1612 3627 1831 3702 ἀρετῆς,
1889 3627 1979 3680 καὶ

328 3720 495 3783 πόθον
523 3725 623 3787 τῆς
668 3716 836 3786 αὐτῆς
888 3714 1213 3777 ἀναλύσεως.
1267 3715 1368 3773 Καί
1420 3736 1486 3787 με
1534 3715 1699 3790 φρίκη
1733 3737 1814 3778 τις
1849 3717 1979 3770 ὑπο-

327 3809 536 3886 τρέχει,
590 3807 678 3862 καὶ
728 3804 962 3881 δάκρυον
1010 3805 1170 3877 ὁμοῦ,
1225 3804 1571 3877 μεμνημένον
1615 3810 1711 3859 τοῦ
1775 3806 1981 3878 θαύμα-

328 3922 444 3962 τος.
496 3896 719 3953 Ἐλύετο
772 3896 865 3969 μὲν
919 3892 1028 3964 ήδη
1081 3894 1168 3948 xui
1220 3895 1429 3948 ἆνέπνει
1465 3894 1533 3948 τὰ
1560 3894 1864 3964 τελευταῖα,
1896 3895 1985 3949 καὶ

331 3990 502 4065 χορὸς
532 3986 656 4062 περὶ
703 3985 867 4053 αὐτὴν
922 3982 1134 4038 οἰκείων
1182 4003 1241 4037 τε
1288 3981 1377 4037 καὶ
1410 3983 1569 4054 ξένων
1604 3982 1984 4058 χαριζομένων

333 4078 401 4131 τᾶ
431 4075 880 4150 προπεμπτήρια·
913 4072 1003 4126 καὶ
1038 4073 1245 4145 μητρὸς
1274 4077 1504 4147 γηραιᾶς
1537 4070 1804 4135 έπίνευσις
1853 4075 1984 4147 (73),

335 4165 425 4221 καὶ
474 4168 661 4239 ψυχῆς
722 4162 1040 4239 σπαραγμὸς
1101 4159 1517 4232 ζηλοτυπούσης
1571 4162 1670 4231 την
1701 4159 1989 4235 ἐκδημίαν,

333 4255 423 4311 καὶ
474 4252 703 4332 φίλτρον
756 4250 1004 4307 ἁπάντων
1067 4250 1271 4326 ἀγωνίᾳ
1342 4250 1660 4326 σύγκρατον,
1729 4256 1835 4306 τῶν
1894 4254 1989 4325 μὲν

332 4343 362 4400 δ
409 4365 460 4398 τι
502 4342 775 4398 ἀκούσωσι
834 4343 949 4414 (74)
1006 4341 1342 4407 ποθοῦντων,
1389 4342 1613 4413 μνήμης
1646 4339 1989 4416 έμπύρευμα,

329 4438 436 4488 τῶν
471 4430 529 4487 δὲ
553 4431 582 4486 ὅ
610 4453 662 4486 τι
687 4432 1000 4508 φθέγξονται
1034 4426 1498 4503 (75),τολμῶντος
1532 4426 1590 4484 δὲ
1614 4432 1724 4503 (76)
1753 4430 1992 4494 οὐδενός.

331 4520 432 4575 Καὶ
461 4520 619 4597 κωφὰ
666 4522 732 4573 τὸ.
784 4517 1009 4594 δάκρυα,
1060 4518 1149 4573 καὶ
1202 4520 1237 4587 ἡ
1286 4525 1387 4587 τῆς
1434 4518 1613 4588 Λύπης
1646 4517 1775 4572 ὠδῖν
1809 4519 1995 4595 ἀθερα-

330 4630 531 4672 πευτος
590 4606 737 4681 (οὐδὲ
786 4608 889 4684 γὰρ
948 4608 1096 4662 ’ὀσιον
1158 4604 1332 4661 ἐδόκει
1393 4610 1615 4682 θρήνοις
1672 4613 1837 4681 τιμᾷν
1892 4612 1991 4679 τὴν

2086 3455 2145 3510 id
2170 3471 2383 3527 passus
2405 3453 2640 3518 fuisses,
2656 3469 2687 3508 ο
2707 3452 3032 3524 spiritualis
3054 3454 3212 3511 illius
3236 3462 3420 3527 pater,
3443 3457 3545 3529 qui
3566 3459 3743 3515 etiam

2090 3543 2443 3598 miraculum
2502 3542 2662 3596 istud
2724 3546 2991 3597 accurate
3047 3544 3402 3613 observasti,
3453 3546 3744 3619 nobisque

2090 3631 2364 3687 indicasti
2396 3646 2410 3685 :
2446 3646 2727 3702 magnum
2774 3647 2935 3696 sane,
2969 3636 3035 3686 ut
3078 3633 3189 3703 ipsi
3238 3634 3308 3688 ad
3358 3634 3626 3706 gloriam,
3658 3636 3744 3691 ita

2093 3721 2264 3777 nobis
2294 3721 2363 3775 ad
2397 3719 2629 3773 virtutis
2675 3719 3085 3775 moninentum
3116 3725 3291 3792 atque
3321 3725 3583 3795 ejusdem
3618 3726 3741 3781 dis-

2095 3808 2403 3866 solutionis
2430 3807 2808 3863 desiderium.
2832 3809 2909 3862 Ac
2933 3808 3078 3863 mihi
3111 3810 3317 3867 horror
3336 3813 3576 3884 quidam
3608 3817 3744 3871 sub-

2096 3901 2159 3970 it,
2194 3899 2580 3970 lacrymaeque
2624 3896 2823 3966 simul,
2856 3897 2965 3952 hoc
2999 3898 3350 3956 miraculum
3390 3906 3742 3961 recordanti.

2096 3989 2229 4045 Jam
2261 3986 2613 4057 solvebatur,
2638 3990 2815 4057 atque
2858 3990 3149 4043 extremos
3197 3990 3440 4062 spiritus
3486 3992 3747 4061 efﬂabat,

2099 4095 2165 4134 ac
2195 4076 2413 4132 circum
2437 4091 2566 4130 eam
2597 4079 2723 4129 tum
2756 4076 3243 4148 propinquorum,
3267 4084 3394 4136 tum
3415 4086 3749 4139 exterorum

2101 4168 2315 4224 chorus
2346 4169 2490 4233 erat,
2515 4164 2942 4235 prosecutionis
2962 4166 3156 4223 ofﬁcia
3176 4168 3287 4240 ipsi
3317 4172 3749 4242 praestantium;

2101 4261 2159 4313 et
2198 4254 2400 4312 vetulae
2456 4252 2662 4309 matris
2721 4254 3067 4322 observatio,
3103 4257 3430 4330 animaeque
3484 4262 3754 4317 distortio

2103 4346 2323 4402 exitum
2370 4342 2657 4415 zelotypia
2705 4346 3135 4418 prosequentis,
3166 4354 3225 4402 et
3254 4349 3440 4406 mirus
3493 4352 3758 4407 omnium

2106 4451 2271 4491 amor
2300 4432 2588 4489 anxietate
2636 4433 2975 4502 permistus,
3009 4451 3261 4506 quorum
3293 4437 3412 4507 alii,
3448 4441 3518 4495 ad
3550 4457 3761 4497 exsus-

2105 4524 2397 4580 citandam
2430 4522 2488 4575 in
2529 4538 2730 4576 eorum
2768 4522 2980 4577 animis
3032 4523 3220 4596 ipsius
3250 4529 3620 4601 memoriam,
3651 4530 3759 4585 ali-

2104 4612 2244 4683 quid
2276 4610 2478 4665 audire
2517 4609 2865 4680 gestiebant,
2898 4611 2996 4665 alii
3028 4629 3161 4668 vero
3210 4613 3371 4687 loqui
3420 4618 3756 4689 cupiebant,

334 4698 480 4755 οὕτω
531 4698 962 4774 χωριζομένην),
1023 4698 1150 4773 σιγὴ
1201 4693 1258 4751 δὲ
1312 4697 1522 4772 βαθεῖα,
1550 4697 1639 4751 καὶ
1668 4696 1860 4769 τελετή
1910 4720 1979 4755 τις

2102 4717 2209 4756 nec
2246 4703 2442 4755 tamen
2492 4697 2805 4754 audebant.
2839 4700 2919 4753 Ac
2966 4704 3142 4756 mutae
3190 4702 3480 4775 lacrymae,
3515 4722 3755 4762 moeror-

407 4834 453 4869 ²⁹
485 4830 636 4889 Psal.
668 4848 852 4899 CXLIV,
887 4832 974 4887 19.

406 4965 520 5037 (66)
564 4964 629 5020 Ἡ
685 4963 864 5037 κυρία.
924 4964 1144 5032 Schol.,
1182 4965 1230 5037 fi;
1278 4963 1557 5037 νὸρισθεῖσα
1611 4967 1710 5018 τοῦ
1767 4962 1996 5020 θανάτου

331 5036 537 5111 ἡμέρα,
566 5036 987 5111 «constitutus
1020 5036 1227 5111 mortis
1257 5036 1403 5111 dies.
1429 5057 1456 5086 ››

408 5104 658 5182 Τῆς
706 5107 1099 5182 κατακλίσεως.
1132 5108 1406 5182 Qoisl._l,
1460 5108 1560 5174 τῆς
1610 5104 1847 5181 ἐσχάτης
1901 5129 1997 5164 κα-

332 5179 656 5251 τακλίσεως,
691 5204 719 5231 ‹‹
756 5181 1033 5237 ultimum
1070 5198 1132 5236 se
1162 5179 1376 5237 lectulo
1409 5179 1728 5250 componit.
1756 5203 1784 5229 ››

407 5255 521 5326 (68)
554 5254 953 5325 Ἐπισκήψασα.
1006 5253 1204 5326 Malim
1251 5268 1319 5306 ια
1354 5268 1486 5326 cum
1550 5251 1817 5326 pluribus
1878 5270 1998 5308 ser-

336 5324 613 5381 mOnibus
646 5324 938 5381 obtestata
966 5330 1142 5390 esset,
1176 5324 1557 5395 injunxisset,
1592 5325 1949 5393 mandasset,
1970 5348 1997 5375 »

338 5400 447 5451 etc.

559 5465 896 5541 Στνηύχετο.
931 5468 1073 5541 Reg.
1107 5462 1575 5541 ὺωμσυνεύχετο.

432 5471 525 5532 69)
559 5471 896 5537 Στνηΰχετο.
931 5471 1073 5541 Reg.
1108 5471 1231 5535 bm,
1264 5471 1575 5538 συνεύχετο.

410 5471 526 5613 (70)
556 5538 703 5613 Μετὰ
740 5542 846 5613 ’τοῦ
893 5540 1051 5613 χοός,
1095 5546 1206 5596 etc.
1240 5538 1448 5594 Billius
1481 5557 1511 5587 ‹‹
1542 5552 1676 5593 cum
1727 5538 2001 5610 pulverea

340 5608 705 5682 mole‘atque
736 5608 1088 5682 impo's'tura.
1116 5634 1137 5663 ε

342 5678 524 5812 d("71)
553 5678 954 5756 Προαποδημεῖ
990 5686 1087 5738 τοῦ
1129 5684 1403 5757 σώματος.
1439 5703 1469 5731 (ί
1499 5684 1747 5752 Corpore
1796 5683 2000 5741 absce-

382 5771 400 5809 Ι
438 5774 499 5809 .))

382 5755 451 5810 it.
469 5774 499 5802 »

410 5823 527 5904 (72)
556 5822 787 5902 Μικρόν.
820 5825 961 5902 Reg.
996 5845 1053 5901 a,
1097 5826 1275 5885 Coisl.
1326 5828 1380 5883 1.
1429 5825 1549 5882 Jes.
1611 5827 1670 5881 et
1715 5825 2000 5903 Combef.,

2112 4970 2354 5041 μικρβδῖο

2179 5034 2291 5122 ('73)
2316 5034 2640 5122 ςΕπίνευσις.
2675 5060 2704 5088 ‹‹
2735 5037 3098 5122 observatio,
3132 5042 3465 5122 propensio.
3487 5064 3513 5097 ιι
3549 5045 3760 5122 Adsta-

2108 5087 2399 5195 ba‘t‘ehim‘
2427 5108 2685 5181 longaeva
2715 5115 2922 5195 mater,
2946 5087 3525 5195 .inclinfatorcorpore,
3551 5087 3761 5195 pronis

2108 5181 2688 5263 oculishobservans,
2723 5187 2785 5236 ut
2835 5181 3175 5263 lie'riusolet,
3210 5181 3760 5263 extre'mos'Gorgo-

2108 5255 2216 5311 niis
2249 5252 2697 5334 halitus.gEl‘ias,
2733 5270 2906 5324 quem
2939 5256 3143 5334 Billius
3182 5260 3478 5334 sequitur,
3510 5279 3612 5334 pro
3644 5252 3761 5316 ὲῖῖτί-

2107 5325 2551 5405 νευσιςμὴειὶξθιη
2576 5321 2901 5405 ἐπίπνὲυσις,
2928 5350 2956 5377 ‹‹
2990 5321 3289 5405 ειρὶιέιζὶφ)⁸
3313 5354 3338 5381 ››
3386 5321 3528 5405 quin.
3572 5350 3763 5403 voces,

2102 5396 2741 5485 juxta‘qo‘mbeﬁsium,
2776 5398 2868 5485 hic
2904 5396 3109 5485 parum
3142 5396 3439 5485 dilferunt.

2180 5471 2291 5541 (74)
2418 5488 2469 5543 τι
2502 5466 2793 5543 ἀκούσωσι.
2828 5466 3111 5543 (1οὼ1)θῒ.,
3143 5472 3174 5527 ὅ
3201 5495 3251 5527 τι
3286 5475 3597 5531 ἁκουσουσι.

2150 5537 2295 5668 θ(7ξ)
2328 5539 2394 5593 Δὶ
2433 5537 2462 5593 ὅ
2498 5560 2552 5593 τι
2601 5538 2934 5616 φθέγξονται.
2985 5537 3161 5601 Coisl.
3215 5549 3240 5602 1
3293 5557 3352 5605 et
3397 5553 3513 5606 Jes.
3547 5543 3595 5600 δ’
3632 5545 3664 5602 ὅ
3709 5566 3763 5603 τι

2207 5634 2240 5668 γ
2272 5632 2459 5667 ωνται.

2272 5632 2459 5667 ωνται.

2110 5615 2459 5691 φθέγξωνται.

2182 5688 2293 5759 (76)
2323 5682 2650 5762 Τολμῶντος
2684 5678 2761 5762 δέ,
2795 5689 2904 5741 etc.
2935 5687 2994 5742 Si
3026 5692 3317 5760 praecedat
3363 5693 3649 5762 punctum
3681 5691 3764 5747 ita

2108 5754 2451 5838 vertendum
2484 5771 2498 5809 :
2524 5777 2553 5838 ς‹
2586 5754 2818 5815 nemine
2844 5774 2979 5817 vero
3005 5754 3277 5838 audente,
3299 5754 3475 5822 mutae
3500 5762 3764 5821 ﬂuebant

2108 5829 2402 5908 lacrymae,
2427 5850 2456 5879 »
2486 5830 2596 5883 etc.
