4070 6418
328 402 443 465 821

1178 404 1470 466 ORATIO
1513 404 1619 465 1X.
1653 434 1732 451 —-
1768 405 2368 467 APOLOGETICUS
2415 404 2520 464 AD
2566 404 2915 465 PA'I‘REM.

3639 391 3761 465 829

330 534 710 613 θρωπότητος.
750 532 1075 611 Ὀφθαλμοῦ
1108 534 1203 605 μὶν
1233 536 1337 609 γὰρ
1385 534 1598 590 ἀτονίαν
1644 534 1824 607 ἣλιος,
1883 539 1984 609 ψυ-

2107 538 2192 605 ius
2206 537 2577 607 tristitiaeque
2589 536 2825 591 nomine
2840 535 2982 589 mihi
2998 549 3339 591 succensere
3352 534 3753 606 nequeo.Nam

330 629 438 701 χῆς
469 623 527 680 δὲ
582 622 888 701 ἀρρωστίαν
940 626 1018 699 (8)
1068 622 1287 698 ἐλέγχει
1343 625 1472 687 Θεὸς
1516 622 1800 699 ἐπιδημῶν
1833 668 1845 682 .
1904 624 1994 679 καὶ

328 719 448 777 τοῖς
512 715 604 788 μέν
663 712 771 768 ἐστι
832 716 969 791 φῶς,
1026 716 1145 775 τοῖς
1205 710 1262 767 δὲ
1308 718 1438 789 πῦρ,
1500 714 1703 787 ἑκάστῳ
1732 716 1867 769 κατὰ
1897 716 1997 782 τὴν

334 804 697 877 ὑποκειμένην
731 800 871 873 ὓλην
912 824 971 857 τι
1016 804 1106 856 καὶ
1153 801 1442 873 ποιότητα.
1496 804 1562 861 Τί
1614 800 1997 877 ὑπολαμϐάνο-

336 914 431 967 μεν
460 892 582 969 περῖ
614 896 712 947 τοῦ
743 890 963 962 Σαούλ;
995 891 1263 967 Ἐχρίσθη
1303 893 1396 966 μὲν
1448 893 1573 969 γὰρ,
1622 894 1711 948 καὶ
1768 896 1997 967 μετέσχε

329 987 426 1038 τοῦ
485 982 821 1057 Πνεύματος,
884 982 974 1037 καὶ
1034 984 1099 1050 ἦν
1159 980 1281 1036 τότε
1331 982 1719 1055 πνευματικὸς,
1772 980 1887 1036 οὐδ’
1935 982 1992 1036 ἃν

333 1071 443 1148 ἐγὼ
471 1072 592 1149 περὶ
628 1071 793 1127 αὐτοῦ
846 1071 1010 1149 φαίην
1063 1069 1283 1146 ἑτέρως,
1329 1070 1476 1127 ἀλλὰ
1520 1073 1612 1127 καὶ
1663 1073 1998 1149 προεφήτευ-

333 1182 389 1215 σε
421 1165 494 1234 (9)
522 1161 614 1216 καὶ
646 1161 791 1216 οὕτω
820 1162 948 1237 παρ’
999 1160 1198 1215 ἐλπίδα
1243 1161 1333 1215 καὶ
1383 1162 1445 1216 τὸ
1492 1162 1633 1223 εἰκὸς
1680 1165 1814 1234 (10),
1860 1161 1996 1216 ὣστε

328 1250 418 1304 καὶ
485 1249 787 1326 παροιμίαν
842 1249 1084 1325 γενέσθαι
1158 1250 1220 1304 τὸ
1277 1252 1457 1323 θαῦμα
1516 1250 1727 1306 ἐκεῖνο·
1790 1251 1849 1304 Εἰ
1903 1251 1993 1305 καὶ

332 1338 515 1393 Σαοὺλ
575 1338 627 1392 έν
684 1339 1034 1415 προφήταις;
1088 1336 1163 1399 εἷς
1220 1337 1296 1391 ἔτι
1369 1339 1459 1392 καὶ
1534 1344 1623 1392 νῦν
1696 1337 1995 1413 λεγόμενόν

331 1447 390 1481 τε
416 1426 506 1481 καὶ
570 1426 923 1500 ἀκουόμενον.
976 1427 1126 1481 Ἐπεὶ
1178 1424 1235 1481 δὲ
1287 1427 1395 1502 οὐχ
1444 1426 1577 1482 ὅλον
1639 1431 1751 1501 (11)
1804 1428 1989 1482 ἐαυτὸν

335 1514 649 1592 έμπαρέσχε
700 1520 778 1588 τῷ
836 1515 1129 1589 Πνεύματι,
1186 1513 1310 1570 οὐδὲ
1358 1516 1591 1594 ἐστράφη
1631 1522 1879 1592 καθαρῶς
1914 1518 1988 1580 εἷς

332 1602 501 1681 ἄνδρα
532 1604 727 1675 ἀλλον,
760 1606 834 1667 ὡς
866 1604 1302 1681 κεχρημάτιστο,
1352 1604 1479 1660 ἀλλ’
1530 1605 1763 1680 ἐνέμεινέ
1804 1628 1858 1661 τι
1894 1604 1990 1661 τοῦ

331 1692 570 1749 παλαιοῦ
622 1701 723 1764 τῆς
778 1695 969 1756 κακίας
1048 1697 1364 1769 σπινθῆρος,
1415 1697 1505 1750 καὶ
1578 1700 1676 1750 τοῦ
1750 1701 1991 1771 πονηροῦ

332 1782 659 1859 σπέρματος,
718 1784 805 1837 καὶ
865 1783 930 1852 ἦν
990 1781 1040 1837 ἰν
1102 1782 1248 1855 αὐτῷ
1310 1785 1461 1859 μάχη
1537 1784 1843 1857 πνεύματος
1902 1784 1990 1839 καὶ

2104 626 2603 697 quemadmodum
2624 624 2710 680 sol
2741 623 3515 680 oculorumimbecillitatem
3539 625 3752 695 prodit,

2105 716 2308 771 eodem
2340 715 2510 769 modo
2543 715 2698 769 Deus
2730 714 2936 769 animae
2985 713 3389 767 infirmitatem
3450 712 3760 784 praesentia

2106 821 2214 859 sua
2246 803 2549 875 coarguit;
2577 807 2752 874 atque
2782 802 2915 858 aliis
2947 802 3184 874 quidem
3240 800 3360 869 lux,
3420 800 3548 856 aliis
3605 800 3761 871 ignis

2106 899 2215 959 est,
2246 892 2565 964 unicuique
2597 892 2866 948 videlicet
2896 892 3119 947 ratione
3175 891 3450 961 subjectae
3502 890 3765 945 materiae

2106 987 2281 1054 atque
2312 982 2631 1052 qualitatis.
2661 981 2808 1045 Quid
2846 982 2913 1037 de
2946 980 3119 1037 Saule
3138 980 3547 1035 existimamus
3567 979 3594 1033 ?
3615 978 3761 1034 Nam

2109 1078 2165 1128 et
2187 1076 2402 1127 unctus
2424 1077 2533 1139 est,
2558 1077 2614 1126 et
2635 1070 2917 1142 Spiritum
2943 1071 3219 1142 percepit,
3245 1086 3311 1125 ac
3340 1073 3468 1124 tum
3490 1068 3766 1140 spiritua-

2114 1163 2188 1217 lis
2222 1166 2367 1229 erat,
2403 1178 2519 1215 non
2553 1160 2709 1217 enim
2732 1162 2802 1215 de
2821 1176 2887 1216 eo
2910 1176 3079 1215 secus
3096 1159 3363 1225 dixerim,
3390 1164 3567 1231 atque
3583 1158 3761 1213 etiam

2104 1251 2492 1324 prophetavit,
2548 1252 2724 1322 idque
2781 1251 2924 1305 adeo
2972 1254 3184 1321 praeter
3227 1248 3537 1305 hominum
3595 1264 3763 1319 spem

2103 1345 2278 1412 atque
2308 1340 2667 1412 opinionem,
2704 1344 2769 1394 ut
2798 1356 2865 1394 ex
2909 1338 3011 1393 illo
3051 1338 3334 1393 miraculo
3381 1337 3758 1409 proverbium

2102 1429 2210 1484 hoc
2242 1429 2494 1494 ﬂuxerit,
2526 1430 2677 1499 quod
2714 1444 2867 1483 nunc
2900 1426 3343 1500 quoquereferri
3367 1432 3543 1498 atque
3565 1427 3759 1482 audiri

2102 1518 2285 1574 solet:
2329 1520 2470 1574 Num
2515 1522 2564 1573 et
2621 1518 2755 1573 Saul
2812 1520 2959 1573 inter
3011 1518 3300 1587 prophetas
3319 1515 3412 1570 37?
3466 1516 3755 1582 Quoniam

2102 1613 2296 1663 autem
2329 1623 2390 1662 se
2418 1611 2605 1662 totum
2627 1606 2869 1679 Spiritui
2891 1607 3179 1662 utendum
3213 1622 3326 1660 non
3360 1606 3628 1677 praebuit,
3651 1621 3757 1661 nec

2102 1711 2245 1767 pure
2278 1700 2452 1767 atque
2482 1695 2729 1767 integre,
2754 1699 2820 1750 ut
2852 1694 3154 1751 oraculum
3188 1695 3427 1763 ferebat,
3468 1695 3527 1748 in
3568 1695 3753 1749 alium

2100 1786 2291 1841 virum
2316 1790 2579 1841 mutatus
2609 1790 2731 1852 est;
2757 1786 2857 1841 sed
2888 1784 3124 1857 pristini
3156 1783 3553 1856 improbitatis
3584 1784 3757 1839 fomi-

333 1870 530 1947 σαρκός
555 1889 568 1902 ·
618 1870 672 1927 τί
728 1873 841 1947 χρή
890 1873 1065 1926 πάντα
1113 1871 1474 1947 ἐκτραγῳδεῖν
1507 1874 1573 1927 τὰ
1603 1874 1846 1943 ἐκείνου;
1884 1872 1991 1928 ἷίστε

372 1961 387 1977 κ
456 1960 471 1977 θ
615 1960 626 1977 .
846 1965 873 1974 ρ.
1112 1960 1126 1977 ι
1227 1962 1241 1977 ι
1351 1966 1360 1977 .
1397 1961 1436 1977 ,ς
1636 1964 1662 1977 ν
1888 1962 1939 1977 ,κ

2107 1874 2183 1929 tis
2214 1875 2495 1947 pravique
2513 1874 2757 1930 seminis
2783 1873 3052 1929 nonnihil
3075 1876 3401 1945 supererat,
3422 1873 3667 1944 atquein
3691 1890 3756 1929 eo

331 1961 396 2015 τὸ
452 1960 688 2015 ἐναντίον
745 1965 979 2033 πνεῦμα,
1039 1960 1128 2015 καὶ
1187 1962 1278 2015 τὸν
1337 1961 1575 2034 ψάλτην,
1622 1962 1997 2036 ᾦκατεπῄδε-

331 2070 395 2104 το
428 2052 561 2122 (12).
623 2048 777 2117 Πλὴν
838 2048 1006 2104 έκεῖνο
1064 2048 1347 2113 κάντεῦθεν
1405 2052 1707 2126 γνώριμον,
1766 2052 1996 2121 ὃτι,κῖ”ὶν

339 2140 415 2211 μὴ
473 2141 582 2193 τῶν
629 2137 854 2208 ἀναξίων
917 2140 1033 2212 (13)
1092 2141 1127 2207 ἡ
1190 2140 1352 2214 χάρις
1411 2137 1645 2210 ἅπτηται
1689 2144 1820 2213 (14),
1858 2138 1999 2214 μηδὲ

338 2230 576 2302 πονηροῦ
605 2226 696 2281 καὶ
728 2227 1071 2301 ἀναρμόστου
1118 2226 1400 2290 παντελῶς
1455 2233 1553 2283 τοῦ
1610 2228 1839 2305 ὀργάνου
1898 2229 1997 2303 (εἰς

334 2315 437 2390 γὰρ
463 2314 797 2391 κακότεχνον
857 2318 1045 2391 ψυχὴν
1109 2318 1184 2391 μὴ
1246 2315 1637 2372 εἰσελεύσεσθαι
1696 2318 1883 2396 σοφίαν
1931 2316 1999 2373 aif-

336 2425 495 2479 ρηται
525 2404 733 2475 καλῶς,
767 2406 918 2481 κάγὼ
962 2404 1265 2479 πείθομαι),
1321 2406 1468 2462 ἀλλὰ
1516 2406 1747 2485 φυλάξαι
1791 2430 1851 2485 γε
1896 2410 1994 2476 τήν

333 2492 505 2566 ἀξίαν,
536 2492 626 2546 καὶ
656 2494 756 2563 τὴν
791 2493 1083 2569 ἁρμονίαν,
1119 2494 1194 2557 ὡς
1227 2496 1254 2548 ὁ
1286 2494 1418 2568 ἐμὸς
1457 2494 1642 2572 λόγος,
1694 2495 1851 2573 ἔργον
1902 2497 2001 2552 οὐκ

332 2580 578 2655 ἔλαττον,
629 2582 663 2651 ἢ
712 2583 968 2659 ἀπαρχῆς
1021 2585 1361 2660 ἁρμοσθῆναι
1410 2584 1595 2647 καλῶς
1642 2584 1730 2640 καί
1760 2586 1998 2657 ἀξιωθῆ-

330 2692 440 2742 ναι,
476 2668 565 2726 διὰ
592 2672 655 2727 τὸ
712 2673 939 2747 τρεπτὸν
998 2672 1084 2727 οιαὶ
1139 2671 1449 2729 ἀλλοιωτὸν
1509 2681 1609 2743 τῆς
1650 2674 1997 2750 ἀνθρωπίνης

329 2758 489 2832 ἕξεως
543 2781 603 2816 τε
652 2763 743 2815 καὶ
796 2761 1048 2837 φύσεως·
1101 2763 1147 2834 ᾧ
1196 2782 1259 2837 γε
1309 2764 1420 2835 (15)
1468 2762 1557 2817 καὶ
1599 2766 1633 2832 ἡ
1667 2765 1828 2839 χάρις
1860 2764 1993 2833 αὐτή

333 2848 629 2920 πολλάκις,
657 2848 732 2904 ’ἶν’
762 2850 901 2905 εἷ’πω
930 2854 1040 2905 κῶν
1093 2852 1377 2924 ἡμετέρων
1417 2856 1597 2906 κακῶν
1630 2853 1693 2906 τὸ
1726 2852 1997 2929 σχετλιώ-

335 2938 495 2991 τατόν
528 2958 587 2991 τε
638 2939 728 2992 καὶ
778 2937 1240 3015 παραδοξότατον,
1298 2940 1465 3017 τύφον
1527 2939 1870 3012 έμποιήσασα
1907 2942 1996 2997 καὶ

343 3026 733 3101 μετεωρίσασα,
792 3030 1112 3103 κατήνεγκεν
1172 3028 1279 3082 απὸ
1339 3032 1473 3083 Θεοῦ
1530 3028 1654 3091 τοὺς
1694 3029 1755 3083 οὗ
1812 3029 1995 3093 καλῶς

335 3113 810 3191 προσεγγίσαντας,
844 3115 933 3169 καὶ
970 3110 1281 3187 κατεϐλήθη
1298 3137 1390 3189 μεν
1445 3118 1557 3190 (16)
1607 3118 1658 3172 ἂν
1708 3117 1787 3191 τῷ
1832 3118 1995 3197 ἐπαρ-

325 3204 508 3275 θῆναι,
567 3201 660 3257 ’ίνα
716 3204 939 3279 γένηται
1004 3206 1125 3269 καθ’
1182 3200 1494 3281 ὑπερϐολὴν
1574 3208 1901 3284 ἁμαρτωλὸς
1958 3211 1992 3279 ἡ

2108 1980 2239 2019 cum
2274 1963 2485 2035 spiritu
2520 1980 2651 2019 caro
2684 1963 3035 2035 conﬂigebat
3057 1962 3228 2034 ;quid
3250 1961 3637 2018 omnesillius
3667 1979 3763 2017 ca-

2107 2052 2405 2108 lamitates
2420 2052 2642 2124 tragica
2663 2050 2925 2107 oratione
2945 2049 3219 2122 prosequi
3241 2065 3479 2105 necesse
3497 2053 3589 2105 est
3607 2050 3634 2103 ‘I
3654 2049 3764 2104 No-

2109 2140 2215 2195 stis
2247 2140 2836 2195 adversariumillum
2869 2139 3167 2210 spiritum,
3188 2142 3245 2193 et
3264 2137 3542 2205 Psaltem,
3587 2138 3759 2208 cujus

2109 2234 2283 2285 cantu
2317 2229 2763 2284 demulcebatur
2782 2229 2846 2284 38.
2910 2230 3111 2299 Itaque
3141 2227 3278 2282 hinc
3334 2243 3569 2298 quoque
3610 2226 3758 2283 illud

2110 2320 2418 2391 perspicue
2446 2319 2795 2385 ostenditur,
2833 2318 3066 2373 tametsi
3094 2317 3291 2372 divina
3308 2317 3496 2388 gratia
3518 2317 3577 2371 in
3609 2316 3760 2371 indi-

2108 2426 2252 2480 gnos
2285 2408 2527 2463 minime
2560 2409 2713 2464 236
2739 2408 2969 2473 inﬂuat,
3002 2424 3109 2462 nec
3141 2407 3199 2460 in
3224 2405 3448 2461 malum
3480 2406 3761 2477 omnique

2112 2515 2353 2571 prorsus
2386 2497 2696 2553 harmonia
2738 2498 3089 2553 destitutum
3139 2512 3425 2567 organum
3476 2496 3556 2567 (in
3592 2495 3762 2551 mali-

2108 2603 2284 2659 gnam
2308 2589 2463 2643 enim
2492 2587 2750 2642 animam
2785 2604 2900 2641 non
2959 2587 3362 2657 ingressuram
3409 2584 3759 2655 sapientiam

2108 2682 2262 2731 recte
2293 2676 2515 2731 dictum
2550 2681 2637 2731 est
2658 2678 2722 2744 3°,
2778 2680 2954 2747 atque
2985 2675 3069 2729 ita
3115 2690 3463 2746 persuasum
3526 2673 3754 2745 habeo),

2106 2771 2300 2821 tamen
2334 2767 2405 2821 ob
2433 2766 2704 2820 humana;
2728 2764 3093 2820 habitudinis
3115 2768 3169 2819 et
3206 2766 3427 2817 natura)
3460 2763 3761 2818 mutabili-

2105 2860 2286 2911 tatem
2310 2860 2367 2910 et
2394 2855 2867 2924 inconstantiam,
2920 2871 3035 2909 non
3087 2852 3353 2918 minoris,
3400 2856 3466 2907 ut
3519 2853 3759 2924 quidem

2105 2944 2231 3015 ipse
2261 2944 2555 3009 existimo,
2576 2942 2784 3012 negotii
2808 2947 2898 2997 est
2927 2942 3274 3014 dignitatem
3306 2958 3478 2996 suam
3521 2958 3759 2997 concor-

2106 3034 2385 3105 diamque
2406 3033 2554 3087 tueri
2578 3037 2634 3087 et
2656 3048 3021 3099 conservare,
3060 3046 3238 3102 quam
3277 3046 3309 3084 a
3341 3029 3627 3101 principio
3684 3031 3759 3085 ad

2107 3124 2480 3179 concordiam
2499 3127 2654 3177 recte
2685 3120 2945 3193 perduci,
2970 3136 3035 3175 ac
3058 3119 3405 3191 dignitatem
3440 3119 3755 3191 consequi:

2108 3212 2322 3285 quippe
2355 3228 2490 3267 cum
2532 3227 2683 3283 saepe
2733 3210 2923 3283 gratia
2978 3209 3109 3281 ipsa
3147 3209 3234 3280 (ut
3278 3209 3433 3279 quod
3491 3208 3761 3264 omnium

332 3291 592 3368 ἁμαρτία,
671 3291 761 3347 διά
821 3298 923 3349 τοῦ
983 3295 1186 3369 ἀγαθοῦ
1248 3316 1341 3369 μοι
1397 3298 1836 3372 κατεργαζομένη
1899 3300 1991 3363 θά-

2110 3284 2398 3357 malorum
2423 3305 2759 3357 nostrorum
2801 3300 3201 3355 miserrimum
3245 3303 3335 3353 est
3390 3298 3763 3369 maximeque

334 3402 495 3437 νατον
507 3425 520 3438 ο

2114 3391 2471 3461 mirandum,
2506 3390 2741 3461 dicam),
2775 3389 2993 3444 fastum
3029 3388 3198 3443 nobis
3229 3391 3285 3442 et
3306 3387 3616 3443 elationem
3662 3404 3763 3459 pa-

328 3472 466 3542 riat,
498 3472 719 3543 sicque,
755 3490 789 3529 a
832 3474 973 3542 Deo,
1005 3475 1078 3530 ad
1127 3492 1302 3547 quem
1353 3494 1490 3548 non,
1524 3482 1588 3534 ut
1637 3479 1853 3545 decuit,
1888 3480 2269 3549 accessimus,
2300 3481 2566 3537 exturbet
2598 3497 2663 3534 ac
2706 3478 2960 3549 dejiciat,
2993 3482 3164 3546 atque
3212 3478 3294 3531 ita
3342 3477 3481 3531 dum
3531 3477 3760 3533 extolli-

329 3581 487 3633 mur,
520 3580 883 3634 corruamus,
916 3570 983 3622 ut
1027 3567 1131 3624 ﬁat
1177 3585 1360 3640 supra
1391 3570 1634 3625 modum
1684 3586 1933 3642 peccans
1986 3577 2312 3644 peccatum,
2344 3572 2625 3627 nimirum
2677 3587 2779 3641 per
2826 3570 2885 3625 id
2934 3568 3091 3640 quod
3143 3568 3361 3623 bonum
3410 3571 3519 3636 est,
3552 3584 3755 3625 necem

331 3651 481 3707 mihi
512 3652 759 3708 afferens
782 3654 848 3710 ‘0.

402 3744 473 3796 I".
530 3738 705 3794 Ταῦτά
762 3738 927 3810 ἐστιν,
991 3740 1023 3795 ἂ
1080 3740 1185 3817 ἐγὼ
1245 3740 1527 3817 δεδοικὼς,
1610 3747 1832 3823 πικρίας
1904 3748 1986 3802 έν-

324 3826 608 3899 επλήσθήν
640 3828 730 3884 καὶ
761 3829 1081 3905 κατηφείας,
1109 3830 1197 3885 καί
1228 3855 1281 3887 τι
1310 3838 1558 3888 τοιοῦτον
1606 3834 1819 3906 ἔπαθον,
1873 3837 1986 3891 οἷον

323 3918 461 3993 πρὸς
490 3916 584 3979 τὰς
642 3918 917 3993 ἀστραπὰς
966 3920 1018 3973 οἱ
1066 3918 1278 3993 παῖδες,
1332 3920 1534 3991 ἡδονὴν
1590 3924 1846 3996 ἐκπλήξει
1899 3948 1988 3999 μι-

2173 3750 2270 3805 III.
2306 3750 2437 3805 Haec
2468 3752 2627 3819 sunt,
2662 3765 2789 3820 quas
2840 3763 2945 3820 ego
2991 3749 3281 3813 metuens,
3314 3746 3629 3802 acerbitate
3686 3763 3753 3802 ac

2101 3838 2381 3895 mmstitia
2423 3837 2702 3909 impletus
2744 3854 2899 3903 sum,
2935 3836 3251 3906 eodemque
3282 3836 3455 3891 modo
3484 3834 3749 3905 affectus,

2100 3946 2215 4000 quo
2246 3929 2410 4001 pueri
2440 3929 2509 3983 ad
2546 3927 2810 3997 fulgetra,
2845 3944 2911 3981 ex
2933 3943 3184 3997 quorum
3232 3925 3565 3997 spectaculo
3613 3942 3750 3980 con-

322 4005 545 4081 γνῦντες
605 4005 664 4062 ἐκ
718 4013 813 4063 τοῦ
871 4009 1177 4082 θεάματος·
1238 4012 1501 4086 ἠγάπησά
1573 4035 1631 4068 τε
1711 4015 1851 4085 ὁμοῦ
1927 4016 1989 4069 τὸ

2107 4019 2361 4087 iunctam
2394 4034 2525 4073 cum
2586 4016 2974 4072 admiratione
3006 4032 3072 4071 ac
3104 4018 3343 4086 stupore
3389 4012 3750 4085 voluptatem

326 4098 573 4168 Πνεῦμα,
627 4097 716 4150 καὶ
763 4091 1075 4174 ἐφοϐήθην·
1125 4099 1214 4153 καὶ
1266 4101 1473 4177 χρόνου
1523 4103 1665 4164 τινὸς
1732 4099 1985 4175 ἐδεήθην,

325 4181 405 4246 εἰς
465 4183 695 4257 ἐμαυτὸν
756 4186 1094 4265 σοστραφεὶς,
1150 4188 1377 4263 ἰκνῆψαι
1428 4192 1541 4264 (17)
1599 4191 1688 4245 καὶ
1746 4191 1986 4265 γενέσθαι

320 4279 423 4342 τῆς
479 4273 881 4352 ἀσφαλεστέρας
944 4277 1139 4352 μοίρας
1195 4278 1285 4333 καὶ
1344 4279 1672 4355 κρείττονος,
1725 4280 1837 4349 ἵνα,
1890 4285 1987 4335 τοῦ

322 4360 630 4425 λυποῦντος
664 4364 1071 4435 ὑπεξελθόντος,
1106 4365 1287 4442 ὥσπερ
1342 4369 1589 4437 ζιζανίων
1642 4368 1693 4423 ἐν
1745 4369 1989 4444 σπέρμα-

323 4471 399 4518 τι,
458 4452 550 4506 καὶ
603 4456 712 4507 τῶν
771 4453 993 4530 φαύλων
1056 4454 1337 4531 λογισμῶν
1397 4457 1644 4528 εἰξάντων
1676 4464 1795 4521 τοῖς
1828 4459 1985 4532 ἀμεί-

323 4559 468 4608 νοσι,
488 4541 684 4613 νικήσῃ
713 4543 963 4617 καθαρῶς
992 4544 1054 4597 τὸ
1086 4545 1325 4619 Πνεῦμα,
1357 4546 1445 4600 καί
1481 4543 1716 4619 μελαϐὸν
1750 4551 1863 4620 (18)
1886 4546 1987 4622 ἔχῃ

2098 4104 2356 4177 capiunt.
2386 4104 2669 4176 Spiritum
2692 4103 2848 4157 enim
2894 4101 3070 4157 simul
3130 4106 3187 4156 et
3237 4100 3446 4169 amavi,
3495 4111 3552 4156 et
3607 4102 3752 4156 exti-

2100 4195 2222 4249 mui
2248 4211 2260 4249 :
2288 4192 2687 4264 nonnulloque
2712 4192 2991 4263 temporis
3024 4191 3215 4263 spatio
3254 4208 3401 4263 opus
3452 4191 3651 4259 habui,
3686 4194 3753 4245 ut

2100 4300 2192 4339 me
2224 4285 2347 4355 ipse
2394 4282 2725 4354 colligerem
2750 4287 2807 4336 et
2837 4281 3172 4351 excitarem,
3207 4298 3272 4336 ac
3321 4278 3551 4335 meliori
3582 4279 3757 4335 tutio-

2098 4373 2264 4444 rique
2296 4373 2447 4444 parti
2472 4373 2856 4445 adjungerem
2889 4397 2902 4439 ;
2936 4374 3017 4438 ut,
3067 4370 3429 4426 subducente
3463 4386 3590 4426 sese
3620 4386 3755 4425 maz-

2098 4478 2248 4527 rore,
2283 4479 2398 4516 non
2431 4477 2601 4516 secus
2649 4477 2714 4516 ac
2774 4460 3013 4515 zizaniis
3042 4459 3100 4513 in
3158 4458 3403 4526 semine,
3465 4458 3756 4531 malisque

2096 4550 2552 4622 cogitationibus
2583 4550 2809 4605 meliori
2832 4548 3076 4605 consilio
3108 4548 3473 4613 cedentibus,
3501 4548 3755 4619 Spiritus

318 4628 459 4703 πρὸς
486 4627 586 4695 τὴν
616 4628 806 4683 ἑαυτοῦ
839 4626 1109 4687 διακοίναν
1156 4633 1245 4687 καὶ
1297 4632 1658 4711 λειτουργίαν,
1709 4637 1845 4711 πρὸς
1894 4636 1983 4691 τὸν

2107 4641 2215 4707 iam
2250 4638 2421 4710 plane
2443 4638 2718 4707 vinceret,
2754 4654 2963 4708 meque
2985 4638 3058 4692 ad
3109 4636 3457 4692 famulatum
3488 4653 3663 4692 suum
3695 4647 3754 4692 et

316 4718 685 4792 καταρτισμὸν
719 4720 833 4792 (19)
864 4724 963 4774 τοῦ
995 4720 1130 4777 λαοῦ
1159 4722 1378 4797 τούτου,
1411 4724 1547 4800 πρὸς
1580 4728 1772 4799 ψυχῶν
1797 4721 1988 4802 κυϐέρ-

2096 4727 2493 4782 ministerium
2508 4725 2873 4793 uteretur,ad
2891 4723 3093 4796 populi
3113 4724 3293 4795 hujus
3311 4723 3754 4793 perfectionem,

391 4843 435 4878 ³⁷
465 4843 489 4899 Ι
515 4847 654 4918 Reg.
688 4862 745 4913 x,
779 4847 866 4902 12.
945 4847 989 4883 ³⁸
1019 4849 1041 4903 Ι
1070 4850 1209 4923 Reg.
1240 4868 1361 4920 xvr,
1392 4852 1458 4906 14
1490 4867 1623 4923 sqq.
1700 4853 1745 4887 3’
1777 4852 1912 4923 Sap.
1951 4870 1989 4924 ι,

2149 4853 2194 4887 ⁴⁰
2226 4853 2395 4909 Rom.
2427 4868 2528 4921 vn,
2562 4852 2649 4907 13.

392 4961 469 5033 (3)
513 4960 868 5039 Ἀῥριιισῗίιῑιγ2
919 4969 1028 5023 etc.
1079 4966 1311 5039 Billius,
1366 4991 1388 5019 ι
1444 4969 1652 5026 animai
1704 4970 1979 5026 morbum
2089 4972 2407 5027 confertur.
2434 4968 2828 5025 Potestetiam
2859 4966 3108 5039 intelligi
3138 4967 3301 5023 locus
3330 4963 3442 5039 iste
3462 4964 3583 5039 ἀοι(
3618 4978 3749 5039 gra-

317 5033 590 5090 adventu’
606 5033 715 5092 suo
745 5036 986 5093 indicat.
1019 5062 1042 5091 ι

389 5105 466 5249 (9)
498 5107 895 5184 Προεφήτευσε.
932 5109 1027 5165 Or'
1061 5112 1117 5176 2,
1149 5107 1538 5187 ἐπροφήτευσε.

415 5175 501 5248 10)
529 5178 628 5233 Καὶ
674 5180 738 5233 τὸ
782 5179 1005 5241 εἱκός.‹‹
1054 5182 1267 5238 Praeter
1324 5201 1489 5249 spem
1550 5201 1617 5241 ac
1675 5186 1883 5249 probili

315 5175 628 5304 “Sinni-{ai
655 5175 738 5233 ’τὸ
782 5179 948 5241 εἰκός.
975 5204 1005 5232 ‹‹
1054 5175 1267 5238 Prester
1299 5175 1489 5257 ‘spem
1550 5201 1617 5241 ac
1675 5186 1974 5257 probilita-

388 5320 509 5404 (11)
701 5318 856 5378 ὅλον.
886 5324 1153 5404 Sicmtres
1195 5325 1380 5394 Colb.,
1414 5327 1589 5384 Coisl.
1626 5330 1676 5400 1,
1709 5329 1805 5385 Or.
1841 5331 1893 5397 1,
1926 5334 1983 5385 et

316 5388 437 5445 J88.
469 5388 812 5461 Editi‘vero,
845 5392 908 5447 οὗ
984 5392 1140 5456 ὅλος.

389 5462 502 5522 (12)
539 5414 1072 5522 Κατεπήδετο.χΒ111.
1108 5490 1135 5519 ‹‹

389 5462 510 5539 (12)
539 5462 1072 5539 Κατεπῄδετο.’ΒὶΙΙ.
1108 5490 1135 5519 ‹‹
1168 5468 1497 5538 fugabatur.
1524 5492 1553 5519 »
1584 5470 1786 5526 Comb.
1822 5494 1850 5522 «
1885 5489 1978 5526 ex-

317 5535 690 5593 cantabatur.
718 5535 747 5586 ὴ

385 5608 500 5671 (13)
535 5605 643 5661 Κᾶν
832 5611 939 5660 τῶν
978 5606 1247 5691 χάναξίων,
1303 5615 1416 5693 etc.
1475 5612 1578 5667 Hic
1631 5614 1765 5696 (16.1
1795 5616 1983 5696 gratia

385 5685 787 5735 cramentan
831 5679 1095 5735 loauitur
1153 5683 1493 5735 Gregorius.
1551 5700 1620 5735 ea
1679 5703 1976 5735 n1m1rum-

310 5679 733 5763 sacrameptali
759 5702 787 5763 μ
831 5679 1095 5751 loquitur
1153 5683 1493 5763 Gregorius,
1551 5700 1620 5763 ea
1679 5679 1980 5763 nimirum,

311 5764 445 5821 quas
475 5751 537 5810 in
567 5751 808 5813 Ordinis
853 5759 1224 5813 sacramento
1254 5751 1492 5814 nonnisi
1523 5756 1631 5814 rite
1680 5751 1981 5831 dispositis

2087 5048 2169 5099 tia
2202 5042 2587 5114 justiﬁcante,
2614 5065 2642 5093 »
2674 5059 2797 5113 quae
2843 5040 2902 5095 in
2952 5036 3170 5096 adultis
3218 5037 3463 5110 praevias
3492 5036 3747 5109 disposi-

2087 5116 2277 5171 tiones
2308 5114 2575 5184 requirit.

2162 5187 2274 5259 (14)
2298 5187 2597 5259 Ἃπτηται.
2629 5186 2750 5259 .les.
2786 5185 3029 5259 ἅπτεται.

2163 5254 2275 5327 (15)
2307 5257 2373 5333 ᾮ
2402 5257 2690 5333 γελαρίει-
2730 5259 2781 5311 1ο
2815 5254 2888 5315 ὣς
2918 5274 3000 5333 v.8.-

2161 5322 2274 5401 (16)
2309 5322 2757 5400 Κατεϐλήθημεν,
2807 5322 3213 5401 οῐοζᾚάθιιξα
3240 5322 3500 5401 alludere
3531 5322 3745 5401 Grego-

2091 5396 2214 5457 rius
2260 5396 2333 5456 ad
2389 5396 2568 5455 verba
2606 5396 2699 5457 Ps.
2734 5415 2907 5462 Lxxu,
2942 5398 3028 5468 18,
3062 5420 3089 5447 «
3123 5396 3391 5466 dejecisti
3448 5411 3547 5450 eos
3605 5397 3747 5451 dum

2092 5474 2499 5529 allevarentur.
2530 5494 2557 5521 ››

2162 5546 2274 5613 (17)
2306 5545 2588 5614 Ἐκνῆψαι.
2631 5563 2650 5589 α
2691 5540 2761 5595 Ut
2792 5540 3021 5614 animos
3052 5540 3405 5614 reciperem._
3430 5558 3455 5587 ι»

2162 5602 2273 5687 (18)
2306 5602 2506 5668 Λαϐὁνί
2542 5615 2658 5687 Jes_.
2692 5614 2782 5666 ed.
2819 5612 3035 5687 aliique
3066 5602 3355 5687 non'nulli,
3392 5602 3596 5687 λαθών.

2163 5680 2275 5761 (19)
2308 5682 2703 5761 Καταρτισμὸν.
2744 5680 3287 5761 «diminutionem,
3334 5703 3362 5731 »
3410 5680 3521 5761 vel,
3548 5696 3742 5761 yper-

2092 5750 2424 5830 fectio'nem,
2450 5750 2479 5811 )3
2514 5750 2666 5816 ut'in
2709 5754 2967 5829 vulgata.
3000 5757 3199 5814 Minus
3245 5752 3483 5828 propria
3510 5750 3742 5810 videtur
