4070 6432
343 484 461 545 825

1203 481 1499 542 ORATIO
1542 479 1645 541 IX.
1674 480 2371 546 —APOLOGETICUS
2416 481 2524 542 AD
2568 477 2914 541 PATREM.

3653 472 3772 534 826

341 618 502 690 ἡμῶν
553 612 833 677 ἀκουσθέν.
896 611 1006 667 Οὐκ
1062 609 1411 685 ἰπείσθημεν,
1472 610 1599 667 ἀλλ’
1649 606 1995 686 ἐϐιάσθημεν.

2119 613 2229 670 bile
2254 614 2578 687 negotium,
2608 628 2714 668 nec
2744 610 2991 667 antehac
3013 610 3085 664 de
3115 608 3286 663 nobis
3315 622 3577 680 unquam
3591 606 3768 663 fando

343 713 410 760 ’Ὠ
458 709 557 759 τοῦ
615 702 927 776 θαύματοςί
1009 708 1094 764 Ὡς
1170 704 1362 777 γέγονε
1417 703 1591 757 πάντα
1642 701 1836 758 καινάί
1899 703 2002 758 Καὶ

343 796 467 851 ὅσον
502 792 779 863 διέστησεν
812 795 960 864 ἡμᾶς
988 793 999 846 l
1030 792 1083 846 τί
1116 790 1303 866 βούλει
1334 792 1424 846 καὶ
1457 790 1617 861 εἴπω,
1648 792 1738 846 τὸν
1788 790 2002 866 θρόνον,

343 884 379 952 ἢ
441 884 503 937 τὸ
550 889 653 951 τῆς
701 883 930 957 χάριτος
975 881 1235 956 μέγεθος;
1293 879 1443 949 Πλὴν
1495 882 1655 957 ἡγοῦ,
1694 880 1784 935 καὶ
1813 901 2003 936 κατευ-

346 971 497 1038 οὸοῦ,
525 971 614 1026 καὶ
651 969 923 1047 βασίλευε,
955 970 1044 1024 καὶ
1094 970 1353 1043 ποίμαινε
1398 972 1547 1043 ἡμᾶς
1592 970 2000 1043 ποιμαίνοντας.

344 1063 431 1123 Ὣς
462 1057 673 1134 ἕτοιμοί
718 1081 779 1136 γε
830 1062 996 1133 ἡμεῖς
1048 1056 1290 1129 ἕπεσθαι,
1334 1060 1424 1115 καὶ
1476 1060 1579 1114 ὑπὸ
1614 1066 1717 1129 τῆς
1750 1067 1847 1129 an“:
1879 1081 2002 1114 ποι-

348 1154 611 1225 μαντικῆς
668 1152 854 1224 ψυχῆς
916 1151 1029 1223 (34)
1089 1146 1303 1225 ἄγεσθαι
1362 1156 1461 1219 τῆς
1511 1147 1731 1223 ὑψηλῆς
1770 1149 1859 1204 καὶ
1915 1148 2003 1204 ἐν-

341 1239 463 1296 θέου
490 1259 503 1272 ⁸
535 1241 809 1317 εἰρήσεται
842 1240 946 1315 γὰρ
976 1237 1232 1310 τάληθὲς,
1265 1238 1319 1293 εἷ’
1341 1260 1392 1292 τι
1442 1238 1533 1292 καὶ
1581 1240 1728 1313 παρὰ
1772 1239 1862 1293 τὸν
1920 1238 2005 1293 νό-

345 1351 444 1403 μον
476 1330 525 1404 ἒξ
558 1329 769 1406 ἀγάπης
816 1326 1236 1402 τετολμήκαμεν
1290 1330 1423 1401 (35).
1477 1325 1694 1401 Δίδαξον
1746 1330 1858 1403 (36)
1904 1329 2003 1397 τήν

343 1420 440 1487 σὴν
474 1418 687 1495 ἀγάπην
718 1418 841 1492 περὶ
872 1417 939 1472 τὰ
969 1416 1220 1490 ποίμνια,
1250 1419 1313 1472 τὸ
1346 1418 1434 1471 σὸν
1469 1417 1724 1490 ἐπιμελές
1756 1438 1815 1473 τε
1863 1419 2004 1490 ὁμοῦ

340 1510 430 1562 καὶ
489 1507 785 1580 εύσύνετον,
838 1508 936 1575 τὴν
999 1506 1332 1576 ἐπιστασίαν,
1381 1508 1479 1569 τὰς
1538 1508 1854 1583 ἀγρυπνίας,
1902 1510 2003 1576 τὴν

339 1599 449 1650 τῶν
483 1600 588 1650 σῶν
617 1599 829 1671 σαρκῶν
892 1596 1273 1669 ὑποχώρησιν,
1332 1597 1394 1664 ἣν
1452 1599 1531 1667 τῷ
1585 1596 1852 1669 πνεύματι
1910 1596 2006 1651 ὐπ-

343 1686 657 1760 εχώρησαν,
713 1686 777 1739 τὸ
831 1688 930 1739 τοῦ
979 1688 1076 1738 σοῦ
1123 1685 1424 1760 χρώματος
1475 1686 1631 1748 ἄνθος
1683 1690 1752 1759 τῇ
1802 1686 2007 1761 ποίμνῃ

339 1772 671 1846 κάμνοντος,
724 1774 785 1828 τὸ
840 1774 893 1827 ἐν
973 1774 1237 1846 πραΰτητι
1318 1773 1595 1842 σύντονον,
1670 1775 1733 1829 τὸ
1806 1775 1856 1829 ἐν
1926 1780 2007 1848 τῷ

340 1868 623 1939 πρακτικῷ
680 1858 919 1939 γαληνόν
976 1885 1035 1918 τε
1089 1864 1181 1918 καὶ
1237 1865 1445 1939 ἥμερον
1502 1866 1754 1940 (πρᾶγμα
1810 1864 1911 1920 οὐκ
1951 1865 2003 1919 ἐν

342 1949 582 2014 πολλοῖς
616 1951 1015 2027 εὑρισκόμενον,
1051 1949 1175 2008 οὐδὲ
1205 1952 1390 2008 πολλὰ
1438 1952 1568 2028 ἔχον
1622 1956 1690 2009 τὰ
1745 1952 2003 2031 παραδεί-

340 2044 566 2117 γματα),
594 2041 720 2104 τοὺς
754 2042 885 2115 ὑπὲρ
932 2047 1032 2111 τῆς
1080 2042 1323 2116 ποίμνης
1370 2041 1673 2118 πολέμους,
1718 2043 1813 2108 τὰς
1859 2043 2005 2108 νίκας

336 2132 397 2194 ἂς
427 2130 477 2187 ἐν
512 2134 725 2207 Χριστῷ
759 2130 821 2186 σὺ
852 2131 1150 2199 νενίκηκας.

416 2312 478 2379 ζ’.
538 2310 674 2365 Εἲπὲ
722 2310 835 2365 τίσι
889 2315 997 2366 τῶν
1048 2316 1231 2383 νομῶν
1292 2312 1649 2388 προσακτέον,
1710 2312 1797 2367 ἐπὶ
1848 2313 2009 2375 ποίας

345 2401 527 2474 πηγὰς
559 2400 720 2468 ἰτέον,
763 2399 853 2454 καὶ
903 2400 1051 2462 τίνας
1094 2401 1370 2477 φευκτέον,
1415 2402 1451 2470 ἢ
1500 2404 1694 2474 νομὰς,
1744 2402 1779 2470 ἢ
1829 2403 2008 2475 νάμα-

347 2505 451 2542 τα’
512 2486 659 2549 τίνας
717 2490 1043 2560 ποιμαντέον
1092 2489 1163 2563 τῇ
1226 2490 1512 2566 βακτηρίᾳ,
1572 2491 1718 2552 τίνας
1788 2495 1857 2565 τῇ
1918 2490 2008 2545 σύ-

353 2595 533 2652 ριγγι·
596 2571 727 2631 πότε
780 2576 969 2632 ἀκτέον
1029 2577 1117 2631 ἐπὶ
1175 2580 1371 2652 νομὰς,
1440 2579 1529 2634 καὶ
1586 2579 1718 2635 πότε
1773 2578 2011 2652 ἀνακλη-

352 2663 471 2719 τέον
669 2665 775 2720 ἀπὸ
818 2670 1002 2739 νομῶν
1030 2686 1042 2699 ⁸
1099 2671 1218 2730 πῶς
1271 2667 1615 2742 πολεμητέον
1646 2674 1764 2732 τοῖς
1798 2668 2009 2739 λύκοις,

350 2752 441 2808 καὶ
486 2758 604 2818 πῶς
651 2760 767 2818 τοῖς
825 2757 1077 2831 ποιμέσιν
1135 2757 1197 2812 οὐ
1230 2757 1576 2833 πολεμητέον
1608 2779 1619 2791 ·
1652 2762 1741 2815 καὶ
1776 2759 2013 2835 μάλιστα

352 2842 402 2898 ἰν
433 2848 512 2917 τῷ
540 2848 631 2898 νῦν
663 2850 857 2921 καιρῷ,
891 2844 981 2901 ὅτε
1020 2848 1279 2920 ποιμένες
1319 2848 1745 2927 ἠφρονεύσαντο,
1799 2850 1887 2906 καὶ
1935 2849 2013 2906 δι-

354 2932 600 3009 έσπειραν
656 2935 724 2989 τὰ
768 2930 1015 3010 πρόϐατα
1066 2943 1167 3007 τῆς
1224 2945 1423 3011 νομῆς,
1479 2938 1571 2993 ἵνα
1624 2945 1740 3003 τοῖς
1782 2942 2013 3017 ἁγιωτά-

350 3040 467 3083 τοις
499 3025 805 3099 προφήταις
837 3026 904 3077 τὰ
933 3025 1069 3080 αὐτὰ
1106 3023 1504 3102 συνέδύρωμαι.
1556 3032 1681 3091 Πῶς
1727 3029 1790 3084 τὸ
1857 3031 2011 3086 ἀσθε-

349 3110 438 3171 τὲς
488 3109 777 3186 ἐνισχύσω,
826 3114 915 3167 καὶ
968 3114 1029 3168 τὸ
1090 3116 1378 3179 πεπτωκὸς
1437 3118 1742 3191 ἀναστήσω,
1800 3119 1889 3173 καὶ
1947 3119 2012 3174 τὸ

349 3198 711 3271 πλανώμενον
746 3200 1070 3278 ἐπιστρέψω,
1105 3206 1194 3259 καὶ
1242 3206 1303 3260 τὸ
1356 3205 1651 3270 ἀπολωλὸς
1704 3208 2010 3279 ἐκζητήσω,

347 3288 437 3342 καὶ
474 3286 697 3364 φυλάξω
727 3291 789 3343 τὸ
823 3290 1091 3367 ἰσχυρόν;
1140 3298 1264 3356 Πῶς
1321 3299 1489 3349 ταῦτα
1538 3296 1629 3350 καὶ
1693 3299 1869 3370 μάθω,
1919 3298 2010 3353 καὶ

2033 2003 2082 2069 Β

2113 705 2409 760 auditum.
2447 704 2572 760 Non
2597 702 2870 758 suasione
2906 698 3151 766 inducti,
3185 698 3287 752 sed
3318 696 3504 753 coacti
3536 714 3764 753 sumus.

2113 793 2156 849 Ο
2188 810 2309 847 rem
2342 793 2551 848 miram
2583 791 2596 846 l
2635 794 2820 857 Quam
2854 806 3003 844 nova
3034 788 3185 842 facta
3206 790 3344 842 sunt
3373 784 3628 840 omnia‘3
3655 786 3665 838 ί
3704 786 3770 839 Et

2114 886 2403 954 quantum
2436 898 2543 938 nos
2565 880 2854 951 disjunxit
2879 875 3480 946 lthronus,dicam,an
3502 873 3700 945 gratiae
3724 875 3771 909 “

2112 971 2457 1043 magnitudo
2477 971 2504 1025 ‘?
2526 970 2635 1026 Sed
2668 973 2865 1025 tamen
2914 966 3074 1040 praei,
3107 980 3383 1038 prospere
3413 963 3684 1036 procede,
3715 966 3770 1019 et

2114 1078 2291 1132 regna
2320 1062 2383 1130 ‘5,
2418 1075 2641 1131 nosque
2673 1063 2935 1132 pastores
2953 1072 3146 1129 pasce.
3171 1053 3624 1126 Paratiquidem
3639 1069 3767 1122 nos,

2115 1155 2180 1206 ut
2208 1155 2311 1207 tua
2340 1167 2655 1222 sequamur
2679 1149 2945 1221 vestigia,
2985 1152 3163 1219 atque
3200 1143 3513 1218 pastoralis
3543 1159 3767 1199 necnon

2113 1240 2388 1297 sublimis
2418 1244 2475 1295 et
2503 1240 2713 1295 divinae
2744 1238 2951 1294 animae
2992 1242 3103 1293 tua;
3163 1235 3406 1292 nutibus
3459 1234 3767 1290 ducamur.

2114 1329 2263 1385 Vera
2281 1329 2437 1384 enim
2469 1329 2731 1399 eloquar,
2777 1327 3006 1384 etiamsi
3064 1343 3179 1398 pris
3236 1341 3437 1381 amore
3486 1322 3770 1379 audacius

2115 1417 2417 1490 quidpiam
2433 1416 2839 1489 praeterlegem
2867 1413 3582 1488 protulerimus.Nosdoce
3605 1416 3768 1468 tuam

2114 1524 2253 1579 erga
2283 1523 2520 1580 gregem
2551 1506 2920 1573 charitatem,
2968 1510 3132 1561 tuam
3177 1503 3357 1559 simul
3386 1507 3444 1557 et
3480 1518 3682 1558 curam
3714 1506 3772 1557 et

2115 1598 2438 1665 solertiam,
2457 1596 2934 1667 sollicitudinem,
2966 1594 3218 1667 vigilias,
3241 1592 3385 1648 illud
3418 1591 3767 1657 obsequium

2117 1705 2151 1743 a
2180 1703 2353 1743 carne
2382 1690 2485 1742 tua
2542 1684 2776 1758 spiritui
2814 1683 3168 1757 pmstitum,
3225 1681 3394 1738 illum
3443 1679 3651 1738 coleris
3679 1680 3769 1737 tui

2116 1776 2340 1843 ﬂorem,
2375 1775 2474 1847 qui
2514 1791 2617 1846 pro
2676 1789 2849 1848 grege
2908 1771 3286 1841 contabescit,
3347 1770 3493 1826 illud
3547 1769 3770 1841 ingenii

2118 1881 2366 1923 acumen
2398 1865 2640 1921 lenitate
2663 1866 3076 1937 temperatum,
3100 1862 3264 1919 illam
3287 1860 3350 1917 in
3374 1860 3552 1918 rebus
3572 1875 3772 1934 geren-

2117 1956 2209 2012 dis
2240 1954 2615 2012 serenitatem
2638 1958 2695 2011 et
2724 1953 3241 2011 mansuetudinem
3272 1952 3423 2026 (quas
3454 1968 3547 2008 res
3585 1949 3772 2007 haud-

2120 2062 2420 2119 quaquam
2451 2044 2603 2102 288
2645 2044 2707 2100 in
2766 2043 2974 2101 multis
3030 2042 3340 2116 reperitur,
3397 2040 3632 2113 rarique
3682 2046 3775 2098 est

2119 2136 2412 2208 exempli),
2445 2135 2598 2192 bella
2626 2134 2726 2191 illa
2758 2152 2860 2206 pro
2891 2133 3086 2207 gregis
3116 2132 3305 2190 salute
3332 2136 3628 2203 suscepta,
3654 2129 3774 2187 vic-

2118 2225 2301 2282 torias
2320 2225 2453 2280 illas
2484 2241 2632 2296 quas
2665 2226 2727 2280 in
2753 2225 2980 2280 Christo
3011 2222 3287 2279 retulisti.

2190 2315 2284 2370 VI.
2316 2315 2439 2383 Dic,
2473 2332 2599 2386 qua
2630 2330 2851 2386 pascua
2865 2313 3137 2385 petenda,
3162 2311 3263 2383 qui
3294 2309 3771 2376 fontesadcundi,

2121 2421 2188 2460 ac
2242 2420 2481 2459 rursum
2530 2420 2658 2475 quae
2690 2420 2911 2475 pascua
2956 2402 3216 2473 vitanda,
3256 2401 3357 2473 qui
3386 2400 3591 2456 latices
3623 2414 3637 2454 :
3671 2398 3775 2470 qui

2120 2493 2329 2549 baculo
2360 2494 2617 2566 regendi,
2648 2492 2749 2565 qui
2770 2491 3008 2550 ﬁstula:
3042 2507 3155 2563 quo
3175 2495 3437 2563 tempore
3466 2489 3539 2545 ad
3558 2504 3777 2561 pascua

2120 2583 2427 2639 ducendus
2457 2600 2615 2657 grex,
2649 2587 2707 2639 et
2736 2599 2851 2655 quo
2882 2599 3119 2638 rursum
3151 2599 3186 2637 a
3232 2578 3469 2653 pascuis
3498 2594 3772 2634 revocan-

2120 2674 2235 2729 dus
2260 2691 2273 2728 :
2306 2690 2423 2745 quo
2455 2674 2624 2729 modo
2650 2672 2869 2729 bellum
2899 2670 3584 2745 1upisinferendum,quo
3600 2667 3775 2723 modo

2121 2781 2237 2820 non
2268 2762 2593 2819 lacessendi
2612 2767 2875 2835 pastores
2899 2780 2914 2831 ;
2936 2762 3046 2817 hac
3060 2760 3383 2834 praesertim
3406 2760 3774 2830 tempestate,

2122 2868 2239 2923 qua
2286 2856 2551 2922 pastores
2600 2851 2776 2907 stulte
2834 2866 2963 2907 sese
3011 2853 3342 2923 gesserunt,
3420 2851 3595 2919 atque
3644 2863 3778 2903 oves

2121 2959 2351 3013 pascuae
2374 2942 2779 3013 disperserunt
2804 2942 2868 3009 ‘5,
2903 2945 2968 2996 ut
2997 2940 3225 3007 eadem,
3257 2954 3384 3010 qua
3416 2935 3778 2993 sanctissimi

2120 3031 2438 3103 prophetae,
2470 3030 2681 3086 iisdem
2711 3028 3238 3101 verbisdeplorem.
3262 3029 3384 3093 Quo
3416 3026 3777 3098 modo,quod

2120 3121 2424 3177 inﬁrmum
2456 3126 2563 3191 est,
2597 3121 2904 3186 roborabo,
2948 3120 3104 3191 quod
3145 3117 3380 3190 lapsum
3411 3121 3501 3172 est
3530 3116 3774 3187 erigam,

2122 3211 2275 3282 quod
2310 3212 2541 3266 oberrat
2568 3210 2627 3265 in
2658 3210 2814 3264 viam
2837 3209 3132 3275 reducam,
3165 3207 3321 3278 quod
3344 3204 3517 3277 periit
3532 3204 3777 3275 conqui-

2122 3316 2269 3368 ram,
2300 3301 2454 3371 quod
2488 3298 2733 3371 integris
2789 3298 3013 3353 viribus
3073 3300 3164 3352 est
3200 3292 3601 3352 conservabo?
3630 3296 3773 3364 Quo,

351 3375 572 3452 φυλάξω
628 3379 765 3432 κατά
808 3380 900 3433 τὸν
964 3380 1120 3456 ὀρθὸν
1164 3389 1267 3452 τῆς
1295 3391 1662 3458 ποιμαντικῆς
1696 3384 1886 3461 λόγον,
1922 3387 2004 3443 καῖ

2125 3391 2393 3461 inquam,
2417 3389 2590 3445 modo
2621 3389 2743 3444 haec
2773 3387 3095 3453 addiscam,
3159 3389 3331 3456 atque
3387 3384 3488 3456 ita,
3522 3387 3588 3439 ut
3618 3388 3778 3439 recta

343 3466 436 3520 τὸν
475 3466 733 3541 ὑμέτερον
769 3468 879 3541 (38)
904 3487 917 3499 ·
956 3468 1101 3525 ἀλλὰ
1137 3472 1213 3544 μὴ
1255 3471 1500 3548 γένωμαι
1550 3475 1717 3537 κακὸς
1769 3478 2006 3551 ποιμὴν,

346 3556 410 3608 τὸ
438 3553 580 3630 γάλα
607 3556 919 3631 κατεσθίων,
952 3559 1042 3613 καὶ
1074 3561 1140 3614 τὰ
1192 3559 1309 3637 ἔρια
1363 3558 1858 3639 περιϐαλλόμενος,
1916 3566 2005 3621 καὶ

347 3640 416 3696 τὰ
443 3642 725 3720 παχύτερα
771 3650 1123 3726 καταςφάζων
1173 3652 1285 3724 (39)
1315 3654 1349 3721 ἢ
1378 3651 1740 3726 ἀπεμπολῶν,
1800 3655 1889 3711 καὶ
1940 3658 2007 3711 τὰ

350 3728 496 3785 ἄλλα
526 3734 716 3806 παρεὶς
744 3740 861 3798 τοῖς
886 3737 1101 3811 θηρίοις
1139 3740 1230 3794 καὶ
1277 3746 1392 3803 τοῖς
1441 3748 1733 3820 κρημνοῖς,
1781 3746 2007 3818 ποιμαί-

345 3840 453 3874 νων
483 3820 739 3893 ὲμαυτὸν,
774 3823 835 3878 οὐ
866 3826 932 3880 τὰ
960 3821 1227 3901 πρόϐατα,
1261 3828 1392 3905 ὅπερ
1425 3829 1769 3900 ώνειδίζοντο
1801 3834 1853 3887 οἱ
1900 3836 2004 3889 πά-

345 3908 436 3964 λαι
493 3918 830 3987 προεστῶτες
889 3920 987 3969 τοῦ
1036 3917 1278 3992 Ἰσραήλ,
1335 3923 1511 3975 Ταῦτα
1552 3918 1857 3977 διδάσκοιτέ
1914 3945 2000 3996 με,

340 3998 431 4053 καὶ
462 4001 680 4062 τούτοις
730 4002 1044 4075 στηρίζοιτε
1088 4011 1212 4067 τοῖς
1263 4005 1475 4083 λόγοις,
1506 4010 1597 4063 καὶ
1634 4011 1767 4082 μετὰ
1795 4011 2001 4066 τούτων

341 4088 686 4159 ποιμαίνοιτε
732 4092 823 4145 καὶ
875 4096 1334 4168 συμποιμαίνοιτε
1394 4101 1507 4171 (40)
1553 4103 1662 4153 τῶν
1692 4102 2003 4177 παραγγελ-

345 4175 549 4249 μάτων,
580 4178 672 4232 καὶ
714 4180 967 4251 σώζοιτε,
1000 4183 1179 4261 ὥσπερ
1210 4190 1277 4260 τῇ
1330 4185 1669 4261 διδασκαλίᾳ,
1722 4175 1864 4246 οὕτω
1890 4175 2002 4246 *καί

336 4272 457 4321 ταῖς
491 4266 703 4343 εὐχαῖς,
757 4269 856 4345 έμέ
901 4293 961 4327 τε
1004 4274 1094 4328 καὶ
1142 4277 1204 4331 τὸ
1236 4275 1381 4349 ἱερὰν
1414 4282 1576 4333 τοῦτο
1608 4279 1890 4354 ποίμνιον,
1926 4282 2001 4345 εἷς

338 4355 649 4449 ἀσφάλειαν
686 4359 833 4434 ἐμοὶ,
888 4361 965 4425 εἷς
1015 4363 1283 4441 καύχημα
1331 4367 1457 4441 ὑμῖν
1506 4367 1558 4423 ἐν
1606 4371 1790 4446 ἡμέρᾳ
1816 4371 2003 4449 ἐπιφα-

336 4443 597 4538 νείας-καὶ
628 4448 1030 4526 ἀποκαλύψεως
1078 4459 1175 4509 τοῦ
1228 4454 1473 4533 μεγάλου
1524 4464 1677 4529 θεοῦ,
1724 4443 1814 4515 καὶ
1845 4443 2003 4538 ἀρχι-

337 4536 601 4624 πολιμένος
657 4540 818 4611 ἡμῶν
871 4542 1053 4613 Ἰησοῦ
1100 4551 1356 4621 Χριστοῦ,
1408 4545 1478 4602 δι’
1508 4548 1569 4602 οῦ
1602 4550 1691 4604 καὶ
1725 4536 1997 4624 μεθ’

342 4618 469 4693 δόξα
500 4627 670 4702 Πατρὶ
701 4631 1095 4709 παντοκράτορι
1124 4618 1216 4688 σὺν
1265 4640 1344 4707 τῷ
1397 4636 1538 4712 ἁγίῳ
1594 4636 1684 4692 καί
1726 4618 2001 4715 ’ζωοποιῷ

2117 3480 2435 3554 pastoralis
2458 3480 2601 3535 artis
2631 3482 2941 3550 vestraque
2955 3477 3101 3532 ratio
3131 3473 3771 3549 postulat,custodiam;

2118 3587 2183 3626 ac
2215 3587 2351 3635 non,
2372 3570 2527 3642 quod
2555 3567 2821 3624 scelerati
2855 3566 3108 3639 pastoris
3137 3564 3340 3633 est,lac
3366 3563 3693 3634 comedam,
3719 3568 3776 3620 et

2117 3658 2254 3714 lana
2284 3660 2497 3714 induar
2525 3659 2590 3727 ‘7,
2621 3662 2680 3713 et
2700 3656 3093 3729 pinguissima
3122 3653 3647 3726 qumquejugulcm
3669 3658 3774 3710 aut

2114 3749 2385 3816 vendam,
2420 3747 2646 3818 reliqua
2674 3750 2868 3802 autem
2902 3743 3107 3800 bestiis
3138 3748 3195 3799 et
3224 3742 3562 3814 praecipitiis
3592 3743 3770 3798 relin-

2114 3854 2416 3909 quam,me
2451 3838 2648 3908 ipsum
2680 3851 2947 3907 pascens,
2979 3851 3095 3889 non
3113 3833 3770 3905 gregem,quemadmo-

2113 3927 2254 3981 dum
2288 3925 2426 3981 olim
2461 3923 3180 3996 Israelitarumlprmfectis
3203 3923 3608 3993 objiciebatur.
3641 3922 3771 3977 Haec

2114 4030 2227 4083 me,
2261 4031 2479 4086 quaeso,
2541 4015 2763 4075 docete,
2823 4014 2916 4068 bis
2975 4011 3349 4068 sermonibus
3407 4010 3630 4081 fulcite,
3675 4011 3768 4067 his

2113 4104 2439 4177 praeceptis,
2472 4108 2529 4159 et
2549 4119 2661 4171 me,
2694 4108 2752 4159 et
2774 4119 3003 4158 mecum
3053 4118 3285 4158 sacrum
3326 4101 3485 4157 hunc
3530 4116 3765 4174 gregem

2112 4194 2356 4267 pascite,
2392 4198 2585 4266 atque,
2618 4197 2683 4249 ut
2712 4193 2999 4257 doctrina,
3024 4192 3107 4248 ita
3136 4191 3406 4265 precibus
3436 4191 3608 4247 etiam
3641 4208 3765 4247 ser-

2112 4288 2263 4352 vate,
2299 4284 2445 4339 mihi
2467 4284 2702 4357 quidem
2736 4285 2808 4340 ad
2840 4283 3238 4354 securitatem,
3268 4282 3436 4339 vobis
3457 4286 3653 4338 autem
3692 4283 3765 4337 ad

2110 4376 2519 4449 gloriationem
2552 4377 2611 4432 in
2634 4378 2727 4433 die
2759 4377 3046 4433 adventus
3076 4393 3141 4433 ac
3162 4374 3535 4433 revelationis
3568 4374 3764 4446 magni

2111 4466 2213 4522 Dei
2242 4469 2300 4523 et
2327 4468 2614 4541 principis
2645 4468 2898 4541 pastoris
2931 4469 3118 4525 nostri
3162 4468 3300 4523 Jesu
3331 4464 3546 4522 Christi
3576 4464 3640 4531 ιδ,
3665 4482 3768 4537 per

2111 4572 2287 4626 quem
2318 4561 2528 4612 etcum
2561 4574 2677 4628 quo
2725 4557 2911 4629 gloria
2964 4557 3116 4613 Patri
3174 4555 3581 4627 omnipotenti,
3631 4570 3766 4609 cum

2110 4648 2312 4700 sancto
2345 4648 2402 4699 et
2438 4644 2664 4699 viviﬁco
2714 4645 2930 4717 Spiritu
2990 4650 3049 4701 et
3097 4661 3275 4717 nunc,
3335 4650 3394 4701 et
3447 4645 3506 4699 in
3554 4643 3771 4700 saecula

337 4714 452 4787 (41)
486 4715 758 4790 Πνεύματι
789 4719 879 4775 καὶ
908 4726 1001 4777 νῦν
1033 4723 1122 4778 καὶ
1156 4723 1233 4788 εἷς
1262 4725 1388 4788 τοὺς
1412 4726 1613 4789 αἰῶνας
1632 4732 1740 4783 τῶν
1763 4714 1997 4798 αἰώνων,

2119 4732 2486 4790 saaculorum.
2516 4735 2722 4789 Amen.

336 4802 547 4875 ’Δμήν.

409 4985 805 5079 ‘3‘0188;§‘I.!II,_
866 4992 1061 5079 19.ῇῆ
1090 4994 1262 5079 Hebr:
1326 5012 1403 5067 Iv,
1449 4998 1536 5055 16.
1589 4999 1634 5035 “
1664 4998 1816 5056 Psal.
1892 5017 2004 5059 xm

2119 5003 2153 5057 5·
2211 5003 2402 5060 “Jer.
2458 5021 2516 5075 ι,
2568 5004 2660 5061 51.
2736 5004 3015 5063 “Ezech.
3074 5021 3264 5077 xxxxv,
3324 5005 3379 5063 4.
3438 5003 3481 5051 ιθ
3514 5003 3769 5079 Philipp.

338 5070 402 5126 II,
437 5059 544 5128 16;
578 5059 832 5132 ICorﬁi,
865 5066 940 5128 8;
964 5065 1113 5122 Petr.
1147 5084 1202 5138 v,
1236 5069 1269 5122 4

540 5259 773 5350 Ψυχῆς,
794 5264 966 5350 peest
996 5262 1055 5319 in
1089 5264 1322 5322 duobus
1352 5266 1556 5341 Regg.,
1591 5267 1781 5347 tribus
1812 5269 1998 5344 Colb.,
2102 5274 2229 5350 jam
2260 5272 2395 5350 ipse
2415 5277 2615 5350 pastor
2642 5276 2985 5350 esset,’ratio
3006 5276 3200 5349 gregis
3222 5277 3462 5349 regendi
3492 5275 3605 5350 ipsi
3633 5292 3770 5333 cum

333 5326 508 5381 Cois].
543 5330 595 5395 1,
628 5326 835 5389 etJes.

404 5398 1011 5483 (35)‘Te'tolp.1§xa_p.sv.
1071 5407 1216 5483 Tres
1265 5408 1469 5483 Regg.,
1524 5413 1619 5483 0r.
1677 5404 1748 5483 2,‘
1790 5417 1847 5469 et
1877 5414 1997 5471 Jes.

330 5467 842 5598 ῗῗέετρὶμέςσαμεν,
876 5467 1047 5549 Elius,
1110 5502 1139 5530 «
1172 5479 1222 5536 Si
1252 5467 1527 5553 ρυῖἆυιίθι·
1581 5467 1765 5557 1688;!)

441 5582 454 5605 ,
636 5586 648 5597 .

553 5611 797 5694 _A_rf8aEcv.
824 5620 960 5694 Reg.
995 5639 1051 5688 8.,
1076 5622 1462 5694 adding-huius.

553 5683 939 5817 ’ξαακλητέονῗ
974 5683 1112 5768 Reg.
1147 5712 1196 5750 ἃ.
1241 5683 1533 5779 ῖάνακτέογ.

639 5759 885 5826 μέτερον.
946 5767 1330 5824 Combeﬁsius
1383 5768 1533 5826 Ιοειι.

428 5754 885 5847 ἔβλὙμὲτερον.
946 5754 1348 5847 Οοηῖὶρθίὶιὶιιε
1383 5768 1574 5847 legit,_
1605 5767 2002 5847 ﬂutttpovlet

331 5831 557 5889 vertit:
590 5831 975 5911 «nostraque
1005 5838 1175 5899 ratio.
1225 5860 1257 5892 »
1307 5831 1662 5901 Gum'enim"
1687 5831 1999 5919 Gregorius

2324 5418 2705 5509 Ιξατασφάζων.
2742 5420 2880 5509 Reg.
2914 5420 3016 5489 hu,
3041 5426 3127 5509 “et
3179 5420 3298 5509 des:
3357 5422 3758 5509 κατασφάγιων.

2112 5344 2242 5401 aliis
2314 5344 2612 5403 asteribus
2645 5349 2979 5405 communis
3009 5344 3152 5417 Erat,

2182 5362 2309 5489 (39))
2324 5418 2705 5489 Κατασφάζων.
2742 5420 2880 5489 Reg.
2914 5420 3016 5489 hu,
3068 5426 3127 5478 et

2180 5490 2291 5561 (40)
2353 5490 2455 5565 Καὶ
2510 5490 2989 5565 συμποιμαίνοιτε.
3040 5493 3214 5550 Deest
3267 5493 3328 5549 in
3385 5496 3505 5552 Jes.
3542 5490 3757 5551 '(c'Hos

2110 5563 2415 5641 praeceptis
2447 5579 2510 5618 ac
2542 5563 2911 5622 dccumentis
2964 5566 3211 5641 pascite,
3239 5569 3636 5641 pascendique
3668 5583 3759 5623 so-

1988 5680 1997 5682 ν
2108 5634 2259 5712 ciam
2291 5641 2787 5712 operam_navate,
2819 5634 3016 5712 atque,
3067 5643 3132 5693 ut
3183 5634 3469 5710 doctrina,
3521 5634 3605 5696 ita
3636 5653 3763 5712 pre-

2109 5706 2286 5784 cibus
2306 5706 2399 5762 me
2433 5708 2733 5784 pariter,et
2752 5706 2985 5767 sacrum
3006 5711 3162 5767 hunc
3194 5728 3429 5784 gregem
3457 5706 3704 5769 servate.
3732 5733 3759 5764 »

2108 5778 2611 5922 ἀΥῄᾈΖωοποιῷ.
2647 5782 2828 5856 Regg.
2880 5801 2934 5856 a,
2992 5784 3096 5855 hu,
3156 5778 3330 5843 6618ιῖ
3380 5786 3435 5854 1,
3491 5790 3673 5842 etOr.
3708 5789 3759 5857 1,
