4070 6432
319 392 437 454 827

805 708 1253 795 ORATIO
1319 709 1408 794 X
1437 712 1491 796 ⁸.

322 859 477 916 239
502 861 561 915 In
582 861 841 931 :ez'psum,
891 860 960 913 ad
988 863 1205 929 patrem
1254 868 1305 914 et
1364 859 1636 913 Basiliam
1689 872 1976 927 magnum,

830 935 949 1001 post
976 931 1221 986 reditum
1249 946 1277 986 θ
1300 933 1462 1002 fuga.

394 1110 437 1164 Ι.
467 1108 625 1164 Nihil
664 1112 960 1164 senectute
1008 1108 1239 1175 fortius,
1274 1108 1419 1163 nihil
1455 1107 1714 1164 amicitia
1744 1124 1979 1163 venera-

320 1198 517 1255 bilius.
558 1199 643 1253 Ab
674 1198 767 1253 his
796 1214 934 1271 ergo
966 1199 1037 1254 ad
1071 1215 1172 1254 vos
1222 1199 1436 1254 ductus
1470 1214 1627 1265 sum,
1656 1197 1885 1252 vinctus
1916 1197 1976 1251 in

318 1288 545 1344 Christo
576 1288 643 1354 ‘9,
678 1304 789 1342 non
811 1288 1035 1343 catenis
1066 1288 1290 1356 ferreis,
1316 1289 1417 1343 sed
1442 1286 1976 1357 tenacissimisSpi-

316 1379 463 1433 ritus
494 1376 741 1433 vinculis
765 1378 1143 1433 constrictus.
1176 1377 1464 1449 Equidem
1488 1378 1615 1449 ipse
1647 1376 1980 1431 mihiantea

316 1466 532 1522 invicto
563 1468 820 1538 quodam
848 1467 1030 1521 animi
1063 1468 1269 1522 robore
1292 1466 1509 1538 pollere
1537 1465 1978 1537 videbar,atque

325 1572 357 1611 ο
386 1554 797 1611 stoliditatem!
815 1572 887 1611 ne
919 1555 1012 1612 his
1034 1556 1271 1627 quidem
1291 1556 1439 1611 meis
1465 1554 1894 1610 amantissimis
1912 1570 1978 1609 ac

316 1644 597 1701 fratribus
655 1660 957 1699 sermones
1008 1644 1306 1716 impertire
1354 1643 1743 1711 sustinebam,
1778 1647 1977 1713 utpote

314 1730 417 1801 qui
445 1728 778 1785 volentibus
811 1729 1011 1785 omnia
1040 1729 1438 1800 reliquissem,
1470 1735 1535 1784 ut
1558 1730 1653 1807 ab
1686 1730 1843 1784 omni
1878 1745 1977 1783 ne-

314 1818 470 1889 gotio
493 1818 760 1884 feriatus,
791 1818 1113 1890 tranquille
1146 1818 1977 1890 philosopharer,mecumque

316 1909 446 1981 ipse
478 1911 534 1963 et
558 1924 694 1963 cum
718 1907 937 1979 Spiritu
970 1907 1329 1979 colloquium
1362 1908 1660 1963 haberem.
1686 1908 1819 1963 Elite
1842 1908 1977 1963 Car-

316 1996 540 2052 melum
576 1996 774 2052 animo
806 1996 1126 2069 agitabam,
1159 2001 1216 2052 et
1269 1996 1517 2052 Joannis
1565 1998 1885 2063 desertum,
1920 2001 1978 2051 et

1565 393 1629 454 S.
1680 387 2056 452 GREGORII
2100 386 2502 451 THEOLOGI

2006 699 2065 763 A

3630 393 3763 457 828

2619 719 3023 817 ΛΟΓΟΣ
3126 724 3228 817 I’.

2090 855 2184 949 Εἰς
2240 856 2426 945 ἑαυτὸν
2483 858 2615 947 (42),
2671 855 2761 909 καὶ
2835 856 2947 949 είς(
2986 856 3084 949 τὸν
3155 858 3401 949 πατέραῇ
3432 860 3557 949 καὶ,
3592 863 3758 917 Βασί-

2164 926 2311 982 λειον
2369 928 2461 981 τὸν
2545 926 2735 1001 μέγαν,
2817 928 2953 1000 μετὰ
3022 930 3122 998 τὴν
3203 926 3466 985 ἐπάνοδον
3539 931 3600 987 ἐκ
3653 956 3755 1012 φυ-

2163 1021 2291 1074 γης·

2163 1107 2243 1162 Δ’.
2277 1103 2441 1160 Οὐδὲν
2476 1104 2835 1181 ῗσχυρότερον
2869 1107 3083 1181 γήρως,
3113 1107 3202 1163 καὶ
3234 1106 3387 1163 οὐδὲν
3428 1108 3611 1186 φιλίας
3671 1114 3750 1167 αἱ-

2091 1192 2481 1269 δεσιμώτερον,
2534 1195 2664 1249 Ὑπὸ
2710 1194 2920 1249 τούτων
2965 1193 3149 1271 ⁴ἰςχθην
3205 1198 3331 1271 ὑμῖν
3378 1198 3488 1274 ἐγὼ
3522 1197 3733 1273 δέσμιος

2088 1283 2141 1338 ἂν
2190 1287 2425 1359 Χριστῷ,
2478 1281 2647 1346 δεθεὶς
2698 1284 2798 1339 ούκ
2840 1283 3062 1340 ἁλύσεσι
3107 1284 3382 1363 σιδηραῖς,
3435 1287 3581 1343 ἀλλὰ
3625 1296 3737 1354 τοῖς

2088 1372 2309 1435 ἀλύτοις
2341 1371 2565 1446 δεσμοῖς
2596 1378 2692 1427 τοῦ
2723 1374 3062 1447 Πνεύματος.
3094 1375 3240 1439 Τέως
3274 1374 3331 1431 δὲ
3382 1374 3541 1449 ᾤμην
3591 1378 3738 1455 ἰσχυ-

2090 1463 2182 1537 ρὸς
2218 1461 2353 1516 εἷναί
2381 1483 2466 1524 τις
2497 1461 2586 1517 καὶ
2613 1462 2911 1533 ἀήττητος,
2963 1464 3073 1535 καὶ,
3126 1462 3170 1519 ὦ
3212 1472 3313 1534 τῆς
3365 1465 3614 1543 ἀλογίαςί
3651 1468 3751 1522 οὐκ

2090 1548 2303 1606 ἰδίδουν
2334 1550 2463 1614 τοὺς
2495 1551 2697 1627 λόγους
2726 1550 2851 1607 οὐδὲ
2878 1558 2997 1614 τοῖς
3028 1553 3185 1626 ὲμοῖς
3237 1553 3485 1630 ἐρασταῖς
3526 1556 3743 1619 τούτοις

2087 1641 2178 1694 καὶ
2225 1638 2503 1718 αδελφοῖς,
2548 1638 2621 1694 ἵν’
2671 1638 2787 1716 ἔχω
2834 1642 2934 1710 τὴν
2967 1641 3417 1718 ἀπραγμοσύνην,
3449 1644 3538 1699 καὶ
3565 1646 3627 1700 τὸ
3659 1666 3752 1723 φι-

2089 1730 2345 1807 λοσοφεῖν
2374 1729 2426 1783 ἐν
2474 1732 2703 1806 ἡσυχίᾳ,
2753 1732 2927 1785 πάντα
2968 1729 3160 1807 παρεὶς
3204 1737 3321 1794 τοῖς
3372 1733 3749 1808 βουλομένοις,

2089 1818 2307 1891 ἐμαυτῴ
2340 1816 2397 1873 δὲ
2429 1820 2541 1893 (43)
2571 1816 2901 1895 προσλαλῶν
2952 1819 3041 1874 καὶ
3090 1824 3168 1891 τῷ
3218 1819 3511 1894 Πνεύματι.
3558 1822 3753 1879 Ἠλίου

2087 1906 2398 1984 περιενόουν
2429 1909 2520 1962 τὸν
2555 1906 2878 1984 Κάρμηλον,
2922 1907 3012 1963 καὶ
3064 1908 3315 1964 Ἰωάννου
3360 1911 3459 1979 τὴν
3512 1908 3749 1987 ἔρημον,

2087 1996 2317 2050 καὶτῶν
2360 1995 2503 2051 οὕτω
2562 1995 3011 2075 φιλοσοφούντων
3068 1998 3131 2052 τὸ
3190 1998 3554 2076 ὑπιρκόσμιον
3589 2020 3603 2034 ·
3662 2003 3754 2057 xui

316 2086 612 2142 caelestem
644 2102 870 2153 eorum,
894 2086 995 2158 qui
1029 2086 1140 2141 hoc
1170 2086 1555 2158 philosophiae
1587 2103 1773 2158 genus
1804 2086 1976 2157 profi-

2094 2084 2262 2154 ζάλην
2306 2086 2374 2141 τὰ
2433 2073 2676 2163 παρόντα
2725 2073 2999 2162 ἐνόμιζον,
3059 2085 3149 2143 xui
3196 2073 3395 2165 πέτραν
3448 2090 3573 2144 τινὰ
3620 2089 3750 2162 ἐζή-

314 2178 535 2243 tentur,
591 2174 821 2230 vivendi
876 2176 1164 2231 rationem
1201 2192 1213 2231 :
1249 2180 1423 2247 atque
1484 2192 1574 2232 res
1636 2180 1973 2247 praesentes,

316 2265 685 2336 tempestatis
717 2265 1369 2334 instar,existimabam,
1384 2282 1449 2321 ac
1470 2282 1673 2338 rupem
1693 2266 1974 2338 aliquam,

316 2358 419 2410 aut
447 2359 813 2427 praeruptum
845 2355 1386 2425 quemdamlooum,
1412 2359 1515 2411 aut
1545 2355 1821 2427 exiguum
1846 2373 1976 2411 mu-

316 2460 448 2498 rum
481 2444 925 2514 conquirebam,
956 2445 1172 2515 quibus
1194 2446 1387 2517 obtegi
1420 2445 1973 2516 possem.Aliorum,

314 2532 413 2603 inq
427 2532 805 2595 uiebam,sint
834 2532 1063 2588 labores
1092 2539 1147 2587 et
1178 2533 1707 2599 honores,aliorum
1742 2534 1891 2589 bella
1922 2539 1979 2591 et

314 2622 557 2694 palmae:
592 2622 737 2677 mihi
771 2628 965 2678 autem
990 2624 1099 2678 hoc
1133 2624 1411 2690 sufﬁciat,
1446 2629 1508 2678 ut
1539 2624 1690 2679 bella
1721 2625 1973 2696 fugiens,

315 2717 492 2783 atque
526 2712 728 2767 oculos
767 2712 825 2765 in
858 2713 1152 2785 meipsum
1187 2713 1530 2784 conjiciens,
1564 2714 1647 2768 sic
1677 2713 1877 2780 vitam,
1912 2719 1977 2769 ut

317 2806 541 2874 potero,
573 2801 896 2871 instituam,
937 2802 1096 2857 velut
1140 2802 1299 2857 tenui
1354 2807 1476 2857 rate
1526 2819 1769 2874 parvum
1792 2804 1974 2873 quod-

316 2890 454 2946 dam
486 2891 731 2964 pelagus
762 2890 1086 2963 trajiciens,
1111 2908 1176 2947 ac
1208 2908 1310 2963 per
1349 2892 1584 2965 inopem
1617 2896 1673 2948 et
1705 2892 1974 2965 exiguam

311 2979 449 3036 vitae
472 2981 855 3049 iunctionem,
888 2998 1125 3053 parvam
1162 2981 1221 3036 in
1246 2981 1426 3039 altero
1457 2999 1575 3037 sevo
1606 2982 1974 3038 mansionem

2084 2197 2233 2248 τουν,
2266 2176 2300 2245 ἦ
2346 2178 2618 2250 κρημνὸν,
2664 2176 2699 2247 ἢ
2749 2175 2976 2253 τειχίον,
3026 2178 3112 2254 ὑφ’
3152 2177 3234 2241 οἷς
3280 2180 3751 2254 σκεπασθήσομαι.

2086 2263 2332 2337 Ἀλλων,
2365 2262 2574 2342 ἔλεγον.
2625 2261 2860 2320 ἔστωσαν
2907 2266 2962 2321 ui
3008 2266 3166 2340 τιμαὶ
3215 2267 3306 2323 καὶ
3350 2269 3403 2323 oi
3434 2268 3620 2340 πόνοι,
3650 2269 3753 2327 ἄλ-

2087 2353 2199 2410 λων
2254 2355 2306 2409 oi
2354 2354 2594 2427 πόλεμοι
2647 2354 2737 2409 xui
2782 2356 2849 2409 τὰ
2896 2358 3228 2432 νικητήρια’
3271 2357 3395 2431 ἐμοὶ
3428 2354 3485 2413 δὲ
3514 2358 3749 2435 ἀρκείτω

2087 2444 2343 2523 φεύγοντι
2388 2443 2515 2506 τοὺς
2566 2443 2867 2517 πολέμους,
2918 2445 2992 2506 είς
3040 2446 3270 2519 ἐμαυτὸν
3338 2445 3595 2523 βλέποντι
3648 2448 3745 2524 ζῇν

2087 2534 2284 2604 οὕτως,
2316 2533 2465 2596 ὅπως
2499 2533 2557 2589 ἂν
2612 2531 2879 2607 δύνωμαι,
2927 2536 3167 2611 καθάπερ
3228 2535 3316 2590 ἐπὶ
3367 2545 3573 2607 Λεπτῆς
3621 2558 3751 2614 σχε-

2087 2621 2203 2684 δίας
2234 2621 2705 2697 διαπεραιουμὲνῳ
2740 2623 2931 2698 μικρόν
2980 2645 3033 2679 τι
3081 2623 3357 2700 πέλαγος·
3409 2627 3500 2681 καὶ
3552 2628 3743 2702 μικρὸν

2082 2713 2183 2781 τὴν
2217 2711 2413 2767 ἐκεῖθεν
2451 2712 2643 2784 μονὴν,
2673 2716 2753 2784 τῷ
2802 2717 3050 2788 πενιχρῷ
3081 2715 3193 2787 (44)
3242 2721 3344 2783 τῆς
3374 2715 3609 2771 ἐντεῦθεν
3642 2738 3752 2773 πο-

2086 2799 2290 2863 λιτείας
2366 2801 2789 2874 κατακτωμένῳ.
2865 2801 3276 2879 Ταπεινοτέρων
3337 2807 3441 2878 (45)
3502 2805 3530 2860 ὁ
3589 2805 3747 2884 λογι-

2087 2891 2223 2965 σμὸς
2278 2889 2440 2960 τίσως,
2500 2888 2626 2946 ἀλλ’
2687 2890 2776 2946 οὖν
2836 2889 3287 2971 ἀσφαλεστέρων·
3333 2891 3452 2949 ’ίσον
3498 2898 3611 2970 (46)
3643 2897 3746 2952 ἄπ-

2085 2980 2231 3056 ἑχειν
2264 2981 2355 3035 καὶ
2389 2980 2559 3055 ὖψους
2591 2978 2680 3034 xui
2712 2981 3028 3055 πτώματος.

320 3068 467 3125 mihi
492 3085 862 3142 comparans.
899 3071 1297 3142 Abjectiorum
1332 3071 1571 3143 quidem
1604 3072 1852 3128 fortasse
1885 3072 1989 3128 hoc
2039 3071 2377 3141 consilium,
2408 3089 2589 3129 verun
2622 3071 2809 3128 tutius
2840 3070 2952 3129 sibi
2981 3072 3473 3146 prospicientium
3517 3092 3531 3131 :
3572 3076 3755 3133 nimi-

323 3174 457 3213 rum
489 3175 649 3229 asque
681 3159 1007 3227 intervallo,
1041 3166 1097 3216 et
1129 3178 1163 3216 a
1185 3178 1420 3216 summo
1453 3160 1705 3234 fastigio,
1739 3165 1795 3217 et
1829 3178 1862 3216 a
1884 3178 2024 3218 casu
2056 3162 2295 3219 distare.
3376 3230 3383 3235 η

388 3247 456 3302 ΙΙ.
492 3247 624 3302 Haec
656 3247 781 3319 ipse
812 3265 1065 3317 mecum,
1112 3250 1376 3321 quandiu
1426 3250 1667 3306 umbras
1699 3251 1891 3306 adhuc
1921 3256 1976 3307 et

2159 3252 2238 3308 B'.
2278 3254 2453 3305 Ταῦτα
2479 3248 2585 3312 ἓως
2629 3249 2749 3320 ἐξῆν
2805 3251 3029 3328 γράφειν
3075 3248 3152 3306 ἔτι
3200 3252 3350 3312 σκιὰς
3398 3249 3489 3304 καὶ
3531 3248 3740 3322 ὀνείρα-

309 3336 608 3391 insomnia
637 3338 1081 3410 pingere,atque
1103 3338 1380 3394 inanibus
1394 3340 1693 3411 ﬁgmentis
1709 3341 1975 3396 animum

311 3441 551 3498 pascere
582 3424 813 3481 licebat.
845 3427 992 3492 Quid
1052 3433 1247 3483 autem
1300 3429 1504 3484 nunc?
1552 3430 1827 3486 Amicitia
1884 3447 1977 3485 me

313 3515 568 3586 subegit,
599 3514 785 3587 patris
843 3515 1086 3573 canities
1145 3533 1237 3572 me
1289 3517 1591 3585 subdidit;
1630 3519 1975 3590 prudentiae,

310 3604 576 3675 inquam,
611 3609 908 3674 senectus,
942 3605 1070 3661 vitae
1097 3606 1291 3679 limes,
1340 3611 1545 3681 portus
1576 3608 1778 3679 tutior,
1804 3614 1978 3681 atque

311 3692 473 3749 illius
503 3693 788 3762 amicitia,
823 3694 922 3767 qui
955 3703 1012 3752 et
1044 3698 1197 3769 apud
1230 3696 1414 3752 Deum
1446 3696 1607 3753 dives
1636 3702 1809 3769 est,et
1831 3698 1978 3756 alios

313 3782 482 3839 ditat.
507 3782 640 3839 Jam
674 3784 831 3839 enim
881 3784 1030 3840 iram
1092 3786 1303 3859 abjicio
1335 3788 1604 3857 (audiant
1623 3790 1901 3844 mansueti
1930 3793 1979 3845 et

312 3874 653 3945 lxtentur‘o)
685 3890 698 3929 :
732 3890 1096 3947 manumque
1111 3876 1418 3949 hanc,quae
1442 3877 1587 3932 mihi
1610 3878 1726 3933 vim
1759 3878 1976 3947 attulit,

313 3962 543 4034 placido
575 3962 739 4018 vultu
770 3964 1172 4036 conspicio,ac
1202 3966 1426 4038 Spiritu
1458 3966 1980 4040 arrideo,mihique

316 4055 680 4108 commotum
722 4059 931 4124 pectus
963 4055 1228 4121 sedatur,
1262 4056 1529 4127 reditque
1584 4057 1771 4124 ratio;
1806 4060 1981 4127 atque

316 4141 593 4207 amicitia,
618 4141 776 4197 velut
790 4142 1330 4215 ﬂammaquaadam,
1348 4146 1658 4217 consopita
1687 4151 1744 4200 et
1758 4147 1978 4201 exstin-

315 4234 643 4295 cta,rursus
674 4248 741 4286 ex
772 4248 948 4302 parvo
979 4232 1234 4304 igniculo
1269 4234 1561 4290 reviviscit
1591 4239 1649 4288 et
1669 4234 1976 4290 excitatur.

316 4318 609 4374 Renuerat
637 4321 925 4375 consolari
955 4321 1153 4375 anima
1183 4337 1332 4393 mea,
1361 4328 1416 4378 et
1447 4322 1735 4379 anxietate
1764 4324 1979 4380 afﬁcie-

318 4408 493 4463 batur
515 4408 575 4463 in
599 4425 693 4464 me
714 4409 955 4480 spiritus
984 4427 1151 4467 meus
1178 4412 1243 4466 εί.
1269 4411 1418 4483 Dixi,
1441 4412 1755 4485 Nunquam
1786 4412 1845 4467 in
1878 4431 1978 4484 po-

316 4500 542 4552 sterum
574 4499 843 4554 amicitiae
877 4500 1051 4556 ﬁdem
1086 4501 1335 4557 habebo.
1377 4502 1444 4557 Et
1489 4519 1594 4557 cur
1634 4504 1872 4558 tandem
1919 4503 1976 4559 in

2083 3360 2171 3412 τα,
2214 3340 2304 3394 καὶ
2353 3344 2467 3402 τοῖς
2521 3340 2770 3414 ματαίοις
2821 3339 3193 3413 ἀναπλασμοῖς
3238 3338 3413 3409 ἑστιᾷν
3464 3339 3563 3407 τὴν
3615 3335 3732 3392 διά-

2085 3448 2273 3484 νοιαν’
2336 3433 2428 3484 νῦν
2492 3426 2549 3484 δὶ
2580 3429 2670 3499 τί;
2728 3428 2896 3484 Φιλία
2944 3426 3307 3507 παρεστήσατό
3350 3429 3466 3500 (47)
3498 3448 3585 3501 με,
3641 3426 3734 3482 xui

2085 3516 2257 3573 πολιὰ
2284 3520 2488 3595 πατρὸς
2548 3519 2923 3595 ὲχειρώσατο’
2979 3525 3153 3595 γῆρας
3209 3518 3548 3596 φρονήσεως,
3601 3536 3741 3593 προ-

2088 3608 2283 3682 θεσμία
2330 3610 2474 3685 βίου,
2538 3608 2708 3683 λιμὴν
2770 3609 3184 3685 ἀσφαλὲστερυς,
3244 3607 3335 3663 καὶ
3373 3604 3535 3686 φιλία
3577 3603 3749 3661 πλου-

2086 3704 2309 3762 τοῢντος
2341 3697 2477 3773 Θεῷ,
2511 3699 2599 3755 καὶ
2631 3698 3039 3768 πλουτίζοντος.
3076 3695 3217 3769 Ἤδη
3266 3696 3370 3774 γὰρ
3419 3696 3747 3771 ἀποπέμπο-

2093 3810 2187 3863 μαι
2276 3790 2373 3857 τὴν
2466 3788 2636 3865 ὀργήν
2720 3787 3126 3860 (ἀκουσάτωσαν
3202 3790 3418 3861 πραεῖς,
3500 3784 3592 3841 καὶ
3660 3784 3747 3840 εύ-

2090 3878 2521 3956 φρανθήτωσαν)’
2576 3876 2667 3933 xui
2715 3878 2853 3954 πρὸς
2910 3879 3009 3947 τήν
3059 3882 3223 3953 χεῖρα
3287 3874 3496 3949 ἥμερον
3559 3873 3749 3950 βλέπω

2086 3968 2185 4036 τὴν
2245 3969 2667 4043 τυραννήσασαν,
2723 3967 2812 4021 καὶ
2869 3964 3161 4043 προσγελῶ
3216 3970 3296 4039 τῷ
3326 3964 3625 4039 Πνεύματι,
3655 3962 3747 4019 καὶ

2089 4058 2123 4125 ἡ
2155 4054 2351 4131 καρδία
2379 4055 2692 4119 καθίσταταί
2736 4077 2852 4129 μοι,
2902 4056 2991 4110 xui
3050 4056 3079 4110 ὁ
3136 4053 3404 4131 λογισμός
3453 4052 3747 4128 ἐπανέρχε-

2087 4166 2196 4215 ται,
2254 4144 2342 4199 xui
2402 4148 2435 4215 ἡ
2484 4144 2659 4222 φιλία,
2718 4146 2958 4220 καθάπερ
3006 4166 3089 4207 τις
3132 4142 3292 4222 φλὸξ,
3326 4137 3745 4198 κατασϐεσθεῐσα

2087 4233 2176 4289 καί
2230 4234 2690 4309 ἀπομαρανθεῖσα,
2745 4233 2909 4291 πάλιν
2963 4234 3023 4289 ἐκ
3068 4237 3265 4309 μικροῦ
3296 4234 3589 4308 σπινθῆρος
3621 4232 3745 4285 ἀνα-

2091 4328 2155 4398 ζῇ
2188 4325 2277 4379 καὶ
2326 4322 2636 4380 ἀνάπτεται.
2694 4325 3039 4395 Ἀπηνήνατο
3097 4320 3517 4399 παρακληθῆναι
3575 4321 3609 4389 ἡ
3648 4321 3741 4392 ψυο

2087 4416 2164 4489 χή
2226 4435 2351 4487 μου,
2408 4414 2499 4469 καὶ
2554 4413 2848 4485 ἠκηδίασεν
2902 4414 2983 4469 ἐπ’
3016 4412 3113 4487 ἐμὲ
3134 4410 3195 4467 τὰ
3224 4408 3441 4484 πνεῦμᾶ
3470 4411 3582 4484 (48)
3617 4425 3737 4481 μου·

2086 4504 2263 4559 Εἴποι·
2320 4502 2398 4560 Ού
2462 4505 2538 4577 μὴ
2596 4505 2821 4579 προσθῶ
2876 4500 2957 4559 ἔτι
2985 4505 3264 4558 πιστεῦσαι
3296 4496 3475 4579 φιλίᾳ.
3537 4497 3633 4555 Καὶ
3655 4493 3749 4551 ἵνα

324 4586 481 4643 240
501 4587 740 4644 homine
770 4605 933 4662 spem
995 4606 1187 4646 meam
1244 4590 1566 4648 collocem?
1598 4610 1732 4648 cum
1783 4595 1976 4650 omnis

2094 4592 2137 4648 τί
2171 4613 2266 4667 μοι
2299 4590 2535 4662 ἐλπίζειν
2567 4592 2648 4647 ἐπ’
2680 4591 3002 4668 ἄνθρωπον;
3035 4592 3119 4647 ὃτι
3150 4596 3255 4654 πᾶς
3314 4586 3598 4666 ἄνθρωπος
3652 4583 3746 4641 δο-

316 4674 495 4732 homo
538 4677 941 4735 fraudulenter
973 4679 1225 4749 incedat,
1260 4698 1325 4737 ac
1355 4681 1535 4738 frater
1565 4683 1759 4739 omnis
1789 4684 1977 4756 proxi-

318 4781 481 4823 mum
514 4784 691 4823 suum
722 4768 882 4824 omni
906 4773 1031 4826 arte
1062 4770 1661 4845 supplantet",atque
1692 4790 1979 4831 omnese:

2092 4683 2228 4745 λίως
2286 4683 2599 4759 πορεύεται,
2655 4682 2746 4738 xui
2800 4688 2904 4746 πᾶς
2965 4680 3197 4759 ἀδελφὸς
3252 4681 3452 4755 πτὲρνῃ
3509 4679 3752 4752 πτερνιεῖ

2086 4774 2177 4828 τὸν
2209 4770 2443 4844 πλησίον
2478 4773 2665 4846 αὐτοῦ,
2695 4772 2785 4829 xui
2814 4771 3009 4837 πάντες
3058 4774 3197 4846 ἧμιν
3256 4772 3370 4845 (49)
3424 4772 3521 4825 τοῦ
3579 4766 3748 4823 αὐτοῦ

380 4937 426 4974 ⁸⁹
455 4936 666 5008 Ephes.
690 4954 770 5008 IV,
792 4939 849 4996 5.
880 4940 928 4975 δ’
957 4939 1111 4996 Psal.
1143 4957 1340 5013 xxxiii,
1378 4942 1430 4997 3.
1487 4942 1530 4979 ⁸¹
1565 4942 1717 4999 Psal.
1752 4959 1935 5013 mw,
1966 4964 1976 4988 ι

2094 4949 2097 4979 ί
2125 4944 2246 5002 Jer.
2278 4961 2358 5015 xx,
2410 4945 2464 5000 4.

360 5109 467 5192 ,(α)
506 5108 664 5164 Alias
691 5110 746 5192 5,
780 5126 907 5193 quas
944 5115 1139 5168 autem
1193 5112 1261 5166 10
1307 5116 1452 5181 erat,
1496 5131 1653 5170 nunc
1683 5116 1737 5170 7.
1770 5147 1839 5155 —
1868 5120 1979 5172 Ha-

316 5178 440 5236 bita
462 5181 655 5237 medio
687 5188 917 5238 circiter
948 5200 1101 5240 anno
1133 5184 1257 5238 372.

386 5252 500 5321 (42)
530 5250 625 5313 Είς
656 5252 865 5308 ἑαυτόν.
904 5257 963 5310 In
997 5257 1117 5311 Jes.
1152 5256 1280 5310 cod.
1318 5255 1400 5309 sic
1449 5255 1695 5312 titulus:
1756 5256 1850 5318 Εἰς
1881 5257 1973 5311 τὸν

312 5318 517 5403 πατέρα
566 5323 777 5395 ἑαυτοῦ,
812 5325 900 5379 xui
959 5326 1039 5403 εἷς
1097 5325 1204 5403 τὸν.
1236 5324 1520 5403 Βασίλειον
1574 5328 1756 5403 μέγαν,
1816 5329 1976 5398 ἡνίκα

314 5374 548 5465 ἔμελλον
611 5374 943 5475 χειροτονεῖν
981 5374 1139 5453 αύτὸν
1188 5396 1505 5454 ἐπίσκοπον.
1534 5374 1703 5475 (δέξό
1742 5374 1974 5475 patrem

316 5415 548 5465 εμεΛΛον
611 5415 943 5524 χειὲοτονειν
981 5415 1139 5453 αυτον
1188 5415 1505 5454 επισκοπον.
1534 5424 1559 5449 ‹‹
1621 5415 1703 5457 Ad
1748 5415 1973 5475 patrem

316 5472 577 5553 suum,et
608 5470 678 5523 ad
740 5470 974 5553 asilium
1004 5488 1306 5545 magnum,
1327 5488 1461 5528 cum
1484 5473 1823 5545 episcopum
1839 5492 1973 5530 eum

316 5541 517 5589 essent
537 5544 950 5597 consecraturi.
977 5566 998 5593 ι

389 5605 503 5690 (43)
543 5608 792 5690 ’Epuutfp
847 5610 955 5690 8t._
987 5614 1083 5669 Sic
1140 5615 1319 5688 Regg.
1375 5617 1495 5682 bm,
1556 5616 1658 5686 hu,
1702 5622 1759 5672 et
1788 5618 1884 5674 Or.
1916 5620 1971 5690 2,

319 5672 493 5729 Deest
551 5672 614 5732 δὲ’
640 5682 698 5735 in
730 5672 857 5742 Par.
890 5686 983 5742 ed.

388 5742 503 5818 (44)
548 5751 637 5822 Τῷ
667 5759 926 5832 πενιχρῷ,
968 5755 1086 5813 etc.
1117 5756 1377 5814 Combef.
1410 5778 1440 5809 «
1483 5758 1617 5818 vitae
1673 5759 1771 5819 hic
1822 5777 1973 5835 pau-

2087 5131 2224 5189 pere
2253 5115 2417 5172 cultu
2447 5132 2515 5172 ac
2543 5115 2889 5188 disciplinae.
2914 5138 2943 5166 »

2315 5182 2756 5265 _Tumtv_o-ctp<9'v.
2791 5189 2916 5265 Duo
2948 5187 3131 5259 Regg.
3160 5182 3563 5260 ταπεινότερον.

2180 5258 2273 5330 46)
2315 5260 2475 5317 Ἳσον.
2503 5258 2644 5334 Regi
2680 5262 2780 5333 hu,
2813 5258 2958 5334 ὅσον.

2180 5265 2273 5330 46)
2315 5265 2475 5317 Ἳσον.
2503 5265 2644 5334 Reg.
2680 5265 2780 5333 hu,
2813 5265 2958 5315 ὅσον.

2156 5265 2269 5405 (47)
2336 5335 2738 5405 Παρεστήσατο.
2796 5332 2972 5390 Basil.
3047 5328 3204 5405 TOD‘!’_
3252 5326 3418 5405 ἔστιν,
3474 5323 3756 5402 ᾐχμαλώ-

2082 5402 2260 5479 τεύσε,
2282 5405 2348 5479 id_
2373 5402 2483 5473 est,
2510 5429 2538 5456 «
2570 5402 2631 5463 in
2662 5406 3062 5479 captivitatem
3097 5402 3359 5479 abduxit.
3393 5423 3423 5452 »

2087 5549 2097 5559 _
2156 5469 2362 5602 (433)1‘6
2391 5469 2621 5551 πνεῦμα.
2668 5469 2764 5535 Sic
2821 5480 2936 5537 duo
2991 5476 3174 5548 Regg.
3225 5479 3283 5531 et
3310 5475 3431 5532 Jes.
3464 5472 3639 5529 Deest
3678 5469 3751 5525 τό

2087 5565 2140 5602 in
2174 5565 2204 5602 e
2253 5590 2264 5602 .

2082 5565 2140 5602 1n
2174 5565 2264 5603 ea.

2154 5620 2263 5694 (49)
2291 5619 2492 5694 ῘΗμεν,
2523 5625 2632 5678 etc.
2674 5622 2851 5679 Coisl.
2903 5624 2954 5693 1,
2980 5619 3141 5694 ἐσμὲν
3190 5622 3289 5694 τοῦ
3345 5616 3511 5694 αὑτοῦ
3557 5612 3752 5683 πηλοῢ

2083 5687 2171 5745 κάὶ
2202 5687 2503 5823 κράὲσίτός,
2535 5714 2557 5746 ι
2605 5710 2816 5757 sumus
2875 5687 2949 5756 οἱ
2987 5687 3195 5755 eodem
3270 5692 3395 5752 luto
3441 5693 3500 5749 et
3544 5703 3755 5750 massa

2082 5779 2294 5826 concre
2346 5808 2360 5826 .
2395 5790 2420 5823 ι
