4070 6406
324 391 443 454 829

1526 375 1820 438 ORATIO
1863 375 1942 438 X.
1977 408 2055 422 —
2084 374 2163 435 IN
2210 374 2576 438 SEIPSUM.

3639 371 3762 435 830

326 525 460 600 χοὸς
486 519 575 576 καὶ
632 536 969 597 φυραματος,
1026 511 1115 569 καὶ
1171 514 1269 567 τοῦ
1327 511 1491 567 αὐτοῦ
1541 508 1705 581 ξύλου
1735 512 1832 578 τῆς
1891 528 1990 563 κα-

2105 510 2309 566 eadem
2338 513 2496 566 terra
2527 512 2584 565 et
2612 523 2812 566 massa
2828 507 3217 581 coagmentati
3235 507 3444 577 simus,
3463 507 3763 564 eamdem-

326 598 445 675 κίας
495 608 797 686 γεγεύμεθα
844 607 992 679 (50)-
1048 604 1250 671 σκηνὴν
1288 599 1345 659 δὲ
1378 599 1547 662 ἄλλος
1591 598 1768 669 ἄλλην
1804 598 1991 673 εὐπρε-

328 700 584 774 πεστέραν
620 691 1035 773 προϐάϐληται;
1066 693 1155 747 καὶ
1184 692 1237 746 τί
1272 712 1363 764 μοι
1399 697 1499 759 τῆς
1532 687 1719 766 φιλίας
1777 687 1991 774 ἐκείνης

338 772 557 869 ὄφελος,
590 772 804 861 ἔλεγον,
859 790 961 852 τῆς
1025 780 1277 850 ζηλωτῆς
1509 778 1598 869 καὶ
1630 772 1989 869 περιϐοήτου,

330 866 629 955 ἀρξαμένης
676 874 779 928 ἀπὸ
826 872 1056 943 κόσμου,
1112 869 1201 923 καὶ
1259 866 1639 943 προελθούσης
1698 866 1775 927 εἷς
1832 869 1990 955 πνεῦ-

335 954 440 1041 μα;
472 965 532 1021 Τί
584 963 669 1019 δαὶ
718 966 833 1036 (52)
882 968 983 1029 τῆς
1038 965 1164 1032 μιᾶς
1216 959 1411 1033 στὲγης
1460 979 1518 1012 τε
1555 958 1645 1011 καὶ
1674 954 1987 1031 τραπέζης

329 1058 363 1127 ἢ
398 1055 449 1110 τί
488 1059 591 1109 τῶν
640 1056 836 1107 κοινῶν
887 1047 1191 1104 παιδευτῶν
1240 1070 1299 1102 τε
1351 1048 1438 1101 καὶ
1484 1044 1865 1119 παιδευμάτων
1893 1063 1906 1113 ;
1938 1044 1990 1098 τί

330 1144 416 1201 δαὶ
468 1150 567 1214 τῆς
631 1142 761 1217 ὑπὲρ
813 1138 1083 1218 ἀδελφοὺς
1146 1136 1508 1214 ἀνακράσεως,
1560 1137 1595 1204 ἢ
1637 1142 1737 1204 τῆς
1765 1132 1989 1209 γνησίας

326 1232 629 1308 συμπνοίας
662 1230 905 1307 ὕστερον,
941 1229 985 1283 εἰ
1022 1225 1162 1301 μηδὲ
1190 1231 1447 1281 τοσοῦτον
1492 1225 1696 1301 ὑπῆρξὲ
1750 1246 1843 1298 μοι
1890 1225 1986 1277 κά-

326 1344 404 1378 τω
441 1321 611 1397 μένειν
674 1321 724 1374 ἐν
776 1323 949 1395 καιρῷ
997 1315 1306 1377 δυναστείας
1367 1315 1455 1369 καὶ
1506 1312 1697 1388 ὕψους,
1732 1312 1895 1367 ὁπότε
1923 1312 1986 1367 τὸ

328 1414 443 1485 (53)
472 1408 711 1465 ἐναντίον
737 1408 855 1470 τοίς
884 1406 1121 1468 πολλοῖς
1156 1402 1511 1473 σπουδάζεται
1553 1403 1642 1457 καὶ
1690 1401 1984 1477 ἐπιτυγχά-

328 1522 497 1570 νεται,
529 1502 591 1555 τὸ
621 1496 1104 1574 παραδυναστεύειν
1137 1492 1306 1569 λέγω,
1341 1494 1429 1548 καὶ
1480 1499 1581 1561 τῆς
1637 1496 1745 1547 τῶν
1804 1490 1980 1569 φίλων

335 1592 581 1665 μετέχειν
616 1587 710 1657 εὐη
723 1606 819 1661 μερ
831 1586 909 1648 ίας
941 1587 1085 1658 (54);

398 1860 472 1915 Γ’.
498 1855 560 1911 Τί
613 1876 705 1930 μοι
765 1854 939 1908 πάντα
998 1850 1177 1927 λέγειν
1229 1851 1295 1905 τὰ
1348 1856 1448 1920 τῆς
1500 1849 1682 1920 λ’ύπης
1738 1849 1826 1904 καὶ
1880 1855 1981 1919 τῆς
2013 1885 2061 1950 Β

328 1944 577 2019 ἆκηδίας,
606 1946 670 2014 ἢν
706 1944 867 2023 ζόφον
900 1942 1009 2017 ἐγὼ
1038 1939 1214 2014 καλῶ,
1245 1944 1341 1995 τοῦ
1370 1944 1470 1993 νοῦ
1504 1939 1785 2013 εὑρήματα
1829 1941 1979 2013 (55);

328 2038 432 2094 Καὶ
461 2036 561 2112 γὰρ
592 2037 779 2104 ταῦτα,
817 2033 906 2087 καὶ
953 2030 1160 2085 τούτων
1211 2030 1276 2099 ἦν
1334 2028 1688 2105 ἀτοπώτερα·
1748 2049 1987 2104 κατηγο-

329 2129 482 2202 ρήσω
538 2124 640 2201 γὰρ
684 2122 841 2185 αὐτὸς
902 2120 1007 2196 ἐγὼ
1062 2128 1163 2190 τῆς
1224 2118 1361 2193 ἐμῆς
1422 2116 1528 2173 εἷ’τε
1572 2118 1829 2181 ἀπονοίας
1881 2116 1986 2173 ε’ίτε

326 2215 535 2276 ἀνοίας.
587 2210 764 2268 Ἀλλά
828 2216 919 2266 νῦν
975 2204 1378 2283 μεταλαμϐάνω
1428 2209 1516 2262 καὶ
1570 2208 1986 2281 μεθαρμόζομαι

327 2306 400 2366 ὡς
431 2302 576 2359 πολὺ
604 2301 811 2357 τούτων
844 2301 934 2355 καὶ
983 2297 1339 2373 ἀληθέστερα,
1383 2298 1472 2351 καὶ
1518 2298 1652 2369 ἡμῖν
1703 2294 1986 2371 πρεπωδὲ-

327 2413 508 2468 στερα.
566 2391 665 2445 Καὶ
707 2388 799 2443 ’ίνα
848 2386 998 2461 εἰδῇς
1047 2390 1156 2459 (56)
1206 2388 1268 2441 τὸ
1315 2388 1537 2461 γνήσιον
1585 2393 1683 2455 τῆς
1714 2388 1985 2463 ἡμετᾶρας

329 2478 664 2555 μεταϐολῆς,
718 2480 762 2531 ὦ
815 2478 1079 2549 θαυμάσιε
1137 2477 1197 2529 οὐ
1247 2474 1397 2536 λύεις
1450 2475 1615 2547 μόνον
1646 2476 1743 2542 τὴν
1773 2476 1983 2543 σιωπήν

322 2572 381 2639 ἣν
418 2568 669 2642 ἐμέμψω,
703 2568 791 2621 καὶ
826 2569 887 2634 ἧς
920 2564 1106 2619 πολλὰ
1136 2558 1493 2633 κατεϐόησας,
1530 2562 1675 2619 ἀλλὰ
1722 2565 1810 2618 καὶ
1868 2586 1986 2619 συν-

324 2657 563 2733 ηγόρους
595 2653 742 2731 ἔχεις
771 2653 897 2715 τοὺς
922 2648 1321 2729 λόγους.Τοῦτο
1350 2653 1442 2725 μὲν
1465 2651 1574 2722 ἤδη
1594 2659 1693 2723 τῆς
1716 2652 1984 2730 ἡμετέρας

325 2747 510 2825 φιλίας
537 2749 809 2822 καθαρῶς,
844 2743 933 2798 καὶ
965 2748 1062 2797 τοῦ
1095 2743 1145 2797 ἐν
1180 2745 1315 2815 ἡμῖν
1342 2742 1673 2816 Πνεύματος.
1708 2741 1884 2798 Ἀλλᾶ
1904 2743 1987 2807 τίς

326 2839 363 2905 ἡ
396 2834 731 2911 συνηγορία;
766 2832 853 2888 καὶ
888 2831 941 2887 εἶ’
964 2853 1014 2885 τι
1050 2834 1340 2908 ἁμαρτανω
1373 2834 1505 2905 (57),
1548 2832 1706 2894 αὐτὸς
1755 2829 1983 2909 ἐπανόρ-

333 2926 449 2996 θου,
483 2924 661 2995 ὣσπερ
694 2924 782 2977 καὶ
813 2920 993 2978 τᾶλλα
1024 2920 1244 2985 εἵωθας.
1302 2922 1411 2975 Οὐκ
1439 2920 1672 2996 ἤνεγκας
1716 2923 1780 2976 τὸ
1827 2928 1987 2977 πνεῦ-

338 3034 411 3086 μα
439 3016 537 3081 τῆς
571 3013 755 3090 φιλίας
783 3019 1010 3081 ποιῆσαι
1042 3010 1323 3087 δεύτερον·
1360 3011 1472 3065 ἐπεὶ
1511 3016 1618 3065 τῶν
1657 3012 1751 3085 μὲν
1799 3010 1983 3068 ἄλλων

327 3100 465 3163 *ίσως
497 3104 684 3173 ἡμεῖς,
717 3104 875 3173 ἡμῶν
914 3097 969 3154 δὲ
997 3100 1058 3153 τὸ
1106 3101 1321 3173 Πνεῦμά
1360 3121 1442 3153 σοι
1652 3099 1850 3171 πολλῷ
1905 3123 1988 3155 τι·

332 3191 621 3264 μιώτερον.
671 3188 785 3246 Ούκ
828 3188 1055 3263 ἤνεγκας
1106 3187 1156 3242 ἐν
1206 3192 1273 3260 τῇ
1314 3192 1387 3262 γῇ
1418 3190 1848 3267 κατακεκρύφθαι
1895 3190 1984 3244 καὶ

325 3277 679 3353 κατωρύχθαι
732 3280 840 3350 (59)
882 3279 944 3331 τὸ
988 3278 1252 3331 τάλαντον
1280 3296 1293 3309 ο
1330 3277 1427 3331 οὐκ
1456 3275 1690 3352 ἤνεγκας
1723 3255 1809 3333 ἐπὶ
1840 3277 1984 3333 πολὺ
2015 3255 2059 3322 C

323 3369 412 3423 τὸν
450 3366 654 3442 λύχνον
686 3370 764 3438 τῷ
802 3364 982 3439 μοδίῳ
1008 3365 1525 3442 περικαλύπτεσθαι,
1579 3367 1661 3421 δτι
1704 3365 1769 3435 δὴ
1826 3372 1989 3424 τοῦτο

323 3460 384 3512 τὸ
418 3456 549 3530 ἐμὸν
583 3460 720 3533 φῶς,
770 3456 860 3510 καὶ
906 3456 1007 3524 τήν
1061 3455 1198 3529 ἐμὴν
1253 3455 1500 3531 ἐργασίαν
1555 3452 1986 3530 ὑπολαμϐάνεις.

326 3547 626 3616 Ἐζήτησας
701 3548 781 3616 τῷ
859 3542 1063 3617 Παύλῳ
1140 3565 1224 3600 σοι
1296 3546 1657 3621 προστεθῆναι
1730 3550 1820 3600 καί
1896 3548 1987 3601 τὸν

328 3629 641 3709 Βαρνάϐαν·
705 3632 971 3704 ἰζήτησας
1048 3630 1327 3705 Σιλουανῷ
1385 3634 1473 3689 καὶ
1529 3636 1779 3708 Τιμοθέῳ
1827 3656 1992 3709 προσ-

328 3724 573 3799 γενέσθαι
606 3722 694 3777 καὶ
726 3723 879 3777 Τίτον
916 3725 1053 3797 (60),
1082 3723 1171 3777 ἳνα
1202 3745 1290 3776 σοι
1318 3722 1490 3798 τρέχῃ
1530 3725 1591 3778 τὸ
1623 3725 1873 3800 χάρισμα
1904 3723 1992 3779 διὰ

327 3815 434 3867 τῶν
468 3811 709 3889 γνησίως
745 3812 877 3887 ὑπὲρ
910 3814 1005 3866 σοῦ
1051 3812 1467 3886 μεριμνώντων,
1500 3811 1589 3866 καὶ
1638 3810 1828 3885 κύκλῳ
1888 3814 1992 3868 ἀπὸ

327 3900 695 3977 Ἰερουσαλὴμ
747 3902 911 3976 μέχρι
962 3905 1057 3954 τοῦ
1112 3898 1425 3976 Ἰλλυρικοῦ
1465 3900 1764 3976 πληρώσῃς
1796 3903 1858 3956 τὸ
1887 3903 1993 3957 Εὐ-

333 3989 591 4066 αγγὲλιον
605 4035 615 4046 .

2103 616 2216 670 que
2245 600 2372 654 vitii
2432 600 2701 654 arborem
2752 597 3227 671 gusim'crimus:
3262 601 3557 669 utcunque
3607 596 3759 653 alius

2105 688 2217 743 alio
2270 688 2684 759 speciosiorem
2744 688 2970 742 larvam
3026 686 3340 757 praeferat?
3395 687 3543 749 Quid
3601 703 3754 755 vero,

2104 778 2395 845 dicebam,
2414 778 2560 832 mihi
2588 778 2777 831 fructu
2812 777 3072 832 attulerit
3092 773 3373 847 praeclara
3402 772 3502 829 illa
3531 779 3587 829 et
3611 774 3759 830 cele-

2099 867 2221 922 bris
2257 868 2535 934 amicitia,
2570 885 2699 940 quae
2731 886 2765 923 a
2812 868 3033 923 mundo
3086 883 3311 933 exorsa,
3368 866 3441 921 ad
3486 865 3757 937 spiritum

2105 973 2415 1029 progressa
2438 959 2569 1013 est?
2591 958 2735 1024 Quid
2760 958 3177 1025 idemteetum,
3202 956 3467 1011 eamdem
3494 970 3760 1010 mensam

2101 1045 2380 1102 habuisse
2399 1047 2427 1101 ’ἶ
2458 1047 2606 1111 Quid
2639 1048 2875 1102 eosdem
2910 1049 3322 1119 praaceptores,
3348 1045 3585 1101 easdem
3606 1046 3761 1099 artes

2100 1139 2156 1190 et
2190 1136 2534 1215 disciplinas
2558 1137 2585 1191 ‘?
2611 1137 2757 1203 Quid
2784 1137 3037 1208 denique
3069 1135 3168 1192 illa
3201 1138 3405 1192 nostra
3434 1135 3758 1190 fraternum

2099 1241 2363 1281 amorem
2392 1243 2682 1298 superans
2713 1228 3082 1300 temperatio,
3122 1231 3227 1282 aut
3256 1225 3377 1281 haec
3407 1225 3607 1295 etiam,
3640 1240 3764 1294 quae

2099 1319 2303 1387 postea
2333 1321 2537 1371 secuta
2568 1321 2679 1383 est,
2704 1318 2935 1372 sincera
2979 1316 3315 1372 animorum
3348 1314 3682 1379 consensio,
3716 1314 3766 1369 si

2096 1420 2168 1459 ne
2190 1405 2299 1460 hoc
2331 1405 2570 1476 quidem
2607 1406 2750 1460 mihi
2781 1405 2969 1473 licuit,
3005 1411 3066 1462 ut
3086 1406 3319 1478 imperii
3349 1403 3761 1460 sublimitatis-

2093 1507 2207 1562 que
2238 1497 2499 1563 tempore
2521 1492 2734 1548 humili
2757 1494 2882 1549 loco
2901 1510 3199 1549 manerem
3228 1509 3395 1561 ;cum
3437 1492 3761 1563 praesertim

2093 1581 2154 1635 in
2177 1582 2535 1637 contrarium
2560 1582 2729 1637 multi
2747 1583 3137 1650 incumbamt,
3157 1584 3396 1653 votique
3419 1581 3510 1637 sui
3533 1594 3767 1652 comp0'

2092 1672 2180 1724 tes
2211 1670 2377 1740 ﬁant,
2410 1670 2519 1726 hoc
2551 1675 2659 1742 est,
2692 1676 2754 1727 ut
2777 1671 3103 1744 proximam
3127 1675 3479 1744 potestatem
3500 1670 3763 1726 habeant

2091 1762 2267 1829 atque
2300 1759 2359 1813 in
2392 1761 2717 1816 amicorum
2743 1761 3041 1817 felicitatis
3072 1765 3302 1833 partem
3323 1759 3607 1817 veniant?

2166 1848 2262 1904 III.
2296 1850 2444 1916 Quid
2504 1854 2717 1906 cuneta
2764 1868 2832 1907 ea
2862 1851 3075 1907 referre
3104 1852 3336 1920 attinet,
3388 1866 3513 1923 quae
3547 1865 3763 1905 mceror

2093 1936 2395 2010 animique
2417 1939 2832 2009 consternatio,
2868 1957 3045 2012 quam
3078 1958 3183 2013 ego
3224 1941 3438 1996 mentis
3486 1938 3759 1994 tenebras

2094 2026 2345 2099 appello,
2378 2028 2782 2101 excogitabat?
2810 2034 2944 2085 Haec
2966 2031 3121 2086 enim
3145 2033 3331 2098 erant,
3364 2032 3541 2100 atque
3580 2027 3757 2083 etiam

2095 2117 2189 2172 his
2217 2118 2603 2178 absurdiora:
2626 2136 2812 2175 meam
2837 2119 2993 2175 enim
3027 2121 3274 2191 ipsemet
3295 2118 3605 2184 accusabo,
3640 2116 3760 2171 sive

2096 2208 2527 2263 contumaciam
2560 2225 2688 2263 eam
2722 2209 2912 2264 dicere
2944 2213 3191 2281 oportet,
3217 2208 3339 2264 sive
3375 2206 3758 2261 dementiam.

2095 2297 2262 2351 Nunc
2293 2314 2427 2352 vero
2458 2298 2785 2353 orationem
2812 2304 3030 2367 retexo,
3060 2314 3126 2352 ac
3171 2296 3545 2366 reconcinno,
3577 2310 3759 2365 eaque

2096 2385 2308 2452 dicam,
2370 2403 2498 2457 quae
2554 2392 2610 2441 et
2639 2386 2733 2442 his
2784 2387 2971 2442 multo
2999 2388 3227 2442 veriora
3276 2390 3436 2453 sunt,
3487 2389 3545 2440 et
3583 2385 3756 2439 nobis

2097 2475 2381 2545 digniora.
2415 2478 2608 2546 Atque
2639 2481 2703 2531 ut
2734 2476 3048 2548 intelligas,
3108 2475 3198 2530 vir
3236 2475 3530 2548 praeclare,
3573 2490 3753 2546 quam

2096 2563 2330 2618 sincera
2362 2564 2440 2620 sit
2470 2564 2591 2620 hazc
2624 2570 2823 2620 nostra
2870 2564 3150 2633 mutatio;
3203 2582 3319 2620 non
3369 2564 3425 2619 id
3472 2564 3755 2618 duntaxat

2095 2658 2626 2720 consecutuses,ut
2647 2654 2946 2710 silentium
2970 2658 3235 2710 nostrum
3273 2653 3543 2718 solveres,
3583 2652 3752 2722 cujus

2096 2743 2334 2799 nomine
2367 2744 2596 2815 magnis
2620 2760 2713 2800 me
2736 2744 3093 2799 clamoribus
3134 2743 3503 2816 exagitabas:
3546 2757 3749 2797 verum

2094 2849 2394 2888 sermones
2421 2850 2651 2905 quoque
2682 2834 2841 2905 ipsos
2880 2834 3215 2889 defensores
3265 2832 3468 2888 habes.
3500 2830 3561 2886 1d
3598 2830 3751 2901 quod

2097 2922 2366 2978 amicitiae
2400 2928 2631 2978 nostrae.
2693 2924 3068 2995 Spiritusque
3099 2923 3158 2977 in
3192 2922 3363 2977 nobis
3406 2920 3750 2988 habitantis,

2095 3013 2493 3068 certissimum
2516 3017 2603 3069 est
2619 3018 3056 3086 argumentum.
3083 3012 3426 3083 Cujusmodi
3446 3016 3644 3067 autem
3667 3015 3757 3066 est

2096 3101 2206 3157 hoc
2238 3102 2680 3173 patrocinium?
2736 3110 2817 3157 Ac
2864 3104 2911 3157 si
2946 3103 3089 3157 forte
3147 3118 3434 3166 erravero,
3494 3104 3753 3157 erratum

2095 3190 2227 3261 hoc,
2262 3196 2325 3246 ut
2373 3196 2581 3246 caetera
2636 3191 2809 3258 soles,
2844 3191 3091 3265 corrige.
3137 3191 3424 3262 Spiritum
3484 3189 3755 3245 amicitias

2100 3281 2445 3352 posthabere
2475 3280 2715 3336 minime
2757 3281 3125 3336 sustinuisti:
3174 3280 3653 3352 quandoquidem
3694 3284 3759 3335 ut

2102 3385 2209 3425 nos
2241 3369 2428 3441 pluris
2488 3370 2760 3436 fortasse,
2809 3386 2985 3442 quam
3018 3370 3163 3425 alios
3218 3385 3422 3426 omnes
3455 3369 3642 3435 ducis,
3678 3368 3759 3423 ita

2101 3475 2307 3513 rursus
2335 3457 2621 3530 Spiritum
2655 3460 2824 3515 nobis
2850 3460 3017 3532 longe
3048 3458 3378 3530 anteponis.
3402 3458 3527 3513 Non
3546 3472 3760 3530 passus

2100 3564 2161 3602 es
2188 3547 2474 3603 talentum
2497 3549 2555 3603 in
2581 3552 2737 3603 terra
2765 3550 2833 3603 de
2857 3549 3081 3604 fessum
3104 3550 3281 3619 atque
3310 3547 3588 3603 obrutum
3612 3546 3756 3603 late-

2102 3653 2165 3691 re
2188 3636 2249 3688 ⁸³.
2285 3638 2411 3693 Non
2448 3655 2659 3709 passus
2688 3655 2751 3693 es
2783 3637 3080 3693 lucernam
3109 3637 3280 3693 modo
3312 3636 3536 3691 diutius
3572 3637 3761 3691 obdu-

2103 3726 2154 3781 ci
2180 3726 2260 3781 5‘:
2294 3727 2401 3781 hoc
2426 3727 2582 3782 enim
2630 3726 2829 3782 lumen
2864 3743 3059 3781 meum
3085 3742 3397 3797 meamque
3419 3724 3761 3797 negotiatio-

2103 3832 2237 3871 nem
2272 3830 2400 3871 esse
2434 3816 2760 3871 existimas.
2786 3816 2851 3870 Id
2882 3814 3187 3882 studuisti,
3210 3820 3275 3869 ut
3306 3814 3411 3869 tibi
3438 3813 3616 3870 Paulo
3630 3815 3761 3869 Bar-

2103 3905 2288 3960 nabas
2320 3906 2739 3975 adjungeretur
2759 3905 2822 3960 ⁵⁵.
2885 3905 2947 3959 Id
2979 3903 3287 3967 studuisti,
3342 3908 3406 3958 ut
3434 3903 3668 3959 Silvano
3699 3908 3755 3958 et

2105 3994 2408 4049 Timotheo
2426 3993 2635 4048 tertius
2650 3994 2951 4049 accederet
2968 3992 3455 4057 Titus,nimirum
3474 3997 3689 4048 uteoru
3703 4010 3757 4047 m

332 4098 529 4153 opera,
565 4081 665 4152 qui
696 4086 799 4137 tua
849 4097 1028 4136 causa
1083 4080 1546 4136 sollicitudinem
1605 4098 1722 4138 non
1773 4083 1970 4138 fictam
2014 4084 2366 4155 suscipiunt,
2400 4083 2597 4138 divina
2647 4084 2835 4156 gratia
2864 4082 3098 4154 longius
3140 4082 3436 4154 latiusque
3468 4083 3751 4139 ateﬁdl

331 4175 722 4245 propagetur:
760 4176 934 4242 atque
967 4171 1037 4225 ab
1074 4170 1493 4242 Hierosolymis
1523 4172 1595 4226 ad
1624 4171 1915 4243 Illyricum
1950 4190 2137 4246 usque
2188 4188 2291 4245 per
2321 4173 2636 4229 circuitum
2668 4173 3044 4246 Evangelium
3077 4171 3323 4245 impleas
3349 4173 3415 4228 ⁵⁸.

406 4262 475 4314 Δ’.
529 4260 626 4313 Διά
681 4263 843 4315 τοῦτο
905 4258 980 4320 είς
1042 4257 1202 4331 μέσον
1263 4256 1432 4334 ἄγεις,
1486 4260 1575 4313 καὶ
1639 4260 1990 4337 ὑποχωροῦν-

2188 4263 2275 4318 IV.
2306 4263 2522 4319 Idcirco
2541 4263 2709 4319 mein
2736 4264 2991 4319 medium
3016 4263 3312 4335 producis,
3332 4266 3389 4317 et
3419 4262 3755 4335 suﬁ'ugienti

325 4370 422 4411 τος
452 4344 710 4423 λαμϐάνῃ
740 4352 873 4421 (61),
906 4347 994 4403 καὶ
1035 4348 1182 4424 παρὰ
1229 4350 1448 4404 σεαυτὸν
1500 4349 1736 4418 καθίζεις
1766 4370 1779 4382 ·
1837 4355 2000 4406 τοῦτο

329 4440 394 4492 τὸ
439 4439 567 4510 ἐμὸν
622 4437 892 4511 ἀδίκημα,
937 4436 1100 4515 φαίης
1152 4438 1236 4508 ἂν,
1278 4436 1375 4492 ’καί
1420 4440 1681 4493 κοινωνὸν
1727 4443 1860 4514 ποιῇ
1890 4444 1997 4495 τῶν

336 4525 641 4605 φροντίδων
682 4528 772 4580 καὶ
824 4532 931 4581 τῶν
986 4529 1282 4605 στεφάνων.
1336 4530 1434 4581 Διά
1476 4532 1637 4583 τοῦτο
1669 4528 1845 4605 χρίεις
1900 4529 2000 4606 ἆρ-

335 4615 525 4693 χιερέα
581 4618 716 4691 (62),
775 4617 864 4671 καὶ
922 4612 1278 4694 περιϐάλλεις
1337 4618 1428 4672 τὸν
1484 4615 1703 4693 ποδήρη
1755 4618 1844 4673 καὶ
1875 4639 1997 4695 περι

332 4707 492 4773 τίθης
540 4708 653 4781 (63)
701 4707 800 4775 τὴν
851 4704 1082 4782 κίδαριν,
1134 4706 1224 4761 καὶ
1269 4708 1561 4784 προσάγεις
1610 4711 1690 4779 τῷ
1718 4709 2002 4778 θυσιαστη-

337 4795 442 4871 ρίῳ
490 4802 590 4865 τῆς
633 4798 1007 4869 πνευματικῆς
1056 4795 1503 4867 ὁλοκαυτώσεως,
1554 4796 1643 4851 καὶ
1705 4797 1850 4861 θύεις
1903 4798 1995 4853 τὸν

2113 4369 2357 4409 manum
2390 4353 2647 4425 indjicis,
2683 4371 2747 4409 ac
2775 4354 2937 4425 juxta
2954 4357 3009 4410 te
3039 4353 3325 4410 collocas:
3350 4352 3472 4408 haec
3495 4352 3761 4408 videlicet

2110 4447 2200 4499 est
2232 4443 2333 4499 illa
2380 4444 2485 4500 tibi
2518 4461 2551 4499 ο.
2582 4461 2677 4500 me
2708 4444 2964 4517 irrogata
2994 4443 3236 4515 injuria,
3282 4442 3537 4514 inquies,
3587 4445 3764 4514 atque

2110 4549 2388 4589 curarum
2449 4533 2630 4588 simul
2688 4538 2747 4588 et
2806 4550 3156 4589 coronarum
3215 4533 3442 4589 socium
3501 4534 3760 4588 aseiscis.

2113 4622 2298 4677 Idciro
2332 4638 2424 4677 me
2456 4622 2792 4693 pontiﬁcem
2829 4623 3028 4693 ungis,
3060 4638 3127 4678 ac
3160 4622 3373 4693 pedere
3403 4620 3591 4694 cingis
3611 4622 3765 4692 capi-

2108 4710 2270 4781 tique
2317 4711 2564 4767 cidarim
2623 4710 2882 4781 imponis
2902 4710 2965 4780 ‘7,
3000 4715 3176 4781 atque
3208 4709 3538 4765 holocausti
3586 4710 3761 4780 spiri-

2108 4798 2287 4857 tualis
2304 4799 2475 4856 altari
2491 4801 2788 4867 admoves,
2804 4803 2864 4854 et
2878 4798 3229 4855 initiationis
3242 4798 3495 4854 vitulum
3512 4803 3760 4866 mactas,

410 4913 455 4948 ⁸³
488 4913 689 4969 Matth.
722 4931 856 4982 xxv,
886 4914 970 4970 18.
1005 4914 1051 4948 ⁶⁴
1097 4914 1229 4969 Luc.
1261 4930 1342 4980 x1,
1371 4915 1463 4970 33.
1496 4915 1539 4952 ⁸⁸
1571 4915 1697 4971 Gal.
1730 4931 1794 4985 Il,
1832 4917 1882 4972 1.
1916 4916 1959 4952 ³⁸
1988 4916 1990 4969 ἶ

2105 4931 2157 4971 n.
2180 4932 2270 4986 xv,
2308 4916 2395 4971 19.
2420 4915 2462 4951 ³⁷
2494 4916 2671 4971 Exod.
2694 4931 2847 4988 xxxx,
2881 4914 2907 4969 1
2944 4930 3110 4987 seqq.

546 5026 873 5103 Γεγεύμεθα.
898 5026 1377 5103 368.γεγιύσμιθα.
1526 5088 1541 5099 ο

416 5098 532 5173 (51⁷)
560 5098 668 5173 Τῆς
704 5098 987 5171 ζηλωτῆς.
1022 5098 1050 5152 (ἑ
1080 5098 1420 5173 [Πνὶάθῐὶᾱᾳ.

409 5169 523 5311 (52)
555 5172 616 5226 Τί
649 5169 764 5229 Sat.
789 5174 931 5247 Reg.
965 5174 1089 5245 bm,
1119 5174 1239 5231 Jes.
1274 5173 1334 5226 Τί
1367 5169 1443 5228 δέ.

431 5245 500 5299 53
555 5244 749 5311 ,Οπότε
806 5244 889 5300 τό.
951 5245 1041 5300 Sic
1102 5250 1223 5301 tres
1274 5249 1443 5311 Regg

431 5244 782 5329 53).,Οπότε.
806 5244 901 5329 τρεῖ
951 5245 1041 5329 Sic
1072 5244 1087 5329 θ’
1102 5250 1223 5301 tres
1274 5249 1453 5319 Regg.
1506 5250 1562 5302 et
1591 5246 1709 5302 Jes.
1742 5244 1914 5302 Cois].
1942 5248 1998 5315 1,

345 5311 513 5367 ὁπότε
537 5311 586 5370 8.
618 5317 681 5373 In
716 5318 808 5373 ed.
842 5318 1008 5373 deest
1027 5313 1111 5370 τό.

680 5387 891 5480 θερίας.
921 5390 1016 5480 §ic
1047 5393 1167 5480 tr‘es
1200 5389 1379 5480 Regg.
1411 5389 1645 5445 sublato
1666 5394 1788 5457 τῆς.

413 5457 520 5535 ίξεέὶ
552 5457 697 5535 Εὖρῆ
712 5457 878 5535 eam
904 5461 1063 5535 _Ree-
1099 5461 1203 5528 hu.
1251 5457 1537 5535 εὖρέματας

413 5477 520 5527 (an)
552 5477 878 5535 ωυρηματα.
926 5477 1063 5587 Heg.
1099 5477 1203 5528 nu,
1251 5477 1537 5588 stipatam.
1584 5532 1607 5542 ν

551 5531 666 5606 Ἵνα
700 5530 987 5606 adﬁcite
1051 5548 1132 5606 es.
1167 5535 1230 5588 In
1263 5551 1292 5589 e
1344 5578 1354 5587 .
1383 5531 1457 5586 θίν’
1488 5530 1653 5606 εἷ’δῃς.

412 5600 525 5671 (57)
557 5602 655 5679 Καὶ
710 5603 757 5657 εἴ
786 5600 839 5658 τι
873 5603 1191 5677 ἁμαρτάνω.
1246 5607 1387 5679 Reg.
1424 5606 1524 5677 hu,
1557 5600 1646 5659 καὶ
1702 5603 1738 5674 ἤ
1768 5626 1841 5663 τι.
1872 5606 1993 5664 Jes.

342 5664 718 5744 διαμαρτάνω.

414 5745 528 5821 (58)
560 5747 861 5825 201.303.
897 5745 1000 5818 hu,
1033 5765 1149 5805 σου.

2329 5028 2718 5115 ἕατωρύχθαι.
2754 5031 2894 5115 R23.
2926 5030 3029 5115 112,
3080 5033 3138 5086 et
3163 5030 3288 5115 ἄεξεξ
3315 5026 3759 5115 κατορωρύχθαι.

2181 5096 2297 5173 (60)
2458 5096 2730 5176 Παύλῳ...
2790 5096 3137 5176 Βαρνάϐαν...
3189 5096 3547 5176 ξιιλῠυανῷ..”
3586 5096 3762 5173 Τῖμο-

2109 5172 2284 5249 θὲῳ...
2314 5172 2493 5249 Τίτον.
2518 5172 2833 5249 Gregorius
2866 5172 2979 5243 hic,
2999 5175 3169 5245 juxta
3188 5174 3374 5230 Eliam
3415 5172 3520 5249 per
3546 5194 3575 5224 «
3604 5178 3754 5249 Pau-

2108 5245 2229 5301 lum
2255 5269 2283 5295 «
2311 5247 2588 5318 intelligit
2614 5245 2895 5303 Basilium
2920 5262 3224 5319 magnum,
3246 5263 3349 5319 per
3369 5270 3397 5298 ‹‹
3417 5245 3754 5319 Barnabam

2107 5324 2165 5393 et
2196 5319 2419 5392 Titum,
2446 5343 2472 5369 ››
2498 5337 2558 5375 se
2586 5321 2802 5393 ipsum,
2827 5336 2929 5393 per
2956 5318 3326 5393 «Silvanum,
3364 5342 3384 5367 ι
3412 5318 3758 5393 Gregorium

2106 5390 2459 5465 ljlyssenum,
2494 5397 2550 5447 et
2578 5390 2680 5465 p'er
2710 5414 2739 5443 ‹‹
2781 5390 3175 5461 Timotheum,
3214 5413 3243 5441 »
3273 5390 3551 5461 Petrum,"
3584 5390 3756 5446 ambo

2108 5462 2303 5520 Basilii
2330 5466 2559 5521 fratres.

2179 5536 2291 5609 (61)
2323 5534 2608 5609 ,Λαμοάνῃ
2643 5533 2819 5609 qusl.
2851 5534 2901 5587 1.
2930 5525 3258 5609 λαμϐάνεις.

2179 5556 2291 5609 (01)
2327 5556 2608 5661 Λαμοανέ).
2643 5556 2816 5617 uolat.
2851 5556 2901 5587 1.
2939 5556 3258 5603 Λαμυανεις.

2179 5610 2290 5683 (62)
2321 5608 2546 5683 Ἀρχιερ
2582 5628 2631 5663 α.
2665 5608 2760 5683 ξιο
2792 5608 2897 5683 deo
2930 5604 3109 5677 Regg.
3144 5606 3379 5683 sublato
3406 5605 3520 5660 τόν.

2179 5628 2290 5675 (οι)
2342 5628 2631 5735 Αρχιεὲεα.
2666 5628 2760 5662 me
2792 5628 2897 5661 nec
2932 5628 3109 5677 negg.
3144 5628 3307 5661 sums

2177 5680 2287 5752 (63)
2324 5679 2506 5757 Περι-εί
2542 5700 2632 5752 ης.
2666 5680 2803 5751 Reg.
2836 5679 2956 5735 bm.
2991 5678 3307 5753 περιτιθεῖς.
