4070 6422
358 394 477 455 833

438 525 508 579 B"
556 523 681 597 'Ap’
722 516 814 575 οὗν
865 518 1023 573 ἱκανὰ
1069 518 1255 591 ταῦτα,
1304 516 1395 571 xui
1447 514 1681 592 μετρίως
1732 517 1842 590 (75)
1897 514 2021 588 ὑμῖν
2054 516 2111 583 Α

363 614 458 670 τὸν
486 608 649 687 ἄνδρα
697 609 725 664 6
783 606 946 685 λόγος
1003 606 1266 683 ἔγραψεν;
1328 607 1393 665 ’Ἠ
1452 603 1553 676 δεῖ,
1603 604 1839 681 καθάπερ
1896 602 2023 664 τοὺς

370 700 653 775 ἐπιμελεῖς
701 702 809 754 τῶν
865 697 1190 774 ζωγράφων,
1260 695 1531 757 πολλάκις
1587 689 1902 749 ἐπιϐάλλειν
1958 693 2025 747 τὰ

369 792 666 867 χρώματα,
699 786 791 843 ’ίνοι
847 785 1178 863 τελεωτέραν
1240 787 1365 859 ὑμῖν
1413 789 1524 859 (76)
1571 786 1671 854 τὴν
1699 788 1795 839 τοῦ
1856 782 2023 859 λόγου

364 880 578 957 γραφὴν
623 879 1099 953 παραστήσωμεν;
1150 875 1249 930 Καὶ
1308 874 1377 945 δὴ
1424 875 1703 951 γράψομεν
1750 876 1866 947 (77)
1897 873 2024 944 ὑμῖν

364 966 697 1040 τελεώτερον
744 987 805 1022 τε
860 964 951 1021 καὶ
1011 965 1356 1043 σαφεστερον.
1405 964 1495 1026 Τίς
1541 964 1852 1036 νομοθετῶν
1906 961 2023 1015 ἐπι-

371 1058 733 1137 φανέστατος;
782 1057 1044 1124 Μωϋσῆς.
1102 1054 1193 1115 Τίς
1250 1052 1447 1137 ἱερέων,
1501 1053 1834 1131 ἀγιώτατος;
1895 1050 2024 1105 Ἀα-

371 1136 476 1222 ρών
504 1165 516 1180 ·
553 1144 660 1221 οὐχ
687 1145 850 1215 ἦττον
894 1140 1123 1221 ἀδελφοὶ
1168 1143 1268 1211 τὴν
1302 1136 1569 1197 εὐσέϐειαν
1600 1143 1634 1210 ἢ
1663 1142 1729 1195 τὰ
1760 1141 1985 1213 σώματα
2008 1158 2021 1171 ⁸

372 1234 585 1310 μᾶλλον
620 1232 677 1291 δὶ
709 1235 736 1289 6
772 1234 866 1308 μὲν
898 1234 1027 1295 Θεὸς
1074 1233 1297 1310 Φαραὼ,
1342 1232 1432 1285 καὶ
1478 1235 1573 1285 τοῦ
1622 1229 1843 1304 Ἰσραὴλ
1888 1249 2024 1305 προ-

362 1324 563 1398 στάτης
622 1326 737 1399 (78)
793 1323 884 1378 xui
940 1320 1266 1397 νομοθέτης,
1316 1319 1405 1376 καὶ
1461 1327 1564 1390 τῆς
1621 1318 1853 1398 νεφέλης
1897 1317 2024 1373 εἷ’σω

361 1418 590 1491 χωρῶν,
646 1413 737 1469 καὶ
792 1411 949 1468 θείων
1011 1411 1324 1488 μυστηρίων
1387 1409 1630 1480 ἒπόπτης
1673 1431 1730 1464 τε
1774 1408 1866 1464 xui
1924 1430 2027 1482 μυ-

365 1503 651 1578 σταγωγὸς
683 1504 816 1577 (79),
849 1502 940 1557 καὶ
968 1504 1065 1571 τῆς
1100 1506 1306 1571 σκηνῆς
1329 1507 1428 1570 τῆς
1460 1498 1730 1570 ἀληθινῆς
1745 1497 2025 1575 τεχνίτης,

366 1593 428 1661 ἣν
461 1588 653 1663 ἔπηξεν
706 1592 735 1646 6
791 1589 1012 1665 Κύριος,
1068 1590 1160 1645 καὶ
1220 1589 1320 1645 οὐκ
1366 1590 1688 1663 ἄνθρωπος’
1746 1588 1910 1661 ἱερεῖς
1970 1584 2027 1641 δὲ

368 1679 580 1753 ὁμοίως
634 1679 954 1757 ἀμφότεροι.
1013 1684 1218 1748 Μωσῆς
1275 1680 1401 1755 γὰρ,
1460 1678 1615 1757 φησὶ,
1673 1676 1762 1732 καὶ
1813 1677 2024 1753 Ἀαρὼν

369 1768 421 1825 ἐν
453 1773 571 1831 τοῖς
606 1771 713 1842 (80)
760 1769 992 1844 ἱερεῦσιν
1043 1768 1245 1824 αὐτοῦ’
1300 1769 1328 1822 6
1379 1768 1473 1841 μὲν
1504 1767 1692 1843 ἄρχων
1744 1765 2027 1842 ἀρχόντων

364 1858 455 1913 καὶ
513 1856 688 1934 ἱερεὺς
738 1856 950 1934 ἱερὲων,
1009 1858 1301 1933 χρώμενος
1367 1859 1462 1930 μὲν
1519 1857 1617 1911 ’ὃσα
1671 1854 1892 1932 γλώσσῃ
1945 1860 2025 1927 τῷ
2060 1894 2105 1958 Β

360 1947 597 2024 Ἀαρὼν,
652 1946 815 2011 αὐτὸς
874 1944 931 2002 δὲ
984 1948 1051 2001 τὰ
1095 1950 1229 2020 πρὸς
1269 1947 1396 2002 Θεὸν
1430 1945 1613 2018 ἐκείνῳ
1644 1945 1962 2021 γινόμενος’
1998 1946 2026 1999 6

367 2032 425 2091 δὲ
458 2036 572 2109 μετ’
624 2034 823 2091 ἐκεῖνον
874 2035 969 2108 μὶν
1028 2035 1205 2108 εὐθὺς,
1263 2034 1409 2091 πολὺ
1461 2032 1519 2089 δὲ
1562 2035 1668 2108 πρὸ
1698 2039 1805 2088 τῶν
1838 2031 2021 2089 ἄλλων

369 2125 487 2197 ἀξίᾳ
514 2146 573 2180 τε
601 2124 691 2181 καὶ
722 2128 789 2199 τῇ
839 2127 975 2202 πρὸς
1007 2126 1133 2180 Θεὸν
1180 2124 1457 2202 ἱγγύτήτι.
1494 2124 1824 2203 Ἀμφότεροι
1860 2125 2024 2199 βασα-

366 2214 599 2285 νίζοντες
648 2211 950 2289 Αἷ¹γυπτον,
997 2211 1266 2270 θάλασσαν
1316 2213 1631 2287 τέμνοντες,
1674 2214 1766 2268 τὸν
1804 2210 2023 2289 Ἰσραὴλ

367 2301 719 2381 διεξάγοντες,
750 2303 876 2366 τοὺς
908 2304 1140 2380 ἐχθροὺς
1194 2303 1568 2379 βαπτίζοντες,
1614 2301 1773 2379 ἄρτον
1823 2298 2023 2357 ἄνωθεν

366 2390 640 2462 ἕλκοντες,
668 2390 814 2468 ὕδωρ
846 2390 1067 2447 ἄπιστον
1103 2392 1155 2447 ἐν
1187 2392 1403 2468 ἐρήμῳ,
1442 2394 1504 2447 τὸ
1556 2392 1651 2465 μὲν
1700 2389 2023 2461 ἐκδιδόντες,

364 2482 430 2535 τὸ
461 2478 519 2535 δὲ
562 2479 942 2557 γλυκαίνοντες
966 2499 977 2512 '
1028 2481 1326 2560 ἀμφότεροι
1376 2481 1881 2554 καταπολεμοῦντες
1914 2484 2028 2555 (81)

367 2570 460 2626 τὸν
495 2568 754 2643 Ἀμαλήκ
800 2570 1007 2625 ἐκτάσει
1056 2590 1259 2647 χειρων
1306 2571 1450 2647 ἁγίᾳ,
1501 2570 1590 2626 καὶ
1628 2570 1785 2644 τύπῳ
1821 2592 2026 2644 μυστη-

373 2658 493 2735 ρίου
527 2658 775 2732 μείζονος
798 2678 812 2691 ·
865 2658 1162 2738 ἀπφότεροι
1209 2660 1348 2733 πρὸς
1393 2662 1493 2729 τὴν
1534 2666 1639 2736 γῆς
1667 2667 1768 2729 τῆς
1800 2659 2026 2736 ἐπαγγε-

370 2746 514 2817 λίας,
562 2749 652 2803 καὶ
703 2746 1032 2824 ὁδηγοῦντες
1081 2748 1171 2804 καὶ
1229 2746 1569 2812 σπεύδοντες.
1617 2752 1703 2821 Μή
1738 2770 1791 2805 τι
1820 2770 2026 2826 γνωρι-

374 2839 618 2913 μώτερον
646 2839 760 2913 (82)
788 2845 887 2909 τῆς
920 2837 1128 2901 εἰκόνος
1156 2858 1169 2907 ;
1201 2838 1275 2893 Οὐ
1313 2843 1497 2917 σαφῶς
1549 2838 1676 2912 ὑμῖν
1724 2838 1818 2894 τὸν
1876 2840 2025 2913 ὁμώ-

372 2947 541 2999 νυμον
565 2928 679 3001 (83)
708 2927 836 3002 ἐμοὶ
868 2928 957 2982 καὶ
998 2927 1285 3002 ὁμόψυχον
1322 2932 1430 3001 (84)
1479 2928 1507 2981 6
1550 2929 1830 3007 ζωγράφος
1857 2925 2025 3005 λόγος

370 3014 429 3069 ἀν
438 3016 770 3073 ετυπώσατο.

1355 384 1645 449 ORATIO
1690 384 1796 448 XI.
1828 418 1907 427 ——
1936 384 2042 445 AD
2089 378 2432 445 GREGOR.
2478 380 2807 442 NYSSEN.

3668 387 3788 447 834

2214 515 2283 569 ΙΙ.
2310 515 2391 569 An
2423 530 2553 569 vero
2586 513 2705 568 haec
2754 514 3074 581 sufficiunt,
3123 519 3296 588 atque
3354 519 3588 575 abunde
3618 520 3785 575 vobis

2131 602 2290 658 hunc
2318 603 2511 659 virum
2544 600 2728 657 oratio
2761 600 3061 673 depinxit!
3092 604 3177 657 An
3201 604 3369 660 nobis
3389 606 3580 677 potius
3612 607 3785 663 sedu-

2132 692 2221 749 los
2253 709 2317 746 ac
2353 692 2661 765 diligentes
2688 691 2939 763 pictores
2983 690 3202 746 imitari
3234 695 3520 766 convenit,
3569 698 3786 769 saepius

2134 799 2248 854 que
2278 780 2501 837 colores
2532 781 2834 849 inducere,
2866 796 2982 851 quo
3022 782 3423 853 perfectiorem
3453 785 3616 841 vobis
3661 804 3783 844 ser—

2134 873 2326 929 monis
2360 874 2651 944 picturam
2683 873 2755 926 ob
2785 871 2984 927 oculos
3020 873 3352 942 ponamus?
3399 875 3467 929 Et
3496 892 3630 932 vero
3662 879 3784 934 cla-

2133 963 2258 1018 rius
2287 962 2667 1033 exactiusque
2695 961 2859 1016 vobis
2879 960 3176 1016 hominem
3200 963 3624 1021 describemus.
3648 967 3788 1031 Quis

2136 1052 2540 1124 legislatorum
2566 1049 3060 1105 illustrissimus?
3089 1051 3303 1122 Moyse.
3338 1052 3478 1117 Quis
3519 1057 3787 1113 sacerdo-

2134 1146 2262 1198 tum
2314 1139 2776 1196 sanctissimus?
2832 1140 3063 1194 Aaron:
3123 1156 3237 1195 non
3302 1140 3501 1198 minus
3551 1143 3788 1215 pietate.

2135 1246 2315 1303 quam
2371 1229 2715 1301 corporibus
2741 1228 2949 1283 fratres
2984 1246 2997 1295 ;
3030 1228 3117 1283 vel
3152 1229 3370 1300 potius,
3417 1231 3514 1287 ille
3546 1234 3784 1304 quidem

2136 1318 2457 1375 Pharaonis
2520 1319 2669 1373 Deus
2720 1318 2783 1384 ⁸⁸,
2844 1321 2901 1372 et
2948 1316 3348 1373 Israelitarum
3411 1321 3657 1379 antistes
3732 1327 3790 1380 et

2136 1407 2453 1479 legislator,
2516 1410 2572 1462 et
2638 1406 2854 1461 nubem
2927 1405 3284 1479 ingrediens,
3342 1412 3399 1465 et
3453 1410 3784 1469 divinorum

2136 1498 2550 1570 mysteriorum
2592 1499 2886 1568 spectator
2942 1504 2995 1551 et
3045 1496 3279 1568 prwsul,
3312 1502 3370 1554 et
3419 1500 3785 1559 tabernaculi

2136 1586 2300 1643 illius
2338 1586 2457 1642 veri
2507 1585 2839 1651 fabricator,
2875 1586 3031 1656 quod
3065 1603 3098 1641 a
3132 1588 3264 1653 Deo,
3298 1604 3414 1644 non
3445 1589 3518 1646 ab
3549 1591 3787 1650 homine

2137 1680 2542 1732 constructum
2575 1678 2665 1729 est
2692 1675 2763 1729 7°:
2788 1675 2962 1730 ambo
3013 1680 3207 1730 autem
3240 1693 3402 1748 aeque
3433 1682 3784 1739 sacerdotes.

2136 1764 2326 1819 Moses
2354 1763 2534 1833 enim,
2568 1762 2650 1818 ait
2697 1762 2814 1828 ille,
2874 1768 2931 1817 et
2973 1770 3186 1831 Aaron,
3247 1766 3399 1821 inter
3456 1771 3786 1828 sacerdotes

2136 1854 2264 1924 ejus
2284 1854 2350 1907 ⁷1.
2376 1852 2476 1907 llle
2503 1851 2830 1923 principum
2865 1852 3156 1923 princeps,
3190 1858 3245 1908 et
3275 1857 3647 1913 sacerdotum
3695 1877 3787 1916 sa-

2137 1943 2359 2001 cerdos.
2394 1948 2617 1997 Aarone
2649 1958 2752 2012 pro
2774 1940 2973 2012 lingua
3022 1946 3216 2006 utens,
3249 1944 3479 2015 ipsique
3526 1949 3785 2005 vicissim

2138 2032 2197 2085 in
2230 2030 2301 2085 iis
2324 2031 2495 2086 rebus
2528 2045 2762 2101 operam
2797 2047 3036 2096 navans,
3072 2048 3199 2101 quis
3222 2034 3291 2086 ad
3329 2039 3505 2089 Deum
3540 2037 3786 2107 pertine-

2136 2121 2278 2175 bant
2307 2121 2381 2176 πει
2417 2120 2509 2174 hic
2532 2118 2615 2173 illi
2639 2119 2835 2173 statim
2869 2121 3187 2185 secundus,
3211 2121 3357 2177 alios
3381 2130 3571 2180 autem
3593 2126 3784 2199 digni-

2136 2213 2255 2265 tate
2285 2214 2341 2265 et
2392 2209 2825 2281 propinquitate
2856 2211 2921 2264 ad
2974 2209 3155 2264 Deum
3188 2210 3358 2283 longe
3413 2217 3782 2273 antecedens.

2135 2301 2321 2355 Ambo
2354 2300 2660 2371 Aigyptum
2696 2304 2988 2366 vexantes,
3024 2316 3183 2354 mare
3215 2301 3568 2375 scindentes,
3595 2306 3784 2363 Israe-

2138 2388 2250 2444 lem
2268 2388 2641 2459 trajicientes,
2661 2388 2857 2444 hostes
2875 2388 3513 2462 demergentes,panem
3536 2412 3601 2449 su
3614 2413 3786 2467 perne

2134 2477 2456 2546 trahentes,
2488 2493 2701 2547 aquam
2726 2476 3034 2531 hominum
3090 2478 3263 2533 fidem
3296 2487 3674 2552 superantem
3724 2484 3783 2540 in

2138 2567 2369 2621 deserto
2402 2567 2615 2636 partim
2659 2565 3099 2636 profundentes,
3142 2568 3353 2637 partim
3402 2570 3782 2630 edulcantes:

2138 2656 2311 2710 ambo
2342 2672 2445 2726 per
2474 2658 2737 2709 sanctam
2769 2671 3054 2710 manuum
3078 2656 3476 2713 extensionem
3500 2661 3566 2727 ⁷³,
3599 2662 3784 2718 subli-

2139 2743 2455 2815 miorisque
2477 2744 2737 2815 mysterii
2768 2744 3039 2815 ﬁguram,
3079 2744 3429 2803 Amalecitas
3450 2750 3784 2821 opprimen-

2138 2841 2222 2889 tes
2248 2851 2261 2889 :
2296 2833 2468 2888 ambo
2491 2834 2561 2887 ad
2595 2832 2947 2904 promissam
2972 2837 3187 2889 terram
3210 2835 3390 2892 duces
3420 2838 3522 2892 viae
3545 2856 3607 2894 se
3635 2857 3735 2911 pra
3762 2871 3785 2882 -

2137 2923 2360 2993 bentes,
2394 2939 2459 2977 ac
2487 2926 2885 2994 properantes.
2912 2922 3132 2993 Ecquid
3164 2923 3271 2979 hac
3301 2924 3556 2998 imagine
3589 2929 3785 2987 notius

2138 3012 2513 3084 apertiusque
2531 3010 2772 3084 cogitari
2786 3012 3016 3083 potest?
3035 3016 3238 3069 Nonne
3257 3016 3563 3087 perspicue
3579 3034 3787 3091 cogno-

2141 3102 2359 3157 minem
2430 3117 2625 3156 meum
2674 3100 2917 3173 parique
2959 3102 3155 3157 animo
3217 3104 3525 3176 praeditum
3576 3107 3788 3179 pictrix

2138 3192 2322 3249 oratio
2353 3190 2578 3246 afﬁnxit
2596 3191 2623 3245 ?

441 3282 512 3336 I".
547 3281 830 3339 Τούτώνδ
873 3282 968 3356 μὲν
1001 3279 1214 3358 ἔχρισεν
1265 3285 1436 3357 ἡμᾶς,
1486 3286 1575 3339 καὶ
1622 3285 2024 3361 κρυπτομένους

2212 3282 2309 3337 ΙΙΙ.
2354 3281 2573 3336 Horum
2623 3279 2771 3335 alter
2818 3298 2925 3336 nos
2960 3281 3144 3349 unxit,
3204 3300 3269 3338 ac
3326 3283 3577 3342 latentes
3632 3287 3785 3344 243

370 3369 446 3434 εἷς
481 3370 642 3445 μέσον
673 3370 879 3448 ⁸ἤγαγεν
906 3391 918 3405 ·
953 3371 1052 3427 οὐκ
1101 3370 1205 3427 οἷδ’
1254 3372 1285 3428 6'
1326 3395 1378 3429 τι
1423 3374 1632 3443 παθὼν,
1662 3375 1696 3443 ἣ
1720 3380 1837 3438 πῶς
1866 3396 2027 3446 κινη-

370 3458 481 3522 θεὶς
539 3459 765 3531 ἀναξίως
803 3465 901 3515 τοῦ
960 3460 1010 3515 ἐν
1066 3459 1214 3535 αὖτῷ
1268 3461 1611 3535 πνεύματοςο
1668 3462 1759 3518 καὶ
1817 3463 1920 3540 γὰρ
1981 3465 2025 3519 εἷ

368 3548 703 3624 τραχύτερος
761 3552 790 3604 6
848 3547 1037 3627 λόγος,
1097 3549 1250 3624 ὅμως
1319 3553 1427 3625 (85)
1488 3551 1797 3628 εἲρήσεταιο
1853 3552 2027 3610 πάντα

370 3634 526 3691 οἴσει·
560 3636 715 3715 φιλία
743 3639 832 3693 καὶ
864 3643 1149 3715 πάσχουσα
1176 3639 1266 3695 καὶ
1306 3638 1596 3697 ἀκούουσα.
1642 3642 1704 3698 Ὁ
1754 3639 1811 3696 δὲ
1859 3663 2026 3718 παρα-

366 3722 613 3780 καλέσων
672 3723 817 3799 ἥκει,
887 3726 976 3781 καὶ
1052 3722 1429 3800 συμϐιϐάσων,
1492 3729 1582 3784 καὶ
1657 3733 2025 3807 προσημερώ-

369 3835 476 3869 σων
508 3816 621 3889 (86)
653 3816 730 3889 τῷ
762 3815 1053 3889 Πνεύματι.
1085 3817 1239 3892 Μέγα
1272 3817 1386 3891 μὲν,
1441 3815 1522 3872 ὅτι
1581 3818 1671 3873 καὶ
1725 3824 1838 3890 νῦν,
1900 3819 2024 3894 ἐμοὶ

368 3906 509 3977 (πῶς
570 3901 628 3959 δὲ
676 3904 737 3960 οὗ
802 3905 1091 3981 μέγιστον;
1152 3904 1213 3969 ὅς
1268 3928 1328 3981 γε
1370 3907 1567 3970 παντὸς
1601 3909 1739 3982 ὑμᾶς
1768 3914 1865 3963 τοῦ
1901 3910 2023 3986 βίου

366 3994 812 4067 προεστησάμην)
843 4014 858 4031 ο
901 3996 1187 4073 μέμφομαι
1240 3993 1317 4068 δὲ,
1363 3995 1446 4051 ὅτι
1493 4004 1593 4067 τῆς
1639 3998 1830 4074 χρείας
1878 3998 2025 4055 ὕστε-

367 4100 461 4155 ρος
522 4084 652 4156 (87).
708 4088 831 4146 Πῶς
894 4084 1028 4157 μετά
1079 4086 1178 4154 τὴν
1238 4085 1404 4154 ἧτταν
1458 4088 1547 4141 καὶ
1582 4085 1932 4162 καταδρομὴν
1985 4092 2020 4160 ἡ

368 4171 682 4247 συμμαχία,
714 4174 759 4228 ὦ
790 4172 965 4250 φίλων
1000 4170 1183 4249 ἄριστε
1211 4174 1301 4229 καὶ
1353 4175 1701 4251 συμμάχων;
1752 4177 1841 4232 xui
1891 4180 2024 4251 μετὰ

363 4260 462 4329 τὴν
498 4260 667 4333 ζάλην
702 4263 730 4317 6
760 4258 1120 4337 κυϐερνήτης,
1147 4262 1238 4317 καὶ
1273 4266 1407 4338 μετὰ
1432 4266 1533 4334 τὴν
1565 4264 1738 4335 οὐλὴν
1782 4267 1845 4321 τὸ
1893 4267 2023 4346 φάρ-

364 4369 535 4422 μακον
562 4350 793 4427 Πότερον
827 4352 903 4415 ὡς
963 4349 1302 4432 φιλάδελφος
1357 4353 1640 4429 ᾐσχύνθης
1697 4358 1796 4426 τὴν
1827 4377 2021 4433 τυραν-

360 4434 521 4507 νίδα;
552 4442 624 4496 ’Ἠ
653 4442 742 4496 καὶ
776 4441 935 4503 αὐτὸς
966 4442 1038 4504 ὡς
1070 4439 1331 4514 δυνάστης
1358 4441 1717 4521 ἐδυσχέρανας
1746 4447 1844 4516 τήν
1870 4447 2021 4502 ἀπει-

362 4524 545 4596 θείαν;
582 4528 803 4605 Ποτέρῳ
847 4535 955 4587 τῶν
1011 4529 1261 4610 ἀδελφῶν
1312 4530 1582 4607 ἐγκαλεῖς,
1643 4534 1732 4589 καὶ
1790 4535 2017 4610 πότερον

2138 3370 2197 3426 in
2230 3371 2489 3426 medium
2524 3368 2833 3441 produxit:
2886 3371 3064 3440 quod,
3117 3372 3257 3442 quid
3307 3372 3359 3429 ei
3391 3375 3685 3447 acciderit,
3719 3383 3786 3434 ut

2136 3461 2375 3529 faceret,
2401 3464 2503 3515 aut
2523 3459 2663 3529 quid
2696 3474 2830 3514 eum
2865 3459 2934 3513 ad
2970 3459 3117 3515 hanc
3146 3478 3267 3517 rem
3298 3462 3600 3535 impulerit
3626 3467 3786 3524 haud

2137 3550 2278 3617 scio,
2313 3554 2486 3615 certe,
2520 3565 2634 3604 non
2666 3553 2733 3603 ut
2764 3548 3004 3619 dignum
3044 3554 3167 3605 erat
3216 3567 3280 3606 eo
3310 3553 3548 3623 spiritu,
3581 3557 3682 3626 qui
3724 3557 3784 3613 in

2134 3639 2262 3711 ipso
2279 3642 2403 3705 est;
2432 3638 2621 3692 dicam
2653 3637 2830 3702 enim,
2876 3637 2986 3692 etsi
3021 3639 3282 3709 asperior
3312 3641 3403 3695 hic
3445 3659 3637 3699 sermo
3668 3645 3782 3715 sit;

2137 3728 2336 3783 omnia
2348 3727 2510 3797 feret,
2532 3725 2810 3793 amicitia,
2841 3731 2967 3780 tum
2991 3728 3341 3800 perpetiens,
3363 3733 3489 3785 tum
3512 3733 3781 3789 audiens.

2133 3816 2296 3872 Alter
2324 3817 2473 3872 hanc
2516 3831 2753 3870 causam
2801 3814 2915 3869 huc
2955 3814 3225 3871 veniendi
3280 3816 3507 3886 habuit,
3559 3826 3624 3877 ut
3677 3839 3784 3879 nos

2134 3905 2488 3974 consoletur,
2521 3921 2585 3959 ac
2615 3905 2944 3969 confirmet,
2967 3903 3305 3976 Spirituque
3334 3910 3781 3968 mansuefaciat.

2135 3998 2316 4063 Quem
2347 3993 2584 4065 quidem
2618 3993 2725 4048 etsi
2759 4009 2915 4047 nunc
2956 4009 3188 4063 quoque
3233 3995 3484 4064 venisse,
3543 3998 3785 4070 plurimi

2134 4086 2284 4140 duco
2317 4086 2443 4154 (nec
2467 4082 2706 4151 mirum,
2741 4098 2869 4136 cum
2892 4098 2996 4137 vos
3028 4082 3159 4138 vitae
3190 4099 3332 4138 meae
3362 4087 3522 4141 omni
3554 4105 3787 4160 semper

2133 4173 2593 4247 proposuerim):
2622 4173 2939 4227 hoctamen
2964 4171 3278 4228 molestum
3293 4179 3401 4241 est,
3422 4176 3579 4246 quod
3593 4177 3785 4233 serius

2133 4281 2311 4337 quam
2362 4280 2453 4317 res
2503 4261 2843 4333 postularet,
2899 4265 3228 4317 accesserit.
3288 4264 3551 4328 Quonam
3612 4266 3785 4321 modo

2132 4358 2265 4426 post
2294 4352 2519 4407 cladem
2543 4356 2601 4406 et
2632 4350 2901 4407 hostilem
2938 4351 3249 4423 impetum,
3281 4353 3586 4425 suppetiaa,
3633 4356 3784 4411 ami-

2131 4458 2333 4499 corum
2364 4445 2421 4495 et
2448 4439 2917 4497 commilitonum
2953 4441 3479 4511 praestantissime?
3519 4444 3783 4510 Quonam

2130 4533 2304 4588 modo
2334 4533 2467 4602 post
2486 4534 2922 4600 tempestatem,
2954 4530 3334 4600 gubernator,
3367 4535 3501 4602 post
3551 4532 3782 4588 cicatri-

360 4611 539 4693 ἀφιεὶς
572 4618 683 4692 (88)
711 4624 812 4689 τῆς
846 4619 1143 4694 μὶμψεως;
1177 4620 1489 4696 Φθὲγξομαί
1517 4642 1569 4677 τι
1623 4626 1734 4697 (89)
1784 4622 1921 4699 πρὸς
1962 4626 2019 4680 σε

2138 4637 2276 4691 cem,
2303 4618 2595 4673 medicina
2615 4618 2642 4672 ‘I
2674 4618 2880 4674 Utrum
2907 4622 2985 4689 te,
3020 4622 3085 4673 ut
3116 4618 3313 4674 fratris
3344 4623 3664 4691 amantem,
3694 4620 3782 4677 vis

428 4724 478 4760 θ’
496 4724 674 4783 Exod.
705 4744 806 4798 vn,
834 4729 885 4784 1.
915 4729 962 4768 7°
993 4729 1166 4785 Hebr.
1196 4746 1322 4797 VIII,
1354 4730 1409 4784 2.
1444 4730 1487 4766 τί
1515 4730 1671 4788 Psal.
1703 4748 1896 4800 κονίη,
1928 4735 1983 4789 6.
2017 4734 2024 4748 '

2139 4727 2271 4783 xod.
2305 4742 2380 4792 ιν,
2405 4725 2493 4781 16.
2526 4725 2570 4765 ⁷³
2597 4723 2776 4779 Exod.
2808 4740 2948 4793 xvn,
2983 4725 3069 4781 12.

428 4822 546 4965 (75)
576 4823 845 4898 Μετρίως.
879 4848 909 4878 ‹‹
939 4827 1329 4894 Mediocriter,
1357 4827 1611 4899 parcius.
1636 4850 1666 4880 »

452 4894 523 4948 76
599 4899 773 4965 Ὑμῖν.
807 4903 949 4965 Reg.
984 4901 1104 4955 bm.
1165 4900 1324 4965 ἡμῖν.

588 4894 773 4972 Ὑμῖν.
807 4903 949 4972 Reg.
984 4901 1104 4955 bm.
1165 4900 1324 4970 ἡμῖν.

573 4967 1055 5057 Ξράψομενῖῡρο
1086 4967 1264 5057 geg'g.
1299 4969 1619 5057 γράψωμεν.

573 5038 937 5118 ῌροστάτηςν
963 5042 1060 5099 0r.
1092 5044 1146 5098 2.
1173 5038 1549 5118 ξτᾶράστάτηξ.

426 5110 535 5188 (79)
591 5110 897 5188 "Eadm-qq
980 5134 1041 5168 τε
1115 5113 1205 5167 καὶ
1262 5110 1675 5188 ’μυσταγωγός
1752 5117 2009 5174 Combef.

351 5207 380 5236 «
415 5184 827 5257 Mysteriorum
861 5188 1158 5257 inspector
1187 5190 1243 5243 et
1273 5184 1621 5243 initiatorj»

425 5255 547 5331 (80)_
588 5255 676 5309 ’Ev
706 5262 847 5331 τοῖς.
882 5255 977 5314 Sic
1005 5260 1181 5331 Regg.
1216 5263 1469 5330 quatuor
1499 5263 1556 5314 et
1582 5258 1744 5316 Pass.
1810 5261 1874 5314 In
1919 5260 2013 5316 ed.

353 5329 485 5379 Par.
516 5326 681 5382 deest
730 5327 803 5383 ἰν.
1094 5326 1155 5331 θ’
1231 5326 1248 5330 ’

423 5395 537 5460 (81)
586 5398 1127 5460 Καταπολεμοῦντες.
1196 5421 1224 5453 (ι
1284 5400 1739 5460 Exnugnantes.
1825 5402 2014 5460 debel-

350 5395 1127 5522 181(ῗέὲέἰξοιτοιπολεμοῦντες.
1196 5421 1224 5453 (ι
1284 5400 1739 5473 Expugnantes,

568 5543 1024 5619 Γχῳριμώτερον.
1048 5549 1213 5619 Pass.
1246 5543 1433 5619 addit.
1495 5542 1647 5619 ὑμῖν.

427 5609 539 5693 (Βξξ)
586 5609 703 5693 ,Τὸν
756 5609 1075 5690 ὂμώνυμον.
1134 5615 1479 5691 Gregorium
1533 5609 1869 5689 Nyssenum
1919 5618 2015 5675 hic

348 5680 679 5830 ιιιῐῶἳίεὲάί
711 5755 1029 5837 ὁμόψυχον.
1058 5758 1235 5822 Goisl.
1266 5758 1323 5830 3,
1369 5750 1666 5838 ὁμὸξυγονι
1700 5784 1730 5816 α
1763 5766 1825 5822 et
1853 5762 2013 5822 hu”

2126 4824 2323 4884 animo
2354 4821 3095 4893 mihiconjunctissimum,
3118 4821 3492 4877 unanimum.
3528 4844 3557 4872 ››
3588 4824 3783 4879 Credi-

2125 4897 2313 4953 derim
2343 4894 2453 4949 hac
2494 4910 2629 4950 voce
2667 4894 2986 4965 signiﬁcari
3015 4894 3297 4949 Basilium
3355 4910 3659 4965 magnum,
3706 4897 3780 4952 ob

2126 4968 2431 5041 superiora
2445 4965 2618 5041 istius
2642 4984 2696 5021 n.
2722 4967 2917 5036 verba,
2941 4989 2970 5018 «
2996 4983 3113 5022 non
3140 4966 3340 5021 minus
3362 4966 3575 5038 pietate
3599 4984 3779 5040 quam

2125 5038 2471 5111 corporibus
2502 5038 2729 5111 fratres.
2764 5060 2793 5089 »

2197 5106 2310 5181 (85)
2330 5113 2541 5181 Ὅμως.
2576 5110 2834 5166 Combef.
2870 5107 2996 5163 ἀλλ’
3018 5106 3192 5180 ὅμως.

2368 5179 2465 5256 Καὶ
2522 5181 3007 5256 προσημερώσωνη
3058 5179 3585 5256 ⁷81οΑιζθειὶιυὶῐηυ8
3639 5199 3778 5238 auc-

2124 5252 2574 5335 toritate'trium'
2630 5252 2805 5335 Regg.
2860 5255 3066 5335 codd“
3095 5252 3462 5335 'Coisl.ni_,”et
3492 5255 3547 5323 2,
3593 5258 3685 5310 0r.
3718 5256 3776 5324 2,

2122 5327 2241 5383 Jes.
2280 5331 2335 5379 et
2368 5325 2492 5379 Par.
2527 5324 2800 5393 Agnosbit
2822 5332 2877 5379 et
2903 5325 3223 5395 vertitipse
3262 5324 3491 5379 Billius.

2123 5467 2153 5523 ὅ
2196 5399 2310 5470 (87)
2354 5397 2630 5469 ’Ύστερος.
2685 5398 2865 5468 Regg.
2919 5399 2975 5463 d,
3026 5398 3130 5468 ph,
3188 5403 3244 5452 et
3304 5397 3561 5468 quinque
3615 5397 3777 5454 Colb.

2159 5488 2367 5523 στεοον.

2159 5488 2367 5525 στεοον.

2219 5490 2568 5616 gavisae};
2596 5540 2739 5616 Tres
2770 5540 2949 5616 Regg.
2975 5537 3160 5616 ἀφίης.

2219 5545 2309 5612 88)
2343 5545 2568 5603 Ἀφιεὶς.
2596 5545 2739 5594 Tres
2773 5545 2949 5612 Hegg.
2975 5545 3160 5616 ἀφίης.

2196 5545 2307 5685 (89)
2340 5609 2645 5683 Εθέγξομαί
2677 5631 2749 5685 τῌι.
2802 5613 2907 5685 Ita
2942 5618 3059 5667 tres
3110 5610 3319 5685 Regii.
3349 5609 3546 5683 plures
3593 5610 3779 5680 Colb.,

2122 5682 2299 5744 Coisl.
2328 5682 2574 5754 uterque
2598 5689 2655 5740 et
2685 5682 2781 5739 0r.
2805 5684 2859 5739 2.
2898 5684 3067 5741 Deest
3088 5703 3140 5737 τι
3172 5682 3232 5739 in
3256 5683 3347 5739 ed.
