4070 6414
328 417 447 485 837

1321 416 1613 479 ORATIO
1656 414 1761 478 XI.
1794 450 1871 461 ——
1898 418 2001 477 AD
2050 416 2389 480 GREGOR.
2436 419 2768 481 NYSSEN.

3635 428 3754 489 838

330 557 491 629 ἡμῶν
547 556 624 629 (3)
684 548 1038 628 ὑπαρχούσης
1094 550 1278 613 αὐτοῖς
1336 551 1425 605 καὶ
1481 557 1580 620 τῆς
1634 550 1685 604 ἐν
1733 550 1984 626 οὐρανοῖς

2118 552 2368 609 licamus
2428 553 2653 609 veritati
2704 558 2936 625 propter
2985 562 3289 629 martyres.
3345 559 3461 616 Hoc
3512 561 3751 617 illorum

333 641 724 717 ἀποκειμένης,
760 644 823 711 ἧς
857 642 1226 715 ὑπομνήματα
1264 640 1354 694 καὶ
1405 642 1747 715 χαρακτῆρες
1804 638 1989 715 μικροί

331 753 473 794 τινες
521 732 589 786 τὰ
637 731 913 807 ὁρώμενα.
968 730 1112 805 Πρὸς
1161 728 1255 791 τὰς
1308 728 1505 805 ἀρχὰς,
1556 729 1691 804 πρὸς
1722 729 1817 789 τὰς
1850 727 1992 798 ἐξου-

335 821 449 883 σίας
511 820 928 895 ἀγωνισώμεθα,
1002 819 1140 895 πρὸς
1195 816 1321 880 τοὺς
1382 819 1599 894 ἀφανεῖς
1657 814 1888 878 διώκτας
1934 839 1993 872 τε

334 910 423 965 καὶ
451 910 764 985 τυράννους,
796 909 935 981 πρὸς
967 906 1094 969 τοὺς
1126 906 1573 982 κοσμοκράτορας
1618 911 1717 961 τοῦ
1766 906 1991 967 σκότους

334 1002 430 1053 τοῦ
460 997 656 1059 αἰῶνος
704 1000 781 1069 (4)
828 996 1046 1068 τούτου,
1093 996 1229 1070 πρὸς
1279 998 1345 1050 τά
1373 996 1710 1069 πνευματικὰ
1733 1002 1833 1065 τῆς
1893 1016 1992 1049 πο-

333 1086 521 1160 νηρίας
568 1086 617 1141 ἒν
667 1090 783 1148 τοῖς
841 1085 1206 1161 ἐπουρανίοις,
1245 1084 1335 1139 καὶ
1360 1085 1484 1161 περὶ
1514 1086 1580 1139 τὰ
1611 1085 1833 1159 οὐράνια
1858 1084 1994 1159 πρὸς

332 1176 424 1231 τὸν
449 1172 599 1230 ἔνδον
630 1174 721 1231 καὶ
754 1174 806 1231 ἒν
851 1177 989 1248 ἡμῖν
1018 1175 1203 1237 αὐτοῖς
1244 1175 1330 1229 τὸν
1366 1174 1416 1229 ἐν
1447 1179 1563 1237 τοῖς
1597 1173 1785 1237 πάθεσι
1829 1172 1995 1228 πόλε-

340 1286 463 1339 μον,
513 1265 652 1341 πρὸς
698 1263 795 1327 τὰς
843 1265 960 1319 καθ’
1000 1264 1227 1337 ἑκάστην
1259 1265 1469 1340 ἡμὲραν
1502 1268 1607 1319 τῶν
1642 1263 1828 1336 ἔξωθεν
1859 1285 1997 1337 συμ-

336 1352 645 1410 πιπτόντων
680 1352 1085 1416 ἐπαναστάσεις.

2100 643 2522 698 certaminibus
2553 644 2783 708 demus,
2817 650 2880 698 ut
2910 645 3021 716 ipsi
3053 663 3284 718 quoque
3313 648 3563 719 palmam
3594 669 3753 708 asse-

2102 746 2377 801 quamur,
2413 735 2587 801 atque
2607 732 2871 801 ejusdem
2896 733 3091 803 gloriae
3119 734 3374 791 baeredes
3402 737 3612 803 simus.
3632 744 3754 795 tam

2102 818 2261 874 illius
2290 836 2466 891 quam
2501 839 2533 873 a
2565 819 2736 875 nobis
2768 822 3082 893 accipiunt,
3117 841 3297 894 quam
3352 824 3513 881 illius
3541 845 3665 897 quas
3698 831 3755 884 in

2103 908 2264 963 ecelis
2297 910 2596 963 recondita
2642 914 2752 975 est,
2783 912 2954 980 cujus
3010 912 3372 968 monimenta
3403 916 3669 985 quaedam
3703 923 3759 972 et

2103 998 2313 1069 exigua
2344 996 2511 1068 signa
2533 1003 2691 1065 sunt,
2720 1016 2846 1071 qua:
2872 1000 3058 1055 oculis
3090 1008 3430 1058 cernuntur.
3451 1006 3757 1061 Certamen

2105 1086 2372 1142 ineamus
2394 1088 2676 1142 adversus
2699 1088 3061 1160 principatus
3087 1094 3144 1145 et
3177 1096 3522 1162 potestates,
3557 1096 3757 1150 adver-

2108 1194 2206 1232 sus
2265 1175 2588 1232 invisibiles
2668 1177 2797 1233 illos
2873 1184 3274 1251 persecutores
3339 1186 3397 1237 et
3454 1186 3757 1255 tyrannos,

2109 1265 2388 1321 adversus
2422 1266 2624 1321 mundi
2656 1272 2909 1323 rectores
2934 1269 3307 1326 tenebrarum
3331 1271 3511 1343 hujus
3539 1273 3759 1346 saeculi,

2108 1354 2391 1410 adversus
2437 1355 2769 1427 spiritualia
2812 1358 3084 1429 nequitiae
3136 1358 3194 1413 in
3246 1359 3578 1418 cmlestibus
3608 1363 3673 1432 7°,
3706 1367 3765 1420 et

341 1463 469 1519 quas
497 1446 651 1502 circa
680 1446 938 1502 caelestia
994 1445 1282 1513 feruntur,
1316 1446 1597 1501 adversus
1643 1443 2033 1500 domesticum
2068 1446 2245 1515 atque
2275 1444 2623 1500 intestinum
2673 1446 2914 1515 bellum,
2964 1449 3118 1517 quod
3150 1447 3209 1503 in
3241 1450 3424 1505 animi
3458 1452 3762 1523 perturba-

338 1534 599 1591 tionibus
630 1535 811 1591 situm
835 1540 941 1605 est,
976 1535 1257 1590 adversus
1289 1534 1663 1606 quotidianos
1693 1550 1915 1600 earum,
1952 1550 2079 1604 quae
2111 1538 2347 1588 externa
2378 1535 2672 1597 accidunt,
2707 1554 2902 1592 rerum
2934 1539 3207 1609 impetus.

414 1629 484 1680 E'.
547 1625 880 1699 Ἐνέγκωμεν
954 1622 1124 1694 θυμὸν
1188 1623 1265 1684 ὦς
1323 1622 1531 1696 θηρίον,
1590 1621 1681 1676 καὶ
1746 1620 1996 1697 γλωσσαν

2180 1626 2248 1675 V.
2280 1622 2454 1690 Iram,
2478 1622 2634 1677 velut
2655 1624 2909 1679 belluam
2930 1628 3271 1697 quamdam,
3297 1628 3580 1700 linguam,
3606 1631 3767 1686 velut

338 1711 413 1775 ὡς
444 1712 612 1786 τομὸν
647 1712 722 1785 (5)
755 1711 926 1789 ξίφος,
956 1712 1047 1766 καὶ
1105 1709 1308 1782 ἡδονὴν
1367 1711 1441 1773 ὡς
1496 1716 1604 1784 πῦρ
1658 1705 2000 1765 κατασϐέσω-

341 1821 459 1873 μεν.
494 1801 729 1873 Θώμεθα
755 1806 874 1859 ταῖς
923 1800 1111 1863 ἀκοαῖς
1171 1800 1359 1874 θύρας,
1418 1803 1603 1860 καλῶς
1649 1798 2003 1873 ἀνοιγομένας

336 1890 428 1945 καὶ
465 1888 831 1963 κλειομένας·
890 1889 979 1945 καὶ
1027 1890 1119 1945 τὸν
1187 1887 1474 1964 ὀφθαλμὸν
1536 1887 1960 1965 σωφρονίσωμεν
1988 1907 1999 1919 '

338 1976 857 2053 παιδαγωγήσωμεν
919 1979 1059 2047 ἁφὴν
1120 1976 1426 2051 λυσσῶσαν,
1484 1978 1573 2032 καὶ
1635 1982 1814 2052 γεῦσιν
1874 1996 2006 2030 σπα-

342 2066 658 2145 ράττουσαν,
695 2068 771 2141 μὴ
800 2069 1026 2130 Θάνατος
1058 2064 1233 2141 ἀναϐῇ
1267 2065 1355 2122 διὰ
1383 2072 1493 2123 τῶν
1544 2063 1774 2141 θυρίδων
1822 2068 2021 2138 ἡμῶν-⁸

340 2155 485 2212 οὕτω
545 2158 649 2234 γάρ
708 2159 951 2233 ἡγοῦμαι
1006 2157 1287 2213 καλεῖσθαί
1346 2156 1413 2211 τὰ
1488 2154 1849 2229 αἶ’σθητήρια’
1912 2152 2003 2207 καὶ

338 2247 583 2323 γὲλωτος
642 2246 899 2321 ἀμετρίας
954 2244 1409 2323 καταγελάσωμεν
1475 2248 1568 2317 (6).
1623 2247 1711 2313 Μὴ
1772 2246 2004 2315 κάμψω-

344 2357 438 2409 μεν
471 2335 596 2411 γόνυ
625 2339 694 2409 τῇ
726 2334 868 2390 Βαάλ
904 2333 993 2389 διὰ
1018 2336 1117 2403 τήν
1152 2335 1366 2411 χρείαν,
1403 2332 1544 2408 μηδὲ
1586 2331 1674 2387 διὰ
1725 2327 1892 2410 φόϐον
1927 2333 2005 2403 (7)

338 2428 407 2497 τῇ
441 2419 609 2477 εἰκόνι
651 2428 720 2497 τῇ
770 2431 948 2499 χρυσῆ
1000 2426 1488 2499 προσκυνήσωμεν.
1538 2425 1634 2480 ’Ἑν
1671 2416 2001 2500 φοϐηθῶμεν

345 2512 534 2585 μόνον,
583 2511 644 2566 τὸ
694 2510 1000 2591 φοϐηθῆναί
1057 2535 1108 2567 τι
1157 2517 1290 2567 Θεοῦ
1334 2512 1525 2580 πλέον,
1558 2512 1647 2566 καὶ
1682 2505 2005 2585 καθυϐρίσαι

339 2602 440 2671 τήν
504 2600 680 2656 εἰκόνα
739 2599 828 2656 διὰ
884 2601 1094 2664 κακίας.
1154 2604 1242 2657 Ἐν
1303 2607 1431 2656 πᾶσι
1502 2601 1594 2656 τὸν
1655 2600 1842 2675 θυρεὸν
1903 2604 2004 2667 τῆς

340 2687 576 2753 πίστεως
636 2685 1019 2765 ἀναλάϐωμεν,
1081 2688 1171 2745 καὶ
1220 2689 1393 2744 πάντα
1439 2689 1505 2744 τά
1539 2688 1676 2765 βὲλη
1710 2692 1805 2742 τοῦ
1837 2708 2005 2757 πονη-

345 2784 444 2855 ροῦ
548 2776 918 2858 διάφύγωμεν.
1020 2778 1119 2834 Καὶ
1228 2778 1387 2841 οὗτος
1473 2777 1644 2841 δεινὸς
1729 2779 1757 2832 ὁ
1839 2774 2007 2831 πόλε-

348 2887 483 2941 μος,
569 2868 658 2922 καὶ
746 2867 881 2940 αὕτη
968 2867 1262 2944 παράταξις
1351 2867 1589 2944 μεγάλη,
1670 2867 1761 2922 καὶ
1844 2870 2004 2921 τοῦτο

352 2956 491 3030 μέγα
591 2956 867 3032 τρόπαιον.
963 2958 1027 3012 Εἰ
1108 2956 1283 3021 οὕτως
1376 2955 1816 3030 συνεληλύθαμεν
1908 2958 2080 3067 (8),C

348 3044 382 3113 ἣ
439 3044 825 3121 συντρέχομεν,
875 3044 1046 3109 ὅντως
1099 3046 1236 3102 κατά
1292 3046 1518 3123 Χριστὸν
1586 3049 1620 3115 ἡ
1680 3047 2006 3120 πανήγυρις,

349 3130 521 3195 ὅντως
568 3134 696 3196 τοὺς
752 3136 1024 3210 μάρτυρας
1071 3138 1466 3209 τετιμήκαμεν,
1505 3136 1539 3204 ἣ
1565 3137 1872 3208 τιμήσομεν
1906 3136 2005 3208 (9),

346 3219 519 3284 ὅντῶς
578 3222 882 3298 χορεύομεν
945 3224 1201 3282 ἐπινίκια.
1257 3226 1322 3281 Εἰ
1381 3223 1438 3280 δὲ
1494 3225 1729 3300 γαστρὸς
1785 3222 2009 3293 ἡδοναῖς

343 3310 724 3387 χαριούμενοι,
758 3312 848 3367 καί
892 3316 1257 3391 τρυφήσοντες
1306 3314 1631 3391 πρόσκαιρα,
1693 3314 1782 3368 καὶ
1845 3313 2007 3367 εἰσοί-

344 3420 527 3462 σοντες
586 3402 653 3456 τὰ
708 3403 1007 3476 κενούμενά
1062 3406 1197 3478 (10),
1275 3404 1364 3458 καὶ
1439 3402 1753 3476 κραιπάλης
1824 3401 2010 3477 χωρία

342 3494 531 3560 ταῦτα,
583 3491 644 3544 οὐ
704 3492 1059 3569 σωφροσύνης
1120 3489 1625 3566 ὑπολαμϐάνοντες,
1706 3491 1796 3545 καὶ
1871 3512 2009 3565 πρα-

344 3584 619 3651 γματειῶν
653 3581 875 3656 καιροὺς
918 3582 1008 3636 καὶ
1057 3582 1420 3659 πραγμάτων,
1479 3581 1604 3637 ἀλλ’
1662 3580 1761 3634 οὐκ
1820 3576 2011 3634 ἀναϐά-

349 3686 485 3728 σεως
517 3669 549 3736 ἢ
577 3670 819 3733 θεώσεως
852 3671 1080 3745 (11),’ίν’
1139 3671 1314 3735 οὕτως
1376 3673 1542 3726 εἰπεῖν
1601 3671 1895 3743 τολμήσω,
1940 3671 2007 3739 ἧς

349 3756 401 3809 οἱ
437 3756 700 3834 μάρτυρες
750 3761 1086 3832 μεσιτεύουσι
1137 3766 1275 3836 (12),
1321 3766 1536 3838 πρῶτον
1592 3762 1685 3834 μὲν
1744 3758 1868 3815 οὐδὲ
1916 3761 2005 3815 τὸν

345 3845 534 3922 καιρὸν
566 3846 932 3924 ἐπιγινώσκει).
966 3849 1026 3905 Τί
1056 3853 1158 3926 γὰρ
1190 3851 1256 3906 τὰ
1286 3848 1468 3927 ἄχυρα
1495 3851 1630 3925 πρὸς
1673 3851 1765 3905 τὸν
1819 3855 1965 3905 σῖτον
1992 3869 2006 3919 ;

345 3934 407 3989 Τί
440 3932 497 3990 δὲ
526 3939 640 4009 (13)
672 3938 865 4014 θρύψις
916 3941 1111 4016 σαρκὸς
1151 3941 1287 4016 πρὸς
1350 3939 1637 4017 μαρτύρων
1693 3938 2008 4012 παλαίσμα-

347 4043 453 4094 τα;
487 4026 697 4081 Ἐκεῖνα
751 4032 857 4083 τῶν
920 4032 1180 4104 θεάτρων,
1238 4034 1407 4084 ταῦτα
1455 4034 1564 4084 τῶν
1609 4028 1755 4102 ἐμῶν
1806 4026 2009 4083 συλλό-

349 4133 497 4187 γων’
547 4113 721 4170 ἐκεῖνα
770 4122 875 4172 τῶν
931 4117 1271 4190 ἀκολάστων,
1321 4123 1490 4173 ταῦτα
1536 4122 1643 4173 τῶν
1673 4118 2011 4196 σωφρονούν-

345 4222 475 4257 των·
536 4202 711 4259 ἐκεῖνα
765 4210 873 4261 τῶν
922 4206 1289 4284 φιλοσάρκων,
1336 4212 1507 4262 ταῦτα
1562 4212 1671 4261 τῶν
1731 4206 2011 4279 λυομένων

345 4291 453 4346 ἀπὸ
501 4295 614 4368 (14)
656 4298 753 4349 τοῦ
799 4296 1075 4369 σώματος.
1124 4302 1348 4352 Ἔπειτα
1398 4294 1677 4372 βούλομαι
1714 4297 1807 4369 μὲν
1841 4296 2009 4351 εἰπεῖν

2113 1716 2469 1780 praesentum
2512 1712 2774 1782 gladium
2824 1715 3248 1782 sustineamus,
3299 1722 3355 1771 et
3382 1716 3762 1789 voluptatem,

2111 1798 2270 1853 velut
2299 1798 2494 1869 ignem
2526 1800 2993 1873 exstinguamus.
3025 1803 3277 1859 Auribus
3308 1806 3526 1861 nostris
3547 1808 3768 1877 januas

2114 1904 2501 1959 apponamus,
2536 1906 2663 1959 quae
2686 1892 3027 1962 tempestive
3058 1894 3394 1963 aperiantur
3409 1898 3464 1949 et
3487 1895 3767 1952 claudan-

2114 1980 2245 2031 tur:
2280 1976 2467 2031 oeulis
2499 1977 2729 2032 frenum
2760 1978 3095 2049 injiciamus
3122 1998 3133 2035 :
3169 1984 3391 2037 tactum
3424 1984 3585 2039 rabie
3607 1984 3768 2041 labo-

2115 2070 2364 2137 rantem,
2420 2070 2474 2121 et
2524 2072 2763 2138 gustum
2826 2068 3190 2125 vellicantem
3245 2088 3635 2141 coerceamus,
3696 2090 3769 2130 ne

2115 2153 2333 2226 alioqui
2362 2173 2518 2211 mors
2540 2174 2643 2229 per
2674 2158 2958 2213 fenestras
2984 2164 3212 2215 nostras
3242 2162 3520 2217 ascendat
3546 2162 3625 2231 ⁸⁰;
3658 2162 3768 2219 hoc

2116 2244 2270 2299 enim
2306 2246 2542 2300 nomine
2573 2263 2853 2301 sensuum
2877 2249 3046 2302 sedes
3071 2248 3261 2303 vocari
3293 2248 3582 2305 existimo.
3608 2252 3769 2307 Effu-

2116 2350 2247 2387 sum
2279 2338 2335 2388 et
2367 2336 2725 2404 petulantem
2753 2336 2935 2389 risum
2969 2336 3344 2393 irrideamus.
3370 2338 3449 2394 Ne
3480 2340 3551 2395 ob
3576 2356 3771 2397 rerum

2116 2423 2422 2493 penuriam
2456 2429 2590 2478 ante
2620 2424 2758 2479 Baal
2790 2442 2942 2495 genu
2977 2426 3284 2482 flectamus
3316 2428 3382 2495 3‘,
3418 2445 3521 2483 nec
3553 2429 3626 2484 ob
3648 2446 3769 2484 me-

2116 2516 2240 2565 tum
2274 2528 2511 2566 auream
2570 2513 2885 2584 imaginem
2942 2515 3255 2571 adoremus
3311 2517 3378 2572 32.
3439 2517 3555 2573 Hoc
3582 2536 3767 2573 unum

2118 2601 2452 2671 timeamus,
2486 2619 2557 2656 ne
2588 2603 2725 2673 quid
2764 2604 2951 2675 magis
2983 2621 3159 2675 quam
3211 2605 3392 2659 Deum
3427 2606 3767 2676 timeamus,

2117 2690 2443 2761 divinaeque
2476 2690 2718 2762 imagini
2744 2708 2844 2763 per
2874 2693 3201 2763 improbam
3225 2694 3455 2749 vivendi
3481 2695 3766 2751 rationem

2118 2780 2397 2851 probrum
2429 2778 2771 2835 inferamus.
2798 2782 2860 2835 In
2892 2781 3167 2837 omnibus
3192 2782 3323 2837 fidei
3356 2784 3504 2839 245
3532 2789 3767 2839 scutum

2118 2885 2517 2938 assumamus,
2541 2873 2715 2940 atque
2741 2869 2939 2924 omnia
2960 2869 3175 2925 diaboli
3198 2870 3312 2926 tela
3328 2871 3678 2943 effugiemus
3700 2873 3769 2929 ⁸³.

2117 2957 2262 3012 Nam
2296 2957 2404 3013 hoc
2434 2975 2662 3029 quoque
2692 2958 2909 3014 bellum
2940 2976 3111 3030 grave
3134 2977 3200 3015 ac
3228 2960 3625 3031 periculosum
3658 2967 3769 3030 est,

2118 3047 2238 3103 ham
2270 3064 2503 3119 quoque
2535 3048 2833 3103 dimicatio
2866 3066 3100 3121 magna,
3133 3055 3189 3104 et
3218 3049 3482 3122 amplum
3514 3051 3622 3107 hoc
3654 3057 3771 3107 tro-

2118 3137 2373 3210 phaaum.
2415 3137 2568 3193 Siita
2590 3139 2991 3206 convenimus,
3012 3145 3113 3193 aut
3129 3140 3557 3208 concurrimus,
3574 3157 3773 3197 revera

2120 3226 2337 3283 festum
2368 3226 2525 3281 hunc
2558 3228 2736 3292 diem,
2772 3232 2835 3281 ut
2864 3227 3095 3283 Christo
3128 3233 3361 3300 gratum
3402 3234 3491 3285 est
3522 3229 3777 3285 celebra-

2120 3333 2275 3384 mus,
2331 3332 2529 3371 revera
2578 3321 2863 3388 martyres
2895 3316 3113 3372 honore
3156 3318 3479 3386 effecimus,
3515 3324 3615 3374 aut
3646 3322 3780 3374 afﬁ-

2119 3405 2364 3471 ciemus,
2398 3423 2597 3460 revera
2627 3406 3043 3477 triumphalem
3083 3407 3351 3462 choream
3389 3407 3641 3479 agimus.
3675 3409 3778 3464 Sin

2122 3500 2318 3550 autem
2376 3512 2441 3550 eo
2502 3495 2904 3563 convenimus,
2968 3501 3031 3549 ut
3107 3497 3325 3550 ventris
3384 3496 3783 3568 voluptatibus

2120 3582 2559 3654 indulgeamus,
2608 3590 2662 3638 et
2697 3584 2866 3637 fluxis
2924 3600 2989 3638 ac
3040 3584 3189 3638 brevi
3239 3585 3515 3656 perituris
3553 3586 3781 3643 deliciis

2122 3672 2406 3741 fruamur,
2432 3689 2636 3743 eaque,
2672 3689 2798 3741 quae
2832 3688 2965 3725 mox
2997 3678 3374 3743 evacuantur,
3410 3674 3774 3744 inferamus;

2120 3765 2295 3832 atque
2324 3761 2443 3815 hzee
2476 3760 2618 3829 loca,
2656 3778 2769 3815 non
2820 3762 3241 3831 temperantiae,
3280 3762 3379 3817 sed
3412 3762 3686 3835 crapulae,
3722 3767 3780 3820 et

2120 3850 2242 3905 haec
2274 3855 2557 3921 tempora,
2592 3866 2706 3904 non
2731 3849 3055 3920 spiritualis
3079 3866 3379 3919 ascensus,
3412 3869 3477 3907 ac
3508 3852 3643 3923 (nisi
3668 3852 3777 3909 hoc

2120 3958 2154 3995 a
2187 3957 2279 3995 me
2308 3939 2588 3995 audacius
2620 3939 2841 3993 dictum
2874 3938 3183 4011 videatur),
3216 3941 3539 3997 divinitatis
3570 3959 3774 3999 conse-

2121 4029 2389 4101 quendaa,
2408 4031 2577 4098 cujus
2602 4029 2951 4083 mediatores
2970 4035 3110 4085 sunt
3133 4034 3437 4102 martyres,
3458 4031 3559 4086 sed
3577 4048 3777 4087 rerum

2120 4118 2509 4190 gerendarum
2538 4121 2594 4173 et
2616 4116 3076 4189 negotiationum
3100 4121 3365 4190 tempora
3384 4136 3512 4175 esse
3533 4120 3776 4176 arbitre-

2123 4224 2295 4275 mur;
2332 4206 2586 4278 primum
2612 4206 2867 4276 quidem.
2893 4208 3045 4276 quod
3080 4207 3137 4262 id
3157 4207 3264 4262 hoc
3286 4208 3535 4278 tempori
3569 4224 3776 4264 conve-

2121 4297 2263 4366 niat,
2296 4296 2450 4350 haud
2483 4311 2755 4368 agnosco.
2791 4295 2933 4358 Quid
2971 4295 3125 4350 enim
3161 4297 3338 4367 paleae
3370 4313 3501 4352 cum
3540 4298 3778 4353 tritico?

337 4402 394 4435 τι
425 4382 514 4437 καὶ
571 4381 1009 4461 τολμηρότερον,
1068 4383 1324 4462 φείδομαι
1382 4383 1441 4440 δὲ
1496 4393 1597 4455 τῆς
1648 4384 2003 4465 βλασφημίας

2118 4386 2261 4452 Quid
2285 4384 2479 4439 carnis
2494 4384 2781 4455 voluptati
2804 4401 2939 4439 eum
2966 4388 3289 4456 martyrum
3310 4387 3731 4442 certaminibus
3748 4387 3776 4442 ?

344 4467 493 4525 αἰδοῖ
539 4478 640 4543 τῆς
692 4472 942 4551 ἡμέρας*
1001 4474 1148 4546 πλὴν
1197 4474 1259 4530 οὐ
1316 4478 1484 4531 ταῦτα
1528 4474 1814 4531 ἀπαιτοῦσι
1873 4477 2000 4553 παρ’

2110 4475 2215 4531 Illa
2248 4474 2491 4530 theatris
2524 4477 2878 4545 congruunt,
2911 4474 3030 4529 haec
3056 4474 3201 4529 meis
3226 4476 3611 4532 conventibus
3637 4500 3651 4545 ;
3674 4475 3777 4532 illa

429 4701 475 4737 ⁷⁹
503 4703 650 4777 Eph.
682 4722 760 4774 v1,
795 4707 884 4763 12.
915 4707 961 4743 ⁸ο
983 4707 1102 4764 Jer.
1134 4725 1213 4775 1x,
1244 4707 1334 4763 21.
1366 4708 1411 4744 ⁸1
1445 4707 1525 4763 III
1558 4707 1697 4779 Reg.
1728 4724 1844 4778 xxx,
1878 4708 1969 4762 18.

2118 4715 2225 4762 ian.
2260 4720 2345 4771 ιιι,
2381 4703 2467 4756 18.
2501 4701 2547 4736 ⁸³
2577 4700 2723 4773 Eph.
2746 4718 2826 4767 VI,
2875 4702 2964 4757 16.

422 4921 499 4995 (3)
528 4920 664 4995 [παρ’
694 4920 878 4995 ἠμῷν.
911 4921 1171 4995 Sietres
1223 4922 1427 4995 Regg,,
1476 4922 1721 4978 totidem
1764 4920 1924 4978 Colb.
1957 4938 2007 4977 c.

349 4992 446 5051 Or.
479 4992 533 5049 2.
570 4992 710 5065 Par.
731 4994 822 5049 ed.
859 4994 982 5065 παρ’
1013 4992 1190 5065 ὑμῶν.

421 5066 631 5192 (4ἰΐρῦ
661 5062 877 5126 αἰῶνος.
928 5062 1101 5121 Deest
1154 5065 1214 5121 in
1264 5065 1449 5138 Regg.
1506 5064 1629 5133 bm,
1671 5064 1771 5137 ph,
1827 5064 1923 5121 0r.
1953 5066 2007 5133 2,

421 5155 480 5192 ιιει
510 5181 523 5192 .
598 5179 610 5192 .

348 5140 523 5195 Coisl.
560 5140 610 5193 1.

416 5210 494 5281 (5)
523 5210 611 5270 Ὠς
642 5206 837 5282 τομόν,
896 5208 1035 5282 Reg.
1081 5210 1184 5281 ph,
1242 5208 1418 5264 Coisl.
1473 5211 1523 5277 1,
1584 5212 1642 5263 et
1690 5207 1889 5264 Comb.
1926 5203 2009 5259 δί-

344 5301 438 5334 στο
449 5301 569 5352 μον,
605 5304 643 5352 «λ
666 5280 1004 5352 anticipem.
1045 5303 1073 5329 υ

416 5301 438 5334 ο
491 5302 569 5349 ον,
605 5304 630 5329 ‹‹
666 5301 1004 5352 auuolpem.
1045 5303 1073 5329 ››

416 5301 493 5422 (δ’)
544 5350 649 5435 ’Καὶ
708 5350 953 5435 γέλωτος
999 5349 1302 5435 ’ἀμετρίαςιὶ
1335 5347 1819 5435 καταγελάστομεν.
1881 5350 2011 5435 Haec

348 5420 563 5497 desunt
594 5424 677 5497 _in
711 5420 943 5497 duobus
998 5420 1221 5497 Regiis.
1263 5423 1437 5479 Coisl.
1488 5420 1543 5490 1,
1600 5420 1707 5495 pro
1748 5420 2009 5496 ἀμετρίας

348 5494 549 5559 habet,
585 5490 865 5567 ἀμετρίαν.

422 5566 498 5665 (7)
531 5560 633 5617 Διᾶ
658 5560 850 5642 φόϐον.
886 5567 981 5623 Or.
1012 5562 1191 5665 25.3td
1217 5565 1309 5620 τὸν
1339 5560 1530 5649 φόβον,

445 5638 477 5665 Ω
532 5640 737 5665 vn“-.-
760 5637 987 5665 1111-..--.
1089 5639 1246 5665 .n.....
1318 5661 1341 5665 __
1376 5655 1421 5665 ...
1476 5656 1530 5665 ..,

530 5612 1278 5711 ἐῶεἱῖλῖέόαζιὲὀῗέίὶἰῖαέξ
1293 5612 1440 5695 ἀτᾹῖ
1580 5638 1739 5694 hunc
1771 5638 2010 5694 modum

350 5709 626 5778 colimus,
658 5714 762 5765 aut
791 5710 1165 5770 conﬂuimus.
1194 5732 1224 5763 »

421 5781 501 5856 (9)
556 5781 899 5858 Τιμήσομεν.
959 5782 1099 5858 Reg.
1158 5782 1262 5857 ph,
1318 5781 1497 5842 Cois].
1553 5780 1605 5839 1.
1661 5781 2009 5856 τιμήσωμεν.

2191 4919 2315 4991 (10),
2361 4913 2687 4991 Κενούμενα.
2748 4917 2861 4991 Sic.
2923 4916 3100 4989 Regg.
3162 4922 3218 4973 et
3273 4916 3431 4973 Colb.
3491 4916 3770 4991 plerique.

2120 4985 2365 5045 Male’in
2397 4985 2571 5044 editis
2600 4985 2945 5059 καινούμενα,
2981 4985 3371 5045 (innovatur.
3408 5012 3438 5040 ››

2193 5061 2302 5132 (11)
2333 5060 2866 5133 ”Ηίθεώσεως.λΒθε.
2897 5060 3019 5128 bm,
3049 5059 3137 5112 καὶ
3170 5059 3436 5133 θεώσεως.

2190 5130 2303 5203 (12)
2363 5132 2463 5192 Ἥς
2524 5132 2575 5205 οἱ
2655 5130 2918 5205 μάρτυρες
2998 5130 3355 5205 μεσιτεύουσιᾲ.
3440 5132 3500 5188 Id
3542 5133 3774 5193 Nicetes

2120 5205 2205 5261 sic
2236 5206 2506 5274 exponit:
2536 5204 2640 5278 :Hc
2698 5203 2909 5278 μέσῖται
2934 5203 3194 5278 Δγίνονται
3244 5204 3295 5278 oi
3326 5203 3496 5278 ἆγιοι,
3548 5205 3638 5258 τὸν
3676 5206 3770 5278 μὲν

2122 5274 2249 5347 λαὸν
2286 5268 2768 5347 ,παρακαλοῦντες-
2830 5268 3127 5347 ἀναϐαίνειν
3201 5276 3289 5328 καὶ
3356 5268 3625 5343 θεοῦσθαι,
3676 5268 3774 5333 ’τὸν

2122 5344 2177 5400 δὲ
2209 5345 2335 5399 Θεὸν
2385 5343 2707 5404 ἱκετεύοντες
2754 5343 3117 5405 ἐπικλίνεσθαι
3168 5349 3255 5399 καὶ
3310 5348 3549 5422 βοηθείν.
3602 5372 3629 5399 ‹‹
3662 5350 3773 5405 Cn-

2111 5421 2216 5492 jus
2252 5421 2599 5492 mediatores
2620 5425 2759 5473 sunt
2779 5421 2965 5472 sancti
2999 5420 3317 5492 martyres,
3340 5420 3624 5475 hortando
3641 5424 3773 5492 qui-

2120 5490 2255 5547 dem
2290 5491 2573 5564 populum
2599 5496 2663 5545 ut
2682 5491 2959 5564 ascendat
2982 5508 3047 5564 ac
3070 5490 3245 5564 veluti
3268 5492 3423 5548 Deus
3446 5490 3770 5561 efficiatur;

2121 5562 2307 5620 Deum
2339 5562 2534 5619 autem
2569 5562 2848 5634 rogando,
2885 5568 2946 5615 ut
2994 5562 3254 5619 inclinet.
3290 5582 3351 5620 se
3399 5568 3573 5636 atque
3602 5581 3772 5637 opem

2122 5637 2287 5692 ferat.
2326 5659 2351 5683 υ

2218 5708 2305 5786 is)
2330 5705 2389 5786 Tt
2421 5702 2495 5786 δέ.
2528 5706 2750 5786 aeg._z,
2780 5701 2859 5786 τε
2881 5699 2988 5758 δαί.

2218 5709 2283 5763 13
2330 5708 2389 5758 Τί
2421 5708 2495 5758 δὲ.
2534 5708 2667 5775 Reg.
2701 5721 2750 5786 Ζ,
2780 5708 2839 5755 Τί
2881 5708 2988 5758 δαί.

2193 5708 2307 5852 (14)
2339 5775 2494 5833 Ἀπό.
2528 5777 2704 5833 Deest
2732 5792 2795 5833 1n
2820 5776 2961 5848 Reg.
2994 5792 3048 5849 a,
3081 5780 3139 5833 et
3167 5776 3261 5833 Or.
3292 5780 3346 5836 2.
