4070 6396
277 414 393 478 8M

1436 411 1725 475 ORATIO
1770 416 1902 475 Xll.
1942 451 2013 460 —
2054 418 2157 477 AD
2208 419 2551 479 PATREM.

3588 427 3707 486 842

278 551 306 605 ὁ
336 551 435 618 τῆς
479 547 693 623 ἀγάπης
741 542 944 619 πατήρ,
976 545 1010 611 ἡ
1044 541 1249 617 ἀγάπη·
1296 546 1463 596 ταῦτα
1512 543 1614 617 γὰρ
1662 547 1767 619 πρὸ
1821 550 1925 599 τῶν

2044 549 2117 604 iis
2141 550 2235 620 qui
2258 549 2370 621 legi
2394 551 2665 621 subjecti,
2692 556 2817 606 tum
2838 550 2983 617 illis,
2999 554 3101 624 qui
3125 570 3159 607 a
3176 552 3301 625 lege
3323 553 3497 611 alieni
3518 559 3707 628 erant,

278 637 464 693 ἄλλων
516 635 699 711 χαίρει
751 632 1109 704 καλούμενος,
1156 631 1245 685 τίνα
1293 634 1635 706 νομοθετήσῃ
1685 638 1796 706 (28)
1846 636 1933 689 καὶ

274 733 390 788 τοῖς
442 726 671 798 ὀνόμασι
716 724 777 778 τὸ
824 720 1183 799 φιλάδελφον,
1234 723 1261 775 ὁ
1307 722 1407 790 τήν
1460 724 1651 791 καινὴν
1705 722 1931 793 ἐντολὴν

278 815 403 878 δοὺς
451 815 502 871 ἐν
531 820 610 887 τῷ
639 818 894 868 τοσοῦτον
926 812 1135 887 ἀγαπᾷν
1167 809 1474 881 ἀλλήλους,
1517 811 1640 866 ὅσον
1682 814 1771 867 καὶ
1804 815 1933 889 ἠγα-

275 907 516 979 πήμεθα·
570 906 597 959 ὁ
657 901 784 965 δοὺς
842 903 932 956 καὶ
989 907 1261 977 τυραννεῖν
1322 900 1544 973 καλῶς,
1604 902 1693 955 καὶ
1748 924 1934 977 τυραν-

272 998 475 1050 νεῖσθαι
511 991 599 1047 διὰ
627 993 719 1047 τὸν
752 986 945 1068 φόϐον,
992 990 1081 1044 καὶ
1115 987 1432 1044 ἀναδύεσθαι
1486 989 1575 1043 σὺν
1614 989 1762 1066 λόγῳ
1794 994 1928 1063 (29),

272 1084 360 1139 καὶ
393 1082 603 1159 θαρρεῖν
654 1078 819 1136 πάλιν
875 1077 965 1133 διὰ
1008 1081 1099 1133 τὸν
1152 1078 1341 1153 λόγον’
1390 1079 1417 1132 ὁ
1468 1080 1556 1132 καὶ
1602 1080 1670 1132 τὰ
1722 1080 1931 1155 μεγάλα

270 1176 501 1247 ποίμνια
557 1169 915 1246 καταρτίζων,
966 1168 1055 1223 καὶ
1104 1169 1169 1223 τὰ
1233 1169 1403 1243 μικρά
1464 1166 1782 1243 μεγαλύνων
1842 1166 1931 1224 διὰ

266 1270 367 1332 τῆς
390 1264 643 1339 χάριτος,
677 1260 862 1326 αὐτὸς,
886 1262 1023 1313 κατὰ
1051 1259 1113 1312 τὸ
1146 1256 1359 1326 πλῆθος
1401 1264 1502 1326 τῆς
1550 1259 1742 1312 ἑαυτοῦ
1791 1278 1930 1333 χρη-

268 1348 554 1423 στότητος,
587 1353 736 1422 ἡμᾶς
775 1349 868 1422 μὲν
920 1347 1290 1424 παρακαλέσαι
1336 1344 1678 1422 παρακλήσει
1714 1346 1925 1422 πολλῇ,

266 1443 357 1497 καὶ
409 1441 483 1503 εἷς
532 1442 599 1495 τὰ
647 1436 946 1514 ἔμπροσθεν
1014 1440 1125 1514 (30)
1182 1435 1299 1512 ἄγοι
1360 1436 1779 1509 συμποιμαίνων
1838 1439 1927 1491 καὶ

269 1530 550 1599 διασώζων
579 1530 640 1583 τὸ
671 1526 949 1601 ποίμνιον’
995 1527 1131 1599 ὑμᾶς
1180 1523 1237 1580 δὲ
1286 1526 1650 1601 καταρτίσειεν
1698 1526 1773 1588 εἰς
1822 1533 1923 1581 πᾶν

264 1619 420 1697 ἔργον
486 1618 723 1695 ἀγαθὸν,
777 1618 867 1671 καὶ
927 1619 1309 1688 πνευματικῶς
1371 1614 1751 1691 πανηγυρίζειν
1812 1621 1926 1677 τοῖς

268 1715 497 1784 μάρτυσι
554 1707 784 1775 πείσειε,
844 1705 934 1759 καὶ
989 1711 1090 1774 τῆς
1140 1704 1337 1759 ἐκεῖθεν
1395 1706 1601 1779 τρυφῆς
1658 1704 1924 1773 καταξιώ-

262 1820 424 1871 σειεν,
477 1793 603 1861 ἔνθα
658 1798 766 1869 (31)
806 1794 1020 1848 πάντων
1054 1792 1507 1871 ,εὐφραινομένων
1556 1794 1590 1861 ἡ
1637 1792 1921 1864 κατοικία,

2048 640 2245 694 attulit
2279 658 2290 694 :
2328 640 2442 707 ille,
2486 641 2753 711 inquam,
2788 642 3090 697 charitatis
3143 659 3378 713 parens,
3410 644 3527 700 imo
3582 645 3711 716 ipsa

2046 730 2298 783 Charitas
2320 730 2392 797 “7;
2420 730 2511 784 bis
2544 731 2700 785 enim
2736 731 3012 787 omnibus
3044 732 3335 803 praecipue
3366 732 3706 801 delectatur,

2044 822 2110 871 ut
2133 834 2233 888 per
2255 818 2383 889 ipsa
2401 836 2633 889 quoque
2652 820 2932 875 vocabula
2955 826 3232 876 mutuum
3257 838 3513 877 amorem
3539 824 3709 894 quasi

2042 906 2161 962 lata
2191 907 2316 978 lege
2366 908 2719 981 promulgat,
2746 911 2844 982 qui
2879 927 3094 966 novum
3148 912 3495 966 mandatum
3527 911 3704 983 dedit,

2041 998 2105 1051 ut
2136 1000 2365 1051 tantum
2398 1014 2504 1053 nos
2535 998 2694 1069 ipsos
2728 1003 2931 1054 mutuo
2965 1000 3283 1072 diligamus
3304 1000 3370 1069 ³⁸,
3395 1017 3574 1071 quam
3607 1000 3702 1055 di-

2039 1084 2174 1140 lecti
2207 1103 2444 1153 sumus;
2482 1088 2581 1159 qui
2628 1088 2789 1143 dedit
2819 1094 2876 1144 et
2906 1094 3058 1144 recte
3097 1094 3275 1161 atque
3305 1088 3555 1145 honeste
3586 1089 3701 1145 vim

2040 1174 2266 1245 aﬁ'erre,
2291 1182 2347 1230 et
2379 1182 2534 1231 recte
2565 1177 2702 1232 item
2725 1182 2960 1249 propter
2986 1182 3208 1233 metum
3240 1178 3464 1246 cedere,
3492 1196 3558 1235 ac
3582 1179 3699 1235 vim

2040 1266 2282 1335 perpeti,
2318 1269 2374 1319 et
2421 1281 2555 1321 cum
2616 1266 2840 1322 ratione
2888 1266 3175 1333 cunctari,
3206 1284 3274 1322 ac
3324 1268 3609 1340 refugere,
3642 1273 3701 1323 et

2039 1369 2248 1410 rursus
2278 1371 2410 1409 cum
2441 1354 2663 1409 ratione
2697 1355 2967 1411 ﬁduciam
3002 1355 3334 1428 concipere;
3366 1358 3466 1429 qui
3498 1361 3553 1413 et
3573 1373 3697 1413 ma-

2038 1458 2186 1514 gnos
2216 1459 2421 1515 greges
2455 1443 2701 1515 perﬁcit,
2728 1449 2784 1501 et
2820 1461 3027 1516 parvos
3068 1462 3172 1517 per
3214 1446 3465 1518 gratiam
3500 1451 3693 1519 auget,

2036 1529 2161 1602 ipse
2193 1531 2428 1601 quidem
2480 1550 2582 1603 pro
2632 1532 3003 1604 amplissima
3051 1551 3159 1589 sua
3208 1534 3567 1607 benignitate
3601 1553 3694 1591 co-

2037 1620 2199 1691 piose
2232 1637 2325 1675 me
2357 1621 2710 1693 consoletur,
2735 1626 2903 1693 atque
2935 1623 3212 1679 interiora
3238 1624 3434 1693 ducat,
3459 1640 3696 1696 gregem

2036 1726 2266 1765 mecum
2300 1726 2546 1782 pascens
2596 1717 2768 1783 atque
2811 1729 3162 1768 conservans
3196 1731 3209 1769 ε
3242 1730 3343 1769 vos
3392 1718 3587 1769 autem
3622 1715 3693 1769 ad

2035 1815 2207 1854 omne
2239 1800 2461 1855 bonum
2488 1817 2635 1872 opus
2656 1800 2921 1872 perﬁciat
2942 1802 3007 1873 8°,
3030 1802 3313 1874 vobisque
3346 1802 3403 1857 in
3429 1802 3692 1858 animum

262 1888 354 1943 καὶ
405 1885 663 1965 ὀφθέντας
713 1884 764 1939 ἐν
811 1882 1119 1956 δικαιοσύνῃ
1166 1889 1267 1952 τῆς
1318 1882 1510 1936 ἑαυτοῦ
1556 1879 1715 1952 δόξης
1762 1884 1917 1957 κορε-

462 1974 475 1988 .
605 1972 681 1988 ..ι
846 1971 995 1988 ,υ
1132 1972 1252 1988 -..
1369 1970 1866 1988 ~,M.~...

2038 1888 2296 1956 inducat,
2323 1894 2388 1943 ut
2436 1894 2760 1961 martyrum
2807 1891 2953 1946 festa
2982 1890 3277 1962 spirituali
3328 1892 3500 1947 modo
3548 1890 3693 1947 cele-

261 1997 423 2045 σιιεν,
459 1972 784 2051 ἐποφοείσης
843 1971 893 2026 ἐν
954 1973 1169 2044 Χριστῴ
1220 1972 1397 2037 Ἰησοῦ
1449 1973 1559 2043 (32)
1606 1970 1685 2043 τῷ
1734 1971 1917 2047 Κυρίῳ

258 2068 445 2138 ἡμῶν,
480 2065 525 2136 ᾦ
556 2065 590 2132 ἡ
626 2060 753 2132 δόξα
782 2060 871 2115 καὶ
902 2062 962 2115 τὸ
994 2061 1213 2135 κράτος,
1247 2062 1281 2129 ὴ
1309 2061 1445 2132 τιμὴ
1481 2059 1571 2113 καὶ
1603 2062 1636 2129 ἡ
1680 2060 1916 2134 προσκύ-

256 2175 415 2224 νησις
446 2153 522 2215 εἷς
553 2151 680 2213 τοὺς
716 2151 917 2212 αἰῶνας
946 2154 1054 2204 τῶν
1087 2149 1325 2205 αἰώνων.
1363 2150 1563 2222 Ἀμήν.

2028 1976 2228 2047 bretis,
2254 1977 2705 2049 coelestibusque
2729 1977 2844 2034 illis
2877 1978 3120 2047 deliciis,
3148 1980 3205 2035 in
3240 1980 3455 2052 quibus
3487 1979 3691 2037 laetan-

2028 2066 2178 2120 tium
2223 2066 2489 2121 omnium
2541 2066 2825 2123 habitatio
2875 2071 2962 2123 est
2982 2068 3046 2135 9°,
3074 2085 3171 2125 vos
3220 2069 3417 2136 donet,
3449 2072 3506 2123 et
3554 2085 3689 2123 cum

2021 2155 2254 2226 justitia
2283 2160 2632 2227 apparentes
2663 2156 2847 2227 gloria
2880 2174 2987 2213 sua
3012 2158 3185 2214 satiet
3207 2159 3274 2229 σί,
3298 2174 3427 2229 quae
3447 2157 3685 2229 quidem

260 2246 521 2302 cernitur
551 2244 608 2298 in
641 2242 872 2298 Christo
902 2242 1040 2297 Jesu
1087 2240 1331 2297 Domino
1363 2244 1584 2313 nostro,
1617 2240 1711 2296 cui
1742 2241 1944 2313 gloria,
1978 2247 2032 2299 et
2064 2245 2344 2317 potentia,
2374 2250 2435 2301 et
2463 2246 2669 2313 honor,
2701 2250 2757 2302 et
2794 2247 3056 2304 adoratio
3086 2246 3146 2304 in
3180 2246 3393 2305 saecula
3440 2246 3686 2304 saeculo-

261 2353 416 2392 rum.
447 2338 652 2391 Amen.

324 2462 367 2496 ⁸⁷
404 2463 423 2516 Ι
453 2465 624 2517 Joan.
658 2477 734 2529 Iv,
765 2460 851 2514 16.
928 2460 972 2494 ⁸⁸
1001 2459 1169 2515 Joan.
1205 2476 1331 2526 XIII,
1365 2460 1455 2516 34.
1532 2460 1578 2495 9°
1609 2460 1863 2534 Philipp.
1897 2479 1925 2516 ιχ

2101 2465 2145 2498 9°
2177 2463 2327 2519 Psal.
2362 2481 2587 2531 LXXXVI,
2618 2465 2674 2520 7.
2752 2467 2794 2502 οι
2826 2465 2981 2523 Psal.
3014 2482 3132 2533 XVI,
3167 2467 3254 2522 15.

326 2587 440 2659 (28)
470 2584 844 2659 Νομοθετήσῃ.
873 2605 900 2635 ‹‹
933 2583 1006 2639 Ut
1043 2586 1382 2653 fraternam,
1417 2590 1686 2642 mutuam
1720 2587 1910 2643 chari-

254 2658 438 2715 tatem
473 2658 716 2713 sanciat.
747 2679 766 2705 ι

326 2730 439 2803 (29)
473 2728 577 2803 Σὺν
612 2725 789 2803 λόγῳ·
823 2728 964 2803 Bes-
999 2727 1099 2799 ph,
1127 2725 1410 2803 σκιλᾉέγιρ-
1500 2742 1501 2745 ‘

327 2795 439 2874 (30)
470 2800 569 2855 Καὶ
603 2795 777 2861 εἷς’τᾶ
821 2795 1143 2873 ἔμπροσθέν.
1177 2795 1385 2855 Billius
1409 2818 1423 2856 :
1450 2824 1476 2850 «
1504 2801 1575 2855 ad
1609 2818 1675 2857 ea
1722 2819 1847 2875 quin
1879 2820 1913 2859 a

256 2875 443 2929 fronte
472 2878 633 2940 sunt,
656 2892 683 2924 ιι
720 2877 830 2929 etc.

330 2945 443 3016 (31)
474 2944 658 3006 Ἔνθα.
693 2967 721 2994 ‹‹
757 2942 886 2998 Ubi.
913 2965 940 2992 υ

2099 2590 2207 2660 (32)
2236 2589 2593 2662 Ἐποιρθείσης
2632 2588 2684 2644 ἐν
2732 2588 2948 2664 Χριστῷ
2980 2588 3180 2660 Ἰησοῦ.
3214 2594 3350 2658 Quae
3402 2591 3459 2647 in
3512 2592 3685 2649 editis

2025 2668 2372 2736 sequuntur,
2402 2664 2615 2736 desunt
2640 2665 2696 2718 in
2728 2664 2919 2719 tribus
2953 2664 3154 2736 Regg.,
3178 2665 3279 2736 qui
3307 2664 3532 2719 addunt
3562 2670 3686 2719 tan-

2022 2737 2151 2807 tum
2191 2734 2243 2787 Ἀ
2257 2735 2386 2807 μήν.
2420 2735 2523 2807 Ita”
2550 2736 2723 2807 Coisl.
2753 2740 2807 2807 2,
2842 2734 3063 2807 resecto
3084 2734 3289 2791 'etiam
3339 2736 3535 2807 Ἀμήν.
3568 2737 3680 2792 Alii

2024 2803 2268 2881 addunt,
2302 2804 2347 2877 ᾧ
2447 2803 2573 2875 δόξα
2602 2804 2679 2869 εἰς
2716 2803 2842 2868 τοὺς
2883 2806 3102 2869 αἰῶνας.
3129 2808 3330 2879 Ἀμήν,
3364 2803 3520 2865 «⁷οἰιὶ
3552 2809 3679 2881 glo-

2022 2877 2109 2933 ria
2140 2877 2196 2933 in
2229 2879 2459 2935 saecula.
2493 2881 2696 2935 Amen.

1008 3180 1155 3236 w
1200 3190 1755 3281 MONITUM
1811 3196 1925 3281 IN
1984 3194 2666 3287 ORATIONEM
2723 3200 2919 3287 XII.

329 3472 377 3531 Ι.
442 3469 963 3557 Inaugurantium
1021 3469 1311 3557 manibus
1387 3491 1417 3523 «
1466 3469 1794 3544 cervicem,
1844 3490 2012 3557 _non_
2044 3474 2323 3557 animum
2386 3476 2647 3535 ﬂexerat
2702 3495 2731 3531 ι)
2825 3476 3161 3554 Gregorius
3218 3475 3365 3557 (33).
3425 3479 3667 3556 Itaque,

247 3556 590 3634 postquam
650 3552 975 3634 ordinatus
1032 3556 1123 3611 est
1181 3550 1535 3634 episcopus,
1587 3551 2126 3629 quemadmodum
2180 3556 2313 3631 jam
2376 3563 2559 3615 antea
2617 3562 2761 3634 post
2808 3550 3108 3617 collatum
3159 3550 3276 3617 sibi
3324 3550 3675 3617 sacerdotii

248 3632 579 3707 ordinem,
632 3632 917 3714 fugam,
996 3650 1183 3710 quam
1244 3630 1357 3690 sub
1416 3630 1771 3714 ipsaqpene
1832 3651 2132 3693 manuum
2184 3630 2635 3714 impositione—
2672 3636 3135 3709 meditabatur,
3182 3637 3467 3714 arripuit.
3533 3640 3671 3697 Non

250 3717 498 3772 tantum
556 3712 910 3772 solitudinis
966 3730 1173 3782 amor,
1210 3729 1455 3795 __veru_m
1514 3711 1703 3795 etiam
1763 3715 2239 3775 contentionum
2288 3711 2521 3788 timor,
2587 3716 2747 3776 hanc
2803 3717 2922 3793 ipsi
2979 3719 3191 3795 fugam
3250 3711 3467 3778 suasit.
3528 3718 3671 3777 Jam

244 3793 415 3854 enim
476 3811 777 3871 magnum
838 3798 1134 3874 eruperat
1189 3791 1738 3874 dissidiumdnter
1810 3795 2107 3855 Basiliam
2166 3804 2226 3855 et
2289 3798 2702 3870 Anthimum,
2781 3791 3078 3874 quorum'
3110 3800 3271 3859 alter
3324 3800 3666 3870 Caesareae,

242 3874 407 3934 alter
462 3874 697 3957 Tyana:
752 3881 908 3957 erat_
946 3873 1226 3932 antistes.
1290 3872 1692 3957 Cappadocia
1746 3874 2056 3957 siquidem
2114 3876 2177 3935 in
2238 3878 2395 3937 duas
2456 3872 2847 3956 provincias,
2912 3896 3065 3951 seu,
3144 3878 3208 3939 in
3286 3879 3553 3957 primam
3613 3885 3676 3939 et

240 3955 585 4037 secundam
637 3953 1022 4037 Cappociam
1080 3954 1439 4037 nuperrime
1498 3954 1721 4025 divisa,
1781 3956 2015 4037 factum
2050 3963 2186 4037 est,
2254 3964 2319 4017 ut
2383 3953 2473 4015 in_
2504 3958 2660 4017 duas
2718 3976 2972 4036 quoque
3027 3953 3415 4037 metropoles
3470 3959 3672 4020 divisa

242 4035 326 4094 sit
383 4034 741 4116 spiritualis
786 4040 1085 4116 potestas.
1144 4033 1371 4116 Primae
1431 4041 1650 4116 autem,
1703 4036 2118 4113 Cappadociae
2176 4043 2445 4116 praeerat
2506 4033 2812 4113 Basilius,
2869 4033 3179 4099 "secundae
3240 4033 3384 4100 vero
3441 4039 3669 4099 Anthi-

244 4133 423 4198 mus._
471 4114 628 4175 Hinc
684 4114 1109 4198 dissidiorum
1145 4113 1346 4191 origo.
1393 4136 1442 4198 _«
1483 4114 1837 4198 Plurimi»
1902 4116 2066 4177 enim
2133 4113 2288 4179 (cex
2345 4118 2539 4196 priori
2595 4137 2773 4179 novae
2833 4120 3168 4198 metropoli
3224 4121 3666 4198 adjungeban-

243 4200 351 4255 tur
404 4195 548 4276 (34).
615 4219 643 4250 »
729 4196 817 4256 De
888 4194 1146 4278 Sasimis
1221 4194 1537 4278 praecipue
1608 4195 1940 4272 litigabunt
1998 4197 2186 4257 ambo
2248 4194 2567 4277 praesules.
2629 4200 2867 4260 Idcirco
2928 4218 2964 4261 a
3025 4194 3253 4261 Basilio
3302 4194 3666 4278 Theologus

242 4281 459 4337 noster
514 4280 762 4361 creatus
822 4275 1361 4361 est__Sasimorum
1437 4276 1792 4361 e‘piscOpus.
1857 4275 2280 4361 Cumautem
2360 4281 2451 4340 vir
2526 4281 2699 4359 pacis
2777 4299 2998 4341 amans
3073 4282 3322 4342 timeret
3397 4300 3475 4341 ne
3548 4275 3665 4361 pro

246 4357 589 4439 Sasimensi
646 4355 791 4417 sede
850 4355 1081 4417 bellum
1144 4374 1364 4433 gerere
1420 4356 1757 4439 videretur,
1795 4381 1845 4439 Δει
1882 4358 2165 4419 concitus
2219 4362 2284 4419 in
2343 4355 2625 4422 montem
2686 4363 2867 4439 fugit,
2922 4367 2991 4422 ut
3047 4363 3257 4423 charae
3315 4355 3672 4424 solitudinis

245 4436 486 4520 deliciis
542 4439 892 4520 frueretur,
973 4454 1165 4515 seque
1222 4441 1423 4497 totum
1494 4437 1914 4517 philosophiae
1972 4439 2164 4520 (35),
2226 4464 2254 4495 »
2344 4442 2406 4500 id
2466 4448 2559 4502 est
2631 4436 2927 4503 solitariae
2984 4450 3047 4503 et
3109 4443 3471 4505 monasticae
3525 4443 3669 4503 vitae

244 4516 680 4578 exercitationi
741 4539 770 4572 α
822 4517 1020 4577 daret.
1067 4540 1098 4571 »

324 4598 401 4657 II.
441 4598 677 4682 ‘Verum
736 4597 1093 4682 Gregorius,
1156 4620 1190 4682 (ι
1237 4597 1378 4682 aliis
1432 4596 1739 4682 in_rebus
1795 4604 2112 4671 constans,
2166 4623 2197 4653 »
2260 4607 2329 4659 ut
2385 4601 2463 4682 de
2522 4601 2776 4682 seipse
2832 4606 3099 4662 testatur
3156 4602 3319 4682 (36),
3390 4626 3420 4663 α
3468 4602 3533 4663 in
3589 4620 3665 4663 eo

243 4682 395 4761 erat
437 4676 741 4761 ignavus,
802 4679 993 4761 quod
1031 4678 1227 4757 patris
1282 4677 1440 4737 iram
1502 4676 1663 4761 terre
1720 4686 2149 4761 nonuposset.’
2186 4703 2216 4734 »
2280 4681 2475 4741 Cessit
2531 4676 2724 4757 igitur
2785 4683 3069 4761 parenti,
3128 4676 3191 4742 et
3246 4676 3370 4743 cito
3426 4701 3461 4742 e
3517 4682 3667 4761 fuga

240 4758 663 4841 redi_it._Tum
711 4765 923 4841 Apater
978 4758 1207 4841 iterum
1265 4764 1455 4841 atque
1511 4758 1738 4817 iterum
1799 4758 2000 4818 ﬁlium
2061 4760 2494 4821 vehementius
2552 4758 2803 4821 hortari
2851 4764 3080 4841 coepit,
3164 4769 3233 4823 ut
3290 4758 3663 4822 Sasimensis

239 4838 538 4923 Ecclesia:
595 4838 873 4923 regimen
932 4839 1295 4917 susciperet.
1360 4840 1495 4916 Ipse
1551 4856 1719 4923 vero,
1770 4842 2249 4923 constantergin
2307 4841 2630 4921 preposito
2687 4838 3115 4920 perseverans,
3177 4860 3434 4923 prorsus
3478 4860 3662 4923 recu-

240 4919 424 4980 savit.
485 4919 660 4979 Tunc
717 4920 973 4979 demum
1032 4925 1234 4997 pater,
1296 4923 1427 4978 tum
1488 4918 1817 4999 precibus,
1896 4924 2029 4979 tum
2091 4918 2325 4999 minis,
2390 4918 2523 4982 tum
2583 4918 2998 4997 auctoritate,
3072 4918 3203 4984 tum
3265 4922 3655 4997 rationibus,

240 4999 537 5072 obtinuit,
599 5004 668 5059 ut
721 5000 890 5060 ﬁlius
949 5019 1074 5083 una
1126 5017 1359 5083 secum
1404 4998 1873 5083 «_collaborans
1932 5001 2333 5083 Nazianzenze
2392 5004 2683 5063 Ecclesiae
2741 5022 2958 5065 curam
3016 5010 3294 5083 gereret,
3358 5023 3430 5063 ac
3488 5004 3659 5065 velut

241 5098 492 5158 magna:
540 5080 790 5163 cuidam
842 5080 1097 5158 aquila,
1147 5086 1209 5140 et
1256 5080 1553 5163 altissime
1604 5079 1860 5150 volanti,
1917 5081 2125 5163 pullus
2172 5102 2297 5142 non
2349 5083 2586 5143 inutilis
2636 5103 2669 5143 e
2716 5079 3073 5163 propinquo
3124 5085 3357 5144 circum
3409 5084 3658 5145 assidue

238 5163 482 5222 volaret
529 5160 703 5245 (3:1);
756 5184 784 5245 υ
865 5180 935 5245 ea
998 5168 1206 5221 tamen
1268 5159 1648 5245 conditione,
1713 5165 1778 5220 ut
1835 5178 1912 5245 ne
1970 5161 2200 5245 invitus
2257 5163 2399 5245 huic
2458 5159 3192 5245 allirgare'tuI-‘Ecclesize,
3252 5172 3335 5243 et,
3398 5172 3659 5245 parente

237 5238 961 5315 mortuo,‘discedendi,
1025 5247 1088 5302 et
1144 5260 1270 5320 quo
1330 5240 1516 5300 vellet
1572 5238 1835 5298 liberam
1898 5241 2155 5302 haberet
2215 5244 2489 5302 abeundi
2546 5238 2934 5305 facultatem.

313 5323 418 5381 IlI.
468 5322 596 5380 Hac
642 5322 836 5399 igitur
891 5319 1242 5395 occasione,
1294 5327 1356 5380 et
1411 5321 1531 5379 hoc
1587 5319 1723 5396 ipso
1783 5326 2083 5398 tempore,
2141 5331 2408 5383 exeunte
2468 5324 2759 5383 nimirum
2812 5344 2977 5385 anno
3025 5328 3165 5398 372,
3215 5326 3658 5388 duodecimam

234 5398 413 5485 hanc
454 5398 827 5485 orationem,
868 5402 1113 5485 habuit.
1173 5404 1241 5485 in
1301 5419 1385 5485 ea
1435 5400 1702 5485 debitas__
1738 5402 2037 5478 Gregorio
2098 5404 2263 5481 patri
2322 5404 2538 5464 laudes
2598 5404 2837 5475 tribuit,
2898 5406 3030 5483 qui,
3085 5406 3200 5466 etsi
3258 5407 3480 5485 quovis
3535 5407 3661 5467 alio

237 5504 268 5537 «
316 5480 629 5542 valentior
684 5502 759 5545 ac
805 5483 1109 5545 fervidior
1159 5482 1263 5562 (n.
1324 5480 1441 5560 3),
1490 5504 1521 5535 »
1603 5480 1959 5557 adjutorem
2028 5480 2237 5544 tamen
2299 5485 2418 5544 sibi
2476 5491 2808 5564 quaereret,
2868 5480 2983 5546 nec
3041 5480 3372 5548 hominum
3420 5486 3664 5565 judicia

297 5632 416 5702 (33)
446 5629 640 5685 Carm.
674 5632 728 5701 2,
760 5646 911 5686 vers.
944 5632 1072 5690 487.

320 5705 411 5772 34)
444 5702 540 5758 0r.
577 5719 735 5773 XLIII,
771 5719 830 5757 n.
862 5703 953 5758 58.

320 5705 411 5772 34)
444 5705 540 5758 0r.
577 5719 735 5773 XLIII,
771 5719 830 5757 n.
862 5705 953 5758 58.

294 5705 411 5853 (35)
445 5774 641 5832 Carm.
672 5779 730 5844 2,
762 5789 912 5831 vers.
948 5774 1071 5829 490.

556 5930 826 5994 Panes.
873 5931 985 5993 Gn.
1033 5928 1275 5994 XXXV.

2075 5631 2189 5703 (36)
2222 5631 2388 5697 Ibid.,
2422 5648 2570 5687 vers.
2601 5634 2723 5689 493.

2076 5704 2191 5775 (37)
2218 5705 2312 5759 Or.
2346 5721 2447 5772 XII,
2480 5722 2537 5759 n.
2569 5706 2623 5759 5.
