4070 6400
243 394 361 456 845

1386 387 1679 450 ORATIO
1723 388 1854 448 ΧΠ.
1907 419 1978 433 —-
2013 388 2114 448 AD
2161 387 2511 449 PATREM.

3546 391 3666 452 846

245 527 351 603 ρών
379 544 393 595 ;
424 525 515 580 τὸν
549 524 653 599 γὰρ
683 516 867 578 Ναδὰὸ
893 522 981 576 καὶ
1031 515 1250 578 ’Λϐιοὺδ
1303 519 1435 574 ἐκὼν
1489 515 1890 596 ὑπερϐήσομαι,

2020 521 2181 575 aiiam
2215 525 2271 576 et
2302 521 2666 576 Ithamarum
2719 521 2968 577 Aaronis
3003 522 3153 579 filios
3201 525 3508 580 sacerdotii
3541 524 3667 581 oleo

245 614 349 670 δέει
393 623 493 686 τῆς
548 611 943 691 place-quiue“
991 609 1077 666 καὶ
1128 616 1363 679 Μωϋσῆς
1410 609 1524 672 ἀνθ’
1572 611 1762 664 ἑαυτοῦ
1809 609 1900 663 τὸν

245 707 452 776 Ἰησοῦν
518 701 871 758 ἀναδείκνυσιν
940 699 1017 755 ἔτι
1087 704 1189 768 ζῶν
1259 699 1375 754 ἀντὶ
1441 698 1740 772 νομοθέτου
1811 699 1899 752 καὶ

245 797 558 870 στρατηγοῦ
607 795 740 866 (45),
791 797 906 853 τοῖς
957 789 1043 844 ἐπὶ
1091 790 1188 858 τὴν
1249 796 1352 864 γῆν
1412 796 1512 857 τῆς
1579 786 1901 863 ἐπαγγελίας

244 882 656 960 ἐπειγομένοις;
707 881 804 935 Καὶ
849 880 910 934 τὸ
966 880 1061 952 μὲν
1110 878 1211 955 γὰρ
1266 882 1381 952 (46)
1431 882 1527 932 τοῦ
1572 878 1780 950 Ἀαρὼν
1812 876 1900 930 καὶ

244 978 342 1028 τοῦ
390 975 490 1048 Ὥρ
541 969 1008 1045 ὑποστηριζὸντων
1071 970 1166 1030 τὰς
1235 972 1424 1042 χεῖρας
1477 965 1746 1027 Μωυσέως
1816 965 1901 1018 ἐπὶ

245 1067 342 1116 τοῦ
374 1061 550 1136 ὅρους,
578 1059 650 1114 ’ἶν’
675 1062 789 1133 (47)
818 1061 845 1113 ὁ
877 1056 1050 1131 Ἀμα)
1066 1058 1137 1125 ἢκ
1184 1055 1619 1129 καταπολεμηθῇ
1674 1057 1785 1127 (48)
1824 1058 1902 1125 τῷ

247 1155 478 1226 σταυρῷ,
529 1149 810 1226 πόρρωθεν
871 1144 1361 1223 σκιαγραφουμένῳ
1419 1146 1504 1200 καὶ
1552 1144 1900 1214 τυπουμένῳ,

245 1237 390 1296 δοκῶ
424 1242 537 1314 (49)
574 1261 666 1313 μοι
698 1240 959 1314 παρήσειν
1003 1236 1162 1305 ἑκὼν,
1215 1236 1287 1296 ὡς
1337 1235 1398 1289 οὐ
1450 1231 1654 1311 σφόδρα
1702 1233 1899 1286 οἰκεῖον

242 1334 378 1404 ἡμῖν
411 1331 501 1386 καὶ
531 1329 846 1406 πρόσφορον
873 1347 886 1359 ’
922 1326 984 1380 οὖ
1013 1328 1115 1402 γὰρ
1149 1325 1544 1398 συννομοθέτας
1576 1325 1763 1398 ᾑρεῖτο
1791 1323 1901 1395 (50)

239 1419 468 1482 τούτους
500 1422 759 1491 Μωυσῆς,
789 1414 914 1472 ἀλλ’
971 1415 1142 1491 εὐχῆς
1198 1414 1458 1491 βοηθοὺς,
1519 1413 1609 1468 καὶ
1657 1411 1902 1487 καμάτου

243 1515 450 1585 χειρῶν
481 1507 787 1585 ἐρείσματα.

319 1778 389 1833 Γ’.
425 1777 522 1831 Σοὶ
557 1772 614 1830 δὲ
641 1774 694 1830 τί
724 1775 924 1850 πάσχει
952 1792 965 1843 ;
998 1772 1050 1828 τί
1095 1773 1328 1845 κάμνειε
1380 1771 1450 1825 Τὸ
1499 1774 1693 1844 σῶμα;
1743 1770 1901 1825 Ὑπο-

2012 611 2193 666 fuisse
2225 611 2516 666 delibutos
2539 611 2619 665 95?
2640 611 2843 667 Nadab
2875 613 3028 667 enim
3051 617 3109 667 et
3131 613 3317 668 Abiud
3341 616 3404 684 9⁸,
3428 631 3500 670 ne
3524 616 3664 684 quid

2012 699 2153 754 mali
2203 701 2417 756 ominis
2465 702 2744 773 importet
2788 701 2992 768 oratio,
3018 700 3288 758 consulto
3339 703 3666 775 praeteribo.

2012 790 2266 858 Moysem
2300 790 2564 862 insuper,
2594 807 2726 846 cum
2763 791 2955 846 adhuc
2985 791 3115 847 vitae
3147 809 3328 847 usura
3359 791 3666 863 frueretur,

2011 897 2117 934 suo
2152 880 2277 935 loco
2307 881 2508 935 Jesum
2544 881 2906 954 designasse,
2932 882 3029 954 qui
3063 881 3284 938 Judaeis
3315 881 3383 936 ad
3417 882 3668 954 promis-

2012 969 2198 1024 sionis
2228 975 2443 1024 terram
2495 969 2946 1041 properantibus
2977 988 3081 1042 pro
3130 971 3463 1043 legislatore
3493 987 3560 1026 ac
3593 970 3673 1026 rei

2012 1057 2284 1113 militaris
2316 1059 2584 1130 praefecto
2613 1063 2807 1114 esset?
2838 1060 3007 1128 (Nam
3039 1058 3184 1114 illud
3217 1059 3467 1115 Aaronis
3498 1065 3675 1131 atque

2014 1147 2154 1216 Ilur,
2187 1148 2282 1216 qui
2342 1147 2555 1219 Moysis
2603 1165 2814 1203 manus
2842 1148 2901 1202 in
2936 1155 3131 1204 monte
3165 1150 3317 1205 249
3369 1147 3672 1204 suffulcie-

2013 1236 2176 1302 bant,
2213 1245 2274 1290 ut
2304 1252 2408 1306 per
2437 1253 2666 1291 crucem
2697 1243 2859 1292 tanto
2884 1245 3017 1292 ante
3040 1237 3474 1305 adumbratam,
3497 1239 3670 1294 Ama-

2013 1323 2099 1379 lec
2131 1325 2562 1396 opprimeretur
2583 1327 2646 1392 ’7,
2680 1344 2794 1381 non
2838 1326 3054 1382 invitus
3085 1329 3553 1399 praetermittam,
3574 1344 3669 1384 ve-

2013 1413 2102 1468 lut
2133 1414 2302 1469 nobis
2334 1414 2793 1487 haudquaquam
2831 1420 3035 1488 aptum
3086 1420 3261 1488 atque
3309 1417 3666 1489 appositum.

2011 1503 2389 1574 Neque;enim
2422 1521 2520 1560 eos
2540 1503 2598 1559 in
2622 1503 2818 1577 legum
2844 1505 3210 1561 institutione
3231 1506 3422 1562 socios
3442 1506 3671 1578 Moyses

2011 1592 2284 1661 habebat,
2315 1593 2416 1649 sed
2469 1593 2528 1648 in
2581 1594 2861 1650 orationis
2910 1595 3342 1667 adjumentum,
3383 1593 3670 1668 languen-

2012 1682 2280 1754 tiumque
2312 1700 2598 1739 manuum
2631 1683 2897 1740 levamen
2927 1683 3293 1755 asciscebat.)

2086 1771 2179 1826 ΙΙΙ.
2205 1772 2350 1835 Quid
2375 1777 2571 1828 autem
2596 1772 2702 1828 tibi
2727 1773 3034 1830 condolet?
3055 1774 3194 1846 quid
3222 1774 3478 1830 fatiscit?
3507 1777 3674 1829 Anne

241 1866 510 1943 στηρίζειν
555 1865 778 1939 ἓτοιμος
825 1867 973 1937 (51)·
1046 1860 1192 1917 ἀλλὰ
1254 1860 1344 1914 καὶ
1412 1859 1758 1935 ὑπεστήριξα,
1810 1859 1899 1914 καὶ

243 1956 259 1972 9
422 1954 433 1972 1
481 1957 506 1972 Α
672 1954 687 1972 ε
790 1953 804 1972 c
866 1953 898 1972 ’l
990 1946 1056 1972 ηρ
1108 1949 1122 1972 ἳ
1177 1955 1216 1972 κν
1387 1954 1664 1972 ψηκ-ημμν-
1736 1946 1850 1972 _"|_

2020 1862 2268 1934 corpus?
2298 1862 2542 1918 Paratus
2576 1863 2812 1935 quidem
2837 1881 2942 1937 ego
2975 1868 3041 1919 ut
3066 1863 3209 1920 illud
3242 1862 3521 1920 fulciam?
3552 1863 3670 1919 imo

240 1954 602 2031 ἐστηρίχθην,
657 1954 731 2015 ὡς
783 1953 810 2007 ὁ
866 1946 1056 2006 Ἰακὼϐ
1105 1949 1328 2022 ἐκεῖνος,
1379 1954 1666 2024 πατρικαῖς
1732 1946 1893 2002 εὐλο-

238 2045 408 2122 γίαις.
461 2041 638 2100 Ἀλλὰ
683 2044 746 2097 τὸ
776 2046 1025 2114 πνεῦμα;
1077 2039 1169 2102 Τίς
1221 2038 1573 2115 ἰσχυρότερος
1615 2039 1748 2112 (52),
1807 2037 1897 2093 καὶ

240 2134 598 2210 θερμότερος,
649 2132 738 2187 καὶ
787 2137 904 2186 νῦν·
941 2129 1197 2205 μάλιστα,
1260 2128 1372 2201 ὅσῳ
1429 2131 1493 2182 τὰ
1552 2134 1652 2197 τῆς
1702 2128 1896 2204 σαρκὸς

245 2219 526 2280 ὑποϐαίνει
575 2228 666 2278 καῖ
718 2220 1058 2291 ὑπεξίσταται
1267 2217 1448 2294 ὥσπερ
1499 2217 1661 2295 φωτὶ,
1699 2218 1760 2272 τὸ
1809 2218 1900 2272 ἀν-

240 2313 532 2390 τιφραττον
574 2311 664 2366 καὶ
714 2309 1102 2384 ἀντικείμενον,
1153 2308 1243 2363 καὶ
1291 2305 1508 2362 κωλόον
1549 2308 1648 2376 τὴν
1677 2304 1902 2380 λαμπη-

246 2400 418 2470 δόνας
450 2399 613 2454 Φιλεῖ
635 2401 736 2476 γὰρ
769 2401 842 2461 ὡς
871 2401 937 2453 τὰ
960 2397 1148 2454 πολλὰ
1185 2396 1569 2468 ἀντιπολεμεῖν
1602 2394 1768 2451 ταῦτα
1799 2398 1900 2450 ἆλ-

249 2489 450 2560 λήλοις
507 2490 596 2543 καὶ
646 2489 1074 2557 ἀντικαθὲζεσθαι
1126 2490 1276 2562 (54)’
1329 2486 1419 2540 καὶ
1472 2490 1629 2559 σῶμα
1681 2486 1774 2559 μὲν
1822 2485 1904 2540 εὐ-

247 2583 443 2648 εκτεῖν,
471 2577 784 2652 καμνούσης
816 2581 1020 2651 ψυχῆς,
1052 2577 1236 2650 ψυχὴν
1271 2572 1328 2630 δὲ
1541 2572 1762 2638 θάλλειν
1812 2573 1901 2629 καὶ

246 2670 358 2724 ἄνω
393 2667 637 2744 βλέπειν,
667 2671 773 2722 τῶν
815 2663 1027 2736 ἡδονῶν
1084 2661 1490 2720 ὑποϐαινουσῶν
1540 2665 1630 2718 καὶ
1679 2685 1906 2718 συναπο-

250 2757 665 2834 μαραινομὲνων
709 2761 788 2829 τῷ
839 2757 1075 2829 σώμααι.
1129 2759 1238 2809 Σοῦ
1283 2753 1340 2809 δὲ
1389 2753 1477 2808 καὶ
1521 2752 1706 2815 ἄλλως
1747 2753 1902 2817 ἐθαύ-

253 2868 393 2920 μασα
420 2849 482 2902 τὸ
531 2847 795 2922 ἀρχαῖκὸν
999 2844 1087 2900 καί
1134 2850 1400 2920 γενναῖον,
1433 2848 1550 2906 πῶς
1586 2841 1711 2898 οὔδε
1739 2848 1900 2898 τοῦτο

251 2931 454 2998 ἔδεισας
505 2939 638 3009 (57),
689 2932 896 3012 σφόδρα
944 2938 1048 2988 τῶν
1097 2938 1184 2986 νῦν
1229 2933 1473 3008 ὑπάρχον
1520 2937 1722 3009 καιρῶν
1767 2937 1898 3005 (58),

252 3026 328 3096 μή
382 3044 466 3078 σοι
514 3023 576 3077 τὸ
624 3027 837 3096 πνεῦμα
881 3021 1147 3100 πρόφασις
1197 3027 1453 3096 νομισθῇ,
1503 3023 1591 3076 καὶ
1633 3026 1902 3098 σαρκικῶς

243 3118 412 3168 ταῦτα
475 3107 769 3185 λαμϐάνειν
831 3109 1076 3183 δοκῶμεν
1127 3115 1242 3172 τοῖς
1298 3109 1551 3183 πολλοῖς,
1611 3132 1902 3183 πνευματι-

243 3203 355 3264 κῶς
396 3201 885 3278 προσποιούμενοι.
939 3197 1157 3268 Ἐπειδή
1213 3197 1350 3276 μέγα
1397 3202 1457 3255 τὸ
1523 3207 1749 3277 πρᾶγμα
1814 3201 1902 3256 καὶ

2004 1951 2131 2022 jam
2163 1950 2385 2019 fulcivi,
2409 1956 2583 2024 atque
2614 1953 2740 2025 ipse
2762 1953 3039 2024 vicissim,
3067 1971 3181 2010 non
3210 1971 3382 2010 secus
3405 1969 3471 2009 ac
3490 1952 3671 2009 Jacob

2009 2039 2128 2107 ille,
2178 2042 2438 2113 paternis
2496 2043 3004 2099 benedictionibus
3066 2043 3252 2100 fultus
3309 2061 3440 2100 sum
3465 2043 3528 2097 9⁸.
3580 2044 3668 2097 An

2010 2129 2299 2202 spiritus?
2328 2131 2466 2194 Quis
2497 2131 2812 2204 _valentior,
2838 2138 3011 2204 atque
3043 2133 3334 2201 fervidior,
3363 2132 3472 2188 hac
3521 2148 3667 2204 prae-

2011 2219 2214 2275 sertim
2246 2224 2569 2292 atate,qua
2591 2222 2784 2278 carnis
2810 2223 3052 2278 affectus
3081 2221 3666 2292 subsidit,ceditque,

2013 2308 2165 2364 velut
2190 2308 2420 2377 lumini,
2445 2310 2502 2365 id
2529 2311 2684 2382 quod
2709 2312 2935 2383 objeclu
2964 2329 3071 2368 suo
3095 2312 3455 2383 adversatur,
3475 2309 3670 2383 splen-

2012 2397 2255 2468 dorique
2283 2399 2770 2470 impedimentum
2820 2400 3029 2457 ail'ert?
3068 2400 3198 2456 Haec
3246 2401 3403 2457 enim
3453 2399 3670 2456 bellum

2013 2487 2168 2542 inter
2197 2503 2258 2543 se
2293 2494 2353 2542 ut
2387 2488 2705 2560 plurimum
2731 2494 2962 2562 gerunt,
2987 2496 3297 2562 castraque
3329 2507 3396 2546 ex
3429 2490 3673 2546 adverso

2013 2576 2349 2632 balientzet
2397 2595 2610 2650 corpus
2641 2578 2875 2650 quidem
2909 2584 3223 2652 aegrotante
3274 2580 3474 2635 anima
3522 2577 3674 2634 belle

2013 2665 2220 2733 habet;
2255 2667 2454 2721 anima
2485 2671 2679 2722 autem
2713 2668 2898 2736 ﬂoret,
2925 2673 3100 2740 atque
3125 2673 3348 2724 erectos
3370 2668 3429 2723 in
3454 2667 3668 2723 ccelum

2014 2755 2214 2811 oculos
2247 2755 2439 2825 habet,
2465 2773 2600 2812 cum
2645 2757 2970 2830 voluptates
3010 2758 3322 2826 decedunt,
3346 2762 3525 2829 atque
3558 2773 3676 2812 una

2015 2861 2146 2898 cum
2186 2861 2425 2917 corpore
2461 2851 2846 2901 marcescunt.
2875 2845 3022 2910 Quin
3059 2851 3222 2902 tuam
3257 2864 3494 2918 quoque
3524 2852 3678 2901 vete-

2014 2949 2136 2988 rem
2169 2934 2609 3006 simplicitatem
2652 2935 2953 3007 animique
2986 2936 3438 3007 generositatem
3487 2934 3677 2992 demi-

2015 3024 2125 3078 rari
2162 3023 2303 3078 mihi
2330 3024 2528 3092 subiit,
2555 3025 2653 3096 qui
2688 3042 2758 3080 ne
2788 3024 2896 3081 hoc
2927 3026 3185 3098 quidem,
3212 3025 3367 3097 quod
3399 3025 3493 3082 his
3523 3030 3674 3082 tem-

2014 3113 2252 3184 qoribus
2287 3115 2605 3170 admodum
2653 3115 2927 3186 frequens
2967 3119 3074 3182 est,
3109 3116 3532 3187 providendum
3565 3115 3673 3170 tibi

2015 3203 2270 3274 duxeris,
2304 3221 2375 3259 ne
2424 3204 2688 3276 spiritus,
2719 3221 2831 3276 quo
2893 3204 3164 3275 moveris,
3201 3206 3370 3260 fucus
3427 3205 3671 3275 quidam

241 3293 578 3367 τυραννικὸν,
627 3292 716 3345 καὶ
768 3288 1064 3362 θαυμασίαν
1118 3287 1230 3343 οἵαν
1283 3287 1410 3364 ἕχον
1473 3289 1795 3358 ἀπόλαυσιν,
1847 3291 1899 3344 οἱ

2020 3308 2140 3348 esse
2172 3292 2557 3356 existimetur,
2582 3310 2648 3349 ac
2677 3311 2784 3349 nos
2815 3293 3075 3366 plerique
3098 3294 3317 3349 carnali
3350 3296 3520 3350 modo
3553 3287 3674 3349 Haec

240 3380 448 3436 πολλοὶ
506 3380 818 3453 νομίζεσθαι
870 3381 1230 3450 πεποιήκασιν
1260 3399 1272 3412 ·
1324 3379 1418 3433 κᾶν
1472 3376 1549 3433 ἔτι
1594 3381 1902 3456 στενοτέρας

237 3492 322 3534 τις
356 3473 471 3543 (59)
505 3472 540 3539 ἢ
580 3471 718 3524 κατὰ
761 3468 961 3539 ταύτην
1014 3472 1290 3542 προστατῇ
1336 3468 1423 3522 καὶ
1476 3468 1734 3542 ἐξηγῆται
1786 3469 1904 3523 ποί-

245 3580 408 3633 μνης,
450 3559 542 3614 καὶ
593 3557 760 3613 πλέον
810 3557 1078 3635 φερούσης
1125 3563 1230 3612 τῶν
1283 3555 1457 3627 ἡδέων
1509 3559 1576 3612 τὰ
1622 3557 1896 3633 μοχθηρά.

243 3653 415 3702 Teum
467 3648 560 3720 μὶν
613 3644 679 3715 δὴ
726 3653 826 3716 τῆς
875 3654 974 3715 σῆς
1029 3644 1133 3701 εἴτε
1183 3646 1494 3717 ἁπλότητος
1544 3645 1648 3701 εἴτε
1679 3647 1900 3724 φιλοτε-

245 3736 398 3800 κνίας
439 3740 574 3811 (60),
629 3736 716 3812 ὑφ’
762 3738 830 3804 ἧς
879 3736 1001 3789 οὕτε
1042 3757 1092 3790 τι
1137 3741 1244 3790 τῶν
1277 3741 1554 3810 πονηρῶν,
1589 3734 1711 3790 οὔτε
1741 3737 1898 3798 αὑτὸς

236 3824 550 3903 παραδὲχῃ,
600 3823 726 3881 οὕτε
773 3825 896 3898 περὶ
943 3831 1051 3880 τῶν
1103 3823 1290 3881 ἄλλων
1339 3823 1539 3901 ῥᾳδίως
1575 3820 1898 3899 ὑπολαμϐά-

230 3936 364 3979 νεις·
421 3914 618 3992 (βραδὺ
665 3916 766 3992 γὰρ
821 3915 897 3977 εἷς
967 3915 1224 3969 ὑπόνοιαν
1273 3919 1442 3970 κακοῦ
1489 3916 1552 3968 τὸ
1600 3917 1737 3990 πρὸς
1803 3936 1897 3968 κα-

226 4006 350 4061 κίαν
419 4003 782 4078 δυσκίνητον·)
841 4004 965 4078 ἐμοὶ
1039 4002 1095 4060 δὲ
1159 4005 1249 4059 καὶ
1305 4002 1553 4078 δεύτερον
1612 4003 1748 4078 πρὸς
1807 4005 1896 4058 τὸν

229 4090 342 4149 εἴτε
371 4095 460 4149 σὸν
497 4091 602 4150 εἷ’τε
631 4093 720 4149 καὶ
753 4093 882 4168 ἐμὸν
921 4094 1052 4149 λαὸν
1098 4098 1290 4149 τοῦτον
1347 4095 1556 4171 βραχέα
1605 4091 1895 4170 διαλεγθῆ-

228 4204 340 4240 ναι.

2014 3381 2274 3453 accipere
2306 3383 2628 3450 videamur,
2661 3383 2891 3437 tametsi
2927 3382 3220 3456 spirituali
3253 3383 3531 3455 accipere,
3558 3399 3673 3455 pra

2015 3471 2182 3526 nobis
2222 3472 2496 3527 feramus.
2526 3471 3019 3543 Quandoquidem
3064 3472 3384 3527 multorum
3419 3473 3556 3528 vitio
3591 3472 3675 3528 fa-

2013 3565 2170 3614 ctum
2203 3564 2310 3628 est,
2329 3565 2390 3613 ut
2422 3560 2541 3614 haec
2564 3561 2841 3632 dignitas,
2865 3561 3062 3632 ampla
3094 3567 3150 3616 et
3181 3562 3356 3632 regia,
3382 3562 3670 3616 mirifica-

2013 3667 2125 3722 que
2179 3651 2491 3721 cujusdam
2541 3650 2859 3722 voluptatis
2917 3651 3089 3723 plena
3146 3668 3275 3707 esse
3326 3651 3672 3722 judicetur:

2011 3739 2338 3810 quamlibet
2381 3739 2556 3794 etiam
2608 3739 2956 3810 angustiori,
2990 3756 3167 3811 quam
3203 3740 3278 3795 sit
3313 3740 3402 3794 hic
3451 3745 3673 3808 noster,

2009 3829 2169 3900 gregi
2197 3828 2490 3900 quispiam
2519 3829 2735 3899 praesit,
2766 3827 3020 3900 plusque
3054 3828 3460 3885 molestiarum
3491 3846 3674 3901 quam

2009 3916 2376 3989 voluptatum
2411 3917 2693 3972 efferenti.
2729 3920 2804 3972 Ac
2835 3917 2906 3972 de
2936 3922 3038 3972 tua
3065 3917 3305 3988 quidem
3336 3917 3457 3974 sive
3488 3917 3671 3974 animi

2009 4006 2410 4077 simplicitate,
2435 4005 2553 4061 sive
2587 4010 2829 4078 paterna
2877 4005 3208 4074 dilectione,
3230 4024 3346 4079 qua
3378 4007 3442 4062 fit
3473 4012 3535 4062 ut
3565 4023 3670 4062 nec

2007 4097 2132 4169 ipse
2163 4096 2481 4168 quidquam
2514 4101 2684 4168 turpe
2715 4095 3013 4162 admittas,
3049 4111 3154 4150 nec
3187 4096 3257 4152 de
3286 4095 3419 4151 aliis
3452 4100 3670 4152 temere

2007 4186 2327 4258 suspiceris
2351 4189 2480 4255 (nec
2509 4185 2666 4240 enim
2703 4185 2752 4240 is
2788 4185 2956 4242 facile
2977 4186 3047 4241 de
3076 4185 3188 4241 alio
3221 4185 3442 4241 malum
3475 4184 3671 4258 suspi-

227 4280 419 4347 catur,
445 4275 544 4347 qui
579 4293 696 4332 non
727 4275 897 4332 facile
929 4276 1002 4332 ad
1035 4275 1258 4331 malum
1290 4274 1655 4348 impellitur),
1681 4275 1800 4330 haec
1832 4275 1976 4331 mihi
2011 4276 2166 4331 dicta
2196 4275 2514 4331 sufﬁciant.
2542 4275 2819 4348 Sequitur
2841 4277 2988 4346 jam,
3017 4281 3083 4332 ut
3109 4275 3339 4331 brevem
3373 4275 3447 4332 ad
3476 4279 3646 4331 tuum

224 4365 320 4420 vel
351 4367 521 4421 etiam
558 4383 780 4430 meum,
814 4367 969 4421 hunc
995 4365 1285 4437 populum
1317 4366 1642 4421 orationem
1673 4365 1943 4421 habeam.

310 4457 381 4508 A'.
433 4454 898 4529 Τετυραννήμεθα,
979 4462 1025 4507 ὼ
1081 4451 1235 4531 φίλοι
1291 4452 1380 4507 καὶ
1440 4450 1700 4530 ἀδελφοί.
1764 4453 1899 4526 ὑμᾶς

2089 4455 2177 4511 IV.
2214 4455 2314 4511 Vis
2365 4455 2535 4511 nobis
2587 4455 2762 4512 allata
2809 4458 2919 4523 est,
2965 4455 3175 4510 fratres
3225 4459 3282 4511 et
3328 4453 3533 4522 amici;
3582 4468 3674 4510 ve-

230 4541 363 4617 γὰρ,
406 4539 572 4596 εἶκαὶ
622 4543 701 4616 μὴ
746 4542 889 4616 τότε,
933 4541 1079 4598 ἀλλά
1107 4546 1198 4599 νῦν
1233 4537 1642 4617 ἑπιῦοησόμεθα
1674 4561 1686 4573 ⁸
1751 4563 1907 4597 τετυ-

2019 4550 2200 4602 stram
2225 4545 2381 4601 enim
2415 4545 2616 4609 fidem,
2637 4544 2685 4600 si
2721 4561 2835 4600 non
2858 4561 2923 4600 eo
2956 4550 3240 4616 tempore,
3258 4561 3416 4600 nunc
3437 4542 3676 4614 quidem

308 4713 354 4750 ⁸⁸
385 4713 567 4772 Levit.
599 4731 724 4785 vm,
757 4716 812 4771 2.
891 4717 934 4752 σε
964 4715 1144 4772 Levit.
1174 4733 1229 4786 x,
1263 4716 1314 4771 1.
1392 4715 1434 4750 ⁹⁷
1463 4715 1644 4771 Exod.
1676 4731 1816 4784 xvn,
1851 4716 1939 4770 12.
2017 4714 2062 4749 ⁹⁸
2092 4713 2236 4770 Gen.
2264 4731 2442 4783 xxvn,
2471 4715 2560 4769 28.

302 4883 418 4965 (_45)
450 4886 595 4965 ’ᾼντι
624 4885 930 4965 νομοθξτου
959 4889 1049 4943 καὶ
1096 4891 1424 4965 στρατηγοῦ.
1460 4909 1483 4940 α
1518 4888 1622 4956 Qui
1657 4887 1894 4960 legisla-

226 4961 862 5050 ιοῗῑερξρτρρεξναιρνίε
892 4967 1093 5050 partes
1123 4961 1447 5050 eguerat,

299 5032 415 5108 (46)
447 5031 543 5108 Καὶ
576 5031 647 5108 τὸ
698 5033 792 5108 μὲν
842 5031 963 5108 γάρ.
1015 5036 1104 5108 Ita
1160 5031 1338 5108 Regg,
1372 5034 1522 5108 _bm_
1560 5037 1616 5088 et
1672 5031 1774 5088 hu.
1827 5033 1888 5086 In

299 5054 415 5118 (40)
447 5054 543 5086 nat
583 5054 647 5118 ’ΞΟ
697 5054 792 5160 ἵεν
842 5054 963 5108 γαρ.
1017 5054 1104 5090 Ita
1160 5054 1338 5120 Ithg;
1370 5054 1502 5116 .Dm

225 5102 404 5180 Celsi.
518 5109 624 5180 Του
657 5125 697 5176 μ
727 5125 754 5158 ν
782 5110 887 5180 γᾷρ
917 5109 1032 5164 τοῦ.
1068 5107 1242 5162 Deest
1272 5126 1336 5159 το
1366 5123 1426 5160 1n
1457 5105 1548 5160 ed.

321 5177 411 5248 47)
441 5176 558 5232 ⁹Ίν’.
592 5175 944 5248 Οῐί.,1,’“ίνά..

295 5176 411 5321 (47)
441 5176 558 5232 ⁹Ίν’.
592 5177 688 5233 Or.
725 5176 944 5248 1,’“ίνά..

230 5248 399 5370 “1:8”
473 5246 942 5322 Καταπολεμηῦῇ.
1000 5272 1029 5301 ‹‹
1085 5249 1464 5316 Vinceretur,
1526 5261 1890 5319 expugnare-

259 5334 346 5372 ur.
369 5340 399 5368 ›)

441 5393 617 5462 Aemi).
648 5391 927 5448 Nonnulli
958 5392 1211 5462 codices,
1242 5387 1392 5444 δοκεῖ
1425 5407 1540 5461 μοι.

317 5461 410 5536 50)
439 5460 678 5536 ξΗρεῖτο.
716 5487 742 5536 ιι
776 5465 1059 5536 Elegerat.
1092 5487 1120 5516 »

314 5531 408 5605 51)
441 5531 848 5608 ’Υποσςτηρίζειν
871 5531 1118 5608 ἵτοιμος.
1144 5534 1372 5605 Billius,
1399 5555 1426 5584 ‹‹
1450 5535 1509 5588 at
1535 5531 1679 5587 nihil
1705 5549 1892 5588 causa:

224 5603 910 5676 dico,‘quominusillud
942 5603 1202 5666 fulciam.
1231 5629 1259 5657 »

431 5674 526 5754 Tit;
562 5674 940 5754 ἰσχυρότερος.
974 5679 1113 5754 Reg.
1140 5698 1210 5754 _a,
1228 5676 1318 5732 καὶ
1350 5675 1429 5730 τό.

440 5747 834 5822 Ὑπεξίσῖταταιξ
867 5753 1007 5825 Reg.
1042 5747 1094 5822 av,
1136 5751 1423 5824 ἐξίσταται.

2001 4960 2085 5016 Ad
2120 4975 2306 5030 marg.

2078 4887 2190 4960 (54)
2253 4885 2736 4960 ’Δντικαθὲγζεσθαα
2799 4884 2937 4960 Reg.
3000 4886 3102 4957 hu,
3174 4882 3660 4940 ἀντικαθιστασθαι.

2377 4978 2425 5032 ρ.
2450 4959 2546 5032 καὶ
2576 4958 2907 5032 καθέζεσθαι.

2215 5024 2412 5108 Ὶῖζυχῆν
2447 5027 2698 5108 8t._Reg.
2849 5035 2905 5108 ut
2932 5033 3025 5108 QP.
3058 5028 3294 5108 1,,ψυχὴ
3327 5024 3403 5080 δέ.

2217 5098 2622 5189 Ϊ-ὸςοῖρχοξςκόν.υ
2641 5098 2814 5189 Cois}.
2850 5103 2899 5167 1,
2933 5098 3180 5189 ἀρχξκόν,

2075 5169 2188 5244 (57)
2221 5169 2500 5233 Πῶςὀὖδὲ
2529 5177 2692 5228 τοῦτο
2724 5169 2948 5232 ἔδεισας.
2970 5169 3138 5235 ἀὈιιί
3161 5172 3270 5228 hoc
3291 5171 3508 5228 veritus
3542 5187 3658 5227 non

2004 5247 2106 5312 sis,
2141 5261 2262 5300 ne»
2297 5251 2406 5300 etc.

2075 5311 2188 5388 (58)
2218 5319 2333 5368 Τῶν
2365 5320 2526 5389 νῦν...
2573 5319 2799 5389 καιρῶν.
2832 5315 3008 5389 Cois].
3044 5311 3205 5389 1,3?)
3234 5317 3396 5372 νῦν...
3430 5317 3625 5388 καιρῷ.

2075 5386 2186 5460 (59)
2221 5387 2542 5464 Στενοτέρας
2570 5386 2675 5448 τις..
2707 5389 2801 5442 Sic
2828 5388 2949 5464 _duo
2970 5386 3174 5464 _(_Jo_isl.,
3201 5403 3453 5458 quorum
3486 5386 3664 5456 unus,

2002 5458 2328 5534 στενωτέρας
2359 5458 2461 5521 τιςζ
2493 5466 2677 5534 Deest.
2709 5479 2792 5534 τις
2826 5458 2886 5534 in
2911 5458 3111 5534 editis.

2074 5529 2804 5609 (60)_'Ei'irs-_gpi}\015xviu<.
2862 5529 3187 5609 _Sicﬂioisl.
3337 5534 3395 5609 et
3569 5529 3666 5609 βία

2002 5597 2178 5692 etiam
2213 5604 2355 5676 legit
2388 5597 2617 5672 Bi'llius,
2642 5603 2910 5676 quamvis
2940 5602 3077 5660 edit.
3112 5603 3239 5658 Par.
3264 5603 3476 5659 habeat
3505 5597 3662 5683 φιλο-

1997 5693 2238 5752 τεχνιας.
