4070 6438
290 420 409 481 849
1442 416 1738 475 ORATIO
1786 417 1907 474 Xll.

2025 448 2029 458 -
2057 416 2164 474 AD
2212 414 2556 475 PATREM.
3603 411 3725 476 850

288 551 489 617 νεσθαι,
547 546 704 622 ψυχῇ
765 544 823 601 δὲ
882 543 1178 623 ἀσφάλειαν
1239 548 1353 617 (70)
1408 550 1486 616 τῷ
1544 544 1848 621 μετριάζειν
1900 546 1907 599 ἑ

2025 593 2037 613 ι
2068 546 2237 613 cibis,
2272 563 2399 601 eam
2434 546 2840 615 admittamus,
2879 546 2970 601 cui
3005 561 3174 616 pares
3224 562 3351 601 esse
3381 562 3722 618 possumus,

289 636 645 716 ἀμφοτέροις.
680 637 778 690 Διὰ
807 640 968 690 τοῦτο
1016 639 1105 688 νῦν
1148 634 1240 707 μὶν
1278 631 1513 709 δέχομαι
1553 639 1632 704 τῷ
1660 632 1815 705 καλῷ
1844 656 1907 688 πο

2065 651 2193 689 eam
2228 640 2442 701 autem,
2480 651 2606 705 quae
2642 637 2793 688 vires
2850 637 3084 688 nostras
3142 638 3400 705 superat,
3453 635 3720 706 repudie-

288 729 375 801 τρὶ
408 723 783 803 ’συνδιαφέρειν
835 726 932 792 τὴν
977 721 1315 795 ἐπιμέλειαν,
1368 722 1548 799 ὥσπερ
1598 724 1736 794 ἀετῴ
1788 745 1907 797 μεγε

2066 740 2218 778 mus.
2257 724 2351 778 Sic
2382 724 2539 778 enim
2592 724 2739 779 πει
2780 723 2922 788 fore,
2988 728 3051 777 ut
3080 726 3138 777 et
3194 722 3423 793 corpori
3473 723 3719 790 sanitas,

291 818 375 891 λῳ
403 814 494 871 καί
527 814 759 889 ὑψιπέτη
812 816 925 888 (71)
959 813 1174 875 νεοσσὸς
1225 813 1322 867 οὐκ
1374 810 1651 889 ἄχρηστος
1703 816 1812 885 (72)
1858 812 1907 886 ἐγ

2060 817 2117 866 et
2149 812 2356 865 animas
2388 810 2790 881 tranquillitas
2821 816 3069 876 constet,
3107 810 3154 864 si
3211 809 3269 864 in
3302 810 3568 879 utrisque
3598 828 3718 866 me-

286 906 441 982 γύθεν
497 901 1018 980 συμπαριπτάμενος
1051 921 1064 934 ·
1130 904 1263 974 μετὰ
1316 900 1372 956 δὲ
1432 906 1593 956 τοῦτο
1654 898 1813 955 δώσω
1872 922 1907 954 τι

2060 902 2339 956 diocritas
2375 905 2666 955 teneatur.
2706 907 2783 954 Ac
2837 899 3079 971 proinde
3113 916 3270 954 nunc
3316 898 3553 970 quidem
3585 917 3717 955 cum

288 994 560 1068 Πνεύματι
591 994 691 1062 τὴν
740 991 875 1066 ἐμὴν
928 990 1171 1066 πτέρυγα
1220 992 1396 1066 φέρειν
1530 987 1808 1065 βούλεται,
1856 1010 1907 1043 κε

2059 990 2333 1061 praeclaro
2356 995 2597 1059 parente
2620 1007 2821 1044 curam
2848 989 2999 1043 hanc
3023 988 3324 1059 suscipere
3347 1005 3463 1043 non
3488 1004 3715 1053 recuso,

286 1085 361 1145 ὡς
398 1082 691 1157 βούλεται·
743 1082 835 1136 καί
885 1078 1065 1142 οὐδεὶς
1097 1082 1124 1134 ὁ
1181 1079 1522 1155 βιασόμενος,
1557 1076 1685 1133 οὐδὲ
1728 1078 1907 1149 ἀπάξω

2053 1078 2211 1133 velut
2241 1094 2465 1150 magnae
2497 1078 2704 1147 aquilae
2738 1083 2795 1133 et
2826 1077 3115 1133 altissime
3135 1077 3350 1132 volanti
3373 1077 3572 1149 pullus
3595 1096 3713 1133 non

284 1173 527 1247 ἑτέρωθι,
595 1170 730 1245 μετά⁴
779 1168 976 1224 τούτου
1028 1166 1431 1244 βουλευόμενον
1469 1213 1479 1223 .
1514 1165 1643 1223 Ἡδὺ
1699 1169 1792 1240 μὲν
1841 1167 1907 1243 γά

2054 1167 2286 1222 inutilis
2318 1185 2348 1222 e
2380 1168 2710 1239 propinquo
2733 1167 3033 1222 advolans.
3060 1167 3266 1222 Postea
3296 1184 3428 1223 vero
3460 1184 3711 1239 pennam

275 1261 479 1336 πατρὸς
526 1258 687 1314 πόνοι
736 1256 1277 1333 κληρονομούμενοι,
1328 1256 1512 1310 καὶτὸ
1558 1257 1907 1331 συνηθέστερο

2054 1273 2247 1312 meam
2279 1256 2541 1329 Spiritui,
2578 1274 2692 1328 quo
2742 1255 2916 1323 volet,
2947 1260 3004 1310 et
3048 1273 3278 1328 quoquo
3327 1258 3501 1312 modo
3530 1257 3703 1324 volet,

275 1349 536 1422 ποίμνιον
568 1352 667 1402 τοῦ
718 1346 866 1417 ξένου
916 1346 1006 1401 καὶ
1062 1344 1382 1420 ἀλλοτρίου·
1432 1345 1721 1419 προσθείην
1766 1342 1810 1398 δ’
1860 1344 1907 1398 ἂι

2050 1347 2350 1401 ferendam
2383 1347 2534 1401 dabo
2561 1364 2572 1401 :
2600 1363 2704 1401 nec
2732 1346 3044 1417 quisquam
3067 1346 3195 1412 erit,
3221 1345 3321 1416 qui
3353 1362 3447 1401 me
3478 1362 3704 1419 cogere,

276 1438 361 1493 ὅτι
393 1438 481 1491 καὶ
514 1442 630 1508 Θεῷ
658 1436 1014 1511 τιμιώτερον,
1048 1434 1093 1489 εἷ
1146 1436 1219 1507 μή
1277 1454 1345 1506 με
1375 1434 1552 1503 ἀπατᾷ
1593 1434 1654 1487 τὸ
1686 1432 1907 1510 φίλτρον

2049 1440 2150 1490 aut
2179 1435 2457 1491 aliorsum
2496 1438 2799 1491 traducere
2845 1435 3051 1506 possit,
3083 1451 3217 1490 cum
3248 1451 3316 1490 eo
3361 1435 3701 1492 consultan-

273 1526 364 1581 καὶ
394 1524 617 1581 κλέπτει
666 1526 764 1593 τήν
815 1523 1064 1594 αἶ’σθησιν
1116 1525 1150 1593 ἡ
1204 1524 1477 1592 συνήθεια⁶
1523 1518 1676 1576 οῧπω
1728 1520 1783 1576 δὲ
1825 1525 1907 1596 (73

2050 1529 2185 1580 tam.
2218 1525 2364 1579 Nam
2398 1524 2505 1580 etsi
2538 1528 2798 1597 paternis
2843 1524 3145 1579 laboribus
3193 1525 3504 1581 succedere
3533 1525 3702 1581 dulce

273 1615 697 1691 χρησιμώτερον
774 1617 870 1668 τοῦ
931 1612 1147 1673 ἑκόντας
1217 1610 1450 1665 ἑκόντων
1511 1612 1700 1686 ἄρχειν
1735 1656 1748 1680 ,
1810 1609 1905 1665 οὐδ

2044 1615 2141 1684 sit,
2176 1631 2239 1669 ac
2274 1620 2409 1669 noto
2442 1620 2495 1670 et
2542 1614 2815 1669 familiari
2849 1614 3011 1687 gregi
3064 1630 3314 1685 praeesse
3354 1615 3700 1685 jucundius,

270 1702 692 1782 ἀσφαλέστερον
724 1701 911 1771 ἐπειδὴ
949 1702 1023 1774 μὴ
1076 1701 1212 1776 πρὸς
1258 1698 1377 1775 βίαν
1427 1696 1571 1773 ἄγειν
1602 1703 1703 1753 τοῦ
1734 1699 1905 1771 ἡμετέ

2041 1720 2221 1775 quam
2253 1708 2491 1759 externo
2523 1710 2580 1758 et
2610 1703 2823 1771 alieno;
2858 1705 3073 1758 addam
3103 1703 3281 1759 etiam
3309 1708 3418 1759 Deo
3441 1704 3700 1775 charius,

268 1815 368 1868 ρου
424 1793 595 1865 νόμου
652 1794 788 1866 (74),
840 1789 982 1865 μηδὶ
1031 1792 1398 1866 ἀναγκαστῶς,
1451 1788 1577 1844 ἀλλ’
1623 1788 1881 1847 ἑκουσίως

2042 1794 2155 1848 nisi
2191 1810 2283 1849 me
2317 1792 2467 1849 fallit
2496 1799 2746 1861 amor,et
2770 1810 3012 1850 sensum
3039 1794 3286 1865 surripit
3311 1796 3703 1851 consuetudo;

265 1888 439 1938 Teii-ro
476 1884 570 1956 μὶν
602 1882 705 1957 γὰρ
738 1883 850 1953 (75)
883 1878 998 1935 οὐδ’
1029 1880 1088 1934 ἂν
1144 1878 1322 1948 ἄλλην
1372 1879 1550 1953 ἀρχὴν
1595 1880 1902 1949 συστήσειεν

2042 1899 2155 1937 non
2188 1887 2383 1938 tamen
2417 1882 2850 1937 conducibilius
2880 1886 2988 1948 est,
3024 1897 3131 1936 nec
3180 1886 3240 1936 tu
3258 1883 3396 1949 tius,
3432 1900 3609 1953 quam
3642 1888 3705 1938 ut

265 1970 457 2041 ἐπειδὴ
510 1970 662 2048 φιλεῖ
706 1970 769 2024 τὸ
822 1970 912 2047 βίᾳ
954 1969 1327 2044 κρατούμενον
1386 1966 1775 2043 ἐλευθεριάζειν
1828 1988 1907 2021 ποι

2039 1972 2298 2027 volentes
2348 1972 2681 2027 volentibus
2731 1971 2993 2042 praesint.
3025 1971 3509 2044 Quandoquidem
3553 1971 3702 2045 legis

261 2062 323 2116 τὶ
356 2062 468 2133 (76)
500 2063 692 2132 καιροῦ
741 2052 1070 2130 λαϐόμενον·
1104 2059 1204 2125 τήν
1263 2054 1320 2111 δὲ
1372 2056 1641 2131 ἡμετέραν
1699 2057 1798 2110 οὐκ
1828 2058 1907 2132 ἀρ·

2040 2067 2248 2115 nostrae
2281 2080 2395 2116 non
2420 2067 2528 2128 est,
2561 2061 2613 2115 vi
2649 2066 2705 2115 et
2734 2065 2952 2127 coacte,
2986 2061 3084 2115 sed
3120 2065 3328 2133 sponte
3360 2060 3696 2131 gubernari,

263 2151 397 2226 χὴν,
456 2148 603 2204 ἀλλά
655 2146 1057 2222 παιδαγωγίαν,
1116 2147 1207 2201 καὶ
1266 2146 1480 2200 πάντων
1528 2148 1638 2219 (77)
1690 2144 1907 2219 μάλιστι

2038 2154 2155 2205 Hoc
2177 2151 2333 2205 enim
2368 2168 2438 2205 ne
2466 2150 2623 2205 aliud
2648 2150 2885 2220 quidem
2908 2149 3222 2220 imperium
3244 2151 3541 2205 continere
3558 2168 3691 2221 pos-

262 2244 523 2313 συντηρεῖ
545 2237 606 2292 τὸ
638 2236 907 2293 ἑκούσιον.
954 2234 1321 2309 Βουλομένων
1372 2237 1499 2311 γὰρ,
1532 2235 1593 2289 οὐ
1632 2256 1907 2311 τυραννου-

2037 2240 2131 2302 sit,
2166 2241 2644 2312 quandoquidem
2679 2240 2837 2311 quod
2870 2239 2921 2293 vi
2953 2239 3402 2310 cogitur,oblata
3430 2240 3685 2294 occasio-

267 2327 468 2402 μενων,
500 2328 562 2382 τὸ
587 2334 688 2396 τῆς
722 2320 991 2386 εὐσεϐείας
1024 2327 1137 2398 (78)
1172 2328 1494 2400 μυστήριον.

2035 2345 2124 2395 ne,
2150 2330 2220 2384 ad
2245 2329 2576 2384 libertatem
2601 2329 2790 2383 redire
2812 2328 3359 2394 consuevit,nedum
3387 2334 3683 2395 nostrum,

266 2436 387 2473 non
414 2418 605 2472 dicam
638 2416 975 2488 imperium,
1010 2417 1110 2471 sed
1146 2416 1575 2488 magisterium,
1611 2416 1766 2486 quod
1797 2415 1962 2472 nulla
1991 2433 2053 2473 re
2098 2434 2260 2489 aeque
2291 2435 2356 2473 ac
2393 2417 2713 2474 voluntatis
2764 2418 3029 2472 libertate
3058 2421 3457 2473 conservatur.
3490 2417 3691 2473 Volen-

264 2507 416 2561 tium
449 2505 629 2567 enim,
662 2522 776 2560 non
808 2508 1163 2571 coactorum,
1199 2504 1433 2575 pietatis
1466 2510 1900 2559 sacramentum
1933 2511 2041 2562 est.

332 2594 393 2662 ζ’.
427 2591 593 2655 Οὗτος
625 2593 652 2646 ὁ
686 2598 809 2668 παρ’
840 2592 974 2665 ἐμοῦ
1011 2591 1175 2666 λόγος
1209 2592 1359 2664 ὑμῖν,
1393 2592 1438 2645 ὦ
1469 2590 1677 2667 ἄνδρες,
1725 2590 1917 2654 ἁπλῶς

247 2704 311 2738 τε
343 2685 453 2757 (79)
485 2682 574 2736 καὶ
631 2681 764 2755 μετά
811 2682 988 2751 πάσης
1040 2680 1246 2742 εὐνοίας
1298 2680 1610 2754 εἰρημένος,
1659 2681 1747 2735 καὶ
1790 2686 1916 2735 τοῦ-

250 2794 316 2826 το
346 2773 407 2827 τὸ
436 2779 539 2841 τῆς
573 2771 710 2845 ἐμῆς
750 2769 987 2832 διανοίας
1042 2772 1364 2846 μυστήριον.
1408 2771 1594 2843 Νικώῃ
1627 2767 1682 2824 δὲ
1714 2769 1744 2824 ὅ
1771 2793 1822 2825 τι
1857 2771 1913 2825 ἂν

253 2861 346 2914 καὶ
380 2861 505 2932 ὑμῖν
559 2860 649 2915 καὶ
693 2862 827 2933 ἡμῖν
883 2858 1062 2932 μέλλῃ
1111 2859 1396 2930 συνοίσειν,
1449 2864 1547 2913 τοῦ
1604 2859 1917 2931 Πνεύματος

261 2947 494 3022 ἄγοντος
538 2948 607 3002 τὰ
653 2948 895 3023 ἡμέτερα
948 2945 1135 3020 (πάλιν
1189 2947 1292 3021 γὰρ
1340 2949 1414 3008 εἰς
1463 2946 1653 3002 ταυτὸν
1687 2950 1713 3002 ὁ
1748 2948 1916 3023 λόγος

264 3036 553 3113 ἀνέρχεται
587 3038 747 3110 [80]),
780 3038 825 3108 ᾧ
879 3033 1189 3108 δεδώκαμεν
1236 3038 1385 3108 ἡμᾶς
1437 3036 1652 3109 αὐτοὺς,
1685 3039 1773 3092 καὶ
1820 3040 1917 3108 τὴν

260 3128 576 3202 χρισθεῖσαν
608 3124 851 3203 κεφαλὴν
882 3129 961 3196 τῷ
991 3123 1162 3197 ἐλαίῳ
1207 3128 1306 3193 τῆς
1352 3124 1689 3189 τελειώσεως
1729 3127 1778 3182 ἐν
1814 3134 1917 3182 Πα-

253 3215 347 3291 τρὶ
396 3213 815 3290 παντοκράτορι,
867 3213 956 3267 καὶ
1004 3218 1081 3285 τῷ
1130 3220 1414 3289 μονογενεῖ
1462 3215 1646 3289 Λόγῳ,
1696 3216 1785 3271 καὶ
1837 3222 1917 3289 τῷ

255 3304 398 3380 ἁγίῳ
428 3303 698 3377 [Ινεῦματι
749 3302 838 3357 καὶ
871 3307 1006 3374 Θεῷ.
1040 3299 1220 3378 Μέχρι
1270 3309 1371 3378 γάρ
1420 3304 1565 3365 τίνος
1606 3310 1685 3376 τῷ
1737 3304 1914 3379 μοδίῳ

246 3395 345 3449 τὸν
379 3391 585 3469 λύχνον
624 3390 1072 3468 περικαλύψομεν
1104 3394 1235 3465 (81),
1269 3393 1358 3447 καὶ
1410 3396 1748 3470 φθονήσομεν
1798 3402 1913 3457 τοῖς

249 3482 452 3545 ἄλλοις
481 3490 582 3553 τῆς
620 3480 835 3543 τελείας
878 3482 1180 3553 θειότητος,
1229 3479 1348 3536 δὲον
1398 3482 1483 3536 ἐπὶ
1530 3484 1630 3551 τὴν
1684 3482 1909 3559 λυχνίαν

244 3569 362 3642 ἤδη
395 3572 602 3627 τιθέναι
648 3570 739 3625 καὶ
787 3570 1022 3642 λάμπειν
1072 3572 1270 3632 πάσαις
1324 3570 1669 3636 Ἐκκλησίάις
1719 3594 1777 3626 τε
1822 3574 1911 3628 καὶ

246 3666 483 3737 ψυχαῖς,
514 3660 602 3716 καὶ
633 3660 789 3715 παντὶ
819 3665 899 3732 τῷ
945 3664 1042 3729 τῆς
1099 3661 1429 3733 οἰκουμένης
1462 3664 1574 3735 (82)
1606 3661 1912 3737 πληρώμα-

244 3773 324 3824 τι,
387 3751 583 3824 μηκὲτι
635 3748 1022 3823 εἰκαζόμενον,
1079 3747 1220 3823 μηδὲ
1266 3752 1335 3820 τῇ
1390 3747 1600 3822 διανοίᾳ
1654 3772 1909 3826 σκιαγρα-

245 3839 543 3919 φούμενον,
599 3837 747 3894 ἀλλὰ
794 3839 884 3893 καὶ
926 3842 1173 3917 φανερῶς
1222 3837 1625 3911 ἐκλαλούμενον
1667 3858 1679 3907 ;
1732 3844 1907 3915 "ll-nep

246 3928 319 3999 δὴ
368 3928 675 3999 τελεωτάτη
724 3935 825 3997 τῆς
877 3927 1162 4002 θεολογίας
1215 3925 1485 3997 ἀπόδειξις
1535 3933 1653 3990 τοῖς
1705 3930 1907 3999 ταύτης

247 4020 580 4091 ἠξιωμένοις
626 4020 723 4086 τῆς
770 4016 997 4092 χάριτος
1047 4016 1097 4071 ἐν
1145 4015 1291 4088 αὐτῷ
1340 4022 1554 4091 Χριστῷ
1604 4023 1779 4087 Ἰησοῦ
1825 4024 1905 4091 τῷ

250 4107 439 4183 Κυρίῳ
468 4110 655 4180 ἡμῶν,
687 4107 732 4179 ᾦ
762 4109 796 4175 ἡ
830 4104 977 4179 δόξα,
1003 4106 1168 4179 τιμὴ,
1189 4104 1386 4179 κράτος
1419 4106 1495 4168 εἷς
1524 4105 1653 4169 τοὺς
1686 4107 1901 4170 αἰῶνας.

246 4198 451 4273 Ἀμήν.

318 4398 427 4475 (7Q)
472 4394 837 4475 Ἀσφάλιιαν,
880 4397 1020 4468 Reg.
1084 4413 1137 4452 a.
1172 4401 1292 4453 tres
1350 4396 1511 4454 Colb.
1560 4402 1617 4454 et
1646 4399 1819 4457 Coisl.
1848 4404 1901 4471 1,

245 4466 532 4535 ἀσῴάλεια,
568 4466 596 4518 (ἱ
628 4469 935 4524 securitas.
970 4466 999 4517 ἦ

463 4538 739 4621 Tibi-istm.
776 4539 915 4610 Reg.
944 4541 1071 4621 get:
1101 4538 1196 4596 Or.
1228 4540 1282 4605 2,
1317 4538 1583 4621 ὑψιπετεῖ.

338 4608 433 4676 72)
466 4608 579 4666 Οὖκ
609 4608 908 4678 ἄχρηστος.
944 4610 1174 4676 Billius,
1207 4627 1323 4665 non
1356 4608 1786 4667 incommodus.
1819 4635 1841 4663 ι

320 4628 433 4682 (1'4)
466 4628 579 4666 υοκ
609 4631 641 4663 α
722 4629 908 4678 ηστος.
944 4628 1174 4676 minus,
1207 4628 1323 4665 non
1356 4628 1786 4667 incommoaus.
1819 4635 1841 4663 ι

316 4684 433 4757 (73)
452 4679 621 4765 ρῦπω
644 4628 731 4748 ﬁ,
758 4688 869 4737 etc.
892 4704 920 4733 ‹‹
950 4682 1075 4765 Non
1108 4687 1302 4765 tamen
1334 4682 1763 4738 couducibilius
1788 4686 1895 4750 est,

247 4755 582 4813 volentibus
614 4770 882 4826 praeisse,
916 4770 1023 4826 nec
1053 4755 1318 4826 tutius.__p

456 4830 562 4900 Τοῦ
585 4899 591 4900 7
616 4823 897 4900 ἢμετέρου
929 4823 1124 4897 νόμου.
1185 4824 1413 4894 Billius,
1467 4847 1495 4874 «
1526 4824 1821 4880 neminem
1852 4824 1905 4877 vi

259 4899 395 4954 duci
425 4898 551 4954 vult
580 4898 674 4955 lex
701 4902 923 4965 nostra,
957 4900 1268 4967 coacteque
1317 4912 1383 4951 ac
1416 4912 1529 4951 non
1562 4902 1769 4966 sponte
1798 4912 1906 4967 gu-

244 4970 502 5027 bernari.
536 4992 565 5019 »
594 4970 819 5027 Alludit
862 4968 1177 5040 Gregorius
1208 4971 1280 5024 ad
1312 4968 1432 5024 haec
1482 4968 1661 5040 verba
1689 4970 1709 5022 l
1742 4968 1895 5040 Petr.

245 5060 299 5117 ν,
324 5046 379 5117 2,,
416 5042 696 5112 «Pascite,
731 5042 831 5114 qui
862 5041 921 5094 in
960 5039 1127 5117 vehis
1156 5044 1267 5108 est,
1301 5056 1536 5113 gregem
1571 5039 1689 5109 Dei,
1715 5039 1899 5111 provi-

246 5112 450 5170 dentes
480 5132 595 5170 non
628 5112 847 5181 coaéte,
882 5112 981 5166 sed
1007 5117 1348 5182 spontanee.
1386 5134 1413 5161 ››

312 5186 426 5259 (75)
456 5190 625 5240 Τοῦτο
664 5187 757 5259 μὶν
794 5183 919 5259 γάρ,
951 5189 1061 5259 etc.
1097 5184 1319 5259 Billius,
1355 5205 1386 5259 (ς
1408 5184 1517 5237 hoc
1546 5182 1700 5237 enim
1728 5182 1899 5259 modo

245 5252 326 5313 ne
345 5252 461 5313 alia
518 5252 757 5330 quidem
807 5252 1065 5327 imperia
1106 5255 1390 5310 contineri
1448 5272 1513 5309 ac
1547 5252 1901 5330 conservari

248 5325 702 5406 possun_t,g_quod
727 5330 812 5385 ita
842 5325 1054 5406 natura
1084 5331 1486 5406 comparatum
1512 5325 1608 5406 sit,
1638 5330 1703 5379 ut
1730 5325 1899 5406 quid-

252 5396 391 5468 quid
421 5399 479 5453 vi
512 5396 764 5469 tenetur,
799 5404 1033 5471 arrepta
1072 5396 1375 5454 occasione
1424 5397 1624 5453 statim
1658 5396 1798 5451 sein
1832 5396 1900 5449 li-

251 5471 533 5526 bertatem
567 5477 812 5527 asserat.
850 5492 877 5519 ››

322 5542 437 5612 (76)
470 5540 635 5597 ΙΙοτέ.
665 5544 758 5599 Sic
788 5540 962 5596 Coisl.
996 5542 1046 5597 1.
1082 5544 1254 5612 Deest
1278 5541 1337 5612 in
1369 5539 1564 5612 editis.

327 5610 436 5677 (77)
470 5613 569 5666 Καὶ
603 5613 840 5681 πάντων.
873 5612 1049 5668 Cois].
1083 5614 1137 5681 4,
1168 5611 1197 5665 ὅ
1223 5610 1311 5665 καὶ
1344 5610 1581 5665 πάντων.

324 5684 439 5755 (78)
470 5679 777 5745 Εὐσεϐείας.
812 5688 988 5755 Regg.
1023 5702 1077 5750 a,
1110 5679 1211 5752 hu,
1247 5687 1498 5755 quatuor
1543 5681 1699 5755 Colb.
1734 5680 1900 5736 Coisl.

255 5758 283 5815 1
314 5754 374 5815 et
394 5758 451 5829 2,
484 5756 581 5815 Or.
612 5760 665 5827 1,
696 5754 997 5831 σωτηρίας,
1033 5777 1064 5807 ‹‹
1090 5754 1301 5813 salutis
1331 5754 1698 5826 mysterium.
1735 5775 1765 5803 »

2099 2596 2191 2650 VI.
2232 2598 2354 2651 Haec
2414 2597 2613 2662 habui,
2648 2597 2755 2651 viri
2815 2596 3183 2661 Nazianzeni,
3240 2612 3366 2667 quae
3425 2596 3681 2666 simplici

2029 2686 2226 2740 animo
2261 2686 2791 2756 benevolentiaeque
2822 2684 2993 2756 pleno
3024 2685 3097 2739 ad
3130 2701 3233 2741 vos
3264 2684 3517 2739 dicerem
3546 2703 3557 2751 ;
3592 2690 3681 2740 at-

2030 2791 2141 2847 que
2172 2774 2281 2830 hoc
2311 2780 2394 2829 est
2430 2774 2610 2830 animi
2640 2774 2754 2830 mei
2785 2790 3085 2829 arcanum.
3115 2773 3329 2829 Vincat
3359 2777 3553 2828 autem
3585 2792 3682 2829 ve-

2027 2864 2152 2930 lim,
2187 2865 2342 2935 quod
2377 2864 2539 2919 vobis
2573 2863 2840 2934 mihique
2889 2864 3264 2935 profuturum
3312 2868 3422 2932 est,
3455 2863 3681 2934 Spiritu

2028 2953 2309 3007 nimirum
2336 2970 2428 3008 res
2451 2957 2683 3008 nostras
2708 2953 3046 3007 moderante
3067 2950 3227 3022 (nam
3251 2952 3455 3006 eodem
3474 2968 3682 3007 rursus

2028 3043 2293 3097 ascendit
2317 3043 2544 3113 oratio),
2596 3042 2690 3098 cui
2741 3057 2847 3096 nos
2897 3042 3057 3112 ipsos
3090 3041 3243 3095 dono
3300 3040 3593 3111 dedimus,
3627 3044 3685 3095 et

2028 3135 2204 3201 caput
2232 3148 2409 3186 sacrae
2468 3131 2818 3186 initiationis
2875 3130 3001 3185 oleo
3042 3129 3455 3200 perfusum,in
3516 3130 3682 3185 Patre

2029 3221 2449 3291 omnipotente,
2483 3226 2541 3274 et
2570 3220 2713 3276 Filio
2763 3220 3086 3291 unigenito,
3118 3223 3177 3274 et
3223 3218 3442 3290 Spiritu
3475 3224 3681 3274 sancto

2028 3326 2095 3364 ac
2127 3310 2263 3365 Deo.
2298 3311 2613 3380 Quousque
2641 3310 2800 3365 enim
2834 3309 3131 3364 lucernam
3180 3307 3374 3363 modio
3407 3313 3679 3380 contege-

2026 3416 2254 3465 mus,ac
2287 3398 2520 3471 plenam
2546 3400 2927 3470 numerisque
2957 3397 3289 3453 absolutam
3311 3396 3676 3452 divinitatem

2024 3488 2155 3542 aliis
2182 3489 2879 3558 invidebimus,cumjam
2904 3504 3084 3559 supra
3113 3484 3530 3541 candelabrum
3556 3485 3677 3540 col-

2022 3576 2269 3632 locanda
2300 3578 2397 3642 sit,
2436 3582 2497 3631 ut
2545 3577 2773 3631 cunctis
2801 3576 2897 3630 ille
2948 3575 3221 3630 Ecclesiis
3253 3578 3311 3628 et
3338 3574 3575 3642 animis,
3609 3592 3676 3629 ac

2020 3666 2272 3736 denique
2296 3666 2565 3719 universo
2589 3665 2711 3719 orbi
2738 3663 3073 3729 luceat,non
3099 3663 3221 3732 jam
3249 3662 3505 3733 imagine
3527 3679 3673 3734 qua-

2020 3755 2154 3809 dam
2191 3758 2447 3819 notatus,
2475 3770 2539 3807 ac
2572 3752 2923 3825 cogitatione
2957 3751 3472 3818 adumbratas,sed
3499 3750 3675 3823 plane

2022 3848 2333 3914 aperteque
2366 3841 2756 3914 praedicatus?
2807 3841 2969 3903 Quod
3025 3840 3260 3910 quidem
3313 3840 3671 3912 perfectissi-

2019 3948 2182 3986 mum
2215 3930 2518 4002 theologiee
2552 3934 2964 4001 argumentum
2990 3933 3100 3994 est,
3129 3930 3283 4000 apud
3308 3945 3406 3984 eos
3439 3928 3670 4001 utique,

2017 4022 2116 4091 qui
2145 4020 2295 4076 hanc
2327 4018 2577 4091 gratiam
2612 4017 2910 4073 consecuti
2940 4022 3081 4073 sunt
3109 4017 3168 4071 in
3198 4017 3401 4073 eodem
3436 4017 3669 4074 Christo

2013 4110 2147 4164 Jesu
2182 4109 2430 4164 Domino
2462 4106 2783 4177 nostro,cui
2808 4105 3015 4178 gloria,
3049 4106 3236 4162 honor
3266 4109 3323 4163 et
3352 4106 3668 4178 imperium

2014 4198 2073 4252 in
2103 4196 2315 4254 saecula
2346 4196 2717 4253 saeculorum.
2751 4200 2960 4251 Amen.

2102 4394 2195 4459 79)
2228 4389 2471 4452 Ἀπλῶς.
2503 4391 2675 4447 Coisl.
2708 4394 2758 4459 1,
2792 4387 3025 4451 ἁπλοῦς.

2102 4396 2195 4459 79)
2228 4396 2471 4452 Ἀπλῶς.
2503 4396 2675 4447 Cois].
2708 4396 2758 4459 1,
2792 4396 3025 4451 ἁπλοῦς.

2083 4396 2193 4536 E80)
2228 4464 2564 4538 ’Δνὲρχεται.
2599 4464 2772 4519 Coisl.
2809 4461 3269 4538 1,}1tavspxswi.

2228 4530 2704 4609 ιιερίκᾶλόψομεν,
2737 4530 2855 4591 (διε).⁷
2877 4536 3016 4608 Reg.
3050 4530 3171 4606 bii),
3202 4530 3662 4609 περικαλύψωμιν

2083 4539 2196 4660 ξδέἐ

2009 4609 2097 4663 καὶ
2129 4608 2514 4697 φθονήσωμεν.

2088 4681 2192 4697 mm
2224 4683 2298 4697 νη-

2082 4674 2195 4752 (8?)
2224 4674 2331 4745 Τῆς
2365 4674 2715 4752 οἰκουμένης.
2772 4676 2944 4752 Coisl.
3000 4678 3033 4752 ξ
3093 4677 3269 4752 addit‘
3296 4674 3662 4752 _’Exx7\_'qair_1c,

2024 4775 2043 4801 ι
2083 4747 2351 4805 universo
2384 4748 2649 4805 Ecclesiae
2682 4748 2875 4802 ccetui.
2911 4770 2938 4796 ››
2990 4749 3124 4811 Quae
3173 4747 3406 4818 quidem
3437 4747 3662 4802 theolo-

2058 4824 2145 4887 im,
2174 4822 2408 4877 deitatis
2440 4820 2721 4874 nimirum
2754 4818 3026 4873 doctrinae
3058 4836 3123 4873 ac
3154 4818 3456 4883 trinitatis,
3489 4820 3659 4873 abso-

2042 4887 2318 4950 utissima
2349 4892 2630 4965 professio
2680 4894 2787 4946 est.
2822 4891 2992 4962 Apud
3042 4892 3293 4965 Graecos,
3318 4892 3445 4965 ecta
3472 4887 3657 4962 λόγια,

2010 4989 2038 5017 ‹‹
2062 4984 2229 5022 sacra
2252 4960 2572 5039 scriptura,
2607 4985 2633 5014 ››
2687 4960 3066 5039 nuncupatur
3117 4984 3145 5013 «
3178 4960 3505 5039 theologia);
3544 4960 3661 5039 set

2012 5062 2039 5088 ‹‹
2070 5038 2323 5107 theologi
2354 5032 2704 5107 n'dicuntur,
2740 5034 2840 5106 qui
2866 5032 3009 5107 huic
3039 5032 3399 5107 incumbunt
3434 5032 3657 5107 studio,

2010 5126 2219 5181 nempe
2250 5104 2347 5178 qui
2400 5108 2489 5162 vel
2522 5106 2737 5178 scripto
2758 5104 2879 5161 “vel
2941 5120 3209 5181 sermone
3271 5126 3298 5153 ‹‹
3331 5104 3658 5181 divinitatis

2011 5177 2336 5237 doctrinam
2368 5202 2395 5229 »
2428 5177 2881 5251 prosequuntur.
2937 5178 3082 5234 Hinc
3129 5177 3463 5251 Gregorius,
3497 5177 3659 5251 solus

2011 5272 2078 5309 ex
2129 5247 2493 5318 Patribus,'«
2530 5250 2913 5323 Theologuss
2970 5247 3655 5323 est_appellatus,_quo_d

2013 5324 2213 5379 nullus
2245 5323 2395 5403 hanc
2427 5322 2733 5403 materiam
2755 5319 3093 5403 "sublimiori
3141 5319 3658 5403 et’grav‘ior'ilstylo

2016 5394 2402 5468 pertractarit.
2464 5394 2872 5468 itaque_qui_«
2914 5394 2985 5468 de
3032 5392 3247 5468 Christi
3297 5392 3658 5468 divinitate»

2017 5463 2345 5523 sermonem
2370 5466 2648 5531 instituit,
2680 5464 2731 5520 is
2760 5486 2787 5513 ‹‹
2810 5465 2870 5518 in
2900 5463 3196 5533 theologia
3222 5464 3489 5519 versari»
3520 5463 3661 5519 dici-

2014 5545 2130 5594 tur.
2164 5539 2220 5593 Si
2255 5544 2449 5593 autem
2481 5560 2507 5586 ‹‹
2543 5538 2613 5591 de
2644 5536 2857 5591 Christi
2898 5536 3266 5591 humanitate
3296 5541 3354 5591 et
3400 5536 3667 5590 incarna-

2016 5611 2175 5666 tione
2208 5634 2235 5658 υ
2267 5626 2457 5665 sermo
2508 5609 2627 5676 fiat,
2675 5630 2701 5657 ‹‹
2732 5608 3054 5679 (scenomia
3078 5629 3113 5679 _»
3166 5609 3516 5679 appellatur.
3549 5607 3661 5679 Τὴν

2018 5681 2420 5757 ὲνανθρώπησιν
2449 5684 2573 5757 τοῦ*
2602 5672 2734 5757 Ceo?)
2769 5672 2949 5757 Λόγου
3007 5672 3282 5757 καλοῦμεν
3329 5672 3664 5757 οἰκονομίαν,

2019 5749 2522 5811 «Incarnationem
2540 5751 2640 5807 Dei
2654 5749 3035 5809 oeconomiam
3048 5751 3221 5809 Verbi
3240 5749 3665 5823 appellamus.»
