4070 6434
358 405 478 467 853

966 399 1264 463 ORATIO
1307 399 1469 463 XlII.
1504 433 1578 445 —
1607 401 1684 461 IN
1731 399 2387 462 CONSECRATIONE
2433 399 2748 461 EULALII
2795 399 3174 462 EPISCOPI.

3663 402 3786 463 854

357 534 598 614 ἀρδείαν,
630 538 718 589 καί
747 533 816 589 τὰ
844 530 940 588 δύο
989 532 1161 588 λεπτᾶ
1204 540 1304 604 τῆς
1351 536 1554 610 χήρας,
1585 534 1674 588 καὶ
1704 539 1800 588 τοῦ
1835 532 2008 588 τελώ-

2142 537 2184 589 at
2217 535 2330 588 duo
2364 535 2549 589 viduae
2583 536 2811 590 minuta
2831 536 2871 605 ⁵,
2896 539 2954 590 et
2999 534 3299 590 Publicani
3341 537 3722 608 dejectionem
3744 539 3787 608 θ,

357 648 452 682 νου
484 627 583 694 τὴν
621 622 970 696 ταπείνωσιν,
1011 622 1100 678 καὶ
1141 628 1236 677 τοῦ
1280 627 1537 692 Μανασσῆ
1580 625 1680 693 τὴν
1732 623 2014 699 ἐξαγόρευ-

360 737 478 772 σιν.
539 714 764 785 Δέξασθε
821 712 987 788 λόγον
1049 713 1352 767 νεόκτιστον
1411 715 1524 786 (88)
1581 712 1667 767 ἐπὶ
1725 712 2015 784 νεοκτίστῳ

354 803 575 878 ποιμένι
621 805 755 878 (89)’
809 800 1024 873 δέξασθε
1060 803 1247 879 φωνὴν
1286 801 1706 878 εὐχαριστήριον
1759 801 1845 856 ἐπὶ
1897 806 2014 862 τοῖς

361 893 668 970 ὁρωμένοις
699 891 954 965 θαύμασι.
991 891 1190 966 Μικροὶ
1245 894 1338 964 μὲν
1382 894 1546 965 ἡμεῖς
1594 891 1683 946 καὶ
1730 889 2013 965 ἐλάχιστοι

363 982 413 1037 ἐν
449 984 588 1044 υἱοῖς
623 979 860 1055 Ἰσραήλ·
906 979 1247 1055 εὐχαριστεῖν
1297 977 1352 1035 δὲ
1400 978 1681 1043 πλουσίως
1727 977 1879 1034 οὐδὲν
1911 1000 2015 1033 γω-

361 1071 480 1126 λύει
509 1074 622 1144 (90)
652 1070 741 1125 καὶ
771 1069 899 1131 τοὺς
957 1069 1207 1145 μικρούς.
1259 1071 1365 1139 Τὴν
1407 1071 1498 1141 μὲν
1551 1068 1640 1124 οὖν
1682 1067 2013 1143 τελεωτέραν

355 1159 626 1238 εὐφημίαν
659 1157 1007 1214 ἀποδώσουσι
1056 1163 1134 1230 τῷ
1164 1163 1277 1230 Θεῴ
1325 1161 1540 1220 πάντως
1573 1159 1624 1212 οἳ
1669 1157 2012 1233 τελεώτερον

355 1251 518 1320 ἡμεῖς
583 1245 640 1302 δὲ
697 1249 796 1316 τὴν
858 1248 994 1302 κατᾶ
1055 1245 1282 1319 δύναμιν
1343 1246 1645 1319 εἷσοίσομεν

350 1341 646 1413 Τοιγαροῦν
709 1334 868 1406 ᾅσατε
925 1337 1005 1408 τῷ
1055 1337 1243 1412 Κυρίῳ
1305 1338 1449 1408 ᾆσμα
1505 1335 1708 1390 καινόν’
1761 1336 1841 1390 ὅτι
1887 1338 2013 1389 θαυ-

357 1429 540 1500 μαστὰ
589 1425 862 1494 ἐποίησεν.
918 1425 1389 1498 Ἐκυμαινόμεθα,
1443 1423 1880 1498 ἐπολεμούμεθα,
1935 1423 2014 1494 ἐξ-

1725 1250 1788 1316 σῆ
1801 1267 1962 1321 μερον
2002 1292 2012 1303 .

361 1515 667 1588 ωθούμεθα·
701 1516 767 1569 τὰ
801 1516 894 1587 μὲν
923 1512 1032 1583 ἤδη
1068 1518 1244 1590 παρῆν
1276 1519 1383 1569 τῶν
1418 1513 1630 1584 δεινῶν,
1655 1515 1720 1568 τὰ
1751 1513 1808 1568 δὲ
1834 1511 2012 1585 ἤμελ-

360 1603 472 1660 λεν.
519 1602 693 1658 Ἀλλᾶ
727 1603 809 1664 τίς
859 1601 1042 1668 ἔστησε
1084 1605 1181 1672 τὴν
1232 1601 1520 1678 καταιγίδα
1559 1603 1633 1664 εἷς
1683 1599 1848 1675 αὔραν
1882 1620 1895 1669 ;
1927 1601 2014 1663 Τίς

357 1693 665 1768 συνέτριψεν
711 1690 924 1761 ὅπλον,
974 1691 1062 1747 καὶ
1121 1692 1415 1770 ῥομφαίαν,
1462 1691 1551 1746 καὶ
1602 1691 1848 1764 πόλεμον
1885 1710 1896 1760 ;
1927 1690 2014 1751 Τίς

351 1805 480 1844 τους
526 1780 860 1856 ἐξωσμένους
909 1784 1023 1854 (91)
1071 1782 1160 1836 καὶ
1209 1780 1650 1858 ἀπεῤῥιμμένους
1702 1784 1847 1854 ἡμᾶς
1903 1783 2016 1854 (92)

357 1869 656 1941 εἰσεδέξατο
701 1888 715 1940 ;
767 1871 912 1947 Οὐχὶ
963 1870 1025 1924 σὺ
1073 1872 1100 1926 ὁ
1159 1872 1308 1944 Θεὸς,
1369 1873 1396 1924 ὁ
1455 1870 1746 1946 ἐνεργήσας
1798 1875 2010 1938 ταῦτα;

359 1960 559 2036 Κύριος
613 1960 869 2036 κραταιὸς
929 1959 1019 2014 καὶ
1078 1957 1336 2030 δυνατὸς,
1398 1959 1594 2035 Κύριος
1676 1957 1895 2021 δυνατὸς
1961 1958 2011 2013 ἐν

358 2049 614 2122 πολέμῳ.

434 2140 504 2194 Β’.
540 2139 708 2200 Οὗτος
738 2135 894 2211 ἔτεμε
925 2135 1216 2193 θάλασσαν’
1271 2138 1431 2200 οὗτος
1481 2135 1696 2211 ἔτρεψεν
1739 2137 1789 2191 ἐν
1823 2137 2015 2211 ἐρήμῳ

363 2227 495 2284 λαὸν
546 2225 794 2306 φυγάδα,
850 2227 994 2297 ξένον
1047 2227 1195 2282 ὑετὸν
1248 2226 1654 2303 χαρισάμενος’
1714 2227 1872 2290 οὗτος
1922 2249 2014 2281 πε-

359 2338 489 2393 τραν
543 2317 809 2391 έπήγασεν
839 2335 850 2348 ·
900 2316 1058 2378 οὗτος
1107 2316 1526 2390 κατεπολέμησε
1581 2318 1670 2371 τὸν
1723 2315 2016 2390 Ἀμαληκ,

360 2410 564 2482 χειρῶν
597 2405 896 2481 ἀπορρήτῳ
927 2407 1040 2479 (93)
1089 2405 1178 2460 καὶ
1237 2411 1482 2479 μυστικῷ
1533 2409 1800 2482 σχήματι.
1848 2411 2017 2460 Τοῦτο

361 2496 467 2570 γὰρ
499 2492 726 2568 ἴσχυσαν
761 2493 948 2570 ἱερέως
1000 2500 1184 2571 χεῖρες
1237 2495 1324 2550 ἐπὶ
1371 2500 1468 2551 τοῦ
1500 2491 1660 2572 ὄρους
1710 2496 2018 2572 αἰρόμεναι,

360 2584 451 2638 καὶ
510 2583 585 2646 εἷς
632 2582 804 2658 εὐχὴν
858 2583 1211 2656 τυπούμεναι,
1271 2584 1301 2639 ’ὁ
1356 2582 1567 2639 πολλαὶ
1618 2582 1873 2660 μυριάδες
1923 2584 2021 2639 οὐκ

361 2670 612 2749 ἴσχυσαν.
646 2672 814 2734 Οὗτος
863 2671 1024 2748 τείχη
1067 2672 1368 2728 κατέσεισεν
1418 2674 1653 2749 ἀμάχως
1696 2675 1784 2728 καὶ
1818 2672 2020 2728 ἀπολέ-

364 2782 502 2836 μωςσ
553 2761 666 2835 καὶ,
705 2760 796 2816 ’ίνα
841 2762 907 2816 τὰ
952 2761 1238 2817 τελευταῖα
1286 2760 1457 2838 λέγω,
1518 2764 1675 2824 οὗτος
1722 2766 2021 2838 κατήνεγκε

356 2852 448 2905 τὸν
486 2849 684 2914 Γολιὰθ
716 2853 828 2925 (94)
873 2851 1010 2906 κατὰ
1057 2855 1155 2905 τοῦ
1207 2851 1446 2927 μεγάλου
1496 2846 1662 2905 Δαϐὶὸ
1712 2849 2023 2925 τολμήσαν-

360 2962 448 3013 τα,
492 2941 582 2995 τὸν
635 2940 968 3016 ἐπηρμένον,
1013 2939 1103 2994 καὶ
1155 2939 1413 3011 ἀλαζόνα,
1458 2940 1548 2994 καὶ
1598 2935 1864 3017 ἀπόγονον
1910 2947 2017 2996 τῶν

362 3028 650 3105 γιγάντων.
687 3030 784 3082 Διὰ
828 3032 997 3083 ταῦτα
1041 3026 1133 3082 οὖν
1188 3031 1299 3101 (95)
1349 3026 1697 3103 ὁμοθυμαδὸν
1749 3028 2017 3106 λέγωμεν·

366 3116 690 3192 Εὐλογητὸς
750 3115 971 3192 Κύριος,
1031 3117 1089 3178 ’ὸς
1151 3116 1248 3171 οὐκ
1308 3115 1505 3172 ἔδωκεν
1560 3121 1709 3191 ἡμᾶς
1767 3119 1842 3181 εἷς
1902 3121 1966 3190 θή
2003 3153 2024 3161 -

367 3228 465 3279 ραν
523 3211 641 3268 τοῖς
705 3204 922 3260 ὀδοῦσιν
979 3206 1175 3260 αὐτῶν·
1246 3207 1374 3277 καὶ,
1434 3207 1742 3284 Χείμαρρον
1805 3207 2024 3279 διῆλθεν

2127 625 2184 676 et
2213 622 2506 677 Manassis
2533 622 2968 678 confessionem
2993 624 3032 677 ⁷.
3062 623 3277 678 Novam
3309 629 3542 695 propter
3571 643 3788 681 novum

2129 717 2421 782 pastorem
2474 712 2797 767 orationem
2852 711 3119 784 accipite.
3151 711 3386 779 Vocem,
3421 715 3492 769 ob
3542 731 3610 770 ea
3657 731 3786 786 quas

2127 800 2426 855 cernimus
2495 801 2810 872 miracula,
2872 801 3094 872 gratias
3154 804 3457 872 agentem,
3518 803 3786 874 accipite.

2128 889 2289 944 Parvi
2323 889 2561 960 quidem
2618 889 2732 961 ipsi
2793 907 3023 957 sumus,
3055 895 3111 944 et
3141 889 3371 944 minimi
3430 889 3581 946 inter
3639 891 3791 948 ﬁlios

2128 978 2305 1034 Israel
2340 995 2353 1032 :
2389 982 2445 1033 at
2480 978 2626 1033 nihil
2658 980 2946 1051 prohibet,
2978 980 3295 1050 quominus
3347 979 3506 1050 parvi
3557 996 3791 1051 quoque

2127 1068 2348 1123 affatim
2383 1072 2437 1122 et
2463 1069 2693 1137 copiose
2721 1069 2941 1139 gratias
2964 1071 3160 1140 agant.
3184 1068 3300 1124 Deo
3323 1085 3467 1124 sane
3489 1069 3792 1140 perfectio-

2128 1174 2248 1211 rem
2285 1157 2519 1212 laudem
2555 1157 2927 1228 perfectiores
2973 1157 3220 1212 reddent
3251 1173 3407 1230 :‘nos
3439 1162 3639 1213 autem
3686 1175 3790 1230 pro

2126 1247 2350 1301 Viribus
2382 1246 2531 1300 hanc
2562 1246 2734 1301 hodie
2776 1247 3109 1302 otferemus.
3145 1247 3538 1313 Quamobrem
3572 1257 3794 1304 cantate

2126 1337 2348 1390 Dominis
2376 1337 2652 1390 canticum
2681 1353 2902 1404 novum,
2937 1337 3072 1408 quia
3110 1336 3397 1390 mirabilia
3427 1338 3558 1408 fecit
3579 1337 3618 1391 ⁸.
3647 1336 3794 1393 Flu-

2127 1425 2319 1480 ctibus
2371 1425 2766 1494 jactabamur,
2824 1425 2974 1480 bello
3029 1425 3461 1496 premebamur,
3516 1429 3790 1482 extrude-

2127 1515 2358 1580 bamur,
2393 1513 2760 1569 calamitates
2807 1515 3271 1584 acerbitatesque
3322 1513 3537 1581 multae,
3572 1515 3784 1586 partim

2130 1604 2435 1674 urgebant,
2487 1604 2698 1674 partim
2751 1604 3167 1675 inpendebant.
3199 1603 3416 1659 Verum
3467 1604 3601 1675 quis
3649 1623 3771 1676 pro-

2128 1691 2333 1748 cellam
2364 1691 2423 1747 in
2457 1709 2662 1747 auram
2705 1693 2932 1760 statuit,
2969 1697 3146 1764 atque
3188 1693 3536 1764 compressit
3555 1695 3612 1749 9?
3643 1695 3784 1758 Quis

2126 1782 2412 1853 confregit
2457 1785 2715 1848 scutum,
2750 1781 3012 1853 gladium
3046 1786 3105 1837 et
3142 1780 3362 1838 bellum
3389 1783 3473 1838 1"‘2
3505 1783 3646 1847 Quis
3679 1802 3785 1838 nos

2125 1870 2401 1942 expulsos
2433 1876 2607 1942 atque
2640 1873 2930 1943 projectos
2962 1871 3266 1942 suscepit?
3296 1871 3488 1927 Nonne
3519 1881 3597 1940 ιιι,
3621 1874 3785 1936 Deus,

2125 1964 2222 2032 qui
2252 1961 2366 2015 hac
2396 1962 2630 2032 e/fecisti
2652 1964 2694 1996 ιι
2718 1961 2745 2016 ?
2774 1963 3040 2017 Dominus
3066 1961 3232 2035 [ortis
3262 1969 3317 2016 et
3354 1965 3571 2034 potens,
3603 1963 3783 2018 Domi-

2125 2067 2229 2105 nus
2256 2059 2446 2122 potens
2476 2052 2539 2106 in
2572 2051 2710 2106 bello
2733 2052 2796 2105 '9.

2198 2140 2266 2195 ΙΙ.
2299 2140 2405 2196 Hic
2439 2157 2595 2196 mare
2643 2139 2836 2195 scidit.
2871 2140 2974 2195 Hic
3022 2141 3335 2212 profugum
3385 2140 3669 2213 populum
3719 2142 3777 2196 in

2128 2231 2358 2284 deserto
2385 2229 2551 2298 aluit,
2578 2245 2783 2284 novam
2811 2233 2987 2300 atque
3010 2230 3336 2285 inauditam
3363 2229 3616 2301 pluviam
3640 2231 3783 2287 elar-

2128 2319 2320 2391 gitus;
2352 2318 2466 2384 hic,
2501 2322 2566 2373 ut
2595 2323 2757 2388 petra
2782 2318 2958 2373 fontis
2989 2318 3104 2374 ritu
3135 2318 3465 2388 scaturiret,
3492 2319 3653 2386 fecit;
3689 2319 3784 2376 hic

2129 2425 2233 2480 per
2261 2424 2531 2463 arcanam
2565 2412 2623 2462 et
2653 2407 2960 2479 mysticam
2998 2424 3280 2462 manuum
3313 2408 3566 2480 ﬁguram
3609 2411 3786 2465 Ama-

2127 2496 2432 2552 lecitarum
2479 2496 2677 2568 copias
2729 2496 2898 2568 fregit
2927 2512 2993 2552 ac
3025 2497 3358 2569 proﬂigavit
3379 2499 3442 2553 ‘3.
3463 2499 3580 2553 Hoc
3629 2500 3785 2554 enim

2131 2586 2450 2640 sacerdotis
2482 2602 2694 2640 manus
2725 2585 2784 2640 in
2819 2591 3013 2641 monte
3045 2585 3310 2656 sublatae,
3341 2591 3518 2658 atque
3550 2588 3618 2643 ad
3657 2605 3790 2659 pre-

2131 2675 2419 2730 cationem
2451 2675 2808 2746 compositae,
2833 2679 3172 2747 potuerunt,
3197 2677 3348 2746 quod
3383 2676 3572 2732 multa
3604 2677 3791 2731 homi-

2131 2780 2271 2819 num
2305 2763 2488 2818 millia
2518 2764 2795 2835 perﬁcere
2827 2763 3235 2835 nequiverunt.
3261 2763 3366 2819 Hic
3389 2763 3625 2820 urbium
3657 2782 3794 2820 mce-

2132 2853 2229 2909 nia
2261 2851 2417 2908 254
2447 2857 2504 2906 et
2535 2851 2974 2924 propugnacula
3004 2851 3129 2907 sine
3171 2851 3326 2907 bello
3371 2851 3490 2908 ullo
3520 2857 3578 2908 et
3606 2857 3792 2908 certa-

2132 2943 2290 2997 mine
2321 2941 2620 2996 concussit
2659 2957 2722 2995 ac
2762 2941 2974 3012 dejecit
2997 2944 3064 2995 ιι.
3088 2942 3179 3008 Ει,
3213 2950 3277 2997 ut
3307 2945 3603 3012 postrema
3633 2959 3792 3001 com-

2135 3047 2476 3098 memorem,
2538 3030 2632 3085 hic
2691 3032 3013 3102 superbum
3072 3029 3240 3086 illum
3310 3034 3368 3086 et
3421 3037 3793 3104 arrogantem

2134 3119 2388 3186 Goliath,
2432 3125 2606 3190 atque
2658 3137 2692 3175 a
2738 3119 3078 3192 gigantibus
3128 3119 3466 3191 oriundum,
3517 3122 3798 3178 adversus

2134 3227 2416 3280 magnum
2453 3209 2723 3264 Davidem
2767 3225 3027 3280 pugnam
3075 3207 3224 3263 inire
3274 3225 3511 3278 ausum,
3539 3215 3799 3282 prostra-

367 3299 401 3366 ἠ
451 3296 606 3371 ψυχὴ
657 3297 840 3368 ἡμῶν
902 3295 976 3357 ὡς
1031 3295 1309 3371 στρουθίον
1371 3296 1602 3372 έῤῥύσθη
1659 3297 1718 3351 ἐκ
1771 3306 1871 3368 τῆς
1922 3320 2022 3352 πα-

2142 3300 2218 3354 vit
2237 3301 2299 3353 '5.
2324 3301 2402 3354 Ac
2434 3299 2678 3371 proinde
2701 3315 2905 3354 omnes
2938 3315 3054 3354 uno
3077 3298 3274 3355 animo
3295 3299 3562 3356 dicamus
3587 3317 3600 3356 :
3625 3302 3800 3357 Bene-

363 3383 516 3462 γίδος
568 3389 676 3440 τῶν
731 3384 1096 3458 θηρευόντων·
1152 3383 1298 3440 ἄλλα
1344 3407 1402 3440 τε
1447 3385 1544 3440 ὅσα
1592 3388 1749 3461 ψυχὴ
1799 3408 2030 3463 περιχα-

369 3475 469 3549 ρὴς
503 3473 591 3528 ἐπὶ
643 3477 778 3528 Θεοῦ
836 3470 1226 3550 μεγαλοδωρεᾷ
1271 3474 1573 3551 φθέγγεται.
1627 3475 1737 3529 Οὐκ
1783 3474 2030 3549 ἤλθομεν

376 3561 747 3637 βάλλειν
782 3563 1080 3637 μάχαιραν,
1145 3561 1272 3618 ἀλλ’
1333 3563 1572 3640 εἰρήνην.
1626 3565 1737 3619 Οὐκ
1784 3563 2030 3638 ἤλθομεν

378 3650 460 3705 ἐπ’
503 3650 695 3724 ἀτιμίᾳ
721 3655 818 3706 τοῦ
855 3651 1093 3728 μεγάλου
1143 3654 1408 3726 ποιμένος
1462 3657 1595 3725 (97),
1627 3659 1722 3708 τοῦ
1763 3661 1864 3724 τῆς
1899 3654 2034 3728 λαμ-

378 3745 517 3815 πρᾶς
566 3741 1041 3816 προκαθεζομένου
1091 3742 1330 3804 πόλεως*
1389 3743 1572 3816 τίμιον
1634 3739 1819 3816 ἴσμεν,
1874 3765 2034 3822 κεφα-

377 3827 480 3900 λήν
540 3830 920 3905 γινώσκομεν,
983 3832 1140 3906 ἅγιον
1196 3829 1508 3904 καλοῦμεν,
1569 3832 1657 3886 καὶ
1712 3830 2034 3906 ἀδικούμε-

371 3941 455 3973 νοι
488 3921 632 3992 (98)·
671 3919 834 3992 μόνον
868 3915 1007 3975 ἔστω
1040 3919 1383 3998 φιλότεκνος,
1432 3921 1522 3975 καὶ
1569 3922 1750 3991 πάσης
1781 3927 2032 3998 προνοῶν

373 4005 724 4078 Ἐκκλησίας.
792 4010 1118 4086 Προσθήκην
1179 4009 1367 4085 ἱερέων
1423 4012 2032 4087 ἐπραγματευσάμεθα,

380 4095 486 4172 οὐχ
521 4096 819 4174 ὑφαίρεσινο
865 4101 1150 4176 αἱρετικῶν
1198 4099 1524 4176 ἀνατροπὴν,
1579 4100 1678 4155 οὐκ
1729 4098 2033 4178 ὐρΘοδόξων

380 4183 699 4244 ἐλάττωσιν.

2142 3391 2322 3444 dictus
2355 3390 2618 3444 Dominus
2645 3391 2744 3459 qui
2771 3405 2881 3443 non
2902 3388 3051 3444 dedit
3071 3404 3168 3444 nos
3200 3390 3257 3443 in
3290 3391 3598 3460 captionem
3623 3390 3804 3446 denti-

2143 3480 2239 3533 bus
2259 3494 2450 3534 eorum
2469 3479 2533 3543 ίθ,
2557 3482 2631 3546 et,
2655 3479 2969 3533 Torrentem
2989 3479 3349 3549 pertransivit
3368 3480 3558 3533 anima
3577 3487 3761 3535 nostra
3783 3498 3801 3533 :

2144 3572 2302 3640 quasi
2329 3586 2517 3640 passer
2545 3572 2729 3640 erepta
2758 3573 2836 3624 est
2866 3569 2930 3624 de
2960 3571 3153 3640 laqueo
3182 3571 3504 3625 venantium
3537 3570 3580 3604 ¹⁷
3610 3585 3623 3624 :
3657 3568 3803 3624 alia-

2143 3675 2252 3728 que
2285 3657 2502 3728 omnia,
2532 3675 2659 3728 quae
2703 3657 2920 3725 anima,
2953 3658 3025 3713 ob
3077 3657 3172 3712 Dei
3218 3657 3682 3712 muniﬁcentiam
3712 3657 3804 3712 in-

2143 3747 2300 3820 genti
2336 3745 2536 3801 laetitia
2565 3747 2803 3817 perfusa
2841 3746 3234 3817 proloquitur.
3261 3746 3386 3800 Non
3417 3746 3707 3816 venimus,
3742 3751 3807 3801 ut

2144 3835 2406 3906 gladium
2444 3835 2768 3900 mittamus,
2800 3834 2899 3889 sed
2950 3840 3016 3889 ut
3065 3850 3267 3906 pacem
3289 3834 3352 3889 ιδ.
3377 3834 3504 3889 Non
3537 3833 3807 3890 venimus

2144 3924 2200 3978 in
2223 3923 2422 3996 magni
2440 3923 2599 3978 illius
2619 3922 2870 3995 pastoris
2890 3927 3295 3995 contemptum
3315 3929 3373 3978 et
3394 3923 3803 3995 ignominiam,

2145 4014 2246 4085 qui
2291 4012 2610 4084 splendidae
2662 4012 2883 4067 civitati
2916 4013 3209 4084 praesidet.
3236 4012 3647 4068 Honorabilem
3695 4013 3808 4068 sci-

2147 4119 2304 4170 mus,
2329 4106 2502 4173 caput
2528 4101 2924 4173 agnoscimus,
2951 4104 3217 4156 sanctum
3243 4116 3545 4166 vocamus,
3573 4104 3810 4157 tametsi

2148 4191 2366 4261 injuria
2396 4191 2609 4245 affecti.
2643 4192 2920 4257 Tantum,
2958 4189 3362 4262 indulgentem
3394 4194 3451 4245 et
3480 4189 3810 4246 humanum

379 4280 607 4348 patrem
638 4277 780 4334 ﬁliis
812 4295 874 4334 se
905 4279 1179 4351 praebeat,
1211 4280 1435 4351 totique
1464 4280 1738 4337 Ecclesiae
1790 4279 1995 4336 sedulo
2045 4279 2378 4352 prospiciat.
2413 4279 2757 4335 Sacerdotes
2788 4284 2846 4335 et
2877 4277 3156 4351 praesules
3186 4294 3400 4351 augere
3453 4278 3812 4338 studuimus,

379 4383 494 4422 non
526 4367 905 4435 subtrahere;
939 4367 1244 4425 haereticos
1275 4375 1552 4436 evertere,
1585 4387 1702 4426 non
1733 4371 2086 4426 orthodoxos
2112 4369 2484 4424 imminuere.

453 4472 525 4526 I".
557 4471 618 4525 Τί
675 4473 805 4550 φὴς,
857 4474 902 4527 ὧ
949 4479 1050 4528 παῖ
1096 4475 1267 4531 Δαθάν
1318 4477 1431 4549 (99)
1475 4476 1565 4531 καὶ
1619 4471 1906 4552 Ἀϐειρὼν,
1953 4497 2020 4531 κα

2227 4478 2321 4532 ΙΙΙ.
2357 4477 2504 4543 Quid
2538 4478 2646 4546 ais,
2672 4476 2778 4531 Fili
2839 4477 3066 4532 Dathan
3100 4481 3156 4532 et
3192 4477 3436 4543 Abiron,
3470 4479 3528 4532 et
3555 4476 3672 4532 dux
3704 4475 3812 4530 mi-

457 4597 480 4671 ’ξ
509 4597 647 4654 Luc.
678 4615 796 4666 XXI,
826 4603 880 4656 2.
957 4602 979 4636 ⁸
1009 4605 1147 4658 Luc.
1179 4619 1340 4658 XVIII.
1377 4602 1463 4658 13.
1541 4603 1560 4637 ⁷
1593 4602 1641 4657 ΙΙ
1674 4602 1859 4658 Paral.
1884 4618 2085 4668 XXXIII,
2108 4602 2196 4656 33.
2276 4601 2296 4636 ⁸
2329 4601 2474 4656 Psal.
2504 4619 2673 4668 XCVII,
2700 4603 2748 4656 1.
2829 4602 2982 4656 Psal.
3006 4618 3118 4671 CVI,
3144 4603 3234 4657 29.
3316 4602 3360 4638 ιο
3389 4600 3542 4656 Psal.
3569 4618 3733 4666 LXXV,
3757 4602 3812 4655 4.

388 4669 814 4744 ίμίᾹΙεαηῃνηΊ.
894 4673 939 4708 ¹²
969 4673 1121 4729 Psal.
1155 4689 1315 4742 XXIII,
1347 4673 1402 4729 8.
1483 4674 1526 4710 1³
1554 4675 1732 4730 Exod.
1767 4692 1882 4742 XIv,
1924 4675 2022 4741 21;
2073 4688 2191 4741 XVI,
2227 4673 2321 4740 13;
2372 4689 2508 4740 XVII,
2540 4675 2574 4726 6
2605 4689 2731 4743 sqq.
2813 4674 2857 4707 ”
2886 4673 3065 4729 Josue
3096 4669 3172 4740 VI,
3209 4674 3294 4729 16.
3374 4673 3418 4709 1⁵
3447 4673 3468 4727 Ι
3500 4673 3640 4744 Reg.
3673 4689 3810 4742 XVII,

385 4740 475 4796 49,
556 4741 599 4778 ¹⁶
630 4741 783 4798 Psal.
817 4759 1013 4816 CXXIII,
1045 4746 1099 4800 6.
1180 4746 1223 4781 1⁷
1256 4740 1403 4801 lbid-
1436 4745 1491 4816 5,
1521 4747 1576 4800 7.
1658 4747 1699 4781 ¹⁸
1733 4740 1875 4801 Luc.
1896 4740 2119 4810 XII,'51.

382 4885 680 4962 codicibus
712 4887 947 4952 desunt,
981 4893 1156 4961 atque
1187 4889 1414 4962 respuit
1435 4889 1896 4958 Leuvenklaius;
1930 4887 2042 4962 Bil-

386 4956 726 5034 lius_autem
757 4956 1154 5034 eagagnoscit,
1185 4966 1241 5018 et
1270 4956 1507 5034 quidem
1551 4962 1781 5029 merito,
1816 4956 1950 5017 cum
1984 4961 2040 5016 in

386 5030 881 5103 plerisque_codd.
906 5030 1202 5103 legantur.

479 5103 570 5171 88)
591 5100 948 5158 ίΝεόκτιστον.
974 5100 1073 5160 ΟΡ.
1111 5107 1161 5169 1,
1194 5105 1508 5160 νεώκιστον.

457 5104 570 5245 (89)
602 5172 914 5245 Νεοκτίστῳ
962 5177 1204 5245 ποιμένι.
1249 5200 1277 5227 ‹‹
1331 5177 1508 5245 Ρτορὶη

480 5174 570 5246 89)
602 5172 914 5246 Νεοκτίστῳ
962 5177 1204 5248 ποιμένι.
1249 5200 1277 5227 ‹‹
1331 5177 1570 5249 Propter
1627 5192 1829 5232 recens
1885 5192 2044 5233 crea-

387 5248 516 5300 tum
551 5249 842 5303 pastorem
855 5290 867 5303 .
896 5269 925 5297 ››

461 5263 516 5300 m
591 5263 867 5303 aswrem.
896 5269 925 5297 ”

461 5318 550 5385 (90
604 5313 838 5374 Κωλύει.
873 5317 1046 5373 Cois].
1082 5319 1134 5386 1,
1165 5315 1422 5373 κωλύσει.

461 5263 992 5460 (91ἵἘξωσμένους.
1045 5390 1141 5446 Sic
1197 5396 1315 5446 tres
1374 5391 1421 5446 Η

459 5388 572 5460 (91)
601 5388 992 5461 Ἐξωσμένους.
1045 5390 1141 5446 Sic

386 5457 566 5533 01271.
602 5461 665 5533 In
695 5462 787 5516 ed.
823 5460 1184 5533 ἑζωσμένους.

455 5531 569 5606 (92)
600 5531 795 5606 ’ξῐμᾶιςΪ
822 5534 924 5606 Sic
957 5531 1072 5590 duo
1104 5535 1280 5606 Regg.
1316 5539 1374 5589 et
1404 5533 1820 5606 Comb.Editi,
1847 5532 2008 5606 ὑμᾶς.

461 5602 578 5680 (.93),
629 5601 980 5680 Ἀπορρήτῳ.
1049 5601 1257 5663 ΟοὶεΓ’
1294 5607 1343 5673 1,
1411 5601 1736 5678 ἀποῤῥητων
1807 5601 2044 5658 ἐκστάσει

388 5671 497 5741 καί,
532 5671 623 5729 etc

459 5716 826 5818 ξὸὶῖῖέολιάθ.
859 5748 955 5805 Sic
985 5749 1102 5802 duo
1135 5748 1315 5820 Regg.
1345 5752 1402 5804 et
1432 5748 1525 5803 0r.
1563 5748 1613 5802 1.
1644 5747 1794 5803 Editi
1826 5743 2046 5801 Γολιάδ.

601 5387 992 5462 Ἐξωσμένους.
1022 5390 1141 5462 Sic
1197 5396 1315 5446 tres
1374 5391 1577 5462 Regg.,
1612 5391 1726 5445 duo
1774 5389 1949 5445 Coisl.
1992 5393 2048 5445 et

2225 4887 2332 4960 (95)
2364 4886 2503 4960 0'39.
2527 4887 2878 4943 Addidimus
2909 4887 3175 4943 codicum
3209 4887 3576 4960 auctoritate.

2157 5028 2186 5083 λ
2221 4956 2339 5044 (96⁷)
2372 4956 2622 5014 Βάλλειν.
2677 4961 2821 5015 Tres
2872 4960 3050 5032 Regg.
3098 4960 3192 5016 Or.
3227 4960 3280 5030 1,
3327 4961 3382 5014 et
3427 4956 3684 5016 Combef.
3723 4957 3814 5032 βα-

2195 5050 2288 5082 ειν.

2195 5050 2288 5082 ειν.

2226 5104 2336 5174 (97)
2370 5100 2626 5175 Μεγάλου
2651 5101 2959 5175 κποιμένος.
3008 5104 3290 5158 Putemus
3339 5100 3435 5157 hic
3467 5124 3494 5152 «
3529 5099 3810 5156 Basilium

2156 5174 2493 5247 Magnum)
2525 5174 2793 5247 intelligi.

2226 5242 2336 5318 (98)
2371 5242 2769 5318 Ἀδικούμενοῖ.
2806 5246 2999 5318 Refert
3047 5243 3364 5318 Gregorius
3390 5243 3594 5318 «Ῠὶάιῆφ⁸
3613 5259 3676 5299 se
3716 5245 3814 5318 in-

2148 5315 2612 5389 juria’affectum
2647 5339 2674 5367 »
2709 5336 2741 5374 a
2773 5317 3006 5386 Basilio,
3041 5315 3194 5386 quod
3241 5332 3375 5372 eum
3421 5315 3812 5389 BasiliusSa-

2157 5387 2440 5445 eimorum
2474 5390 2812 5462 episcopum
2857 5392 3111 5444 creasset
3143 5405 3157 5444 :
3190 5391 3396 5445 eadem
3439 5389 3499 5444 in
3545 5387 3812 5459 pluribus

2158 5461 2300 5516 locis
2331 5461 2772 5517 commemorat.

2228 5535 2339 5602 (99)
2374 5533 2437 5584 Ὦ
2468 5535 2566 5586 παῖ
2614 5532 2802 5599 Δαθάν,
2840 5535 2948 5586 etc.
2982 5534 3166 5597 Quem
3215 5531 3309 5586 hic
3357 5530 3624 5602 designet
3672 5531 3810 5586 Gre-

2156 5605 2787 5688 gor'ius,_anibiguum.
2813 5602 3004 5688 lElias_
3022 5603 3384 5688 Antbymum
3425 5618 3565 5688 ‘esse
3612 5606 3808 5688 putat;

2156 5671 2449 5731 immerito
2483 5671 2743 5746 quidem,
2769 5680 2831 5730 ut
2864 5676 2918 5729 in
2953 5676 3129 5739 Mon.,
3157 5671 3213 5729 n'.
3238 5678 3289 5741 2,
3318 5674 3666 5746 declaratur.
3693 5671 3807 5746 Dil-

2159 5748 2294 5819 lius,
2327 5742 2643 5819 quemdam
2673 5742 3013 5821 episcopum
3046 5747 3318 5803 Anthimo
3347 5745 3667 5802 addictum.
3702 5742 3808 5796 No-
