4070 6446
272 383 392 445 855

1527 385 1592 443 S.
1641 383 2017 444 GREGOHII
2060 382 2457 444 THEOLOGI

3588 384 3716 446 856

270 516 463 571 litaris
497 517 833 587 contumax,
860 517 961 588 qui
1007 517 1287 572 adversus
1334 517 1587 589 Moysem
1635 515 1933 587 insurgere

2051 516 2319 590 στρατηγὲ
2367 514 2754 591 ἀσωφρόνιστε,
2806 514 2834 568 ὁ
2884 515 3020 569 κατὰ
3066 515 3339 578 Μωϋσεως
3390 515 3713 589 τολμήσας,

272 622 453 661 ausus
485 622 546 661 es
572 607 636 671 ¹⁹,
660 605 761 677 qui
796 622 1009 661 manus
1056 606 1115 661 in
1165 623 1294 674 nos,
1319 606 1818 677 quemadmodum
1852 604 1935 658 illi

272 693 509 769 linguas
541 695 600 750 in
636 712 918 767 magnum
962 695 1128 751 illum
1175 695 1273 751 Dei
1308 712 1562 760 servum,
1596 694 1941 751 immisisti?

270 784 402 841 Non
435 784 788 840 cohorruisti
806 784 833 838 ‘I
855 785 979 839 Non
1004 784 1224 856 pudore
1248 785 1510 840 suffusus
1536 783 1639 839 es?
1668 783 1793 840 Non
1818 784 1939 839 ἱ]ωο

282 874 481 930 anima
514 874 757 947 agitanti
792 890 995 931 carnes
1026 874 1084 929 in
1115 877 1328 931 terram
1362 873 1630 946 collapsas
1662 877 1843 929 sunt?
1871 875 1941 929 Et

277 970 481 1037 postea
508 983 721 1022 manus
750 965 856 1021 has
888 982 1125 1021 sursum
1152 967 1222 1021 ad
1249 966 1431 1021 Deum
1455 966 1660 1021 tendes
1678 967 1706 1020 ?
1731 967 1939 1021 Postea

272 1057 430 1111 dona
459 1055 708 1112 oﬂ'eres?
739 1056 945 1111 Postea
974 1056 1268 1111 orationes
1298 1072 1400 1127 pro
1432 1054 1647 1127 populo
1680 1056 1887 1110 fundes
1913 1056 1941 1109 ?

268 1145 485 1201 Vereor
514 1144 788 1216 equidem
820 1161 895 1200 ne
927 1144 1025 1201 Dei
1067 1144 1303 1217 gladius
1343 1145 1571 1200 tamdiu
1606 1144 1937 1216 rubiginem

271 1235 599 1300 contrahat,
620 1238 677 1291 et
706 1233 1100 1306 conquiescat.
1126 1235 1242 1290 Nec
1276 1252 1309 1289 ι
1339 1238 1570 1307 pastore
1599 1239 1700 1290 tuo
1732 1234 1936 1305 ingen-

269 1328 390 1381 tem
424 1324 683 1395 aliquam
734 1323 984 1396 gratiam
1018 1323 1224 1390 iniisti,
1257 1328 1315 1379 et
1344 1328 1399 1380 te
1452 1323 1650 1397 ipsum
1683 1323 1937 1381 maximo

269 1414 622 1469 detrimento
654 1413 978 1481 mulctasti,
1004 1418 1059 1470 te
1089 1413 1285 1486 ipsum
1308 1413 1581 1470 videlicet
1612 1431 1645 1469 a
1672 1414 1773 1469 Dei
1806 1430 1938 1486 gra-

266 1504 350 1559 tia
378 1506 721 1560 extraneum
751 1504 1025 1559 reddens.

339 1592 430 1648 IV.
466 1594 547 1649 Ac
577 1610 755 1663 nunc,
789 1610 821 1649 o
857 1597 1159 1666 pastorum
1191 1594 1414 1667 optime
1466 1598 1525 1650 et
1574 1594 1936 1667 praestantis-

267 1682 434 1751 sime,
452 1684 765 1752 adesdum,
782 1699 850 1739 ac
873 1683 1205 1751 nobiscum,
1221 1683 1341 1739 imo
1365 1687 1503 1739 ante
1523 1701 1631 1740 nos
1652 1683 1936 1756 populum

268 1777 442 1828 tuum
474 1772 890 1844 accipe,quem
922 1772 1178 1844 Spiritus
1203 1778 1448 1829 sanctus
1483 1774 1586 1827 tibi
1618 1773 1937 1839 commisit,

271 1877 448 1933 quem
486 1860 677 1933 angeli
706 1862 981 1931 oﬂ‘erunt,
1006 1878 1179 1933 quem
1214 1866 1270 1916 et
1296 1861 1433 1929 vita,
1459 1866 1515 1917 et
1546 1878 1773 1917 morum
1810 1878 1937 1933 pro-

273 1951 452 2017 bitas,
479 1950 614 2006 ﬁdei
646 1955 758 2005 tua:
791 1950 1060 2006 credidit.
1096 1952 1259 2016 Quod
1291 1951 1340 2005 si
1370 1966 1473 2023 per
1501 1953 1853 2007 tentationes
1885 1957 1942 2006 et

274 2038 697 2110 impedimenta
727 2038 922 2093 throni
956 2039 1362 2095 bzereditatem
1392 2041 1795 2112 consequeris,
1824 2058 1941 2095 non

274 2132 364 2182 est
412 2144 518 2182 cur
566 2128 673 2183 tibi
733 2129 843 2184 hoc
893 2129 1111 2183 mirum
1144 2129 1325 2184 videri
1356 2130 1584 2185 debeat.
1619 2128 1792 2185 Nulla
1850 2147 1940 2185 res

276 2234 493 2288 magna
523 2218 886 2290 probationis
916 2222 975 2273 et
1006 2218 1319 2274 anxietatis
1349 2224 1439 2273 est
1466 2236 1692 2291 expers.
1718 2223 1940 2275 Natura

275 2307 432 2362 enim
463 2307 547 2362 ita
572 2311 979 2379 comparatum
1002 2312 1111 2378 est,
1136 2311 1201 2363 ut
1231 2325 1323 2363 res
1344 2308 1600 2363 humiles
1624 2313 1682 2363 et
1703 2310 1937 2380 abjectm

273 2395 431 2451 facili
462 2395 695 2467 negotio
728 2400 1028 2468 parentur,
1061 2412 1153 2452 res
1186 2401 1380 2451 autem
1413 2396 1698 2453 sublimes
1743 2404 1799 2451 et
1840 2414 1939 2452 ex-

274 2484 465 2554 celsae,
493 2502 608 2540 non
631 2485 740 2540 nisi
765 2503 998 2542 summo
1016 2486 1211 2542 studio
1234 2490 1290 2542 et
1312 2486 1680 2542 difﬁcultate.
1707 2486 1938 2542 Audisti

274 2573 522 2630 Paulum
556 2574 844 2630 dicentem
882 2591 894 2629 :
931 2576 1081 2632 255
1120 2576 1376 2647 Oportere
1428 2593 1527 2631 nos
1580 2592 1683 2645 per
1737 2578 1939 2631 multas

272 2663 659 2720 tribulatione:
689 2664 925 2720 introire
954 2666 1015 2719 in
1040 2681 1273 2735 regnum
1301 2665 1567 2721 caelorum
1591 2666 1655 2718 ²⁰.
1682 2665 1781 2720 Dic
1813 2666 1938 2737 ipse

272 2767 509 2824 quoque
571 2769 584 2808 :
650 2754 1027 2809 Transivimus
1081 2770 1181 2825 per
1239 2756 1423 2823 ignem
1485 2760 1535 2810 et
1592 2772 1828 2827 aquam,
1887 2763 1939 2811 et

268 2840 515 2897 eduxisti
538 2857 636 2897 nos
656 2841 717 2897 in
737 2844 1099 2913 refrigerium
1122 2844 1190 2897 εί.
1215 2844 1261 2898 Ο
1284 2843 1515 2915 insigne
1539 2843 1891 2898 miraculum
1918 2860 1930 2897 :

269 2930 351 2986 Ad
378 2946 662 3001 vesperam
709 2930 1022 2988 demoratus
1052 2936 1132 2987 est
1162 2934 1347 3002 ﬂetus,
1377 2936 1427 2989 et
1477 2932 1547 2988 ad
1593 2935 1937 2988 matutinum

269 3020 470 3077 latitia
490 3020 559 3074 92.
584 3019 718 3076 Sine
740 3037 861 3089 eos,
889 3021 988 3093 qui
1023 3020 1241 3077 bellum
1268 3027 1502 3094 gerunt,
1526 3022 1735 3095 nugari
1759 3027 1935 3094 atque

269 3108 542 3181 ineptire,
563 3125 628 3165 ac
675 3109 913 3165 diducto
963 3110 1113 3166 rictu
1162 3110 1349 3178 hiare,
1379 3115 1444 3166 ut
1491 3128 1665 3167 canes
1716 3112 1934 3167 frustra

261 3197 621 3254 oblatrantes
666 3215 679 3254 :
726 3215 832 3254 nos
882 3204 1079 3255 autem
1129 3217 1201 3255 ne
1252 3199 1406 3256 bello
1454 3216 1747 3256 vexemur.
1781 3201 1933 3257 Doce

264 3289 510 3344 adorare
540 3287 725 3343 Deum
758 3288 1011 3359 Patrem,
1046 3288 1230 3345 Deum
1266 3288 1499 3358 Filium,
1529 3290 1712 3345 Deum
1743 3290 1927 3361 Spiri-
1961 3272 2003 3339 C

266 3380 394 3432 tum
430 3381 725 3444 sanctum,
760 3378 817 3432 in
841 3377 1033 3433 tribus
1079 3379 1369 3449 personis,
1401 3379 1462 3433 in
1510 3395 1630 3434 una
1659 3377 1847 3451 gloria
1877 3384 1935 3434 et

268 3467 602 3539 splendore.
645 3467 805 3531 Quod
860 3467 1054 3538 periit,
1110 3467 1345 3537 exquire
1378 3484 1392 3523 :
1427 3470 1584 3540 quod
1629 3469 1930 3524 infirmum

267 3557 695 3624 est,corrobora
727 3573 739 3612 :
774 3557 930 3629 quod
964 3558 1202 3613 ﬁrmum
1236 3562 1515 3624 est,serva
1538 3558 1602 3611 93.
1630 3559 1877 3613 Tantam
1901 3576 1934 3614 a

269 3645 416 3701 tein
462 3645 875 3718 spiritualibus
921 3646 1096 3702 rebus
1136 3646 1367 3703 laudem
1401 3647 1777 3719 nominisque
1807 3648 1932 3719 glo-

270 3733 419 3790 riam
444 3734 859 3807 efﬂagitamus,
887 3739 1167 3807 quantam
1201 3735 1258 3791 in
1286 3735 1536 3792 terrenis
1566 3736 1812 3808 negotiis
1843 3754 1933 3793 co-

266 3822 597 3895 gnovimus.
657 3822 1065 3881 Perfectiorem
1116 3829 1479 3881 armaturam
1512 3843 1546 3881 a
1607 3825 1931 3897 majoribus

266 3913 516 3969 ducibus
545 3912 816 3985 accipies,
850 3930 953 3985 per
999 3931 1178 3985 quam
1232 3915 1450 3985 poteris
1482 3914 1668 3987 ignita
1714 3914 1930 3971 diaboli

261 4002 380 4060 tela
408 4003 777 4075 exstinguere
797 4003 863 4071 ",
888 4019 955 4059 ac
986 4004 1193 4060 sistere
1220 4004 1464 4060 Domino
1497 4003 1725 4076 plebem
1759 4020 1928 4077 pecu-

2046 604 2135 658 xui
2185 609 2373 680 χεῖρας
2427 602 2647 681 ἐπαφεὶς
2696 606 2855 676 ἡμῖν,
2906 603 3085 675 ὣσπερ
3137 604 3330 659 ἐκεῖνοι
3378 605 3474 668 τὰς
3524 606 3714 681 γλώσ-

2051 716 2144 757 σας
2175 699 2254 766 τῷ
2291 692 2514 771 μεγάλῳ
2545 696 2615 767 (4)
2649 694 2976 769 θεράποντι;
3016 693 3129 752 Οὐκ
3177 693 3430 772 ἔφριξας;
3474 695 3585 751 Οὐκ
3625 696 3715 751 ἒν-

2050 784 2321 858 ετράπης;
2369 784 2477 838 Οὐκ
2526 782 2775 859 ἔρῥευσάν
2826 804 2912 838 σοι
2959 789 3129 839 ταῦτα
3160 782 3536 858 διανοουμένῳ
3576 788 3717 841 κατὰ

2050 880 2153 948 γῆς
2201 875 2253 928 αἱ
2303 873 2533 950 σάρκες;
2594 873 2724 927 Εἶτα
2784 874 2879 935 τὰς
2930 879 3121 949 χεῖρας
3173 875 3369 936 ταύτας
3418 875 3714 940 ἀνατείνεις

2046 968 2126 1035 τῷ
2206 969 2357 1035 eaq);
2437 966 2568 1018 Εἶτα
2643 962 2790 1039 δῶρα
2864 964 3188 1040 προσάξεις;
3236 964 3369 1019 Εἶτα
3446 964 3707 1039 ὑπερεῦξῃ

2049 1051 2224 1121 λαοῦ;
2275 1048 2563 1125 Φοϐοῦμαι
2617 1055 2691 1126 μή
2740 1074 2872 1107 ποτε
2921 1058 3177 1108 τοσοῦτον
3237 1056 3272 1123 ἡ
3325 1053 3565 1131 ῥομφαία
3609 1062 3709 1110 τοῦ

2049 1148 2182 1197 Θεοῦ
2230 1147 2471 1216 κατιωοῇ
2523 1145 2620 1215 (‘3),
2671 1144 2761 1197 xui
2809 1144 3159 1218 ἠρεμήσειεν.
3208 1140 3348 1201 Οὔτε
3374 1144 3455 1216 τῷ
3484 1144 3704 1217 ποιμένι

2048 1237 2126 1304 τῷ
2156 1238 2233 1304 σῷ
2268 1233 2406 1307 μέγα
2434 1254 2487 1286 τι
2518 1231 2783 1308 ἐχαρίσω,
2815 1232 2905 1287 καὶ
2938 1232 3129 1287 σαυτὸν
3177 1233 3244 1287 τὰ
3305 1234 3535 1307 μέγιστα
3580 1233 3695 1304 ἐζη-

2052 1322 2281 1395 μίωσας,
2332 1321 2714 1396 ἀλλοτριώσας
2892 1323 3111 1377 σεαυτὸν
3159 1329 3259 1392 τῆς
3306 1326 3404 1378 τοῦ
3446 1324 3695 1397 85051]:-

2050 1432 2219 1486 ριτος.

2122 1592 2190 1645 Δ’.
2228 1593 2333 1643 Νῦν
2364 1587 2441 1658 δὲ,
2474 1590 2518 1644 ὦ
2548 1589 2826 1663 ποιμένων
2856 1589 3041 1664 ἃριστε
3080 1589 3170 1645 καὶ
3221 1589 3543 1664 τελεώτατε,
3595 1588 3715 1647 δεῦ-

2052 1679 2113 1756 ρό
2150 1701 2241 1752 μοι
2272 1680 2361 1733 καὶ
2391 1678 2484 1733 τὸν
2533 1680 2621 1733 σὸν
2664 1674 3023 1751 ἀπολάμϐανε
3069 1677 3200 1734 λαὸν
3247 1681 3338 1735 σὺν
3369 1682 3503 1753 ἡμῖν
3530 1701 3590 1735 τε
3618 1682 3714 1736 καὶ

2048 1770 2154 1845 πρὸ
2179 1772 2360 1841 ἡμῶν,
2404 1767 2460 1822 δν
2510 1768 2802 1844 ἐνεχείρισέ
2862 1790 2946 1823 σοι
3002 1768 3066 1822 τὸ
3109 1773 3329 1842 Πνεῦμα
3354 1770 3417 1824 τὸ
3448 1772 3619 1844 ἅγιον,
3647 1771 3711 1824 δν

2049 1859 2415 1935 προσάγουσιν
2459 1855 2705 1933 ἄγγελοι,
2756 1857 2814 1912 ὅν
2867 1860 2894 1914 ὁ
2948 1858 3064 1932 βίος
3125 1857 3214 1913 καὶ
3264 1860 3289 1914 ὃ
3334 1859 3535 1933 τρόπος
3596 1858 3713 1914 ἐπί-

2051 1970 2282 2004 στευσεν.
2334 1949 2398 2003 Εἰ
2454 1946 2511 2002 δὶ
2556 1946 2645 2002 διὰ
2689 1952 3006 2020 πειρασμῶν
3066 1949 3157 2003 xui
3222 1946 3567 2020 κωλυμάτων
3614 1950 3709 2003 τὸν

2048 2038 2232 2111 θρόνον
2261 2036 2653 2111 κληρονομεῖς,
2693 2038 2767 2110 μὴ
2811 2038 3088 2111 Θαυμάσῃς
3125 2055 3136 2070 ’
3190 2035 3344 2092 οὐδὲν
3391 2042 3501 2092 τῶν
3536 2038 3708 2112 μεγά-

2050 2126 2162 2182 λων
2192 2125 2478 2199 ἀδόκιμον,
2531 2125 2684 2181 οὐδὲν
2733 2122 3110 2183 ἀϐασάνιστον.
3163 2130 3388 2182 ’Ἐπεται
3419 2128 3520 2204 γὰρ
3552 2128 3707 2205 φύσει

2046 2223 2167 2279 τοῖς
2202 2218 2296 2289 μὲν
2323 2221 2599 2279 ταπεινοῖς
2627 2218 2689 2271 τὸ
2723 2213 2931 2290 ῥᾳδιον,
2960 2221 3077 2278 τοῖς
3111 2214 3169 2271 δὲ
3198 2214 3435 2290 ὑψηλοῖς
3464 2217 3526 2271 τὸ
3578 2214 3711 2271 δόσ-

2047 2328 2269 2377 κτητον.
2331 2310 2605 2368 ’Ἤκουσας
2661 2310 2760 2360 τοῦ
2818 2305 3087 2377 εἰπόντος,
3140 2308 3257 2361 Ὅτι
3310 2304 3389 2360 δεῖ
3438 2310 3586 2379 ἡμᾶς
3623 2305 3712 2362 διὰ

2047 2395 2273 2451 πολλῶν
2334 2396 2571 2469 θλίψεων
2645 2394 2902 2458 εἰσελθεῖν
2971 2395 3044 2457 εἷς
3100 2402 3198 2464 τήν
3265 2395 3543 2471 βασιλείαν
3608 2404 3714 2453 τῶν

2048 2484 2285 2559 οὐρανῶν
2324 2505 2335 2516 ·
2398 2484 2515 2539 εἰπὲ
2569 2483 2658 2539 καὶ
2716 2483 2919 2545 αὐτός·
2984 2482 3296 2555 Διήλθομεν
3377 2482 3467 2539 διὰ
3538 2488 3714 2563 πυρὸς

2046 2574 2136 2628 καὶ
2196 2572 2412 2644 ὕδατος,
2470 2573 2560 2628 καὶ
2618 2572 2878 2646 ἐξήγαγες
2924 2574 3071 2644 ἡμᾶς
3130 2572 3205 2634 είς
3269 2574 3579 2649 ἀναψυχήν,
3644 2582 3713 2630 ’Ὠ

2046 2667 2142 2717 τοῦ
2216 2663 2530 2734 θαύματοςῐ
2616 2664 2692 2719 Τὸ
2783 2660 3010 2738 ἑσπέρας
3089 2662 3325 2733 ηὐλίσθη
3402 2662 3705 2737 κλαυθμὸς,

2046 2753 2136 2807 καὶ
2166 2756 2241 2814 εἰς
2272 2753 2333 2806 τὸ
2390 2750 2536 2828 πρωί
2583 2749 2932 2826 ἀγαλλίασις.
2984 2753 3085 2807 "Eu
3134 2750 3326 2827 ληρεῖν
3366 2751 3498 2814 τοὺς
3538 2752 3706 2809 πολε-

2050 2844 2287 2911 μοῦντας
2364 2840 2455 2895 καὶ
2530 2841 2907 2915 περιχάσκειν,
2985 2840 3061 2902 ὡς
3120 2840 3285 2903 κύνας
3339 2840 3704 2906 ὑλακτοῦντας

2046 2926 2332 2998 διακενῆς·
2393 2932 2556 3003 ἡμεῖς
2615 2927 2673 2983 δὲ
2722 2930 2797 3001 μή
2850 2928 3241 3002 πολεμώμεθα.
3278 2927 3503 2986 Δίδασκε
3532 2953 3703 3009 προσ-

2042 3023 2218 3073 κυνεῖν
2273 3018 2401 3073 Θεὸν
2460 3019 2552 3073 τὸν
2605 3016 2836 3094 Πατέρα,
2898 3017 3027 3073 Θεὸν
3082 3018 3175 3073 τὸν
3227 3019 3372 3093 Υἱὸν,
3443 3021 3570 3075 Θεὸν
3639 3024 3703 3077 τὸ

2045 3112 2262 3181 Πνεῦμα
2308 3108 2371 3163 τὸ
2427 3108 2605 3183 ἅγιον,
2648 3106 2701 3163 ἐν
2748 3108 2921 3183 τρισὶν
2968 3109 3341 3177 ὑποστάσεσιν,
3394 3109 3446 3164 ἰν
3478 3131 3577 3183 μιᾳ
3606 3108 3701 3165 δό-

2043 3197 2102 3271 Eli
2135 3200 2213 3270 (4)
2242 3218 2301 3251 τε
2347 3197 2435 3251 καὶ
2491 3196 2864 3273 λαμπρότητι.
2909 3198 2985 3254 Τὸ
3032 3196 3326 3259 ἀπολωλὸς
3356 3197 3564 3268 ἐκζήτει
3593 3219 3606 3232 ·
3636 3200 3699 3253 τὸ

2042 3286 2255 3349 ἀσθενὶς
2304 3286 2553 3361 ὶνίσχυε’
2609 3288 2672 3341 τὸ
2718 3287 2939 3362 ἰσχυρὸν
2972 3303 3222 3365 (po/tuaac.
3260 3285 3537 3354 Τοσαύτην
3590 3287 3692 3340 άπ-

2043 3377 2298 3449 αιτοῦμέν
2359 3397 2417 3430 σε
2463 3377 2562 3444 τὴν
2606 3375 2657 3430 ἐν
2711 3380 2829 3438 τοῖς
2878 3378 3256 3449 πνευματικοῖς
3314 3371 3685 3445 εὐδοκίμησιν,

2043 3464 2173 3536 ὅσην
2225 3465 2313 3521 ἐπὶ
2361 3470 2469 3520 τῶν
2519 3470 2800 3538 κοσμικῶν
2852 3464 3213 3541 συνέγνωμεν.
3287 3463 3397 3531 Τὴν
3455 3463 3546 3535 μὶν
3595 3461 3685 3517 οὖν

2040 3555 2375 3628 τελεωτέραν
2432 3554 2649 3611 ὅπλισιν
2706 3552 2896 3630 δὲχοιο
2947 3558 3025 3627 (5)
3076 3553 3218 3627 παρὰ
3261 3556 3367 3607 τῖὐν
3433 3551 3695 3626 μειζόνων

2042 3649 2384 3720 στρατηγῶν,
2432 3643 2499 3699 δι’
2548 3646 2613 3713 ἧς
2673 3642 2875 3718 δυνήσῃ
2922 3644 2988 3697 τὰ
3035 3641 3171 3718 βὲλη
3212 3646 3311 3697 τοῦ
3350 3646 3595 3715 πονηροῦ
3634 3643 3703 3696 τὰ

2040 3735 2407 3810 πεπυρωμένα
2457 3729 2662 3804 σϐέσαι,
2711 3735 2801 3788 καὶ
2850 3735 3189 3808 παραστῆσαι
3234 3737 3314 3804 τῷ
3351 3731 3534 3807 Κυρίῳ
3566 3731 3697 3788 λαὸν

2038 3825 2371 3900 περιούσιον,
2397 3819 2546 3887 ἔθνος
2577 3822 2752 3898 ἆγιον,
2791 3822 3064 3898 βασίλειον
3097 3823 3412 3898 ἱεράτευμα,
3446 3821 3496 3877 ὲν
3538 3828 3701 3896 Χρισ-

2038 3919 2117 3985 τῷ
2162 3915 2337 3983 Ἰησοῦ
2386 3917 2465 3984 τῷ
2518 3913 2701 3987 Κυρίῳ
2732 3914 2890 3987 ἡμῶν
2924 3915 3024 3986 (6),
3058 3912 3105 3984 ᾧ
3136 3914 3170 3981 ἡ
3205 3908 3333 3983 δόξα
3361 3914 3436 3986 (7)
3468 3911 3544 3975 εἷς
3568 3911 3697 3974 τοὺς

2040 4003 2260 4065 αἰῶνας.
2296 4003 2354 4057 ’Δ
2366 4004 2497 4076 μήν.

258 4092 487 4161 liarem,
520 4098 752 4165 gentem
780 4095 1072 4161 sanctam,
1104 4092 1298 4166 regale
1330 4093 1723 4151 sacerdotium
1749 4095 1812 4163 ’5,
1846 4096 1903 4149 in
1936 4094 2165 4151 Christo
2208 4095 2342 4149 Jesu
2380 4093 2626 4150 Domino
2659 4096 2880 4161 nostro,
2913 4092 3005 4148 cui
3036 4092 3225 4166 gloria
3255 4093 3313 4149 in
3346 4092 3561 4150 saecula
3587 4109 3695 4149 sse-

263 4181 554 4238 culorum.
584 4183 790 4238 Amen.

338 4281 382 4316 1°
409 4280 589 4355 liuml
607 4297 723 4348 xv1,
758 4281 809 4335 1.
844 4352 863 4355 _
886 4280 932 4315 ²⁰
961 4282 1089 4335 Act.
1125 4296 1246 4349 xxv,
1274 4280 1363 4335 21.
1442 4282 1485 4316 ²¹
1520 4280 1670 4337 Psal.
1706 4298 1829 4353 va,
1864 4282 1950 4336 12.
2030 4282 2075 4317 ²²
2105 4281 2260 4339 Psal.
2292 4298 2448 4351 xxxx,
2478 4283 2532 4337 6.
2611 4282 2659 4318 ’3
2691 4282 2894 4338 Ezecb.
2935 4296 3135 4353 xxxrv,
3169 4282 3219 4339 4.
3300 4283 3349 4318 ²⁴
3385 4281 3597 4355 Ephes.
3626 4298 3691 4337 v1

265 4352 354 4406 16.
429 4350 474 4386 ³⁸
508 4352 529 4406 Ι
559 4352 715 4406 Petr.
750 4368 811 4416 ιι,
838 4352 891 4407 9.

264 4466 372 4504 vus
403 4464 646 4520 operum
681 4448 973 4522 S.7Basilii
1006 4448 1213 4522 editor,
1247 4448 1304 4504 in
1335 4451 1464 4522 ejus
1493 4450 1625 4505 Vita
1653 4454 1794 4507 tom.
1820 4452 1921 4517 Ili,

264 4538 314 4575 c.
347 4522 439 4590 24,
471 4538 531 4595 _n.
565 4521 708 4595 3,_7p.
745 4521 868 4584 116,
901 4521 1264 4595 probabilius
1307 4521 1478 4587 certe,
1513 4524 1921 4595 presbyterum

266 4592 589 4667 quemdam
618 4593 1003 4667 Tyanensem,
1029 4593 1145 4667 συί,
1161 4598 1364 4667 contra
1386 4592 1668 4650 Basi'lium
1694 4592 1923 4667 pugna-

264 4668 447 4731 verat,
478 4668 539 4748 _et
573 4665 876 4748 .in.ip_s.u_m
909 4664 1096 4748 etiam.
1117 4664 1767 4748 Gregoriumjnjecerat
1787 4664 1921 4748 ma-

265 4753 399 4810 nus,
430 4742 499 4810 ut
536 4737 608 4792 ab
638 4737 917 4810 Antbimo
950 4737 1203 4810 gratiam
1234 4737 1425 4810 iniret.
1455 4739 1599 4794 Huic
1652 4741 1748 4795 Dei
1799 4741 1922 4810 gla-

263 4807 445 4883 dium‘
485 4808 797 4883 imprecari
855 4807 1084 4883 videtur
1141 4809 1495 4883 Theologus,
1529 4835 1557 4883 (ς
1592 4816 1657 4867 ut
1703 4812 1759 4865 in
1802 4807 1924 4867 bac

262 4880 398 4954 vita,
434 4880 838 4954 inquithlias,
869 4881 1126 4937 audacia
1156 4898 1279 4938 suae
1309 4880 1511 4954 poenas
1540 4882 1733 4950 luens,
1758 4888 1921 4939 {eter-

263 4952 357 5007 nis
392 4952 710 5024 suppliciis
730 4953 1040 5009 eximatur.
1073 4975 1103 5001 ao

261 5021 528 5149 ἰῃξὲτῷ
556 5021 799 5099 μεγάλῳ.
836 5024 931 5081 Sic
975 5028 1093 5081 tres
1138 5025 1317 5097 Regg.
1350 5029 1407 5081 et
1435 5026 1530 5081 Or.
1570 5027 1613 5082 1.
1646 5026 1820 5081 Deest
1847 5028 1925 5095 τῷ

257 5108 316 5148 1n
352 5108 446 5150 ea.

2105 4454 2182 4535 (2)
2214 4451 2485 4535 Κατιωθῇ.
2527 4453 3010 4535 Rectiuanuam
3069 4452 3217 4535 κᾴτω
3248 4453 3339 4524 θῇ,
3373 4458 3461 4535 ιιιῆ
3491 4452 3694 4535 Dillius

2034 4524 2291 4597 primum
2325 4524 2545 4597 legerat
2575 4530 2632 4579 et
2661 4524 3014 4596 reddiderat,
3039 4547 3068 4574 ‹‹
3100 4526 3376 4581 deorsum
3422 4525 3524 4581 Dei
3571 4524 3692 4596 gla-

2033 4598 2179 4687 dius
2209 4598 2587 4687 propendeat.
2616 4619 2641 4646 ››

2106 4669 2181 4740 (3)
2212 4665 2643 4741 ίΑλλοτρι-ῴσας.
2675 4688 2706 4721 ι
2736 4667 2836 4724 Dei
2868 4667 3056 4739 gratia
3087 4671 3142 4724 te
3173 4669 3507 4724 excludens.
3535 4690 3563 4717 »

2103 4736 2182 4811 (4)
2337 4736 2435 4811 μιᾷ
2469 4736 2613 4813 δόξῃ.
2642 4763 2677 4813 γι(
2705 4741 2773 4813 iIn
2808 4736 2924 4797 una
2955 4741 3285 4811 majestate.
3312 4761 3341 4790 »

2126 4815 2180 4880 5)
2213 4810 2429 4885 Δέχοιο.
2466 4835 2495 4863 ‹‹
2528 4810 2801 4884 Abcipito.
2832 4834 2859 4885 υ

2126 4815 2180 4880 5)
2213 4814 2429 4885 Δέχοιο.
2466 4835 2495 4863 ‹‹
2528 4814 2801 4884 Accipito.
2832 4834 2859 4860 ››

2063 4814 2418 4965 ,ίϐγΗμῶψ
2452 4886 2545 4941 Sto
2591 4885 2651 4939 in
2702 4884 2974 4955 pluribus
3026 4884 3197 4939 codd.
3248 4887 3417 4939 Deest
3459 4883 3518 4937 in
3574 4880 3694 4937 edi-

2032 4958 2130 5011 tis.

2215 5025 2366 5095 Δόξα.
2404 5028 2643 5083 Addunt
2672 5025 2963 5098 nonnulli,
2987 5024 3076 5081 xui
3106 5026 3168 5079 τὸ
3199 5026 3417 5100 κράτος,
3442 5047 3470 5076 ‹‹
3506 5030 3563 5081 et
3591 5023 3698 5080 im-

2034 5114 2285 5170 penum.
2323 5120 2348 5148 r.

929 5276 1085 5335 πθ
1146 5282 1706 5374 MONITUM
1764 5288 1876 5373 IN
1938 5286 2622 5380 ORATIONEM
2679 5292 2922 5376 XIV.

343 5541 391 5599 Ι.
463 5538 765 5630 Quamvis
818 5539 879 5598 in
938 5542 1283 5630 plerisque_
1308 5561 1501 5630 manu
1536 5544 1831 5630 ‘exaratis
1884 5546 2238 5630 codicibus,
2301 5547 2439 5630 haec
2497 5549 2700 5610 Oratio
2757 5549 2941 5611 istum
3003 5570 3135 5630 prae
3194 5569 3260 5611 se
3317 5552 3478 5611 ferat
3534 5548 3693 5630 titu-

263 5615 396 5679 lum
450 5639 464 5679 :

343 5725 422 5796 (8)
453 5726 607 5784 Hier.
640 5724 719 5779 De
748 5724 935 5792 script.
968 5725 1121 5796 eccl.,
1153 5730 1245 5784 ed.
1279 5729 1411 5786 Bas.
1447 5730 1606 5797 1529,
1640 5745 1772 5801 pag.
1808 5732 1930 5788 149.

544 5622 673 5701 Περί
732 5622 1174 5702 πτωχοτροφίας,
1238 5624 1321 5684 De
1376 5622 1602 5684 alendis
1651 5625 1933 5703 pauperil

2051 5649 2070 5694 ;
2144 5628 2539 5707 praetulimus
2616 5636 2827 5693 tamen
2904 5622 3048 5691 cum
3116 5631 3501 5713 Hieronymo
3561 5629 3693 5710 (8),
