4070 6426
426 464 538 526 861
1342 456 1636 518 ORATIO
1679 456 1843 519 XIV.
1884 487 1961 501 -
2001 457 2105 516 DE
2150 453 2588 515 PAUPERUM
2636 453 2939 515 AMORE.
3742 447 3863 509 862

430 594 561 668 ὑπερ
609 594 717 647 τῶν
770 589 1101 659 λιθαζόντων
1157 586 1315 642 αὐτὸν
1384 587 1854 663 προσευχόμενος.
1920 586 2083 641 Καλὸει

2206 602 2308 643 sus
2335 604 2456 653 eos,
2492 586 2593 657 qui
2626 585 2916 657 impetum
2951 584 3011 638 in
3044 584 3241 655 ipsum
3261 583 3643 651 faciebant,ac
3667 582 3783 638 vim
3807 582 3858 637 ei

436 681 768 759 ἠπραότης,
800 679 890 735 καὶ
927 681 1257 754 μαρτυροῦσι
1308 682 1549 747 Μωϋσῆς
1598 676 1689 731 καὶ
1737 671 1925 747 Δαόὶδ,
1977 679 2083 730 τοῦι

2207 678 2545 745 efferebant,
2586 675 2877 732 recusavit
2908 676 2978 740 ³⁷,
3019 690 3123 729 nec
3173 674 3404 729 Petrum
3453 672 3665 739 solum,
3700 673 3857 745 quod

424 793 489 827 το
521 773 628 848 πρὸ
671 775 778 826 τῶν
816 767 1005 825 ἄλλων
1041 766 1492 843 μαρτυρηθέντες,
1542 765 1631 821 xui
1681 766 1709 820 6
1756 764 1961 821 τούτων
2009 762 2083 819 δι-

2206 766 2470 838 gladium
2503 764 2867 832 sustulisset,
2902 762 3233 835 objurgavit
3264 763 3538 833 33,verum
3570 762 3620 817 ei
3653 762 3855 828 etiam,

429 860 723 933 δάσκαλος,
778 858 875 914 οὐκ
918 857 1132 932 ἐρίζων,
1184 854 1308 911 οὐδὲ
1353 857 1692 932 κραυγάζων,
1736 853 1861 910 οὐδὲ
1892 855 1941 910 ἐν
1974 859 2083 917 ταῖς

2206 855 2305 928 qui
2332 872 2650 927 percussus
2678 855 3101 921 fuerat,aurem
3134 851 3397 908 restituit
3417 852 3481 905 3°.
3506 850 3666 913 Quod
3682 852 3857 907 etiam

429 950 715 1012 πλατείαις
764 950 949 1028 φωνὴν
989 946 1338 1023 προϊέμενος,
1390 944 1515 1001 οὐδὲ
1566 950 1895 1021 ζυγομαχῶν
1958 945 2083 1019 πρὸς

2203 946 2399 1018 ipsum
2433 950 2635 1017 postea
2678 944 3015 1015 Stephanus
3066 943 3206 998 item
3250 940 3469 998 Christi
3527 940 3855 1012 discipulus

430 1039 565 1101 τοὺς
594 1041 845 1113 ἄγοντας.

2204 1035 2639 1109 praestitit,cum
2672 1051 2774 1106 pro
2806 1033 2941 1101 iis,a
2972 1033 3189 1104 quibus
3222 1031 3617 1100 lapidabatur,
3660 1046 3858 1100 preces

429 1131 582 1186 fudit
606 1131 671 1185 ⁴⁰.
704 1129 955 1185 Pulchra
978 1144 1071 1184 res
1103 1128 1255 1184 259
1290 1126 1703 1192 mansuetudo,
1738 1128 1917 1181 testes
1948 1130 2089 1181 sunt
2119 1126 2345 1200 Moyses
2368 1126 2411 1161 ὀι
2448 1129 2503 1179 et
2538 1124 2711 1179 David
2745 1124 3034 1194 “,quibus
3058 1139 3174 1193 prae
3202 1121 3425 1177 caeteris
3450 1137 3517 1175 ea
3545 1118 3676 1174 laus
3708 1119 3855 1173 Scri-

426 1224 608 1292 ptum
639 1217 976 1275 testimonio
1008 1215 1231 1272 tributa
1260 1220 1349 1270 est
1378 1233 1390 1283 ;
1426 1220 1594 1285 atque
1625 1214 1835 1269 horum
1871 1216 2172 1287 magister,
2203 1233 2319 1271 non
2350 1215 2733 1283 contendens,
2762 1228 2867 1269 nec
2899 1212 3297 1280 clamans,nec
3324 1211 3381 1265 in
3416 1209 3624 1282 plateis
3648 1225 3853 1264 vocem

428 1308 703 1365 emittens
738 1308 802 1378 ³⁸,
835 1322 941 1362 nec
971 1304 1064 1361 iis.
1099 1322 1132 1359 a
1163 1304 1379 1376 quibus
1411 1304 1758 1375 ducebatur,
1794 1303 2125 1360 obluctans.

500 1397 568 1451 Γ’.
606 1394 786 1452 Καλὸν
821 1395 849 1449 6
882 1392 1073 1464 ζῆλος,
1105 1393 1194 1447 καὶ
1248 1396 1509 1467 μαρτυρεῖ
1556 1392 1765 1461 Φινεὲς,
1821 1393 1921 1461 τήν
1982 1399 2090 1447 Μα-

429 1484 650 1541 διανῖτιν
705 1487 815 1557 (29)
862 1487 942 1555 τῷ
988 1480 1301 1559 Ἰσραηλίτῃ
1350 1484 1795 1551 συνεκκεντήσας,
1839 1479 1928 1535 ’ίνα
1976 1484 2090 1556 (30)

429 1574 583 1649 ἐξέλῃ
632 1571 839 1635 ὄνειδος
871 1571 922 1643 ἐξ
973 1572 1103 1626 υἱῶν
1155 1569 1399 1648 Ἰσραήλ,
1447 1572 1537 1625 xui
1593 1571 1913 1643 ἀνομασθεὶς
1978 1573 2090 1644 (31)

428 1664 481 1719 ἐν
514 1670 612 1733 τῆς
659 1662 1065 1738 προαιρέσεων
1119 1661 1207 1714 καὶ
1261 1662 1375 1733 μετ’
1409 1661 1636 1728 ἐκεῖνον,
1686 1661 1737 1715 oi
1786 1658 2042 1734 λέγοντες
2073 1679 2088 1692 ’

425 1752 619 1822 Ζηλῶν
677 1750 935 1822 ἐζήλωκα
982 1754 1063 1823 τῷ
1123 1749 1308 1824 Κυρίῳ
1515 1769 1527 1781 ·
1592 1750 1705 1818 xui,
1766 1748 1928 1817 Ζηλῶ
1984 1750 2088 1826 γὰρ

425 1843 566 1915 ὑμᾶς
628 1845 761 1895 Θεοῦ
822 1839 1018 1912 ζήλῳ’
1078 1839 1189 1908 καὶ,
1248 1840 1305 1891 Ὀ
1365 1837 1536 1908 ζῆλος
1609 1842 1706 1893 τοῦ
1786 1835 1938 1893 ο⁹ἷκου
1993 1859 2088 1893 σου

2273 1395 2364 1449 ΙΙΙ.
2401 1392 2651 1448 Pulchra
2682 1409 2772 1448 res
2805 1392 2985 1461 zelus,
3038 1390 3198 1447 testis
3242 1390 3513 1457 Pbinees,
3571 1389 3668 1460 qui
3732 1389 3853 1445 Ma—

2201 1484 2544 1539 dianitidem
2584 1499 2699 1537 una
2730 1499 2862 1536 cum
2898 1480 3162 1537 Israelita
3192 1480 3386 1552 gladio
3419 1478 3648 1550 trajecit
3681 1480 3747 1545 “,
3786 1483 3851 1533 ut

2199 1572 2432 1629 lsraelis
2468 1572 2619 1627 ﬁlios
2652 1589 2684 1626 a
2715 1572 2924 1643 probro
2957 1575 3012 1626 et
3042 1570 3287 1625 infamia
3316 1568 3655 1638 vindicaret,
3672 1572 3849 1640 atque

2200 1678 2267 1717 ex
2295 1661 2476 1717 animi
2508 1661 2778 1717 instituto
2812 1676 3022 1716 nomen
3050 1660 3227 1715 traxit
3255 1676 3269 1713 :
3304 1662 3483 1713 testes
3516 1658 3694 1713 etiam
3720 1661 3851 1729 post

2196 1768 2333 1807 eum
2372 1751 2480 1819 illi,
2517 1750 2617 1822 qui
2678 1750 2771 1805 his
2816 1750 3004 1805 verbis
3063 1750 3383 1804 utebantur
3416 1748 3576 1802 :Zelo
3632 1748 3850 1801 uelatus

2195 1857 2316 1896 sum
2344 1856 2445 1913 pro
2474 1841 2705 1896 Domino
2735 1841 3113 1910 omnipotente
3146 1837 3189 1872 ⁵⁵
3226 1856 3239 1906 ;
3274 1837 3612 1903 et,.'Emulor
3643 1853 3733 1891 vos
3754 1837 3858 1891 Dei

424 1930 790 2008 καταφάγεταί
826 1951 892 2002 με
917 1948 929 1960 ·
960 1929 1049 1983 καὶ
1084 1931 1144 1982 ού
1194 1926 1443 2004 λέγοντες
1493 1932 1655 1983 τοῦτο
1712 1927 1894 2001 μόνον,
1946 1926 2083 1982 ἀλλᾶ

2203 1930 2553 1986 aemulatione
2582 1930 2660 1996 “;
2694 1934 2770 1994 et,
2807 1928 2963 1983 Zelus
2992 1927 3184 1982 domus
3214 1931 3323 1981 tuae
3375 1925 3607 1982 comedit
3636 1941 3723 1982 me
3751 1926 3793 1959 ⁴⁷
3831 1942 3844 1980 :

426 2022 517 2076 xui
560 2021 886 2094 πάσχοντες.
935 2017 1112 2073 Καλὸν
1181 2018 1529 2090 ὑποπιασμὸς
1596 2019 1709 2089 (33)
1786 2018 2039 2089 σώματος
2075 2036 2088 2049 ο

423 2110 514 2164 καὶ
546 2108 777 2163 πειθέτω
808 2129 865 2162 σε
914 2105 1152 2175 Παῦλος,
1206 2106 1390 2162 ἑαυτὸν
1439 2103 1514 2160 ἔτι
1566 2104 1957 2181 παιδαγωγῶν,
2000 2104 2089 2160 καὶ

425 2194 612 2278 φοϐῶν
644 2196 733 2253 διὰ
760 2201 861 2252 τοῦ
907 2196 1128 2273 Ἰσραὴλ
1178 2195 1307 2259 τοὺς
1362 2197 1573 2258 ἑαυτοῖς
1623 2194 1954 2271 θαρροῦντας
2000 2195 2090 2249 καὶ

426 2288 669 2367 ἐφιέντας
728 2289 840 2360 (34)
896 2290 975 2357 τῷ
1036 2286 1289 2359 σώματι·
1349 2283 1438 2339 καὶ
1500 2286 1710 2355 Ἰησοῦς
1770 2282 1929 2346 αὐτὸς
1987 2305 2089 2354 νη-

429 2377 653 2445 στεύων,
708 2374 797 2429 καὶ
868 2374 1282 2448 πειραζόμενος,
1353 2375 1443 2429 xui
1518 2377 1678 2429 νικῶν
1747 2373 1839 2428 τὸν
1907 2374 2092 2448 πειρά-

436 2472 611 2535 ζοντα.
659 2462 835 2519 Καλὸν
870 2465 1155 2539 προσευχὴ
1200 2463 1291 2517 καὶ
1348 2462 1653 2539 ἀγρυπνία·
1711 2463 1799 2517 xui
1858 2462 2089 2525 πειθέτω

434 2577 493 2610 σε
524 2554 652 2616 Θεὸς
692 2555 975 2629 ἀγρυπνῶν
1009 2554 1115 2629 πρὸ
1160 2558 1257 2607 τοῦ
1306 2551 1529 2621 πάθους,
1575 2554 1664 2607 xui
1711 2552 2090 2629 προσευχόμε-

433 2663 547 2703 νος.
604 2639 778 2695 Καλὸν
837 2639 1043 2714 ἁγνεία,
1095 2638 1185 2694 xui
1233 2640 1526 2715 παρθενία·
1590 2639 1678 2694 καὶ
1744 2638 1975 2704 πειθέτω
2033 2659 2091 2693 σε

435 2729 651 2793 Παῦλος
691 2730 814 2805 περὶ
861 2728 1071 2784 τούτων
1119 2730 1448 2801 νομοθετῶν,
1509 2730 1598 2783 καὶ
1666 2724 1944 2805 βραϐεύων
2007 2726 2089 2783 δι-

428 2821 595 2882 καίως
627 2821 791 2895 γάμῳ
840 2819 927 2873 xui
979 2817 1206 2893 ἀγαμίᾳ,
1257 2819 1347 2872 καὶ
1403 2819 1611 2888 Ἰησοῦς
1660 2818 1820 2880 αὐτὸς
1854 2817 1913 2873 ἐκ
1943 2824 2089 2895 Παρ-

430 2909 586 2964 θένου
644 2910 1004 2985 γεννώμενος,
1059 2906 1153 2962 ’ίνα
1208 2907 1298 2962 xui
1370 2908 1617 2983 γέννησιν
1692 2910 1921 2983 τιμήσῃ,
1996 2908 2085 2963 xui

430 3001 748 3073 προτιμήσῃ
792 2996 1104 3071 παρθενίαν.
1174 2998 1347 3051 Καλὸν
1414 2996 1729 3073 ἐγκράτεια·
1797 2998 1886 3053 καὶ
1962 3018 2086 3053 πει-

433 3087 571 3150 θέτω
625 3109 681 3142 σε
749 3082 914 3142 Δαϐὶδ
985 3087 1149 3156 ἡνίκα
1217 3090 1313 3141 τοῦ
1381 3085 1431 3140 ἐν
1513 3084 1759 3160 Βηθλεὲμ
1825 3088 2087 3163 ἐκράτησε

431 3176 684 3253 φρέατος,
736 3177 811 3250 μὴ
868 3177 1031 3249 πιὼν,
1078 3174 1221 3231 ἀλλὰ
1270 3175 1485 3238 σπείσας
1538 3175 1699 3250 μόνον
1730 3182 1826 3231 τοῦ
1867 3175 2081 3251 ὕδατος,

436 3263 578 3337 μηδὲ
608 3263 984 3339 ἀνασχόμενος
1018 3260 1154 3319 ἴδιον
1188 3262 1480 3341 πληρῶσαι
1512 3266 1680 3328 πάθος
1713 3264 1763 3321 ἰν
1802 3264 2083 3343 ἀλλοτρίῳ
2115 3307 2158 3374 C

426 3374 639 3427 αιματι.

2202 2035 2309 2075 nec
2357 2018 2548 2073 solum
2600 2018 2709 2072 hoc
2758 2016 3051 2080 dicebant,
3116 2018 3217 2073 sed
3267 2015 3445 2071 etiam
3493 2014 3843 2070 sentiebant.

2199 2107 2451 2162 Pulchra
2480 2123 2572 2162 res
2602 2106 2860 2178 corporis
2892 2105 3217 2179 castigatio;
3254 2104 3309 2159 id
3344 2104 3447 2159 tibi
3472 2102 3690 2159 Paulus
3718 2120 3845 2174 per-

2201 2198 2465 2263 suadeat,
2501 2196 2761 2268 seipsum
2796 2195 2989 2251 adhuc
3022 2196 3259 2251 domans
3281 2198 3337 2250 et
3385 2210 3655 2249 coercens
3681 2194 3745 2263 ‘3,
3780 2208 3846 2248 ac

2200 2303 2303 2358 per
2337 2285 2628 2352 Israelem,
2662 2285 2757 2352 iis,
2791 2284 2891 2357 qui
2924 2286 3033 2340 sibi
3067 2285 3212 2356 ipsis
3253 2284 3465 2351 ﬁdunt,
3500 2283 3847 2355 corporique

2201 2375 2531 2447 indulgent,
2582 2378 2864 2430 terrorem
2914 2374 3224 2446 injiciens;
3260 2377 3434 2445 atque
3481 2374 3625 2428 adeo
3670 2372 3846 2428 Jesus

2199 2465 2327 2536 ipse
2349 2466 2651 2537 jejunans,
2684 2468 2859 2535 atque
2889 2464 3277 2519 tentationem
3322 2464 3588 2531 subiens,
3633 2468 3690 2518 et
3719 2466 3843 2518 ten-

2200 2557 2445 2609 tatorem
2479 2570 2763 2625 superans
2792 2555 2855 2609 ιθ.
2890 2554 3140 2608 Pulchra
3169 2570 3260 2609 res
3298 2554 3482 2608 oratio
3512 2557 3571 2609 et
3599 2552 3797 2625 vigilia
3829 2570 3841 2607 :

2200 2643 2378 2713 hujus
2409 2642 2489 2698 rei
2519 2644 2694 2698 fidem
2727 2643 2832 2699 tibi
2878 2643 3053 2699 faciat
3099 2643 3294 2710 Jesus,
3342 2646 3475 2697 ante
3510 2642 3842 2713 passionem

2197 2732 2445 2804 vigilans
2477 2732 2867 2804 precibusque
2892 2732 3262 2788 imcumbens
3314 2732 3377 2786 ⁵ο.
3437 2730 3694 2786 Pulchra
3751 2748 3843 2787 res

2197 2821 2545 2877 castimonia
2570 2826 2626 2877 et
2641 2822 2946 2893 virginitas
2976 2840 2988 2888 ;
3023 2822 3197 2877 fidem
3222 2822 3400 2876 Paulo
3421 2822 3728 2892 arroga,de
3749 2820 3842 2875 his

2197 2912 2373 2967 rebus
2402 2911 2559 2983 leges
2591 2912 2892 2977 statuenti,
2925 2927 2991 2967 ac
3020 2910 3378 2965 matrimonii
3410 2914 3467 2966 et
3493 2909 3844 2982 virginitatis

2195 2999 2650 3056 controversiam
2682 2999 3017 3071 tequissime
3073 2999 3425 3071 disceptanti
3483 3000 3551 3065 δι,
3610 2999 3842 3071 ipsique

2195 3089 2369 3145 etiam
2402 3090 2641 3159 Jesu,ex
2668 3089 2894 3161 virgine
2920 3088 3204 3158 nascenti,
3228 3093 3293 3143 ut
3323 3092 3380 3144 et
3409 3088 3844 3160 generationem

2194 3178 2415 3235 honore
2446 3178 2684 3245 efﬁciat,
2730 3183 2787 3235 et
2832 3179 3232 3251 virginitatem
3284 3177 3504 3233 honore
3556 3179 3844 3250 praeferat.

2196 3268 2439 3326 Pulchre
2476 3285 2569 3324 res
2599 3269 2960 3325 continentia
2994 3294 3007 3336 ;
3042 3271 3273 3324 moveat
3300 3271 3357 3323 te
3383 3268 3618 3324 Davidis
3649 3274 3848 3324 aucto-

2196 3359 2360 3423 ritas,
2396 3358 2519 3430 qui,
2550 3362 2618 3413 ut
2676 3357 3125 3414 Bethleemiticas
3182 3358 3445 3413 cisternae
3506 3359 3675 3431 copia
3732 3358 3848 3429 ipsi

429 3445 583 3501 facta
612 3449 723 3515 est,
757 3444 1002 3501 minime
1032 3446 1181 3501 bibit
1210 3446 1277 3518 ‘9,
1302 3462 1505 3502 verum
1537 3463 1751 3519 aquam
1782 3450 2012 3503 tantum
2044 3447 2268 3519 libavit,
2301 3464 2407 3503 nec
2439 3448 2651 3503 adduci
2687 3448 2880 3519 potuit
2911 3454 2976 3504 ut
3011 3448 3173 3502 sitim
3221 3463 3391 3502 snam
3441 3464 3543 3520 per
3590 3447 3849 3503 alienum

424 3550 689 3591 cruorem
725 3533 999 3606 expleret.

498 3623 569 3678 A'.
613 3621 790 3677 Καλὸν
839 3621 1042 3697 ἐρημία
1080 3622 1169 3677 καὶ
1236 3621 1444 3698 ἡσυχία
1494 3624 1642 3697 (35)’
1703 3625 1793 3679 καὶ
1843 3622 2082 3679 διδάσκει

430 3730 497 3783 με
540 3710 567 3764 ὁ
616 3709 917 3786 Κάρμηλος
975 3710 1185 3782 Ἠλίου,
1225 3711 1260 3779 ἢ
1313 3710 1521 3787 ἔρημος
1576 3711 1852 3785 Ἰωάννου,
1903 3715 2083 3783 Ἰησοῦ

425 3799 484 3852 τὸ
542 3794 691 3875 ὅρος,
755 3799 832 3861 εἷς
883 3798 913 3853 6'
968 3798 1241 3861 πολλάκις
1301 3800 1603 3877 ἀναχωρῶν
1666 3800 1925 3879 φαίνεται,
1992 3804 2081 3857 xui

423 3889 541 3943 καθ’
571 3888 805 3964 ἡσυχίαν
868 3888 1041 3960 ἑαυτῷ
1099 3889 1489 3965 συγγινόμενος
1540 3893 1673 3964 (36).
1726 3890 1900 3945 Καλὸν
1933 3895 1968 3961 ἡ
2003 3892 2082 3947 εὐ-

420 3975 605 4033 τέλεια
660 3979 811 4051 (37)·
862 3978 951 4032 xui
1010 3975 1247 4033 διδάσκει
1310 4000 1377 4052 με
1432 3977 1623 4042 Ἠλίας
1681 3980 2082 4054 ἀναπαυόμενος

420 4068 567 4138 παρὰ
614 4068 785 4142 χήρᾳ,
856 4065 1113 4138 Ἰωάννης
1191 4068 1328 4142 θριξὶ
1403 4070 1665 4142 καμήλου
1726 4068 2079 4143 σκεπόμενος,

424 4154 626 4229 Πέτρος
689 4154 947 4231 ἀσσαρίου
996 4155 1219 4233 θέρμοις
1264 4156 1615 4236 τρεφόμενος.
1666 4156 1843 4213 Καλὸν
1893 4161 1927 4228 ἡ
1985 4181 2079 4214 τα-

421 4244 846 4323 πεινοφροσύνη,
873 4245 962 4299 καὶ
992 4244 1182 4301 πολλά
1212 4245 1436 4317 ταύτης,
1485 4245 1575 4302 xui
1619 4245 1967 4325 πολλαχόθεν
2015 4248 2083 4303 τὰ

426 4332 816 4410 ὑποδείγματα,
877 4333 966 4389 καὶ
1010 4335 1117 4410 πρὸ
1167 4340 1274 4390 τῶν
1328 4334 1539 4409 ἄλλων,
1581 4338 1609 4392 ὁ
1640 4336 1850 4393 πάντων
1883 4340 2079 4415 Σωτὴρ

423 4423 515 4477 xui
575 4422 875 4495 Δεσπότης,
932 4422 993 4478 οὐ
1050 4425 1391 4487 ταπεινώσας
1450 4426 1636 4481 ἑαυτὸν
1698 4428 1863 4501 μόνον
1915 4426 2080 4503 μέχρι

425 4508 626 4566 δούλου
661 4514 898 4591 μορφῆς,
946 4509 1071 4568 οὐδὲ
1116 4514 1179 4568 τὸ
1225 4513 1519 4589 πρόσωπον
1572 4515 1805 4593 αἰσχύνῃ
1864 4517 2081 4579 ὑποθεὶς

423 4599 846 4675 ἔμπτυσμάτων,
897 4603 988 4657 καὶ
1036 4603 1171 4675 μετά
1218 4606 1326 4658 τῶν
1353 4603 1575 4677 ἀνόμων
1605 4602 1902 4682 λογισθεὶς,
1932 4607 1960 4660 ὁ
1991 4606 2081 4660 τὸν

492 4701 535 4739 ³⁷
562 4701 769 4758 Matth.
802 4718 955 4769 xxvr,
989 4702 1079 4757 53.
1158 4701 1201 4737 ³⁸
1234 4702 1372 4757 Luc.
1404 4721 1543 4773 χχιι,
1576 4705 1667 4759 50.
1745 4707 1792 4741 ³ο
1813 4704 1958 4760 ibid.
1989 4706 2081 4759 51.

2229 4707 2353 4761 Act.
2385 4722 2484 4772 vn,
2518 4704 2607 4760 59.
2712 4709 2758 4763 ‘I
2791 4707 2964 4762 Num.
2999 4723 3097 4772 xu,
3129 4708 3182 4762 3.

1210 4773 1255 4809 “
1283 4775 1455 4849 Num.
1498 4793 1629 4849 xxv,
1660 4778 1749 4849 7.7
1793 4777 1839 4811 ‘5
1869 4776 1949 4849 IlI
2005 4776 2147 4848 Reg.

421 4773 467 4808 ‘3
499 4773 611 4830 Isa.
644 4790 780 4841 xm,
812 4777 868 4839 2,
898 4779 1016 4838 L111,
1044 4776 1103 4835 7,

420 4844 464 4920 ξς
494 4851 513 4920 l
538 4846 665 4920 Cor.
700 4862 776 4912 ιχ,
807 4844 898 4899 27.
975 4845 1026 4920 ff
1051 4845 1255 4920 Matth.
1290 4846 1414 4913 1v,l
1454 4864 1584 4920 sqq.

1664 4848 1708 4883 ⁵ο
1736 4848 1945 4904 Matth.
1986 4865 2141 4915 xxv1,
2197 4850 2287 4904 36.

2266 3627 2352 3681 IV.
2388 3627 2639 3682 Pulchra
2686 3644 2778 3683 res
2829 3626 3084 3683 solitudo
3152 3630 3209 3681 et
3259 3625 3458 3696 quies;
3522 3624 3699 3696 idque
3754 3643 3848 3682 me

2192 3716 2361 3771 docet
2392 3715 2524 3770 Eliaa
2569 3715 2873 3770 Carmelus
2920 3716 2988 3781 ⁵³,
3048 3714 3293 3770 Joannis
3354 3715 3650 3771 desertum
3682 3716 3749 3781 5‘,
3782 3734 3848 3772 ac

2192 3822 2363 3860 mons
2394 3805 2439 3838 ⁵⁵
2469 3805 2723 3876 denique
2758 3804 2874 3873 ille,
2901 3805 2959 3858 in
2992 3820 3165 3876 quem
3218 3805 3421 3860 Jesum
3474 3821 3627 3871 saepe
3658 3821 3847 3861 seces-

2191 3893 2356 3961 sisse,
2415 3910 2738 3964 secumque
2788 3892 3022 3949 silentio
3072 3897 3372 3948 versatum
3443 3909 3571 3949 esse
3619 3899 3852 3950 constat

2190 3982 2441 4038 Pulchra
2472 3999 2562 4038 res
2594 3984 2783 4039 victus
2826 3983 3084 4039 tenuitas
3121 4009 3135 4051 -,
3170 3983 3522 4038 documento
3570 3983 3715 4038 mihi
3763 3988 3853 4040 est

2188 4071 2344 4127 Elias
2374 4073 2439 4143 ⁵⁸,
2473 4073 2572 4144 qui
2604 4073 2758 4143 apud
2806 4071 3039 4127 viduam
3082 4071 3472 4141 reﬁciebatur,
3502 4071 3758 4129 Joannes
3781 4073 3846 4140 ‘7,

2191 4161 2291 4233 qui
2323 4162 2526 4218 cameli
2560 4161 2696 4233 pilis
2726 4161 3394 4234 tegebatur,Petrus,qui
3424 4161 3646 4232 lupinis
3669 4163 3845 4219 unico

2192 4268 2322 4309 asse
2339 4253 2556 4324 emptis
2579 4251 3128 4309 alebatur.Pulchra
3149 4269 3241 4308 res
3263 4251 3847 4326 humilitas,ejusqus

2191 4342 2380 4398 multa
2396 4341 2661 4415 exempla
2679 4342 2902 4414 passim
2924 4347 3250 4413 exstant,ac
3270 4359 3385 4414 prae
3419 4341 3552 4398 aliis
3578 4344 3845 4399 omnium

2191 4432 2459 4488 Salvator
2487 4449 2555 4487 ac
2585 4432 2895 4499 Dominus,
2939 4432 3042 4503 qui
3096 4449 3207 4487 non
3252 4432 3426 4488 modo
3477 4432 3739 4506 seipsum
3771 4435 3842 4489 ad

2191 4537 2381 4593 usque
2412 4522 2561 4577 servi
2585 4522 2834 4577 formam
2869 4522 3081 4592 dejecit
3110 4522 3257 4589 ⁵⁸,αο
3290 4526 3598 4593 sputorum
3630 4524 3844 4595 probro

2193 4614 2249 4664 et
2280 4609 2649 4665 contumeliae
2680 4611 2891 4665 faciem
2926 4611 3258 4681 supposuit,
3292 4615 3348 4666 et
3374 4627 3508 4667 cum
3540 4612 3842 4669 sceleratis

3290 4708 3336 4741 ⁶²
3373 4707 3520 4763 Psal.
3571 4725 3757 4777 cxxxx,
3784 4710 3809 4766 l
3828 4755 3841 4767 .

3180 4779 3222 4813 ‘7
3282 4778 3433 4835 Psal.
3494 4797 3689 4847 vam,
3752 4784 3843 4838 10.

2205 4794 2320 4849 χιχ,
2381 4778 2467 4831 14.
2545 4778 2666 4832 “ll
2726 4780 2854 4835 Cor.
2915 4795 2992 4832 χι.
3048 4779 3105 4843 2,
3180 4779 3222 4813 ⁴⁷
3282 4778 3433 4835 Psal.
3494 4797 3689 4847 vam,
3752 4784 3837 4838 10.

2205 4849 2402 4925 ηδ]
2432 4850 2565 4925 ger.
2597 4866 2721 4919 vm,
2773 4851 2864 4925 25.
2897 4849 3092 4925 “5111
3121 4854 3287 4925 _Reg.
3347 4867 3525 4925 mu,
3577 4852 3837 4925 15___sqq.

2364 4849 2402 4883 ⁵³
2436 4850 2565 4905 Cor.
2597 4866 2721 4919 vm,
2775 4851 2864 4905 25.

417 4917 463 4951 ⁸³
495 4918 570 4998 Ill
603 4918 744 4989 Reg.
771 4933 935 4986 xvm,
968 4918 1061 4975 32.
1147 4918 1192 4952 5‘
1222 4919 1359 4974 Luc.
1394 4936 1437 4989 1,
1468 4917 1562 4975 8οῖ
1635 4920 1679 4954 ⁵³
1709 4920 1917 4977 Matth.
1945 4937 2062 4991 xw,

2258 4922 2301 4957 ⁵⁸
2324 4922 2398 4976 ΙΙΙ
2432 4922 2571 4994 Reg.
2594 4917 2727 4993 xvu,
2759 4923 2811 4977 9.
2895 4921 2938 4955 ⁵⁷
2972 4921 3180 4988 Matth,
3234 4917 3320 4978 ῖιι.
3356 4924 3407 4978 4.
3486 4923 3530 4957 5°
3580 4917 3837 4998 Philipp.

424 5005 483 5056 ιι,
520 4989 574 5043 6.

378 5136 387 5145 _
487 5078 595 5149 (29)
630 5074 973 5133 Μαδιανῖτιν.
1008 5077 1192 5149 Οι·.ᾼ2,
1227 5074 1581 5149 Μαδιανίτην.

511 5146 603 5220 30)
633 5149 781 5220 “lvu.
800 5154 938 5220 Reg.
975 5150 1074 5220 ph,
1103 5146 1189 5203 ἶν’.

509 5218 727 5291 31)Καὶ
761 5218 1106 5291 ὀνομασθείς,
1140 5225 1251 5277 etc.
1303 5244 1334 5273 «
1383 5224 1465 5278 Ac
1496 5222 1633 5278 inde
1689 5238 1905 5278 nomen
1963 5222 2076 5279 sibi

417 5290 553 5345 fecit
588 5308 599 5347 :
636 5290 912 5384 inclytus,
944 5292 1193 5348 celebris
1224 5293 1427 5349 evasit.
1462 5316 1490 5342 »

489 5363 600 5384 mm
726 5382 736 5384 _
874 5364 948 5384 η-
1004 5365 1036 5384 τι
1073 5364 1230 5384 -.ιλει

488 5363 603 5433 (32)
636 5363 838 5439 Κυρίῳ.
865 5364 969 5439 _Or.
1068 5364 1709 5439 αᾴάῇμπαντοκράτορι,
1743 5386 1771 5414 ‹‹
1806 5365 2075 5437 omnipo-

419 5436 596 5508 tente.
631 5458 661 5508 _»
688 5435 771 5491 Ita
803 5435 979 5508 etiam
1012 5435 1155 5508 legit
1187 5435 1416 5493 Billius.

422 5573 432 5583 ε
492 5506 1019 5583 (33)-ίΐποπιασμός.
1056 5506 1152 5563 Sic
1196 5524 1407 5583 omnes
1432 5508 1687 5583 codices,
1745 5506 1831 5561 vel
1895 5508 2073 5583 etiam

419 5577 476 5627 in
528 5577 912 5651 quibusdam,
961 5578 1342 5651 ὁπωπιασμός.
1396 5582 1459 5635 In
1520 5579 1695 5635 editis
1733 5596 1897 5651 vero,
1943 5579 2075 5633 ὑπο-

421 5647 674 5705 πιεσμός.

497 5669 931 5806 ῑὲἲὶξὲφιέντας,
966 5721 1062 5806 Sic
1101 5722 1308 5806 plures
1334 5723 1510 5806 Regg.
1537 5726 1620 5806 “et
1668 5723 2071 5806 βοιὺειιιεηρικ

421 5787 475 5856 2,
508 5796 565 5848 et
589 5787 718 5865 σεε,
747 5795 882 5860 Quae
913 5787 1195 5863 lectio,'ut
1214 5787 1615 5868 vulgatiorjta
1644 5798 1702 5849 et
1720 5787 2077 5866 probabilior

2183 5081 2435 5155 videtur,
2470 5083 2546 5137 Ed
2562 5125 2573 5138 .
2585 5123 2614 5155 ,_
2633 5080 2950 5155 ἐπαφιέντας
2965 5125 2977 5136 .

2258 5153 2372 5276 (352
2414 5153 2652 5237 Ἐρημία
2696 5151 2788 5236 καὶ
2828 5151 3062 5237 ςῆσυχία.
3114 5152 3345 5209 Nicetes
3378 5170 3392 5209 :
3425 5155 3459 5221 ἡ
3494 5152 3546 5207 ἐν
3604 5158 3841 5229 μονώσει

2259 5242 2327 5276 υγ
2362 5244 2413 5276 α.
2448 5246 2475 5275 ‹‹
2510 5243 2569 5276 1n
2604 5225 2919 5276 solitudine
2947 5242 3133 5276 ames.
3168 5247 3198 5275 »

2185 5224 2413 5295 ἡσυχία,
2448 5224 2570 5295 «λιιι
2604 5225 2919 5281 solitudine
2947 5224 3133 5295 quies.
3168 5247 3198 5275 »

2256 5294 2369 5366 (36)
2402 5294 2503 5351 Kui
2534 5297 2651 5349 καθ’
2680 5294 3120 5371 ἡσυχίανᾲέαυτῷ
3150 5295 3552 5371 συγγιγόμενος,
3587 5322 3614 5349 ‹‹
3651 5300 3839 5357 Silen-

2184 5366 2264 5422 tio
2297 5385 2518 5435 secum,
2554 5385 2657 5440 per
2696 5366 3034 5440 solitudinis
3082 5366 3595 5439 tranquillitatem,
3644 5388 3836 5428 versa-

2184 5444 2332 5494 tum.
2371 5463 2394 5488 ν
2427 5438 2729 5495 Νοιίὺριιο
2760 5438 2984 5508 Billius,
3019 5462 3047 5488 «
3081 5441 3279 5496 animo
3310 5442 3529 5512 quieto.
3580 5438 3605 5490 ὲ)
3638 5443 3836 5498 Chris-

2187 5515 2282 5566 tus
2311 5513 2467 5567 enim
2498 5517 2653 5568 certe
2685 5512 2795 5566 fuit
2827 5529 3059 5582 semper
3102 5535 3130 5562 «

2185 5589 2365 5645 extra,
2386 5585 2506 5639 sive
2526 5585 2680 5639 intra
2706 5583 3106 5639 solitudinem.

2258 5656 2365 5727 (37)
2397 5652 2675 5709 Εὐτὲλεια.
2716 5679 2735 5703 ‹‹
2786 5656 3176 5721 Parcimonia,
3222 5655 3436 5721 vilitas,
3487 5656 3765 5727 tenuitas,
3804 5678 3830 5703 »

2186 5742 2299 5781 non
2328 5725 2385 5782 in
2409 5728 2568 5783 victu
2599 5731 2854 5795 tantum,
2886 5729 2987 5784 sed
3018 5728 3193 5784 etiam
3225 5728 3284 5783 in
3308 5729 3544 5794 vestitu,
3576 5725 3832 5782 utallata

2183 5799 2452 5871 exempla
2481 5800 2910 5855 demonstrant.

3183 5513 3379 5569 animo
3438 5514 3657 5586 quieto,
3718 5517 3836 5570 sive
