  <div class='ocr_page' id='page_1' title='image "/cluster/home/n/w/nwhite01/storage/ocr_20150623/35:no.1/coo.31924054869320/438.png"; bbox 0 0 4070 6406; ppageno 0'>
   <div class='ocr_carea' id='block_1_1' title="bbox 399 419 517 489">
    <p class='ocr_par' dir='ltr' id='par_1_1' title="bbox 399 419 517 489">
     <span class='ocr_line' id='line_1_1' title="bbox 399 419 517 489; baseline -0.008 -1"><span class='ocrx_word' id='word_1_1' title='bbox 399 419 517 489; x_wconf 75' lang='lat'>865</span> 
     </span>
    </p>
   </div>
   <div class='ocr_carea' id='block_1_2' title="bbox 1344 417 2893 496">
    <p class='ocr_par' dir='ltr' id='par_1_2' title="bbox 1344 417 2893 496">
     <span class='ocr_line' id='line_1_2' title="bbox 1344 417 2893 496; baseline 0.006 -10"><span class='ocrx_word' id='word_1_2' title='bbox 1344 417 1636 486; x_wconf 69' lang='lat' dir='ltr'>ORATIO</span> <span class='ocrx_word' id='word_1_3' title='bbox 1681 423 1940 486; x_wconf 77' lang='lat' dir='ltr'>XIV.—</span> <span class='ocrx_word' id='word_1_4' title='bbox 1968 425 2072 486; x_wconf 87' lang='lat' dir='ltr'>DE</span> <span class='ocrx_word' id='word_1_5' title='bbox 2117 424 2552 492; x_wconf 81' lang='lat' dir='ltr'>PAUPERUM</span> <span class='ocrx_word' id='word_1_6' title='bbox 2597 433 2893 496; x_wconf 79' lang='lat' dir='ltr'>AMORE.</span> 
     </span>
    </p>
   </div>
   <div class='ocr_carea' id='block_1_3' title="bbox 3711 448 3832 510">
    <p class='ocr_par' dir='ltr' id='par_1_3' title="bbox 3711 448 3832 510">
     <span class='ocr_line' id='line_1_3' title="bbox 3711 448 3832 510; baseline -0.025 0"><span class='ocrx_word' id='word_1_7' title='bbox 3711 448 3832 510; x_wconf 87' lang='lat'>866</span> 
     </span>
    </p>
   </div>
   <div class='ocr_carea' id='block_1_4' title="bbox 403 551 2081 648">
    <p class='ocr_par' dir='ltr' id='par_1_4' title="bbox 403 551 2059 635">
     <span class='ocr_line' id='line_1_4' title="bbox 403 551 2059 635; baseline -0.001 -22"><span class='ocrx_word' id='word_1_8' title='bbox 403 556 653 635; x_wconf 82' lang='grc' dir='ltr'>ρολόγων</span> <span class='ocrx_word' id='word_1_9' title='bbox 687 553 1097 630; x_wconf 79' lang='grc' dir='ltr'>ἀπανθρωπίαν,</span> <span class='ocrx_word' id='word_1_10' title='bbox 1143 552 1249 610; x_wconf 74' lang='grc' dir='ltr'>εἷ’τε</span> <span class='ocrx_word' id='word_1_11' title='bbox 1297 551 1515 629; x_wconf 75' lang='grc' dir='ltr'>λῂστῶν</span> <span class='ocrx_word' id='word_1_12' title='bbox 1571 553 1905 633; x_wconf 77' lang='grc' dir='ltr'>μιαιφονίαν,</span> <span class='ocrx_word' id='word_1_13' title='bbox 1954 553 2059 612; x_wconf 53' lang='grc' dir='ltr'>εῗὲε</span> 
     </span>
    </p>
   </div>
   <div class='ocr_carea' id='block_1_5' title="bbox 2179 551 3827 648">
    <p class='ocr_par' dir='ltr' id='par_1_5' title="bbox 2179 561 3827 648">
     <span class='ocr_line' id='line_1_5' title="bbox 2179 561 3827 648; baseline 0.016 -35"><span class='ocrx_word' id='word_1_14' title='bbox 2179 561 2477 631; x_wconf 75' lang='lat' dir='ltr'>saevitiam,</span> <span class='ocrx_word' id='word_1_15' title='bbox 2540 564 2660 620; x_wconf 89' lang='lat' dir='ltr'>sive</span> <span class='ocrx_word' id='word_1_16' title='bbox 2710 566 2784 621; x_wconf 93' lang='lat' dir='ltr'>ob</span> <span class='ocrx_word' id='word_1_17' title='bbox 2818 569 3135 640; x_wconf 65' lang='lat' dir='ltr'>praesidum</span> <span class='ocrx_word' id='word_1_18' title='bbox 3170 576 3566 648; x_wconf 81' lang='lat' dir='ltr'>acerbitatem,</span> <span class='ocrx_word' id='word_1_19' title='bbox 3601 582 3723 639; x_wconf 85' lang='lat' dir='ltr'>sive</span> <span class='ocrx_word' id='word_1_20' title='bbox 3755 585 3827 639; x_wconf 90' lang='lat' dir='ltr'>ob</span> 
     </span>
    </p>
   </div>
   <div class='ocr_carea' id='block_1_6' title="bbox 401 641 2057 720">
    <p class='ocr_par' dir='ltr' id='par_1_6' title="bbox 401 641 2057 720">
     <span class='ocr_line' id='line_1_6' title="bbox 401 641 2057 720; baseline -0.002 -18"><span class='ocrx_word' id='word_1_21' title='bbox 401 645 651 702; x_wconf 82' lang='grc' dir='ltr'>κλεπτῶν</span> <span class='ocrx_word' id='word_1_22' title='bbox 713 645 1042 714; x_wconf 77' lang='grc' dir='ltr'>ἀπληστίαν,</span> <span class='ocrx_word' id='word_1_23' title='bbox 1103 641 1210 700; x_wconf 41' lang='lat' dir='ltr'>sicce</span> <span class='ocrx_word' id='word_1_24' title='bbox 1269 641 1552 715; x_wconf 75' lang='grc' dir='ltr'>δήμευσιν,</span> <span class='ocrx_word' id='word_1_25' title='bbox 1614 642 1720 698; x_wconf 38' lang='lat' dir='ltr'>sicce</span> <span class='ocrx_word' id='word_1_26' title='bbox 1769 646 2057 720; x_wconf 72' lang='grc' dir='ltr'>ναυάγιον·</span> 
     </span>
    </p>
   </div>
   <div class='ocr_carea' id='block_1_7' title="bbox 401 732 2064 812">
    <p class='ocr_par' dir='ltr' id='par_1_7' title="bbox 401 732 2064 812">
     <span class='ocr_line' id='line_1_7' title="bbox 401 732 2064 812; baseline -0.002 -21"><span class='ocrx_word' id='word_1_27' title='bbox 401 739 595 798; x_wconf 77' lang='grc' dir='ltr'>πάντες</span> <span class='ocrx_word' id='word_1_28' title='bbox 629 738 733 812; x_wconf 79' lang='grc' dir='ltr'>γὰρ</span> <span class='ocrx_word' id='word_1_29' title='bbox 780 734 988 808; x_wconf 85' lang='grc' dir='ltr'>ὁμοίως</span> <span class='ocrx_word' id='word_1_30' title='bbox 1037 732 1287 800; x_wconf 76' lang='grc' dir='ltr'>ἐλεεινοὶ,</span> <span class='ocrx_word' id='word_1_31' title='bbox 1315 733 1407 787; x_wconf 85' lang='grc' dir='ltr'>καὶ</span> <span class='ocrx_word' id='word_1_32' title='bbox 1441 733 1582 786; x_wconf 74' lang='grc' dir='ltr'>οὕτω</span> <span class='ocrx_word' id='word_1_33' title='bbox 1614 735 1730 806; x_wconf 81' lang='grc'>(48)</span> <span class='ocrx_word' id='word_1_34' title='bbox 1773 732 2064 809; x_wconf 83' lang='grc' dir='ltr'>βλέποντες</span> 
     </span>
    </p>
   </div>
   <div class='ocr_carea' id='block_1_8' title="bbox 405 821 2064 898">
    <p class='ocr_par' dir='ltr' id='par_1_8' title="bbox 405 821 2064 898">
     <span class='ocr_line' id='line_1_8' title="bbox 405 821 2064 898; baseline -0.003 -18"><span class='ocrx_word' id='word_1_35' title='bbox 405 825 478 887; x_wconf 59' lang='grc' dir='ltr'>εἲς</span> <span class='ocrx_word' id='word_1_36' title='bbox 513 827 604 886; x_wconf 79' lang='grc' dir='ltr'>τὰς</span> <span class='ocrx_word' id='word_1_37' title='bbox 636 823 906 897; x_wconf 80' lang='grc' dir='ltr'>ἡμετέρας</span> <span class='ocrx_word' id='word_1_38' title='bbox 956 828 1170 898; x_wconf 80' lang='grc' dir='ltr'>χεῖρας,</span> <span class='ocrx_word' id='word_1_39' title='bbox 1224 821 1298 884; x_wconf 70' lang='grc' dir='ltr'>ὡς</span> <span class='ocrx_word' id='word_1_40' title='bbox 1347 824 1511 894; x_wconf 78' lang='grc' dir='ltr'>ἡμεῖς</span> <span class='ocrx_word' id='word_1_41' title='bbox 1541 822 1615 884; x_wconf 72' lang='grc' dir='ltr'>εἷς</span> <span class='ocrx_word' id='word_1_42' title='bbox 1656 822 1752 885; x_wconf 76' lang='grc' dir='ltr'>τὰς</span> <span class='ocrx_word' id='word_1_43' title='bbox 1781 827 1877 876; x_wconf 89' lang='grc' dir='ltr'>τοῦ</span> <span class='ocrx_word' id='word_1_44' title='bbox 1908 828 2064 889; x_wconf 86' lang='grc' dir='ltr'>Θεοῦ,</span> 
     </span>
    </p>
   </div>
   <div class='ocr_carea' id='block_1_9' title="bbox 403 910 2066 991">
    <p class='ocr_par' dir='ltr' id='par_1_9' title="bbox 403 910 2066 991">
     <span class='ocr_line' id='line_1_9' title="bbox 403 910 2066 991; baseline -0.003 -22"><span class='ocrx_word' id='word_1_45' title='bbox 403 915 529 991; x_wconf 83' lang='grc' dir='ltr'>περὶ</span> <span class='ocrx_word' id='word_1_46' title='bbox 588 916 662 968; x_wconf 84' lang='grc' dir='ltr'>ὧν</span> <span class='ocrx_word' id='word_1_47' title='bbox 724 913 783 967; x_wconf 82' lang='grc' dir='ltr'>ἂν</span> <span class='ocrx_word' id='word_1_48' title='bbox 841 911 1110 985; x_wconf 80' lang='grc' dir='ltr'>δεώμεθα·</span> <span class='ocrx_word' id='word_1_49' title='bbox 1172 911 1262 965; x_wconf 81' lang='grc' dir='ltr'>καὶ</span> <span class='ocrx_word' id='word_1_50' title='bbox 1334 911 1540 966; x_wconf 87' lang='grc' dir='ltr'>τούτων</span> <span class='ocrx_word' id='word_1_51' title='bbox 1600 910 1774 965; x_wconf 78' lang='grc' dir='ltr'>αὐτῶν</span> <span class='ocrx_word' id='word_1_52' title='bbox 1831 913 1881 965; x_wconf 83' lang='grc' dir='ltr'>οἶ</span> <span class='ocrx_word' id='word_1_53' title='bbox 1940 914 2066 987; x_wconf 86' lang='grc' dir='ltr'>παρ’</span> 
     </span>
    </p>
   </div>
   <div class='ocr_carea' id='block_1_10' title="bbox 404 998 2063 1077">
    <p class='ocr_par' dir='ltr' id='par_1_10' title="bbox 404 998 2063 1077">
     <span class='ocr_line' id='line_1_10' title="bbox 404 998 2063 1077; baseline -0.002 -19"><span class='ocrx_word' id='word_1_54' title='bbox 404 1003 551 1076; x_wconf 80' lang='grc' dir='ltr'>ἀξίαν</span> <span class='ocrx_word' id='word_1_55' title='bbox 594 1005 705 1076; x_wconf 86' lang='grc'>(49)</span> <span class='ocrx_word' id='word_1_56' title='bbox 738 1003 1194 1070; x_wconf 75' lang='grc' dir='ltr'>κακοπαθοῦντες,</span> <span class='ocrx_word' id='word_1_57' title='bbox 1241 1005 1350 1055; x_wconf 90' lang='grc' dir='ltr'>τῶν</span> <span class='ocrx_word' id='word_1_58' title='bbox 1399 999 1450 1054; x_wconf 77' lang='grc' dir='ltr'>ἐν</span> <span class='ocrx_word' id='word_1_59' title='bbox 1503 999 1610 1054; x_wconf 77' lang='grc' dir='ltr'>ἔθει</span> <span class='ocrx_word' id='word_1_60' title='bbox 1640 1005 1738 1054; x_wconf 92' lang='grc' dir='ltr'>τοῦ</span> <span class='ocrx_word' id='word_1_61' title='bbox 1779 998 2063 1077; x_wconf 78' lang='grc' dir='ltr'>δυστυχεῖν</span> 
     </span>
    </p>
   </div>
   <div class='ocr_carea' id='block_1_11' title="bbox 406 1086 2066 1166">
    <p class='ocr_par' dir='ltr' id='par_1_11' title="bbox 406 1086 2066 1166">
     <span class='ocr_line' id='line_1_11' title="bbox 406 1086 2066 1166; baseline -0.002 -18"><span class='ocrx_word' id='word_1_62' title='bbox 406 1090 573 1148; x_wconf 73' lang='grc' dir='ltr'>ὅντων</span> <span class='ocrx_word' id='word_1_63' title='bbox 603 1089 981 1166; x_wconf 76' lang='grc' dir='ltr'>ἐλεεινότεροι·</span> <span class='ocrx_word' id='word_1_64' title='bbox 1036 1089 1322 1166; x_wconf 75' lang='grc' dir='ltr'>ἐξαιρέτως</span> <span class='ocrx_word' id='word_1_65' title='bbox 1375 1086 1432 1144; x_wconf 69' lang='grc' dir='ltr'>δὲ</span> <span class='ocrx_word' id='word_1_66' title='bbox 1479 1093 1596 1150; x_wconf 84' lang='grc' dir='ltr'>τοῖς</span> <span class='ocrx_word' id='word_1_67' title='bbox 1647 1089 1749 1144; x_wconf 84' lang='grc' dir='ltr'>ὑπὸ</span> <span class='ocrx_word' id='word_1_68' title='bbox 1786 1097 1886 1160; x_wconf 78' lang='grc' dir='ltr'>τῆς</span> <span class='ocrx_word' id='word_1_69' title='bbox 1918 1091 2066 1164; x_wconf 71' lang='grc' dir='ltr'>ἱερᾶς</span> 
     </span>
    </p>
   </div>
   <div class='ocr_carea' id='block_1_12' title="bbox 402 1177 2065 1259">
    <p class='ocr_par' dir='ltr' id='par_1_12' title="bbox 402 1177 2065 1259">
     <span class='ocr_line' id='line_1_12' title="bbox 402 1177 2065 1259; baseline -0.002 -23"><span class='ocrx_word' id='word_1_70' title='bbox 402 1180 567 1236; x_wconf 86' lang='grc' dir='ltr'>νόσου</span> <span class='ocrx_word' id='word_1_71' title='bbox 600 1179 1038 1259; x_wconf 70' lang='grc' dir='ltr'>διεφθαρμένοις,</span> <span class='ocrx_word' id='word_1_72' title='bbox 1088 1178 1179 1234; x_wconf 81' lang='grc' dir='ltr'>καὶ</span> <span class='ocrx_word' id='word_1_73' title='bbox 1235 1177 1400 1254; x_wconf 81' lang='grc' dir='ltr'>μέχρι</span> <span class='ocrx_word' id='word_1_74' title='bbox 1433 1181 1665 1253; x_wconf 78' lang='grc' dir='ltr'>σαρκῶν,</span> <span class='ocrx_word' id='word_1_75' title='bbox 1700 1181 1790 1232; x_wconf 89' lang='grc' dir='ltr'>καὶ</span> <span class='ocrx_word' id='word_1_76' title='bbox 1843 1178 2065 1246; x_wconf 80' lang='grc' dir='ltr'>ὀστέων,</span> 
     </span>
    </p>
   </div>
   <div class='ocr_carea' id='block_1_13' title="bbox 402 1263 2064 1344">
    <p class='ocr_par' dir='ltr' id='par_1_13' title="bbox 402 1263 2064 1344">
     <span class='ocr_line' id='line_1_13' title="bbox 402 1263 2064 1344; baseline -0.002 -19"><span class='ocrx_word' id='word_1_77' title='bbox 402 1270 493 1326; x_wconf 87' lang='grc' dir='ltr'>καὶ</span> <span class='ocrx_word' id='word_1_78' title='bbox 529 1267 772 1343; x_wconf 81' lang='grc' dir='ltr'>μυελῶν,</span> <span class='ocrx_word' id='word_1_79' title='bbox 824 1269 899 1330; x_wconf 83' lang='grc' dir='ltr'>ὡς</span> <span class='ocrx_word' id='word_1_80' title='bbox 931 1271 965 1338; x_wconf 86' lang='grc' dir='ltr'>ἠ</span> <span class='ocrx_word' id='word_1_81' title='bbox 999 1269 1134 1323; x_wconf 84' lang='grc' dir='ltr'>κατά</span> <span class='ocrx_word' id='word_1_82' title='bbox 1181 1288 1343 1322; x_wconf 86' lang='grc' dir='ltr'>τινων</span> <span class='ocrx_word' id='word_1_83' title='bbox 1393 1265 1620 1336; x_wconf 79' lang='grc' dir='ltr'>ἀπειλὴ,</span> <span class='ocrx_word' id='word_1_84' title='bbox 1671 1263 2064 1344; x_wconf 73' lang='grc' dir='ltr'>βεϐρωμένοις,</span> 
     </span>
    </p>
   </div>
   <div class='ocr_carea' id='block_1_14' title="bbox 401 1355 2065 1434">
    <p class='ocr_par' dir='ltr' id='par_1_14' title="bbox 401 1355 2065 1434">
     <span class='ocr_line' id='line_1_14' title="bbox 401 1355 2065 1434; baseline -0.002 -21"><span class='ocrx_word' id='word_1_85' title='bbox 401 1358 490 1414; x_wconf 82' lang='grc' dir='ltr'>καὶ</span> <span class='ocrx_word' id='word_1_86' title='bbox 521 1355 954 1434; x_wconf 75' lang='grc' dir='ltr'>προδεδομένοις</span> <span class='ocrx_word' id='word_1_87' title='bbox 988 1356 1092 1410; x_wconf 86' lang='grc' dir='ltr'>ὑπὸ</span> <span class='ocrx_word' id='word_1_88' title='bbox 1138 1358 1237 1410; x_wconf 89' lang='grc' dir='ltr'>τοῦ</span> <span class='ocrx_word' id='word_1_89' title='bbox 1292 1360 1606 1432; x_wconf 79' lang='grc' dir='ltr'>μοχθηροῦ,</span> <span class='ocrx_word' id='word_1_90' title='bbox 1639 1355 1728 1410; x_wconf 82' lang='grc' dir='ltr'>καὶ</span> <span class='ocrx_word' id='word_1_91' title='bbox 1787 1361 2065 1428; x_wconf 87' lang='grc' dir='ltr'>ταπεινοῦ,</span> 
     </span>
    </p>
   </div>
   <div class='ocr_carea' id='block_1_15' title="bbox 403 1444 2062 1520">
    <p class='ocr_par' dir='ltr' id='par_1_15' title="bbox 403 1444 2062 1520">
     <span class='ocr_line' id='line_1_15' title="bbox 403 1444 2062 1520; baseline -0.002 -17"><span class='ocrx_word' id='word_1_92' title='bbox 403 1448 494 1503; x_wconf 87' lang='grc' dir='ltr'>καὶ</span> <span class='ocrx_word' id='word_1_93' title='bbox 558 1446 788 1501; x_wconf 77' lang='grc' dir='ltr'>ἀπίστου</span> <span class='ocrx_word' id='word_1_94' title='bbox 835 1447 949 1520; x_wconf 90' lang='grc'>(50)</span> <span class='ocrx_word' id='word_1_95' title='bbox 1008 1444 1205 1500; x_wconf 87' lang='grc' dir='ltr'>τούτου</span> <span class='ocrx_word' id='word_1_96' title='bbox 1259 1446 1534 1517; x_wconf 78' lang='grc' dir='ltr'>σώματος’</span> <span class='ocrx_word' id='word_1_97' title='bbox 1587 1445 1632 1516; x_wconf 86' lang='grc' dir='ltr'>ᾧ</span> <span class='ocrx_word' id='word_1_98' title='bbox 1681 1449 1799 1507; x_wconf 89' lang='grc' dir='ltr'>πῶς</span> <span class='ocrx_word' id='word_1_99' title='bbox 1851 1445 2062 1514; x_wconf 81' lang='grc' dir='ltr'>συνεζύ-</span> 
     </span>
    </p>
   </div>
   <div class='ocr_carea' id='block_1_16' title="bbox 404 1532 2068 1612">
    <p class='ocr_par' dir='ltr' id='par_1_16' title="bbox 404 1532 2068 1612">
     <span class='ocr_line' id='line_1_16' title="bbox 404 1532 2068 1612; baseline -0.001 -22"><span class='ocrx_word' id='word_1_100' title='bbox 404 1557 530 1612; x_wconf 84' lang='grc' dir='ltr'>γην,</span> <span class='ocrx_word' id='word_1_101' title='bbox 562 1534 661 1590; x_wconf 82' lang='grc' dir='ltr'>οὐκ</span> <span class='ocrx_word' id='word_1_102' title='bbox 693 1532 834 1589; x_wconf 75' lang='grc' dir='ltr'>οἶδαο</span> <span class='ocrx_word' id='word_1_103' title='bbox 885 1533 976 1588; x_wconf 86' lang='grc' dir='ltr'>καὶ</span> <span class='ocrx_word' id='word_1_104' title='bbox 1025 1537 1144 1596; x_wconf 90' lang='grc' dir='ltr'>πῶς</span> <span class='ocrx_word' id='word_1_105' title='bbox 1193 1532 1352 1588; x_wconf 73' lang='grc' dir='ltr'>εἰκών</span> <span class='ocrx_word' id='word_1_106' title='bbox 1405 1533 1465 1588; x_wconf 89' lang='grc' dir='ltr'>τέ</span> <span class='ocrx_word' id='word_1_107' title='bbox 1515 1533 1627 1607; x_wconf 79' lang='grc' dir='ltr'>εἶμι</span> <span class='ocrx_word' id='word_1_108' title='bbox 1669 1538 1823 1605; x_wconf 90' lang='grc' dir='ltr'>Θεοῦ,</span> <span class='ocrx_word' id='word_1_109' title='bbox 1856 1535 1945 1588; x_wconf 82' lang='grc' dir='ltr'>καὶ</span> <span class='ocrx_word' id='word_1_110' title='bbox 1989 1539 2068 1607; x_wconf 81' lang='grc' dir='ltr'>τῷ</span> 
     </span>
    </p>
   </div>
   <div class='ocr_carea' id='block_1_17' title="bbox 404 1621 2066 1702">
    <p class='ocr_par' dir='ltr' id='par_1_17' title="bbox 404 1621 2066 1702">
     <span class='ocr_line' id='line_1_17' title="bbox 404 1621 2066 1702; baseline -0.001 -22"><span class='ocrx_word' id='word_1_111' title='bbox 404 1625 573 1696; x_wconf 82' lang='grc' dir='ltr'>πηλῷ</span> <span class='ocrx_word' id='word_1_112' title='bbox 605 1622 960 1702; x_wconf 73' lang='grc' dir='ltr'>συμφύρομαι</span> <span class='ocrx_word' id='word_1_113' title='bbox 989 1625 1122 1696; x_wconf 82' lang='grc'>(51)·</span> <span class='ocrx_word' id='word_1_114' title='bbox 1175 1623 1204 1676; x_wconf 80' lang='grc' dir='ltr'>ὃ</span> <span class='ocrx_word' id='word_1_115' title='bbox 1235 1622 1324 1677; x_wconf 85' lang='grc' dir='ltr'>καὶ</span> <span class='ocrx_word' id='word_1_116' title='bbox 1376 1621 1621 1677; x_wconf 79' lang='grc' dir='ltr'>εὐεκτοῦν</span> <span class='ocrx_word' id='word_1_117' title='bbox 1673 1621 1931 1696; x_wconf 82' lang='grc' dir='ltr'>πολεμεῖ,</span> <span class='ocrx_word' id='word_1_118' title='bbox 1976 1623 2066 1678; x_wconf 84' lang='grc' dir='ltr'>καὶ</span> 
     </span>
    </p>
   </div>
   <div class='ocr_carea' id='block_1_18' title="bbox 407 1708 2066 1788">
    <p class='ocr_par' dir='ltr' id='par_1_18' title="bbox 407 1708 2066 1788">
     <span class='ocr_line' id='line_1_18' title="bbox 407 1708 2066 1788; baseline 0 -20"><span class='ocrx_word' id='word_1_119' title='bbox 407 1715 529 1785; x_wconf 85' lang='grc' dir='ltr'>ἀνιᾷ</span> <span class='ocrx_word' id='word_1_120' title='bbox 562 1711 998 1786; x_wconf 58' lang='grc' dir='ltr'>πολεμούμενον</span> <span class='ocrx_word' id='word_1_121' title='bbox 1032 1712 1061 1767; x_wconf 79' lang='grc' dir='ltr'>ὃ</span> <span class='ocrx_word' id='word_1_122' title='bbox 1109 1711 1199 1766; x_wconf 84' lang='grc' dir='ltr'>καὶ</span> <span class='ocrx_word' id='word_1_123' title='bbox 1247 1711 1322 1774; x_wconf 86' lang='grc' dir='ltr'>ὡς</span> <span class='ocrx_word' id='word_1_124' title='bbox 1373 1708 1667 1767; x_wconf 87' lang='grc' dir='ltr'>σύνδουλον</span> <span class='ocrx_word' id='word_1_125' title='bbox 1717 1712 1929 1788; x_wconf 88' lang='grc' dir='ltr'>ἀγαπῶ,</span> <span class='ocrx_word' id='word_1_126' title='bbox 1977 1713 2066 1768; x_wconf 87' lang='grc' dir='ltr'>καὶ</span> 
     </span>
    </p>
   </div>
   <div class='ocr_carea' id='block_1_19' title="bbox 407 1798 2064 1879">
    <p class='ocr_par' dir='ltr' id='par_1_19' title="bbox 407 1798 2064 1879">
     <span class='ocr_line' id='line_1_19' title="bbox 407 1798 2064 1879; baseline -0.001 -21"><span class='ocrx_word' id='word_1_127' title='bbox 407 1804 480 1866; x_wconf 83' lang='grc' dir='ltr'>ὡς</span> <span class='ocrx_word' id='word_1_128' title='bbox 512 1802 706 1879; x_wconf 70' lang='grc' dir='ltr'>ἐχθρὸν</span> <span class='ocrx_word' id='word_1_129' title='bbox 740 1803 1174 1879; x_wconf 64' lang='grc' dir='ltr'>ἀποστρέφομαι⁸</span> <span class='ocrx_word' id='word_1_130' title='bbox 1226 1802 1255 1855; x_wconf 82' lang='grc' dir='ltr'><strong>ὃ</strong></span> <span class='ocrx_word' id='word_1_131' title='bbox 1283 1801 1373 1856; x_wconf 84' lang='grc' dir='ltr'>καὶ</span> <span class='ocrx_word' id='word_1_132' title='bbox 1405 1801 1480 1863; x_wconf 82' lang='grc' dir='ltr'>ὡς</span> <span class='ocrx_word' id='word_1_133' title='bbox 1527 1798 1823 1856; x_wconf 89' lang='grc' dir='ltr'>σύνδουλον</span> <span class='ocrx_word' id='word_1_134' title='bbox 1859 1802 2064 1878; x_wconf 74' lang='grc' dir='ltr'>φεύγω,</span> 
     </span>
    </p>
   </div>
   <div class='ocr_carea' id='block_1_20' title="bbox 405 1889 2063 1968">
    <p class='ocr_par' dir='ltr' id='par_1_20' title="bbox 405 1889 2063 1968">
     <span class='ocr_line' id='line_1_20' title="bbox 405 1889 2063 1968; baseline -0.001 -22"><span class='ocrx_word' id='word_1_135' title='bbox 405 1891 497 1946; x_wconf 79' lang='grc' dir='ltr'>καί</span> <span class='ocrx_word' id='word_1_136' title='bbox 528 1893 603 1955; x_wconf 84' lang='grc' dir='ltr'>ὡς</span> <span class='ocrx_word' id='word_1_137' title='bbox 647 1890 1105 1967; x_wconf 83' lang='grc' dir='ltr'>συκγληρονόμον</span> <span class='ocrx_word' id='word_1_138' title='bbox 1153 1889 1508 1967; x_wconf 75' lang='grc' dir='ltr'>αἰσχύνομαι·</span> <span class='ocrx_word' id='word_1_139' title='bbox 1541 1890 1698 1961; x_wconf 82' lang='grc' dir='ltr'>τῆξαι</span> <span class='ocrx_word' id='word_1_140' title='bbox 1749 1890 2063 1968; x_wconf 73' lang='grc' dir='ltr'>φιλονεικῶ,</span> 
     </span>
    </p>
   </div>
   <div class='ocr_carea' id='block_1_21' title="bbox 409 1977 2064 2056">
    <p class='ocr_par' dir='ltr' id='par_1_21' title="bbox 409 1977 2064 2056">
     <span class='ocr_line' id='line_1_21' title="bbox 409 1977 2064 2056; baseline 0 -21"><span class='ocrx_word' id='word_1_141' title='bbox 409 1981 498 2035; x_wconf 86' lang='grc' dir='ltr'>καὶ</span> <span class='ocrx_word' id='word_1_142' title='bbox 531 1981 630 2035; x_wconf 77' lang='grc' dir='ltr'>οὐκ</span> <span class='ocrx_word' id='word_1_143' title='bbox 660 1977 775 2056; x_wconf 79' lang='grc' dir='ltr'>ἔχω</span> <span class='ocrx_word' id='word_1_144' title='bbox 799 1980 907 2035; x_wconf 81' lang='grc' dir='ltr'>τίνι</span> <span class='ocrx_word' id='word_1_145' title='bbox 952 1984 1193 2056; x_wconf 87' lang='grc' dir='ltr'>συνεργῷ</span> <span class='ocrx_word' id='word_1_146' title='bbox 1239 1979 1377 2056; x_wconf 81' lang='grc' dir='ltr'>πρὸς</span> <span class='ocrx_word' id='word_1_147' title='bbox 1413 1980 1481 2034; x_wconf 77' lang='grc' dir='ltr'>τὰ</span> <span class='ocrx_word' id='word_1_148' title='bbox 1526 1979 1796 2036; x_wconf 81' lang='grc' dir='ltr'>κάλλιστα</span> <span class='ocrx_word' id='word_1_149' title='bbox 1836 1983 2064 2056; x_wconf 75' lang='grc' dir='ltr'>χρήσω-</span> 
     </span>
    </p>
   </div>
   <div class='ocr_carea' id='block_1_22' title="bbox 412 2067 2065 2145">
    <p class='ocr_par' dir='ltr' id='par_1_22' title="bbox 412 2067 2065 2145">
     <span class='ocr_line' id='line_1_22' title="bbox 412 2067 2065 2145; baseline 0.001 -21"><span class='ocrx_word' id='word_1_150' title='bbox 412 2091 506 2143; x_wconf 87' lang='grc' dir='ltr'>μαι</span> <span class='ocrx_word' id='word_1_151' title='bbox 540 2072 676 2143; x_wconf 83' lang='grc'>(52),</span> <span class='ocrx_word' id='word_1_152' title='bbox 709 2069 783 2132; x_wconf 87' lang='grc' dir='ltr'>ὡς</span> <span class='ocrx_word' id='word_1_153' title='bbox 812 2067 969 2131; x_wconf 80' lang='grc' dir='ltr'>εἰδὼς</span> <span class='ocrx_word' id='word_1_154' title='bbox 1018 2068 1097 2132; x_wconf 87' lang='grc' dir='ltr'>εἷς</span> <span class='ocrx_word' id='word_1_155' title='bbox 1126 2070 1155 2123; x_wconf 75' lang='grc' dir='ltr'><strong>ὃ</strong></span> <span class='ocrx_word' id='word_1_156' title='bbox 1185 2068 1410 2145; x_wconf 79' lang='grc' dir='ltr'>γέγονα,</span> <span class='ocrx_word' id='word_1_157' title='bbox 1440 2069 1528 2123; x_wconf 86' lang='grc' dir='ltr'>καῖ</span> <span class='ocrx_word' id='word_1_158' title='bbox 1584 2068 1666 2125; x_wconf 79' lang='grc' dir='ltr'>δτι</span> <span class='ocrx_word' id='word_1_159' title='bbox 1703 2067 1784 2125; x_wconf 86' lang='grc' dir='ltr'>δεῖ</span> <span class='ocrx_word' id='word_1_160' title='bbox 1824 2091 1891 2143; x_wconf 91' lang='grc' dir='ltr'>με</span> <span class='ocrx_word' id='word_1_161' title='bbox 1929 2070 2065 2144; x_wconf 83' lang='grc' dir='ltr'>πρὸς</span> 
     </span>
    </p>
   </div>
   <div class='ocr_carea' id='block_1_23' title="bbox 408 2153 1528 2234">
    <p class='ocr_par' dir='ltr' id='par_1_23' title="bbox 408 2153 1528 2234">
     <span class='ocr_line' id='line_1_23' title="bbox 408 2153 1528 2234; baseline 0 -20"><span class='ocrx_word' id='word_1_162' title='bbox 408 2158 536 2214; x_wconf 85' lang='grc' dir='ltr'>Θεόν</span> <span class='ocrx_word' id='word_1_163' title='bbox 569 2153 831 2228; x_wconf 75' lang='grc' dir='ltr'>ἀναϐῆναι</span> <span class='ocrx_word' id='word_1_164' title='bbox 867 2156 955 2213; x_wconf 73' lang='grc' dir='ltr'>διὰ</span> <span class='ocrx_word' id='word_1_165' title='bbox 983 2163 1090 2213; x_wconf 89' lang='grc' dir='ltr'>τῶν</span> <span class='ocrx_word' id='word_1_166' title='bbox 1118 2158 1364 2234; x_wconf 83' lang='grc' dir='ltr'>πράξεων</span> <span class='ocrx_word' id='word_1_167' title='bbox 1396 2162 1528 2232; x_wconf 83' lang='lat'>(53).</span> 
     </span>
    </p>
   </div>
   <div class='ocr_carea' id='block_1_24' title="bbox 2176 653 3828 734">
    <p class='ocr_par' dir='ltr' id='par_1_24' title="bbox 2176 653 3828 734">
     <span class='ocr_line' id='line_1_24' title="bbox 2176 653 3828 734; baseline 0.017 -31"><span class='ocrx_word' id='word_1_168' title='bbox 2176 667 2399 719; x_wconf 92' lang='lat' dir='ltr'>eorum,</span> <span class='ocrx_word' id='word_1_169' title='bbox 2434 654 2531 724; x_wconf 87' lang='lat' dir='ltr'>qui</span> <span class='ocrx_word' id='word_1_170' title='bbox 2574 653 2839 726; x_wconf 83' lang='lat' dir='ltr'>legendis</span> <span class='ocrx_word' id='word_1_171' title='bbox 2889 659 3129 716; x_wconf 84' lang='lat' dir='ltr'>tributis</span> <span class='ocrx_word' id='word_1_172' title='bbox 3186 674 3460 734; x_wconf 66' lang='lat' dir='ltr'>praesunt,</span> <span class='ocrx_word' id='word_1_173' title='bbox 3493 670 3828 730; x_wconf 82' lang='lat' dir='ltr'>inhumani-</span> 
     </span>
    </p>
   </div>
   <div class='ocr_carea' id='block_1_25' title="bbox 2175 743 3832 832">
    <p class='ocr_par' dir='ltr' id='par_1_25' title="bbox 2175 743 3832 832">
     <span class='ocr_line' id='line_1_25' title="bbox 2175 743 3832 832; baseline 0.018 -41"><span class='ocrx_word' id='word_1_174' title='bbox 2175 743 2353 793; x_wconf 85' lang='lat' dir='ltr'>tatem</span> <span class='ocrx_word' id='word_1_175' title='bbox 2385 747 2441 794; x_wconf 87' lang='lat' dir='ltr'>et</span> <span class='ocrx_word' id='word_1_176' title='bbox 2473 743 2993 813; x_wconf 78' lang='lat' dir='ltr'>importunitatem,</span> <span class='ocrx_word' id='word_1_177' title='bbox 3020 751 3140 805; x_wconf 85' lang='lat' dir='ltr'>sive</span> <span class='ocrx_word' id='word_1_178' title='bbox 3171 753 3242 807; x_wconf 92' lang='lat' dir='ltr'>ob</span> <span class='ocrx_word' id='word_1_179' title='bbox 3275 761 3574 814; x_wconf 75' lang='lat' dir='ltr'>cruentam</span> <span class='ocrx_word' id='word_1_180' title='bbox 3609 765 3832 832; x_wconf 80' lang='lat' dir='ltr'>praedo-</span> 
     </span>
    </p>
   </div>
   <div class='ocr_carea' id='block_1_26' title="bbox 2177 829 3830 916">
    <p class='ocr_par' dir='ltr' id='par_1_26' title="bbox 2177 829 3830 916">
     <span class='ocr_line' id='line_1_26' title="bbox 2177 829 3830 916; baseline 0.017 -36"><span class='ocrx_word' id='word_1_181' title='bbox 2177 845 2319 882; x_wconf 88' lang='lat' dir='ltr'>num</span> <span class='ocrx_word' id='word_1_182' title='bbox 2373 829 2830 903; x_wconf 79' lang='lat' dir='ltr'>immanitatem,</span> <span class='ocrx_word' id='word_1_183' title='bbox 2883 837 3001 892; x_wconf 83' lang='lat' dir='ltr'>sive</span> <span class='ocrx_word' id='word_1_184' title='bbox 3060 841 3132 894; x_wconf 94' lang='lat' dir='ltr'>ob</span> <span class='ocrx_word' id='word_1_185' title='bbox 3193 841 3601 916; x_wconf 79' lang='lat' dir='ltr'>inexplebilem</span> <span class='ocrx_word' id='word_1_186' title='bbox 3633 851 3830 907; x_wconf 87' lang='lat' dir='ltr'>furum</span> 
     </span>
    </p>
   </div>
   <div class='ocr_carea' id='block_1_27' title="bbox 2177 917 3832 1009">
    <p class='ocr_par' dir='ltr' id='par_1_27' title="bbox 2177 917 3832 1009">
     <span class='ocr_line' id='line_1_27' title="bbox 2177 917 3832 1009; baseline 0.018 -40"><span class='ocrx_word' id='word_1_187' title='bbox 2177 917 2536 984; x_wconf 78' lang='lat' dir='ltr'>aviditatem,</span> <span class='ocrx_word' id='word_1_188' title='bbox 2571 921 2691 976; x_wconf 87' lang='lat' dir='ltr'>sive</span> <span class='ocrx_word' id='word_1_189' title='bbox 2731 924 2804 979; x_wconf 90' lang='lat' dir='ltr'>ob</span> <span class='ocrx_word' id='word_1_190' title='bbox 2854 924 3137 984; x_wconf 82' lang='lat' dir='ltr'>bonorum</span> <span class='ocrx_word' id='word_1_191' title='bbox 3170 933 3679 1009; x_wconf 85' lang='lat' dir='ltr'>proscriptionem,</span> <span class='ocrx_word' id='word_1_192' title='bbox 3711 942 3832 998; x_wconf 80' lang='lat' dir='ltr'>sive</span> 
     </span>
    </p>
   </div>
   <div class='ocr_carea' id='block_1_28' title="bbox 2177 1005 3830 1088">
    <p class='ocr_par' dir='ltr' id='par_1_28' title="bbox 2177 1005 3830 1088">
     <span class='ocr_line' id='line_1_28' title="bbox 2177 1005 3830 1088; baseline 0.018 -30"><span class='ocrx_word' id='word_1_193' title='bbox 2177 1005 2250 1060; x_wconf 90' lang='lat' dir='ltr'>ob</span> <span class='ocrx_word' id='word_1_194' title='bbox 2286 1007 2657 1081; x_wconf 70' lang='lat' dir='ltr'>naufragium</span> <span class='ocrx_word' id='word_1_195' title='bbox 2687 1029 2700 1080; x_wconf 89' lang='lat'><strong>;</strong></span> <span class='ocrx_word' id='word_1_196' title='bbox 2736 1032 2939 1071; x_wconf 74' lang='lat' dir='ltr'>omnes</span> <span class='ocrx_word' id='word_1_197' title='bbox 2973 1018 3128 1074; x_wconf 90' lang='lat' dir='ltr'>enim</span> <span class='ocrx_word' id='word_1_198' title='bbox 3162 1019 3435 1079; x_wconf 89' lang='lat' dir='ltr'>similiter</span> <span class='ocrx_word' id='word_1_199' title='bbox 3467 1027 3830 1088; x_wconf 85' lang='lat' dir='ltr'>miserabiles</span> 
     </span>
    </p>
   </div>
   <div class='ocr_carea' id='block_1_29' title="bbox 2177 1095 3829 1187">
    <p class='ocr_par' dir='ltr' id='par_1_29' title="bbox 2177 1095 3829 1187">
     <span class='ocr_line' id='line_1_29' title="bbox 2177 1095 3829 1187; baseline 0.018 -39"><span class='ocrx_word' id='word_1_200' title='bbox 2177 1098 2336 1163; x_wconf 90' lang='lat' dir='ltr'>sunt,</span> <span class='ocrx_word' id='word_1_201' title='bbox 2363 1095 2565 1169; x_wconf 87' lang='lat' dir='ltr'>sicque</span> <span class='ocrx_word' id='word_1_202' title='bbox 2593 1098 2648 1153; x_wconf 88' lang='lat' dir='ltr'>in</span> <span class='ocrx_word' id='word_1_203' title='bbox 2684 1118 2894 1159; x_wconf 90' lang='lat' dir='ltr'>manus</span> <span class='ocrx_word' id='word_1_204' title='bbox 2927 1111 3158 1164; x_wconf 80' lang='lat' dir='ltr'>nostras</span> <span class='ocrx_word' id='word_1_205' title='bbox 3190 1110 3513 1187; x_wconf 83' lang='lat' dir='ltr'>intuentur,</span> <span class='ocrx_word' id='word_1_206' title='bbox 3541 1121 3604 1172; x_wconf 92' lang='lat' dir='ltr'>ut</span> <span class='ocrx_word' id='word_1_207' title='bbox 3634 1136 3739 1176; x_wconf 91' lang='lat' dir='ltr'>nos</span> <span class='ocrx_word' id='word_1_208' title='bbox 3771 1121 3829 1176; x_wconf 89' lang='lat' dir='ltr'>in</span> 
     </span>
    </p>
   </div>
   <div class='ocr_carea' id='block_1_30' title="bbox 2177 1183 3833 1282">
    <p class='ocr_par' dir='ltr' id='par_1_30' title="bbox 2177 1183 3833 1282">
     <span class='ocr_line' id='line_1_30' title="bbox 2177 1183 3833 1282; baseline 0.019 -46"><span class='ocrx_word' id='word_1_209' title='bbox 2177 1183 2278 1238; x_wconf 88' lang='lat' dir='ltr'>Dei</span> <span class='ocrx_word' id='word_1_210' title='bbox 2313 1201 2548 1252; x_wconf 90' lang='lat' dir='ltr'>manus,</span> <span class='ocrx_word' id='word_1_211' title='bbox 2579 1204 2711 1244; x_wconf 91' lang='lat' dir='ltr'>cum</span> <span class='ocrx_word' id='word_1_212' title='bbox 2748 1208 2806 1246; x_wconf 90' lang='lat' dir='ltr'>re</span> <span class='ocrx_word' id='word_1_213' title='bbox 2837 1192 3031 1266; x_wconf 85' lang='lat' dir='ltr'>aliqua</span> <span class='ocrx_word' id='word_1_214' title='bbox 3059 1213 3299 1269; x_wconf 86' lang='lat' dir='ltr'>egemus</span> <span class='ocrx_word' id='word_1_215' title='bbox 3325 1219 3336 1269; x_wconf 93' lang='lat'>;</span> <span class='ocrx_word' id='word_1_216' title='bbox 3380 1194 3556 1277; x_wconf 74' lang='lat' dir='ltr'>atque</span> <span class='ocrx_word' id='word_1_217' title='bbox 3587 1225 3656 1263; x_wconf 83' lang='lat' dir='ltr'>ex</span> <span class='ocrx_word' id='word_1_218' title='bbox 3687 1209 3833 1282; x_wconf 86' lang='lat' dir='ltr'>ipsis</span> 
     </span>
    </p>
   </div>
   <div class='ocr_carea' id='block_1_31' title="bbox 2178 1276 3834 1358">
    <p class='ocr_par' dir='ltr' id='par_1_31' title="bbox 2178 1276 3834 1358">
     <span class='ocr_line' id='line_1_31' title="bbox 2178 1276 3834 1358; baseline 0.019 -32"><span class='ocrx_word' id='word_1_219' title='bbox 2178 1289 2439 1343; x_wconf 87' lang='lat' dir='ltr'>rursum,</span> <span class='ocrx_word' id='word_1_220' title='bbox 2472 1276 2510 1330; x_wconf 89' lang='lat' dir='ltr'>ii</span> <span class='ocrx_word' id='word_1_221' title='bbox 2561 1279 2655 1348; x_wconf 91' lang='lat' dir='ltr'>qui</span> <span class='ocrx_word' id='word_1_222' title='bbox 2699 1279 2938 1354; x_wconf 87' lang='lat' dir='ltr'>indigne</span> <span class='ocrx_word' id='word_1_223' title='bbox 2968 1285 3343 1356; x_wconf 83' lang='lat' dir='ltr'>afﬂictantur,</span> <span class='ocrx_word' id='word_1_224' title='bbox 3375 1294 3834 1358; x_wconf 76' lang='lat' dir='ltr'>miserabiliores</span> 
     </span>
    </p>
   </div>
   <div class='ocr_carea' id='block_1_32' title="bbox 2179 1366 3829 1447">
    <p class='ocr_par' dir='ltr' id='par_1_32' title="bbox 2179 1366 3829 1447">
     <span class='ocr_line' id='line_1_32' title="bbox 2179 1366 3829 1447; baseline 0.019 -31"><span class='ocrx_word' id='word_1_225' title='bbox 2179 1366 2319 1418; x_wconf 81' lang='lat' dir='ltr'>sunt</span> <span class='ocrx_word' id='word_1_226' title='bbox 2349 1380 2525 1436; x_wconf 87' lang='lat' dir='ltr'>quam</span> <span class='ocrx_word' id='word_1_227' title='bbox 2562 1367 2602 1421; x_wconf 91' lang='lat' dir='ltr'>ii</span> <span class='ocrx_word' id='word_1_228' title='bbox 2635 1369 2733 1439; x_wconf 87' lang='lat' dir='ltr'>qui</span> <span class='ocrx_word' id='word_1_229' title='bbox 2769 1370 3207 1433; x_wconf 86' lang='lat' dir='ltr'>calamitatibus</span> <span class='ocrx_word' id='word_1_230' title='bbox 3241 1392 3665 1443; x_wconf 83' lang='lat' dir='ltr'>assueverunt:</span> <span class='ocrx_word' id='word_1_231' title='bbox 3703 1394 3829 1447; x_wconf 90' lang='lat' dir='ltr'>tum</span> 
     </span>
    </p>
   </div>
   <div class='ocr_carea' id='block_1_33' title="bbox 2176 1455 3828 1536">
    <p class='ocr_par' dir='ltr' id='par_1_33' title="bbox 2176 1455 3828 1536">
     <span class='ocr_line' id='line_1_33' title="bbox 2176 1455 3828 1536; baseline 0.019 -32"><span class='ocrx_word' id='word_1_232' title='bbox 2176 1466 2311 1507; x_wconf 87' lang='lat' dir='ltr'>vero</span> <span class='ocrx_word' id='word_1_233' title='bbox 2345 1470 2450 1509; x_wconf 90' lang='lat' dir='ltr'>nos</span> <span class='ocrx_word' id='word_1_234' title='bbox 2505 1455 2544 1510; x_wconf 91' lang='lat' dir='ltr'>ii</span> <span class='ocrx_word' id='word_1_235' title='bbox 2577 1459 2867 1530; x_wconf 67' lang='lat' dir='ltr'>praecipuo</span> <span class='ocrx_word' id='word_1_236' title='bbox 2899 1465 3152 1534; x_wconf 89' lang='lat' dir='ltr'>quodam</span> <span class='ocrx_word' id='word_1_237' title='bbox 3189 1470 3585 1531; x_wconf 86' lang='lat' dir='ltr'>miserationis</span> <span class='ocrx_word' id='word_1_238' title='bbox 3617 1479 3828 1536; x_wconf 75' lang='lat' dir='ltr'>affectu</span> 
     </span>
    </p>
   </div>
   <div class='ocr_carea' id='block_1_34' title="bbox 2179 1546 3830 1640">
    <p class='ocr_par' dir='ltr' id='par_1_34' title="bbox 2179 1546 3830 1640">
     <span class='ocr_line' id='line_1_34' title="bbox 2179 1546 3830 1640; baseline 0.019 -45"><span class='ocrx_word' id='word_1_239' title='bbox 2179 1557 2516 1612; x_wconf 87' lang='lat' dir='ltr'>permovere</span> <span class='ocrx_word' id='word_1_240' title='bbox 2545 1546 2778 1618; x_wconf 89' lang='lat' dir='ltr'>debent,</span> <span class='ocrx_word' id='word_1_241' title='bbox 2813 1551 2913 1622; x_wconf 88' lang='lat' dir='ltr'>qui</span> <span class='ocrx_word' id='word_1_242' title='bbox 2947 1570 3112 1609; x_wconf 82' lang='lat' dir='ltr'>sacro</span> <span class='ocrx_word' id='word_1_243' title='bbox 3145 1559 3347 1614; x_wconf 90' lang='lat' dir='ltr'>morbo</span> <span class='ocrx_word' id='word_1_244' title='bbox 3379 1566 3636 1638; x_wconf 88' lang='lat' dir='ltr'>corrupti</span> <span class='ocrx_word' id='word_1_245' title='bbox 3669 1575 3830 1640; x_wconf 89' lang='lat' dir='ltr'>sunt,</span> 
     </span>
    </p>
   </div>
   <div class='ocr_carea' id='block_1_35' title="bbox 2178 1631 3831 1729">
    <p class='ocr_par' dir='ltr' id='par_1_35' title="bbox 2178 1631 3831 1729">
     <span class='ocr_line' id='line_1_35' title="bbox 2178 1631 3831 1729; baseline 0.019 -46"><span class='ocrx_word' id='word_1_246' title='bbox 2178 1637 2234 1684; x_wconf 89' lang='lat' dir='ltr'>et</span> <span class='ocrx_word' id='word_1_247' title='bbox 2257 1631 2328 1686; x_wconf 87' lang='lat' dir='ltr'>ad</span> <span class='ocrx_word' id='word_1_248' title='bbox 2361 1647 2596 1689; x_wconf 89' lang='lat' dir='ltr'>carnem</span> <span class='ocrx_word' id='word_1_249' title='bbox 2628 1653 2837 1706; x_wconf 90' lang='lat' dir='ltr'>usque,</span> <span class='ocrx_word' id='word_1_250' title='bbox 2861 1643 3038 1712; x_wconf 89' lang='lat' dir='ltr'>atque</span> <span class='ocrx_word' id='word_1_251' title='bbox 3070 1661 3224 1712; x_wconf 88' lang='lat' dir='ltr'>ossa,</span> <span class='ocrx_word' id='word_1_252' title='bbox 3254 1652 3309 1702; x_wconf 91' lang='lat' dir='ltr'>et</span> <span class='ocrx_word' id='word_1_253' title='bbox 3339 1631 3626 1710; x_wconf 73' lang='lat' dir='ltr'>medullas</span> <span class='ocrx_word' id='word_1_254' title='bbox 3655 1631 3831 1729; x_wconf 87' lang='lat' dir='ltr'>(quod</span> 
     </span>
    </p>
   </div>
   <div class='ocr_carea' id='block_1_36' title="bbox 2179 1720 3835 1819">
    <p class='ocr_par' dir='ltr' id='par_1_36' title="bbox 2179 1720 3835 1819">
     <span class='ocr_line' id='line_1_36' title="bbox 2179 1720 3835 1819; baseline 0.019 -47"><span class='ocrx_word' id='word_1_255' title='bbox 2179 1720 2537 1790; x_wconf 88' lang='lat' dir='ltr'>quibusdam</span> <span class='ocrx_word' id='word_1_256' title='bbox 2571 1724 2870 1796; x_wconf 86' lang='lat' dir='ltr'>Scriptura</span> <span class='ocrx_word' id='word_1_257' title='bbox 2899 1729 2946 1764; x_wconf 80' lang='grc'>⁶⁹</span> <span class='ocrx_word' id='word_1_258' title='bbox 2977 1731 3253 1807; x_wconf 88' lang='lat' dir='ltr'>minatur)</span> <span class='ocrx_word' id='word_1_259' title='bbox 3285 1741 3436 1795; x_wconf 82' lang='lat' dir='ltr'>exesi</span> <span class='ocrx_word' id='word_1_260' title='bbox 3468 1747 3835 1819; x_wconf 88' lang='lat' dir='ltr'>consumpti-</span> 
     </span>
    </p>
   </div>
   <div class='ocr_carea' id='block_1_37' title="bbox 2177 1813 3832 1899">
    <p class='ocr_par' dir='ltr' id='par_1_37' title="bbox 2177 1813 3832 1899">
     <span class='ocr_line' id='line_1_37' title="bbox 2177 1813 3832 1899; baseline 0.019 -38"><span class='ocrx_word' id='word_1_261' title='bbox 2177 1823 2311 1879; x_wconf 89' lang='lat' dir='ltr'>que,</span> <span class='ocrx_word' id='word_1_262' title='bbox 2347 1815 2526 1882; x_wconf 89' lang='lat' dir='ltr'>atque</span> <span class='ocrx_word' id='word_1_263' title='bbox 2557 1814 2629 1868; x_wconf 88' lang='lat' dir='ltr'>ah</span> <span class='ocrx_word' id='word_1_264' title='bbox 2661 1813 2768 1869; x_wconf 89' lang='lat' dir='ltr'>hoc</span> <span class='ocrx_word' id='word_1_265' title='bbox 2800 1834 3150 1888; x_wconf 58' lang='lat' dir='ltr'>arumnoso,</span> <span class='ocrx_word' id='word_1_266' title='bbox 3185 1827 3240 1879; x_wconf 89' lang='lat' dir='ltr'>et</span> <span class='ocrx_word' id='word_1_267' title='bbox 3269 1828 3518 1899; x_wconf 89' lang='lat' dir='ltr'>abjecto,</span> <span class='ocrx_word' id='word_1_268' title='bbox 3551 1850 3617 1888; x_wconf 89' lang='lat' dir='ltr'>ac</span> <span class='ocrx_word' id='word_1_269' title='bbox 3654 1813 3832 1892; x_wconf 71' lang='lat' dir='ltr'>infido</span> 
     </span>
    </p>
   </div>
   <div class='ocr_carea' id='block_1_38' title="bbox 2178 1903 3831 1995">
    <p class='ocr_par' dir='ltr' id='par_1_38' title="bbox 2178 1903 3831 1995">
     <span class='ocr_line' id='line_1_38' title="bbox 2178 1903 3831 1995; baseline 0.019 -44"><span class='ocrx_word' id='word_1_270' title='bbox 2178 1913 2418 1970; x_wconf 87' lang='lat' dir='ltr'>corpore</span> <span class='ocrx_word' id='word_1_271' title='bbox 2446 1903 2696 1972; x_wconf 85' lang='lat' dir='ltr'>proditi:</span> <span class='ocrx_word' id='word_1_272' title='bbox 2727 1907 2820 1959; x_wconf 91' lang='lat' dir='ltr'>cui</span> <span class='ocrx_word' id='word_1_273' title='bbox 2844 1923 3100 1978; x_wconf 90' lang='lat' dir='ltr'>quonam</span> <span class='ocrx_word' id='word_1_274' title='bbox 3131 1915 3302 1971; x_wconf 86' lang='lat' dir='ltr'>modo</span> <span class='ocrx_word' id='word_1_275' title='bbox 3324 1921 3672 1991; x_wconf 85' lang='lat' dir='ltr'>conjunctus</span> <span class='ocrx_word' id='word_1_276' title='bbox 3696 1925 3831 1995; x_wconf 88' lang='lat' dir='ltr'>sim,</span> 
     </span>
    </p>
   </div>
   <div class='ocr_carea' id='block_1_39' title="bbox 2177 1986 3836 2080">
    <p class='ocr_par' dir='ltr' id='par_1_39' title="bbox 2177 1986 3836 2080">
     <span class='ocr_line' id='line_1_39' title="bbox 2177 1986 3836 2080; baseline 0.019 -39"><span class='ocrx_word' id='word_1_277' title='bbox 2177 1986 2334 2043; x_wconf 92' lang='lat' dir='ltr'>haud</span> <span class='ocrx_word' id='word_1_278' title='bbox 2366 1989 2638 2060; x_wconf 90' lang='lat' dir='ltr'>equidem</span> <span class='ocrx_word' id='word_1_279' title='bbox 2673 1995 2792 2049; x_wconf 90' lang='lat' dir='ltr'>scio</span> <span class='ocrx_word' id='word_1_280' title='bbox 2827 2013 2841 2050; x_wconf 87' lang='lat'><strong>:</strong></span> <span class='ocrx_word' id='word_1_281' title='bbox 2878 2015 2981 2053; x_wconf 83' lang='lat' dir='ltr'>nec</span> <span class='ocrx_word' id='word_1_282' title='bbox 3015 2017 3130 2072; x_wconf 91' lang='lat' dir='ltr'>quo</span> <span class='ocrx_word' id='word_1_283' title='bbox 3161 2005 3335 2060; x_wconf 80' lang='lat' dir='ltr'>etiam</span> <span class='ocrx_word' id='word_1_284' title='bbox 3370 1986 3536 2080; x_wconf 76' lang='lat' dir='ltr'>pacto</span> <span class='ocrx_word' id='word_1_285' title='bbox 3569 2013 3744 2070; x_wconf 88' lang='lat' dir='ltr'>simul</span> <span class='ocrx_word' id='word_1_286' title='bbox 3778 2021 3836 2073; x_wconf 92' lang='lat' dir='ltr'>et</span> 
     </span>
    </p>
   </div>
   <div class='ocr_carea' id='block_1_40' title="bbox 2177 2076 3834 2174">
    <p class='ocr_par' dir='ltr' id='par_1_40' title="bbox 2177 2076 3834 2174">
     <span class='ocr_line' id='line_1_40' title="bbox 2177 2076 3834 2174; baseline 0.021 -45"><span class='ocrx_word' id='word_1_287' title='bbox 2177 2076 2372 2148; x_wconf 88' lang='lat' dir='ltr'>imago</span> <span class='ocrx_word' id='word_1_288' title='bbox 2403 2078 2502 2134; x_wconf 89' lang='lat' dir='ltr'>Dei</span> <span class='ocrx_word' id='word_1_289' title='bbox 2537 2080 2670 2149; x_wconf 90' lang='lat' dir='ltr'>sim,</span> <span class='ocrx_word' id='word_1_290' title='bbox 2718 2089 2775 2138; x_wconf 91' lang='lat' dir='ltr'>et</span> <span class='ocrx_word' id='word_1_291' title='bbox 2826 2103 2958 2142; x_wconf 93' lang='lat' dir='ltr'>cum</span> <span class='ocrx_word' id='word_1_292' title='bbox 3006 2106 3168 2147; x_wconf 78' lang='lat' dir='ltr'>emno</span> <span class='ocrx_word' id='word_1_293' title='bbox 3215 2095 3489 2154; x_wconf 80' lang='lat' dir='ltr'>volutor:</span> <span class='ocrx_word' id='word_1_294' title='bbox 3546 2105 3723 2174; x_wconf 89' lang='lat' dir='ltr'>quod,</span> <span class='ocrx_word' id='word_1_295' title='bbox 3775 2112 3834 2162; x_wconf 89' lang='lat' dir='ltr'>et</span> 
     </span>
    </p>
   </div>
   <div class='ocr_carea' id='block_1_41' title="bbox 2177 2167 3828 2266">
    <p class='ocr_par' dir='ltr' id='par_1_41' title="bbox 2177 2167 3828 2266">
     <span class='ocr_line' id='line_1_41' title="bbox 2177 2167 3828 2266; baseline 0.018 -44"><span class='ocrx_word' id='word_1_296' title='bbox 2177 2181 2310 2222; x_wconf 91' lang='lat' dir='ltr'>cum</span> <span class='ocrx_word' id='word_1_297' title='bbox 2347 2167 2590 2238; x_wconf 84' lang='lat' dir='ltr'>pulchra</span> <span class='ocrx_word' id='word_1_298' title='bbox 2617 2172 2954 2232; x_wconf 90' lang='lat' dir='ltr'>valetudine</span> <span class='ocrx_word' id='word_1_299' title='bbox 2984 2181 3217 2252; x_wconf 86' lang='lat' dir='ltr'>gaudet,</span> <span class='ocrx_word' id='word_1_300' title='bbox 3254 2184 3404 2242; x_wconf 92' lang='lat' dir='ltr'>bello</span> <span class='ocrx_word' id='word_1_301' title='bbox 3438 2207 3530 2245; x_wconf 92' lang='lat' dir='ltr'>me</span> <span class='ocrx_word' id='word_1_302' title='bbox 3561 2167 3828 2266; x_wconf 74' lang='lat' dir='ltr'>lacessit,</span> 
     </span>
    </p>
   </div>
   <div class='ocr_carea' id='block_1_42' title="bbox 409 2249 3833 2355">
    <p class='ocr_par' dir='ltr' id='par_1_42' title="bbox 409 2249 3833 2355">
     <span class='ocr_line' id='line_1_42' title="bbox 409 2249 3833 2355; baseline 0.01 -51"><span class='ocrx_word' id='word_1_303' title='bbox 409 2255 467 2305; x_wconf 90' lang='lat' dir='ltr'>et</span> <span class='ocrx_word' id='word_1_304' title='bbox 494 2265 629 2305; x_wconf 90' lang='lat' dir='ltr'>cum</span> <span class='ocrx_word' id='word_1_305' title='bbox 663 2249 815 2305; x_wconf 91' lang='lat' dir='ltr'>bello</span> <span class='ocrx_word' id='word_1_306' title='bbox 844 2249 1151 2322; x_wconf 85' lang='lat' dir='ltr'>premitur,</span> <span class='ocrx_word' id='word_1_307' title='bbox 1188 2265 1429 2304; x_wconf 75' lang='lat' dir='ltr'>maerore</span> <span class='ocrx_word' id='word_1_308' title='bbox 1480 2265 1574 2304; x_wconf 92' lang='lat' dir='ltr'>me</span> <span class='ocrx_word' id='word_1_309' title='bbox 1623 2249 1852 2306; x_wconf 81' lang='lat' dir='ltr'>afficit:</span> <span class='ocrx_word' id='word_1_310' title='bbox 1910 2252 2090 2324; x_wconf 90' lang='lat' dir='ltr'>quod,</span> <span class='ocrx_word' id='word_1_311' title='bbox 2135 2257 2192 2309; x_wconf 88' lang='lat' dir='ltr'>et</span> <span class='ocrx_word' id='word_1_312' title='bbox 2239 2259 2305 2310; x_wconf 91' lang='lat' dir='ltr'>ut</span> <span class='ocrx_word' id='word_1_313' title='bbox 2351 2272 2694 2314; x_wconf 86' lang='lat' dir='ltr'>conservum</span> <span class='ocrx_word' id='word_1_314' title='bbox 2748 2280 2899 2331; x_wconf 88' lang='lat' dir='ltr'>amo,</span> <span class='ocrx_word' id='word_1_315' title='bbox 2951 2271 3007 2321; x_wconf 93' lang='lat' dir='ltr'>et</span> <span class='ocrx_word' id='word_1_316' title='bbox 3060 2272 3123 2322; x_wconf 87' lang='lat' dir='ltr'>ut</span> <span class='ocrx_word' id='word_1_317' title='bbox 3174 2270 3480 2332; x_wconf 91' lang='lat' dir='ltr'>inimicum</span> <span class='ocrx_word' id='word_1_318' title='bbox 3533 2281 3628 2336; x_wconf 89' lang='lat' dir='ltr'>odi</span> <span class='ocrx_word' id='word_1_319' title='bbox 3660 2287 3833 2355; x_wconf 89' lang='lat' dir='ltr'>atque</span> 
     </span>
    </p>
   </div>
   <div class='ocr_carea' id='block_1_43' title="bbox 409 2336 3826 2446">
    <p class='ocr_par' dir='ltr' id='par_1_43' title="bbox 409 2336 3826 2446">
     <span class='ocr_line' id='line_1_43' title="bbox 409 2336 3826 2446; baseline 0.011 -52"><span class='ocrx_word' id='word_1_320' title='bbox 409 2355 692 2394; x_wconf 89' lang='lat' dir='ltr'>aversor:</span> <span class='ocrx_word' id='word_1_321' title='bbox 745 2338 923 2409; x_wconf 84' lang='lat' dir='ltr'>quod,</span> <span class='ocrx_word' id='word_1_322' title='bbox 957 2342 1014 2394; x_wconf 88' lang='lat' dir='ltr'>et</span> <span class='ocrx_word' id='word_1_323' title='bbox 1044 2344 1108 2393; x_wconf 91' lang='lat' dir='ltr'>ut</span> <span class='ocrx_word' id='word_1_324' title='bbox 1135 2336 1437 2394; x_wconf 88' lang='lat' dir='ltr'>vinculum</span> <span class='ocrx_word' id='word_1_325' title='bbox 1467 2337 1648 2410; x_wconf 84' lang='lat' dir='ltr'>fugio,</span> <span class='ocrx_word' id='word_1_326' title='bbox 1699 2343 1758 2394; x_wconf 87' lang='lat' dir='ltr'>et</span> <span class='ocrx_word' id='word_1_327' title='bbox 1807 2343 1868 2394; x_wconf 89' lang='lat' dir='ltr'>ut</span> <span class='ocrx_word' id='word_1_328' title='bbox 1918 2341 2172 2398; x_wconf 68' lang='lat' dir='ltr'>cohaeres</span> <span class='ocrx_word' id='word_1_329' title='bbox 2213 2359 2473 2400; x_wconf 88' lang='lat' dir='ltr'>veneror.</span> <span class='ocrx_word' id='word_1_330' title='bbox 2527 2347 2586 2403; x_wconf 92' lang='lat' dir='ltr'>Si</span> <span class='ocrx_word' id='word_1_331' title='bbox 2634 2349 2937 2408; x_wconf 91' lang='lat' dir='ltr'>debilitare</span> <span class='ocrx_word' id='word_1_332' title='bbox 2984 2354 3129 2412; x_wconf 91' lang='lat' dir='ltr'>illud</span> <span class='ocrx_word' id='word_1_333' title='bbox 3180 2365 3238 2416; x_wconf 92' lang='lat' dir='ltr'>et</span> <span class='ocrx_word' id='word_1_334' title='bbox 3283 2366 3569 2425; x_wconf 72' lang='lat' dir='ltr'>conficere</span> <span class='ocrx_word' id='word_1_335' title='bbox 3597 2374 3826 2446; x_wconf 86' lang='lat' dir='ltr'>studeo,</span> 
     </span>
     <span class='ocr_line' id='line_1_44' title="bbox 412 2425 2980 2446; baseline 0.006 0"><span class='ocrx_word' id='word_1_336' title='bbox 412 2428 521 2446; x_wconf 63' lang='grc' dir='ltr'>ξ---</span> <span class='ocrx_word' id='word_1_337' title='bbox 564 2443 671 2446; x_wconf 52' lang='grc' dir='ltr'>μ-..</span> <span class='ocrx_word' id='word_1_338' title='bbox 712 2425 889 2446; x_wconf 46' lang='grc' dir='ltr'>ι-ὶ-,ᾼ</span> <span class='ocrx_word' id='word_1_339' title='bbox 976 2443 1076 2446; x_wconf 18' lang='grc' dir='ltr'>με--</span> <span class='ocrx_word' id='word_1_340' title='bbox 1136 2426 1285 2446; x_wconf 46' lang='lat'>-__:_</span> <span class='ocrx_word' id='word_1_341' title='bbox 1346 2431 1394 2446; x_wconf 49' lang='lat' dir='ltr'>A1</span> <span class='ocrx_word' id='word_1_342' title='bbox 1454 2426 1723 2446; x_wconf 29' lang='grc' dir='ltr'>,μειηι,ικ</span> <span class='ocrx_word' id='word_1_343' title='bbox 1774 2443 1791 2446; x_wconf 70' lang='lat'>-</span> <span class='ocrx_word' id='word_1_344' title='bbox 1856 2430 1916 2446; x_wconf 56' lang='lat'>,0</span> <span class='ocrx_word' id='word_1_345' title='bbox 2267 2432 2281 2446; x_wconf 67' lang='grc' dir='ltr'><strong>ς</strong></span> <span class='ocrx_word' id='word_1_346' title='bbox 2358 2435 2369 2444; x_wconf 88' lang='lat'><strong>-</strong></span> <span class='ocrx_word' id='word_1_347' title='bbox 2446 2434 2456 2445; x_wconf 88' lang='grc'><strong>·</strong></span> <span class='ocrx_word' id='word_1_348' title='bbox 2691 2442 2700 2446; x_wconf 86' lang='grc'><strong>·</strong></span> <span class='ocrx_word' id='word_1_349' title='bbox 2886 2443 2896 2446; x_wconf 86' lang='grc'><strong>-</strong></span> <span class='ocrx_word' id='word_1_350' title='bbox 2972 2443 2980 2446; x_wconf 63' lang='grc'><strong>⁸</strong></span> 
     </span>
    </p>
   </div>
   <div class='ocr_carea' id='block_1_44' title="bbox 403 2425 3829 2536">
    <p class='ocr_par' dir='ltr' id='par_1_44' title="bbox 403 2425 3829 2536">
     <span class='ocr_line' id='line_1_45' title="bbox 3608 2425 3826 2446; baseline 0 0"><span class='ocrx_word' id='word_1_351' title='bbox 3608 2425 3826 2446; x_wconf 37' lang='lat'>&quot;&quot;&quot;&quot;7</span> 
     </span>
     <span class='ocr_line' id='line_1_46' title="bbox 403 2425 3829 2536; baseline 0.011 -54"><span class='ocrx_word' id='word_1_352' title='bbox 403 2428 532 2498; x_wconf 89' lang='lat' dir='ltr'>jam</span> <span class='ocrx_word' id='word_1_353' title='bbox 563 2443 679 2482; x_wconf 89' lang='lat' dir='ltr'>non</span> <span class='ocrx_word' id='word_1_354' title='bbox 711 2425 918 2496; x_wconf 86' lang='lat' dir='ltr'>habeo,</span> <span class='ocrx_word' id='word_1_355' title='bbox 969 2443 1084 2497; x_wconf 91' lang='lat' dir='ltr'>quo</span> <span class='ocrx_word' id='word_1_356' title='bbox 1133 2426 1292 2483; x_wconf 88' lang='lat' dir='ltr'>socio</span> <span class='ocrx_word' id='word_1_357' title='bbox 1340 2431 1398 2481; x_wconf 88' lang='lat' dir='ltr'>et</span> <span class='ocrx_word' id='word_1_358' title='bbox 1448 2426 1798 2498; x_wconf 89' lang='lat' dir='ltr'>opitulatore</span> <span class='ocrx_word' id='word_1_359' title='bbox 1848 2430 1919 2484; x_wconf 87' lang='lat' dir='ltr'>ad</span> <span class='ocrx_word' id='word_1_360' title='bbox 1971 2446 2064 2486; x_wconf 90' lang='lat' dir='ltr'>res</span> <span class='ocrx_word' id='word_1_361' title='bbox 2113 2432 2593 2503; x_wconf 72' lang='lat' dir='ltr'>praeclarissimas</span> <span class='ocrx_word' id='word_1_362' title='bbox 2643 2442 2795 2510; x_wconf 88' lang='lat' dir='ltr'>utar,</span> <span class='ocrx_word' id='word_1_363' title='bbox 2841 2443 3122 2502; x_wconf 89' lang='lat' dir='ltr'>nimirum</span> <span class='ocrx_word' id='word_1_364' title='bbox 3156 2448 3308 2507; x_wconf 88' lang='lat' dir='ltr'>haud</span> <span class='ocrx_word' id='word_1_365' title='bbox 3340 2453 3618 2526; x_wconf 89' lang='lat' dir='ltr'>ignorans</span> <span class='ocrx_word' id='word_1_366' title='bbox 3651 2479 3829 2536; x_wconf 88' lang='lat' dir='ltr'>quam</span> 
     </span>
     <span class='ocr_line' id='line_1_47' title="bbox 451 2515 2704 2536; baseline 0 0"><span class='ocrx_word' id='word_1_367' title='bbox 451 2517 477 2536; x_wconf 83' lang='lat' dir='ltr'>L</span> <span class='ocrx_word' id='word_1_368' title='bbox 521 2531 747 2536; x_wconf 65' lang='lat'>_--___-_.-</span> <span class='ocrx_word' id='word_1_369' title='bbox 787 2520 1125 2536; x_wconf 68' lang='lat' dir='ltr'>___-_-_L___</span> <span class='ocrx_word' id='word_1_370' title='bbox 1160 2515 1263 2536; x_wconf 69' lang='lat'>_2__</span> <span class='ocrx_word' id='word_1_371' title='bbox 1331 2516 1593 2536; x_wconf 51' lang='lat' dir='ltr'>____J___A</span> <span class='ocrx_word' id='word_1_372' title='bbox 1629 2533 1716 2536; x_wconf 36' lang='grc' dir='ltr'>Α--</span> <span class='ocrx_word' id='word_1_373' title='bbox 1752 2533 1849 2536; x_wconf 33' lang='lat' dir='ltr'>ﬂ-”</span> <span class='ocrx_word' id='word_1_374' title='bbox 1933 2519 1996 2536; x_wconf 57' lang='lat' dir='ltr'>,n&#39;</span> <span class='ocrx_word' id='word_1_375' title='bbox 2227 2522 2242 2536; x_wconf 70' lang='grc' dir='ltr'>ει</span> <span class='ocrx_word' id='word_1_376' title='bbox 2280 2522 2320 2536; x_wconf 71' lang='lat' dir='ltr'><strong>n</strong></span> <span class='ocrx_word' id='word_1_377' title='bbox 2688 2528 2704 2536; x_wconf 73' lang='grc' dir='ltr'>ι</span> 
     </span>
    </p>
   </div>
   <div class='ocr_carea' id='block_1_45' title="bbox 411 2515 3114 2604">
    <p class='ocr_par' dir='ltr' id='par_1_45' title="bbox 411 2515 3114 2604">
     <span class='ocr_line' id='line_1_48' title="bbox 411 2515 3114 2604; baseline 0.007 -34"><span class='ocrx_word' id='word_1_378' title='bbox 411 2517 486 2570; x_wconf 91' lang='lat' dir='ltr'>ob</span> <span class='ocrx_word' id='word_1_379' title='bbox 515 2531 754 2570; x_wconf 82' lang='lat' dir='ltr'>causam</span> <span class='ocrx_word' id='word_1_380' title='bbox 787 2520 1127 2586; x_wconf 86' lang='lat' dir='ltr'>procreatus</span> <span class='ocrx_word' id='word_1_381' title='bbox 1158 2515 1291 2586; x_wconf 89' lang='lat' dir='ltr'>sim,</span> <span class='ocrx_word' id='word_1_382' title='bbox 1325 2516 1600 2587; x_wconf 90' lang='lat' dir='ltr'>quodque</span> <span class='ocrx_word' id='word_1_383' title='bbox 1627 2533 1721 2572; x_wconf 92' lang='lat' dir='ltr'>me</span> <span class='ocrx_word' id='word_1_384' title='bbox 1751 2533 1854 2588; x_wconf 92' lang='lat' dir='ltr'>per</span> <span class='ocrx_word' id='word_1_385' title='bbox 1888 2519 2145 2576; x_wconf 90' lang='lat' dir='ltr'>actiones</span> <span class='ocrx_word' id='word_1_386' title='bbox 2175 2522 2246 2576; x_wconf 88' lang='lat' dir='ltr'>ad</span> <span class='ocrx_word' id='word_1_387' title='bbox 2278 2522 2462 2579; x_wconf 91' lang='lat' dir='ltr'>Deum</span> <span class='ocrx_word' id='word_1_388' title='bbox 2496 2528 2807 2586; x_wconf 88' lang='lat' dir='ltr'>ascendere</span> <span class='ocrx_word' id='word_1_389' title='bbox 2836 2539 3114 2604; x_wconf 88' lang='lat' dir='ltr'>oporteat.</span> 
     </span>
    </p>
   </div>
   <div class='ocr_carea' id='block_1_46' title="bbox 482 2598 2064 2684">
    <p class='ocr_par' dir='ltr' id='par_1_46' title="bbox 482 2598 2064 2684">
     <span class='ocr_line' id='line_1_49' title="bbox 482 2598 2064 2684; baseline 0.003 -28"><span class='ocrx_word' id='word_1_390' title='bbox 482 2603 550 2660; x_wconf 86' lang='lat' dir='ltr'>Z&#39;.</span> <span class='ocrx_word' id='word_1_391' title='bbox 589 2598 860 2676; x_wconf 79' lang='grc' dir='ltr'>Φείδομαι</span> <span class='ocrx_word' id='word_1_392' title='bbox 891 2602 965 2664; x_wconf 85' lang='grc' dir='ltr'>ὡς</span> <span class='ocrx_word' id='word_1_393' title='bbox 997 2608 1273 2679; x_wconf 85' lang='grc' dir='ltr'>συνεργοῦ,</span> <span class='ocrx_word' id='word_1_394' title='bbox 1306 2602 1396 2656; x_wconf 90' lang='grc' dir='ltr'>καὶ</span> <span class='ocrx_word' id='word_1_395' title='bbox 1447 2602 1546 2658; x_wconf 82' lang='grc' dir='ltr'>οὐκ</span> <span class='ocrx_word' id='word_1_396' title='bbox 1593 2602 1708 2678; x_wconf 81' lang='grc' dir='ltr'>ἔχω</span> <span class='ocrx_word' id='word_1_397' title='bbox 1755 2609 1870 2667; x_wconf 89' lang='grc' dir='ltr'>πῶς</span> <span class='ocrx_word' id='word_1_398' title='bbox 1911 2605 2064 2684; x_wconf 83' lang='grc' dir='ltr'>φύγω</span> 
     </span>
    </p>
   </div>
   <div class='ocr_carea' id='block_1_47' title="bbox 406 2689 2065 2770">
    <p class='ocr_par' dir='ltr' id='par_1_47' title="bbox 406 2689 2065 2770">
     <span class='ocr_line' id='line_1_50' title="bbox 406 2689 2065 2770; baseline 0.002 -24"><span class='ocrx_word' id='word_1_399' title='bbox 406 2694 506 2762; x_wconf 75' lang='grc' dir='ltr'>τήν</span> <span class='ocrx_word' id='word_1_400' title='bbox 554 2689 930 2762; x_wconf 78' lang='grc' dir='ltr'>ἐπανάστασιν,</span> <span class='ocrx_word' id='word_1_401' title='bbox 963 2692 998 2760; x_wconf 74' lang='grc' dir='ltr'>ἢ</span> <span class='ocrx_word' id='word_1_402' title='bbox 1040 2696 1158 2754; x_wconf 91' lang='grc' dir='ltr'>πῶς</span> <span class='ocrx_word' id='word_1_403' title='bbox 1213 2693 1288 2765; x_wconf 81' lang='grc' dir='ltr'>μὴ</span> <span class='ocrx_word' id='word_1_404' title='bbox 1335 2691 1442 2747; x_wconf 85' lang='grc' dir='ltr'>ἀπὸ</span> <span class='ocrx_word' id='word_1_405' title='bbox 1502 2697 1636 2748; x_wconf 84' lang='grc' dir='ltr'>Θεοῦ</span> <span class='ocrx_word' id='word_1_406' title='bbox 1692 2693 1840 2749; x_wconf 88' lang='grc' dir='ltr'>πέσω</span> <span class='ocrx_word' id='word_1_407' title='bbox 1893 2697 2065 2770; x_wconf 82' lang='grc' dir='ltr'>βαρη-</span> 
     </span>
    </p>
   </div>
   <div class='ocr_carea' id='block_1_48' title="bbox 406 2779 2066 2860">
    <p class='ocr_par' dir='ltr' id='par_1_48' title="bbox 406 2779 2066 2860">
     <span class='ocr_line' id='line_1_51' title="bbox 406 2779 2066 2860; baseline 0.002 -23"><span class='ocrx_word' id='word_1_408' title='bbox 406 2781 517 2846; x_wconf 77' lang='grc' dir='ltr'>Θεὶς</span> <span class='ocrx_word' id='word_1_409' title='bbox 574 2786 692 2844; x_wconf 80' lang='grc' dir='ltr'>ταῖς</span> <span class='ocrx_word' id='word_1_410' title='bbox 745 2779 930 2843; x_wconf 85' lang='grc' dir='ltr'>πέδαις</span> <span class='ocrx_word' id='word_1_411' title='bbox 986 2781 1367 2844; x_wconf 86' lang='grc' dir='ltr'>κατασπώσαις</span> <span class='ocrx_word' id='word_1_412' title='bbox 1403 2825 1417 2851; x_wconf 88' lang='grc'>,</span> <span class='ocrx_word' id='word_1_413' title='bbox 1475 2782 1511 2852; x_wconf 74' lang='grc' dir='ltr'>ἢ</span> <span class='ocrx_word' id='word_1_414' title='bbox 1572 2783 1929 2860; x_wconf 81' lang='grc' dir='ltr'>κατεχούσαις</span> <span class='ocrx_word' id='word_1_415' title='bbox 1988 2787 2066 2848; x_wconf 82' lang='grc' dir='ltr'>εἷς</span> 
     </span>
    </p>
   </div>
   <div class='ocr_carea' id='block_1_49' title="bbox 409 2868 2060 2948">
    <p class='ocr_par' dir='ltr' id='par_1_49' title="bbox 409 2868 2060 2948">
     <span class='ocr_line' id='line_1_52' title="bbox 409 2868 2060 2948; baseline 0.004 -23"><span class='ocrx_word' id='word_1_416' title='bbox 409 2868 627 2948; x_wconf 79' lang='grc' dir='ltr'>ἔδαφος.</span> <span class='ocrx_word' id='word_1_417' title='bbox 659 2870 892 2948; x_wconf 83' lang='grc' dir='ltr'>Ἐχθρός</span> <span class='ocrx_word' id='word_1_418' title='bbox 942 2869 1081 2925; x_wconf 73' lang='grc' dir='ltr'>ἐστιν</span> <span class='ocrx_word' id='word_1_419' title='bbox 1130 2872 1378 2943; x_wconf 75' lang='grc' dir='ltr'>εὐμενὴς,</span> <span class='ocrx_word' id='word_1_420' title='bbox 1406 2871 1494 2926; x_wconf 81' lang='grc' dir='ltr'>καὶ</span> <span class='ocrx_word' id='word_1_421' title='bbox 1545 2871 1701 2948; x_wconf 77' lang='grc' dir='ltr'>φίλος</span> <span class='ocrx_word' id='word_1_422' title='bbox 1743 2868 2060 2938; x_wconf 79' lang='grc' dir='ltr'>ἐπίϐουλος.</span> 
     </span>
    </p>
   </div>
   <div class='ocr_carea' id='block_1_50' title="bbox 410 2957 2065 3042">
    <p class='ocr_par' dir='ltr' id='par_1_50' title="bbox 410 2957 2065 3042">
     <span class='ocr_line' id='line_1_53' title="bbox 410 2957 2065 3042; baseline 0.003 -29"><span class='ocrx_word' id='word_1_423' title='bbox 410 2960 477 3013; x_wconf 80' lang='grc' dir='ltr'><strong><em>Ὠ</em></strong></span> <span class='ocrx_word' id='word_1_424' title='bbox 508 2961 619 3034; x_wconf 86' lang='grc'>(54)</span> <span class='ocrx_word' id='word_1_425' title='bbox 648 2966 747 3029; x_wconf 85' lang='grc' dir='ltr'>τῆς</span> <span class='ocrx_word' id='word_1_426' title='bbox 786 2959 1038 3034; x_wconf 83' lang='grc' dir='ltr'>συζυγίας</span> <span class='ocrx_word' id='word_1_427' title='bbox 1087 2959 1176 3015; x_wconf 86' lang='grc' dir='ltr'>καὶ</span> <span class='ocrx_word' id='word_1_428' title='bbox 1221 2962 1321 3028; x_wconf 78' lang='grc' dir='ltr'>τῆς</span> <span class='ocrx_word' id='word_1_429' title='bbox 1364 2957 1788 3036; x_wconf 84' lang='grc' dir='ltr'>ἀλλοτριώσεως</span> <span class='ocrx_word' id='word_1_430' title='bbox 1823 2964 1836 3020; x_wconf 85' lang='lat' dir='ltr'>l</span> <span class='ocrx_word' id='word_1_431' title='bbox 1868 2969 1932 3021; x_wconf 80' lang='grc' dir='ltr'>Ὀ</span> <span class='ocrx_word' id='word_1_432' title='bbox 1963 2986 2065 3042; x_wconf 82' lang='grc' dir='ltr'>φο-</span> 
     </span>
    </p>
   </div>
   <div class='ocr_carea' id='block_1_51' title="bbox 415 3042 2065 3128">
    <p class='ocr_par' dir='ltr' id='par_1_51' title="bbox 415 3042 2065 3128">
     <span class='ocr_line' id='line_1_54' title="bbox 415 3042 2065 3128; baseline 0.004 -27"><span class='ocrx_word' id='word_1_433' title='bbox 415 3042 619 3120; x_wconf 72' lang='grc' dir='ltr'>ϐοῦμαι</span> <span class='ocrx_word' id='word_1_434' title='bbox 677 3047 916 3122; x_wconf 72' lang='grc' dir='ltr'>περιέπω</span> <span class='ocrx_word' id='word_1_435' title='bbox 971 3051 1110 3121; x_wconf 82' lang='grc'>(55),</span> <span class='ocrx_word' id='word_1_436' title='bbox 1169 3048 1258 3102; x_wconf 83' lang='grc' dir='ltr'>καὶ</span> <span class='ocrx_word' id='word_1_437' title='bbox 1309 3048 1338 3102; x_wconf 77' lang='grc' dir='ltr'>ὃ</span> <span class='ocrx_word' id='word_1_438' title='bbox 1395 3049 1602 3125; x_wconf 85' lang='grc' dir='ltr'>στέργὼ</span> <span class='ocrx_word' id='word_1_439' title='bbox 1652 3046 1887 3106; x_wconf 70' lang='grc' dir='ltr'>δέδοικασ</span> <span class='ocrx_word' id='word_1_440' title='bbox 1938 3053 2065 3128; x_wconf 82' lang='grc' dir='ltr'>πρὶν</span> 
     </span>
    </p>
   </div>
   <div class='ocr_carea' id='block_1_52' title="bbox 415 3134 2070 3214">
    <p class='ocr_par' dir='ltr' id='par_1_52' title="bbox 415 3134 2070 3214">
     <span class='ocr_line' id='line_1_55' title="bbox 415 3134 2070 3214; baseline 0.004 -23"><span class='ocrx_word' id='word_1_441' title='bbox 415 3135 755 3209; x_wconf 82' lang='grc' dir='ltr'>πολεμῆσαι,</span> <span class='ocrx_word' id='word_1_442' title='bbox 818 3134 1268 3211; x_wconf 84' lang='grc' dir='ltr'>καταλλάσσομαι</span> <span class='ocrx_word' id='word_1_443' title='bbox 1312 3156 1325 3170; x_wconf 87' lang='grc'><strong>·</strong></span> <span class='ocrx_word' id='word_1_444' title='bbox 1380 3136 1471 3192; x_wconf 79' lang='grc' dir='ltr'>καὶ</span> <span class='ocrx_word' id='word_1_445' title='bbox 1527 3139 1652 3214; x_wconf 83' lang='grc' dir='ltr'>πρὶν</span> <span class='ocrx_word' id='word_1_446' title='bbox 1713 3139 2019 3213; x_wconf 74' lang='grc' dir='ltr'>εἰρηνεῦσαι</span> <span class='ocrx_word' id='word_1_447' title='bbox 2055 3188 2070 3213; x_wconf 91' lang='grc'>,</span> 
     </span>
    </p>
   </div>
   <div class='ocr_carea' id='block_1_53' title="bbox 2245 2611 3830 2705">
    <p class='ocr_par' dir='ltr' id='par_1_53' title="bbox 2245 2611 3830 2705">
     <span class='ocr_line' id='line_1_56' title="bbox 2245 2611 3830 2705; baseline 0.021 -40"><span class='ocrx_word' id='word_1_448' title='bbox 2245 2611 2368 2668; x_wconf 78' lang='lat' dir='ltr'>VII.</span> <span class='ocrx_word' id='word_1_449' title='bbox 2403 2613 2504 2669; x_wconf 90' lang='lat' dir='ltr'>Sin</span> <span class='ocrx_word' id='word_1_450' title='bbox 2538 2622 2741 2674; x_wconf 90' lang='lat' dir='ltr'>contra</span> <span class='ocrx_word' id='word_1_451' title='bbox 2771 2625 2836 2675; x_wconf 91' lang='lat' dir='ltr'>ut</span> <span class='ocrx_word' id='word_1_452' title='bbox 2865 2638 2999 2678; x_wconf 91' lang='lat' dir='ltr'>cum</span> <span class='ocrx_word' id='word_1_453' title='bbox 3033 2626 3189 2684; x_wconf 91' lang='lat' dir='ltr'>socio</span> <span class='ocrx_word' id='word_1_454' title='bbox 3221 2635 3278 2686; x_wconf 89' lang='lat' dir='ltr'>et</span> <span class='ocrx_word' id='word_1_455' title='bbox 3327 2635 3592 2705; x_wconf 87' lang='lat' dir='ltr'>adjutore</span> <span class='ocrx_word' id='word_1_456' title='bbox 3623 2642 3830 2699; x_wconf 90' lang='lat' dir='ltr'>mitius</span> 
     </span>
    </p>
   </div>
   <div class='ocr_carea' id='block_1_54' title="bbox 2177 2704 3828 2795">
    <p class='ocr_par' dir='ltr' id='par_1_54' title="bbox 2177 2704 3828 2795">
     <span class='ocr_line' id='line_1_57' title="bbox 2177 2704 3828 2795; baseline 0.022 -42"><span class='ocrx_word' id='word_1_457' title='bbox 2177 2716 2370 2772; x_wconf 88' lang='lat' dir='ltr'>agam,</span> <span class='ocrx_word' id='word_1_458' title='bbox 2422 2704 2587 2760; x_wconf 91' lang='lat' dir='ltr'>nulla</span> <span class='ocrx_word' id='word_1_459' title='bbox 2628 2707 2751 2777; x_wconf 90' lang='lat' dir='ltr'>jam</span> <span class='ocrx_word' id='word_1_460' title='bbox 2803 2711 2949 2767; x_wconf 86' lang='lat' dir='ltr'>ratio</span> <span class='ocrx_word' id='word_1_461' title='bbox 2999 2719 3272 2792; x_wconf 89' lang='lat' dir='ltr'>occurrit,</span> <span class='ocrx_word' id='word_1_462' title='bbox 3322 2704 3440 2795; x_wconf 90' lang='lat' dir='ltr'>qua</span> <span class='ocrx_word' id='word_1_463' title='bbox 3488 2729 3828 2788; x_wconf 83' lang='lat' dir='ltr'>rebellantis</span> 
     </span>
    </p>
   </div>
   <div class='ocr_carea' id='block_1_55' title="bbox 2174 2788 3832 2892">
    <p class='ocr_par' dir='ltr' id='par_1_55' title="bbox 2174 2788 3832 2892">
     <span class='ocr_line' id='line_1_58' title="bbox 2174 2788 3832 2892; baseline 0.021 -50"><span class='ocrx_word' id='word_1_464' title='bbox 2174 2788 2462 2862; x_wconf 87' lang='lat' dir='ltr'>impetum</span> <span class='ocrx_word' id='word_1_465' title='bbox 2488 2793 2729 2867; x_wconf 85' lang='lat' dir='ltr'>fugiam,</span> <span class='ocrx_word' id='word_1_466' title='bbox 2755 2801 2929 2871; x_wconf 88' lang='lat' dir='ltr'>atque</span> <span class='ocrx_word' id='word_1_467' title='bbox 2951 2819 2984 2857; x_wconf 91' lang='lat' dir='ltr'>a</span> <span class='ocrx_word' id='word_1_468' title='bbox 3010 2804 3119 2860; x_wconf 90' lang='lat' dir='ltr'>Deo</span> <span class='ocrx_word' id='word_1_469' title='bbox 3143 2824 3256 2863; x_wconf 91' lang='lat' dir='ltr'>non</span> <span class='ocrx_word' id='word_1_470' title='bbox 3280 2811 3563 2886; x_wconf 84' lang='lat' dir='ltr'>excidam,</span> <span class='ocrx_word' id='word_1_471' title='bbox 3593 2834 3832 2892; x_wconf 89' lang='lat' dir='ltr'>compe-</span> 
     </span>
    </p>
   </div>
   <div class='ocr_carea' id='block_1_56' title="bbox 2178 2879 3830 2974">
    <p class='ocr_par' dir='ltr' id='par_1_56' title="bbox 2178 2879 3830 2974">
     <span class='ocr_line' id='line_1_59' title="bbox 2178 2879 3830 2974; baseline 0.021 -43"><span class='ocrx_word' id='word_1_472' title='bbox 2178 2879 2353 2935; x_wconf 90' lang='lat' dir='ltr'>dibus</span> <span class='ocrx_word' id='word_1_473' title='bbox 2385 2881 2756 2957; x_wconf 85' lang='lat' dir='ltr'>degravatus,</span> <span class='ocrx_word' id='word_1_474' title='bbox 2788 2887 2876 2943; x_wconf 90' lang='lat' dir='ltr'>vel</span> <span class='ocrx_word' id='word_1_475' title='bbox 2908 2889 2968 2944; x_wconf 88' lang='lat' dir='ltr'>in</span> <span class='ocrx_word' id='word_1_476' title='bbox 3000 2895 3215 2950; x_wconf 90' lang='lat' dir='ltr'>terram</span> <span class='ocrx_word' id='word_1_477' title='bbox 3249 2879 3830 2974; x_wconf 29' lang='lat' dir='ltr'>detrahentibusfvel</span> 
     </span>
    </p>
   </div>
   <div class='ocr_carea' id='block_1_57' title="bbox 2177 2967 3832 3070">
    <p class='ocr_par' dir='ltr' id='par_1_57' title="bbox 2177 2967 3832 3070">
     <span class='ocr_line' id='line_1_60' title="bbox 2177 2967 3832 3070; baseline 0.021 -49"><span class='ocrx_word' id='word_1_478' title='bbox 2177 2967 2236 3022; x_wconf 89' lang='lat' dir='ltr'>in</span> <span class='ocrx_word' id='word_1_479' title='bbox 2267 2984 2334 3024; x_wconf 90' lang='lat' dir='ltr'>ea</span> <span class='ocrx_word' id='word_1_480' title='bbox 2364 2970 2783 3031; x_wconf 82' lang='lat' dir='ltr'>detinentibus.</span> <span class='ocrx_word' id='word_1_481' title='bbox 2818 2977 3012 3036; x_wconf 87' lang='lat' dir='ltr'>Hostis</span> <span class='ocrx_word' id='word_1_482' title='bbox 3043 2987 3133 3038; x_wconf 90' lang='lat' dir='ltr'>est</span> <span class='ocrx_word' id='word_1_483' title='bbox 3172 2985 3424 3047; x_wconf 90' lang='lat' dir='ltr'>blandus</span> <span class='ocrx_word' id='word_1_484' title='bbox 3455 2998 3512 3048; x_wconf 88' lang='lat' dir='ltr'>et</span> <span class='ocrx_word' id='word_1_485' title='bbox 3542 2967 3832 3070; x_wconf 79' lang='lat' dir='ltr'>placidus,</span> 
     </span>
    </p>
   </div>
   <div class='ocr_carea' id='block_1_58' title="bbox 2176 3057 3830 3147">
    <p class='ocr_par' dir='ltr' id='par_1_58' title="bbox 2176 3057 3830 3147">
     <span class='ocr_line' id='line_1_61' title="bbox 2176 3057 3830 3147; baseline 0.021 -36"><span class='ocrx_word' id='word_1_486' title='bbox 2176 3057 2499 3117; x_wconf 88' lang='lat' dir='ltr'>insidiosus</span> <span class='ocrx_word' id='word_1_487' title='bbox 2524 3063 2768 3120; x_wconf 87' lang='lat' dir='ltr'>amicus.</span> <span class='ocrx_word' id='word_1_488' title='bbox 2793 3070 2838 3121; x_wconf 94' lang='grc' dir='ltr'>Ο</span> <span class='ocrx_word' id='word_1_489' title='bbox 2869 3069 3079 3127; x_wconf 88' lang='lat' dir='ltr'>miram</span> <span class='ocrx_word' id='word_1_490' title='bbox 3114 3077 3580 3147; x_wconf 83' lang='lat' dir='ltr'>conjunctionem</span> <span class='ocrx_word' id='word_1_491' title='bbox 3614 3091 3670 3142; x_wconf 88' lang='lat' dir='ltr'>et</span> <span class='ocrx_word' id='word_1_492' title='bbox 3690 3086 3830 3144; x_wconf 87' lang='lat' dir='ltr'>alie-</span> 
     </span>
    </p>
   </div>
   <div class='ocr_carea' id='block_1_59' title="bbox 2179 3148 3835 3250">
    <p class='ocr_par' dir='ltr' id='par_1_59' title="bbox 2179 3148 3835 3250">
     <span class='ocr_line' id='line_1_62' title="bbox 2179 3148 3835 3250; baseline 0.018 -47"><span class='ocrx_word' id='word_1_493' title='bbox 2179 3148 2505 3206; x_wconf 87' lang='lat' dir='ltr'>nationem!</span> <span class='ocrx_word' id='word_1_494' title='bbox 2533 3152 2696 3216; x_wconf 90' lang='lat' dir='ltr'>Quod</span> <span class='ocrx_word' id='word_1_495' title='bbox 2723 3159 2944 3224; x_wconf 89' lang='lat' dir='ltr'>metuo,</span> <span class='ocrx_word' id='word_1_496' title='bbox 2969 3161 3319 3235; x_wconf 89' lang='lat' dir='ltr'>amplector;</span> <span class='ocrx_word' id='word_1_497' title='bbox 3347 3171 3501 3242; x_wconf 91' lang='lat' dir='ltr'>quod</span> <span class='ocrx_word' id='word_1_498' title='bbox 3527 3190 3680 3243; x_wconf 90' lang='lat' dir='ltr'>amo,</span> <span class='ocrx_word' id='word_1_499' title='bbox 3706 3193 3835 3250; x_wconf 90' lang='lat' dir='ltr'>per-</span> 
     </span>
    </p>
   </div>
   <div class='ocr_carea' id='block_1_60' title="bbox 420 3223 2081 3335">
    <p class='ocr_par' dir='ltr' id='par_1_60' title="bbox 420 3223 2072 3335">
     <span class='ocr_line' id='line_1_63' title="bbox 420 3223 2072 3309; baseline 0.006 -31"><span class='ocrx_word' id='word_1_500' title='bbox 420 3223 724 3298; x_wconf 86' lang='grc' dir='ltr'>διίσταμαι.</span> <span class='ocrx_word' id='word_1_501' title='bbox 777 3225 867 3287; x_wconf 86' lang='grc' dir='ltr'>Τίς</span> <span class='ocrx_word' id='word_1_502' title='bbox 928 3227 961 3296; x_wconf 77' lang='grc' dir='ltr'>ἡ</span> <span class='ocrx_word' id='word_1_503' title='bbox 1019 3225 1144 3300; x_wconf 81' lang='grc' dir='ltr'>περὶ</span> <span class='ocrx_word' id='word_1_504' title='bbox 1201 3225 1299 3299; x_wconf 75' lang='grc' dir='ltr'>ἐμὲ</span> <span class='ocrx_word' id='word_1_505' title='bbox 1356 3226 1560 3304; x_wconf 75' lang='grc' dir='ltr'>σοφίας</span> <span class='ocrx_word' id='word_1_506' title='bbox 1602 3228 1688 3282; x_wconf 80' lang='grc' dir='ltr'>καὶ</span> <span class='ocrx_word' id='word_1_507' title='bbox 1739 3229 1792 3283; x_wconf 83' lang='grc' dir='ltr'>τί</span> <span class='ocrx_word' id='word_1_508' title='bbox 1835 3231 1896 3285; x_wconf 83' lang='grc' dir='ltr'>τὸ</span> <span class='ocrx_word' id='word_1_509' title='bbox 1936 3230 2072 3309; x_wconf 85' lang='grc' dir='ltr'>μέγα</span> 
     </span>
     <span class='ocr_line' id='line_1_64' title="bbox 484 3313 2008 3335; baseline 0 0"><span class='ocrx_word' id='word_1_510' title='bbox 484 3318 511 3328; x_wconf 55' lang='grc' dir='ltr'>η’</span> <span class='ocrx_word' id='word_1_511' title='bbox 774 3317 787 3335; x_wconf 80' lang='grc'><strong><em>1</em></strong></span> <span class='ocrx_word' id='word_1_512' title='bbox 809 3333 818 3335; x_wconf 88' lang='grc'>-</span> <span class='ocrx_word' id='word_1_513' title='bbox 947 3316 1056 3335; x_wconf 68' lang='grc' dir='ltr'>ΙΡηὶ</span> <span class='ocrx_word' id='word_1_514' title='bbox 1101 3334 1108 3335; x_wconf 33' lang='grc' dir='ltr'><em>κ</em></span> <span class='ocrx_word' id='word_1_515' title='bbox 1139 3319 1206 3335; x_wconf 62' lang='lat' dir='ltr'><strong>III“!</strong></span> <span class='ocrx_word' id='word_1_516' title='bbox 1253 3316 1281 3335; x_wconf 75' lang='grc' dir='ltr'><em>Π</em></span> <span class='ocrx_word' id='word_1_517' title='bbox 1333 3313 1376 3335; x_wconf 62' lang='lat' dir='ltr'>I‘</span> <span class='ocrx_word' id='word_1_518' title='bbox 1637 3322 1658 3332; x_wconf 69' lang='grc' dir='ltr'>-ι</span> <span class='ocrx_word' id='word_1_519' title='bbox 1813 3321 1825 3335; x_wconf 69' lang='grc' dir='ltr'><strong>ρ</strong></span> <span class='ocrx_word' id='word_1_520' title='bbox 1891 3326 1916 3335; x_wconf 61' lang='grc' dir='ltr'><strong>υ</strong></span> <span class='ocrx_word' id='word_1_521' title='bbox 1984 3317 2008 3335; x_wconf 73' lang='grc'>11</span> 
     </span>
    </p>
   </div>
   <div class='ocr_carea' id='block_1_61' title="bbox 2179 3223 3831 3335">
    <p class='ocr_par' dir='ltr' id='par_1_61' title="bbox 2179 3223 3831 3335">
     <span class='ocr_line' id='line_1_65' title="bbox 3071 3223 3800 3243; baseline 0.021 -13"><span class='ocrx_word' id='word_1_522' title='bbox 3071 3223 3085 3232; x_wconf 87' lang='grc'>,</span> <span class='ocrx_word' id='word_1_523' title='bbox 3309 3223 3319 3235; x_wconf 90' lang='grc'><strong><em>,</em></strong></span> <span class='ocrx_word' id='word_1_524' title='bbox 3366 3223 3680 3243; x_wconf 57' lang='grc' dir='ltr'>,ην-πη,</span> <span class='ocrx_word' id='word_1_525' title='bbox 3749 3223 3800 3234; x_wconf 71' lang='grc' dir='ltr'>ν-</span> 
     </span>
     <span class='ocr_line' id='line_1_66' title="bbox 2179 3223 3831 3335; baseline 0.018 -42"><span class='ocrx_word' id='word_1_526' title='bbox 2179 3236 2447 3295; x_wconf 89' lang='lat' dir='ltr'>timesco.</span> <span class='ocrx_word' id='word_1_527' title='bbox 2481 3245 2809 3314; x_wconf 87' lang='lat' dir='ltr'>Antequam</span> <span class='ocrx_word' id='word_1_528' title='bbox 2841 3246 3063 3305; x_wconf 89' lang='lat' dir='ltr'>bellum</span> <span class='ocrx_word' id='word_1_529' title='bbox 3107 3257 3412 3330; x_wconf 75' lang='lat' dir='ltr'>gesserim,</span> <span class='ocrx_word' id='word_1_530' title='bbox 3467 3261 3526 3317; x_wconf 91' lang='lat' dir='ltr'>in</span> <span class='ocrx_word' id='word_1_531' title='bbox 3581 3223 3831 3335; x_wconf 61' lang='lat' dir='ltr'>gratiam</span> 
     </span>
    </p>
   </div>
   <div class='ocr_carea' id='block_1_62' title="bbox 417 3313 2071 3393">
    <p class='ocr_par' dir='ltr' id='par_1_62' title="bbox 417 3313 2071 3393">
     <span class='ocr_line' id='line_1_67' title="bbox 417 3313 2071 3393; baseline 0.005 -25"><span class='ocrx_word' id='word_1_532' title='bbox 417 3318 578 3368; x_wconf 91' lang='grc' dir='ltr'>τοῦτο</span> <span class='ocrx_word' id='word_1_533' title='bbox 615 3317 910 3390; x_wconf 79' lang='grc' dir='ltr'>μυστήριον</span> <span class='ocrx_word' id='word_1_534' title='bbox 1091 3334 1115 3368; x_wconf 83' lang='grc' dir='ltr'>ε</span> <span class='ocrx_word' id='word_1_535' title='bbox 1139 3319 1206 3370; x_wconf 86' lang='grc' dir='ltr'><strong>Ἠ</strong></span> <span class='ocrx_word' id='word_1_536' title='bbox 1253 3313 1508 3389; x_wconf 85' lang='grc' dir='ltr'>βούλεται</span> <span class='ocrx_word' id='word_1_537' title='bbox 1561 3322 1755 3393; x_wconf 86' lang='grc' dir='ltr'>μοῖραν</span> <span class='ocrx_word' id='word_1_538' title='bbox 1802 3321 1949 3393; x_wconf 86' lang='grc' dir='ltr'>ἡμᾶς</span> <span class='ocrx_word' id='word_1_539' title='bbox 1981 3317 2071 3376; x_wconf 76' lang='grc' dir='ltr'>ὅν-</span> 
     </span>
    </p>
   </div>
   <div class='ocr_carea' id='block_1_63' title="bbox 416 3401 2069 3480">
    <p class='ocr_par' dir='ltr' id='par_1_63' title="bbox 416 3401 2069 3480">
     <span class='ocr_line' id='line_1_68' title="bbox 416 3401 2069 3480; baseline 0.004 -23"><span class='ocrx_word' id='word_1_540' title='bbox 416 3423 511 3465; x_wconf 89' lang='grc' dir='ltr'>τας</span> <span class='ocrx_word' id='word_1_541' title='bbox 571 3401 724 3474; x_wconf 87' lang='grc' dir='ltr'>Θεοῦ,</span> <span class='ocrx_word' id='word_1_542' title='bbox 782 3404 873 3458; x_wconf 84' lang='grc' dir='ltr'>καὶ</span> <span class='ocrx_word' id='word_1_543' title='bbox 933 3405 1133 3468; x_wconf 80' lang='grc' dir='ltr'>ἄνωθεν</span> <span class='ocrx_word' id='word_1_544' title='bbox 1195 3403 1508 3480; x_wconf 76' lang='grc' dir='ltr'>ῥεύσαντας,</span> <span class='ocrx_word' id='word_1_545' title='bbox 1559 3403 1654 3460; x_wconf 68' lang='grc' dir='ltr'>’ίνα</span> <span class='ocrx_word' id='word_1_546' title='bbox 1704 3407 1778 3479; x_wconf 79' lang='grc' dir='ltr'>μὴ</span> <span class='ocrx_word' id='word_1_547' title='bbox 1837 3405 1925 3464; x_wconf 79' lang='grc' dir='ltr'>διὰ</span> <span class='ocrx_word' id='word_1_548' title='bbox 1969 3412 2069 3480; x_wconf 73' lang='grc' dir='ltr'>τὴν</span> 
     </span>
    </p>
   </div>
   <div class='ocr_carea' id='block_1_64' title="bbox 2182 3328 3832 3419">
    <p class='ocr_par' dir='ltr' id='par_1_64' title="bbox 2182 3328 3832 3419">
     <span class='ocr_line' id='line_1_69' title="bbox 2182 3328 3832 3419; baseline 0.02 -39"><span class='ocrx_word' id='word_1_549' title='bbox 2182 3328 2392 3397; x_wconf 89' lang='lat' dir='ltr'>redeo;</span> <span class='ocrx_word' id='word_1_550' title='bbox 2426 3334 2741 3402; x_wconf 87' lang='lat' dir='ltr'>antequam</span> <span class='ocrx_word' id='word_1_551' title='bbox 2778 3351 2914 3405; x_wconf 88' lang='lat' dir='ltr'>pace</span> <span class='ocrx_word' id='word_1_552' title='bbox 2948 3338 3130 3410; x_wconf 88' lang='lat' dir='ltr'>fruar,</span> <span class='ocrx_word' id='word_1_553' title='bbox 3162 3345 3233 3400; x_wconf 91' lang='lat' dir='ltr'>ab</span> <span class='ocrx_word' id='word_1_554' title='bbox 3273 3363 3339 3402; x_wconf 92' lang='lat' dir='ltr'>eo</span> <span class='ocrx_word' id='word_1_555' title='bbox 3371 3349 3650 3410; x_wconf 90' lang='lat' dir='ltr'>dissideo.</span> <span class='ocrx_word' id='word_1_556' title='bbox 3682 3355 3832 3419; x_wconf 88' lang='lat' dir='ltr'>Qua-</span> 
     </span>
    </p>
   </div>
   <div class='ocr_carea' id='block_1_65' title="bbox 2183 3418 3832 3502">
    <p class='ocr_par' dir='ltr' id='par_1_65' title="bbox 2183 3418 3832 3502">
     <span class='ocr_line' id='line_1_70' title="bbox 2183 3418 3832 3502; baseline 0.021 -33"><span class='ocrx_word' id='word_1_557' title='bbox 2183 3433 2316 3471; x_wconf 88' lang='lat' dir='ltr'>nam</span> <span class='ocrx_word' id='word_1_558' title='bbox 2349 3418 2655 3489; x_wconf 84' lang='lat' dir='ltr'>sapientia,</span> <span class='ocrx_word' id='word_1_559' title='bbox 2690 3438 2948 3494; x_wconf 89' lang='lat' dir='ltr'>quonam</span> <span class='ocrx_word' id='word_1_560' title='bbox 2980 3445 3193 3502; x_wconf 89' lang='lat' dir='ltr'>magno</span> <span class='ocrx_word' id='word_1_561' title='bbox 3241 3440 3298 3490; x_wconf 86' lang='lat' dir='ltr'>et</span> <span class='ocrx_word' id='word_1_562' title='bbox 3345 3454 3556 3497; x_wconf 86' lang='lat' dir='ltr'>arcano</span> <span class='ocrx_word' id='word_1_563' title='bbox 3589 3445 3832 3502; x_wconf 88' lang='lat' dir='ltr'>consilio</span> 
     </span>
    </p>
   </div>
   <div class='ocr_carea' id='block_1_66' title="bbox 419 3485 2081 3607">
    <p class='ocr_par' dir='ltr' id='par_1_66' title="bbox 419 3492 2067 3607">
     <span class='ocr_line' id='line_1_71' title="bbox 419 3492 2067 3571; baseline 0.005 -25"><span class='ocrx_word' id='word_1_564' title='bbox 419 3492 565 3565; x_wconf 76' lang='grc' dir='ltr'>ἀξίαν</span> <span class='ocrx_word' id='word_1_565' title='bbox 627 3492 982 3569; x_wconf 70' lang='grc' dir='ltr'>ἐπαιρόμενοι</span> <span class='ocrx_word' id='word_1_566' title='bbox 1045 3494 1136 3548; x_wconf 84' lang='grc' dir='ltr'>καὶ</span> <span class='ocrx_word' id='word_1_567' title='bbox 1217 3494 1676 3571; x_wconf 86' lang='grc' dir='ltr'>μετεωριζόμενοι</span> <span class='ocrx_word' id='word_1_568' title='bbox 1736 3500 1850 3570; x_wconf 92' lang='grc'>(57)</span> <span class='ocrx_word' id='word_1_569' title='bbox 1905 3520 2067 3554; x_wconf 88' lang='grc' dir='ltr'>κατα-</span> 
     </span>
     <span class='ocr_line' id='line_1_72' title="bbox 558 3581 2022 3607; baseline 0 0"><span class='ocrx_word' id='word_1_570' title='bbox 558 3585 586 3596; x_wconf 76' lang='grc'>’“⁹</span> <span class='ocrx_word' id='word_1_571' title='bbox 649 3603 696 3607; x_wconf 69' lang='grc'>-..</span> <span class='ocrx_word' id='word_1_572' title='bbox 749 3586 840 3607; x_wconf 46' lang='grc' dir='ltr'>--Ὺ</span> <span class='ocrx_word' id='word_1_573' title='bbox 893 3583 1174 3607; x_wconf 67' lang='grc' dir='ltr'>-.-Ι..-...---</span> <span class='ocrx_word' id='word_1_574' title='bbox 1331 3583 1395 3607; x_wconf 60' lang='lat'>_~</span> <span class='ocrx_word' id='word_1_575' title='bbox 1448 3585 1542 3607; x_wconf 39' lang='grc' dir='ltr'>ὴ-)</span> <span class='ocrx_word' id='word_1_576' title='bbox 1567 3605 1578 3607; x_wconf 38' lang='grc' dir='ltr'>μ</span> <span class='ocrx_word' id='word_1_577' title='bbox 1629 3586 1679 3607; x_wconf 79' lang='lat'>__\</span> <span class='ocrx_word' id='word_1_578' title='bbox 1756 3591 1783 3602; x_wconf 73' lang='lat'><strong>~</strong></span> <span class='ocrx_word' id='word_1_579' title='bbox 1979 3588 2022 3607; x_wconf 48' lang='grc' dir='ltr'><strong><em>ΙΝ</em></strong></span> 
     </span>
    </p>
   </div>
   <div class='ocr_carea' id='block_1_67' title="bbox 2179 3485 3834 3607">
    <p class='ocr_par' dir='ltr' id='par_1_67' title="bbox 2185 3485 3834 3606">
     <span class='ocr_line' id='line_1_73' title="bbox 2185 3485 3834 3606; baseline 0.021 -49"><span class='ocrx_word' id='word_1_580' title='bbox 2185 3505 2331 3561; x_wconf 90' lang='lat' dir='ltr'>mihi</span> <span class='ocrx_word' id='word_1_581' title='bbox 2362 3485 2470 3562; x_wconf 79' lang='lat' dir='ltr'>hoc</span> <span class='ocrx_word' id='word_1_582' title='bbox 2503 3485 2764 3567; x_wconf 73' lang='lat' dir='ltr'>accidere</span> <span class='ocrx_word' id='word_1_583' title='bbox 2810 3513 3052 3572; x_wconf 84' lang='lat' dir='ltr'>dicam?</span> <span class='ocrx_word' id='word_1_584' title='bbox 3235 3485 3343 3579; x_wconf 82' lang='lat' dir='ltr'>hoc</span> <span class='ocrx_word' id='word_1_585' title='bbox 3391 3485 3556 3586; x_wconf 68' lang='lat' dir='ltr'>Deut;</span> <span class='ocrx_word' id='word_1_586' title='bbox 3589 3485 3734 3606; x_wconf 64' lang='lat' dir='ltr'>agit:</span> <span class='ocrx_word' id='word_1_587' title='bbox 3770 3485 3834 3591; x_wconf 61' lang='lat' dir='ltr'>ut</span> 
     </span>
    </p>
   </div>
   <div class='ocr_carea' id='block_1_68' title="bbox 414 3581 2070 3663">
    <p class='ocr_par' dir='ltr' id='par_1_68' title="bbox 414 3581 2070 3663">
     <span class='ocr_line' id='line_1_74' title="bbox 414 3581 2070 3663; baseline 0.005 -28"><span class='ocrx_word' id='word_1_588' title='bbox 414 3585 697 3657; x_wconf 82' lang='grc' dir='ltr'>φρονῶμεν</span> <span class='ocrx_word' id='word_1_589' title='bbox 746 3586 844 3638; x_wconf 88' lang='grc' dir='ltr'>τοῦ</span> <span class='ocrx_word' id='word_1_590' title='bbox 893 3583 1195 3656; x_wconf 81' lang='grc' dir='ltr'>κτίσαντος,</span> <span class='ocrx_word' id='word_1_591' title='bbox 1247 3581 1299 3638; x_wconf 74' lang='grc' dir='ltr'>ἐν</span> <span class='ocrx_word' id='word_1_592' title='bbox 1326 3583 1395 3658; x_wconf 79' lang='grc' dir='ltr'>τῇ</span> <span class='ocrx_word' id='word_1_593' title='bbox 1443 3585 1580 3660; x_wconf 88' lang='grc' dir='ltr'>πρὸς</span> <span class='ocrx_word' id='word_1_594' title='bbox 1624 3586 1686 3639; x_wconf 79' lang='grc' dir='ltr'>τὸ</span> <span class='ocrx_word' id='word_1_595' title='bbox 1719 3591 1878 3660; x_wconf 88' lang='grc' dir='ltr'>σῶμα</span> <span class='ocrx_word' id='word_1_596' title='bbox 1920 3588 2070 3663; x_wconf 80' lang='grc' dir='ltr'>πάλῃ</span> 
     </span>
    </p>
   </div>
   <div class='ocr_carea' id='block_1_69' title="bbox 409 3669 2066 3747">
    <p class='ocr_par' dir='ltr' id='par_1_69' title="bbox 409 3669 2066 3747">
     <span class='ocr_line' id='line_1_75' title="bbox 409 3669 2066 3747; baseline 0.005 -24"><span class='ocrx_word' id='word_1_597' title='bbox 409 3669 499 3723; x_wconf 82' lang='grc' dir='ltr'>καὶ</span> <span class='ocrx_word' id='word_1_598' title='bbox 533 3669 687 3746; x_wconf 76' lang='grc' dir='ltr'>μάχῃ</span> <span class='ocrx_word' id='word_1_599' title='bbox 739 3670 876 3747; x_wconf 86' lang='grc' dir='ltr'>πρὸς</span> <span class='ocrx_word' id='word_1_600' title='bbox 925 3670 1083 3726; x_wconf 79' lang='grc' dir='ltr'>αὐτὸν</span> <span class='ocrx_word' id='word_1_601' title='bbox 1137 3672 1218 3726; x_wconf 86' lang='grc' dir='ltr'>ἀεὶ</span> <span class='ocrx_word' id='word_1_602' title='bbox 1273 3670 1518 3746; x_wconf 85' lang='grc' dir='ltr'>βλέπειν,</span> <span class='ocrx_word' id='word_1_603' title='bbox 1566 3674 1656 3728; x_wconf 81' lang='grc' dir='ltr'>καὶ</span> <span class='ocrx_word' id='word_1_604' title='bbox 1692 3676 1792 3744; x_wconf 76' lang='grc' dir='ltr'>τήν</span> <span class='ocrx_word' id='word_1_605' title='bbox 1825 3682 2066 3746; x_wconf 80' lang='grc' dir='ltr'>συνεζευ-</span> 
     </span>
    </p>
   </div>
   <div class='ocr_carea' id='block_1_70' title="bbox 404 3758 2068 3838">
    <p class='ocr_par' dir='ltr' id='par_1_70' title="bbox 404 3758 2068 3838">
     <span class='ocr_line' id='line_1_76' title="bbox 404 3758 2068 3838; baseline 0.004 -25"><span class='ocrx_word' id='word_1_606' title='bbox 404 3760 609 3835; x_wconf 82' lang='grc' dir='ltr'>γμένην</span> <span class='ocrx_word' id='word_1_607' title='bbox 662 3761 932 3816; x_wconf 81' lang='grc' dir='ltr'>ἀσθένειαν</span> <span class='ocrx_word' id='word_1_608' title='bbox 981 3758 1355 3838; x_wconf 84' lang='grc' dir='ltr'>παιδαγωγίαν</span> <span class='ocrx_word' id='word_1_609' title='bbox 1407 3764 1541 3817; x_wconf 76' lang='grc' dir='ltr'>εἶναι</span> <span class='ocrx_word' id='word_1_610' title='bbox 1590 3769 1688 3818; x_wconf 85' lang='grc' dir='ltr'>τοῦ</span> <span class='ocrx_word' id='word_1_611' title='bbox 1738 3765 2068 3838; x_wconf 72' lang='grc' dir='ltr'>ἀξιώματος⁹</span> 
     </span>
    </p>
   </div>
   <div class='ocr_carea' id='block_1_71' title="bbox 399 3846 2064 3926">
    <p class='ocr_par' dir='ltr' id='par_1_71' title="bbox 399 3846 2064 3926">
     <span class='ocr_line' id='line_1_77' title="bbox 399 3846 2064 3926; baseline 0.005 -24"><span class='ocrx_word' id='word_1_612' title='bbox 399 3848 487 3903; x_wconf 83' lang='grc' dir='ltr'>ἳνα</span> <span class='ocrx_word' id='word_1_613' title='bbox 518 3846 748 3923; x_wconf 79' lang='grc' dir='ltr'>εἰδῶμεν</span> <span class='ocrx_word' id='word_1_614' title='bbox 965 3850 1016 3904; x_wconf 80' lang='lat' dir='ltr'>ol.</span> <span class='ocrx_word' id='word_1_615' title='bbox 1065 3849 1220 3905; x_wconf 82' lang='grc' dir='ltr'>αὐτοὶ</span> <span class='ocrx_word' id='word_1_616' title='bbox 1273 3851 1523 3926; x_wconf 84' lang='grc' dir='ltr'>μέγιστοί</span> <span class='ocrx_word' id='word_1_617' title='bbox 1572 3873 1628 3906; x_wconf 77' lang='grc' dir='ltr'>τε</span> <span class='ocrx_word' id='word_1_618' title='bbox 1672 3848 1821 3915; x_wconf 75' lang='grc' dir='ltr'>ὄντες</span> <span class='ocrx_word' id='word_1_619' title='bbox 1851 3855 1940 3909; x_wconf 81' lang='grc' dir='ltr'>καὶ</span> <span class='ocrx_word' id='word_1_620' title='bbox 1973 3876 2064 3910; x_wconf 89' lang='grc' dir='ltr'>τα-</span> 
     </span>
    </p>
   </div>
   <div class='ocr_carea' id='block_1_72' title="bbox 401 3937 2066 4019">
    <p class='ocr_par' dir='ltr' id='par_1_72' title="bbox 401 3937 2066 4019">
     <span class='ocr_line' id='line_1_78' title="bbox 401 3937 2066 4019; baseline 0.005 -27"><span class='ocrx_word' id='word_1_621' title='bbox 401 3938 728 4009; x_wconf 88' lang='grc' dir='ltr'>πεινότατοι,</span> <span class='ocrx_word' id='word_1_622' title='bbox 793 3937 1030 4014; x_wconf 72' lang='grc' dir='ltr'>ἐπίγειοι</span> <span class='ocrx_word' id='word_1_623' title='bbox 1087 3939 1178 3994; x_wconf 84' lang='grc' dir='ltr'>καὶ</span> <span class='ocrx_word' id='word_1_624' title='bbox 1255 3939 1520 4016; x_wconf 77' lang='grc' dir='ltr'>οὐράνιοι,</span> <span class='ocrx_word' id='word_1_625' title='bbox 1597 3942 1919 4019; x_wconf 87' lang='grc' dir='ltr'>πρόσκαιροι</span> <span class='ocrx_word' id='word_1_626' title='bbox 1977 3946 2066 4000; x_wconf 84' lang='grc' dir='ltr'>καὶ</span> 
     </span>
    </p>
   </div>
   <div class='ocr_carea' id='block_1_73' title="bbox 405 4026 2065 4105">
    <p class='ocr_par' dir='ltr' id='par_1_73' title="bbox 405 4026 2065 4105">
     <span class='ocr_line' id='line_1_79' title="bbox 405 4026 2065 4105; baseline 0.006 -26"><span class='ocrx_word' id='word_1_627' title='bbox 405 4027 678 4099; x_wconf 74' lang='grc' dir='ltr'>ἀθάνατοι,</span> <span class='ocrx_word' id='word_1_628' title='bbox 711 4026 1054 4104; x_wconf 86' lang='grc' dir='ltr'>κληρονομοι</span> <span class='ocrx_word' id='word_1_629' title='bbox 1088 4026 1268 4104; x_wconf 75' lang='grc' dir='ltr'>φωτός</span> <span class='ocrx_word' id='word_1_630' title='bbox 1298 4029 1387 4083; x_wconf 81' lang='grc' dir='ltr'>καὶ</span> <span class='ocrx_word' id='word_1_631' title='bbox 1418 4030 1610 4105; x_wconf 89' lang='grc' dir='ltr'>πυρὸς,</span> <span class='ocrx_word' id='word_1_632' title='bbox 1662 4029 1758 4085; x_wconf 52' lang='grc' dir='ltr'>εντ’</span> <span class='ocrx_word' id='word_1_633' title='bbox 1807 4030 1897 4086; x_wconf 78' lang='grc' dir='ltr'>οὖν</span> <span class='ocrx_word' id='word_1_634' title='bbox 1940 4034 2065 4089; x_wconf 84' lang='grc' dir='ltr'>σκό-</span> 
     </span>
    </p>
   </div>
   <div class='ocr_carea' id='block_1_74' title="bbox 408 4115 2066 4198">
    <p class='ocr_par' dir='ltr' id='par_1_74' title="bbox 408 4115 2066 4198">
     <span class='ocr_line' id='line_1_80' title="bbox 408 4115 2066 4198; baseline 0.006 -29"><span class='ocrx_word' id='word_1_635' title='bbox 408 4136 558 4187; x_wconf 88' lang='grc' dir='ltr'>τους,</span> <span class='ocrx_word' id='word_1_636' title='bbox 592 4115 864 4193; x_wconf 82' lang='grc' dir='ltr'>ὁποτέρῶς</span> <span class='ocrx_word' id='word_1_637' title='bbox 896 4120 1009 4192; x_wconf 87' lang='grc'>(59)</span> <span class='ocrx_word' id='word_1_638' title='bbox 1031 4117 1090 4172; x_wconf 76' lang='grc' dir='ltr'>ἃν</span> <span class='ocrx_word' id='word_1_639' title='bbox 1122 4117 1396 4192; x_wconf 83' lang='grc' dir='ltr'>νεύσωμεν</span> <span class='ocrx_word' id='word_1_640' title='bbox 1438 4139 1451 4190; x_wconf 90' lang='grc'>;</span> <span class='ocrx_word' id='word_1_641' title='bbox 1505 4125 1757 4176; x_wconf 85' lang='grc' dir='ltr'>Τοιοῦτον</span> <span class='ocrx_word' id='word_1_642' title='bbox 1789 4121 1852 4176; x_wconf 84' lang='grc' dir='ltr'>τὸ</span> <span class='ocrx_word' id='word_1_643' title='bbox 1883 4129 2066 4198; x_wconf 77' lang='grc' dir='ltr'>κρᾶμα</span> 
     </span>
    </p>
   </div>
   <div class='ocr_carea' id='block_1_75' title="bbox 408 4204 2063 4290">
    <p class='ocr_par' dir='ltr' id='par_1_75' title="bbox 408 4204 2063 4290">
     <span class='ocr_line' id='line_1_81' title="bbox 408 4204 2063 4290; baseline 0.006 -32"><span class='ocrx_word' id='word_1_644' title='bbox 408 4207 591 4279; x_wconf 84' lang='grc' dir='ltr'>ἡμῶν,</span> <span class='ocrx_word' id='word_1_645' title='bbox 650 4206 739 4261; x_wconf 86' lang='grc' dir='ltr'>καὶ</span> <span class='ocrx_word' id='word_1_646' title='bbox 791 4204 879 4261; x_wconf 79' lang='grc' dir='ltr'>διὰ</span> <span class='ocrx_word' id='word_1_647' title='bbox 922 4211 1110 4274; x_wconf 86' lang='grc' dir='ltr'>ταῦτα,</span> <span class='ocrx_word' id='word_1_648' title='bbox 1162 4208 1236 4270; x_wconf 86' lang='grc' dir='ltr'>ὡς</span> <span class='ocrx_word' id='word_1_649' title='bbox 1281 4212 1410 4283; x_wconf 89' lang='grc' dir='ltr'>γοῦν</span> <span class='ocrx_word' id='word_1_650' title='bbox 1471 4207 1596 4282; x_wconf 68' lang='grc' dir='ltr'>ἐμοὶ</span> <span class='ocrx_word' id='word_1_651' title='bbox 1662 4211 2063 4290; x_wconf 74' lang='grc' dir='ltr'>καταφαίνεται,</span> 
     </span>
    </p>
   </div>
   <div class='ocr_carea' id='block_1_76' title="bbox 400 4289 2066 4377">
    <p class='ocr_par' dir='ltr' id='par_1_76' title="bbox 400 4289 2066 4377">
     <span class='ocr_line' id='line_1_82' title="bbox 400 4289 2066 4377; baseline 0.005 -29"><span class='ocrx_word' id='word_1_652' title='bbox 400 4289 474 4348; x_wconf 69' lang='grc' dir='ltr'>ἵν’</span> <span class='ocrx_word' id='word_1_653' title='bbox 505 4294 629 4350; x_wconf 78' lang='grc' dir='ltr'>ὅταν</span> <span class='ocrx_word' id='word_1_654' title='bbox 661 4295 1013 4372; x_wconf 79' lang='grc' dir='ltr'>ἐπαιρώμεθα</span> <span class='ocrx_word' id='word_1_655' title='bbox 1061 4293 1151 4351; x_wconf 78' lang='grc' dir='ltr'>διὰ</span> <span class='ocrx_word' id='word_1_656' title='bbox 1196 4298 1295 4366; x_wconf 76' lang='grc' dir='ltr'>τὴν</span> <span class='ocrx_word' id='word_1_657' title='bbox 1331 4297 1535 4372; x_wconf 78' lang='grc' dir='ltr'>εἰκόνα,</span> <span class='ocrx_word' id='word_1_658' title='bbox 1569 4296 1658 4353; x_wconf 82' lang='grc' dir='ltr'>διὰ</span> <span class='ocrx_word' id='word_1_659' title='bbox 1687 4301 1777 4354; x_wconf 86' lang='grc' dir='ltr'>τὸν</span> <span class='ocrx_word' id='word_1_660' title='bbox 1807 4307 1942 4377; x_wconf 88' lang='grc' dir='ltr'>χοῦν</span> <span class='ocrx_word' id='word_1_661' title='bbox 1979 4324 2066 4357; x_wconf 84' lang='grc' dir='ltr'>συ-</span> 
     </span>
    </p>
   </div>
   <div class='ocr_carea' id='block_1_77' title="bbox 405 4383 2065 4470">
    <p class='ocr_par' dir='ltr' id='par_1_77' title="bbox 405 4383 2065 4470">
     <span class='ocr_line' id='line_1_83' title="bbox 405 4383 2065 4470; baseline 0.005 -30"><span class='ocrx_word' id='word_1_662' title='bbox 405 4383 785 4459; x_wconf 83' lang='grc' dir='ltr'>στελλώμεθα.</span> <span class='ocrx_word' id='word_1_663' title='bbox 811 4390 987 4440; x_wconf 86' lang='grc' dir='ltr'>Ταῦτα</span> <span class='ocrx_word' id='word_1_664' title='bbox 1021 4387 1115 4459; x_wconf 77' lang='grc' dir='ltr'>μὶν</span> <span class='ocrx_word' id='word_1_665' title='bbox 1150 4386 1242 4441; x_wconf 79' lang='grc' dir='ltr'>οὗν</span> <span class='ocrx_word' id='word_1_666' title='bbox 1276 4388 1304 4442; x_wconf 89' lang='grc' dir='ltr'>ὁ</span> <span class='ocrx_word' id='word_1_667' title='bbox 1338 4387 1676 4463; x_wconf 84' lang='grc' dir='ltr'>βουλόμενος</span> <span class='ocrx_word' id='word_1_668' title='bbox 1708 4392 1821 4462; x_wconf 85' lang='grc'>(60)</span> <span class='ocrx_word' id='word_1_669' title='bbox 1843 4391 2065 4470; x_wconf 79' lang='grc' dir='ltr'>φιλοσο-</span> 
     </span>
    </p>
   </div>
   <div class='ocr_carea' id='block_1_78' title="bbox 405 4472 2063 4555">
    <p class='ocr_par' dir='ltr' id='par_1_78' title="bbox 405 4472 2063 4555">
     <span class='ocr_line' id='line_1_84' title="bbox 405 4472 2063 4555; baseline 0.008 -30"><span class='ocrx_word' id='word_1_670' title='bbox 405 4472 592 4549; x_wconf 75' lang='grc' dir='ltr'>φείτω,</span> <span class='ocrx_word' id='word_1_671' title='bbox 642 4474 731 4529; x_wconf 91' lang='grc' dir='ltr'>καὶ</span> <span class='ocrx_word' id='word_1_672' title='bbox 784 4476 946 4548; x_wconf 82' lang='grc' dir='ltr'>ἡμεῖς</span> <span class='ocrx_word' id='word_1_673' title='bbox 995 4495 1059 4550; x_wconf 89' lang='grc' dir='ltr'>γε</span> <span class='ocrx_word' id='word_1_674' title='bbox 1106 4473 1667 4555; x_wconf 74' lang='grc' dir='ltr'>συμφιλοσοφήσομεν</span> <span class='ocrx_word' id='word_1_675' title='bbox 1720 4482 1833 4554; x_wconf 89' lang='grc'>(61)</span> <span class='ocrx_word' id='word_1_676' title='bbox 1879 4481 2063 4537; x_wconf 80' lang='grc' dir='ltr'>εὐκαι-</span> 
     </span>
    </p>
   </div>
   <div class='ocr_carea' id='block_1_79' title="bbox 409 4560 650 4637">
    <p class='ocr_par' dir='ltr' id='par_1_79' title="bbox 409 4560 650 4637">
     <span class='ocr_line' id='line_1_85' title="bbox 409 4560 650 4637; baseline 0.025 -23"><span class='ocrx_word' id='word_1_677' title='bbox 409 4560 650 4637; x_wconf 85' lang='grc' dir='ltr'>ρότερον.</span> 
     </span>
    </p>
   </div>
   <div class='ocr_carea' id='block_1_80' title="bbox 475 4705 874 4776">
    <p class='ocr_par' dir='ltr' id='par_1_80' title="bbox 475 4705 874 4776">
     <span class='ocr_line' id='line_1_86' title="bbox 475 4705 874 4776; baseline 0.008 -14"><span class='ocrx_word' id='word_1_678' title='bbox 475 4705 521 4741; x_wconf 82' lang='grc'><strong><em>⁶⁹</em></strong></span> <span class='ocrx_word' id='word_1_679' title='bbox 552 4708 664 4764; x_wconf 83' lang='lat' dir='ltr'>Isa.</span> <span class='ocrx_word' id='word_1_680' title='bbox 695 4725 753 4776; x_wconf 85' lang='lat' dir='ltr'>x,</span> <span class='ocrx_word' id='word_1_681' title='bbox 786 4709 874 4765; x_wconf 90' lang='grc'>18.</span> 
     </span>
    </p>
   </div>
   <div class='ocr_carea' id='block_1_81' title="bbox 496 4831 1452 4903">
    <p class='ocr_par' dir='ltr' id='par_1_81' title="bbox 496 4831 1452 4903">
     <span class='ocr_line' id='line_1_87' title="bbox 496 4831 1452 4903; baseline 0.005 -16"><span class='ocrx_word' id='word_1_682' title='bbox 496 4833 588 4902; x_wconf 82' lang='grc'>48)</span> <span class='ocrx_word' id='word_1_683' title='bbox 618 4831 792 4890; x_wconf 72' lang='grc' dir='ltr'>Οὕτω.</span> <span class='ocrx_word' id='word_1_684' title='bbox 830 4838 890 4891; x_wconf 87' lang='lat' dir='ltr'>In</span> <span class='ocrx_word' id='word_1_685' title='bbox 925 4834 1221 4903; x_wconf 85' lang='lat' dir='ltr'>pluribus,</span> <span class='ocrx_word' id='word_1_686' title='bbox 1255 4833 1452 4898; x_wconf 78' lang='grc' dir='ltr'>οὕτως.</span> 
     </span>
    </p>
   </div>
   <div class='ocr_carea' id='block_1_82' title="bbox 474 4832 2062 4994">
    <p class='ocr_par' dir='ltr' id='par_1_82' title="bbox 474 4832 2062 4994">
     <span class='ocr_line' id='line_1_88' title="bbox 496 4832 1452 4903; baseline 0.005 -16"><span class='ocrx_word' id='word_1_687' title='bbox 496 4833 588 4902; x_wconf 82' lang='grc'>48)</span> <span class='ocrx_word' id='word_1_688' title='bbox 618 4832 792 4890; x_wconf 72' lang='grc' dir='ltr'>Οὕτω.</span> <span class='ocrx_word' id='word_1_689' title='bbox 830 4838 890 4891; x_wconf 87' lang='lat' dir='ltr'>In</span> <span class='ocrx_word' id='word_1_690' title='bbox 967 4834 1221 4903; x_wconf 87' lang='lat' dir='ltr'>luribus,</span> <span class='ocrx_word' id='word_1_691' title='bbox 1255 4833 1452 4898; x_wconf 78' lang='grc' dir='ltr'>οὕτως.</span> 
     </span>
     <span class='ocr_line' id='line_1_89' title="bbox 474 4832 2062 4994; baseline 0.002 -35"><span class='ocrx_word' id='word_1_692' title='bbox 474 4832 588 4994; x_wconf 46' lang='grc'>(149)</span> <span class='ocrx_word' id='word_1_693' title='bbox 623 4904 690 4962; x_wconf 75' lang='grc' dir='ltr'>Οἱ</span> <span class='ocrx_word' id='word_1_694' title='bbox 722 4907 849 4981; x_wconf 87' lang='grc' dir='ltr'>παρ’</span> <span class='ocrx_word' id='word_1_695' title='bbox 881 4851 1051 4994; x_wconf 55' lang='grc' dir='ltr'>ἀξίαν.</span> <span class='ocrx_word' id='word_1_696' title='bbox 1105 4908 1334 4994; x_wconf 68' lang='lat' dir='ltr'>Nicetes</span> <span class='ocrx_word' id='word_1_697' title='bbox 1369 4925 1403 4994; x_wconf 47' lang='grc' dir='ltr'>ε,</span> <span class='ocrx_word' id='word_1_698' title='bbox 1437 4905 1577 4981; x_wconf 83' lang='grc' dir='ltr'>παρᾶ</span> <span class='ocrx_word' id='word_1_699' title='bbox 1624 4907 1948 4994; x_wconf 47' lang='grc' dir='ltr'>τῆγητύχην</span> <span class='ocrx_word' id='word_1_700' title='bbox 1995 4912 2062 4994; x_wconf 65' lang='grc' dir='ltr'>ᾖς</span> 
     </span>
    </p>
   </div>
   <div class='ocr_carea' id='block_1_83' title="bbox 407 4973 2059 5052">
    <p class='ocr_par' dir='ltr' id='par_1_83' title="bbox 407 4973 2059 5052">
     <span class='ocr_line' id='line_1_90' title="bbox 407 4973 2059 5052; baseline 0.007 -26"><span class='ocrx_word' id='word_1_701' title='bbox 407 4973 540 5041; x_wconf 67' lang='grc' dir='ltr'>ἦσάν</span> <span class='ocrx_word' id='word_1_702' title='bbox 589 4997 743 5052; x_wconf 84' lang='grc' dir='ltr'>ποτε,</span> <span class='ocrx_word' id='word_1_703' title='bbox 795 4973 823 5029; x_wconf 76' lang='grc' dir='ltr'>ἱ(</span> <span class='ocrx_word' id='word_1_704' title='bbox 857 4973 1065 5052; x_wconf 70' lang='lat' dir='ltr'>praeter</span> <span class='ocrx_word' id='word_1_705' title='bbox 1111 4997 1238 5035; x_wconf 87' lang='lat' dir='ltr'>eam</span> <span class='ocrx_word' id='word_1_706' title='bbox 1297 4973 1544 5036; x_wconf 69' lang='lat' dir='ltr'>fortunae</span> <span class='ocrx_word' id='word_1_707' title='bbox 1575 4973 1968 5038; x_wconf 65' lang='lat' dir='ltr'>conditionem</span> <span class='ocrx_word' id='word_1_708' title='bbox 2000 4984 2059 5039; x_wconf 91' lang='lat' dir='ltr'>in</span> 
     </span>
    </p>
   </div>
   <div class='ocr_carea' id='block_1_84' title="bbox 404 5051 2058 5126">
    <p class='ocr_par' dir='ltr' id='par_1_84' title="bbox 404 5051 2058 5126">
     <span class='ocr_line' id='line_1_91' title="bbox 404 5051 2058 5126; baseline 0.005 -25"><span class='ocrx_word' id='word_1_709' title='bbox 404 5062 522 5117; x_wconf 91' lang='lat' dir='ltr'>qua</span> <span class='ocrx_word' id='word_1_710' title='bbox 551 5051 850 5126; x_wconf 77' lang='lat' dir='ltr'>quondam</span> <span class='ocrx_word' id='word_1_711' title='bbox 866 5051 1286 5126; x_wconf 73' lang='lat' dir='ltr'>versabantur.</span> <span class='ocrx_word' id='word_1_712' title='bbox 1323 5075 1350 5102; x_wconf 82' lang='lat'>»</span> <span class='ocrx_word' id='word_1_713' title='bbox 1384 5052 1565 5126; x_wconf 89' lang='lat' dir='ltr'>Docet</span> <span class='ocrx_word' id='word_1_714' title='bbox 1594 5052 1691 5108; x_wconf 89' lang='lat' dir='ltr'>hic</span> <span class='ocrx_word' id='word_1_715' title='bbox 1721 5053 2058 5126; x_wconf 86' lang='lat' dir='ltr'>Gregorius,</span> 
     </span>
    </p>
   </div>
   <div class='ocr_carea' id='block_1_85' title="bbox 402 5121 2060 5196">
    <p class='ocr_par' dir='ltr' id='par_1_85' title="bbox 402 5121 2060 5196">
     <span class='ocr_line' id='line_1_92' title="bbox 402 5121 2060 5196; baseline 0.006 -24"><span class='ocrx_word' id='word_1_716' title='bbox 402 5121 620 5196; x_wconf 81' lang='lat' dir='ltr'>eosqui</span> <span class='ocrx_word' id='word_1_717' title='bbox 642 5138 710 5196; x_wconf 66' lang='lat' dir='ltr'>ei;</span> <span class='ocrx_word' id='word_1_718' title='bbox 733 5122 925 5196; x_wconf 78' lang='lat' dir='ltr'>altiori</span> <span class='ocrx_word' id='word_1_719' title='bbox 948 5123 1255 5196; x_wconf 87' lang='lat' dir='ltr'>dignitatis</span> <span class='ocrx_word' id='word_1_720' title='bbox 1286 5129 1343 5180; x_wconf 89' lang='lat' dir='ltr'>et</span> <span class='ocrx_word' id='word_1_721' title='bbox 1371 5125 1616 5180; x_wconf 68' lang='lat' dir='ltr'>fortuna:</span> <span class='ocrx_word' id='word_1_722' title='bbox 1637 5121 1912 5196; x_wconf 47' lang='lat' dir='ltr'>gradu&#39;in</span> <span class='ocrx_word' id='word_1_723' title='bbox 1947 5121 2060 5182; x_wconf 52' lang='lat' dir='ltr'>mii-</span> 
     </span>
    </p>
   </div>
   <div class='ocr_carea' id='block_1_86' title="bbox 400 5192 2057 5270">
    <p class='ocr_par' dir='ltr' id='par_1_86' title="bbox 400 5192 2057 5270">
     <span class='ocr_line' id='line_1_93' title="bbox 400 5192 2057 5270; baseline 0.006 -26"><span class='ocrx_word' id='word_1_724' title='bbox 400 5192 615 5247; x_wconf 83' lang='lat' dir='ltr'>seriam</span> <span class='ocrx_word' id='word_1_725' title='bbox 671 5194 891 5266; x_wconf 84' lang='lat' dir='ltr'>delapsi</span> <span class='ocrx_word' id='word_1_726' title='bbox 944 5192 1367 5270; x_wconf 71' lang='lat' dir='ltr'>sunt,_majori</span> <span class='ocrx_word' id='word_1_727' title='bbox 1422 5192 1796 5270; x_wconf 65' lang='lat' dir='ltr'>miseratione</span> <span class='ocrx_word' id='word_1_728' title='bbox 1826 5199 2057 5270; x_wconf 87' lang='lat' dir='ltr'>dignos,</span> 
     </span>
    </p>
   </div>
   <div class='ocr_carea' id='block_1_87' title="bbox 401 5267 2058 5337">
    <p class='ocr_par' dir='ltr' id='par_1_87' title="bbox 401 5267 2058 5337">
     <span class='ocr_line' id='line_1_94' title="bbox 401 5267 2058 5337; baseline 0.005 -20"><span class='ocrx_word' id='word_1_729' title='bbox 401 5279 579 5337; x_wconf 85' lang='lat' dir='ltr'>quam</span> <span class='ocrx_word' id='word_1_730' title='bbox 608 5279 708 5321; x_wconf 84' lang='lat' dir='ltr'>eos</span> <span class='ocrx_word' id='word_1_731' title='bbox 740 5267 839 5337; x_wconf 92' lang='lat' dir='ltr'>qui</span> <span class='ocrx_word' id='word_1_732' title='bbox 875 5271 1049 5323; x_wconf 91' lang='lat' dir='ltr'>rebus</span> <span class='ocrx_word' id='word_1_733' title='bbox 1078 5268 1340 5323; x_wconf 89' lang='lat' dir='ltr'>adversis</span> <span class='ocrx_word' id='word_1_734' title='bbox 1373 5273 1513 5323; x_wconf 88' lang='lat' dir='ltr'>sunt</span> <span class='ocrx_word' id='word_1_735' title='bbox 1542 5268 1784 5324; x_wconf 88' lang='lat' dir='ltr'>assueti.</span> <span class='ocrx_word' id='word_1_736' title='bbox 1840 5292 1869 5320; x_wconf 79' lang='grc' dir='ltr'>ι(</span> <span class='ocrx_word' id='word_1_737' title='bbox 1892 5267 2058 5325; x_wconf 70' lang='lat' dir='ltr'>Nihil</span> 
     </span>
    </p>
   </div>
   <div class='ocr_carea' id='block_1_88' title="bbox 400 5335 2060 5412">
    <p class='ocr_par' dir='ltr' id='par_1_88' title="bbox 400 5335 2060 5412">
     <span class='ocr_line' id='line_1_95' title="bbox 400 5335 2060 5412; baseline 0.007 -25"><span class='ocrx_word' id='word_1_738' title='bbox 400 5335 557 5389; x_wconf 89' lang='lat' dir='ltr'>enim</span> <span class='ocrx_word' id='word_1_739' title='bbox 589 5341 680 5412; x_wconf 81' lang='lat' dir='ltr'>est</span> <span class='ocrx_word' id='word_1_740' title='bbox 707 5335 826 5392; x_wconf 80' lang='lat' dir='ltr'>tam</span> <span class='ocrx_word' id='word_1_741' title='bbox 861 5339 1219 5412; x_wconf 60' lang='lat' dir='ltr'>miserabile,</span> <span class='ocrx_word' id='word_1_742' title='bbox 1255 5362 1281 5389; x_wconf 86' lang='lat'><strong>»</strong></span> <span class='ocrx_word' id='word_1_743' title='bbox 1337 5340 1430 5412; x_wconf 13' lang='lat' dir='ltr'>ait,</span> <span class='ocrx_word' id='word_1_744' title='bbox 1445 5339 1662 5412; x_wconf 83' lang='lat' dir='ltr'>Cicero,</span> <span class='ocrx_word' id='word_1_745' title='bbox 1715 5362 1741 5389; x_wconf 84' lang='lat'><strong>«</strong></span> <span class='ocrx_word' id='word_1_746' title='bbox 1780 5358 1959 5412; x_wconf 89' lang='lat' dir='ltr'>quam</span> <span class='ocrx_word' id='word_1_747' title='bbox 1991 5359 2060 5399; x_wconf 83' lang='lat' dir='ltr'>ex</span> 
     </span>
    </p>
   </div>
   <div class='ocr_carea' id='block_1_89' title="bbox 402 5406 1810 5484">
    <p class='ocr_par' dir='ltr' id='par_1_89' title="bbox 402 5406 1810 5484">
     <span class='ocr_line' id='line_1_96' title="bbox 402 5406 1810 5484; baseline 0.003 -25"><span class='ocrx_word' id='word_1_748' title='bbox 402 5406 571 5484; x_wconf 62' lang='lat' dir='ltr'>beato</span> <span class='ocrx_word' id='word_1_749' title='bbox 603 5407 801 5484; x_wconf 81' lang='lat' dir='ltr'>miser.</span> <span class='ocrx_word' id='word_1_750' title='bbox 835 5431 862 5459; x_wconf 86' lang='lat'>»</span> <span class='ocrx_word' id='word_1_751' title='bbox 906 5410 1037 5465; x_wconf 91' lang='lat' dir='ltr'>Bill.</span> <span class='ocrx_word' id='word_1_752' title='bbox 1060 5434 1109 5484; x_wconf 82' lang='lat'>_«</span> <span class='ocrx_word' id='word_1_753' title='bbox 1142 5406 1356 5484; x_wconf 69' lang='lat' dir='ltr'>praeter</span> <span class='ocrx_word' id='word_1_754' title='bbox 1378 5406 1744 5484; x_wconf 78' lang='lat' dir='ltr'>dignitatem.</span> <span class='ocrx_word' id='word_1_755' title='bbox 1781 5406 1810 5463; x_wconf 61' lang='grc' dir='ltr'><em>ὁ</em></span> 
     </span>
    </p>
   </div>
   <div class='ocr_carea' id='block_1_90' title="bbox 387 5477 1757 5601">
    <p class='ocr_par' dir='ltr' id='par_1_90' title="bbox 387 5477 1757 5601">
     <span class='ocr_line' id='line_1_97' title="bbox 387 5477 1757 5601; baseline -0.004 -63"><span class='ocrx_word' id='word_1_756' title='bbox 627 5478 907 5538; x_wconf 77' lang='grc' dir='ltr'>Ἀπία-του.</span> <span class='ocrx_word' id='word_1_757' title='bbox 977 5477 1160 5538; x_wconf 48' lang='grc' dir='ltr'>ΟοΙὺδ</span> <span class='ocrx_word' id='word_1_758' title='bbox 1198 5487 1223 5539; x_wconf 91' lang='grc'><strong>1</strong></span> <span class='ocrx_word' id='word_1_759' title='bbox 1253 5527 1267 5554; x_wconf 93' lang='grc'>,</span> <span class='ocrx_word' id='word_1_760' title='bbox 1334 5477 1659 5554; x_wconf 64' lang='grc' dir='ltr'>ἀπλῆστου,</span> <span class='ocrx_word' id='word_1_761' title='bbox 1729 5507 1757 5535; x_wconf 89' lang='grc'><strong>‹‹</strong></span> 
     </span>
     <span class='ocr_line' id='line_1_98' title="bbox 442 5564 590 5601; baseline 0 0"><span class='ocrx_word' id='word_1_762' title='bbox 442 5564 458 5601; x_wconf 90' lang='lat'>1</span> <span class='ocrx_word' id='word_1_763' title='bbox 493 5566 530 5601; x_wconf 86' lang='lat'>1.</span> <span class='ocrx_word' id='word_1_764' title='bbox 563 5568 590 5601; x_wconf 74' lang='grc' dir='ltr'>ι</span> 
     </span>
    </p>
   </div>
   <div class='ocr_carea' id='block_1_91' title="bbox 442 5564 590 5602">
    <p class='ocr_par' dir='ltr' id='par_1_91' title="bbox 442 5564 590 5602">
     <span class='ocr_line' id='line_1_99' title="bbox 442 5564 590 5602; baseline 0 -1"><span class='ocrx_word' id='word_1_765' title='bbox 442 5564 530 5602; x_wconf 78' lang='lat' dir='ltr'>lll.</span> <span class='ocrx_word' id='word_1_766' title='bbox 563 5568 590 5601; x_wconf 79' lang='grc' dir='ltr'><strong>Ι</strong></span> 
     </span>
    </p>
   </div>
   <div class='ocr_carea' id='block_1_92' title="bbox 470 5619 1604 5699">
    <p class='ocr_par' dir='ltr' id='par_1_92' title="bbox 470 5619 1604 5699">
     <span class='ocr_line' id='line_1_100' title="bbox 470 5619 1604 5699; baseline 0.006 -25"><span class='ocrx_word' id='word_1_767' title='bbox 615 5621 1035 5699; x_wconf 19' lang='grc' dir='ltr'>ξυμφόρομαιξλ</span> <span class='ocrx_word' id='word_1_768' title='bbox 1065 5649 1092 5677; x_wconf 87' lang='grc'>‹‹</span> <span class='ocrx_word' id='word_1_769' title='bbox 1124 5626 1540 5699; x_wconf 82' lang='lat' dir='ltr'>Commiscear.</span> <span class='ocrx_word' id='word_1_770' title='bbox 1574 5644 1604 5674; x_wconf 86' lang='lat'><strong>»</strong></span> 
     </span>
    </p>
   </div>
   <div class='ocr_carea' id='block_1_93' title="bbox 470 5690 1890 5770">
    <p class='ocr_par' dir='ltr' id='par_1_93' title="bbox 470 5690 1890 5770">
     <span class='ocr_line' id='line_1_101' title="bbox 470 5690 1890 5770; baseline 0.004 -23"><span class='ocrx_word' id='word_1_771' title='bbox 615 5690 946 5770; x_wconf 60' lang='grc' dir='ltr'>Χρξιςσιιὶμαι.</span> <span class='ocrx_word' id='word_1_772' title='bbox 975 5697 1076 5770; x_wconf 76' lang='lat' dir='ltr'>_Sic</span> <span class='ocrx_word' id='word_1_773' title='bbox 1107 5701 1244 5770; x_wconf 79' lang='lat' dir='ltr'>Reg.</span> <span class='ocrx_word' id='word_1_774' title='bbox 1282 5699 1378 5754; x_wconf 91' lang='lat' dir='ltr'>hu.</span> <span class='ocrx_word' id='word_1_775' title='bbox 1411 5695 1890 5770; x_wconf 37' lang='grc' dir='ltr'>ΑΙὶἰκχρήσομαι.</span> 
     </span>
    </p>
   </div>
   <div class='ocr_carea' id='block_1_94' title="bbox 474 5714 2054 5852">
    <p class='ocr_par' dir='ltr' id='par_1_94' title="bbox 474 5714 2054 5852">
     <span class='ocr_line' id='line_1_102' title="bbox 474 5714 1890 5788; baseline 0.004 -44"><span class='ocrx_word' id='word_1_776' title='bbox 474 5714 582 5763; x_wconf 58' lang='lat' dir='ltr'>iam)</span> <span class='ocrx_word' id='word_1_777' title='bbox 616 5714 946 5768; x_wconf 75' lang='grc' dir='ltr'>Λρησωμαι.</span> <span class='ocrx_word' id='word_1_778' title='bbox 981 5714 1076 5752; x_wconf 72' lang='grc' dir='ltr'>διο</span> <span class='ocrx_word' id='word_1_779' title='bbox 1107 5714 1185 5754; x_wconf 73' lang='lat' dir='ltr'>ne</span> <span class='ocrx_word' id='word_1_780' title='bbox 1232 5740 1244 5754; x_wconf 92' lang='lat'>.</span> <span class='ocrx_word' id='word_1_781' title='bbox 1282 5714 1378 5754; x_wconf 88' lang='lat' dir='ltr'>nu.</span> <span class='ocrx_word' id='word_1_782' title='bbox 1411 5714 1548 5768; x_wconf 77' lang='lat' dir='ltr'>Am,</span> <span class='ocrx_word' id='word_1_783' title='bbox 1628 5714 1890 5788; x_wconf 73' lang='grc' dir='ltr'>ρησομαι,</span> 
     </span>
     <span class='ocr_line' id='line_1_103' title="bbox 474 5714 2054 5852; baseline 0.003 -33"><span class='ocrx_word' id='word_1_784' title='bbox 474 5763 584 5836; x_wconf 88' lang='grc'>(53)</span> <span class='ocrx_word' id='word_1_785' title='bbox 616 5766 715 5823; x_wconf 78' lang='grc' dir='ltr'>Διὰ</span> <span class='ocrx_word' id='word_1_786' title='bbox 742 5769 850 5821; x_wconf 83' lang='grc' dir='ltr'>τῶν</span> <span class='ocrx_word' id='word_1_787' title='bbox 882 5765 1146 5843; x_wconf 80' lang='grc' dir='ltr'>πράξεων.</span> <span class='ocrx_word' id='word_1_788' title='bbox 1180 5715 1322 5852; x_wconf 55' lang='lat' dir='ltr'>ﬁeg.</span> <span class='ocrx_word' id='word_1_789' title='bbox 1355 5771 1436 5829; x_wconf 86' lang='lat' dir='ltr'>hu</span> <span class='ocrx_word' id='word_1_790' title='bbox 1467 5774 1524 5828; x_wconf 88' lang='lat' dir='ltr'>et</span> <span class='ocrx_word' id='word_1_791' title='bbox 1554 5714 1757 5842; x_wconf 51' lang='lat' dir='ltr'>&amp;abr.,</span> <span class='ocrx_word' id='word_1_792' title='bbox 1817 5766 1868 5822; x_wconf 85' lang='grc' dir='ltr'>δι</span> <span class='ocrx_word' id='word_1_793' title='bbox 1915 5767 2054 5848; x_wconf 80' lang='grc' dir='ltr'>ἀγα-</span> 
     </span>
    </p>
   </div>
   <div class='ocr_carea' id='block_1_95' title="bbox 1817 5484 2060 5540">
    <p class='ocr_par' dir='ltr' id='par_1_95' title="bbox 1817 5484 2060 5540">
     <span class='ocr_line' id='line_1_104' title="bbox 1817 5484 2060 5540; baseline 0.004 -1"><span class='ocrx_word' id='word_1_794' title='bbox 1817 5484 2060 5540; x_wconf 86' lang='lat' dir='ltr'>insatia-</span> 
     </span>
    </p>
   </div>
   <div class='ocr_carea' id='block_1_96' title="bbox 2179 3683 3831 3785">
    <p class='ocr_par' dir='ltr' id='par_1_96' title="bbox 2179 3683 3831 3785">
     <span class='ocr_line' id='line_1_105' title="bbox 2179 3683 3831 3785; baseline 0.021 -49"><span class='ocrx_word' id='word_1_795' title='bbox 2179 3697 2252 3737; x_wconf 87' lang='lat' dir='ltr'>ne</span> <span class='ocrx_word' id='word_1_796' title='bbox 2273 3683 2347 3738; x_wconf 92' lang='lat' dir='ltr'>ob</span> <span class='ocrx_word' id='word_1_797' title='bbox 2378 3684 2724 3754; x_wconf 81' lang='lat' dir='ltr'>dignitatem</span> <span class='ocrx_word' id='word_1_798' title='bbox 2751 3695 3010 3748; x_wconf 88' lang='lat' dir='ltr'>nostram</span> <span class='ocrx_word' id='word_1_799' title='bbox 3035 3683 3304 3770; x_wconf 87' lang='lat' dir='ltr'>nosipsos</span> <span class='ocrx_word' id='word_1_800' title='bbox 3325 3705 3632 3766; x_wconf 85' lang='lat' dir='ltr'>eﬂ‘erentes</span> <span class='ocrx_word' id='word_1_801' title='bbox 3655 3716 3831 3785; x_wconf 87' lang='lat' dir='ltr'>atque</span> 
     </span>
    </p>
   </div>
   <div class='ocr_carea' id='block_1_97' title="bbox 2179 3771 3831 3874">
    <p class='ocr_par' dir='ltr' id='par_1_97' title="bbox 2179 3771 3831 3874">
     <span class='ocr_line' id='line_1_106' title="bbox 2179 3771 3831 3874; baseline 0.021 -47"><span class='ocrx_word' id='word_1_802' title='bbox 2179 3771 2533 3842; x_wconf 80' lang='lat' dir='ltr'>attollentes,</span> <span class='ocrx_word' id='word_1_803' title='bbox 2567 3775 2897 3835; x_wconf 88' lang='lat' dir='ltr'>Creatorem</span> <span class='ocrx_word' id='word_1_804' title='bbox 2931 3788 3397 3863; x_wconf 88' lang='lat' dir='ltr'>contemnamus,</span> <span class='ocrx_word' id='word_1_805' title='bbox 3451 3797 3507 3851; x_wconf 91' lang='lat' dir='ltr'>in</span> <span class='ocrx_word' id='word_1_806' title='bbox 3559 3816 3645 3871; x_wconf 88' lang='lat' dir='ltr'>ea,</span> <span class='ocrx_word' id='word_1_807' title='bbox 3700 3771 3831 3874; x_wconf 62' lang='lat' dir='ltr'>quae</span> 
     </span>
    </p>
   </div>
   <div class='ocr_carea' id='block_1_98' title="bbox 2178 3861 3828 3959">
    <p class='ocr_par' dir='ltr' id='par_1_98' title="bbox 2178 3861 3828 3959">
     <span class='ocr_line' id='line_1_107' title="bbox 2178 3861 3828 3959; baseline 0.022 -46"><span class='ocrx_word' id='word_1_808' title='bbox 2178 3861 2350 3916; x_wconf 90' lang='lat' dir='ltr'>nobis</span> <span class='ocrx_word' id='word_1_809' title='bbox 2381 3862 2660 3920; x_wconf 82' lang='lat' dir='ltr'>adversus</span> <span class='ocrx_word' id='word_1_810' title='bbox 2688 3883 2900 3940; x_wconf 89' lang='lat' dir='ltr'>corpus</span> <span class='ocrx_word' id='word_1_811' title='bbox 2930 3877 3038 3940; x_wconf 88' lang='lat' dir='ltr'>est,</span> <span class='ocrx_word' id='word_1_812' title='bbox 3062 3873 3221 3934; x_wconf 87' lang='lat' dir='ltr'>lucta</span> <span class='ocrx_word' id='word_1_813' title='bbox 3252 3885 3308 3935; x_wconf 87' lang='lat' dir='ltr'>et</span> <span class='ocrx_word' id='word_1_814' title='bbox 3339 3861 3734 3959; x_wconf 67' lang='lat' dir='ltr'>dimicatione:</span> <span class='ocrx_word' id='word_1_815' title='bbox 3757 3895 3828 3949; x_wconf 84' lang='lat' dir='ltr'>ab</span> 
     </span>
    </p>
   </div>
   <div class='ocr_carea' id='block_1_99' title="bbox 2178 3954 3830 4042">
    <p class='ocr_par' dir='ltr' id='par_1_99' title="bbox 2178 3954 3830 4042">
     <span class='ocr_line' id='line_1_108' title="bbox 2178 3954 3830 4042; baseline 0.021 -40"><span class='ocrx_word' id='word_1_816' title='bbox 2178 3965 2244 4004; x_wconf 89' lang='lat' dir='ltr'>eo</span> <span class='ocrx_word' id='word_1_817' title='bbox 2276 3967 2578 4023; x_wconf 90' lang='lat' dir='ltr'>nunquam</span> <span class='ocrx_word' id='word_1_818' title='bbox 2613 3954 2812 4012; x_wconf 91' lang='lat' dir='ltr'>oculos</span> <span class='ocrx_word' id='word_1_819' title='bbox 2844 3959 3226 4034; x_wconf 90' lang='lat' dir='ltr'>dejiciamus;</span> <span class='ocrx_word' id='word_1_820' title='bbox 3261 3976 3436 4042; x_wconf 88' lang='lat' dir='ltr'>atque</span> <span class='ocrx_word' id='word_1_821' title='bbox 3466 3974 3547 4032; x_wconf 91' lang='lat' dir='ltr'>ita</span> <span class='ocrx_word' id='word_1_822' title='bbox 3575 3978 3830 4036; x_wconf 79' lang='lat' dir='ltr'>infirmi-</span> 
     </span>
    </p>
   </div>
   <div class='ocr_carea' id='block_1_100' title="bbox 2175 4037 3828 4130">
    <p class='ocr_par' dir='ltr' id='par_1_100' title="bbox 2175 4037 3828 4130">
     <span class='ocr_line' id='line_1_109' title="bbox 2175 4037 3828 4130; baseline 0.021 -37"><span class='ocrx_word' id='word_1_823' title='bbox 2175 4041 2266 4094; x_wconf 91' lang='lat' dir='ltr'>tas</span> <span class='ocrx_word' id='word_1_824' title='bbox 2293 4037 2556 4111; x_wconf 82' lang='lat' dir='ltr'>illa,quae</span> <span class='ocrx_word' id='word_1_825' title='bbox 2581 4043 2748 4100; x_wconf 88' lang='lat' dir='ltr'>nobis</span> <span class='ocrx_word' id='word_1_826' title='bbox 2771 4048 3040 4118; x_wconf 89' lang='lat' dir='ltr'>copulata</span> <span class='ocrx_word' id='word_1_827' title='bbox 3060 4060 3170 4124; x_wconf 75' lang='lat' dir='ltr'>est,</span> <span class='ocrx_word' id='word_1_828' title='bbox 3193 4037 3541 4130; x_wconf 83' lang='lat' dir='ltr'>dignitatem</span> <span class='ocrx_word' id='word_1_829' title='bbox 3568 4075 3828 4127; x_wconf 87' lang='lat' dir='ltr'>nostram</span> 
     </span>
    </p>
   </div>
   <div class='ocr_carea' id='block_1_101' title="bbox 2174 4128 3831 4218">
    <p class='ocr_par' dir='ltr' id='par_1_101' title="bbox 2174 4128 3831 4218">
     <span class='ocr_line' id='line_1_110' title="bbox 2174 4128 3831 4218; baseline 0.024 -38"><span class='ocrx_word' id='word_1_830' title='bbox 2174 4128 2362 4183; x_wconf 84' lang='lat' dir='ltr'>frenet</span> <span class='ocrx_word' id='word_1_831' title='bbox 2383 4133 2554 4200; x_wconf 88' lang='lat' dir='ltr'>atque</span> <span class='ocrx_word' id='word_1_832' title='bbox 2577 4140 2838 4191; x_wconf 89' lang='lat' dir='ltr'>coerceat</span> <span class='ocrx_word' id='word_1_833' title='bbox 2861 4156 2873 4206; x_wconf 91' lang='lat'><strong>;</strong></span> <span class='ocrx_word' id='word_1_834' title='bbox 2905 4143 2970 4195; x_wconf 90' lang='lat' dir='ltr'>ut</span> <span class='ocrx_word' id='word_1_835' title='bbox 2991 4128 3389 4218; x_wconf 77' lang='lat' dir='ltr'>intelligamus</span> <span class='ocrx_word' id='word_1_836' title='bbox 3411 4169 3518 4210; x_wconf 89' lang='lat' dir='ltr'>nos</span> <span class='ocrx_word' id='word_1_837' title='bbox 3541 4159 3831 4218; x_wconf 82' lang='lat' dir='ltr'>maximos</span> 
     </span>
    </p>
   </div>
   <div class='ocr_carea' id='block_1_102' title="bbox 2175 4217 3832 4311">
    <p class='ocr_par' dir='ltr' id='par_1_102' title="bbox 2175 4217 3832 4311">
     <span class='ocr_line' id='line_1_111' title="bbox 2175 4217 3832 4311; baseline 0.019 -39"><span class='ocrx_word' id='word_1_838' title='bbox 2175 4217 2353 4272; x_wconf 88' lang='lat' dir='ltr'>simul</span> <span class='ocrx_word' id='word_1_839' title='bbox 2388 4223 2564 4291; x_wconf 86' lang='lat' dir='ltr'>atque</span> <span class='ocrx_word' id='word_1_840' title='bbox 2614 4222 2766 4280; x_wconf 65' lang='lat'>26?</span> <span class='ocrx_word' id='word_1_841' title='bbox 2818 4217 3250 4299; x_wconf 86' lang='lat' dir='ltr'>abjectissimos</span> <span class='ocrx_word' id='word_1_842' title='bbox 3281 4255 3428 4311; x_wconf 85' lang='lat' dir='ltr'>esse,</span> <span class='ocrx_word' id='word_1_843' title='bbox 3461 4245 3724 4305; x_wconf 87' lang='lat' dir='ltr'>terrenos</span> <span class='ocrx_word' id='word_1_844' title='bbox 3773 4256 3832 4306; x_wconf 91' lang='lat' dir='ltr'>et</span> 
     </span>
    </p>
   </div>
   <div class='ocr_carea' id='block_1_103' title="bbox 2175 4307 3830 4406">
    <p class='ocr_par' dir='ltr' id='par_1_103' title="bbox 2175 4307 3830 4406">
     <span class='ocr_line' id='line_1_112' title="bbox 2175 4307 3830 4406; baseline 0.021 -45"><span class='ocrx_word' id='word_1_845' title='bbox 2175 4307 2458 4379; x_wconf 72' lang='lat' dir='ltr'>cmlestes,</span> <span class='ocrx_word' id='word_1_846' title='bbox 2482 4312 2732 4368; x_wconf 84' lang='lat' dir='ltr'>caducos</span> <span class='ocrx_word' id='word_1_847' title='bbox 2755 4321 2810 4371; x_wconf 88' lang='lat' dir='ltr'>et</span> <span class='ocrx_word' id='word_1_848' title='bbox 2833 4316 3215 4392; x_wconf 88' lang='lat' dir='ltr'>immortales,</span> <span class='ocrx_word' id='word_1_849' title='bbox 3239 4327 3387 4385; x_wconf 91' lang='lat' dir='ltr'>lucis</span> <span class='ocrx_word' id='word_1_850' title='bbox 3419 4337 3475 4387; x_wconf 91' lang='lat' dir='ltr'>et</span> <span class='ocrx_word' id='word_1_851' title='bbox 3505 4333 3680 4406; x_wconf 87' lang='lat' dir='ltr'>ignis,</span> <span class='ocrx_word' id='word_1_852' title='bbox 3708 4340 3830 4396; x_wconf 89' lang='lat' dir='ltr'>sive</span> 
     </span>
    </p>
   </div>
   <div class='ocr_carea' id='block_1_104' title="bbox 2174 4395 3828 4486">
    <p class='ocr_par' dir='ltr' id='par_1_104' title="bbox 2174 4395 3828 4486">
     <span class='ocr_line' id='line_1_113' title="bbox 2174 4395 3828 4486; baseline 0.022 -37"><span class='ocrx_word' id='word_1_853' title='bbox 2174 4395 2347 4452; x_wconf 84' lang='lat' dir='ltr'>etiam</span> <span class='ocrx_word' id='word_1_854' title='bbox 2379 4399 2756 4457; x_wconf 88' lang='lat' dir='ltr'>tenebrarum</span> <span class='ocrx_word' id='word_1_855' title='bbox 2791 4404 3073 4478; x_wconf 75' lang='lat' dir='ltr'>hzeredes,</span> <span class='ocrx_word' id='word_1_856' title='bbox 3106 4419 3282 4484; x_wconf 86' lang='lat' dir='ltr'>prout</span> <span class='ocrx_word' id='word_1_857' title='bbox 3316 4418 3374 4474; x_wconf 90' lang='lat' dir='ltr'>in</span> <span class='ocrx_word' id='word_1_858' title='bbox 3420 4395 3828 4486; x_wconf 37' lang='lat' dir='ltr'>hocvvel&#39;illud</span> 
     </span>
    </p>
   </div>
   <div class='ocr_carea' id='block_1_105' title="bbox 2173 4484 3828 4587">
    <p class='ocr_par' dir='ltr' id='par_1_105' title="bbox 2173 4484 3828 4587">
     <span class='ocr_line' id='line_1_114' title="bbox 2173 4484 3828 4587; baseline 0.022 -47"><span class='ocrx_word' id='word_1_859' title='bbox 2173 4484 2343 4541; x_wconf 89' lang='lat' dir='ltr'>nobis</span> <span class='ocrx_word' id='word_1_860' title='bbox 2365 4503 2470 4557; x_wconf 90' lang='lat' dir='ltr'>pro</span> <span class='ocrx_word' id='word_1_861' title='bbox 2476 4489 2728 4559; x_wconf 87' lang='lat' dir='ltr'>pendere</span> <span class='ocrx_word' id='word_1_862' title='bbox 2749 4496 3096 4568; x_wconf 82' lang='lat' dir='ltr'>contigerit?</span> <span class='ocrx_word' id='word_1_863' title='bbox 3111 4501 3239 4560; x_wconf 63' lang='lat' dir='ltr'>Haec</span> <span class='ocrx_word' id='word_1_864' title='bbox 3265 4515 3467 4567; x_wconf 89' lang='lat' dir='ltr'>nostra</span> <span class='ocrx_word' id='word_1_865' title='bbox 3483 4484 3828 4587; x_wconf 86' lang='lat' dir='ltr'>temperatio</span> 
     </span>
    </p>
   </div>
   <div class='ocr_carea' id='block_1_106' title="bbox 2171 4578 3830 4680">
    <p class='ocr_par' dir='ltr' id='par_1_106' title="bbox 2171 4578 3830 4680">
     <span class='ocr_line' id='line_1_115' title="bbox 2171 4578 3830 4680; baseline 0.024 -52"><span class='ocrx_word' id='word_1_866' title='bbox 2171 4579 2280 4644; x_wconf 88' lang='lat' dir='ltr'>est,</span> <span class='ocrx_word' id='word_1_867' title='bbox 2333 4578 2510 4646; x_wconf 86' lang='lat' dir='ltr'>atque</span> <span class='ocrx_word' id='word_1_868' title='bbox 2560 4578 2633 4633; x_wconf 89' lang='lat' dir='ltr'>ob</span> <span class='ocrx_word' id='word_1_869' title='bbox 2684 4578 2791 4637; x_wconf 85' lang='lat' dir='ltr'>has</span> <span class='ocrx_word' id='word_1_870' title='bbox 2840 4599 3073 4657; x_wconf 86' lang='lat' dir='ltr'>causas,</span> <span class='ocrx_word' id='word_1_871' title='bbox 3107 4601 3396 4661; x_wconf 86' lang='lat' dir='ltr'>quantum</span> <span class='ocrx_word' id='word_1_872' title='bbox 3431 4578 3670 4673; x_wconf 71' lang='lat' dir='ltr'>quidem</span> <span class='ocrx_word' id='word_1_873' title='bbox 3704 4608 3830 4680; x_wconf 84' lang='lat' dir='ltr'>ipse</span> 
     </span>
    </p>
   </div>
   <div class='ocr_carea' id='block_1_107' title="bbox 2174 4841 3462 4928">
    <p class='ocr_par' dir='ltr' id='par_1_107' title="bbox 2174 4841 3462 4928">
     <span class='ocr_line' id='line_1_116' title="bbox 2174 4841 3462 4928; baseline 0.018 -34"><span class='ocrx_word' id='word_1_874' title='bbox 2174 4841 2298 4928; x_wconf 45' lang='grc' dir='ltr'>θῶνν</span> <span class='ocrx_word' id='word_1_875' title='bbox 2313 4841 2576 4928; x_wconf 41' lang='grc' dir='ltr'>πρέεειιζν,</span> <span class='ocrx_word' id='word_1_876' title='bbox 2620 4871 2669 4928; x_wconf 43' lang='grc' dir='ltr'>(ε</span> <span class='ocrx_word' id='word_1_877' title='bbox 2684 4866 2784 4922; x_wconf 91' lang='lat' dir='ltr'>per</span> <span class='ocrx_word' id='word_1_878' title='bbox 2807 4852 2965 4928; x_wconf 81' lang='lat' dir='ltr'>bona</span> <span class='ocrx_word' id='word_1_879' title='bbox 2996 4873 3190 4928; x_wconf 85' lang='lat' dir='ltr'>opera.</span> <span class='ocrx_word' id='word_1_880' title='bbox 3225 4885 3250 4914; x_wconf 82' lang='grc'><strong>››</strong></span> <span class='ocrx_word' id='word_1_881' title='bbox 3447 4905 3462 4917; x_wconf 81' lang='grc'>,</span> 
     </span>
    </p>
   </div>
   <div class='ocr_carea' id='block_1_108' title="bbox 2241 4915 3374 5056">
    <p class='ocr_par' dir='ltr' id='par_1_108' title="bbox 2241 4915 3374 5056">
     <span class='ocr_line' id='line_1_117' title="bbox 2241 4915 3374 5056; baseline 0.022 -88"><span class='ocrx_word' id='word_1_882' title='bbox 2241 4915 2366 5056; x_wconf 56' lang='grc' dir='ltr'>γει)</span> <span class='ocrx_word' id='word_1_883' title='bbox 2395 4916 2476 4973; x_wconf 79' lang='grc' dir='ltr'>Ὠ.</span> <span class='ocrx_word' id='word_1_884' title='bbox 2509 4919 2602 4974; x_wconf 90' lang='lat' dir='ltr'>Sic</span> <span class='ocrx_word' id='word_1_885' title='bbox 2634 4915 2772 4994; x_wconf 77' lang='lat' dir='ltr'>Reg.</span> <span class='ocrx_word' id='word_1_886' title='bbox 2807 4923 2906 4982; x_wconf 90' lang='lat' dir='ltr'>hu.</span> <span class='ocrx_word' id='word_1_887' title='bbox 2942 4915 3091 4985; x_wconf 82' lang='lat' dir='ltr'>Editi</span> <span class='ocrx_word' id='word_1_888' title='bbox 3125 4915 3276 5004; x_wconf 55' lang='lat' dir='ltr'>vas,</span> <span class='ocrx_word' id='word_1_889' title='bbox 3309 4933 3374 4993; x_wconf 82' lang='grc' dir='ltr'>ὦ.</span> 
     </span>
     <span class='ocr_line' id='line_1_118' title="bbox 2263 4988 3243 5056; baseline 0.019 -16"><span class='ocrx_word' id='word_1_890' title='bbox 2263 4988 2354 5056; x_wconf 87' lang='grc'>55)</span> <span class='ocrx_word' id='word_1_891' title='bbox 2389 4991 2658 5056; x_wconf 82' lang='grc' dir='ltr'>Περιέπω.</span> <span class='ocrx_word' id='word_1_892' title='bbox 2712 5018 2739 5046; x_wconf 82' lang='grc'>‹‹</span> <span class='ocrx_word' id='word_1_893' title='bbox 2779 4996 2980 5056; x_wconf 86' lang='lat' dir='ltr'>Foveo.</span> <span class='ocrx_word' id='word_1_894' title='bbox 3017 5019 3175 5056; x_wconf 88' lang='lat' dir='ltr'>curo.</span> <span class='ocrx_word' id='word_1_895' title='bbox 3216 5030 3243 5056; x_wconf 84' lang='grc'><strong>››</strong></span> 
     </span>
    </p>
   </div>
   <div class='ocr_carea' id='block_1_109' title="bbox 2263 4989 3243 5129">
    <p class='ocr_par' dir='ltr' id='par_1_109' title="bbox 2263 4989 3243 5129">
     <span class='ocr_line' id='line_1_119' title="bbox 2263 4989 3243 5129; baseline 0.017 -90"><span class='ocrx_word' id='word_1_896' title='bbox 2263 4989 2354 5129; x_wconf 72' lang='lat'>55)</span> <span class='ocrx_word' id='word_1_897' title='bbox 2389 4991 2658 5064; x_wconf 84' lang='grc' dir='ltr'>Περιέπω.</span> <span class='ocrx_word' id='word_1_898' title='bbox 2712 4989 2747 5046; x_wconf 74' lang='grc' dir='ltr'>‹Ῑ</span> <span class='ocrx_word' id='word_1_899' title='bbox 2779 4996 2980 5068; x_wconf 86' lang='lat' dir='ltr'>Foveo,</span> <span class='ocrx_word' id='word_1_900' title='bbox 3017 5019 3175 5062; x_wconf 85' lang='lat' dir='ltr'>curo.</span> <span class='ocrx_word' id='word_1_901' title='bbox 3216 4989 3243 5056; x_wconf 53' lang='grc' dir='ltr'><em>ἦ</em></span> 
     </span>
     <span class='ocr_line' id='line_1_120' title="bbox 2263 5059 3236 5129; baseline 0.018 -17"><span class='ocrx_word' id='word_1_902' title='bbox 2263 5059 2332 5113; x_wconf 84' lang='grc'>56</span> <span class='ocrx_word' id='word_1_903' title='bbox 2385 5059 2452 5115; x_wconf 82' lang='grc' dir='ltr'>Τ(</span> <span class='ocrx_word' id='word_1_904' title='bbox 2481 5061 2544 5115; x_wconf 88' lang='grc' dir='ltr'>τὸ</span> <span class='ocrx_word' id='word_1_905' title='bbox 2580 5062 2717 5129; x_wconf 87' lang='grc' dir='ltr'>μέγα</span> <span class='ocrx_word' id='word_1_906' title='bbox 2746 5070 2906 5124; x_wconf 86' lang='grc' dir='ltr'>τοῦτο</span> <span class='ocrx_word' id='word_1_907' title='bbox 2940 5075 3236 5129; x_wconf 68' lang='grc' dir='ltr'>μυστήριον</span> 
     </span>
    </p>
   </div>
   <div class='ocr_carea' id='block_1_110' title="bbox 2243 5059 3830 5153">
    <p class='ocr_par' dir='ltr' id='par_1_110' title="bbox 2243 5059 3830 5153">
     <span class='ocr_line' id='line_1_121' title="bbox 2243 5059 3830 5153; baseline 0.026 -41"><span class='ocrx_word' id='word_1_908' title='bbox 2243 5059 2353 5129; x_wconf 84' lang='grc'>(56)</span> <span class='ocrx_word' id='word_1_909' title='bbox 2385 5059 2544 5115; x_wconf 72' lang='grc' dir='ltr'>Τ(’τὸ</span> <span class='ocrx_word' id='word_1_910' title='bbox 2580 5062 2722 5153; x_wconf 60' lang='grc' dir='ltr'>μέγα</span> <span class='ocrx_word' id='word_1_911' title='bbox 2746 5070 2906 5153; x_wconf 53' lang='grc' dir='ltr'>τοῦτο</span> <span class='ocrx_word' id='word_1_912' title='bbox 2940 5059 3236 5149; x_wconf 73' lang='grc' dir='ltr'>μυστήριον</span> <span class='ocrx_word' id='word_1_913' title='bbox 3264 5098 3277 5148; x_wconf 89' lang='lat'>;</span> <span class='ocrx_word' id='word_1_914' title='bbox 3323 5104 3352 5133; x_wconf 84' lang='lat'>«</span> <span class='ocrx_word' id='word_1_915' title='bbox 3381 5083 3686 5149; x_wconf 81' lang='lat' dir='ltr'>Quodnam</span> <span class='ocrx_word' id='word_1_916' title='bbox 3720 5095 3830 5153; x_wconf 90' lang='lat' dir='ltr'>hoc</span> 
     </span>
    </p>
   </div>
   <div class='ocr_carea' id='block_1_111' title="bbox 2171 5142 2937 5206">
    <p class='ocr_par' dir='ltr' id='par_1_111' title="bbox 2171 5142 2937 5206">
     <span class='ocr_line' id='line_1_122' title="bbox 2171 5142 2937 5206; baseline 0.014 -25"><span class='ocrx_word' id='word_1_917' title='bbox 2171 5142 2829 5206; x_wconf 66' lang='lat' dir='ltr'>magnummysterium</span> <span class='ocrx_word' id='word_1_918' title='bbox 2855 5143 2882 5196; x_wconf 82' lang='lat'>‘?</span> <span class='ocrx_word' id='word_1_919' title='bbox 2917 5167 2937 5192; x_wconf 73' lang='grc' dir='ltr'>ιι</span> 
     </span>
    </p>
   </div>
   <div class='ocr_carea' id='block_1_112' title="bbox 2240 5201 3752 5306">
    <p class='ocr_par' dir='ltr' id='par_1_112' title="bbox 2240 5201 3752 5306">
     <span class='ocr_line' id='line_1_123' title="bbox 2240 5201 3752 5306; baseline 0.013 -45"><span class='ocrx_word' id='word_1_920' title='bbox 2383 5201 2482 5306; x_wconf 41' lang='grc' dir='ltr'>ἐπὶ</span> <span class='ocrx_word' id='word_1_921' title='bbox 2519 5201 2996 5306; x_wconf 41' lang='grc' dir='ltr'>μζεξεωριζόμενοι.</span> <span class='ocrx_word' id='word_1_922' title='bbox 3031 5215 3161 5306; x_wconf 64' lang='lat' dir='ltr'>Haec</span> <span class='ocrx_word' id='word_1_923' title='bbox 3192 5219 3504 5306; x_wconf 44' lang='lat' dir='ltr'>des&#39;unt_i_n__</span> <span class='ocrx_word' id='word_1_924' title='bbox 3529 5231 3667 5306; x_wconf 67' lang='lat' dir='ltr'>Reg,</span> <span class='ocrx_word' id='word_1_925' title='bbox 3702 5255 3752 5293; x_wconf 75' lang='grc' dir='ltr'>ο,</span> 
     </span>
    </p>
   </div>
   <div class='ocr_carea' id='block_1_113' title="bbox 2238 5233 3643 5415">
    <p class='ocr_par' dir='ltr' id='par_1_113' title="bbox 2238 5233 3643 5415">
     <span class='ocr_line' id='line_1_124' title="bbox 2240 5233 3643 5306; baseline 0.028 -56"><span class='ocrx_word' id='word_1_926' title='bbox 2240 5233 2353 5277; x_wconf 55' lang='grc' dir='ltr'>(υς)</span> <span class='ocrx_word' id='word_1_927' title='bbox 2388 5233 2482 5255; x_wconf 69' lang='lat' dir='ltr'>mu</span> <span class='ocrx_word' id='word_1_928' title='bbox 2519 5233 2814 5282; x_wconf 69' lang='grc' dir='ltr'>μετεωριςο</span> <span class='ocrx_word' id='word_1_929' title='bbox 2866 5233 2996 5269; x_wconf 88' lang='grc' dir='ltr'>ενοι.</span> <span class='ocrx_word' id='word_1_930' title='bbox 3031 5233 3161 5273; x_wconf 71' lang='lat' dir='ltr'>Haec</span> <span class='ocrx_word' id='word_1_931' title='bbox 3192 5233 3405 5280; x_wconf 83' lang='lat' dir='ltr'>desunt</span> <span class='ocrx_word' id='word_1_932' title='bbox 3435 5233 3492 5283; x_wconf 88' lang='lat' dir='ltr'>in</span> <span class='ocrx_word' id='word_1_933' title='bbox 3529 5233 3643 5306; x_wconf 84' lang='lat' dir='ltr'>Reg</span> 
     </span>
     <span class='ocr_line' id='line_1_125' title="bbox 2238 5233 3643 5415; baseline 0.027 -94"><span class='ocrx_word' id='word_1_934' title='bbox 2238 5273 2353 5415; x_wconf 46' lang='grc'>(58)</span> <span class='ocrx_word' id='word_1_935' title='bbox 2383 5275 2494 5327; x_wconf 85' lang='grc' dir='ltr'>Ἵνα</span> <span class='ocrx_word' id='word_1_936' title='bbox 2525 5274 2775 5351; x_wconf 72' lang='grc' dir='ltr'>εἰδῶμεν.</span> <span class='ocrx_word' id='word_1_937' title='bbox 2814 5233 2953 5358; x_wconf 56' lang='lat' dir='ltr'>Eeg.</span> <span class='ocrx_word' id='word_1_938' title='bbox 2988 5295 3264 5361; x_wconf 80' lang='lat' dir='ltr'>quatuor,</span> <span class='ocrx_word' id='word_1_939' title='bbox 3290 5291 3363 5348; x_wconf 68' lang='grc' dir='ltr'>’ἶν’</span> <span class='ocrx_word' id='word_1_940' title='bbox 3388 5296 3643 5374; x_wconf 87' lang='grc' dir='ltr'>εἰδῶμεν.</span> 
     </span>
     <span class='ocr_line' id='line_1_126' title="bbox 2260 5345 3643 5415; baseline 0.016 -20"><span class='ocrx_word' id='word_1_941' title='bbox 2260 5345 2350 5414; x_wconf 82' lang='grc'>59)</span> <span class='ocrx_word' id='word_1_942' title='bbox 2388 5347 2709 5415; x_wconf 81' lang='grc' dir='ltr'>Ὁποτέρως.</span> <span class='ocrx_word' id='word_1_943' title='bbox 2770 5358 2866 5410; x_wconf 88' lang='lat' dir='ltr'>Or.</span> <span class='ocrx_word' id='word_1_944' title='bbox 2927 5361 2979 5415; x_wconf 82' lang='lat'>2.</span> <span class='ocrx_word' id='word_1_945' title='bbox 3037 5359 3330 5415; x_wconf 73' lang='grc' dir='ltr'>ὁπωτέοως</span> <span class='ocrx_word' id='word_1_946' title='bbox 3396 5372 3570 5415; x_wconf 72' lang='lat' dir='ltr'>Thmui</span> <span class='ocrx_word' id='word_1_947' title='bbox 3627 5394 3643 5415; x_wconf 76' lang='grc' dir='ltr'>ι</span> 
     </span>
    </p>
   </div>
   <div class='ocr_carea' id='block_1_114' title="bbox 2168 5345 3825 5488">
    <p class='ocr_par' dir='ltr' id='par_1_114' title="bbox 2168 5345 3825 5488">
     <span class='ocr_line' id='line_1_127' title="bbox 2168 5345 3825 5488; baseline 0.028 -96"><span class='ocrx_word' id='word_1_948' title='bbox 2168 5345 2350 5488; x_wconf 47' lang='grc' dir='ltr'>ἀέιῑέῗ)</span> <span class='ocrx_word' id='word_1_949' title='bbox 2388 5345 2709 5423; x_wconf 71' lang='grc' dir='ltr'>Ὁποτέρως.</span> <span class='ocrx_word' id='word_1_950' title='bbox 2770 5358 2866 5410; x_wconf 88' lang='lat' dir='ltr'>Or.</span> <span class='ocrx_word' id='word_1_951' title='bbox 2897 5345 2979 5426; x_wconf 71' lang='lat' dir='ltr'>w2,</span> <span class='ocrx_word' id='word_1_952' title='bbox 3003 5345 3332 5437; x_wconf 55' lang='grc' dir='ltr'>⁸ὁπωτέεςῖως</span> <span class='ocrx_word' id='word_1_953' title='bbox 3390 5345 3825 5442; x_wconf 47' lang='lat' dir='ltr'>ih&#39;iiﬁwémen-</span> 
     </span>
    </p>
   </div>
   <div class='ocr_carea' id='block_1_115' title="bbox 2210 5432 2346 5471">
    <p class='ocr_par' dir='ltr' id='par_1_115' title="bbox 2210 5432 2346 5471">
     <span class='ocr_line' id='line_1_128' title="bbox 2210 5432 2346 5471; baseline 0.015 -2"><span class='ocrx_word' id='word_1_954' title='bbox 2210 5432 2346 5471; x_wconf 71' lang='grc' dir='ltr'>οιθι.</span> 
     </span>
    </p>
   </div>
   <div class='ocr_carea' id='block_1_116' title="bbox 2167 5466 3825 5614">
    <p class='ocr_par' dir='ltr' id='par_1_116' title="bbox 2167 5466 3825 5614">
     <span class='ocr_line' id='line_1_129' title="bbox 2167 5466 3825 5614; baseline 0.013 -61"><span class='ocrx_word' id='word_1_955' title='bbox 2167 5466 2350 5614; x_wconf 41' lang='lat' dir='ltr'>i132)</span> <span class='ocrx_word' id='word_1_956' title='bbox 2383 5489 2444 5545; x_wconf 87' lang='grc' dir='ltr'>Ὁ</span> <span class='ocrx_word' id='word_1_957' title='bbox 2477 5490 2841 5564; x_wconf 79' lang='grc' dir='ltr'>Βουλόμενος.</span> <span class='ocrx_word' id='word_1_958' title='bbox 2894 5500 2990 5557; x_wconf 88' lang='lat' dir='ltr'>Sic</span> <span class='ocrx_word' id='word_1_959' title='bbox 3039 5466 3292 5576; x_wconf 82' lang='lat' dir='ltr'>quatuor</span> <span class='ocrx_word' id='word_1_960' title='bbox 3341 5515 3522 5587; x_wconf 82' lang='lat' dir='ltr'>Regii.</span> <span class='ocrx_word' id='word_1_961' title='bbox 3577 5519 3748 5578; x_wconf 85' lang='lat' dir='ltr'>Deest</span> <span class='ocrx_word' id='word_1_962' title='bbox 3798 5524 3825 5576; x_wconf 80' lang='grc' dir='ltr'>ὁ</span> 
     </span>
    </p>
   </div>
   <div class='ocr_carea' id='block_1_117' title="bbox 2240 5631 3405 5726">
    <p class='ocr_par' dir='ltr' id='par_1_117' title="bbox 2240 5631 3405 5726">
     <span class='ocr_line' id='line_1_130' title="bbox 2240 5631 3405 5726; baseline 0.027 -44"><span class='ocrx_word' id='word_1_963' title='bbox 2240 5631 2353 5702; x_wconf 86' lang='grc'>(61)</span> <span class='ocrx_word' id='word_1_964' title='bbox 2414 5632 3005 5715; x_wconf 70' lang='grc' dir='ltr'>Συμφιλοσοιρήσομεν.</span> <span class='ocrx_word' id='word_1_965' title='bbox 3068 5648 3208 5724; x_wconf 83' lang='lat' dir='ltr'>Reg.</span> <span class='ocrx_word' id='word_1_966' title='bbox 3271 5652 3405 5726; x_wconf 91' lang='lat' dir='ltr'>bm,</span> 
     </span>
    </p>
   </div>
   <div class='ocr_carea' id='block_1_118' title="bbox 2167 5659 3818 5777">
    <p class='ocr_par' dir='ltr' id='par_1_118' title="bbox 2167 5659 3818 5777">
     <span class='ocr_line' id='line_1_131' title="bbox 2167 5659 3818 5777; baseline 0.026 -101"><span class='ocrx_word' id='word_1_967' title='bbox 2167 5659 3005 5777; x_wconf 43' lang='grc' dir='ltr'>φήῒῶῥεῗυμφυιοσοφησομεν.</span> <span class='ocrx_word' id='word_1_968' title='bbox 3068 5659 3208 5724; x_wconf 72' lang='lat' dir='ltr'>Heg.</span> <span class='ocrx_word' id='word_1_969' title='bbox 3271 5659 3405 5726; x_wconf 89' lang='lat' dir='ltr'>bm,</span> <span class='ocrx_word' id='word_1_970' title='bbox 3481 5659 3818 5739; x_wconf 74' lang='grc' dir='ltr'>σκμφιλοσο-</span> 
     </span>
    </p>
   </div>
  </div>
