4070 6412
325 453 448 517 869

1257 447 1548 513 ORATIO
1592 452 1755 514 XIV.
1791 484 1866 496 —
1905 447 2005 512 DE
2052 447 2484 514 PAUPERUM
2532 451 2831 512 AMURE.

3639 446 3760 512 8'10

327 586 572 660 perinde
603 585 981 654 afﬂictantur,
1015 583 1356 654 quicunque
1387 583 1602 639 Christi
1630 601 1695 638 ac
1736 600 2060 656 pauperum
2095 590 2364 639 amantes
2403 589 2564 648 sunt,
2601 585 2841 654 Deique,
2877 587 2933 638 et
2965 600 2998 637 a
3027 587 3137 637 Deo
3168 582 3628 639 misericordiam
3656 583 3761 641 ha-

329 680 492 732 bent.
525 678 596 729 At
627 673 984 730 calamitatis
1015 673 1194 727 etiam
1223 677 1402 728 testes
1434 689 1536 728 vos
1566 673 1679 744 ipsi
1711 674 1872 729 estis.

406 765 461 820 Γ.
515 763 801 838 Πρόκειται
847 765 965 823 τοῖς
1020 761 1327 836 ὀφθαλμοῖς
1375 763 1536 832 ἡμῶν
1596 759 1768 834 θέαμα
1817 759 1986 816 δεινὸν

2179 763 2240 816 Χ.
2279 764 2632 834 Pr0ponitur
2664 762 2832 816 nobis
2887 762 2957 816 ob
3017 761 3214 816 oculos
3277 777 3448 832 grave
3502 767 3558 816 et
3590 763 3761 819 mise-

331 852 423 908 xui
476 851 735 920 ἐλεεινὸν,
791 851 881 904 xui
930 855 1083 920 πᾶσι,
1140 847 1286 918 πλὴν
1333 855 1439 903 τῶν
1487 847 1708 904 εἰδότων
1753 852 1998 921 ἄπιστον,

336 943 610 1018 ἄνθρωποι
666 941 846 1014 νεκροῖ
888 940 978 994 καὶ
1032 944 1246 1010 ζῶντες,
1303 940 1818 1015 ἠκρωτηριασμένοι
1887 945 2001 1000 τοῖς

335 1029 615 1092 πλείστοις
645 1034 744 1084 τοῦ
777 1029 1032 1101 σώματος
1068 1028 1249 1104 μέρεσι
1285 1031 1416 1102 (78),
1457 1030 1585 1101 μήθ’
1617 1032 1753 1102 (78⁸)
1810 1026 2002 1090 οἵτινές

337 1141 469 1175 ποτε
496 1115 809 1192 ἦσαν,μηδέ
849 1116 967 1171 ὅθεν
998 1116 1101 1170 εἰσὶ
1139 1122 1337 1191 μικροῦ
1359 1114 1998 1191 γινωσκόμενοιομᾶλλον

337 1207 396 1264 δὲ
424 1215 534 1264 τῶν
565 1230 699 1264 ποτε
737 1207 1037 1283 ἀνθρώπων
1091 1202 1255 1269 ἄθλια
1297 1203 1525 1280 λείψανα
1551 1226 1563 1237 ·
1598 1205 1833 1281 πατέρας
1866 1207 1999 1279 (79),

335 1299 425 1354 xioi
508 1297 770 1374 μητέρας,
845 1295 935 1351 xui
1012 1293 1303 1373 ἀδελφοὺς,
1372 1297 1462 1350 καὶ
1517 1295 1738 1366 τόπους,
1798 1296 2000 1349 ἑαυτῶν

336 1387 692 1463 γνωρίσματα
731 1384 1000 1463 λέγοντες·
1050 1386 1189 1460 Ἐγὼ
1236 1389 1333 1438 τοῦ
1385 1382 1577 1455 δεῖνος,
1622 1384 1711 1438 καὶ
1757 1387 1792 1454 ἡ
1860 1381 2004 1438 δεῖνά

345 1497 439 1550 μοι
476 1477 684 1551 μήτηρ,
708 1475 800 1530 καὶ
823 1472 948 1530 τόδε
981 1495 1074 1548 μοι
1109 1468 1302 1547 ὄνομα,
1334 1473 1423 1528 καὶ
1455 1471 1518 1526 σύ
1553 1494 1645 1547 μοι
1677 1471 1838 1550 φίλος
1871 1472 2004 1526 ποτὲ

341 1567 432 1621 καὶ
476 1567 780 1641 γνώριμος.
833 1565 930 1619 Καὶ
982 1568 1144 1619 τοῦτο
1192 1561 1541 1640 πράττουσιν,
1596 1561 1780 1639 οὐγὰρ
1814 1561 2002 1638 ἔχουσι

345 1659 425 1727 τῷ
474 1655 694 1726 παλαιῷ
739 1661 1049 1731 χαρακτῆρι
1099 1653 1460 1728 γινώσκεσθαι
1526 1655 1659 1726 (8Ο)’
1731 1649 2005 1727 ἄνθρωποι

345 1744 831 1822 περικεκομμένοι,
908 1743 998 1799 καὶ
1074 1743 1470 1819 περιῃρημένοι
1548 1744 1811 1818 ’χρήματα
1869 1745 2002 1815 (81),

352 1834 685 1912 συγγένειαν,
715 1834 934 1910 φίλους,
967 1833 1100 1888 αὐτὰ
1125 1833 1194 1888 τὰ
1223 1834 1450 1906 σώματα
1474 1854 1485 1867 ·
1521 1831 1819 1906 ἄνθρωποι,
1848 1832 2004 1904 μόνοι

339 1929 445 1979 τῶν
475 1923 690 1980 πάντων
737 1926 850 1997 (82)
904 1921 1183 1984 ἐλεοῦντές
1223 1942 1284 1977 τε
1315 1920 1565 1991 ἑαυτοὺς,
1597 1921 1690 1975 καὶ
1727 1925 2008 1994 μισοῦντες

347 2014 557 2087 ὁμοίως
582 2034 593 2046 ·
631 2013 731 2068 οὐκ
760 2010 977 2088 ἔχοντες
1007 2011 1212 2087 πότερα
1247 2009 1459 2084 μᾶλλον
1511 2011 1825 2085 θρηνήσωσι
1871 2012 2004 2082 (83),

2112 853 2364 906 randum
2401 851 2822 922 spectaculum,
2858 869 2960 905 nec
2995 851 3108 906 nisi
3139 852 3233 913 iis,
3268 851 3367 921 qui
3395 857 3763 918 norunt,cre-

2112 940 2587 1008 dibile,homines
2622 940 2836 994 mortui
2871 958 2934 993 ac
2967 939 3526 1010 viventes,plurimis
3556 956 3763 1011 corpo-

2113 1029 2192 1084 ris
2226 1029 2490 1100 partibus
2521 1028 3009 1098 mutilati,sieque
3033 1028 3243 1092 affecti,
3274 1035 3336 1083 ut
3366 1029 3617 1099 fere,nec
3643 1029 3766 1100 qui-

2112 1136 2248 1174 nam
2279 1118 2418 1173 olim
2457 1119 2694 1185 fuerint,
2730 1135 2833 1173 nec
2885 1119 3059 1188 unde,
3094 1124 3484 1190 agnoscatur;
3520 1118 3659 1188 imo,
3703 1123 3768 1174 ut

2113 1207 2329 1263 rectius
2359 1206 2816 1278 loquar,miseraa
2851 1215 3106 1263 veterum
3137 1208 3446 1263 hominum
3482 1207 3761 1279 reliquiae;

2113 1300 2328 1368 patres,
2359 1302 2416 1352 et
2474 1303 2713 1362 matres,
2754 1301 2810 1352 et
2869 1297 3098 1365 fratres,
3146 1314 3210 1352 ac
3269 1296 3396 1352 loca
3427 1313 3495 1352 ex
3549 1298 3765 1368 quibus

2114 1385 2351 1456 agnosci
2393 1390 2629 1456 queant,
2665 1387 3064 1458 proferantes:
3097 1402 3199 1457 ego
3248 1385 3349 1441 illo
3382 1391 3545 1458 patre
3593 1393 3768 1442 natus

2114 1490 2268 1543 sum,
2304 1473 2413 1529 hac
2446 1481 2631 1530 matre
2665 1481 3027 1546 procreatus,
3077 1475 3184 1529 hoc
3215 1475 3362 1530 mihi
3409 1492 3623 1531 nomen
3653 1482 3765 1545 est,

2113 1569 2174 1618 tu
2209 1562 2356 1618 mihi
2387 1565 2682 1635 quondam
2718 1563 2944 1619 amicus
2975 1569 3032 1620 et
3062 1563 3406 1620 familiaris:
3442 1564 3621 1638 idque
3672 1564 3769 1620 id-

2115 1652 2267 1708 circo
2300 1652 2540 1724 faciunt,
2573 1654 2728 1723 quad
2779 1669 2845 1708 ex
2896 1652 3194 1709 veteribus
3249 1653 3366 1709 oris
3396 1651 3768 1710 lineamentis

2108 1745 2233 1815 jam
2267 1745 2501 1813 agnosci
2531 1761 2852 1815 nequeani:
2886 1744 3155 1801 homines
3179 1745 3449 1814 accisi,ac
3480 1745 3766 1817 pecuniis,

2117 1849 2348 1904 genere,
2381 1833 2607 1904 amicis,
2641 1833 2902 1904 adeoque
2943 1833 3289 1904 corporibus
3319 1833 3466 1904 ipsis
3497 1833 3766 1904 spoliati;

2118 1922 2386 1978 homines
2416 1922 2527 1978 soli
2559 1939 2626 1978 ex
2657 1923 2935 1979 omnibus
2967 1923 3314 1978 mortalibus
3363 1939 3526 1994 asque
3557 1940 3685 1980 sese
3715 1927 3773 1980 et

2119 2011 2520 2067 misericordia
2551 2017 2607 2067 et
2637 2013 2767 2066 odio
2802 2019 3221 2084 prosequentes
3250 2030 3262 2080 ;
3318 2029 3422 2066 nec
3455 2013 3594 2068 satis
3627 2029 3771 2070 con-

346 2103 413 2158 τὰ
462 2103 654 2176 μηκέτ’
711 2097 839 2156 ὄντα
896 2106 994 2156 τοῦ
1042 2102 1320 2173 σώματος,
1370 2101 1404 2168 ἢ
1454 2099 1522 2153 τὰ
1574 2101 1800 2170 μένοντα
1850 2102 2000 2170 (84)·

349 2192 372 2201 ,ι
705 2191 739 2201 ,ς
979 2193 992 2201 ι
1115 2190 1125 2201 1
1322 2189 1346 2201 ει
1422 2183 1446 2201 ἱ)
1599 2191 1623 2201 υ
1732 2182 1742 2201 Ι
1887 2187 1905 2201 κ
1959 2186 1970 2201 Ι

2119 2101 2391 2155 stitutum
2439 2101 2742 2166 habentes,
2776 2110 2940 2156 utras
2990 2103 3225 2156 tandem
3279 2101 3539 2173 corporis
3572 2107 3768 2174 partes

343 2192 444 2247 ὅσα
509 2191 895 2269 προανάλωσεν
969 2193 1004 2259 ἡ
1071 2190 1250 2258 νόσος,
1419 2183 1517 2241 ὅσα
1559 2191 1627 2260 τῇ
1685 2182 1826 2259 νόσῳ
1887 2186 1999 2240 λεί-

341 2303 517 2339 πεται.
569 2282 644 2336 Τὰ
695 2282 790 2354 μὶν
831 2282 932 2357 γὰρ
985 2279 1263 2349 ἀνήλωται
1315 2281 1428 2351 (85)
1484 2275 1788 2352 δυστυχῶς,
1838 2275 1904 2330 τὰ
1944 2274 2001 2330 δὲ

344 2372 571 2440 σώζεται
625 2368 1044 2444 δυσνυχέστερον
1073 2387 1084 2398 ·
1140 2369 1207 2421 τὰ
1260 2367 1354 2439 μὶν
1391 2364 1603 2440 θ’ίχεται
1634 2367 1739 2440 πρὸ
1776 2369 1883 2419 τῶν
1911 2364 2000 2418 τά-

345 2482 484 2538 φων,
531 2459 598 2514 τὰ
646 2455 702 2512 δὲ
753 2457 851 2512 οὐκ
893 2453 1033 2512 ἔστιν
1081 2458 1108 2512 6
1163 2452 1502 2530 παραδώσων
1533 2458 1676 2531 ταφῇ
1710 2457 1846 2528 (86).
1902 2454 1998 2507 Καὶ

343 2548 444 2624 γὰρ
492 2548 519 2602 6
574 2547 694 2603 λίαν
745 2547 984 2623 χρηστὸς
1030 2546 1118 2601 καὶ
1165 2543 1571 2623 φιλάνθρωπος,
1615 2543 1830 2605 τούτοις
1859 2541 1998 2597 ἐστὶν

343 2636 804 2712 ἀναλγητότατος·
873 2636 1139 2690 κάνταῦθα
1190 2635 1352 2707 μόνον
1423 2631 1801 2706 ἐπελαθόμεθα
1867 2635 1998 2707 σάρ-

342 2747 429 2788 κες
460 2722 628 2796 ὄντες,
687 2727 776 2780 καὶ
822 2727 884 2780 τὸ
935 2729 1094 2797 σῶμα
1141 2731 1242 2794 τῆς
1282 2724 1658 2784 ταπεινώσεως
1690 2722 1998 2798 περικείμε-

342 2837 424 2871 νοι
451 2836 463 2848 ·
496 2817 586 2871 καὶ
633 2814 896 2870 τοσούτου
947 2811 1139 2886 δέομεν
1193 2815 1303 2886 (87)
1348 2812 1656 2885 θεραπεύειν
1702 2813 1764 2866 τὸ
1813 2833 2001 2888 συγγε-

343 2905 452 2973 νὲς,
511 2903 650 2958 ὥστε
704 2904 794 2958 καὶ
852 2907 961 2957 τῶν
1015 2904 1300 2975 ἡμετέρων
1356 2901 1624 2972 σωμάτων
1705 2899 1996 2978 ἀσφάλειαν

343 2993 444 3060 τὴν
495 2992 702 3046 τούτων
740 2993 916 3068 φυγὴν
977 2990 1304 3064 νομίζομεν.
1367 2990 1472 3044 Καὶ
1520 2994 1691 3064 νεκρῷ
1745 2991 1838 3060 μὲν
1887 2988 1995 3060 ἤδη

343 3079 622 3156 προσῆλθέ
664 3102 747 3142 τις
799 3080 1042 3152 παλαιῷ,
1075 3080 1163 3133 καὶ
1195 3078 1372 3151 τούτῳ
1418 3076 1587 3152 τυχόν
1625 3075 1878 3147 ὀδωδότι,
1911 3079 2001 3133 καὶ

347 3171 501 3238 ζώων
534 3167 747 3246 ἀλόγων
782 3167 1005 3239 ἤνεγκεν
1052 3165 1297 3223 ὀδωδότα
1326 3168 1574 3241 σώματα,
1605 3169 1694 3221 xui
1730 3163 2000 3244 βορϐόρου

341 3258 608 3328 πλησθεὶς
656 3259 957 3334 ἠνέσχετο·
1010 3257 1235 3319 τούτους
1289 3255 1346 3311 δὲ
1393 3257 1528 3311 κατά
1575 3259 1771 3330 κράτος
1803 3258 2002 3334 φεύγο-

345 3370 439 3422 μεν
468 3347 536 3422 (ὥ
573 3354 672 3416 τῆς
723 3347 1107 3422 ἀπανθρωπίας
1133 3349 1194 3419 ί),
1242 3347 1326 3402 ’ὁτι
1377 3347 1467 3400 xui
1497 3346 1589 3401 τὸν
1623 3346 1782 3401 αὐτὸν
1814 3345 2000 3408 αὐτοῖς

341 3442 562 3510 σπῶμεν
592 3436 742 3510 ἀέρα,
773 3440 971 3511 μικροῦ
1003 3433 1474 3512 δυσχεραίνοντες.

2113 2189 2300 2260 magis
2348 2189 2671 2261 deplorent,
2707 2191 3058 2260 praeeisasne
3116 2196 3172 2244 et
3221 2191 3558 2260 exstinctas,
3594 2209 3667 2246 an
3708 2192 3768 2246 in

2110 2294 2348 2350 corpore
2379 2279 2570 2333 adhuc
2616 2285 3023 2346 remanentes;
3085 2297 3280 2343 easne,
3315 2296 3462 2350 quas
3515 2281 3759 2337 morbus

2110 2368 2464 2438 absumpsit,
2497 2385 2570 2422 an
2601 2384 2718 2434 eas,
2751 2385 2878 2436 quae
2913 2367 3117 2423 morbo
3154 2368 3390 2439 reliquis
3438 2374 3604 2427 sunt.
3647 2369 3762 2425 illa:

2109 2456 2326 2526 quippe
2358 2456 2568 2512 misere
2601 2458 2928 2527 absumptae
2958 2462 3134 2528 atque
3157 2457 3432 2512 confectae
3466 2463 3642 2526 sunt;
3679 2459 3764 2514 hie

2106 2561 2241 2600 vero
2274 2547 2548 2602 miserius
2579 2553 3035 2602 conservantur:
3091 2547 3200 2602 illae
3233 2551 3368 2602 ante
3427 2549 3765 2619 sepulcrum

2108 2627 2478 2691 interierunt:
2503 2636 2610 2691 has
2640 2653 2810 2691 nemo
2841 2641 2930 2691 est
2961 2636 3060 2707 qui
3092 2636 3360 2708 sepulcro
3383 2638 3767 2692 condat.Nam

2109 2724 2370 2796 optimus
2394 2730 2450 2780 et
2472 2725 2944 2781 humanissimus
2968 2725 3342 2797 quisque,his
3375 2726 3766 2782 durissimum

2110 2819 2282 2885 atque
2306 2814 2872 2871 inhumanissimum
2899 2832 2961 2871 se
2985 2817 3220 2887 thBbBt;
3241 2820 3416 2886 atque
3436 2815 3539 2870 hic
3564 2815 3760 2870 solum

2113 2920 2218 2958 nos
2250 2920 2484 2959 carnem
2525 2921 2652 2959 esse
2684 2905 2749 2970 τί,
2784 2909 2841 2959 et
2897 2904 3248 2960 humilitatis
3297 2921 3508 2975 corpus
3562 2921 3764 2977 gerere

2111 2992 2550 3049 obliviscimur:
2598 2999 2947 3065 tantumque
2978 2996 3048 3049 ab
3089 3011 3154 3049 eo
3205 2995 3512 3062 absumus,
3550 2999 3614 3048 ut
3646 3011 3769 3061 eos,

2111 3083 2209 3152 qui
2242 3084 2607 3154 cognationis
2637 3084 2870 3139 vinculo
2931 3084 3237 3138 nobiscum
3271 3083 3581 3154 conjuncti
3615 3088 3777 3154 sunt,

2112 3189 2406 3238 curemus,
2441 3177 2504 3227 ut
2533 3190 2846 3244 corporum
2881 3190 3116 3244 quoque
3150 3179 3483 3229 nostrorum
3517 3173 3769 3230 salutem

2111 3259 2171 3316 in
2203 3278 2402 3317 eorum
2429 3264 2566 3333 fuga
2598 3268 2774 3334 atque
2805 3263 3110 3318 aversione
3133 3262 3384 3334 positam
3423 3279 3551 3318 esse
3582 3263 3776 3318 existi-

2113 3366 2366 3405 memus.
2403 3351 2666 3421 Cumque
2718 3368 2832 3405 non
2881 3350 3097 3420 desint,
3131 3350 3230 3421 qui
3283 3349 3355 3404 ad
3405 3356 3570 3404 vetus
3601 3354 3778 3419 atque

2113 3440 2294 3494 etiam
2329 3441 2577 3495 fortasse
2609 3439 2875 3494 fuatidum
2922 3440 3168 3494 cadaver
3215 3439 3489 3494 accedere
3520 3455 3636 3493 non
3674 3455 3777 3493 ve-

342 3533 603 3593 reantur,
637 3529 1064 3598 brutorumque
1094 3526 1492 3582 animantium
1525 3542 1770 3597 corpora
1799 3529 1949 3581 tetro
1981 3527 2157 3582 odore
2189 3529 2360 3599 plena
2390 3530 2707 3600 perferant,
2741 3545 2807 3583 ac
2851 3545 3012 3583 emno
3045 3527 3265 3599 perfusi
3297 3543 3463 3598 aequo
3490 3527 3687 3582 animo
3719 3527 3776 3581 id

345 3618 574 3672 ferant:
607 3632 714 3672 nos
746 3620 948 3671 contra
973 3615 1081 3671 hos
1115 3617 1373 3670 maxima
1401 3613 1696 3670 celeritate
1724 3614 1987 3686 fugimus
2015 3615 2170 3672 264
2200 3618 2254 3688 (o
2287 3617 2582 3688 ingentem
2615 3616 3106 3672 inhumanitatem
3135 3613 3194 3687 l),
3228 3631 3373 3686 pene
3403 3615 3577 3671 etiam
3621 3615 3775 3685 quod

350 3705 622 3759 eumdem
655 3721 790 3760 cum
823 3703 969 3776 ipsis
1001 3720 1193 3759 aerem
1226 3704 1555 3768 trahamus,
1590 3703 1830 3774 indigne
1862 3705 2132 3760 ferentes.

416 3794 516 3848 lA'.
549 3791 607 3845 Τί
639 3793 842 3867 πατρὸς
886 3793 1288 3868 γνησιώτερον;
1345 3791 1435 3845 xui
1489 3789 1541 3845 τί
1606 3793 1814 3866 μητρὸς
1862 3812 1998 3862 συμ-

2188 3796 2277 3850 Xl.
2303 3796 2450 3862 Quid
2471 3800 2634 3866 patre
2665 3793 2982 3850 sincerius?
3013 3795 3159 3858 Quid
3196 3798 3382 3848 matre
3415 3794 3484 3849 ad
3521 3792 3766 3848 misera-

340 3880 703 3957 παθέστερον;
757 3879 916 3937 Ἀλλ’
965 3880 1293 3950 ἀπεκλείσθη
1343 3903 1406 3955 γε
1453 3879 1670 3942 τούτοις
1720 3880 1811 3934 xui
1843 3883 1877 3950 ἡ
1907 3878 2008 3958 φύ-

353 3990 468 4033 σις·
502 3971 592 4026 καὶ
650 3972 830 4047 πατὴρ
878 3969 1045 4025 παῖδα
1091 3970 1180 4024 τὸν
1233 3972 1447 4039 ἑαυτοῦ,
1499 3970 1555 4024 ὃν
1606 3969 1903 4046 ἐγέννησεν,
1951 3969 2007 4025 δν

352 4059 656 4136 ἀνέθρεψεν,
716 4061 772 4114 ὃν
835 4058 1118 4138 ὀφθαλμὸν
1173 4061 1295 4135 βίου
1348 4060 1513 4132 μόνον
1559 4058 1705 4134 ἔχειν
1740 4059 2011 4133 ἐνόμισεν,

353 4150 484 4224 ὑπὲρ
517 4147 578 4204 οῦ
626 4146 812 4203 πολλά
863 4153 977 4221 Θεῷ
1021 4149 1110 4203 καὶ
1157 4148 1429 4212 πολλάκις
1479 4149 1846 4226 προσηύξατο,
1887 4155 2011 4204 τοῦ·

349 4259 439 4293 τον
473 4236 720 4314 ὀδύρεται
776 4239 890 4312 μὶν,
942 4237 1230 4294 ἀπελαύνει
1285 4237 1362 4309 δέ,
1413 4240 1475 4293 τὸ
1529 4241 1623 4312 μὶν
1668 4240 1826 4305 έκὼν,
1860 4241 1922 4293 τὸ
1955 4237 2012 4294 δὲ

348 4328 795 4404 τυραννούμενος.
832 4329 932 4386 Καὶ
968 4331 1152 4404 μήτηρ
1189 4328 1459 4402 μέμνηται
1496 4330 1588 4402 μέν
1621 4335 1728 4383 τῶν
1775 4328 2008 4404 ὠδίνων,

350 4419 440 4472 xui
509 4419 574 4473 τὰ
661 4417 949 4495 σπλάγχνα
1033 4417 1415 4494 σπαράσσεται,
1494 4419 1583 4474 xui
1662 4419 2009 4475 ἀνακαλεῖται

355 4505 472 4560 λίαν
501 4505 773 4578 ἰλεεινῶς,
822 4507 911 4562 xui
958 4511 1221 4582 προθεῖσα
1277 4509 1484 4582 θρηνεῖ,
1538 4509 1776 4582 καθάπερ
1826 4511 2012 4578 τεθνη-

350 4594 483 4650 κότα
527 4596 618 4650 τὸν
669 4600 843 4665 ζῶντα
890 4597 1002 4669 (88)
1033 4614 1044 4627 '
1085 4595 1300 4662 Τέκνον,
1335 4595 1590 4670 λέγουσα,
1625 4593 1887 4671 δυστυχὲς
1919 4597 2009 4650 καὶ

352 4684 540 4748 ἀθλίας
596 4687 826 4762 μητρὸς,
877 4683 907 4738 6'
964 4704 1055 4757 μοι
1092 4684 1472 4760 συνεμερίσατο
1503 4690 1712 4760 πικρῶς
1742 4689 1776 4754 ἡ
1808 4685 1965 4747 νόσος
1992 4704 2004 4717 ⁸

349 4775 534 4830 τέκνον
582 4773 836 4846 ἐλεεινὸν,
895 4775 1078 4830 τέκνον
1133 4773 1194 4828 οὐ
1252 4773 1674 4850 γνωριζόμενον,
1722 4775 1930 4845 τέκνον,
1978 4772 2009 4828 6'

349 4869 619 4940 κρημνοῖς
651 4863 741 4919 καὶ
781 4859 932 4939 ὄρεσι
978 4864 1067 4918 καὶ
1118 4861 1374 4937 ἐρημίαις
1429 4863 1804 4939 ἀνεθρεψάμην
1851 4865 2004 4935 (89)”

425 5036 469 5072 ⁷⁸
501 5037 642 5095 Gen.
675 5053 751 5106 vr,
783 5037 840 5094 3.

424 5189 533 5262 (78)
566 5188 795 5262 Μέριισίἒ
819 5189 987 5246 Forte
1023 5186 1231 5252 μέλεσι.
1276 5191 1431 5246 Edit.

423 5258 561 5334 (78f)
587 5258 735 5334 Μῆβν
769 5261 912 5334 Reg.
956 5262 1076 5334 bm,
1104 5262 1204 5334 ph.
1238 5263 1336 5318 Or.
1369 5267 1424 5328 2,
1463 5258 1593 5334 μηδ’
1627 5261 1917 5333 [rectius].

444 5331 827 5424 ΖΞ)Π“ατέρας.
858 5331 1033 5424 ςοίεὶ.
1066 5331 1316 5424 ξειάάὶι,
1348 5331 1744 5424 καὶέπάτιπους.

443 5402 532 5476 80)
591 5402 950 5458 Γινώσκεσθαι
987 5447 999 5460 .
1088 5406 1208 5479 Reg
1243 5449 1254 5461 .
1338 5423 1391 5477 c,
1453 5407 1681 5475 Mont.,
1744 5402 2011 5479 γνωρίζε-

355 5473 508 5532 σθαι.

515 5547 534 5760 ἒ

566 5547 1028 5622 Χρήματαιὶῖθε.
1065 5565 1114 5622 c.
1149 5549 1424 5622 κτήματα,
1458 5572 1485 5601 ‹‹
1523 5548 1778 5622 praediis.
1816 5570 1844 5598 »

442 5617 534 5688 82)
568 5617 812 5674 Πάντων.
847 5619 942 5674 Or.
976 5617 1033 5688 2,
1074 5617 1342 5677 ἁπάντων.

442 5619 514 5670 82
568 5619 812 5674 Πάντων.
847 5619 942 5674 Or.
977 5619 1033 5688 2,
1074 5619 1342 5677 ἀπάντων.
1523 5619 1541 5622 ⁷

588 5693 932 5764 Θρηνήσωσι.
1014 5692 1153 5765 Reg.
1218 5712 1272 5763 a,
1327 5695 1422 5750 Or.
1503 5696 1558 5761 2,
1646 5691 2004 5765 θρηνήσουσι,

416 5834 530 5909 (84)
562 5833 824 5890 Μένοντα.
858 5833 954 5890 Or.
985 5835 1041 5905 2,
1078 5832 1354 5908 μείναντα.

2037 5174 2086 5242 D

2123 3884 2338 3940 tionem
2365 3885 2713 3955 propensius
2730 3885 2756 3939 ‘I
2777 3887 2848 3939 At
2873 3884 2962 3938 his
2986 3883 3116 3955 ipsa
3139 3900 3369 3954 quoque
3396 3887 3607 3937 natura
3630 3896 3774 3951 pra:-

2123 3972 2282 4029 clusa
2319 3980 2444 4031 est:
2495 3991 2560 4029 ac
2596 3978 2758 4046 pater
2817 3973 2998 4028 filium
3058 3989 3258 4036 suum,
3315 3988 3491 4043 quem
3549 3969 3776 4042 genuit,

2123 4079 2297 4134 quem
2330 4064 2618 4133 educavit,
2650 4080 2825 4134 quem
2858 4080 2918 4118 se
2980 4062 3222 4118 unicum
3252 4060 3380 4116 vitae
3412 4059 3648 4116 oculum
3681 4058 3782 4113 ha-

2122 4152 2256 4207 bere
2283 4152 2656 4216 existimavit,
2685 4170 2787 4223 pro
2811 4169 2926 4223 quo
2954 4153 3170 4207 multas
3193 4151 3262 4206 ad
3295 4151 3480 4206 Deum
3510 4164 3778 4220 smpenu-

2123 4259 2283 4297 mero
2318 4259 2517 4314 preces
2540 4242 2710 4309 fudit;
2747 4240 3365 4313 hunc,inquam,luget
3392 4237 3775 4312 quidemille,

2122 4338 2396 4387 caeterum
2430 4332 2631 4404 abigit,
2666 4332 2878 4404 partim
2910 4330 3120 4401 libens,
3157 4329 3370 4402 partim
3424 4328 3663 4383 invitus.
3698 4335 3778 4382 Ac

2122 4438 2357 4478 rursum
2385 4427 2570 4476 mater
2600 4438 2740 4476 suos
2763 4421 2996 4492 quidem
3021 4421 3080 4475 in
3114 4419 3392 4492 pariendo
3423 4417 3653 4474 dolores
3685 4434 3779 4473 re-

2122 4516 2414 4575 cordatur,
2466 4527 2532 4564 ac
2583 4511 2909 4565 visceribus
2960 4510 3300 4578 dilaniatur,
3333 4513 3392 4564 et
3444 4507 3782 4564 miseranda

2120 4601 2439 4653 admodum
2488 4614 2624 4653 voce
2675 4604 2879 4653 natum
2925 4598 3198 4670 appellat,
3250 4604 3425 4668 atque
3471 4598 3544 4652 ob
3575 4595 3778 4653 oculos

2118 4685 2401 4758 positum,
2431 4685 2628 4740 vivum
2659 4689 2944 4758 tanquam
2977 4691 3272 4742 mortuum
3304 4684 3500 4758 luget:
3537 4685 3641 4740 Fili
3670 4685 3777 4740 mi-

2119 4792 2232 4843 ser,
2266 4775 2558 4846 inquiens,
2579 4779 2635 4831 et
2669 4774 2896 4830 miserae
2921 4774 3150 4841 matris,
3184 4789 3356 4845 quem
3389 4772 3630 4828 morbus
3651 4789 3774 4829 me-

2118 4878 2252 4918 cum
2277 4861 2480 4918 acerbe
2510 4861 2761 4933 partitus
2788 4867 2876 4919 est
2901 4880 2914 4918 :
2941 4861 3024 4916 fili
3085 4863 3282 4929 miser,
3308 4859 3387 4915 fili
3405 4861 3532 4931 jam
3555 4859 3776 4932 ignote,

2190 5186 2302 5259 (85)
2337 5181 2650 5254 Ανήλωται.
2707 5185 2845 5258 Reg.
2905 5203 2958 5256 a,
2992 5201 3041 5240 c.
3075 5183 3132 5252 d,
3166 5183 3263 5239 Or.
3295 5183 3352 5252 2,
3386 5186 3521 5246 etc.,
3558 5174 3774 5234 ἀνάλω-

2117 5279 2508 5418 τῗΞὲβλΤαφῇ.
2569 5329 2664 5384 0r.
2697 5330 2756 5398 2,
2785 5349 2851 5399 τῃ
2903 5328 3069 5404 ταφῇ.
3104 5326 3350 5384 Billius:
3411 5350 3438 5378 ‹‹
3471 5324 3776 5398 sepultura

2121 5404 2886 5545 at{(lttitit).t.T6)uo61:01)A'tiéopisv.
2936 5474 3021 5524 Ita
3076 5473 3216 5540 Reg.
3268 5487 3315 5526 c.
3351 5469 3483 5537 Alii,
3525 5465 3773 5545 “recepta,

2118 5536 2340 5617 [minus
2372 5543 2566 5614 recte].
2630 5543 2726 5598 Or.
2771 5536 2818 5596 ⁷2
2847 5547 2903 5597 et
2961 5536 3190 5609 Μοηι.,“
3221 5545 3480 5596 τοσοῦτον
3537 5536 3768 5593 ἀποδέοὲ

2123 5636 2304 5759 In788)
2324 5686 2422 5738 Τὸν
2456 5687 2648 5752 ζῶντα.
2687 5685 2772 5739 Ita
2804 5683 3066 5756 plerique
3098 5685 3238 5758 Reg.
3264 5690 3323 5741 et
3353 5684 3526 5740 Coisl.
3561 5682 3612 5737 4.
3635 5680 3735 5736 Edi
3759 5713 3772 5717 -

2115 5761 2184 5826 ti,
2213 5758 2280 5812 τὰ
2312 5762 2505 5825 ζῶντα.

2187 5832 2297 5904 (89)
2331 5825 2758 5904 Ἀνεθρεάψμην.
2793 5827 2936 5900 Reg.
2961 5843 3014 5883 a.
3045 5844 3098 5884 c.
3129 5828 3188 5895 d,
3218 5825 3570 5903 ὶφρεψάμην.
