4070 6488
272 435 391 503 873

1199 423 1493 491 ORATIO
1536 422 1697 490 XIV.
1731 461 1805 472 —
1839 426 1942 487 DE
1987 420 2422 489 PAUPERUM
2468 419 2765 485 AMURE.

3577 420 3692 485 874

272 575 333 635 ὃς
364 572 506 647 πρὸς
534 571 635 639 τὴν
668 567 857 643 χρείαν
902 564 1152 641 ἤρκεσεν,
1203 562 1329 617 ἀλλ’
1383 561 1533 623 ὅστις
1587 564 1661 633 μὴ
1720 564 1968 638 πικρῶς-

2068 578 2162 632 luo
2198 562 2480 633 pudorem
2514 564 2808 625 tueantur,
2844 562 2901 613 et
2935 558 3130 613 ulcera
3161 559 3410 614 foveant.
3466 562 3543 613 Ac
3596 562 3695 615 bc-

277 660 660 734 ἆπεπὲμψατο.
694 658 758 711 Οἳ
786 654 996 710 πολλοὶ
1027 651 1085 707 δὲ
1127 651 1303 706 αὐτῶν
1352 648 1478 705 οὐδὲ
1533 650 1620 705 ὑπ’
1670 647 1935 724 αἰσχύνης

272 753 367 812 τὰς
397 745 736 823 πανηγύρεις
794 743 1104 822 φεύγουσιν,
1161 739 1289 794 αὐτὸ
1341 740 1419 813 (8)
1468 739 1561 811 μὲν
1596 736 1687 793 οὖν
1713 735 1935 791 τούναν-

274 840 388 895 τίον
420 838 497 900 εἷς
527 834 724 896 ταύτας
781 834 1046 897 ὠθοῦνται
1106 827 1193 884 διὰ
1236 830 1336 897 τήν
1364 826 1554 905 χρείαν
1579 846 1592 860 ο
1623 825 1822 888 ταύτας
1865 823 1932 895 δὴ

277 929 428 1003 λέγω
459 927 553 988 τὰς
585 920 909 993 πανδήμους
956 922 1032 992 (9)
1080 918 1171 973 καὶ
1220 918 1391 993 ἱερὰς,
1424 916 1485 978 ἃς
1514 919 1678 990 ἡμεῖς
1708 916 1796 970 ἐπὶ
1847 927 1935 978 θε-

278 1016 474 1094 ραπείᾳ
500 1018 605 1069 τῶν
640 1014 831 1087 ψυχῶν
880 1008 1165 1083 ὶξεύρομεν
1218 1008 1354 1080 (10),
1407 1003 1438 1074 ἤ
1482 1007 1618 1094 κατά
1645 1026 1697 1094 τι
1734 1005 1938 1078 μυστή-

280 1127 394 1183 ριον
430 1102 719 1171 συνιόντες,
771 1102 805 1169 ἣ
849 1099 968 1160 τοῖς
1031 1098 1259 1173 μάρτυσι
1309 1102 1413 1165 τῆς
1460 1093 1718 1163 ἀληθείας
1768 1114 1939 1158 πανη-

278 1193 613 1270 γυρίζοντες,
668 1189 738 1244 τίν’
788 1190 862 1243 ὧν
910 1186 1042 1248 τοὺς
1092 1186 1305 1260 ἀγῶνας
1333 1203 1606 1255 τιμωμεν,
1646 1183 1944 1255 μιμώμεθα

276 1282 365 1338 καὶ
396 1282 494 1350 τήν
544 1273 844 1335 εὐσέϐειαν.
899 1274 997 1330 Καὶ
1048 1272 1402 1349 αἰσχύνονται
1449 1273 1541 1345 μὲν
1570 1270 1699 1333 τοὺς
1734 1271 1940 1345 ἀνθρώ-

276 1392 415 1433 πους
467 1368 558 1425 διὰ
592 1369 714 1436 ’τὴν
761 1364 1067 1441 συμφορὰν,
1122 1362 1271 1425 ὄντες
1321 1357 1627 1437 ἅνθρωποι,
1680 1359 1769 1414 καὶ
1808 1358 1942 1434 βού-

280 1460 453 1515 λοιντ’
486 1459 545 1512 ἂν
588 1452 790 1529 ὄρεσιν,
821 1456 856 1523 ἣ
888 1454 1179 1527 κρήμνοῖς,
1224 1452 1258 1520 ἢ
1312 1448 1492 1519 ὕλαις,
1542 1448 1577 1518 ἦ
1630 1450 1693 1503 τὸ
1748 1446 1943 1502 τελευ-

278 1553 429 1604 ταῖον
482 1545 633 1600 νυκτὶ
684 1543 773 1598 καὶ
823 1541 1003 1614 σκότῳ
1049 1538 1564 1615 περικαλύπτεσθαι·
1629 1536 1943 1612 ῥιπτοῦνται

286 1635 343 1691 δὲ
400 1632 554 1708 ὅμως
609 1632 685 1695 εἷς
745 1630 924 1706 μέσον,
973 1628 1173 1707 φόρτος
1231 1626 1485 1693 ἐλεεινὸς,
1547 1625 1637 1680 καὶ
1698 1622 1941 1699 δακρύων

285 1723 452 1794 ἄξιος.
477 1727 647 1778 Τοῦτο
683 1721 777 1794 μὲν
804 1717 941 1780 ’ίσως
970 1718 1059 1772 καὶ
1110 1717 1247 1771 κατὰ
1285 1715 1478 1789 λόγον,
1524 1712 1615 1768 ’ίνα
1662 1716 1799 1786 ἡμῖν
1844 1710 1943 1767 ὦσι

284 1821 385 1883 τῆς
444 1809 717 1872 ἀσθενείας
773 1811 935 1882 ἡμῶν
999 1807 1392 1879 ὑπομνήματα,
1433 1801 1521 1858 καί
1551 1801 1781 1857 πείθωσι
1832 1820 1947 1873 μη-

294 1901 404 1958 δενὶ
462 1906 571 1955 τῶν
616 1896 900 1973 παρόντων
946 1894 1037 1950 καὶ
1096 1894 1415 1969 ὁρωμινων,
1476 1891 1550 1953 ὡς
1584 1892 1776 1945 ἑστῶτι
1809 1891 1944 1963 (11),

294 1991 698 2065 προστίθεσθαι.
748 1990 1092 2043 Ῥιπτοΰνται
1149 1982 1228 2052 δὲ,
1288 1983 1340 2037 οἱ
1391 1982 1485 2055 μὲν
1531 1979 1795 2053 ἐπιθυμίᾳ
1834 2001 1946 2058 φω-

292 2090 385 2151 νῆς
417 2078 786 2155 ἀνθρωπίνης,
835 2075 885 2130 oi
937 2073 994 2129 δὲ
1024 2072 1368 2147 προσόψεως,
1430 2071 1480 2126 οἱ
1531 2068 1589 2125 δὲ
1615 2067 1709 2124 ’ίνα
1743 2068 1951 2145 βραχέα

290 2178 438 2241 ζωῆς
470 2166 659 2247 ἐφόδια
689 2166 835 2239 παρὰ
869 2169 976 2219 τῶν
1023 2164 1354 2239 τρυφώντων
1389 2158 1778 2231 συλλέξωνται,
1811 2159 1949 2213 πάν-

285 2282 373 2322 τες
406 2258 463 2314 δὲ
489 2256 581 2312 ἵνα
604 2278 655 2312 τι
688 2257 895 2331 πράους
925 2252 1187 2330 γεύωνται
1242 2254 1356 2326 (12)
1384 2249 1513 2312 τοὺς
1563 2250 1766 2303 ἑαυτῶν
1818 2249 1949 2321 θρή-

291 2371 419 2410 νους
452 2346 517 2417 δη
530 2344 923 2419 μοσιεύσαντες.

2046 651 2263 722 nignus
2294 650 2439 721 ipsis
2470 648 2568 703 ille
2612 652 2727 713 est,
2759 664 2875 703 non
2908 648 3032 718 qui,
3064 648 3218 718 quod
3253 648 3337 702 eis
3368 665 3515 719 opus
3551 654 3697 715 erat,

2045 738 2463 809 suppeditavit,
2496 737 2593 791 sed
2650 736 2751 807 qui
2806 753 2921 791 non
2969 736 3177 791 acerbe
3235 750 3333 791 eos
3392 737 3698 806 ablegavit.

2047 826 2215 881 Multi
2247 830 2440 881 autem
2472 841 2675 880 eorum
2708 840 2780 880 ne
2813 826 3037 897 pudore
3082 823 3318 896 quidem
3372 834 3406 878 a
3453 823 3703 894 publicis

2047 915 2433 970 conventibus
2459 914 2848 980 deterrentur,
2874 914 3013 984 quin
3042 912 3237 984 potius
3259 912 3314 966 in
3341 926 3441 967 eos
3470 926 3598 966 esse
3629 913 3701 966 ob

2049 1003 2454 1059 necessitatem
2490 1003 2838 1069 intrudunt;
2892 1002 3020 1072 hos,
3052 1002 3317 1072 inquam,
3352 999 3618 1072 publicos
3649 1007 3706 1055 et

2050 1108 2248 1148 sacros
2280 1095 2618 1159 conventus,
2654 1107 2801 1163 quos
2857 1092 2928 1145 ob
2978 1092 3306 1145 animarum
3340 1089 3700 1144 curationem

2050 1180 2529 1253 excogitavimus,
2563 1184 2665 1235 aut
2709 1180 2972 1251 mysterii
3003 1180 3335 1252 cujuspiam
3368 1178 3703 1235 Celebrandi

2053 1282 2232 1327 cansa
2286 1273 2583 1335 coeuntes,
2618 1274 2719 1323 aut
2775 1269 2847 1323 ob
2904 1268 3167 1324 veritatis
3221 1274 3500 1340 martyres
3547 1268 3701 1323 diem

2052 1361 2268 1415 festum
2317 1358 2633 1430 agitantes,
2685 1362 2768 1426 ut,
2821 1372 3075 1430 quorum
3129 1358 3453 1413 certamina
3484 1358 3705 1412 honore

2053 1448 2487 1522 prosequimur,
2513 1464 2714 1503 eorum
2742 1464 2970 1519 quoque
2995 1448 3267 1519 pietatem
3295 1446 3613 1503 imitemur.
3639 1446 3704 1501 Et

2054 1538 2324 1610 quamvis
2358 1536 2666 1592 hominum
2709 1551 2830 1607 ora,
2885 1553 3019 1592 cum
3067 1536 3338 1592 homines
3396 1536 3505 1608 ipsi
3564 1535 3705 1601 sint,

2054 1631 2293 1699 propter
2350 1625 2747 1681 calamitatem
2807 1625 3187 1692 erubesCant,
3247 1638 3313 1680 ac
3372 1624 3706 1690 mentibus,

2055 1721 2158 1772 aut
2191 1716 2502 1787 praeruptis
2532 1714 2703 1779 locis,
2751 1718 2853 1770 aut
2901 1713 3085 1783 silvis,
3140 1719 3243 1768 aut
3301 1712 3553 1784 denique
3606 1729 3707 1767 no-

2056 1809 2145 1860 cte
2176 1820 2242 1859 ac
2272 1803 2535 1859 tenebris
2566 1802 2755 1875 oblegi
2789 1803 3032 1875 cupiant
3063 1819 3075 1858 :
3128 1802 3188 1857 in
3223 1804 3480 1857 medium
3514 1808 3709 1856 tamen

2057 1894 2416 1965 irrumpunt,
2476 1894 2712 1949 sarcina
2773 1890 3149 1960 miserabilis,
3206 1898 3264 1947 et
3319 1891 3708 1963 lacrymarum

2061 1984 2260 2056 digna.
2296 1984 2357 2039 Id
2391 2000 2626 2056 quoque
2658 1984 2905 2039 fortasse
2936 1992 3050 2038 non
3083 1987 3302 2039 temere
3332 1996 3399 2037 ac
3442 1984 3570 2037 sine
3618 1999 3707 2036 ra-

2058 2073 2217 2128 tione
2248 2073 2490 2141 faciunt,
2528 2072 2809 2128 nimirum
2857 2076 2921 2127 ut
2969 2086 3074 2127 nos
3104 2071 3465 2127 infirmitatis
3499 2077 3710 2126 nostra:

2061 2162 2475 2231 submoneant,
2510 2161 2776 2232 illudque
2807 2161 2972 2216 nobis
3003 2162 3412 2230 persuadeant,
3447 2164 3512 2215 ut
3562 2159 3710 2213 nulli

2063 2267 2256 2306 rerum
2292 2251 2667 2323 praesentium
2702 2256 2875 2321 atque
2917 2252 2975 2305 in
3010 2250 3309 2306 oculorum
3344 2265 3584 2305 sensum
3617 2265 3709 2302 ca-

2064 2340 2349 2408 dentium,
2382 2341 2540 2395 velut
2570 2340 2750 2394 ﬁrmae
2799 2345 2856 2395 et
2904 2340 3121 2406 stabili,
3171 2340 3434 2394 animum
3469 2337 3709 2408 adjicia-

293 2457 445 2494 mus.
485 2438 824 2506 lrrumpunt
854 2435 1078 2499 autem,
1111 2430 1232 2500 alii,
1266 2433 1332 2484 ut
1361 2433 1623 2500 optatam
1676 2427 1986 2483 hominum
2018 2445 2217 2485 vocem
2250 2429 2493 2484 audiant
2525 2445 2538 2483 :
2573 2428 2695 2495 alii,
2730 2434 2794 2484 ut
2821 2446 3024 2485 eorum
3073 2445 3175 2484 ora
3221 2428 3511 2500 aspiciant
3542 2444 3554 2481 :
3590 2426 3711 2496 alii,

290 2535 357 2584 ut
387 2527 597 2598 exigua
630 2525 758 2579 vitae
790 2521 1057 2577 subsidia
1087 2520 1159 2575 ab
1204 2520 1300 2587 iis,
1335 2517 1438 2590 qui
1488 2517 1624 2572 luxu
1662 2516 2005 2588 deliciisque
2052 2519 2351 2587 difﬂuunt,
2384 2518 2660 2592 colligant
2692 2537 2705 2575 :
2739 2536 2939 2575 omnes
2989 2524 3209 2585 autem,
3243 2523 3309 2573 ut
3352 2517 3715 2589 exponendis

292 2615 553 2671 luctibus
584 2614 711 2669 suis
739 2608 1089 2667 nonnullum
1120 2607 1259 2663 hinc
1288 2606 1553 2662 levamen
1584 2604 1968 2677 persentiant.

360 2704 459 2758 II".
490 2702 581 2763 Τίς
633 2699 693 2753 ού
723 2696 1055 2754 κατακλᾶται
1098 2693 1312 2751 τούτων
1355 2700 1474 2757 τοῖς
1523 2691 1810 2769 ὀδυρμοῖς,
1865 2691 1948 2747 oi-

290 2791 456 2866 κτράν
510 2785 791 2861 ξυναυλίαν
842 2785 1272 2859 ἆρμοζομένων;
1325 2783 1409 2845 τίς
1476 2783 1613 2851 ἀκοὴ
1683 2781 1831 2859 φέρει
1885 2781 1949 2836 τὸ

299 2882 582 2951 ἄκουσμα,
641 2876 723 2938 τίς
775 2875 899 2949 ύψις
959 2878 1136 2949 χωρεῖ
1181 2874 1244 2928 τὸ
1274 2871 1485 2944 ﬂictus;
1519 2872 1582 2924 Oi
1617 2871 1708 2943 μὲν
1744 2874 1947 2924 κεῖνται

300 2967 411 3039 μετ’
446 2962 733 3033 ἀλλήλων,
766 2965 947 3023 κακῶς
994 2961 1096 3015 ὑπὸ
1145 2967 1246 3029 τῆς
1295 2960 1453 3013 νόσου
1511 2957 1947 3032 συνεζευγμένοι,

294 3053 385 3108 καὶ
428 3051 597 3113 ἄλλος
655 3048 797 3105 ἄλλο
843 3071 895 3104 τι
941 3056 1041 3118 τῆς
1086 3053 1371 3126 συμφορᾶς
1420 3047 1556 3124 πρὸς
1604 3047 1667 3101 τὸ
1714 3046 1946 3102 ἐλεεινὸν

294 3141 663 3216 ἐρανίζοντες·
715 3139 805 3194 καὶ
856 3138 986 3192 εἰσὶν
1032 3135 1310 3207 ἀλλήλοις
1358 3138 1645 3212 προσθήκη
1695 3140 1792 3191 τοῦ
1844 3135 1950 3190 πά-

2132 2696 2280 2752 XIII.
2313 2696 2452 2763 Quis
2494 2713 2607 2752 non
2642 2713 2867 2763 eorum,
2901 2696 3180 2752 miseram
3212 2697 3539 2751 cantionem
3579 2710 3715 2748 con-

2060 2786 2450 2851 cinnantium,
2484 2784 2802 2858 gemitibus
2832 2786 3174 2852 frangitur?
3217 2785 3351 2848 Quae
3392 2782 3551 2838 auris
3601 2782 3711 2836 hu-

2050 2874 2315 2947 jusmodi
2337 2874 2693 2930 auditionem
2720 2874 2888 2945 ferre,
2914 2874 3047 2945 quis
3076 2874 3282 2929 oculus
3313 2872 3711 2943 spectaculum

2059 2963 2168 3018 hoc
2188 2980 2393 3035 capere
2424 2962 2658 3035 potest?
2686 2963 2893 3019 Jacent
2920 2963 3003 3017 illi
3036 2963 3237 3034 simul,
3264 2962 3415 3017 male
3446 2980 3480 3016 a
3510 2961 3711 3015 morbo

2059 3053 2214 3107 266
2245 3052 2583 3123 consociati,
2618 3055 2794 3123 atque
2823 3052 2921 3107 alii
2953 3052 3112 3108 aliud
3144 3052 3439 3125 quoddam
3474 3049 3712 3105 calami-

2058 3141 2198 3196 tatis
2221 3156 2407 3212 genus
2429 3141 2497 3195 ad
2527 3140 2990 3197 misericordiam
3019 3144 3285 3196 ciendam
3312 3142 3711 3205 conferentes;

290 3234 441 3301 θους,
504 3227 732 3283 ἐλεεινοὶ
788 3233 890 3296 τῆς
938 3225 1263 3302 ἀρῥωστίας,
1310 3232 1410 3295 τῆς
1457 3223 1790 3298 συμπαθείας
1834 3226 1947 3297 (13)

2068 3234 2317 3299 suntque
2338 3229 2449 3284 sibi
2472 3230 2719 3284 invicem
2739 3230 2957 3286 doloris
2979 3229 3569 3295 additamentum,illi
3593 3229 3717 3299 qui-

291 3318 673 3392 ἐλεεινότεροι.
735 3316 1075 3391 Περιίσταται
1145 3318 1258 3388 (14)
1318 3312 1375 3369 δὲ
1449 3313 1646 3376 αὐτοὺς
1725 3314 1945 3390 θέατρον

290 3407 589 3482 συμμιγὲς,
649 3403 1059 3482 συναλγούντων
1125 3403 1241 3475 μὲν,
1301 3401 1447 3458 ἀλλά
1503 3403 1825 3478 πρόσκαιρα.
1887 3402 1951 3455 Οἱ

295 3477 759 3552 δὲίκυλινδοῦνίεαι
790 3477 926 3567 πρὸς
953 3498 1072 3554 τοῖς
1119 3491 1247 3547 ποσὶ
1295 3496 1402 3545 τῶν
1450 3477 1749 3566 ἀνθρώπων
1805 3490 1952 3563 ἡλίῳ

295 3587 387 3641 καὶ
435 3584 581 3639 κόνει
610 3604 621 3615 ·
675 3578 785 3637 ἔστι
839 3580 897 3637 δὲ
927 3582 1016 3636 ὅτε
1044 3582 1134 3635 καὶ
1163 3586 1397 3654 κρυμοῖς
1434 3580 1665 3656 ἀγρίοις,
1726 3580 1815 3634 καὶ
1847 3575 1953 3652 ὅμ-

298 3670 478 3750 6ροις,
512 3673 601 3727 καὶ
642 3676 908 3747 ταραχαῖς
959 3671 1173 3743 ἀνέμων
1222 3668 1760 3743 ταλαιπωρούμενοι,
1810 3670 1955 3744 παρὰ

294 3767 556 3817 τοσοῦτον
619 3760 679 3816 ού
734 3764 845 3832 (15)
900 3758 1367 3832 συμπατούμενοι,
1413 3759 1538 3833 παρ’
1569 3758 1692 3812 ὅσον
1724 3760 1837 3832 (16)
1865 3758 1955 3813 καὶ

298 3852 491 3925 ψαύειν
523 3850 698 3905 αὐτῶν
732 3852 844 3923 (1⁵7)
879 3847 1308 3924 βδελυσσόμιθα.
1341 3845 1581 3917 Ἀντᾴδει
1616 3845 1672 3901 δὶ
1712 3853 1829 3910 τοῖς
1879 3849 1955 3902 ἱε-

300 3947 420 4017 ροῖς
452 3937 602 3994 ἔνδον
637 3940 851 4012 μέλεσιν
889 3939 917 3991 ὁ
948 3941 1056 3991 τῶν
1088 3937 1355 4005 αἰτήσεων
1389 3933 1653 4009 ὀδυρμὸς,
1698 3936 1787 3991 καὶ
1836 3942 1957 3998 ταῖς

306 4033 589 4103 μυστικαῖς
626 4032 830 4106 φωναῖς
864 4028 1061 4095 θρῆνος
1090 4024 1323 4086 ἐλεεινὸς
1372 4024 1731 4100 ἀντεγείρεται
1788 4026 1847 4079 Τί
1877 4023 1959 4079 δεῖ

298 4124 474 4173 πᾶσαν
535 4117 711 4172 αὐτῶν
744 4117 1055 4192 προτιθέναι
1082 4115 1181 4183 τήν
1213 4115 1495 4192 συμφορὰν
1525 4115 1832 4189 ἀνθρώποις
1861 4136 1960 4169 πα-

297 4207 690 4283 νηγυρίζουσιν
718 4224 731 4275 ;
766 4207 923 4267 Ἴσως
959 4204 1018 4259 ἂν
1047 4204 1137 4259 καὶ
1171 4204 1297 4277 ὑμῖν
1347 4205 1636 4277 κινήσαιμι
1664 4207 1880 4278 θρῆνον,
1914 4204 1960 4261 εί

297 4297 474 4352 πάντα
503 4292 910 4372 ἐκτραγῳδοίην
945 4292 1246 4367 ἐπιμελῶς,
1277 4292 1368 4347 καὶ
1393 4295 1604 4364 νικήσει
1632 4295 1729 4363 τὴν
1766 4295 1958 4370 ἑορτὴν

295 4386 366 4441 τὸ
395 4386 584 4448 πάθος.
619 4386 776 4459 Λέγω
809 4383 911 4459 γὰρ
944 4384 1038 4438 οὗν
1069 4387 1257 4454 ταῦτα,
1292 4382 1407 4438 ἐπεὶ
1444 4380 1674 4455 μηδέπω
1728 4382 1961 4457 δύναμαι

298 4475 503 4528 πείθειν
549 4474 715 4547 ὑμᾶς,
760 4473 835 4534 ὡς
896 4469 1009 4527 ἔστι
1057 4471 1191 4526 ποτὲ
1220 4469 1426 4541 ἡδονῆς
1459 4470 1606 4542 λύπη
1634 4475 1960 4549 τιμιωτέρα,

298 4563 394 4619 καὶ
440 4566 705 4641 κατήφεια
743 4560 1125 4636 πανηγύρεως,
1182 4560 1271 4614 καὶ
1300 4558 1543 4636 γέλωτος
1576 4561 1637 4615 οὗ
1667 4560 1838 4616 καλοῖ)
1870 4559 1962 4617 δά·

297 4672 465 4729 κρυον
496 4650 908 4725 ἐπαινούμενον.

2060 3319 2193 3373 dem
2226 3319 2298 3373 ob
2330 3318 2524 3390 ipsum
2560 3319 2831 3373 morbum
2875 3319 3257 3387 miserabiles,
3313 3320 3384 3374 ob
3443 3325 3713 3373 mutuam

2058 3423 2194 3462 vero
2246 3406 2820 3463 commiserationem
2852 3408 3325 3464 miserabiliores.
3360 3408 3714 3461 Circumstat

2064 3500 2259 3550 autem
2319 3511 2418 3550 eos
2476 3497 2875 3565 promiscuum
2922 3497 3242 3561 theatrum,
3274 3495 3710 3551 condolentium

2065 3586 2326 3655 quidem,
2360 3584 2459 3638 sed
2491 3586 2562 3639 ad
2604 3585 2775 3640 breve
2821 3591 3076 3656 tempus.
3128 3587 3197 3639 Hi
3246 3603 3415 3656 porro
3478 3586 3548 3639 ad
3608 3584 3709 3638 ho-

2066 3674 2294 3728 minum
2328 3674 2504 3745 pedes
2533 3673 2892 3742 volutantur,
2926 3691 3059 3729 cum
3103 3676 3246 3731 solis
3293 3682 3436 3730 aestu
3476 3681 3531 3729 et
3581 3675 3711 3745 pul-

2064 3778 2230 3828 vere;
2282 3778 2708 3832 nonnunquam
2760 3764 2934 3817 etiam
2985 3780 3117 3818 cum
3165 3765 3501 3836 asperrimis
3531 3764 3712 3835 frigo-

2067 3852 2231 3905 ribus
2282 3868 2348 3905 ac
2400 3850 2632 3922 pluviis,
2674 3857 3098 3924 ventorumque
3128 3853 3482 3909 tumultibus
3509 3855 3713 3907 conﬂi-

2066 3945 2313 4005 ctantes,
2370 3940 2738 4012 pedibusque
2786 3941 2963 3997 etiam
3014 3944 3262 4013 jamjam
3323 3942 3714 4015 percalcandi,

2069 4029 2182 4084 nisi
2224 4028 2313 4083 vel
2361 4027 2658 4084 tantillum
2709 4045 2809 4085 eos
2864 4035 3101 4103 tangere
3150 4032 3716 4088 exhorresceremus.

2070 4119 2244 4175 Porro
2276 4118 2623 4189 petitionum
2655 4120 2905 4189 gemitus
2938 4121 3182 4177 internis
3212 4121 3414 4194 templi
3449 4121 3720 4176 cantibus

2071 4224 2140 4263 ex
2170 4210 2413 4262 adverso
2444 4208 2777 4279 respondet,
2802 4212 2977 4281 atque
3004 4212 3284 4267 adversus
3320 4212 3595 4283 mysticae
3626 4227 3721 4265 vo-

2071 4314 2166 4353 ces
2202 4296 2555 4352 miserabilis
2585 4297 2780 4354 luctus
2812 4300 3113 4356 excitatur.
3150 4302 3296 4367 Quid
3329 4318 3462 4356 vero
3494 4300 3723 4355 univer-

2072 4404 2199 4442 sam
2234 4386 2444 4442 horum
2478 4386 2872 4444 calamitatem
2916 4391 3258 4446 hominibus
3309 4392 3519 4446 festum
3567 4391 3723 4445 diem

2072 4475 2507 4531 celebrantibus
2528 4493 2851 4548 praponere
2872 4479 3125 4534 attinet?
3154 4479 3331 4535 Vobis
3355 4488 3588 4550 quoque
3613 4476 3724 4532 for-

2072 4568 2250 4631 tasse,
2274 4563 2323 4619 si
2354 4563 2555 4619 omnia
2581 4567 2678 4621 sed
2691 4566 2783 4621 ulo
2816 4571 2872 4621 et
2900 4568 3118 4639 tragice
3140 4568 3514 4636 ampliﬁcem,
3540 4567 3726 4636 lacry-

2074 4668 2202 4707 mas
2232 4666 2485 4716 movero,
2518 4669 2583 4707 ac
2612 4653 2778 4708 dolor
2805 4654 3022 4710 festum
3054 4657 3375 4726 superabit.
3402 4660 3527 4709 Haec
3549 4657 3725 4709 etiam

298 4744 521 4800 idcirco
553 4742 704 4809 dico,
737 4740 876 4813 quia
909 4739 1172 4795 nondum
1204 4737 1368 4793 vobis
1400 4737 1507 4794 hoc
1540 4739 1893 4810 persuadere
1932 4757 2197 4812 possum,
2232 4739 2559 4795 molestiam
2607 4758 3036 4814 nonnunquam
3068 4744 3385 4816 voluptate,
3418 4750 3474 4799 et
3506 4744 3728 4798 moesti-

298 4833 450 4889 tiam
482 4830 703 4900 laetitia,
736 4834 793 4886 et
823 4827 1152 4886 laudabiles
1184 4828 1477 4900 lacrymas
1508 4828 1668 4899 turpi
1697 4833 1872 4900 atque
1904 4830 2155 4885 obsceno
2187 4830 2310 4885 risu
2342 4832 2777 4901 praestantiores
2808 4842 2936 4888 esse
2957 4834 3023 4887 7‘.

379 4931 425 4965 7‘
454 4929 639 4985 Eccle.
668 4946 768 4999 v11,
798 4929 832 4984 3

404 5028 458 5099 8)
492 5026 655 5095 Αὗτό,
689 5028 783 5100 0r.
816 5029 872 5097 2,
904 5024 1309 5100 autoifmale].

404 5033 458 5099 8)
492 5033 655 5095 Αὐτό,
689 5033 783 5084 Or.
816 5033 872 5097 2,
904 5033 1058 5081 αὐτοί
1088 5033 1309 5100 [male].

379 5033 458 5173 (9)
491 5100 599 5162 Τὰς
629 5095 974 5173 πανδήμους.
1018 5099 1113 5155 Sic
1156 5099 1415 5171 quinque
1458 5097 1640 5171 Regg.
1673 5097 1845 5155 Deest
1872 5097 1969 5159 τάς

309 5172 372 5227 in
392 5172 544 5228 edit.

384 5244 495 5315 (10)
526 5240 868 5313 Ἐξεύρομεν.
930 5236 1027 5297 Or.
1085 5242 1140 5309 2,
1193 5237 1498 5315 ἑξεύραμεν.
1552 5240 1760 5307 Oxon,
1811 5238 1971 5313 ἐξηύ-

314 5333 377 5389 ρο
386 5334 479 5389 μεν
490 5357 502 5370 ι

384 5381 495 5527 (il)
525 5388 772 5473 Ἑστῶτι.
808 5384 972 5441 Unus
1004 5385 1165 5475 363:,
1199 5381 1412 5437 ὶστῶσι.

389 5459 473 5526 (12
531 5459 744 5527 Ιιραους
768 5454 1054 5527 γεύωνται.
1099 5469 1197 5510 blo
1246 5454 1412 5527 legen

313 5602 430 5654 bus
453 5606 606 5654 certe
636 5601 912 5656 mendum
934 5601 1057 5655 *irre

640 5945 901 6008 PATBOL.
951 5942 1062 6004 Gn.
1111 5940 1358 6005 XXXV.

531 5455 744 5531 IIpa’touAc:
768 5454 1054 5529 γεύωνται.
1099 5454 1197 5531 Sic
1246 5454 1561 5531 legendum
1582 5455 1971 5531 arbitramur,

313 5544 422 5599 pro
475 5526 634 5601 ῥᾴους
667 5526 948 5601 γὲνὼνται,
983 5527 1145 5601 quod
1171 5527 1229 5580 in
1280 5526 1453 5601 editis
1484 5527 1713 5601 legitur,
1748 5528 1808 5582 in
1840 5527 1975 5598 qui-

1061 5598 1485 5671 psit,rexciso_1t
1514 5597 1573 5671 in
1606 5599 1797 5671 prima
1818 5597 1974 5671 voce,

312 5677 372 5727 et
403 5676 630 5727 mutatu
673 5694 701 5724 υ
743 5673 804 5727 in
834 5692 860 5725 ν
896 5673 954 5726 in
987 5669 1265 5741 sesuada.
1302 5672 1387 5725 Ita
1417 5669 1630 5741 legisse
1662 5675 1719 5726 et
1748 5669 1975 5728 intelle-

310 5744 476 5800 xisse
512 5744 783 5801 videntur
810 5742 1022 5799 Biilius
1050 5751 1107 5798 et
1135 5737 1751 5799 Gabrieliu‘sfPi-imus
1781 5742 1841 5799 in
1874 5760 1977 5799 no-

310 5816 393 5875 tis
422 5815 601 5874 vertit
633 5832 647 5874 :
696 5839 727 5868 ‹‹
761 5819 827 5872 ut
856 5812 1082 5888 aliquid
1112 5813 1419 5872 levationis
1450 5815 1728 5873 sentiant.
1749 5834 1778 5867 »
1820 5814 1981 5874 Alter

2079 5028 2139 5105 ign
2175 5032 2332 5084 textu
2369 5045 2381 5105 ξ
2442 5050 2463 5079 ι
2497 5034 2562 5085 ut
2608 5031 2879 5105 nonnihil
2917 5031 3201 5105 leventur.
3238 5055 3266 5082 ››
3312 5033 3503 5105 [Forte
3536 5032 3735 5105 legen-

2079 5101 2254 5178 dum,
2277 5098 2483 5178 πράους
2508 5107 2650 5178 _(pr0
2681 5101 2934 5178 πράονες)
2963 5102 3269 5178 γένωνται.)

2128 5173 2264 5253 ,(13)
2301 5172 2668 5253 Συμπεεξέίας.
2694 5172 2753 5253 _'«
2790 5176 2871 5232 Ob
2918 5172 3415 5253 'ej'usdem_morbi
3470 5194 3735 5234 commu-

2083 5244 2339 5319 nionem.
2374 5265 2402 5292 »
2450 5244 2566 5319 _Hic
2616 5246 2773 5319 enim
2824 5244 3126 5318 συμπάθεια
3168 5244 3483 5319 signiﬁcat,
3538 5272 3565 5300 ‹‹
3600 5268 3734 5306 cum

2083 5313 2254 5388 plura
2284 5314 2461 5388 simul
2497 5318 2761 5372 membra
2789 5313 3043 5374 doleant.
3083 5341 3103 5368 ι

2153 5388 2266 5529 (14)
2300 5385 2663 5459 ΙΙεριίσταται.
2697 5390 2873 5445 Coisl.
2909 5393 2959 5458 1,
2990 5387 3378 5463 περιίστανται.

2180 5460 2267 5529 15)
2300 5458 2742 5529 Ιῐαράντοσοῦτον
2777 5459 2861 5517 οὐ.
2906 5462 3000 5517 Sic
3039 5462 3211 5518 (loisI.
3256 5464 3310 5520 2.
3353 5467 3378 5517 Ε

2180 5460 2267 5542 1ξ)
2300 5458 2742 5545 Ιῐαράιτοσοῦτον
2777 5459 2861 5517 οὐ.
2906 5462 3000 5517 Sic
3039 5458 3211 5518 (ioisI.
3256 5464 3310 5520 2.
3353 5458 3528 5528 Edit.,
3560 5483 3733 5538 παρα-

2083 5548 2339 5583 τοσουτον
2380 5549 2489 5586 και.
3692 5556 3695 5559 ·

2150 5601 2440 5684 ,(16)1Ιαρ’
2471 5600 2617 5657 ὅσον.
2665 5603 2758 5658 Sic
2807 5604 3005 5677 plures
3054 5605 3238 5677 Regii.
3289 5598 3436 5663 Edit.
3490 5608 3738 5678 conjun-

2087 5673 2225 5728 ctim
2238 5716 2250 5739 ,
2285 5672 2545 5739 παρόσον.

2159 5722 2721 5815 ξίῆᾌξ-ἐὼνζοοίει.
2749 5748 2785 5803 2
2814 5747 3001 5819 addit,
3034 5746 3140 5822 ἀεί,
3182 5770 3207 5801 α
3242 5765 3497 5823 semper.
3531 5770 3559 5799 η

3342 5948 3421 6014 28
