4070 6442
241 482 354 547 881

1179 479 1468 540 ORATIO
1512 477 1668 538 XIV.
1703 510 1781 522 —
1808 477 1912 537 DE
1957 479 2394 541 PAUPERUM
2441 480 2739 540 AMORE.

3544 480 3663 542 882

244 612 334 670 διὰ
358 615 456 670 τοῦ
487 610 671 674 καλῶς
705 605 875 686 ἔχειν,
911 608 1166 684 ἁγιασθῂ,
1200 608 1289 663 καὶ
1329 611 1426 662 τοῦ
1467 612 1744 662 κοινωνεῖν
1785 611 1900 667 τοῖς

2019 607 2139 664 loco
2169 610 2432 666 omnium
2468 626 2663 666 rerum
2713 609 3045 665 elucremur
3072 628 3086 678 ;
3115 609 3203 665 vel
3254 615 3407 666 certe
3435 609 3667 668 Christo

248 706 325 779 μὴ
357 699 600 780 ἔχουσιν.
633 700 698 755 Ei.
733 698 790 755 δὲ
818 698 907 754 καὶ
953 698 1236 773 σπείραιμι
1284 697 1502 770 ἐμαυτῷ
1536 696 1704 768 μόνῳ,
1756 695 1901 750 σπεί-

247 815 403 867 ραιμι
439 790 562 867 ἄρα,
595 790 685 845 καὶ
718 787 881 844 ἄλλοι
915 787 1135 865 φάγοιεν
1175 789 1307 860 (48)⁸
1357 785 1445 840 καὶ
1489 784 1580 839 ’ίνα
1628 783 1791 839 πάλιν
1824 783 1897 839 εἷ’-

245 906 334 938 πω
389 882 453 936 τὸ
509 884 606 934 τοῦ
664 873 814 933 Ἰὼϐ·
855 877 1002 932 Ἀντὶ
1061 879 1235 951 πυροῦ
1293 872 1499 944 ἐξέλθοι
1561 896 1658 948 μοι
1715 871 1897 943 κνίδη,

245 972 360 1026 ἀντὶ
406 968 464 1024 δὲ
512 975 706 1044 κριθῆς
756 967 937 1042 βάτος·
991 966 1205 1020 καύσων
1259 962 1316 1019 δὲ
1360 961 1557 1037 ἄνεμος
1607 958 1897 1034 ὑπολάϐοι,

247 1060 336 1114 καί
368 1059 622 1135 ὑφέλοιτο
657 1055 866 1129 λαῖλαψ
897 1054 1022 1115 τοὺς
1069 1053 1236 1126 ἐμοὺς
1285 1053 1510 1123 πόνους,
1546 1050 1641 1107 ’ἶνα
1686 1052 1762 1114 εἷς
1819 1073 1900 1106 κε-

245 1150 330 1203 νὸν
387 1146 733 1220 κοπιάσαιμι.
785 1145 851 1199 Ei’
898 1142 955 1198 δὲ
1009 1145 1097 1198 καὶ
1132 1143 1412 1212 ἀποθήκας
1464 1139 1900 1214 οἶκοδομήσαιμι

247 1237 438 1293 ἐκτῶν
472 1237 588 1309 (49)
629 1239 865 1308 μαμωνᾶ
913 1232 1276 1306 θησαυρίζων,
1327 1231 1415 1286 καὶ
1468 1236 1722 1304 μαμωνᾷ,
1773 1231 1900 1284 ταύ-

243 1349 310 1401 τῃ
337 1331 406 1399 τῇ
441 1324 593 1379 νυκτὶ
623 1325 722 1391 τὴν
767 1323 952 1396 ψυχὴν
1000 1324 1111 1394 (50)
1163 1319 1546 1390 ἀπαιτηθείην,
1579 1317 1744 1394 λόγον
1799 1320 1899 1397 ὑφ-

247 1417 402 1488 ἕξων,
437 1416 510 1468 ὧν
542 1416 723 1473 κακῶς
755 1409 1106 1483 ἐθησαύρισα.

2011 715 2150 770 opes
2182 705 2396 754 nostrae
2426 700 2948 766 communicanda),
2985 703 3048 754 ut
3089 700 3229 770 ipste
3259 700 3503 756 honeste
3532 718 3666 772 pos-

2009 804 2208 857 sessas,
2240 796 2297 843 et
2354 789 2712 860 pauperibus
2762 805 2962 843 earum
3024 789 3084 843 in
3145 793 3370 860 partem
3425 791 3664 857 vocatis,

2011 877 2320 933 sanctitate
2341 879 2597 949 quadam
2620 877 3162 944 imbuantur.Quod
3187 878 3233 932 si
3260 877 3401 932 mihi
3422 878 3532 950 ipsi
3557 878 3664 934 soli

2010 983 2223 1032 seram,
2254 966 2337 1021 ita
2367 984 2557 1022 seram
2585 968 2780 1036 velim,
2814 985 3016 1022 verum
3042 972 3106 1022 ut
3126 967 3221 1022 alii
3242 967 3420 1022 etiam
3443 967 3668 1023 fructus

2010 1056 2221 1121 edant;
2257 1061 2452 1126 atque,
2487 1062 2549 1109 ut
2578 1057 2709 1111 Jobi
2759 1057 2951 1110 verbis
2974 1073 3182 1111 rursus
3213 1060 3346 1111 utar
3379 1074 3392 1112 :
3425 1058 3535 1112 Pro
3565 1058 3668 1112 tri-

2010 1147 2118 1199 tico
2145 1146 2364 1199 oriatur
2391 1145 2536 1199 mihi
2565 1149 2768 1215 urlz'ca,
2800 1161 2898 1217 pro
2925 1146 3124 1200 hordeo
3159 1150 3346 1202 autem
3386 1147 3557 1202 rubus
3584 1146 3628 1180 ⁸⁷
3654 1163 3667 1213 ;

2011 1238 2220 1288 ventus
2252 1235 2424 1286 etiam
2453 1251 2626 1288 urens
2649 1239 2704 1288 et
2734 1235 2907 1290 turbo
2936 1233 3166 1289 labores
3189 1251 3349 1290 meos
3377 1233 3670 1306 excipiant

2013 1339 2079 1377 ac
2112 1322 2452 1393 surripiant,
2485 1327 2549 1376 ut
2596 1323 2654 1376 in
2704 1340 2920 1378 vanum
2969 1323 3374 1379 laboraverim.
3425 1324 3586 1389 Quod
3620 1323 3670 1378 si

2012 1411 2187 1467 etiam
2211 1411 2422 1466 horrea
2441 1424 2763 1480 exstruam,
2792 1413 3102 1468 thesauros
3125 1429 3193 1468 ex
3222 1429 3581 1480 mammona,
3615 1416 3674 1468 et

251 1520 608 1560 mammonae
640 1501 972 1571 cumulans,
1008 1518 1121 1556 non
1153 1516 1355 1556 recuso
1406 1500 1728 1572 quominus
1778 1500 1885 1555 hac
1935 1517 2170 1573 quoque
2219 1505 2387 1556 nocte
2435 1500 2691 1556 animam
2744 1518 3018 1573 reposcar
3036 1502 3101 1569 ⁸⁸,
3134 1501 3419 1557 rationem
3466 1517 3669 1558 eorum

251 1593 613 1658 redditurus,
642 1607 769 1662 quae
801 1589 954 1645 male
985 1589 1238 1662 aggessi.

320 1683 420 1738 ΙΘ’.
453 1680 525 1734 Οὐ
559 1680 984 1758 σωφρονήσομεν
1033 1681 1145 1752 (51)
1197 1677 1297 1751 ὀψὲ
1334 1675 1463 1754 γοῦν
1499 1695 1513 1748 ;
1549 1677 1610 1732 οὐ
1666 1673 1901 1732 καταϐα-

248 1769 450 1843 λοῦμεν
482 1771 582 1838 τήν
613 1767 963 1844 ἀναλγησίαν,
991 1765 1083 1820 ’ίνα
1108 1769 1182 1839 μὴ
1209 1765 1354 1843 λέγω
1382 1765 1741 1842 μικρολογίαν
1767 1770 1900 1841 (52);

248 1859 310 1914 οὐ
365 1861 434 1914 τὰ
498 1858 806 1933 ἀνθρώπινα
861 1856 1201 1931 λογιούμεθα
1271 1859 1386 1931 (53)
1447 1876 1461 1926 ;
1522 1856 1622 1911 οὐκ
1679 1855 1730 1910 ἐν
1788 1861 1904 1918 τοῖς

247 1949 444 2021 ἐτέρων
475 1952 664 2009 κακοῖς
713 1947 781 2000 τὰ
828 1943 1069 2022 ἡμέτερα
1119 1944 1180 2000 οὗ
1230 1945 1508 2039 θησόμεθα
1539 1964 1552 2014 ;
1587 1945 1752 2000 Φύσει
1808 1947 1900 2018 μὲν
1934 1974 1982 2039 Β

245 2038 346 2115 γὰρ
401 2034 553 2092 οὐδὲν
603 2040 714 2091 τῶν
766 2035 1121 2110 ἀνθρωπίνων
1174 2029 1431 2108 βέϐαιον,
1492 2032 1618 2090 οὐδὲ
1670 2035 1903 2108 ὁμαλὸν,

247 2124 372 2182 οὐδὲ
405 2123 684 2201 αὔταρκες,
719 2123 843 2179 οὐδὲ
889 2124 977 2178 ἐπὶ
1025 2128 1132 2178 τῶν
1185 2124 1362 2178 αὐτῶν
1408 2125 1715 2198 ἱστάμενον·
1759 2123 1906 2180 ἀλλά

246 2214 449 2279 κύκλος
505 2236 590 2277 τις
647 2218 754 2269 τῶν
813 2212 1096 2287 ἡμετέρων
1152 2215 1467 2288 περιτρέχει
1528 2213 1902 2290 πραγμάτων,

248 2303 452 2360 ἄλλοτε
483 2303 655 2366 ἄλλας
689 2301 778 2358 ἐπέ
830 2309 956 2376 μιᾶς
1004 2303 1215 2378 ἡμέρας
1267 2302 1563 2372 πολλάκις,
1597 2301 1707 2357 ἔστι
1741 2301 1786 2357 δ’
1818 2301 1908 2357 ὅτε

245 2393 338 2448 καὶ
398 2393 543 2469 ὥρας
581 2437 594 2462 ,
659 2391 834 2469 φὲρων
900 2386 1232 2464 μεταϐολάς·
1290 2391 1381 2446 καὶ
1439 2388 1628 2466 αὔραις
1694 2391 1903 2465 μᾶλλον

248 2480 360 2536 ἔστι
393 2481 664 2535 πιστεύειν
705 2480 811 2555 οὐχ
842 2478 1186 2551 ἱσταμέναις,
1242 2480 1333 2534 καὶ
1378 2481 1510 2550 νηὸς
1540 2481 1908 2556 ποντοπορού-

251 2591 348 2640 σης
379 2569 576 2645 ἴχνεσι,
608 2569 698 2624 καὶ
740 2569 932 2630 νυκτὸς
982 2567 1287 2639 ἀπατηλοῖς
1341 2567 1628 2644 ὀνείρασιν,
1663 2571 1736 2624 ὧν
1769 2570 1905 2645 πρὸς

248 2659 442 2734 ὀλίγον
474 2661 509 2728 ἡ
563 2658 749 2735 χάρις,
790 2659 879 2712 καὶ
935 2657 1032 2712 ὅσα
1081 2658 1218 2712 κατά
1269 2656 1533 2731 ψαμάθων
1561 2661 1674 2732 (54)
1717 2658 1906 2721 παῖδες

244 2753 476 2804 τυποῦσι
508 2748 814 2818 παίζοντες,
863 2748 899 2816 ἢ
950 2747 1252 2821 ἀνθρώπων
1309 2746 1592 2824 εὐημερίᾳ·
1631 2749 1904 2822 σώφρονες

248 2836 332 2908 δὲ,
367 2839 419 2892 οἱ
453 2835 541 2892 διὰ
569 2839 631 2892 τὸ
684 2839 760 2910 μὴ
811 2835 1080 2891 πιστεύειν
1131 2841 1247 2898 τοῖς
1297 2840 1554 2912 παροῦσι,
1602 2837 1666 2891 τὸ
1702 2837 1907 2910 μέλλον

250 2927 462 2988 ἑαυτοῖς
515 2925 970 3001 θησαυρίζοντες·
1023 2924 1111 2978 καὶ
1169 2922 1259 2979 διὰ
1303 2925 1366 2980 τὸ
1413 2932 1514 2994 τῆς
1567 2927 1906 2999 ἀνθρωπίνης

253 3012 551 3087 εὐπραγίας
582 3015 811 3068 ἄστατον
859 3013 948 3067 καὶ
1002 3012 1320 3086 ἀνώμαλον,
1364 3013 1464 3082 τὴν
1516 3013 1576 3068 οὐ
1610 3014 1907 3068 πίπτουσαν

252 3102 569 3178 ἀγαπῶντες
616 3103 990 3178 χρηστότητα,
1038 3100 1129 3156 τίνα
1183 3105 1350 3175 τριῶν
1396 3098 1450 3156 ἓν
1504 3104 1566 3177 γὲ
1593 3125 1646 3158 τι
1690 3102 1906 3166 πάντως

247 3189 595 3268 κερδάνωσιν·
631 3193 665 3260 ἢ
717 3192 781 3246 τὸ
833 3194 906 3265 μή
966 3211 1098 3246 ποτε
1148 3191 1346 3268 πρᾶξαι
1400 3196 1600 3264 κακῶς,
1653 3191 1768 3247 ἐπεὶ
1818 3193 1906 3248 καὶ

246 3286 364 3343 τοῖς
419 3283 536 3354 (55)
589 3279 826 3343 ἐντεῦθεν
882 3287 1148 3356 χρηστοῖς
1199 3278 1473 3343 πολλάκις
1529 3278 1794 3351 δεξιοῦται
1843 3281 1905 3336 τὸ

2083 1679 2219 1735 XlX.
2262 1681 2388 1736 Non
2437 1682 2673 1737 tandem
2707 1681 3025 1753 aliquando
3058 1680 3472 1753 resipiscemus
3495 1684 3518 1736 Ρ
3545 1679 3670 1736 Non

2017 1775 2317 1841 stuporem
2351 1775 2526 1841 atque
2555 1770 2958 1837 indolentiam,
2992 1787 3066 1826 ne
3105 1771 3293 1826 dicam
3328 1771 3483 1826 270
3513 1775 3674 1826 tena-

2015 1859 2274 1928 citatem,
2309 1859 2660 1930 abjiciemus
2677 1858 2705 1913 ‘I
2725 1859 2849 1914 Non
2875 1875 2968 1916 res
2989 1860 3280 1916 humanas
3301 1875 3437 1916 cum
3461 1859 3675 1915 animis

2015 1948 2236 2003 nostris
2257 1949 2797 2004 considerabimus?
2811 1949 2933 2004 Non
2959 1949 3017 2004 in
3041 1949 3287 2004 aliorum
3314 1948 3485 2004 malis
3503 1949 3676 2005 rebus

2017 2037 2231 2092 nostris
2254 2037 2882 2093 consulemusPNatura
2900 2039 3118 2110 quippe
3140 2038 3284 2094 nihil
3309 2044 3397 2094 est
3417 2038 3476 2093 in
3500 2037 3676 2094 rebus

2017 2126 2294 2181 humanis
2327 2127 2561 2181 ﬁrmum
2593 2132 2650 2182 et
2680 2127 3136 2198 aequabilemihil
3171 2127 3494 2193 sufﬁciens,
3524 2126 3672 2182 nihil

2016 2214 2075 2268 in
2109 2214 2314 2269 eodem
2348 2219 2504 2269 statu
2537 2220 2874 2271 constanter
2918 2231 3308 2287 permanens;
3341 2232 3544 2271 verum
3578 2233 3672 2270 res

2021 2308 2249 2369 nostrae,
2284 2303 2444 2359 velut
2490 2305 2649 2359 orbis
2703 2305 2966 2376 quidam,
3016 2305 3352 2372 volvuntur,
3385 2305 3532 2361 alias
3564 2304 3676 2360 alio

2019 2399 2460 2466 tempore,sa3pe
2480 2395 2657 2450 etiam
2683 2413 2796 2450 uno
2819 2397 3142 2466 eodemque
3164 2395 3276 2465 die,
3299 2399 3474 2466 atque
3499 2395 3676 2450 etiam

2021 2483 2316 2537 interdum
2351 2483 2552 2537 eadem
2602 2483 2764 2548 hora,
2799 2484 3156 2540 mutationes
3206 2485 3458 2539 ferentes
3487 2501 3501 2540 :
3535 2484 3678 2538 adeo

2018 2576 2083 2626 ut
2105 2570 2477 2627 instabilibus
2503 2572 2710 2639 ventis,
2746 2589 2811 2627 ac
2834 2573 2996 2629 navis
3019 2589 3121 2643 per
3142 2589 3304 2628 mare
3325 2573 3435 2628 iter
3464 2572 3680 2627 facien-

2018 2659 2096 2715 tis
2121 2659 2402 2732 vestigiis.
2436 2665 2494 2715 ct
2523 2659 2830 2714 fallacibus
2861 2661 3050 2716 noctis
3082 2660 3414 2729 insomniis,
3446 2659 3679 2715 brevem

2017 2747 2376 2819 voluptatem
2409 2747 2811 2818 efferentibus,
2845 2748 3034 2820 iisque
3076 2748 3302 2819 ﬁguris,
3338 2764 3485 2818 quas
3516 2748 3683 2820 pueri

2020 2853 2122 2909 per
2144 2835 2348 2890 ludum
2377 2836 2433 2890 in
2461 2853 2635 2891 arena
2657 2837 2910 2907 ﬁngunt,
2941 2837 3086 2893 ﬁdes
3107 2837 3300 2908 potius
3320 2836 3520 2892 haberi
3555 2853 3684 2908 pos-

2019 2926 2301 2998 sit,quam
2327 2925 2636 2980 hominum
2662 2926 3458 2998 prosperitati.Sapientiores
3481 2931 3682 2981 autem

2020 3015 2271 3070 habendi
2326 3021 2466 3069 sunt
2512 3014 2572 3085 ii,
2626 3016 2750 3086 qui,
2812 3032 2944 3070 cum
3001 3016 3390 3088 praesentibus
3442 3015 3684 3072 minime

2019 3105 2223 3174 ﬁdant,
2260 3105 2458 3159 futura
2503 3104 2612 3158 sibi
2645 3109 3026 3173 coacervant;
3061 3109 3238 3176 atque
3287 3105 3359 3160 ob
3409 3105 3681 3160 humanae

2019 3193 2423 3265 prosperitatis
2445 3192 2919 3249 incertitudinem
2946 3197 3002 3248 et
3021 3193 3565 3265 inzequabilitatem,
3582 3193 3678 3248 be-

2020 3282 2328 3354 nignitatis
2359 3299 2664 3353 nunquam
2684 3282 3026 3354 collapsuras
3048 3284 3314 3338 studium
3347 3282 3684 3355 amplexan-

248 3372 391 3426 θεῖον
425 3370 552 3432 τοὺς
587 3364 846 3438 εὐσεϐεῖς,
897 3369 1234 3445 χρηστότητι
1282 3371 1346 3424 τὸ
1394 3371 1670 3443 συμπαθὲς
1701 3391 1906 3445 προκα-

2019 3378 2079 3426 tu
2093 3376 2210 3436 r,ut
2236 3388 2299 3426 ex
2326 3373 2516 3427 tribus
2538 3372 2631 3426 his
2656 3373 2982 3427 commodis
3005 3390 3188 3426 unum
3207 3373 3415 3428 saltem
3439 3372 3680 3427 omnino

252 3457 541 3532 λούμενον·
605 3459 640 3528 ἢ
699 3458 762 3513 τὸ
814 3458 1118 3535 παρῥησίαν
1181 3456 1329 3534 ἔχειν
1392 3458 1443 3513 ἰν
1506 3459 1716 3522 ἑαυτοῖς
1771 3459 1907 3535 πρὸς

249 3547 404 3620 Θεδν,
457 3549 533 3610 ὡς
573 3547 635 3602 οὐ
685 3545 774 3602 διὰ
819 3547 1026 3620 κακίαν,
1076 3546 1223 3602 ἀλλὰ
1270 3546 1358 3602 διά
1385 3569 1504 3602 τινα
1697 3548 1905 3603 οἰκονο-

257 3637 382 3710 μίαν
415 3638 906 3711 κακοπαθήσαντες’
957 3638 1017 3705 ἢ,
1066 3637 1128 3691 τὸ
1175 3634 1510 3705 τελευταῖον,
1561 3637 1635 3700 ὡς
1682 3637 1909 3714 ὀφειλο-

256 3726 421 3799 μένην
453 3725 696 3781 ἀπαιτεῖν
724 3726 824 3794 τήν
874 3725 1021 3801 παρὰ
1066 3729 1174 3780 τῶν
1223 3723 1280 3780 εὖ
1319 3724 1666 3801 πραττόντων
1718 3724 1905 3804 φιλαν-

244 3813 513 3889 θρωπίαν,
569 3816 630 3883 ἣν
688 3818 804 3876 τοῖς
855 3813 1127 3891 χρῄζουσι
1179 3816 1609 3890 προεισήνεγκαν
1641 3859 1654 3884 ,
1718 3812 1906 3885 δεξιῶς

244 3902 402 3959 αὐτοὶ
431 3905 785 3981 πράττοντες.

2020 3461 2464 3532 adipiscantur;
2501 3462 2805 3532 nimirum,
2838 3460 2927 3516 vel
2976 3466 3041 3518 ut
3071 3479 3374 3533 nunquam
3415 3462 3473 3516 in
3524 3461 3682 3516 mala

2019 3551 2302 3615 incidant,
2354 3551 2832 3621 quandoquidem
2883 3567 3034 3620 saepe
3064 3550 3218 3605 Deus
3257 3550 3504 3620 hujusce
3548 3551 3680 3604 vitae

2020 3639 2189 3693 bonis
2207 3639 2360 3693 viros
2384 3640 2509 3710 pios
2533 3638 3209 3706 cumulat,beneﬁcentia
3231 3638 3678 3694 beneficentiam

2022 3745 2377 3798 provocans;
2409 3727 2494 3781 vel
2526 3727 2803 3782 ﬁduciam
2835 3728 2893 3780 in
2924 3726 3135 3798 seipsis
3167 3727 3320 3798 apud
3352 3727 3538 3782 Deum
3570 3727 3682 3783 ha-

2019 3818 2215 3885 beant,
2249 3823 2312 3872 ut
2343 3817 2442 3886 qui
2479 3833 2589 3870 non
2626 3821 2866 3887 propter
2894 3817 3087 3871 scelus
3118 3833 3184 3871 ac
3229 3817 3542 3889 ﬂagitium,
3577 3817 3678 3872 sed

2021 3910 2261 3978 propter
2307 3906 2802 3976 dispensationem
2856 3907 3173 3976 quamdam
3231 3905 3289 3960 in
3350 3903 3680 3961 calamitate

248 3998 591 4062 versentur;
623 3994 712 4050 vel
744 3993 998 4065 denique
1027 3993 1462 4050 humanitatem
1493 4011 1617 4050 eam
1649 3998 1706 4049 et
1734 3994 2204 4062 beneﬁcentiam,
2238 4011 2437 4066 quam,
2463 3995 2604 4048 dum
2639 3993 2916 4050 secundis
2945 3995 3124 4050 rebus
3153 3998 3478 4064 uterentur,
3511 4009 3679 4067 egen-

246 4083 415 4139 tibus
448 4083 614 4155 prius
646 4082 1045 4151 contulerunt,
1081 4082 1153 4138 ab
1183 4081 1278 4152 iis,
1308 4083 1525 4154 quibus
1557 4100 1648 4140 res
1679 4100 1954 4155 prospere
1985 4083 2197 4153 ﬂuunt,
2231 4100 2339 4137 suo
2371 4084 2624 4154 quodam
2651 4085 2784 4154 jure
2816 4087 3145 4154 reposcant.

320 4171 392 4227 K'.
452 4172 544 4239 Μὴ
606 4169 924 4245 καυχάσθω,
988 4168 1171 4246 φησὶν,
1233 4171 1261 4224 6
1315 4170 1482 4249 σοφὸς
1529 4170 1581 4224 ἐν
1630 4175 1700 4244 τῇ
1745 4169 1907 4248 σοφίᾳ

241 4259 433 4330 αὐτοῦ,
499 4255 642 4334 μηδέ
700 4259 728 4314 6
800 4257 1069 4322 πλούσιος
1143 4257 1195 4314 ἒν
1249 4263 1329 4332 τῷ
1401 4258 1630 4332 πλούτῳ
1691 4260 1901 4332 αὐτοῦ,

247 4346 393 4422 μηδὲ
450 4350 478 4404 6
540 4345 760 4410 δυνατὸς
818 4347 869 4403 ἐν
924 4352 994 4422 τῇ
1059 4348 1212 4424 ἰσχύϊ
1272 4348 1476 4404 αὐτοῦ’
1543 4348 1638 4404 κᾶν
1710 4349 1786 4412 εἷς
1840 4351 1903 4405 τὸ

2089 4176 2212 4226 ΧΧ.
2249 4175 2322 4228 Ne
2349 4172 2618 4243 glorietur
2663 4173 2906 4241 sapiens,
2937 4172 3127 4243 inquit
3156 4171 3277 4234 ille,
3309 4173 3371 4226 in
3399 4173 3676 4244 sapientia

2020 4278 2142 4331 sua,
2177 4278 2274 4317 nec
2301 4262 2449 4316 dives
2487 4263 2549 4316 in
2597 4262 2790 4333 Opibus
2833 4262 2972 4328 suis,
3005 4277 3107 4316 nec
3151 4261 3312 4333 fortis
3364 4263 3423 4316 in
3467 4262 3678 4317 viribus

2011 4367 2128 4406 suzs
2154 4352 2199 4386 ⁸ο
2225 4377 2238 4416 ;
2267 4351 2496 4407 etiamsi
2530 4351 2599 4406 ad
2636 4367 2936 4407 summum
2970 4350 3233 4422 quidem,
3259 4349 3411 4405 alius
3444 4350 3676 4422 sapien-

242 4439 409 4512 ἄκρον
442 4439 569 4493 ὦσιν
621 4436 976 4511 ἐληλακότες,
1024 4439 1052 4492 6
1104 4439 1199 4511 μὶν
1249 4438 1462 4517 σοφίας,
1514 4439 1543 4494 ὁ
1577 4437 1634 4494 δὲ
1678 4460 1896 4514 περιου-

2019 4443 2124 4508 tiae,
2156 4441 2306 4497 alius
2332 4441 2691 4507 divitiarum,
2727 4440 2878 4495 alius
2910 4441 3179 4512 potentiae
3206 4440 3506 4512 fastigium
3541 4455 3672 4511 per-

243 4525 388 4598 σίας,
421 4528 448 4582 ὁ
499 4525 556 4582 δὶ
606 4524 911 4599 δυνάμεως.
963 4527 1106 4601 Ἐγὼ
1151 4523 1208 4581 δὲ
1257 4528 1553 4602 προσθήσω
1597 4528 1686 4582 καὶ
1716 4527 1750 4581 ἃ
1777 4528 1902 4582 τού-

239 4637 360 4678 τοις
389 4613 593 4672 ἓπεται·
628 4614 782 4686 Μηδὲ
835 4616 864 4669 ὁ
911 4610 1278 4688 περίϐλεπτος
1323 4615 1372 4670 ἐν
1406 4616 1475 4690 τῇ
1516 4614 1663 4690 δόξῃ,
1699 4615 1842 4690 μηδὲ
1873 4617 1901 4672 6

239 4703 472 4761 εὐεκτῶν
507 4704 558 4761 ἐν
586 4708 655 4779 τῇ
709 4703 887 4780 ὑγιείᾳ
933 4706 1069 4778 (57),
1125 4701 1267 4777 μηδὲ
1298 4705 1326 4758 6
1357 4702 1528 4766 καλὸς
1579 4703 1629 4760 ἐν
1663 4709 1732 4779 τῇ
1764 4704 1899 4782 ὥρᾳ,

241 4792 388 4870 μηδὲ
418 4795 445 4848 ὁ
475 4793 593 4858 νὲος
626 4794 678 4850 ἐν
709 4798 779 4870 τῇ
827 4794 1062 4865 νεότητι,
1101 4790 1252 4866 μηδὲ
1295 4791 1347 4848 ἐν
1381 4791 1538 4849 ἄλλω
1573 4791 1763 4866 μηδενὶ
1793 4799 1899 4848 τῶν

234 4884 465 4942 ἐνταῦθα
510 4883 911 4958 ἐπαινουμένων
944 4928 958 4954 ,
1009 4883 1055 4938 εἰ
1106 4880 1188 4938 δεῖ
1244 4880 1533 4939 συνελόντα
1572 4882 1766 4938 εἷπεῖνὶ
1802 4927 1816 4954 ,
1873 4885 1902 4937 6

236 4973 346 5030 ὑπὸ
374 4971 570 5028 τούτου
621 4974 941 5048 φυσώμενος
1179 4971 1310 5030 ἀλλ’
1356 4973 1391 5042 ἢ
1443 4972 1494 5028 ἐν
1543 4973 1724 5046 τούτῳ
1773 4993 1903 5028 καυ-

312 5102 356 5136 "
387 5101 519 5158 Job.
555 5119 714 5172 xxxx,
744 5103 832 5158 40.
909 5102 954 5137 ⁸⁸
984 5101 1123 5158 Luc.
1153 5118 1256 5158 xu.
1286 5102 1375 5160 20.
1455 5102 1502 5137 ⁸ο
1529 5103 1739 5159 Jerem.
1772 5121 1851 5171 1x,
1880 5103 1972 5159 23.

460 5232 713 5312 fgiyozev.
747 5241 870 5312 Duo
901 5236 1080 5312 Regg.
1114 5239 1171 5291 et
1194 5235 1297 5312 ρι’.
1328 5237 1386 5305 2,
1418 5235 1707 5312 φάγοισαν.

335 5303 424 5380 49)
452 5303 589 5362 Τῶν,
615 5312 686 5380 ΑΙΠ
717 5303 1095 5380 quibusdam,
1127 5303 1246 5362 τοῦ.

455 5378 679 5452 Ψυχήν.
711 5378 806 5436 0r.
834 5381 869 5434 2
894 5380 1079 5444 addit,
1117 5399 1242 5451 μου.

337 5450 423 5526 ἓέ)
459 5449 919 5526 Σωνρενήεομενε
955 5453 1092 5524 Res-
1119 5449 1251 5520 'bm.
1284 5449 1747 5526 σωφρονήσωμενε

313 5519 854 5647 (ῗ2ἓϐΜικρολογίαν.
889 5525 984 5580 Or.
1013 5519 1071 5592 2,
1105 5519 1499 5599 μικροψυχίαν,
1535 5546 1562 5573 (ς
1598 5519 1905 5595 pusillam-

313 5610 326 5647 ι
362 5609 396 5647 a
459 5609 536 5647 m.
570 5617 598 5644 ››

235 5608 536 5653 mitatem.
570 5617 598 5644 ››

457 5663 835 5741 Λογιούμεθαἒ
858 5666 1044 5741 Coisl.
1070 5668 1120 5741 ί,
1154 5664 1530 5741 λογισώμεθα.

337 5737 431 5810 54)
461 5735 768 5810 Ψαμάθων.
803 5738 898 5794 Or.
929 5741 984 5810 2,
1023 5735 1278 5810 ψάμμον.

335 5807 429 5877 55)
460 5807 610 5863 Ἐπεὶ
659 5807 748 5864 καὶ
796 5813 937 5881 τοῖς,
967 5807 1114 5868 ὀἱοί
1152 5807 1407 5868 Billius:
1463 5829 1488 5862 c
1536 5809 1910 5882 Quandoqui-

312 5311 330 5521 ἓ

2010 4529 2296 4585 venerint.
2329 4535 2444 4600 Ego
2485 4546 2616 4584 vero
2648 4547 2734 4592 ea,
2770 4547 2896 4599 quae
2942 4529 3035 4584 his
3085 4533 3484 4585 consentanea
3514 4532 3677 4596 sunt,

2012 4619 2283 4688 adjiciam
2312 4636 2326 4672 :
2351 4618 2465 4671 Nec
2495 4619 2690 4673 clarus
2721 4623 2776 4673 et
2798 4617 3063 4684 celebris,
3093 4618 3151 4672 in
3185 4616 3372 4689 gloria
3400 4633 3414 4684 ;
3439 4633 3545 4672 nec
3575 4619 3674 4688 qui

2012 4705 2291 4761 incolumi
2314 4705 2645 4760 valetudine
2666 4705 2968 4778 gaudet,in
2995 4704 3266 4771 sanitate;
3285 4721 3388 4759 nec
3412 4705 3674 4775 pulcher,

2013 4795 2068 4849 in
2109 4798 2305 4850 formae
2339 4795 2717 4866 przvstantia;
2749 4791 3453 4864 necjuvenis,injuvcnili
3476 4797 3671 4862 aetate;

2014 4901 2142 4952 nec,
2176 4890 2239 4938 ut
2270 4901 2391 4940 rem
2443 4901 2558 4939 uno
2592 4885 2764 4939 verbo
2813 4881 3188 4954 complectar,
3221 4881 3281 4936 in
3318 4879 3437 4936 ulla
3466 4879 3584 4937 alia
3614 4897 3675 4937 re

2015 4994 2084 5033 ex
2117 4977 2210 5044 iis,
2237 4995 2364 5047 quae
2409 4978 2561 5048 apud
2592 4975 2873 5032 mortales
2925 4974 3084 5031 laudi
3133 4974 3450 5040 ducuntur,
3484 4970 3674 5028 elatus

2017 5239 2150 5294 dem
2182 5237 2457 5292 secundis
2485 5254 2714 5308 quoque
2747 5238 2922 5308 hujus
2952 5234 3082 5308 vitae
3108 5233 3285 5308 rebus
3313 5232 3468 5308 Deus
3487 5233 3680 5308 homi-

2017 5325 2122 5366 nes
2156 5310 2369 5382 pietate
2401 5305 2674 5381 przeditos
2704 5305 2858 5380 saepe
2888 5305 3388 5378 complectitur,ut
3419 5305 3682 5379 benigni-

2017 5386 2136 5438 tate
2167 5399 2274 5438 sua
2304 5399 2402 5438 eos
2435 5382 2506 5437 ad
2539 5380 2930 5437 sublevandas
2952 5379 3202 5435 aliorum
3235 5377 3502 5435 miserias
3532 5377 3680 5434 invi-

2015 5457 2198 5594 tetiiigl
2235 5524 2332 5578 Διά
2357 5544 2493 5578 τινα.
2529 5523 2701 5579 Deest
2729 5517 2817 5576 διά
2848 5523 2904 5576 in
2939 5521 3128 5578 tribus
3157 5521 3338 5594 3988'

2092 5592 2198 5666 (57)
2228 5595 2445 5671 Ὑγιείᾳ.
2482 5595 2815 5722 Reggi‘bm,
2846 5600 2903 5650 et
2930 5594 3026 5679 ΟΡ.
3058 5596 3113 5662 2,
3148 5592 3322 5678 ὐχείᾷ.
3393 5666 3406 5676 .

2093 5671 2204 5722 (:38)
2235 5668 2582 5722 Φυσώυιενος.
2666 5667 2825 5721 ιΗιυε
2861 5684 2873 5722 :
2909 5689 2935 5716 ‹‹
2970 5684 3041 5722 ιε.
3073 5683 3173 5722 σοι
3204 5683 3264 5722 1n
3295 5683 3362 5722 ea
3392 5682 3406 5720 1

2093 5671 2204 5740 (:38)
2235 5667 2582 5740 Φύσώμενος.
2618 5667 2825 5722 Billius
2861 5684 2873 5722 :
2909 5689 2935 5716 ‹‹
2970 5667 3041 5736 is,
3073 5667 3173 5739 qui
3204 5667 3264 5722 in
3295 5683 3362 5723 ea
3392 5667 3678 5721 intumes-

2019 5740 2116 5795 cit.
2154 5764 2179 5789 ››
