  <div class='ocr_page' id='page_1' title='image "/cluster/home/n/w/nwhite01/storage/ocr_20150623/35:no.1/coo.31924054869320/448.png"; bbox 0 0 4070 6400; ppageno 0'>
   <div class='ocr_carea' id='block_1_1' title="bbox 279 415 396 476">
    <p class='ocr_par' dir='ltr' id='par_1_1' title="bbox 279 415 396 476">
     <span class='ocr_line' id='line_1_1' title="bbox 279 415 396 476; baseline 0 0"><span class='ocrx_word' id='word_1_1' title='bbox 279 415 396 476; x_wconf 81' lang='lat'><strong>885</strong></span> 
     </span>
    </p>
   </div>
   <div class='ocr_carea' id='block_1_2' title="bbox 1204 409 2775 473">
    <p class='ocr_par' dir='ltr' id='par_1_2' title="bbox 1204 409 2775 473">
     <span class='ocr_line' id='line_1_2' title="bbox 1204 409 2775 473; baseline -0.001 -1"><span class='ocrx_word' id='word_1_2' title='bbox 1204 411 1498 473; x_wconf 78' lang='lat' dir='ltr'><strong>ORATIO</strong></span> <span class='ocrx_word' id='word_1_3' title='bbox 1543 411 1701 472; x_wconf 84' lang='lat' dir='ltr'><strong>XIV.</strong></span> <span class='ocrx_word' id='word_1_4' title='bbox 1737 445 1813 454; x_wconf 97' lang='lat'><strong>—</strong></span> <span class='ocrx_word' id='word_1_5' title='bbox 1844 411 1945 471; x_wconf 80' lang='lat' dir='ltr'><strong>DE</strong></span> <span class='ocrx_word' id='word_1_6' title='bbox 1991 411 2422 472; x_wconf 78' lang='lat' dir='ltr'><strong>PAUPEHUM</strong></span> <span class='ocrx_word' id='word_1_7' title='bbox 2475 409 2775 472; x_wconf 80' lang='lat' dir='ltr'><strong>AMORE.</strong></span> 
     </span>
    </p>
   </div>
   <div class='ocr_carea' id='block_1_3' title="bbox 3579 409 3698 472">
    <p class='ocr_par' dir='ltr' id='par_1_3' title="bbox 3579 409 3698 472">
     <span class='ocr_line' id='line_1_3' title="bbox 3579 409 3698 472; baseline 0.017 -2"><span class='ocrx_word' id='word_1_8' title='bbox 3579 409 3698 472; x_wconf 86' lang='lat'><strong>886</strong></span> 
     </span>
    </p>
   </div>
   <div class='ocr_carea' id='block_1_4' title="bbox 280 537 1961 622">
    <p class='ocr_par' dir='ltr' id='par_1_4' title="bbox 280 537 1928 622">
     <span class='ocr_line' id='line_1_4' title="bbox 280 537 1928 622; baseline -0.004 -22"><span class='ocrx_word' id='word_1_9' title='bbox 280 545 399 622; x_wconf 80' lang='grc' dir='ltr'>ὅρις</span> <span class='ocrx_word' id='word_1_10' title='bbox 429 544 517 599; x_wconf 66' lang='grc' dir='ltr'>ἐπὶ</span> <span class='ocrx_word' id='word_1_11' title='bbox 552 540 703 614; x_wconf 79' lang='grc' dir='ltr'>ὀδοῦ,</span> <span class='ocrx_word' id='word_1_12' title='bbox 735 539 861 597; x_wconf 76' lang='grc' dir='ltr'>οὐδὲ</span> <span class='ocrx_word' id='word_1_13' title='bbox 904 543 1017 614; x_wconf 87' lang='grc'>(68)</span> <span class='ocrx_word' id='word_1_14' title='bbox 1063 544 1246 614; x_wconf 81' lang='grc' dir='ltr'>τηρῶν</span> <span class='ocrx_word' id='word_1_15' title='bbox 1284 541 1535 614; x_wconf 69' lang='grc' dir='ltr'>πτέρναν,</span> <span class='ocrx_word' id='word_1_16' title='bbox 1567 540 1655 594; x_wconf 73' lang='grc' dir='ltr'>καὶ</span> <span class='ocrx_word' id='word_1_17' title='bbox 1685 537 1928 617; x_wconf 74' lang='grc' dir='ltr'>κεφαλὴν</span> 
     </span>
    </p>
   </div>
   <div class='ocr_carea' id='block_1_5' title="bbox 2060 537 3697 622">
    <p class='ocr_par' dir='ltr' id='par_1_5' title="bbox 2060 539 3697 612">
     <span class='ocr_line' id='line_1_5' title="bbox 2060 539 3697 612; baseline 0.001 -17"><span class='ocrx_word' id='word_1_18' title='bbox 2060 541 2217 611; x_wconf 67' lang='lat' dir='ltr'><strong>ﬁxus,</strong></span> <span class='ocrx_word' id='word_1_19' title='bbox 2251 557 2382 595; x_wconf 90' lang='lat' dir='ltr'><strong>cum</strong></span> <span class='ocrx_word' id='word_1_20' title='bbox 2416 539 2648 596; x_wconf 87' lang='lat' dir='ltr'><strong>Christo</strong></span> <span class='ocrx_word' id='word_1_21' title='bbox 2687 539 2961 612; x_wconf 75' lang='lat' dir='ltr'><strong>resurgit,</strong></span> <span class='ocrx_word' id='word_1_22' title='bbox 2995 544 3212 596; x_wconf 90' lang='lat' dir='ltr'><strong>etcum</strong></span> <span class='ocrx_word' id='word_1_23' title='bbox 3258 541 3490 598; x_wconf 76' lang='lat' dir='ltr'><strong>Christo</strong></span> <span class='ocrx_word' id='word_1_24' title='bbox 3520 540 3697 598; x_wconf 80' lang='lat' dir='ltr'><strong>simul</strong></span> 
     </span>
    </p>
   </div>
   <div class='ocr_carea' id='block_1_6' title="bbox 277 627 1931 710">
    <p class='ocr_par' dir='ltr' id='par_1_6' title="bbox 277 627 1931 710">
     <span class='ocr_line' id='line_1_6' title="bbox 277 627 1931 710; baseline -0.005 -20"><span class='ocrx_word' id='word_1_25' title='bbox 277 633 640 710; x_wconf 79' lang='grc' dir='ltr'>τηρούμενος.</span> <span class='ocrx_word' id='word_1_26' title='bbox 682 636 807 693; x_wconf 81' lang='grc' dir='ltr'>Τοῖς</span> <span class='ocrx_word' id='word_1_27' title='bbox 858 629 914 686; x_wconf 66' lang='grc' dir='ltr'><strong>δὲ</strong></span> <span class='ocrx_word' id='word_1_28' title='bbox 963 628 1180 691; x_wconf 84' lang='grc' dir='ltr'>λοιποῖς</span> <span class='ocrx_word' id='word_1_29' title='bbox 1211 631 1345 701; x_wconf 76' lang='grc' dir='ltr'>ἡμῖν</span> <span class='ocrx_word' id='word_1_30' title='bbox 1376 627 1560 690; x_wconf 80' lang='grc' dir='ltr'>καλῶς</span> <span class='ocrx_word' id='word_1_31' title='bbox 1594 631 1620 682; x_wconf 87' lang='grc' dir='ltr'>ὁ</span> <span class='ocrx_word' id='word_1_32' title='bbox 1652 629 1808 690; x_wconf 69' lang='grc' dir='ltr'>αὑτὸς</span> <span class='ocrx_word' id='word_1_33' title='bbox 1839 629 1931 701; x_wconf 82' lang='grc' dir='ltr'><strong>ἐμ-</strong></span> 
     </span>
    </p>
   </div>
   <div class='ocr_carea' id='block_1_7' title="bbox 279 717 1930 794">
    <p class='ocr_par' dir='ltr' id='par_1_7' title="bbox 279 717 1930 794">
     <span class='ocr_line' id='line_1_7' title="bbox 279 717 1930 794; baseline -0.004 -16"><span class='ocrx_word' id='word_1_34' title='bbox 279 719 384 794; x_wconf 74' lang='grc' dir='ltr'>ϐοᾷ</span> <span class='ocrx_word' id='word_1_35' title='bbox 434 718 620 793; x_wconf 75' lang='grc' dir='ltr'>Δαϐὶδ,</span> <span class='ocrx_word' id='word_1_36' title='bbox 669 720 850 794; x_wconf 81' lang='grc' dir='ltr'>ὥσπερ</span> <span class='ocrx_word' id='word_1_37' title='bbox 901 741 981 780; x_wconf 91' lang='grc' dir='ltr'><strong>τις</strong></span> <span class='ocrx_word' id='word_1_38' title='bbox 1038 718 1556 793; x_wconf 76' lang='grc' dir='ltr'>μεγαλοφωνότατος</span> <span class='ocrx_word' id='word_1_39' title='bbox 1608 718 1777 792; x_wconf 75' lang='grc' dir='ltr'>κῆρυξ</span> <span class='ocrx_word' id='word_1_40' title='bbox 1825 717 1930 771; x_wconf 80' lang='grc' dir='ltr'>ἀπὸ</span> 
     </span>
    </p>
   </div>
   <div class='ocr_carea' id='block_1_8' title="bbox 281 804 1932 885">
    <p class='ocr_par' dir='ltr' id='par_1_8' title="bbox 281 804 1932 885">
     <span class='ocr_line' id='line_1_8' title="bbox 281 804 1932 885; baseline -0.004 -18"><span class='ocrx_word' id='word_1_41' title='bbox 281 811 497 885; x_wconf 73' lang='grc' dir='ltr'>ὑψηλοῦ</span> <span class='ocrx_word' id='word_1_42' title='bbox 546 811 634 864; x_wconf 79' lang='grc' dir='ltr'><strong>καὶ</strong></span> <span class='ocrx_word' id='word_1_43' title='bbox 674 807 961 881; x_wconf 75' lang='grc' dir='ltr'><strong>πανδήμου</strong></span> <span class='ocrx_word' id='word_1_44' title='bbox 1013 807 1390 883; x_wconf 63' lang='grc' dir='ltr'>κηρύγματος,</span> <span class='ocrx_word' id='word_1_45' title='bbox 1445 804 1836 882; x_wconf 84' lang='grc' dir='ltr'>βαρυκαρδίους</span> <span class='ocrx_word' id='word_1_46' title='bbox 1876 828 1932 861; x_wconf 92' lang='grc' dir='ltr'><strong>τε</strong></span> 
     </span>
    </p>
   </div>
   <div class='ocr_carea' id='block_1_9' title="bbox 278 894 1932 974">
    <p class='ocr_par' dir='ltr' id='par_1_9' title="bbox 278 894 1932 974">
     <span class='ocr_line' id='line_1_9' title="bbox 278 894 1932 974; baseline -0.004 -18"><span class='ocrx_word' id='word_1_47' title='bbox 278 899 606 968; x_wconf 81' lang='grc' dir='ltr'><strong>ἀποκαλῶν,</strong></span> <span class='ocrx_word' id='word_1_48' title='bbox 652 899 742 953; x_wconf 78' lang='grc' dir='ltr'><strong>καὶ</strong></span> <span class='ocrx_word' id='word_1_49' title='bbox 792 899 1112 974; x_wconf 83' lang='grc' dir='ltr'>ἀγαπῶντας</span> <span class='ocrx_word' id='word_1_50' title='bbox 1162 894 1377 970; x_wconf 78' lang='grc' dir='ltr'>ψεῦδος,</span> <span class='ocrx_word' id='word_1_51' title='bbox 1427 898 1501 969; x_wconf 82' lang='grc' dir='ltr'>μὴ</span> <span class='ocrx_word' id='word_1_52' title='bbox 1553 894 1759 974; x_wconf 79' lang='grc' dir='ltr'>σφόδρα</span> <span class='ocrx_word' id='word_1_53' title='bbox 1783 917 1932 972; x_wconf 87' lang='grc' dir='ltr'>περι-</span> 
     </span>
    </p>
   </div>
   <div class='ocr_carea' id='block_1_10' title="bbox 279 983 1929 1064">
    <p class='ocr_par' dir='ltr' id='par_1_10' title="bbox 279 983 1929 1064">
     <span class='ocr_line' id='line_1_10' title="bbox 279 983 1929 1064; baseline -0.004 -20"><span class='ocrx_word' id='word_1_54' title='bbox 279 989 500 1064; x_wconf 77' lang='grc' dir='ltr'>έχεσθαι</span> <span class='ocrx_word' id='word_1_55' title='bbox 532 994 638 1042; x_wconf 90' lang='grc' dir='ltr'><strong>τῶν</strong></span> <span class='ocrx_word' id='word_1_56' title='bbox 673 986 991 1062; x_wconf 69' lang='grc' dir='ltr'>ὁρωμένων,</span> <span class='ocrx_word' id='word_1_57' title='bbox 1030 983 1171 1057; x_wconf 72' lang='grc' dir='ltr'>μηδὲ</span> <span class='ocrx_word' id='word_1_58' title='bbox 1202 983 1342 1039; x_wconf 77' lang='grc' dir='ltr'>ἄλλο</span> <span class='ocrx_word' id='word_1_59' title='bbox 1373 1007 1424 1040; x_wconf 87' lang='grc' dir='ltr'><strong>τι</strong></span> <span class='ocrx_word' id='word_1_60' title='bbox 1452 986 1488 1054; x_wconf 72' lang='grc' dir='ltr'><strong>ἢ</strong></span> <span class='ocrx_word' id='word_1_61' title='bbox 1519 984 1680 1060; x_wconf 88' lang='grc' dir='ltr'>κόρον</span> <span class='ocrx_word' id='word_1_62' title='bbox 1716 987 1829 1057; x_wconf 81' lang='lat'>(69)</span> <span class='ocrx_word' id='word_1_63' title='bbox 1852 986 1929 1037; x_wconf 87' lang='grc' dir='ltr'>σί-</span> 
     </span>
    </p>
   </div>
   <div class='ocr_carea' id='block_1_11' title="bbox 277 1073 1933 1152">
    <p class='ocr_par' dir='ltr' id='par_1_11' title="bbox 277 1073 1933 1152">
     <span class='ocr_line' id='line_1_11' title="bbox 277 1073 1933 1152; baseline -0.004 -21"><span class='ocrx_word' id='word_1_64' title='bbox 277 1099 374 1132; x_wconf 85' lang='grc' dir='ltr'><strong>του</strong></span> <span class='ocrx_word' id='word_1_65' title='bbox 405 1078 493 1132; x_wconf 81' lang='grc' dir='ltr'><strong>καὶ</strong></span> <span class='ocrx_word' id='word_1_66' title='bbox 526 1074 675 1131; x_wconf 44' lang='grc' dir='ltr'>οἷίνου</span> <span class='ocrx_word' id='word_1_67' title='bbox 726 1080 834 1131; x_wconf 91' lang='grc' dir='ltr'><strong>τῶν</strong></span> <span class='ocrx_word' id='word_1_68' title='bbox 888 1077 1283 1152; x_wconf 72' lang='grc' dir='ltr'><strong>φθειρομένων,</strong></span> <span class='ocrx_word' id='word_1_69' title='bbox 1334 1080 1503 1128; x_wconf 77' lang='grc' dir='ltr'>πᾶσαν</span> <span class='ocrx_word' id='word_1_70' title='bbox 1557 1075 1656 1142; x_wconf 72' lang='grc' dir='ltr'>τὴν</span> <span class='ocrx_word' id='word_1_71' title='bbox 1699 1073 1933 1127; x_wconf 76' lang='grc' dir='ltr'>ἐντεῦθεν</span> 
     </span>
    </p>
   </div>
   <div class='ocr_carea' id='block_1_12' title="bbox 280 1159 1931 1239">
    <p class='ocr_par' dir='ltr' id='par_1_12' title="bbox 280 1159 1931 1239">
     <span class='ocr_line' id='line_1_12' title="bbox 280 1159 1931 1239; baseline -0.002 -19"><span class='ocrx_word' id='word_1_72' title='bbox 280 1165 626 1239; x_wconf 80' lang='grc' dir='ltr'><strong>εὐδαιμονίαν</strong></span> <span class='ocrx_word' id='word_1_73' title='bbox 664 1159 1096 1236; x_wconf 76' lang='grc' dir='ltr'>ὑπολαμϐάνειν.</span> <span class='ocrx_word' id='word_1_74' title='bbox 1153 1163 1249 1216; x_wconf 81' lang='grc' dir='ltr'><strong>Καὶ</strong></span> <span class='ocrx_word' id='word_1_75' title='bbox 1301 1163 1446 1236; x_wconf 86' lang='grc' dir='ltr'>τάχα</span> <span class='ocrx_word' id='word_1_76' title='bbox 1491 1182 1596 1216; x_wconf 92' lang='grc' dir='ltr'>που</span> <span class='ocrx_word' id='word_1_77' title='bbox 1643 1166 1803 1216; x_wconf 74' lang='grc' dir='ltr'>τοῦτο</span> <span class='ocrx_word' id='word_1_78' title='bbox 1843 1162 1931 1216; x_wconf 80' lang='grc' dir='ltr'><strong>καὶ</strong></span> 
     </span>
    </p>
   </div>
   <div class='ocr_carea' id='block_1_13' title="bbox 284 1250 1933 1330">
    <p class='ocr_par' dir='ltr' id='par_1_13' title="bbox 284 1250 1933 1330">
     <span class='ocr_line' id='line_1_13' title="bbox 284 1250 1933 1330; baseline -0.003 -20"><span class='ocrx_word' id='word_1_79' title='bbox 284 1255 312 1309; x_wconf 81' lang='grc' dir='ltr'>ὁ</span> <span class='ocrx_word' id='word_1_80' title='bbox 350 1255 612 1330; x_wconf 84' lang='grc' dir='ltr'>μακάριος</span> <span class='ocrx_word' id='word_1_81' title='bbox 663 1253 856 1308; x_wconf 75' lang='grc' dir='ltr'>ἐννοῶν</span> <span class='ocrx_word' id='word_1_82' title='bbox 887 1252 1129 1327; x_wconf 78' lang='grc' dir='ltr'>Μιχαίας</span> <span class='ocrx_word' id='word_1_83' title='bbox 1164 1254 1299 1325; x_wconf 91' lang='grc'>(70),</span> <span class='ocrx_word' id='word_1_84' title='bbox 1330 1252 1418 1305; x_wconf 76' lang='grc' dir='ltr'><strong>καὶ</strong></span> <span class='ocrx_word' id='word_1_85' title='bbox 1465 1255 1573 1306; x_wconf 87' lang='grc' dir='ltr'><strong>τῶν</strong></span> <span class='ocrx_word' id='word_1_86' title='bbox 1623 1252 1801 1326; x_wconf 86' lang='grc' dir='ltr'>χαμαὶ</span> <span class='ocrx_word' id='word_1_87' title='bbox 1852 1250 1933 1326; x_wconf 79' lang='grc' dir='ltr'><strong>ἐρ-</strong></span> 
     </span>
    </p>
   </div>
   <div class='ocr_carea' id='block_1_14' title="bbox 282 1339 1930 1419">
    <p class='ocr_par' dir='ltr' id='par_1_14' title="bbox 282 1339 1930 1419">
     <span class='ocr_line' id='line_1_14' title="bbox 282 1339 1930 1419; baseline -0.002 -22"><span class='ocrx_word' id='word_1_88' title='bbox 282 1343 539 1419; x_wconf 81' lang='grc' dir='ltr'>χομὲνων</span> <span class='ocrx_word' id='word_1_89' title='bbox 589 1342 679 1397; x_wconf 81' lang='grc' dir='ltr'><strong>καὶ</strong></span> <span class='ocrx_word' id='word_1_90' title='bbox 742 1339 1048 1395; x_wconf 70' lang='grc' dir='ltr'>δοκούντων</span> <span class='ocrx_word' id='word_1_91' title='bbox 1105 1339 1312 1416; x_wconf 84' lang='grc' dir='ltr'>ἀγαθῶν</span> <span class='ocrx_word' id='word_1_92' title='bbox 1371 1339 1880 1414; x_wconf 77' lang='grc' dir='ltr'><strong>κατεξανιστάμενος</strong></span> <span class='ocrx_word' id='word_1_93' title='bbox 1917 1385 1930 1408; x_wconf 96' lang='grc'><strong>,</strong></span> 
     </span>
    </p>
   </div>
   <div class='ocr_carea' id='block_1_15' title="bbox 285 1425 1511 1508">
    <p class='ocr_par' dir='ltr' id='par_1_15' title="bbox 285 1425 1511 1508">
     <span class='ocr_line' id='line_1_15' title="bbox 285 1425 1511 1508; baseline -0.003 -22"><span class='ocrx_word' id='word_1_94' title='bbox 285 1433 570 1507; x_wconf 88' lang='grc' dir='ltr'>Ἐγγίσατε</span> <span class='ocrx_word' id='word_1_95' title='bbox 602 1476 618 1503; x_wconf 87' lang='grc'><strong>,</strong></span> <span class='ocrx_word' id='word_1_96' title='bbox 675 1429 837 1508; x_wconf 81' lang='grc' dir='ltr'>φησὶν</span> <span class='ocrx_word' id='word_1_97' title='bbox 882 1477 896 1502; x_wconf 88' lang='grc'><strong>,</strong></span> <span class='ocrx_word' id='word_1_98' title='bbox 957 1425 1134 1504; x_wconf 77' lang='grc' dir='ltr'>ὄρεσιν</span> <span class='ocrx_word' id='word_1_99' title='bbox 1213 1429 1451 1490; x_wconf 78' lang='grc' dir='ltr'>αἰωνίοις</span> <span class='ocrx_word' id='word_1_100' title='bbox 1498 1448 1511 1462; x_wconf 89' lang='grc'><strong>·</strong></span> 
     </span>
    </p>
   </div>
   <div class='ocr_carea' id='block_1_16' title="bbox 282 1516 1929 1596">
    <p class='ocr_par' dir='ltr' id='par_1_16' title="bbox 282 1516 1929 1596">
     <span class='ocr_line' id='line_1_16' title="bbox 282 1516 1929 1596; baseline -0.001 -21"><span class='ocrx_word' id='word_1_101' title='bbox 282 1523 541 1596; x_wconf 80' lang='grc' dir='ltr'><strong>πορεύου,</strong></span> <span class='ocrx_word' id='word_1_102' title='bbox 603 1519 684 1574; x_wconf 80' lang='grc' dir='ltr'>ὅτι</span> <span class='ocrx_word' id='word_1_103' title='bbox 745 1519 844 1574; x_wconf 82' lang='grc' dir='ltr'><strong>οὐκ</strong></span> <span class='ocrx_word' id='word_1_104' title='bbox 901 1516 1011 1572; x_wconf 72' lang='grc' dir='ltr'>ἔστι</span> <span class='ocrx_word' id='word_1_105' title='bbox 1071 1539 1155 1572; x_wconf 91' lang='grc' dir='ltr'><strong>σοι</strong></span> <span class='ocrx_word' id='word_1_106' title='bbox 1211 1517 1346 1588; x_wconf 74' lang='grc' dir='ltr'>αὕτη</span> <span class='ocrx_word' id='word_1_107' title='bbox 1406 1518 1744 1580; x_wconf 81' lang='grc' dir='ltr'><strong>ἀνάπαυσις·</strong></span> <span class='ocrx_word' id='word_1_108' title='bbox 1804 1525 1929 1573; x_wconf 80' lang='grc' dir='ltr'><strong>τοῦ-</strong></span> 
     </span>
    </p>
   </div>
   <div class='ocr_carea' id='block_1_17' title="bbox 1572 1429 1931 1484">
    <p class='ocr_par' dir='ltr' id='par_1_17' title="bbox 1572 1429 1931 1484">
     <span class='ocr_line' id='line_1_17' title="bbox 1572 1429 1931 1484; baseline 0.006 -2"><span class='ocrx_word' id='word_1_109' title='bbox 1572 1429 1770 1483; x_wconf 76' lang='grc' dir='ltr'>ἀνᾶστα</span> <span class='ocrx_word' id='word_1_110' title='bbox 1842 1431 1931 1484; x_wconf 86' lang='grc' dir='ltr'><strong>καὶ</strong></span> 
     </span>
    </p>
   </div>
   <div class='ocr_carea' id='block_1_18' title="bbox 278 1606 1932 1684">
    <p class='ocr_par' dir='ltr' id='par_1_18' title="bbox 278 1606 1932 1684">
     <span class='ocr_line' id='line_1_18' title="bbox 278 1606 1932 1684; baseline -0.001 -20"><span class='ocrx_word' id='word_1_111' title='bbox 278 1632 343 1666; x_wconf 94' lang='grc' dir='ltr'>το</span> <span class='ocrx_word' id='word_1_112' title='bbox 381 1611 474 1684; x_wconf 73' lang='grc' dir='ltr'>μὲν</span> <span class='ocrx_word' id='word_1_113' title='bbox 508 1608 597 1665; x_wconf 79' lang='grc' dir='ltr'>οὖν</span> <span class='ocrx_word' id='word_1_114' title='bbox 632 1611 742 1682; x_wconf 90' lang='grc'>(71)</span> <span class='ocrx_word' id='word_1_115' title='bbox 791 1606 898 1678; x_wconf 74' lang='grc' dir='ltr'><strong>ἤδη</strong></span> <span class='ocrx_word' id='word_1_116' title='bbox 949 1609 1039 1662; x_wconf 83' lang='grc' dir='ltr'><strong>καὶ</strong></span> <span class='ocrx_word' id='word_1_117' title='bbox 1087 1613 1202 1670; x_wconf 85' lang='grc' dir='ltr'>τοῖς</span> <span class='ocrx_word' id='word_1_118' title='bbox 1249 1607 1483 1683; x_wconf 73' lang='grc' dir='ltr'>ῥήμασιν</span> <span class='ocrx_word' id='word_1_119' title='bbox 1517 1607 1700 1670; x_wconf 80' lang='grc' dir='ltr'>αὐτοῖς</span> <span class='ocrx_word' id='word_1_120' title='bbox 1736 1614 1932 1684; x_wconf 73' lang='grc' dir='ltr'>μικροῦ</span> 
     </span>
    </p>
   </div>
   <div class='ocr_carea' id='block_1_19' title="bbox 278 1694 1930 1778">
    <p class='ocr_par' dir='ltr' id='par_1_19' title="bbox 278 1694 1930 1778">
     <span class='ocr_line' id='line_1_19' title="bbox 278 1694 1930 1778; baseline -0.003 -23"><span class='ocrx_word' id='word_1_121' title='bbox 278 1700 590 1778; x_wconf 74' lang='grc' dir='ltr'><strong>σύμφωνον,</strong></span> <span class='ocrx_word' id='word_1_122' title='bbox 626 1701 707 1759; x_wconf 80' lang='grc' dir='ltr'><strong>οἷς</strong></span> <span class='ocrx_word' id='word_1_123' title='bbox 737 1699 765 1752; x_wconf 84' lang='grc' dir='ltr'>ὁ</span> <span class='ocrx_word' id='word_1_124' title='bbox 798 1697 992 1773; x_wconf 72' lang='grc' dir='ltr'>Κύριος</span> <span class='ocrx_word' id='word_1_125' title='bbox 1041 1698 1129 1751; x_wconf 79' lang='grc' dir='ltr'>καὶ</span> <span class='ocrx_word' id='word_1_126' title='bbox 1177 1699 1372 1772; x_wconf 77' lang='grc' dir='ltr'>Σωτὴρ</span> <span class='ocrx_word' id='word_1_127' title='bbox 1425 1699 1585 1769; x_wconf 79' lang='grc' dir='ltr'>ἡμῶν</span> <span class='ocrx_word' id='word_1_128' title='bbox 1628 1694 1930 1751; x_wconf 75' lang='grc' dir='ltr'>διακελεύε-</span> 
     </span>
    </p>
   </div>
   <div class='ocr_carea' id='block_1_20' title="bbox 274 1785 1928 1864">
    <p class='ocr_par' dir='ltr' id='par_1_20' title="bbox 274 1785 1928 1864">
     <span class='ocr_line' id='line_1_20' title="bbox 274 1785 1928 1864; baseline -0.003 -20"><span class='ocrx_word' id='word_1_129' title='bbox 274 1811 386 1857; x_wconf 85' lang='grc' dir='ltr'>ται,</span> <span class='ocrx_word' id='word_1_130' title='bbox 435 1789 489 1844; x_wconf 87' lang='grc' dir='ltr'><strong>τί</strong></span> <span class='ocrx_word' id='word_1_131' title='bbox 542 1787 715 1864; x_wconf 70' lang='grc' dir='ltr'>λέγων</span> <span class='ocrx_word' id='word_1_132' title='bbox 763 1791 875 1859; x_wconf 89' lang='grc'>(72)</span> <span class='ocrx_word' id='word_1_133' title='bbox 909 1805 922 1855; x_wconf 89' lang='grc'><strong>;</strong></span> <span class='ocrx_word' id='word_1_134' title='bbox 959 1786 1266 1861; x_wconf 78' lang='grc' dir='ltr'>Ἐγείρεσθε</span> <span class='ocrx_word' id='word_1_135' title='bbox 1317 1789 1452 1859; x_wconf 89' lang='grc'>(73),</span> <span class='ocrx_word' id='word_1_136' title='bbox 1506 1785 1723 1859; x_wconf 73' lang='grc' dir='ltr'>ἄγωμεν</span> <span class='ocrx_word' id='word_1_137' title='bbox 1758 1785 1928 1840; x_wconf 73' lang='grc' dir='ltr'>ἐντεῦ-</span> 
     </span>
    </p>
   </div>
   <div class='ocr_carea' id='block_1_21' title="bbox 277 1874 1933 1948">
    <p class='ocr_par' dir='ltr' id='par_1_21' title="bbox 277 1874 1933 1948">
     <span class='ocr_line' id='line_1_21' title="bbox 277 1874 1933 1948; baseline -0.002 -16"><span class='ocrx_word' id='word_1_138' title='bbox 277 1880 383 1932; x_wconf 78' lang='grc' dir='ltr'>θεν⁶</span> <span class='ocrx_word' id='word_1_139' title='bbox 442 1878 504 1932; x_wconf 76' lang='grc' dir='ltr'>οὔ</span> <span class='ocrx_word' id='word_1_140' title='bbox 558 1876 686 1938; x_wconf 79' lang='grc' dir='ltr'>τοὺς</span> <span class='ocrx_word' id='word_1_141' title='bbox 745 1876 868 1930; x_wconf 89' lang='grc' dir='ltr'>τότε</span> <span class='ocrx_word' id='word_1_142' title='bbox 921 1875 1164 1948; x_wconf 75' lang='grc' dir='ltr'>μαθητὰς</span> <span class='ocrx_word' id='word_1_143' title='bbox 1222 1874 1386 1948; x_wconf 87' lang='grc' dir='ltr'>μόνον</span> <span class='ocrx_word' id='word_1_144' title='bbox 1419 1874 1468 1947; x_wconf 73' lang='grc' dir='ltr'><strong>ἐξ</strong></span> <span class='ocrx_word' id='word_1_145' title='bbox 1520 1874 1728 1929; x_wconf 66' lang='grc' dir='ltr'>ἑκείνου</span> <span class='ocrx_word' id='word_1_146' title='bbox 1764 1875 1933 1947; x_wconf 86' lang='grc' dir='ltr'>μόνου</span> 
     </span>
    </p>
   </div>
   <div class='ocr_carea' id='block_1_22' title="bbox 271 1962 1931 2038">
    <p class='ocr_par' dir='ltr' id='par_1_22' title="bbox 271 1962 1931 2038">
     <span class='ocr_line' id='line_1_22' title="bbox 271 1962 1931 2038; baseline -0.002 -17"><span class='ocrx_word' id='word_1_147' title='bbox 271 1965 372 2022; x_wconf 77' lang='grc' dir='ltr'>τοῦ</span> <span class='ocrx_word' id='word_1_148' title='bbox 402 1966 574 2021; x_wconf 87' lang='grc' dir='ltr'>τόπου</span> <span class='ocrx_word' id='word_1_149' title='bbox 610 1965 936 2038; x_wconf 84' lang='grc' dir='ltr'>μετατιθεὶς,</span> <span class='ocrx_word' id='word_1_150' title='bbox 970 1965 1046 2026; x_wconf 84' lang='grc' dir='ltr'>ὡς</span> <span class='ocrx_word' id='word_1_151' title='bbox 1081 1963 1139 2018; x_wconf 73' lang='grc' dir='ltr'>ἂν</span> <span class='ocrx_word' id='word_1_152' title='bbox 1172 1963 1386 2034; x_wconf 81' lang='grc' dir='ltr'>οἰηθείη</span> <span class='ocrx_word' id='word_1_153' title='bbox 1417 1985 1522 2032; x_wconf 89' lang='grc' dir='ltr'>τις,</span> <span class='ocrx_word' id='word_1_154' title='bbox 1558 1962 1682 2019; x_wconf 83' lang='grc' dir='ltr'>ἀλλ’</span> <span class='ocrx_word' id='word_1_155' title='bbox 1732 1964 1810 2018; x_wconf 78' lang='grc' dir='ltr'><strong>ἀεὶ</strong></span> <span class='ocrx_word' id='word_1_156' title='bbox 1843 1963 1931 2018; x_wconf 70' lang='grc' dir='ltr'>καὶ</span> 
     </span>
    </p>
   </div>
   <div class='ocr_carea' id='block_1_23' title="bbox 273 2054 1931 2129">
    <p class='ocr_par' dir='ltr' id='par_1_23' title="bbox 273 2054 1931 2129">
     <span class='ocr_line' id='line_1_23' title="bbox 273 2054 1931 2129; baseline -0.002 -18"><span class='ocrx_word' id='word_1_157' title='bbox 273 2057 480 2117; x_wconf 80' lang='grc' dir='ltr'>πάντας</span> <span class='ocrx_word' id='word_1_158' title='bbox 523 2055 650 2118; x_wconf 78' lang='grc' dir='ltr'>τοὺς</span> <span class='ocrx_word' id='word_1_159' title='bbox 702 2055 894 2110; x_wconf 74' lang='grc' dir='ltr'>ἑαυτοῦ</span> <span class='ocrx_word' id='word_1_160' title='bbox 947 2055 1193 2126; x_wconf 77' lang='grc' dir='ltr'>μαθητὰς</span> <span class='ocrx_word' id='word_1_161' title='bbox 1244 2054 1351 2108; x_wconf 82' lang='grc' dir='ltr'><strong>ἀπὸ</strong></span> <span class='ocrx_word' id='word_1_162' title='bbox 1399 2061 1505 2129; x_wconf 84' lang='grc' dir='ltr'><strong>γῆς</strong></span> <span class='ocrx_word' id='word_1_163' title='bbox 1697 2054 1784 2107; x_wconf 78' lang='grc' dir='ltr'><strong>καὶ</strong></span> <span class='ocrx_word' id='word_1_164' title='bbox 1828 2058 1931 2107; x_wconf 88' lang='grc' dir='ltr'><strong>τῶν</strong></span> 
     </span>
    </p>
   </div>
   <div class='ocr_carea' id='block_1_24' title="bbox 271 2142 1641 2220">
    <p class='ocr_par' dir='ltr' id='par_1_24' title="bbox 271 2142 1641 2220">
     <span class='ocr_line' id='line_1_24' title="bbox 271 2142 1641 2220; baseline -0.003 -18"><span class='ocrx_word' id='word_1_165' title='bbox 271 2143 401 2220; x_wconf 80' lang='grc' dir='ltr'><strong>περί</strong></span> <span class='ocrx_word' id='word_1_166' title='bbox 434 2147 536 2220; x_wconf 74' lang='grc' dir='ltr'>γῆν</span> <span class='ocrx_word' id='word_1_167' title='bbox 570 2144 646 2206; x_wconf 79' lang='grc' dir='ltr'>εἰς</span> <span class='ocrx_word' id='word_1_168' title='bbox 677 2142 941 2218; x_wconf 82' lang='grc' dir='ltr'>οὐρανοὺς</span> <span class='ocrx_word' id='word_1_169' title='bbox 971 2142 1148 2198; x_wconf 66' lang='grc' dir='ltr'>ἕλκων</span> <span class='ocrx_word' id='word_1_170' title='bbox 1181 2142 1270 2198; x_wconf 86' lang='grc' dir='ltr'><strong>καὶ</strong></span> <span class='ocrx_word' id='word_1_171' title='bbox 1299 2143 1367 2198; x_wconf 85' lang='grc' dir='ltr'><strong>τὰ</strong></span> <span class='ocrx_word' id='word_1_172' title='bbox 1397 2142 1641 2214; x_wconf 82' lang='grc' dir='ltr'>οὐράνια.</span> 
     </span>
    </p>
   </div>
   <div class='ocr_carea' id='block_1_25' title="bbox 2041 629 3696 700">
    <p class='ocr_par' dir='ltr' id='par_1_25' title="bbox 2041 629 3696 700">
     <span class='ocr_line' id='line_1_25' title="bbox 2041 629 3696 700; baseline 0.001 -15"><span class='ocrx_word' id='word_1_173' title='bbox 2041 630 2326 695; x_wconf 83' lang='lat' dir='ltr'><strong>ascendit,</strong></span> <span class='ocrx_word' id='word_1_174' title='bbox 2359 630 2488 684; x_wconf 65' lang='lat' dir='ltr'><strong>vitae</strong></span> <span class='ocrx_word' id='word_1_175' title='bbox 2522 647 2635 684; x_wconf 89' lang='lat' dir='ltr'><strong>non</strong></span> <span class='ocrx_word' id='word_1_176' title='bbox 2675 629 2802 700; x_wconf 89' lang='lat' dir='ltr'><strong>jam</strong></span> <span class='ocrx_word' id='word_1_177' title='bbox 2831 630 3066 684; x_wconf 68' lang='lat' dir='ltr'><strong>caducae</strong></span> <span class='ocrx_word' id='word_1_178' title='bbox 3117 646 3183 684; x_wconf 84' lang='lat' dir='ltr'><strong>ac</strong></span> <span class='ocrx_word' id='word_1_179' title='bbox 3217 629 3437 685; x_wconf 87' lang='lat' dir='ltr'><strong>fallacis</strong></span> <span class='ocrx_word' id='word_1_180' title='bbox 3469 630 3650 686; x_wconf 67' lang='lat' dir='ltr'><strong>haeres</strong></span> <span class='ocrx_word' id='word_1_181' title='bbox 3681 647 3696 687; x_wconf 85' lang='lat'><strong>:</strong></span> 
     </span>
    </p>
   </div>
   <div class='ocr_carea' id='block_1_26' title="bbox 2041 717 3702 789">
    <p class='ocr_par' dir='ltr' id='par_1_26' title="bbox 2041 717 3702 789">
     <span class='ocr_line' id='line_1_26' title="bbox 2041 717 3702 789; baseline 0 -15"><span class='ocrx_word' id='word_1_182' title='bbox 2041 719 2142 774; x_wconf 92' lang='lat' dir='ltr'><strong>ubi</strong></span> <span class='ocrx_word' id='word_1_183' title='bbox 2176 736 2288 773; x_wconf 89' lang='lat' dir='ltr'><strong>non</strong></span> <span class='ocrx_word' id='word_1_184' title='bbox 2313 719 2439 789; x_wconf 85' lang='lat' dir='ltr'><strong>jam</strong></span> <span class='ocrx_word' id='word_1_185' title='bbox 2473 719 2712 774; x_wconf 86' lang='lat' dir='ltr'><strong>coluber</strong></span> <span class='ocrx_word' id='word_1_186' title='bbox 2745 719 3019 774; x_wconf 81' lang='lat' dir='ltr'><strong>mordens</strong></span> <span class='ocrx_word' id='word_1_187' title='bbox 3050 718 3110 773; x_wconf 91' lang='lat' dir='ltr'><strong>in</strong></span> <span class='ocrx_word' id='word_1_188' title='bbox 3139 717 3258 772; x_wconf 87' lang='lat' dir='ltr'><strong>vita</strong></span> <span class='ocrx_word' id='word_1_189' title='bbox 3285 719 3351 786; x_wconf 69' lang='lat'><strong>3‘,</strong></span> <span class='ocrx_word' id='word_1_190' title='bbox 3385 735 3489 774; x_wconf 90' lang='lat' dir='ltr'><strong>nec</strong></span> <span class='ocrx_word' id='word_1_191' title='bbox 3519 718 3702 774; x_wconf 85' lang='lat' dir='ltr'><strong>calea-</strong></span> 
     </span>
    </p>
   </div>
   <div class='ocr_carea' id='block_1_27' title="bbox 2041 807 3702 879">
    <p class='ocr_par' dir='ltr' id='par_1_27' title="bbox 2041 807 3702 879">
     <span class='ocr_line' id='line_1_27' title="bbox 2041 807 3702 879; baseline -0.001 -16"><span class='ocrx_word' id='word_1_192' title='bbox 2041 824 2216 863; x_wconf 89' lang='lat' dir='ltr'><strong>neum</strong></span> <span class='ocrx_word' id='word_1_193' title='bbox 2272 808 2590 863; x_wconf 80' lang='lat' dir='ltr'><strong>observans</strong></span> <span class='ocrx_word' id='word_1_194' title='bbox 2637 807 2701 874; x_wconf 75' lang='lat'><strong>&quot;,</strong></span> <span class='ocrx_word' id='word_1_195' title='bbox 2753 808 3245 879; x_wconf 88' lang='lat' dir='ltr'><strong>quemadmodum</strong></span> <span class='ocrx_word' id='word_1_196' title='bbox 3296 807 3486 878; x_wconf 84' lang='lat' dir='ltr'><strong>ipsius</strong></span> <span class='ocrx_word' id='word_1_197' title='bbox 3531 813 3702 878; x_wconf 89' lang='lat' dir='ltr'><strong>caput</strong></span> 
     </span>
    </p>
   </div>
   <div class='ocr_carea' id='block_1_28' title="bbox 2041 895 3704 967">
    <p class='ocr_par' dir='ltr' id='par_1_28' title="bbox 2041 895 3704 967">
     <span class='ocr_line' id='line_1_28' title="bbox 2041 895 3704 967; baseline -0.001 -15"><span class='ocrx_word' id='word_1_198' title='bbox 2041 898 2402 952; x_wconf 90' lang='lat' dir='ltr'><strong>observatur.</strong></span> <span class='ocrx_word' id='word_1_199' title='bbox 2449 896 2882 967; x_wconf 91' lang='lat' dir='ltr'><strong>Superstitibus</strong></span> <span class='ocrx_word' id='word_1_200' title='bbox 2932 900 3124 951; x_wconf 88' lang='lat' dir='ltr'><strong>autem</strong></span> <span class='ocrx_word' id='word_1_201' title='bbox 3186 896 3355 950; x_wconf 91' lang='lat' dir='ltr'><strong>nobis</strong></span> <span class='ocrx_word' id='word_1_202' title='bbox 3411 895 3704 966; x_wconf 79' lang='lat' dir='ltr'><strong>eleganter</strong></span> 
     </span>
    </p>
   </div>
   <div class='ocr_carea' id='block_1_29' title="bbox 2043 983 3706 1056">
    <p class='ocr_par' dir='ltr' id='par_1_29' title="bbox 2043 983 3706 1056">
     <span class='ocr_line' id='line_1_29' title="bbox 2043 983 3706 1056; baseline -0.002 -15"><span class='ocrx_word' id='word_1_203' title='bbox 2043 985 2197 1041; x_wconf 66' lang='lat'>272</span> <span class='ocrx_word' id='word_1_204' title='bbox 2229 985 2383 1039; x_wconf 88' lang='lat' dir='ltr'><strong>idem</strong></span> <span class='ocrx_word' id='word_1_205' title='bbox 2436 985 2636 1053; x_wconf 84' lang='lat' dir='ltr'><strong>David,</strong></span> <span class='ocrx_word' id='word_1_206' title='bbox 2671 984 2827 1039; x_wconf 89' lang='lat' dir='ltr'><strong>velut</strong></span> <span class='ocrx_word' id='word_1_207' title='bbox 2875 985 3167 1056; x_wconf 82' lang='lat' dir='ltr'><strong>quispiam</strong></span> <span class='ocrx_word' id='word_1_208' title='bbox 3210 1000 3396 1055; x_wconf 65' lang='lat' dir='ltr'><strong>preco</strong></span> <span class='ocrx_word' id='word_1_209' title='bbox 3451 983 3706 1038; x_wconf 82' lang='lat' dir='ltr'><strong>maxima</strong></span> 
     </span>
    </p>
   </div>
   <div class='ocr_carea' id='block_1_30' title="bbox 2041 1072 3704 1145">
    <p class='ocr_par' dir='ltr' id='par_1_30' title="bbox 2041 1072 3704 1145">
     <span class='ocr_line' id='line_1_30' title="bbox 2041 1072 3704 1145; baseline -0.001 -19"><span class='ocrx_word' id='word_1_210' title='bbox 2041 1090 2180 1128; x_wconf 90' lang='lat' dir='ltr'><strong>voce</strong></span> <span class='ocrx_word' id='word_1_211' title='bbox 2213 1074 2517 1144; x_wconf 77' lang='lat' dir='ltr'><strong>praeditus,</strong></span> <span class='ocrx_word' id='word_1_212' title='bbox 2553 1073 2624 1128; x_wconf 86' lang='lat' dir='ltr'><strong>ab</strong></span> <span class='ocrx_word' id='word_1_213' title='bbox 2655 1073 2882 1128; x_wconf 83' lang='lat' dir='ltr'><strong>excelso</strong></span> <span class='ocrx_word' id='word_1_214' title='bbox 2914 1080 2971 1128; x_wconf 91' lang='lat' dir='ltr'><strong>et</strong></span> <span class='ocrx_word' id='word_1_215' title='bbox 3005 1073 3240 1144; x_wconf 90' lang='lat' dir='ltr'><strong>publico</strong></span> <span class='ocrx_word' id='word_1_216' title='bbox 3290 1072 3577 1145; x_wconf 61' lang='lat' dir='ltr'><strong>praconio</strong></span> <span class='ocrx_word' id='word_1_217' title='bbox 3615 1072 3704 1125; x_wconf 90' lang='lat' dir='ltr'><strong>in-</strong></span> 
     </span>
    </p>
   </div>
   <div class='ocr_carea' id='block_1_31' title="bbox 2043 1163 3706 1234">
    <p class='ocr_par' dir='ltr' id='par_1_31' title="bbox 2043 1163 3706 1234">
     <span class='ocr_line' id='line_1_31' title="bbox 2043 1163 3706 1234; baseline -0.001 -16"><span class='ocrx_word' id='word_1_218' title='bbox 2043 1163 2279 1225; x_wconf 80' lang='lat' dir='ltr'><strong>clamat,</strong></span> <span class='ocrx_word' id='word_1_219' title='bbox 2315 1179 2518 1231; x_wconf 78' lang='lat' dir='ltr'><strong>graves</strong></span> <span class='ocrx_word' id='word_1_220' title='bbox 2550 1164 2721 1217; x_wconf 86' lang='lat' dir='ltr'><strong>corde</strong></span> <span class='ocrx_word' id='word_1_221' title='bbox 2755 1181 2861 1218; x_wconf 90' lang='lat' dir='ltr'><strong>nos</strong></span> <span class='ocrx_word' id='word_1_222' title='bbox 2893 1163 3299 1234; x_wconf 88' lang='lat' dir='ltr'><strong>appellans,ac</strong></span> <span class='ocrx_word' id='word_1_223' title='bbox 3333 1163 3706 1218; x_wconf 84' lang='lat' dir='ltr'><strong>mendacium</strong></span> 
     </span>
    </p>
   </div>
   <div class='ocr_carea' id='block_1_32' title="bbox 2044 1251 3708 1324">
    <p class='ocr_par' dir='ltr' id='par_1_32' title="bbox 2044 1251 3708 1324">
     <span class='ocr_line' id='line_1_32' title="bbox 2044 1251 3708 1324; baseline -0.001 -17"><span class='ocrx_word' id='word_1_224' title='bbox 2044 1253 2352 1324; x_wconf 83' lang='lat' dir='ltr'><strong>diligentes</strong></span> <span class='ocrx_word' id='word_1_225' title='bbox 2383 1253 2448 1315; x_wconf 70' lang='lat'><strong>96,</strong></span> <span class='ocrx_word' id='word_1_226' title='bbox 2484 1268 2864 1324; x_wconf 85' lang='lat' dir='ltr'><strong>monensque,</strong></span> <span class='ocrx_word' id='word_1_227' title='bbox 2899 1269 2971 1307; x_wconf 90' lang='lat' dir='ltr'><strong>ne</strong></span> <span class='ocrx_word' id='word_1_228' title='bbox 3021 1253 3194 1307; x_wconf 87' lang='lat' dir='ltr'><strong>rebus</strong></span> <span class='ocrx_word' id='word_1_229' title='bbox 3226 1253 3320 1319; x_wconf 88' lang='lat' dir='ltr'><strong>iis,</strong></span> <span class='ocrx_word' id='word_1_230' title='bbox 3354 1269 3481 1322; x_wconf 71' lang='lat' dir='ltr'><strong>qua:</strong></span> <span class='ocrx_word' id='word_1_231' title='bbox 3520 1251 3708 1307; x_wconf 82' lang='lat' dir='ltr'><strong>oculis</strong></span> 
     </span>
    </p>
   </div>
   <div class='ocr_carea' id='block_1_33' title="bbox 2043 1341 3708 1413">
    <p class='ocr_par' dir='ltr' id='par_1_33' title="bbox 2043 1341 3708 1413">
     <span class='ocr_line' id='line_1_33' title="bbox 2043 1341 3708 1413; baseline 0 -17"><span class='ocrx_word' id='word_1_232' title='bbox 2043 1346 2382 1406; x_wconf 86' lang='lat' dir='ltr'><strong>cernuntur,</strong></span> <span class='ocrx_word' id='word_1_233' title='bbox 2417 1341 2682 1395; x_wconf 65' lang='lat' dir='ltr'><strong>animum</strong></span> <span class='ocrx_word' id='word_1_234' title='bbox 2716 1348 2983 1396; x_wconf 89' lang='lat' dir='ltr'><strong>nostrum</strong></span> <span class='ocrx_word' id='word_1_235' title='bbox 3018 1357 3372 1413; x_wconf 85' lang='lat' dir='ltr'><strong>magnopere</strong></span> <span class='ocrx_word' id='word_1_236' title='bbox 3413 1342 3708 1412; x_wconf 84' lang='lat' dir='ltr'><strong>adjunga-</strong></span> 
     </span>
    </p>
   </div>
   <div class='ocr_carea' id='block_1_34' title="bbox 2045 1430 3707 1502">
    <p class='ocr_par' dir='ltr' id='par_1_34' title="bbox 2045 1430 3707 1502">
     <span class='ocr_line' id='line_1_34' title="bbox 2045 1430 3707 1502; baseline -0.001 -16"><span class='ocrx_word' id='word_1_237' title='bbox 2045 1448 2200 1499; x_wconf 88' lang='lat' dir='ltr'><strong>mus,</strong></span> <span class='ocrx_word' id='word_1_238' title='bbox 2233 1447 2336 1484; x_wconf 86' lang='lat' dir='ltr'><strong>nec</strong></span> <span class='ocrx_word' id='word_1_239' title='bbox 2368 1431 2641 1484; x_wconf 83' lang='lat' dir='ltr'><strong>frumenti</strong></span> <span class='ocrx_word' id='word_1_240' title='bbox 2694 1430 2883 1486; x_wconf 91' lang='lat' dir='ltr'><strong>solum</strong></span> <span class='ocrx_word' id='word_1_241' title='bbox 2918 1447 2983 1485; x_wconf 87' lang='lat' dir='ltr'><strong>ac</strong></span> <span class='ocrx_word' id='word_1_242' title='bbox 3031 1431 3175 1495; x_wconf 84' lang='lat' dir='ltr'><strong>vini,</strong></span> <span class='ocrx_word' id='word_1_243' title='bbox 3209 1447 3336 1502; x_wconf 66' lang='lat' dir='ltr'><strong>quae</strong></span> <span class='ocrx_word' id='word_1_244' title='bbox 3384 1430 3549 1486; x_wconf 85' lang='lat' dir='ltr'><strong>facile</strong></span> <span class='ocrx_word' id='word_1_245' title='bbox 3579 1445 3707 1484; x_wconf 83' lang='lat' dir='ltr'><strong>cor-</strong></span> 
     </span>
    </p>
   </div>
   <div class='ocr_carea' id='block_1_35' title="bbox 2044 1518 3706 1591">
    <p class='ocr_par' dir='ltr' id='par_1_35' title="bbox 2044 1518 3706 1591">
     <span class='ocr_line' id='line_1_35' title="bbox 2044 1518 3706 1591; baseline -0.001 -17"><span class='ocrx_word' id='word_1_246' title='bbox 2044 1525 2421 1591; x_wconf 90' lang='lat' dir='ltr'><strong>rumpuntur,</strong></span> <span class='ocrx_word' id='word_1_247' title='bbox 2439 1520 2748 1574; x_wconf 78' lang='lat' dir='ltr'><strong>saturitate</strong></span> <span class='ocrx_word' id='word_1_248' title='bbox 2781 1537 3012 1575; x_wconf 91' lang='lat' dir='ltr'><strong>omnem</strong></span> <span class='ocrx_word' id='word_1_249' title='bbox 3037 1519 3218 1590; x_wconf 83' lang='lat' dir='ltr'><strong>hujus</strong></span> <span class='ocrx_word' id='word_1_250' title='bbox 3240 1521 3367 1574; x_wconf 77' lang='lat' dir='ltr'><strong>VlttB</strong></span> <span class='ocrx_word' id='word_1_251' title='bbox 3390 1518 3706 1574; x_wconf 86' lang='lat' dir='ltr'><strong>beatitudi-</strong></span> 
     </span>
    </p>
   </div>
   <div class='ocr_carea' id='block_1_36' title="bbox 2041 1609 3708 1680">
    <p class='ocr_par' dir='ltr' id='par_1_36' title="bbox 2041 1609 3708 1680">
     <span class='ocr_line' id='line_1_36' title="bbox 2041 1609 3708 1680; baseline 0 -16"><span class='ocrx_word' id='word_1_252' title='bbox 2041 1627 2176 1664; x_wconf 87' lang='lat' dir='ltr'><strong>nem</strong></span> <span class='ocrx_word' id='word_1_253' title='bbox 2208 1609 2544 1664; x_wconf 83' lang='lat' dir='ltr'><strong>metiamur.</strong></span> <span class='ocrx_word' id='word_1_254' title='bbox 2572 1609 2732 1672; x_wconf 87' lang='lat' dir='ltr'><strong>Quod</strong></span> <span class='ocrx_word' id='word_1_255' title='bbox 2748 1609 2924 1664; x_wconf 88' lang='lat' dir='ltr'><strong>etiam</strong></span> <span class='ocrx_word' id='word_1_256' title='bbox 2945 1609 3137 1679; x_wconf 90' lang='lat' dir='ltr'><strong>ipsum</strong></span> <span class='ocrx_word' id='word_1_257' title='bbox 3151 1654 3163 1674; x_wconf 92' lang='lat'><strong>,</strong></span> <span class='ocrx_word' id='word_1_258' title='bbox 3192 1609 3708 1680; x_wconf 83' lang='lat' dir='ltr'><strong>utopinor,beatus</strong></span> 
     </span>
    </p>
   </div>
   <div class='ocr_carea' id='block_1_37' title="bbox 2040 1697 3707 1770">
    <p class='ocr_par' dir='ltr' id='par_1_37' title="bbox 2040 1697 3707 1770">
     <span class='ocr_line' id='line_1_37' title="bbox 2040 1697 3707 1770; baseline -0.001 -17"><span class='ocrx_word' id='word_1_259' title='bbox 2040 1698 2316 1754; x_wconf 71' lang='lat' dir='ltr'><strong>Michasas</strong></span> <span class='ocrx_word' id='word_1_260' title='bbox 2339 1698 3018 1770; x_wconf 83' lang='lat' dir='ltr'><strong>animadvertens,atque</strong></span> <span class='ocrx_word' id='word_1_261' title='bbox 3040 1698 3204 1752; x_wconf 90' lang='lat' dir='ltr'><strong>humi</strong></span> <span class='ocrx_word' id='word_1_262' title='bbox 3226 1697 3616 1769; x_wconf 87' lang='lat' dir='ltr'><strong>reptantibus,</strong></span> <span class='ocrx_word' id='word_1_263' title='bbox 3641 1714 3707 1752; x_wconf 87' lang='lat' dir='ltr'><strong>ac</strong></span> 
     </span>
    </p>
   </div>
   <div class='ocr_carea' id='block_1_38' title="bbox 2043 1787 3708 1858">
    <p class='ocr_par' dir='ltr' id='par_1_38' title="bbox 2043 1787 3708 1858">
     <span class='ocr_line' id='line_1_38' title="bbox 2043 1787 3708 1858; baseline -0.001 -15"><span class='ocrx_word' id='word_1_264' title='bbox 2043 1789 2177 1844; x_wconf 92' lang='lat' dir='ltr'><strong>boni</strong></span> <span class='ocrx_word' id='word_1_265' title='bbox 2194 1792 2425 1842; x_wconf 90' lang='lat' dir='ltr'><strong>tantum</strong></span> <span class='ocrx_word' id='word_1_266' title='bbox 2451 1787 2747 1858; x_wconf 89' lang='lat' dir='ltr'><strong>specimen</strong></span> <span class='ocrx_word' id='word_1_267' title='bbox 2770 1787 3124 1842; x_wconf 84' lang='lat' dir='ltr'><strong>habentibus</strong></span> <span class='ocrx_word' id='word_1_268' title='bbox 3146 1787 3442 1842; x_wconf 86' lang='lat' dir='ltr'><strong>insultans</strong></span> <span class='ocrx_word' id='word_1_269' title='bbox 3469 1789 3708 1858; x_wconf 86' lang='lat' dir='ltr'><strong>:Appro-</strong></span> 
     </span>
    </p>
   </div>
   <div class='ocr_carea' id='block_1_39' title="bbox 2037 1876 3706 1950">
    <p class='ocr_par' dir='ltr' id='par_1_39' title="bbox 2037 1876 3706 1950">
     <span class='ocr_line' id='line_1_39' title="bbox 2037 1876 3706 1950; baseline -0.001 -19"><span class='ocrx_word' id='word_1_270' title='bbox 2037 1881 2324 1950; x_wconf 80' lang='lat' dir='ltr'><strong>pinquate,</strong></span> <span class='ocrx_word' id='word_1_271' title='bbox 2374 1876 2583 1945; x_wconf 80' lang='lat' dir='ltr'><strong>inquit,</strong></span> <span class='ocrx_word' id='word_1_272' title='bbox 2614 1876 2689 1931; x_wconf 84' lang='lat' dir='ltr'><strong>ad</strong></span> <span class='ocrx_word' id='word_1_273' title='bbox 2736 1879 2949 1933; x_wconf 81' lang='lat' dir='ltr'><strong>montes</strong></span> <span class='ocrx_word' id='word_1_274' title='bbox 2975 1881 3206 1932; x_wconf 63' lang='lat' dir='ltr'><strong>xtemos</strong></span> <span class='ocrx_word' id='word_1_275' title='bbox 3236 1895 3256 1931; x_wconf 91' lang='lat'><strong><em>:</em></strong></span> <span class='ocrx_word' id='word_1_276' title='bbox 3285 1892 3448 1944; x_wconf 83' lang='lat' dir='ltr'><strong>surge</strong></span> <span class='ocrx_word' id='word_1_277' title='bbox 3497 1881 3551 1930; x_wconf 77' lang='lat' dir='ltr'><strong>et</strong></span> <span class='ocrx_word' id='word_1_278' title='bbox 3578 1891 3706 1930; x_wconf 86' lang='lat' dir='ltr'><strong>am-</strong></span> 
     </span>
    </p>
   </div>
   <div class='ocr_carea' id='block_1_40' title="bbox 2044 1966 3706 2037">
    <p class='ocr_par' dir='ltr' id='par_1_40' title="bbox 2044 1966 3706 2037">
     <span class='ocr_line' id='line_1_40' title="bbox 2044 1966 3706 2037; baseline -0.002 -15"><span class='ocrx_word' id='word_1_279' title='bbox 2044 1968 2191 2035; x_wconf 79' lang='lat' dir='ltr'><strong>bula,</strong></span> <span class='ocrx_word' id='word_1_280' title='bbox 2224 1969 2359 2037; x_wconf 81' lang='lat' dir='ltr'><strong>quia</strong></span> <span class='ocrx_word' id='word_1_281' title='bbox 2387 1981 2499 2021; x_wconf 81' lang='lat' dir='ltr'><strong>non</strong></span> <span class='ocrx_word' id='word_1_282' title='bbox 2529 1971 2607 2020; x_wconf 81' lang='lat' dir='ltr'><strong>est</strong></span> <span class='ocrx_word' id='word_1_283' title='bbox 2636 1966 2740 2020; x_wconf 82' lang='lat' dir='ltr'><strong>tibi</strong></span> <span class='ocrx_word' id='word_1_284' title='bbox 2767 1967 2856 2021; x_wconf 83' lang='lat' dir='ltr'><strong>hic</strong></span> <span class='ocrx_word' id='word_1_285' title='bbox 2885 1968 3098 2037; x_wconf 73' lang='lat' dir='ltr'><strong>requies</strong></span> <span class='ocrx_word' id='word_1_286' title='bbox 3127 1967 3171 2001; x_wconf 71' lang='grc'><strong>⁸⁷</strong></span> <span class='ocrx_word' id='word_1_287' title='bbox 3197 1984 3210 2034; x_wconf 92' lang='grc'>;</span> <span class='ocrx_word' id='word_1_288' title='bbox 3244 1966 3452 2022; x_wconf 88' lang='lat' dir='ltr'><strong>iisdem</strong></span> <span class='ocrx_word' id='word_1_289' title='bbox 3500 1980 3706 2036; x_wconf 89' lang='lat' dir='ltr'><strong>prope-</strong></span> 
     </span>
    </p>
   </div>
   <div class='ocr_carea' id='block_1_41' title="bbox 2043 2056 3706 2127">
    <p class='ocr_par' dir='ltr' id='par_1_41' title="bbox 2043 2056 3706 2127">
     <span class='ocr_line' id='line_1_41' title="bbox 2043 2056 3706 2127; baseline -0.002 -15"><span class='ocrx_word' id='word_1_290' title='bbox 2043 2058 2286 2112; x_wconf 88' lang='lat' dir='ltr'><strong>modum</strong></span> <span class='ocrx_word' id='word_1_291' title='bbox 2319 2057 2512 2111; x_wconf 88' lang='lat' dir='ltr'><strong>verbis</strong></span> <span class='ocrx_word' id='word_1_292' title='bbox 2545 2057 2962 2127; x_wconf 89' lang='lat' dir='ltr'><strong>utens,quibus</strong></span> <span class='ocrx_word' id='word_1_293' title='bbox 2985 2073 3090 2112; x_wconf 91' lang='lat' dir='ltr'><strong>nos</strong></span> <span class='ocrx_word' id='word_1_294' title='bbox 3112 2056 3398 2111; x_wconf 91' lang='lat' dir='ltr'><strong>Dominus</strong></span> <span class='ocrx_word' id='word_1_295' title='bbox 3421 2059 3621 2111; x_wconf 86' lang='lat' dir='ltr'><strong>noster</strong></span> <span class='ocrx_word' id='word_1_296' title='bbox 3639 2071 3706 2110; x_wconf 86' lang='lat' dir='ltr'><strong>ac</strong></span> 
     </span>
    </p>
   </div>
   <div class='ocr_carea' id='block_1_42' title="bbox 2043 2143 3704 2216">
    <p class='ocr_par' dir='ltr' id='par_1_42' title="bbox 2043 2143 3704 2216">
     <span class='ocr_line' id='line_1_42' title="bbox 2043 2143 3704 2216; baseline -0.001 -15"><span class='ocrx_word' id='word_1_297' title='bbox 2043 2145 2308 2202; x_wconf 86' lang='lat' dir='ltr'><strong>Salvator</strong></span> <span class='ocrx_word' id='word_1_298' title='bbox 2332 2145 2686 2210; x_wconf 88' lang='lat' dir='ltr'><strong>inhortatur,</strong></span> <span class='ocrx_word' id='word_1_299' title='bbox 2719 2146 2920 2200; x_wconf 91' lang='lat' dir='ltr'><strong>dicens</strong></span> <span class='ocrx_word' id='word_1_300' title='bbox 2949 2161 2962 2199; x_wconf 93' lang='lat'><strong>:</strong></span> <span class='ocrx_word' id='word_1_301' title='bbox 2996 2145 3431 2216; x_wconf 72' lang='lat' dir='ltr'><strong>Surgite,eamus</strong></span> <span class='ocrx_word' id='word_1_302' title='bbox 3462 2143 3591 2199; x_wconf 82' lang='lat' dir='ltr'><strong>hinc</strong></span> <span class='ocrx_word' id='word_1_303' title='bbox 3619 2143 3663 2178; x_wconf 75' lang='grc'><strong>⁸⁸</strong></span> <span class='ocrx_word' id='word_1_304' title='bbox 3689 2159 3704 2209; x_wconf 87' lang='lat'><strong>;</strong></span> 
     </span>
    </p>
   </div>
   <div class='ocr_carea' id='block_1_43' title="bbox 276 2231 3711 2306">
    <p class='ocr_par' dir='ltr' id='par_1_43' title="bbox 276 2231 3711 2306">
     <span class='ocr_line' id='line_1_43' title="bbox 276 2231 3711 2306; baseline -0.001 -15"><span class='ocrx_word' id='word_1_305' title='bbox 276 2253 396 2291; x_wconf 88' lang='lat' dir='ltr'><strong>non</strong></span> <span class='ocrx_word' id='word_1_306' title='bbox 429 2252 528 2291; x_wconf 89' lang='lat' dir='ltr'><strong>eos</strong></span> <span class='ocrx_word' id='word_1_307' title='bbox 556 2238 812 2300; x_wconf 85' lang='lat' dir='ltr'><strong>tantum,</strong></span> <span class='ocrx_word' id='word_1_308' title='bbox 846 2251 992 2306; x_wconf 92' lang='lat' dir='ltr'><strong>quos</strong></span> <span class='ocrx_word' id='word_1_309' title='bbox 1023 2238 1163 2288; x_wconf 88' lang='lat' dir='ltr'><strong>tunc</strong></span> <span class='ocrx_word' id='word_1_310' title='bbox 1194 2233 1518 2305; x_wconf 86' lang='lat' dir='ltr'><strong>discipulos</strong></span> <span class='ocrx_word' id='word_1_311' title='bbox 1549 2233 1818 2300; x_wconf 89' lang='lat' dir='ltr'><strong>habebat,</strong></span> <span class='ocrx_word' id='word_1_312' title='bbox 1852 2252 1921 2290; x_wconf 86' lang='lat' dir='ltr'><strong>ex</strong></span> <span class='ocrx_word' id='word_1_313' title='bbox 1955 2235 2052 2290; x_wconf 90' lang='lat' dir='ltr'><strong>illo</strong></span> <span class='ocrx_word' id='word_1_314' title='bbox 2083 2237 2369 2290; x_wconf 84' lang='lat' dir='ltr'><strong>duntaxat</strong></span> <span class='ocrx_word' id='word_1_315' title='bbox 2416 2233 2541 2288; x_wconf 92' lang='lat' dir='ltr'><strong>loco</strong></span> <span class='ocrx_word' id='word_1_316' title='bbox 2585 2236 2968 2300; x_wconf 84' lang='lat' dir='ltr'><strong>transferens,</strong></span> <span class='ocrx_word' id='word_1_317' title='bbox 3002 2233 3501 2304; x_wconf 88' lang='lat' dir='ltr'><strong>quemadmodum</strong></span> <span class='ocrx_word' id='word_1_318' title='bbox 3551 2231 3711 2304; x_wconf 88' lang='lat' dir='ltr'><strong>quis-</strong></span> 
     </span>
    </p>
   </div>
   <div class='ocr_carea' id='block_1_44' title="bbox 281 2319 3709 2397">
    <p class='ocr_par' dir='ltr' id='par_1_44' title="bbox 281 2319 3709 2397">
     <span class='ocr_line' id='line_1_44' title="bbox 281 2319 3709 2397; baseline -0.001 -19"><span class='ocrx_word' id='word_1_319' title='bbox 281 2324 440 2397; x_wconf 87' lang='lat' dir='ltr'><strong>piam</strong></span> <span class='ocrx_word' id='word_1_320' title='bbox 477 2325 722 2379; x_wconf 82' lang='lat' dir='ltr'><strong>fortasse</strong></span> <span class='ocrx_word' id='word_1_321' title='bbox 752 2324 1085 2392; x_wconf 88' lang='lat' dir='ltr'><strong>arbitretur,</strong></span> <span class='ocrx_word' id='word_1_322' title='bbox 1119 2323 1220 2377; x_wconf 88' lang='lat' dir='ltr'><strong>sed</strong></span> <span class='ocrx_word' id='word_1_323' title='bbox 1253 2326 1310 2378; x_wconf 87' lang='lat' dir='ltr'><strong>et</strong></span> <span class='ocrx_word' id='word_1_324' title='bbox 1341 2339 1594 2395; x_wconf 90' lang='lat' dir='ltr'><strong>semper,</strong></span> <span class='ocrx_word' id='word_1_325' title='bbox 1625 2327 1683 2379; x_wconf 90' lang='lat' dir='ltr'><strong>et</strong></span> <span class='ocrx_word' id='word_1_326' title='bbox 1715 2340 1920 2379; x_wconf 90' lang='lat' dir='ltr'><strong>omnes</strong></span> <span class='ocrx_word' id='word_1_327' title='bbox 1963 2323 2289 2396; x_wconf 87' lang='lat' dir='ltr'><strong>discipulos</strong></span> <span class='ocrx_word' id='word_1_328' title='bbox 2337 2340 2499 2392; x_wconf 87' lang='lat' dir='ltr'><strong>suos,</strong></span> <span class='ocrx_word' id='word_1_329' title='bbox 2532 2341 2565 2378; x_wconf 94' lang='lat' dir='ltr'><strong>a</strong></span> <span class='ocrx_word' id='word_1_330' title='bbox 2596 2327 2752 2378; x_wconf 90' lang='lat' dir='ltr'><strong>terra</strong></span> <span class='ocrx_word' id='word_1_331' title='bbox 2781 2323 3076 2395; x_wconf 87' lang='lat' dir='ltr'><strong>rebusque</strong></span> <span class='ocrx_word' id='word_1_332' title='bbox 3102 2322 3353 2378; x_wconf 88' lang='lat' dir='ltr'><strong>terrenis</strong></span> <span class='ocrx_word' id='word_1_333' title='bbox 3407 2321 3479 2377; x_wconf 90' lang='lat' dir='ltr'><strong>ad</strong></span> <span class='ocrx_word' id='word_1_334' title='bbox 3531 2319 3709 2376; x_wconf 79' lang='lat' dir='ltr'><strong>caelos</strong></span> 
     </span>
    </p>
   </div>
   <div class='ocr_carea' id='block_1_45' title="bbox 285 2411 1156 2483">
    <p class='ocr_par' dir='ltr' id='par_1_45' title="bbox 285 2411 1156 2483">
     <span class='ocr_line' id='line_1_45' title="bbox 285 2411 1156 2483; baseline -0.002 -15"><span class='ocrx_word' id='word_1_335' title='bbox 285 2417 344 2468; x_wconf 90' lang='lat' dir='ltr'><strong>et</strong></span> <span class='ocrx_word' id='word_1_336' title='bbox 374 2429 466 2468; x_wconf 89' lang='lat' dir='ltr'><strong>res</strong></span> <span class='ocrx_word' id='word_1_337' title='bbox 499 2414 762 2468; x_wconf 82' lang='lat' dir='ltr'><strong>caelestes</strong></span> <span class='ocrx_word' id='word_1_338' title='bbox 792 2411 1156 2483; x_wconf 87' lang='lat' dir='ltr'><strong>pertrahens.</strong></span> 
     </span>
    </p>
   </div>
   <div class='ocr_carea' id='block_1_46' title="bbox 365 2495 1945 2575">
    <p class='ocr_par' dir='ltr' id='par_1_46' title="bbox 365 2495 1945 2575">
     <span class='ocr_line' id='line_1_46' title="bbox 365 2495 1945 2575; baseline 0 -21"><span class='ocrx_word' id='word_1_339' title='bbox 365 2501 484 2555; x_wconf 78' lang='lat' dir='ltr'><strong>KB&#39;.</strong></span> <span class='ocrx_word' id='word_1_340' title='bbox 527 2500 847 2574; x_wconf 76' lang='grc' dir='ltr'>Τοιγαροῦν,</span> <span class='ocrx_word' id='word_1_341' title='bbox 902 2495 1368 2570; x_wconf 70' lang='grc' dir='ltr'>ἀκολουθήσωμεν</span> <span class='ocrx_word' id='word_1_342' title='bbox 1426 2496 1536 2569; x_wconf 72' lang='grc' dir='ltr'>ἤδη</span> <span class='ocrx_word' id='word_1_343' title='bbox 1596 2500 1676 2572; x_wconf 82' lang='grc' dir='ltr'>τῷ</span> <span class='ocrx_word' id='word_1_344' title='bbox 1731 2500 1896 2575; x_wconf 86' lang='grc' dir='ltr'><strong>Λόγῳ</strong></span> <span class='ocrx_word' id='word_1_345' title='bbox 1931 2548 1945 2574; x_wconf 94' lang='grc'><strong>,</strong></span> 
     </span>
    </p>
   </div>
   <div class='ocr_carea' id='block_1_47' title="bbox 303 2585 1944 2662">
    <p class='ocr_par' dir='ltr' id='par_1_47' title="bbox 303 2585 1944 2662">
     <span class='ocr_line' id='line_1_47' title="bbox 303 2585 1944 2662; baseline 0 -20"><span class='ocrx_word' id='word_1_346' title='bbox 303 2590 627 2660; x_wconf 82' lang='grc' dir='ltr'>ζητήσωμεν</span> <span class='ocrx_word' id='word_1_347' title='bbox 685 2587 783 2654; x_wconf 86' lang='grc' dir='ltr'>τήν</span> <span class='ocrx_word' id='word_1_348' title='bbox 833 2586 1030 2641; x_wconf 79' lang='grc' dir='ltr'>ἐκεῖθεν</span> <span class='ocrx_word' id='word_1_349' title='bbox 1086 2585 1400 2659; x_wconf 80' lang='grc' dir='ltr'>ἀνάπαυσιν,</span> <span class='ocrx_word' id='word_1_350' title='bbox 1453 2587 1697 2662; x_wconf 77' lang='grc' dir='ltr'>ῥίψωμεν</span> <span class='ocrx_word' id='word_1_351' title='bbox 1730 2591 1828 2656; x_wconf 73' lang='grc' dir='ltr'><strong>τὴν</strong></span> <span class='ocrx_word' id='word_1_352' title='bbox 1861 2588 1944 2642; x_wconf 81' lang='grc' dir='ltr'><strong>ἐν·</strong></span> 
     </span>
    </p>
   </div>
   <div class='ocr_carea' id='block_1_48' title="bbox 297 2673 1948 2751">
    <p class='ocr_par' dir='ltr' id='par_1_48' title="bbox 297 2673 1948 2751">
     <span class='ocr_line' id='line_1_48' title="bbox 297 2673 1948 2751; baseline -0.001 -19"><span class='ocrx_word' id='word_1_353' title='bbox 297 2683 479 2741; x_wconf 81' lang='grc' dir='ltr'>τεῦθεν</span> <span class='ocrx_word' id='word_1_354' title='bbox 530 2675 863 2751; x_wconf 81' lang='grc' dir='ltr'>περιουσίαν’</span> <span class='ocrx_word' id='word_1_355' title='bbox 915 2676 944 2730; x_wconf 83' lang='grc' dir='ltr'>ὃ</span> <span class='ocrx_word' id='word_1_356' title='bbox 989 2674 1156 2731; x_wconf 84' lang='grc' dir='ltr'>καλόν</span> <span class='ocrx_word' id='word_1_357' title='bbox 1209 2673 1319 2730; x_wconf 76' lang='grc' dir='ltr'>ἐστι</span> <span class='ocrx_word' id='word_1_358' title='bbox 1367 2676 1594 2746; x_wconf 78' lang='grc' dir='ltr'>ταύτης,</span> <span class='ocrx_word' id='word_1_359' title='bbox 1643 2682 1802 2732; x_wconf 72' lang='grc' dir='ltr'>τοῦτο</span> <span class='ocrx_word' id='word_1_360' title='bbox 1854 2674 1948 2750; x_wconf 90' lang='grc' dir='ltr'>μό-</span> 
     </span>
    </p>
   </div>
   <div class='ocr_carea' id='block_1_49' title="bbox 296 2763 1944 2841">
    <p class='ocr_par' dir='ltr' id='par_1_49' title="bbox 296 2763 1944 2841">
     <span class='ocr_line' id='line_1_49' title="bbox 296 2763 1944 2841; baseline 0 -21"><span class='ocrx_word' id='word_1_361' title='bbox 296 2788 388 2822; x_wconf 89' lang='grc' dir='ltr'>νον</span> <span class='ocrx_word' id='word_1_362' title='bbox 439 2763 825 2841; x_wconf 80' lang='grc' dir='ltr'>κερδάνωμεν,</span> <span class='ocrx_word' id='word_1_363' title='bbox 877 2766 1207 2838; x_wconf 81' lang='grc' dir='ltr'>κτησώμεθα</span> <span class='ocrx_word' id='word_1_364' title='bbox 1250 2765 1347 2827; x_wconf 79' lang='grc' dir='ltr'><strong>τὰς</strong></span> <span class='ocrx_word' id='word_1_365' title='bbox 1403 2766 1604 2820; x_wconf 68' lang='grc' dir='ltr'>ἑαυτῶν</span> <span class='ocrx_word' id='word_1_366' title='bbox 1655 2767 1834 2841; x_wconf 70' lang='grc' dir='ltr'>ψυχὰς</span> <span class='ocrx_word' id='word_1_367' title='bbox 1894 2767 1944 2820; x_wconf 78' lang='grc' dir='ltr'><strong>ἐν</strong></span> 
     </span>
    </p>
   </div>
   <div class='ocr_carea' id='block_1_50' title="bbox 299 2849 1944 2926">
    <p class='ocr_par' dir='ltr' id='par_1_50' title="bbox 299 2849 1944 2926">
     <span class='ocr_line' id='line_1_50' title="bbox 299 2849 1944 2926; baseline 0.002 -20"><span class='ocrx_word' id='word_1_368' title='bbox 299 2851 720 2926; x_wconf 72' lang='grc' dir='ltr'>ἐλεημοσύναις,</span> <span class='ocrx_word' id='word_1_369' title='bbox 774 2851 1092 2926; x_wconf 80' lang='grc' dir='ltr'>μεταδῶμεν</span> <span class='ocrx_word' id='word_1_370' title='bbox 1141 2857 1249 2908; x_wconf 83' lang='grc' dir='ltr'><strong>τῶν</strong></span> <span class='ocrx_word' id='word_1_371' title='bbox 1302 2849 1469 2908; x_wconf 76' lang='grc' dir='ltr'>ὄντων</span> <span class='ocrx_word' id='word_1_372' title='bbox 1519 2860 1633 2917; x_wconf 87' lang='grc' dir='ltr'>τοῖς</span> <span class='ocrx_word' id='word_1_373' title='bbox 1682 2856 1944 2926; x_wconf 73' lang='grc' dir='ltr'>πένησιν,</span> 
     </span>
    </p>
   </div>
   <div class='ocr_carea' id='block_1_51' title="bbox 294 2938 1950 3019">
    <p class='ocr_par' dir='ltr' id='par_1_51' title="bbox 294 2938 1950 3019">
     <span class='ocr_line' id='line_1_51' title="bbox 294 2938 1950 3019; baseline 0.003 -25"><span class='ocrx_word' id='word_1_374' title='bbox 294 2938 388 2995; x_wconf 71' lang='grc' dir='ltr'>’ίνα</span> <span class='ocrx_word' id='word_1_375' title='bbox 433 2943 499 2996; x_wconf 77' lang='grc' dir='ltr'>τὰ</span> <span class='ocrx_word' id='word_1_376' title='bbox 549 2942 748 2997; x_wconf 66' lang='grc' dir='ltr'>ἐκεῖθεν</span> <span class='ocrx_word' id='word_1_377' title='bbox 796 2942 1214 3015; x_wconf 78' lang='grc' dir='ltr'>πλουτήσωμεν.</span> <span class='ocrx_word' id='word_1_378' title='bbox 1250 2944 1351 3006; x_wconf 91' lang='grc' dir='ltr'><strong>Δὸς</strong></span> <span class='ocrx_word' id='word_1_379' title='bbox 1403 2941 1595 3019; x_wconf 81' lang='grc' dir='ltr'>μερίδα</span> <span class='ocrx_word' id='word_1_380' title='bbox 1635 2945 1723 2998; x_wconf 81' lang='grc' dir='ltr'><strong>καὶ</strong></span> <span class='ocrx_word' id='word_1_381' title='bbox 1753 2950 1821 3018; x_wconf 79' lang='grc' dir='ltr'><strong>τῇ</strong></span> <span class='ocrx_word' id='word_1_382' title='bbox 1855 2949 1950 3018; x_wconf 77' lang='grc' dir='ltr'><strong>ψυ-</strong></span> 
     </span>
    </p>
   </div>
   <div class='ocr_carea' id='block_1_52' title="bbox 300 3028 1943 3107">
    <p class='ocr_par' dir='ltr' id='par_1_52' title="bbox 300 3028 1943 3107">
     <span class='ocr_line' id='line_1_52' title="bbox 300 3028 1943 3107; baseline 0.004 -25"><span class='ocrx_word' id='word_1_383' title='bbox 300 3033 402 3104; x_wconf 81' lang='grc' dir='ltr'><strong>χῇ,</strong></span> <span class='ocrx_word' id='word_1_384' title='bbox 441 3031 516 3102; x_wconf 70' lang='grc' dir='ltr'>μὴ</span> <span class='ocrx_word' id='word_1_385' title='bbox 547 3035 616 3104; x_wconf 78' lang='grc' dir='ltr'><strong>τῇ</strong></span> <span class='ocrx_word' id='word_1_386' title='bbox 650 3030 805 3105; x_wconf 85' lang='grc' dir='ltr'>σαρκὶ</span> <span class='ocrx_word' id='word_1_387' title='bbox 857 3031 1038 3104; x_wconf 84' lang='grc' dir='ltr'>μόνον’</span> <span class='ocrx_word' id='word_1_388' title='bbox 1091 3028 1181 3092; x_wconf 82' lang='grc' dir='ltr'>δὸς</span> <span class='ocrx_word' id='word_1_389' title='bbox 1232 3029 1423 3104; x_wconf 79' lang='grc' dir='ltr'>μερίδα</span> <span class='ocrx_word' id='word_1_390' title='bbox 1470 3032 1558 3086; x_wconf 79' lang='grc' dir='ltr'>καὶ</span> <span class='ocrx_word' id='word_1_391' title='bbox 1585 3038 1664 3105; x_wconf 80' lang='grc' dir='ltr'>τῷ</span> <span class='ocrx_word' id='word_1_392' title='bbox 1695 3036 1832 3105; x_wconf 76' lang='grc' dir='ltr'>Θεῷ,</span> <span class='ocrx_word' id='word_1_393' title='bbox 1870 3036 1943 3107; x_wconf 74' lang='grc' dir='ltr'>μὴ</span> 
     </span>
    </p>
   </div>
   <div class='ocr_carea' id='block_1_53' title="bbox 297 3119 1948 3197">
    <p class='ocr_par' dir='ltr' id='par_1_53' title="bbox 297 3119 1948 3197">
     <span class='ocr_line' id='line_1_53' title="bbox 297 3119 1948 3197; baseline 0.003 -24"><span class='ocrx_word' id='word_1_394' title='bbox 297 3123 377 3190; x_wconf 80' lang='grc' dir='ltr'>τῷ</span> <span class='ocrx_word' id='word_1_395' title='bbox 425 3119 619 3192; x_wconf 82' lang='grc' dir='ltr'>κόσμῳ</span> <span class='ocrx_word' id='word_1_396' title='bbox 680 3120 861 3192; x_wconf 89' lang='grc' dir='ltr'>μόνον·</span> <span class='ocrx_word' id='word_1_397' title='bbox 925 3119 1089 3197; x_wconf 70' lang='grc' dir='ltr'>ὕφελὲ</span> <span class='ocrx_word' id='word_1_398' title='bbox 1146 3123 1259 3193; x_wconf 90' lang='grc'>(75)</span> <span class='ocrx_word' id='word_1_399' title='bbox 1315 3142 1368 3175; x_wconf 89' lang='grc' dir='ltr'><strong>τι</strong></span> <span class='ocrx_word' id='word_1_400' title='bbox 1422 3127 1523 3191; x_wconf 82' lang='grc' dir='ltr'><strong>τῆς</strong></span> <span class='ocrx_word' id='word_1_401' title='bbox 1573 3125 1823 3197; x_wconf 84' lang='grc' dir='ltr'>γαστρὸς,</span> <span class='ocrx_word' id='word_1_402' title='bbox 1871 3129 1948 3196; x_wconf 77' lang='grc' dir='ltr'>τῷ</span> 
     </span>
    </p>
   </div>
   <div class='ocr_carea' id='block_1_54' title="bbox 296 3209 1947 3287">
    <p class='ocr_par' dir='ltr' id='par_1_54' title="bbox 296 3209 1947 3287">
     <span class='ocr_line' id='line_1_54' title="bbox 296 3209 1947 3287; baseline 0.004 -26"><span class='ocrx_word' id='word_1_403' title='bbox 296 3209 564 3281; x_wconf 77' lang='grc' dir='ltr'>πνεύματι</span> <span class='ocrx_word' id='word_1_404' title='bbox 596 3210 927 3284; x_wconf 72' lang='grc' dir='ltr'>καθιέρωσον</span> <span class='ocrx_word' id='word_1_405' title='bbox 955 3229 966 3241; x_wconf 89' lang='grc'><strong>·</strong></span> <span class='ocrx_word' id='word_1_406' title='bbox 1021 3209 1258 3285; x_wconf 83' lang='grc' dir='ltr'>ἄρπασόν</span> <span class='ocrx_word' id='word_1_407' title='bbox 1290 3231 1342 3264; x_wconf 94' lang='grc' dir='ltr'><strong>τι</strong></span> <span class='ocrx_word' id='word_1_408' title='bbox 1388 3215 1485 3265; x_wconf 79' lang='grc' dir='ltr'><strong>τοῦ</strong></span> <span class='ocrx_word' id='word_1_409' title='bbox 1515 3213 1708 3287; x_wconf 86' lang='grc' dir='ltr'>πυρὸς,</span> <span class='ocrx_word' id='word_1_410' title='bbox 1743 3212 1947 3276; x_wconf 76' lang='grc' dir='ltr'>ἀπόθου</span> 
     </span>
    </p>
   </div>
   <div class='ocr_carea' id='block_1_55' title="bbox 299 3297 1946 3379">
    <p class='ocr_par' dir='ltr' id='par_1_55' title="bbox 299 3297 1946 3379">
     <span class='ocr_line' id='line_1_55' title="bbox 299 3297 1946 3379; baseline 0.004 -28"><span class='ocrx_word' id='word_1_411' title='bbox 299 3297 506 3373; x_wconf 78' lang='grc' dir='ltr'>μακρὰν</span> <span class='ocrx_word' id='word_1_412' title='bbox 535 3297 640 3352; x_wconf 85' lang='grc' dir='ltr'>ἀπὸ</span> <span class='ocrx_word' id='word_1_413' title='bbox 670 3305 770 3366; x_wconf 82' lang='grc' dir='ltr'><strong>τῆς</strong></span> <span class='ocrx_word' id='word_1_414' title='bbox 799 3297 945 3352; x_wconf 88' lang='grc' dir='ltr'>κάτω</span> <span class='ocrx_word' id='word_1_415' title='bbox 980 3301 1091 3372; x_wconf 88' lang='grc'>(76)</span> <span class='ocrx_word' id='word_1_416' title='bbox 1124 3299 1433 3373; x_wconf 67' lang='grc' dir='ltr'>νεμομένης</span> <span class='ocrx_word' id='word_1_417' title='bbox 1475 3299 1683 3379; x_wconf 76' lang='grc' dir='ltr'>φλογός</span> <span class='ocrx_word' id='word_1_418' title='bbox 1713 3321 1723 3333; x_wconf 91' lang='grc'><strong>·</strong></span> <span class='ocrx_word' id='word_1_419' title='bbox 1777 3304 1946 3377; x_wconf 77' lang='grc' dir='ltr'>ἅρπα-</span> 
     </span>
    </p>
   </div>
   <div class='ocr_carea' id='block_1_56' title="bbox 296 3388 1946 3464">
    <p class='ocr_par' dir='ltr' id='par_1_56' title="bbox 296 3388 1946 3464">
     <span class='ocr_line' id='line_1_56' title="bbox 296 3388 1946 3464; baseline 0.004 -24"><span class='ocrx_word' id='word_1_420' title='bbox 296 3407 388 3440; x_wconf 93' lang='grc' dir='ltr'><strong>σον</strong></span> <span class='ocrx_word' id='word_1_421' title='bbox 437 3391 535 3441; x_wconf 83' lang='grc' dir='ltr'>τοῦ</span> <span class='ocrx_word' id='word_1_422' title='bbox 577 3388 876 3463; x_wconf 79' lang='grc' dir='ltr'>τυράννου,</span> <span class='ocrx_word' id='word_1_423' title='bbox 927 3388 1348 3442; x_wconf 80' lang='grc' dir='ltr'>καταπίστὲυσον</span> <span class='ocrx_word' id='word_1_424' title='bbox 1393 3394 1472 3461; x_wconf 78' lang='grc' dir='ltr'><strong>τῷ</strong></span> <span class='ocrx_word' id='word_1_425' title='bbox 1530 3390 1796 3464; x_wconf 80' lang='grc' dir='ltr'>Δεσπότῃ.</span> <span class='ocrx_word' id='word_1_426' title='bbox 1848 3393 1946 3454; x_wconf 84' lang='grc' dir='ltr'>Δὸς</span> 
     </span>
    </p>
   </div>
   <div class='ocr_carea' id='block_1_57' title="bbox 303 3473 1947 3554">
    <p class='ocr_par' dir='ltr' id='par_1_57' title="bbox 303 3473 1947 3554">
     <span class='ocr_line' id='line_1_57' title="bbox 303 3473 1947 3554; baseline 0.004 -25"><span class='ocrx_word' id='word_1_427' title='bbox 303 3473 496 3549; x_wconf 81' lang='grc' dir='ltr'>μερίδα</span> <span class='ocrx_word' id='word_1_428' title='bbox 524 3482 642 3537; x_wconf 89' lang='grc' dir='ltr'>τοῖς</span> <span class='ocrx_word' id='word_1_429' title='bbox 699 3477 850 3546; x_wconf 67' lang='grc' dir='ltr'>ἑπτὰ,</span> <span class='ocrx_word' id='word_1_430' title='bbox 908 3481 987 3548; x_wconf 79' lang='grc' dir='ltr'>τῷ</span> <span class='ocrx_word' id='word_1_431' title='bbox 1035 3478 1136 3552; x_wconf 85' lang='grc' dir='ltr'><strong>β.ῳ</strong></span> <span class='ocrx_word' id='word_1_432' title='bbox 1180 3478 1383 3550; x_wconf 79' lang='grc' dir='ltr'>τούτῳ,</span> <span class='ocrx_word' id='word_1_433' title='bbox 1413 3477 1504 3533; x_wconf 92' lang='grc' dir='ltr'><strong>καί</strong></span> <span class='ocrx_word' id='word_1_434' title='bbox 1543 3500 1607 3554; x_wconf 85' lang='grc' dir='ltr'><strong>γε</strong></span> <span class='ocrx_word' id='word_1_435' title='bbox 1634 3484 1750 3543; x_wconf 83' lang='grc' dir='ltr'>τοῖς</span> <span class='ocrx_word' id='word_1_436' title='bbox 1784 3481 1947 3552; x_wconf 86' lang='grc' dir='ltr'>ὁκτὼ,</span> 
     </span>
    </p>
   </div>
   <div class='ocr_carea' id='block_1_58' title="bbox 296 3563 1952 3644">
    <p class='ocr_par' dir='ltr' id='par_1_58' title="bbox 296 3563 1952 3644">
     <span class='ocr_line' id='line_1_58' title="bbox 296 3563 1952 3644; baseline 0.004 -25"><span class='ocrx_word' id='word_1_437' title='bbox 296 3568 376 3635; x_wconf 80' lang='grc' dir='ltr'>τῷ</span> <span class='ocrx_word' id='word_1_438' title='bbox 406 3565 538 3637; x_wconf 79' lang='grc' dir='ltr'>μετὰ</span> <span class='ocrx_word' id='word_1_439' title='bbox 566 3569 756 3620; x_wconf 71' lang='grc' dir='ltr'>τοῦτον</span> <span class='ocrx_word' id='word_1_440' title='bbox 808 3567 954 3637; x_wconf 72' lang='grc' dir='ltr'>ἡμᾶς</span> <span class='ocrx_word' id='word_1_441' title='bbox 1003 3563 1363 3639; x_wconf 72' lang='grc' dir='ltr'><strong>ἐκδεξομὲνῳο</strong></span> <span class='ocrx_word' id='word_1_442' title='bbox 1418 3565 1511 3630; x_wconf 82' lang='grc' dir='ltr'>δὸς</span> <span class='ocrx_word' id='word_1_443' title='bbox 1563 3568 1777 3643; x_wconf 85' lang='grc' dir='ltr'>ὀλίγον,</span> <span class='ocrx_word' id='word_1_444' title='bbox 1825 3574 1952 3644; x_wconf 84' lang='grc' dir='ltr'>παρ’</span> 
     </span>
    </p>
   </div>
   <div class='ocr_carea' id='block_1_59' title="bbox 301 3652 1952 3729">
    <p class='ocr_par' dir='ltr' id='par_1_59' title="bbox 301 3652 1952 3729">
     <span class='ocr_line' id='line_1_59' title="bbox 301 3652 1952 3729; baseline 0.003 -22"><span class='ocrx_word' id='word_1_445' title='bbox 301 3654 364 3707; x_wconf 81' lang='grc' dir='ltr'>οὗ</span> <span class='ocrx_word' id='word_1_446' title='bbox 392 3655 455 3708; x_wconf 89' lang='grc' dir='ltr'>τὸ</span> <span class='ocrx_word' id='word_1_447' title='bbox 489 3652 678 3708; x_wconf 80' lang='grc' dir='ltr'>πλεῖον</span> <span class='ocrx_word' id='word_1_448' title='bbox 729 3656 841 3728; x_wconf 92' lang='grc'>(77)</span> <span class='ocrx_word' id='word_1_449' title='bbox 891 3652 1060 3729; x_wconf 82' lang='grc' dir='ltr'>ἔχεις·</span> <span class='ocrx_word' id='word_1_450' title='bbox 1115 3653 1207 3717; x_wconf 83' lang='grc' dir='ltr'>δὸς</span> <span class='ocrx_word' id='word_1_451' title='bbox 1255 3655 1346 3710; x_wconf 83' lang='grc' dir='ltr'><strong>καὶ</strong></span> <span class='ocrx_word' id='word_1_452' title='bbox 1375 3657 1437 3711; x_wconf 88' lang='grc' dir='ltr'><strong>τὸ</strong></span> <span class='ocrx_word' id='word_1_453' title='bbox 1467 3663 1592 3725; x_wconf 84' lang='grc' dir='ltr'>πᾶν,</span> <span class='ocrx_word' id='word_1_454' title='bbox 1624 3662 1702 3729; x_wconf 82' lang='grc' dir='ltr'>τῷ</span> <span class='ocrx_word' id='word_1_455' title='bbox 1730 3658 1797 3712; x_wconf 72' lang='grc' dir='ltr'><strong>τὰ</strong></span> <span class='ocrx_word' id='word_1_456' title='bbox 1822 3659 1952 3712; x_wconf 79' lang='grc' dir='ltr'>πάν-</span> 
     </span>
    </p>
   </div>
   <div class='ocr_carea' id='block_1_60' title="bbox 298 3741 1947 3822">
    <p class='ocr_par' dir='ltr' id='par_1_60' title="bbox 298 3741 1947 3822">
     <span class='ocr_line' id='line_1_60' title="bbox 298 3741 1947 3822; baseline 0.004 -25"><span class='ocrx_word' id='word_1_457' title='bbox 298 3764 365 3797; x_wconf 91' lang='grc' dir='ltr'><strong>τα</strong></span> <span class='ocrx_word' id='word_1_458' title='bbox 414 3745 527 3816; x_wconf 90' lang='grc'>(78)</span> <span class='ocrx_word' id='word_1_459' title='bbox 573 3745 945 3819; x_wconf 74' lang='grc' dir='ltr'>χαρισαμὲνῳ.</span> <span class='ocrx_word' id='word_1_460' title='bbox 999 3741 1274 3800; x_wconf 75' lang='grc' dir='ltr'>Οὐδέποτε</span> <span class='ocrx_word' id='word_1_461' title='bbox 1320 3748 1562 3816; x_wconf 78' lang='grc' dir='ltr'>νικήσεις</span> <span class='ocrx_word' id='word_1_462' title='bbox 1623 3746 1947 3822; x_wconf 80' lang='grc' dir='ltr'>μεγαλοδω-</span> 
     </span>
    </p>
   </div>
   <div class='ocr_carea' id='block_1_61' title="bbox 301 3830 1947 3908">
    <p class='ocr_par' dir='ltr' id='par_1_61' title="bbox 301 3830 1947 3908">
     <span class='ocr_line' id='line_1_61' title="bbox 301 3830 1947 3908; baseline 0.003 -23"><span class='ocrx_word' id='word_1_463' title='bbox 301 3831 423 3908; x_wconf 81' lang='grc' dir='ltr'>ρεὰν</span> <span class='ocrx_word' id='word_1_464' title='bbox 457 3836 610 3902; x_wconf 79' lang='grc' dir='ltr'>Θεοῦ,</span> <span class='ocrx_word' id='word_1_465' title='bbox 645 3831 740 3886; x_wconf 72' lang='grc' dir='ltr'><strong>κᾶν</strong></span> <span class='ocrx_word' id='word_1_466' title='bbox 772 3834 946 3887; x_wconf 83' lang='grc' dir='ltr'>πάντα</span> <span class='ocrx_word' id='word_1_467' title='bbox 976 3833 1117 3907; x_wconf 85' lang='grc' dir='ltr'>πρόη</span> <span class='ocrx_word' id='word_1_468' title='bbox 1148 3837 1263 3907; x_wconf 87' lang='grc'>(79)</span> <span class='ocrx_word' id='word_1_469' title='bbox 1293 3835 1360 3888; x_wconf 80' lang='grc' dir='ltr'>τὰ</span> <span class='ocrx_word' id='word_1_470' title='bbox 1390 3830 1538 3907; x_wconf 75' lang='grc' dir='ltr'>ὅντα,</span> <span class='ocrx_word' id='word_1_471' title='bbox 1573 3836 1668 3890; x_wconf 64' lang='grc' dir='ltr'>κᾶν</span> <span class='ocrx_word' id='word_1_472' title='bbox 1708 3842 1824 3899; x_wconf 80' lang='grc' dir='ltr'>τοῖς</span> <span class='ocrx_word' id='word_1_473' title='bbox 1859 3835 1947 3891; x_wconf 75' lang='grc' dir='ltr'><strong>οὖ-</strong></span> 
     </span>
    </p>
   </div>
   <div class='ocr_carea' id='block_1_62' title="bbox 301 3921 1948 3999">
    <p class='ocr_par' dir='ltr' id='par_1_62' title="bbox 301 3921 1948 3999">
     <span class='ocr_line' id='line_1_62' title="bbox 301 3921 1948 3999; baseline 0.002 -23"><span class='ocrx_word' id='word_1_474' title='bbox 301 3942 350 3976; x_wconf 86' lang='grc' dir='ltr'><strong>σι</strong></span> <span class='ocrx_word' id='word_1_475' title='bbox 385 3921 604 3975; x_wconf 74' lang='grc' dir='ltr'>σεαυτὸν</span> <span class='ocrx_word' id='word_1_476' title='bbox 639 3923 758 3995; x_wconf 87' lang='grc'>(80)</span> <span class='ocrx_word' id='word_1_477' title='bbox 801 3924 1063 3995; x_wconf 79' lang='grc' dir='ltr'>προσθῇς.</span> <span class='ocrx_word' id='word_1_478' title='bbox 1099 3923 1202 3978; x_wconf 77' lang='grc' dir='ltr'>Καὶ</span> <span class='ocrx_word' id='word_1_479' title='bbox 1248 3927 1408 3978; x_wconf 82' lang='grc' dir='ltr'>τοῦτο</span> <span class='ocrx_word' id='word_1_480' title='bbox 1459 3925 1562 3999; x_wconf 83' lang='grc' dir='ltr'><strong>γάρ</strong></span> <span class='ocrx_word' id='word_1_481' title='bbox 1597 3924 1705 3979; x_wconf 81' lang='grc' dir='ltr'>ἐστι</span> <span class='ocrx_word' id='word_1_482' title='bbox 1739 3921 1948 3997; x_wconf 76' lang='grc' dir='ltr'>λαϐεῖν,</span> 
     </span>
    </p>
   </div>
   <div class='ocr_carea' id='block_1_63' title="bbox 295 4007 1946 4090">
    <p class='ocr_par' dir='ltr' id='par_1_63' title="bbox 295 4007 1946 4090">
     <span class='ocr_line' id='line_1_63' title="bbox 295 4007 1946 4090; baseline 0.002 -26"><span class='ocrx_word' id='word_1_483' title='bbox 295 4011 360 4064; x_wconf 88' lang='grc' dir='ltr'><strong>τὸ</strong></span> <span class='ocrx_word' id='word_1_484' title='bbox 390 4014 467 4081; x_wconf 84' lang='grc' dir='ltr'>τῷ</span> <span class='ocrx_word' id='word_1_485' title='bbox 497 4014 612 4081; x_wconf 85' lang='grc' dir='ltr'><strong>Θεῷ</strong></span> <span class='ocrx_word' id='word_1_486' title='bbox 662 4007 906 4079; x_wconf 74' lang='grc' dir='ltr'>δοθῆναιο</span> <span class='ocrx_word' id='word_1_487' title='bbox 958 4010 1081 4064; x_wconf 78' lang='grc' dir='ltr'>ὅσον</span> <span class='ocrx_word' id='word_1_488' title='bbox 1130 4009 1212 4065; x_wconf 70' lang='grc' dir='ltr'>ἐὰν</span> <span class='ocrx_word' id='word_1_489' title='bbox 1250 4014 1362 4086; x_wconf 78' lang='lat'>(81)</span> <span class='ocrx_word' id='word_1_490' title='bbox 1403 4013 1722 4090; x_wconf 71' lang='grc' dir='ltr'>εἰσενέγκῃς,</span> <span class='ocrx_word' id='word_1_491' title='bbox 1757 4017 1946 4070; x_wconf 79' lang='grc' dir='ltr'>πλεῖον</span> 
     </span>
    </p>
   </div>
   <div class='ocr_carea' id='block_1_64' title="bbox 297 4097 1952 4172">
    <p class='ocr_par' dir='ltr' id='par_1_64' title="bbox 297 4097 1952 4172">
     <span class='ocr_line' id='line_1_64' title="bbox 297 4097 1952 4172; baseline 0.003 -19"><span class='ocrx_word' id='word_1_492' title='bbox 297 4098 380 4153; x_wconf 85' lang='grc' dir='ltr'><strong>ἀεὶ</strong></span> <span class='ocrx_word' id='word_1_493' title='bbox 437 4100 500 4153; x_wconf 86' lang='grc' dir='ltr'>τὸ</span> <span class='ocrx_word' id='word_1_494' title='bbox 560 4098 908 4171; x_wconf 71' lang='grc' dir='ltr'>Αειπόμενον*</span> <span class='ocrx_word' id='word_1_495' title='bbox 955 4099 1044 4154; x_wconf 79' lang='grc' dir='ltr'><strong>καὶ</strong></span> <span class='ocrx_word' id='word_1_496' title='bbox 1091 4097 1244 4155; x_wconf 73' lang='grc' dir='ltr'>οὐδὲν</span> <span class='ocrx_word' id='word_1_497' title='bbox 1301 4099 1493 4164; x_wconf 83' lang='grc' dir='ltr'>δώσεις</span> <span class='ocrx_word' id='word_1_498' title='bbox 1550 4099 1709 4172; x_wconf 65' lang='grc' dir='ltr'>ἴδιον,</span> <span class='ocrx_word' id='word_1_499' title='bbox 1757 4103 1838 4158; x_wconf 82' lang='grc' dir='ltr'><strong>ὅτι</strong></span> <span class='ocrx_word' id='word_1_500' title='bbox 1885 4106 1952 4158; x_wconf 76' lang='grc' dir='ltr'>τὰ</span> 
     </span>
    </p>
   </div>
   <div class='ocr_carea' id='block_1_65' title="bbox 297 4187 1950 4269">
    <p class='ocr_par' dir='ltr' id='par_1_65' title="bbox 297 4187 1950 4269">
     <span class='ocr_line' id='line_1_65' title="bbox 297 4187 1950 4269; baseline 0.005 -29"><span class='ocrx_word' id='word_1_501' title='bbox 297 4187 471 4242; x_wconf 86' lang='grc' dir='ltr'>πάντα</span> <span class='ocrx_word' id='word_1_502' title='bbox 512 4189 626 4261; x_wconf 91' lang='grc'>(82)</span> <span class='ocrx_word' id='word_1_503' title='bbox 675 4187 821 4263; x_wconf 81' lang='grc' dir='ltr'>παρὰ</span> <span class='ocrx_word' id='word_1_504' title='bbox 869 4193 1022 4244; x_wconf 75' lang='grc' dir='ltr'>Θεοῦ.</span> <span class='ocrx_word' id='word_1_505' title='bbox 1074 4189 1176 4245; x_wconf 81' lang='grc' dir='ltr'>Καὶ</span> <span class='ocrx_word' id='word_1_506' title='bbox 1227 4187 1408 4266; x_wconf 84' lang='grc' dir='ltr'>ὥσπερ</span> <span class='ocrx_word' id='word_1_507' title='bbox 1459 4190 1558 4246; x_wconf 78' lang='grc' dir='ltr'><strong>οὐκ</strong></span> <span class='ocrx_word' id='word_1_508' title='bbox 1603 4190 1743 4247; x_wconf 75' lang='grc' dir='ltr'>ἔστιν</span> <span class='ocrx_word' id='word_1_509' title='bbox 1789 4194 1950 4269; x_wconf 82' lang='grc' dir='ltr'>ὑπερ-</span> 
     </span>
    </p>
   </div>
   <div class='ocr_carea' id='block_1_66' title="bbox 297 4271 1949 4360">
    <p class='ocr_par' dir='ltr' id='par_1_66' title="bbox 297 4271 1949 4360">
     <span class='ocr_line' id='line_1_66' title="bbox 297 4271 1949 4360; baseline 0.005 -31"><span class='ocrx_word' id='word_1_510' title='bbox 297 4271 460 4345; x_wconf 79' lang='grc' dir='ltr'>ϐῆναι</span> <span class='ocrx_word' id='word_1_511' title='bbox 490 4277 591 4346; x_wconf 83' lang='grc' dir='ltr'>τὴν</span> <span class='ocrx_word' id='word_1_512' title='bbox 640 4276 834 4331; x_wconf 71' lang='grc' dir='ltr'>ἑαυτοῦ</span> <span class='ocrx_word' id='word_1_513' title='bbox 884 4277 1034 4332; x_wconf 76' lang='grc' dir='ltr'>σκιὰν</span> <span class='ocrx_word' id='word_1_514' title='bbox 1089 4279 1484 4355; x_wconf 78' lang='grc' dir='ltr'>ὑποχωροῦσαν</span> <span class='ocrx_word' id='word_1_515' title='bbox 1533 4282 1764 4336; x_wconf 77' lang='grc' dir='ltr'>καθόσον</span> <span class='ocrx_word' id='word_1_516' title='bbox 1814 4285 1949 4360; x_wconf 86' lang='grc' dir='ltr'>πρό-</span> 
     </span>
    </p>
   </div>
   <div class='ocr_carea' id='block_1_67' title="bbox 301 4363 1947 4448">
    <p class='ocr_par' dir='ltr' id='par_1_67' title="bbox 301 4363 1947 4448">
     <span class='ocr_line' id='line_1_67' title="bbox 301 4363 1947 4448; baseline 0.005 -29"><span class='ocrx_word' id='word_1_517' title='bbox 301 4385 420 4438; x_wconf 81' lang='grc' dir='ltr'>ιμεν</span> <span class='ocrx_word' id='word_1_518' title='bbox 455 4367 589 4439; x_wconf 87' lang='grc'>(83),</span> <span class='ocrx_word' id='word_1_519' title='bbox 621 4363 711 4420; x_wconf 84' lang='grc' dir='ltr'><strong>καὶ</strong></span> <span class='ocrx_word' id='word_1_520' title='bbox 738 4366 800 4420; x_wconf 86' lang='grc' dir='ltr'>τὸ</span> <span class='ocrx_word' id='word_1_521' title='bbox 830 4363 943 4421; x_wconf 68' lang='grc' dir='ltr'>ἴσον</span> <span class='ocrx_word' id='word_1_522' title='bbox 978 4367 1057 4421; x_wconf 84' lang='grc' dir='ltr'>ἀεὶ</span> <span class='ocrx_word' id='word_1_523' title='bbox 1104 4369 1468 4445; x_wconf 70' lang='grc' dir='ltr'>προέχουσαν·</span> <span class='ocrx_word' id='word_1_524' title='bbox 1504 4367 1630 4425; x_wconf 80' lang='grc' dir='ltr'><strong>οὐδὲ</strong></span> <span class='ocrx_word' id='word_1_525' title='bbox 1670 4371 1802 4448; x_wconf 67' lang='grc' dir='ltr'>ὑπερ</span> <span class='ocrx_word' id='word_1_526' title='bbox 1849 4374 1947 4442; x_wconf 79' lang='grc' dir='ltr'><strong>τήν</strong></span> 
     </span>
    </p>
   </div>
   <div class='ocr_carea' id='block_1_68' title="bbox 298 4453 1947 4535">
    <p class='ocr_par' dir='ltr' id='par_1_68' title="bbox 298 4453 1947 4535">
     <span class='ocr_line' id='line_1_68' title="bbox 298 4453 1947 4535; baseline 0.005 -26"><span class='ocrx_word' id='word_1_527' title='bbox 298 4453 541 4530; x_wconf 76' lang='grc' dir='ltr'>κεφαλὴν</span> <span class='ocrx_word' id='word_1_528' title='bbox 612 4455 853 4529; x_wconf 72' lang='grc' dir='ltr'>γενέσθαι</span> <span class='ocrx_word' id='word_1_529' title='bbox 929 4457 1186 4527; x_wconf 86' lang='grc' dir='ltr'>σώματος</span> <span class='ocrx_word' id='word_1_530' title='bbox 1263 4456 1487 4534; x_wconf 74' lang='grc' dir='ltr'>μέγεθος</span> <span class='ocrx_word' id='word_1_531' title='bbox 1557 4459 1947 4535; x_wconf 77' lang='grc' dir='ltr'>ὑπερκειμένην</span> 
     </span>
    </p>
   </div>
   <div class='ocr_carea' id='block_1_69' title="bbox 2128 2499 3710 2572">
    <p class='ocr_par' dir='ltr' id='par_1_69' title="bbox 2128 2499 3710 2572">
     <span class='ocr_line' id='line_1_69' title="bbox 2128 2499 3710 2572; baseline -0.003 -15"><span class='ocrx_word' id='word_1_532' title='bbox 2128 2501 2299 2558; x_wconf 83' lang='lat' dir='ltr'><strong>XXII.</strong></span> <span class='ocrx_word' id='word_1_533' title='bbox 2333 2503 2612 2568; x_wconf 87' lang='lat' dir='ltr'><strong>Quocirca</strong></span> <span class='ocrx_word' id='word_1_534' title='bbox 2640 2503 2895 2558; x_wconf 90' lang='lat' dir='ltr'><strong>Verbum</strong></span> <span class='ocrx_word' id='word_1_535' title='bbox 2921 2501 3047 2571; x_wconf 90' lang='lat' dir='ltr'><strong>jam</strong></span> <span class='ocrx_word' id='word_1_536' title='bbox 3079 2499 3588 2572; x_wconf 89' lang='lat' dir='ltr'><strong>sequamur,illam</strong></span> <span class='ocrx_word' id='word_1_537' title='bbox 3622 2515 3710 2553; x_wconf 86' lang='lat' dir='ltr'><strong>re-</strong></span> 
     </span>
    </p>
   </div>
   <div class='ocr_carea' id='block_1_70' title="bbox 2059 2587 3710 2664">
    <p class='ocr_par' dir='ltr' id='par_1_70' title="bbox 2059 2587 3710 2664">
     <span class='ocr_line' id='line_1_70' title="bbox 2059 2587 3710 2664; baseline -0.001 -21"><span class='ocrx_word' id='word_1_538' title='bbox 2059 2591 2254 2664; x_wconf 86' lang='lat' dir='ltr'><strong>quiem</strong></span> <span class='ocrx_word' id='word_1_539' title='bbox 2305 2608 2660 2663; x_wconf 71' lang='lat' dir='ltr'><strong>quaeramus,</strong></span> <span class='ocrx_word' id='word_1_540' title='bbox 2690 2591 2869 2661; x_wconf 89' lang='lat' dir='ltr'><strong>hujus</strong></span> <span class='ocrx_word' id='word_1_541' title='bbox 2900 2592 3028 2644; x_wconf 71' lang='lat' dir='ltr'><strong>vitea</strong></span> <span class='ocrx_word' id='word_1_542' title='bbox 3059 2606 3198 2661; x_wconf 84' lang='lat' dir='ltr'><strong>opes</strong></span> <span class='ocrx_word' id='word_1_543' title='bbox 3250 2593 3307 2642; x_wconf 87' lang='lat' dir='ltr'><strong>et</strong></span> <span class='ocrx_word' id='word_1_544' title='bbox 3336 2588 3534 2660; x_wconf 87' lang='lat' dir='ltr'><strong>copias</strong></span> <span class='ocrx_word' id='word_1_545' title='bbox 3564 2587 3710 2658; x_wconf 91' lang='lat' dir='ltr'><strong>abji-</strong></span> 
     </span>
    </p>
   </div>
   <div class='ocr_carea' id='block_1_71' title="bbox 2058 2676 3711 2752">
    <p class='ocr_par' dir='ltr' id='par_1_71' title="bbox 2058 2676 3711 2752">
     <span class='ocr_line' id='line_1_71' title="bbox 2058 2676 3711 2752; baseline -0.002 -17"><span class='ocrx_word' id='word_1_546' title='bbox 2058 2681 2285 2736; x_wconf 83' lang='lat' dir='ltr'><strong>ciamus</strong></span> <span class='ocrx_word' id='word_1_547' title='bbox 2310 2725 2322 2748; x_wconf 90' lang='lat'><strong>,</strong></span> <span class='ocrx_word' id='word_1_548' title='bbox 2357 2681 2464 2736; x_wconf 91' lang='lat' dir='ltr'><strong>hoc</strong></span> <span class='ocrx_word' id='word_1_549' title='bbox 2496 2681 2711 2748; x_wconf 88' lang='lat' dir='ltr'><strong>solum,</strong></span> <span class='ocrx_word' id='word_1_550' title='bbox 2744 2682 2897 2752; x_wconf 94' lang='lat' dir='ltr'><strong>quod</strong></span> <span class='ocrx_word' id='word_1_551' title='bbox 2931 2680 2989 2733; x_wconf 92' lang='lat' dir='ltr'><strong>in</strong></span> <span class='ocrx_word' id='word_1_552' title='bbox 3023 2679 3168 2751; x_wconf 83' lang='lat' dir='ltr'><strong>ipsis</strong></span> <span class='ocrx_word' id='word_1_553' title='bbox 3216 2678 3350 2734; x_wconf 90' lang='lat' dir='ltr'><strong>boni</strong></span> <span class='ocrx_word' id='word_1_554' title='bbox 3384 2681 3492 2746; x_wconf 90' lang='lat' dir='ltr'><strong>est,</strong></span> <span class='ocrx_word' id='word_1_555' title='bbox 3522 2676 3711 2732; x_wconf 85' lang='lat' dir='ltr'><strong>lucre-</strong></span> 
     </span>
    </p>
   </div>
   <div class='ocr_carea' id='block_1_72' title="bbox 2059 2767 3712 2841">
    <p class='ocr_par' dir='ltr' id='par_1_72' title="bbox 2059 2767 3712 2841">
     <span class='ocr_line' id='line_1_72' title="bbox 2059 2767 3712 2841; baseline -0.001 -18"><span class='ocrx_word' id='word_1_556' title='bbox 2059 2787 2211 2841; x_wconf 87' lang='lat' dir='ltr'><strong>mur,</strong></span> <span class='ocrx_word' id='word_1_557' title='bbox 2244 2787 2454 2841; x_wconf 89' lang='lat' dir='ltr'><strong>nempe</strong></span> <span class='ocrx_word' id='word_1_558' title='bbox 2509 2775 2573 2824; x_wconf 93' lang='lat' dir='ltr'><strong>ut</strong></span> <span class='ocrx_word' id='word_1_559' title='bbox 2631 2770 2860 2824; x_wconf 88' lang='lat' dir='ltr'><strong>animas</strong></span> <span class='ocrx_word' id='word_1_560' title='bbox 2917 2773 3149 2824; x_wconf 86' lang='lat' dir='ltr'><strong>nostras</strong></span> <span class='ocrx_word' id='word_1_561' title='bbox 3208 2768 3267 2822; x_wconf 91' lang='lat' dir='ltr'><strong>in</strong></span> <span class='ocrx_word' id='word_1_562' title='bbox 3326 2767 3712 2838; x_wconf 81' lang='lat' dir='ltr'><strong>eleemosynis</strong></span> 
     </span>
    </p>
   </div>
   <div class='ocr_carea' id='block_1_73' title="bbox 2058 2854 3716 2930">
    <p class='ocr_par' dir='ltr' id='par_1_73' title="bbox 2058 2854 3716 2930">
     <span class='ocr_line' id='line_1_73' title="bbox 2058 2854 3716 2930; baseline -0.002 -17"><span class='ocrx_word' id='word_1_563' title='bbox 2058 2858 2770 2930; x_wconf 88' lang='lat' dir='ltr'><strong>acquiramus.facultates</strong></span> <span class='ocrx_word' id='word_1_564' title='bbox 2795 2863 3026 2913; x_wconf 84' lang='lat' dir='ltr'><strong>nostras</strong></span> <span class='ocrx_word' id='word_1_565' title='bbox 3042 2857 3393 2928; x_wconf 82' lang='lat' dir='ltr'><strong>pauperibus</strong></span> <span class='ocrx_word' id='word_1_566' title='bbox 3416 2854 3716 2926; x_wconf 82' lang='lat' dir='ltr'><strong>impertia-</strong></span> 
     </span>
    </p>
   </div>
   <div class='ocr_carea' id='block_1_74' title="bbox 2065 2947 3715 3017">
    <p class='ocr_par' dir='ltr' id='par_1_74' title="bbox 2065 2947 3715 3017">
     <span class='ocr_line' id='line_1_74' title="bbox 2065 2947 3715 3017; baseline -0.003 -15"><span class='ocrx_word' id='word_1_567' title='bbox 2065 2952 2289 3017; x_wconf 89' lang='lat' dir='ltr'><strong>mur,ut</strong></span> <span class='ocrx_word' id='word_1_568' title='bbox 2311 2947 2644 3002; x_wconf 75' lang='lat' dir='ltr'><strong>cmlestibus</strong></span> <span class='ocrx_word' id='word_1_569' title='bbox 2673 2948 2948 3002; x_wconf 91' lang='lat' dir='ltr'><strong>ditemur.</strong></span> <span class='ocrx_word' id='word_1_570' title='bbox 2983 2947 3203 3002; x_wconf 71' lang='lat' dir='ltr'><strong>Animas</strong></span> <span class='ocrx_word' id='word_1_571' title='bbox 3225 2961 3456 3017; x_wconf 90' lang='lat' dir='ltr'><strong>quoque</strong></span> <span class='ocrx_word' id='word_1_572' title='bbox 3488 2947 3715 3015; x_wconf 87' lang='lat' dir='ltr'><strong>partem</strong></span> 
     </span>
    </p>
   </div>
   <div class='ocr_carea' id='block_1_75' title="bbox 2057 3035 3717 3109">
    <p class='ocr_par' dir='ltr' id='par_1_75' title="bbox 2057 3035 3717 3109">
     <span class='ocr_line' id='line_1_75' title="bbox 2057 3035 3717 3109; baseline -0.002 -19"><span class='ocrx_word' id='word_1_573' title='bbox 2057 3038 2276 3104; x_wconf 90' lang='lat' dir='ltr'><strong>da,non</strong></span> <span class='ocrx_word' id='word_1_574' title='bbox 2309 3039 2465 3093; x_wconf 88' lang='lat' dir='ltr'><strong>carni</strong></span> <span class='ocrx_word' id='word_1_575' title='bbox 2501 3039 2785 3093; x_wconf 87' lang='lat' dir='ltr'><strong>duntaxat</strong></span> <span class='ocrx_word' id='word_1_576' title='bbox 2809 3063 2822 3098; x_wconf 72' lang='grc' dir='ltr'>ι</span> <span class='ocrx_word' id='word_1_577' title='bbox 2857 3038 2972 3092; x_wconf 91' lang='lat' dir='ltr'><strong>Deo</strong></span> <span class='ocrx_word' id='word_1_578' title='bbox 2996 3053 3229 3109; x_wconf 90' lang='lat' dir='ltr'><strong>quoque</strong></span> <span class='ocrx_word' id='word_1_579' title='bbox 3250 3041 3473 3108; x_wconf 87' lang='lat' dir='ltr'><strong>partem</strong></span> <span class='ocrx_word' id='word_1_580' title='bbox 3498 3035 3717 3100; x_wconf 90' lang='lat' dir='ltr'><strong>da,non</strong></span> 
     </span>
    </p>
   </div>
   <div class='ocr_carea' id='block_1_76' title="bbox 2060 3121 3722 3199">
    <p class='ocr_par' dir='ltr' id='par_1_76' title="bbox 2060 3121 3722 3199">
     <span class='ocr_line' id='line_1_76' title="bbox 2060 3121 3722 3199; baseline -0.002 -20"><span class='ocrx_word' id='word_1_581' title='bbox 2060 3127 2279 3182; x_wconf 91' lang='lat' dir='ltr'><strong>mundo</strong></span> <span class='ocrx_word' id='word_1_582' title='bbox 2313 3132 2538 3182; x_wconf 87' lang='lat' dir='ltr'><strong>tantum</strong></span> <span class='ocrx_word' id='word_1_583' title='bbox 2573 3146 2585 3194; x_wconf 88' lang='lat'><strong>;</strong></span> <span class='ocrx_word' id='word_1_584' title='bbox 2619 3127 2805 3182; x_wconf 88' lang='lat' dir='ltr'><strong>ventri</strong></span> <span class='ocrx_word' id='word_1_585' title='bbox 2839 3125 3058 3199; x_wconf 88' lang='lat' dir='ltr'><strong>aliquid</strong></span> <span class='ocrx_word' id='word_1_586' title='bbox 3093 3123 3456 3192; x_wconf 87' lang='lat' dir='ltr'><strong>subtrahe,et</strong></span> <span class='ocrx_word' id='word_1_587' title='bbox 3486 3121 3722 3196; x_wconf 88' lang='lat' dir='ltr'><strong>spiritui</strong></span> 
     </span>
    </p>
   </div>
   <div class='ocr_carea' id='block_1_77' title="bbox 2059 3215 3723 3288">
    <p class='ocr_par' dir='ltr' id='par_1_77' title="bbox 2059 3215 3723 3288">
     <span class='ocr_line' id='line_1_77' title="bbox 2059 3215 3723 3288; baseline -0.002 -18"><span class='ocrx_word' id='word_1_588' title='bbox 2059 3233 2370 3282; x_wconf 86' lang='lat' dir='ltr'><strong>consecra;</strong></span> <span class='ocrx_word' id='word_1_589' title='bbox 2405 3217 2524 3288; x_wconf 80' lang='lat' dir='ltr'><strong>igni</strong></span> <span class='ocrx_word' id='word_1_590' title='bbox 2557 3217 2778 3288; x_wconf 85' lang='lat' dir='ltr'><strong>aliquid</strong></span> <span class='ocrx_word' id='word_1_591' title='bbox 2811 3216 3062 3288; x_wconf 88' lang='lat' dir='ltr'><strong>eripe,ac</strong></span> <span class='ocrx_word' id='word_1_592' title='bbox 3079 3215 3281 3287; x_wconf 87' lang='lat' dir='ltr'><strong>procul</strong></span> <span class='ocrx_word' id='word_1_593' title='bbox 3310 3230 3343 3269; x_wconf 90' lang='lat' dir='ltr'><strong>a</strong></span> <span class='ocrx_word' id='word_1_594' title='bbox 3373 3215 3723 3285; x_wconf 85' lang='lat' dir='ltr'><strong>depascente</strong></span> 
     </span>
    </p>
   </div>
   <div class='ocr_carea' id='block_1_78' title="bbox 2064 3304 3722 3376">
    <p class='ocr_par' dir='ltr' id='par_1_78' title="bbox 2064 3304 3722 3376">
     <span class='ocr_line' id='line_1_78' title="bbox 2064 3304 3722 3376; baseline -0.002 -18"><span class='ocrx_word' id='word_1_595' title='bbox 2064 3305 2301 3360; x_wconf 86' lang='lat' dir='ltr'><strong>flamma</strong></span> <span class='ocrx_word' id='word_1_596' title='bbox 2331 3307 2616 3374; x_wconf 86' lang='lat' dir='ltr'><strong>reconde;</strong></span> <span class='ocrx_word' id='word_1_597' title='bbox 2651 3323 2685 3360; x_wconf 90' lang='lat' dir='ltr'><strong>a</strong></span> <span class='ocrx_word' id='word_1_598' title='bbox 2714 3311 2958 3374; x_wconf 84' lang='lat' dir='ltr'><strong>tyranno</strong></span> <span class='ocrx_word' id='word_1_599' title='bbox 2991 3305 3166 3376; x_wconf 88' lang='lat' dir='ltr'><strong>eripe,</strong></span> <span class='ocrx_word' id='word_1_600' title='bbox 3195 3320 3260 3359; x_wconf 91' lang='lat' dir='ltr'><strong>ac</strong></span> <span class='ocrx_word' id='word_1_601' title='bbox 3292 3304 3533 3358; x_wconf 90' lang='lat' dir='ltr'><strong>Domino</strong></span> <span class='ocrx_word' id='word_1_602' title='bbox 3564 3319 3722 3357; x_wconf 90' lang='lat' dir='ltr'><strong>com-</strong></span> 
     </span>
    </p>
   </div>
   <div class='ocr_carea' id='block_1_79' title="bbox 2071 3394 3724 3468">
    <p class='ocr_par' dir='ltr' id='par_1_79' title="bbox 2071 3394 3724 3468">
     <span class='ocr_line' id='line_1_79' title="bbox 2071 3394 3724 3468; baseline -0.001 -20"><span class='ocrx_word' id='word_1_603' title='bbox 2071 3397 2258 3450; x_wconf 89' lang='lat' dir='ltr'><strong>mitte.</strong></span> <span class='ocrx_word' id='word_1_604' title='bbox 2296 3399 2370 3450; x_wconf 85' lang='lat' dir='ltr'><strong>Da</strong></span> <span class='ocrx_word' id='word_1_605' title='bbox 2418 3400 2628 3467; x_wconf 84' lang='lat' dir='ltr'><strong>partem</strong></span> <span class='ocrx_word' id='word_1_606' title='bbox 2657 3402 2890 3468; x_wconf 77' lang='lat' dir='ltr'><strong>septem,</strong></span> <span class='ocrx_word' id='word_1_607' title='bbox 2923 3396 3032 3450; x_wconf 92' lang='lat' dir='ltr'><strong>hoc</strong></span> <span class='ocrx_word' id='word_1_608' title='bbox 3083 3401 3170 3450; x_wconf 90' lang='lat' dir='ltr'><strong>est</strong></span> <span class='ocrx_word' id='word_1_609' title='bbox 3196 3394 3333 3449; x_wconf 91' lang='lat' dir='ltr'><strong>huic</strong></span> <span class='ocrx_word' id='word_1_610' title='bbox 3381 3395 3531 3462; x_wconf 68' lang='lat' dir='ltr'><strong>vitae,</strong></span> <span class='ocrx_word' id='word_1_611' title='bbox 3564 3400 3724 3464; x_wconf 77' lang='lat' dir='ltr'><strong>atque</strong></span> 
     </span>
    </p>
   </div>
   <div class='ocr_carea' id='block_1_80' title="bbox 2061 3482 3719 3556">
    <p class='ocr_par' dir='ltr' id='par_1_80' title="bbox 2061 3482 3719 3556">
     <span class='ocr_line' id='line_1_80' title="bbox 2061 3482 3719 3556; baseline -0.002 -18"><span class='ocrx_word' id='word_1_612' title='bbox 2061 3487 2228 3539; x_wconf 78' lang='lat' dir='ltr'><strong>ctiam</strong></span> <span class='ocrx_word' id='word_1_613' title='bbox 2257 3489 2368 3541; x_wconf 79' lang='lat' dir='ltr'><strong>octo</strong></span> <span class='ocrx_word' id='word_1_614' title='bbox 2400 3487 2462 3554; x_wconf 66' lang='grc' dir='ltr'><strong>σο,</strong></span> <span class='ocrx_word' id='word_1_615' title='bbox 2496 3486 2550 3538; x_wconf 87' lang='lat' dir='ltr'><strong>id</strong></span> <span class='ocrx_word' id='word_1_616' title='bbox 2586 3491 2693 3554; x_wconf 77' lang='lat' dir='ltr'><strong>est,</strong></span> <span class='ocrx_word' id='word_1_617' title='bbox 2725 3486 2775 3539; x_wconf 93' lang='lat' dir='ltr'><strong>ei</strong></span> <span class='ocrx_word' id='word_1_618' title='bbox 2806 3502 2931 3556; x_wconf 62' lang='lat' dir='ltr'><strong>quae</strong></span> <span class='ocrx_word' id='word_1_619' title='bbox 2956 3489 3088 3556; x_wconf 89' lang='lat' dir='ltr'><strong>post</strong></span> <span class='ocrx_word' id='word_1_620' title='bbox 3119 3483 3269 3538; x_wconf 87' lang='lat' dir='ltr'><strong>hanc</strong></span> <span class='ocrx_word' id='word_1_621' title='bbox 3292 3498 3397 3537; x_wconf 90' lang='lat' dir='ltr'><strong>nos</strong></span> <span class='ocrx_word' id='word_1_622' title='bbox 3428 3482 3675 3552; x_wconf 87' lang='lat' dir='ltr'><strong>excipiet</strong></span> <span class='ocrx_word' id='word_1_623' title='bbox 3707 3497 3719 3534; x_wconf 92' lang='lat'>:</span> 
     </span>
    </p>
   </div>
   <div class='ocr_carea' id='block_1_81' title="bbox 2061 3570 3724 3645">
    <p class='ocr_par' dir='ltr' id='par_1_81' title="bbox 2061 3570 3724 3645">
     <span class='ocr_line' id='line_1_81' title="bbox 2061 3570 3724 3645; baseline -0.002 -19"><span class='ocrx_word' id='word_1_624' title='bbox 2061 3575 2134 3627; x_wconf 84' lang='lat' dir='ltr'><strong>da</strong></span> <span class='ocrx_word' id='word_1_625' title='bbox 2161 3574 2434 3645; x_wconf 83' lang='lat' dir='ltr'><strong>exiguum</strong></span> <span class='ocrx_word' id='word_1_626' title='bbox 2470 3574 2581 3642; x_wconf 87' lang='lat' dir='ltr'><strong>ei,a</strong></span> <span class='ocrx_word' id='word_1_627' title='bbox 2613 3591 2728 3645; x_wconf 92' lang='lat' dir='ltr'><strong>quo</strong></span> <span class='ocrx_word' id='word_1_628' title='bbox 2763 3573 3012 3628; x_wconf 90' lang='lat' dir='ltr'><strong>multum</strong></span> <span class='ocrx_word' id='word_1_629' title='bbox 3045 3572 3222 3626; x_wconf 89' lang='lat' dir='ltr'><strong>babes</strong></span> <span class='ocrx_word' id='word_1_630' title='bbox 3247 3587 3259 3626; x_wconf 89' lang='lat'><strong>:</strong></span> <span class='ocrx_word' id='word_1_631' title='bbox 3287 3571 3359 3625; x_wconf 91' lang='lat' dir='ltr'><strong>da</strong></span> <span class='ocrx_word' id='word_1_632' title='bbox 3388 3570 3564 3624; x_wconf 89' lang='lat' dir='ltr'><strong>etiam</strong></span> <span class='ocrx_word' id='word_1_633' title='bbox 3598 3585 3724 3623; x_wconf 89' lang='lat' dir='ltr'><strong>om-</strong></span> 
     </span>
    </p>
   </div>
   <div class='ocr_carea' id='block_1_82' title="bbox 2062 3658 3726 3735">
    <p class='ocr_par' dir='ltr' id='par_1_82' title="bbox 2062 3658 3726 3735">
     <span class='ocr_line' id='line_1_82' title="bbox 2062 3658 3726 3735; baseline -0.003 -19"><span class='ocrx_word' id='word_1_634' title='bbox 2062 3663 2158 3718; x_wconf 90' lang='lat' dir='ltr'><strong>nia</strong></span> <span class='ocrx_word' id='word_1_635' title='bbox 2189 3664 2365 3735; x_wconf 87' lang='lat' dir='ltr'><strong>ei,qui</strong></span> <span class='ocrx_word' id='word_1_636' title='bbox 2400 3665 2598 3717; x_wconf 88' lang='lat' dir='ltr'><strong>omnia</strong></span> <span class='ocrx_word' id='word_1_637' title='bbox 2629 3662 3214 3729; x_wconf 81' lang='lat' dir='ltr'><strong>donavit.Nunquam</strong></span> <span class='ocrx_word' id='word_1_638' title='bbox 3250 3658 3344 3714; x_wconf 89' lang='lat' dir='ltr'><strong>Dei</strong></span> <span class='ocrx_word' id='word_1_639' title='bbox 3378 3659 3726 3713; x_wconf 84' lang='lat' dir='ltr'><strong>muniﬁcen-</strong></span> 
     </span>
    </p>
   </div>
   <div class='ocr_carea' id='block_1_83' title="bbox 2062 3745 3721 3817">
    <p class='ocr_par' dir='ltr' id='par_1_83' title="bbox 2062 3745 3721 3817">
     <span class='ocr_line' id='line_1_83' title="bbox 2062 3745 3721 3817; baseline -0.004 -11"><span class='ocrx_word' id='word_1_640' title='bbox 2062 3753 2203 3806; x_wconf 82' lang='lat' dir='ltr'><strong>tiam</strong></span> <span class='ocrx_word' id='word_1_641' title='bbox 2261 3753 2480 3815; x_wconf 86' lang='lat' dir='ltr'><strong>vinces,</strong></span> <span class='ocrx_word' id='word_1_642' title='bbox 2530 3751 2760 3806; x_wconf 87' lang='lat' dir='ltr'><strong>etiamsi</strong></span> <span class='ocrx_word' id='word_1_643' title='bbox 2820 3749 3017 3804; x_wconf 90' lang='lat' dir='ltr'><strong>omnia</strong></span> <span class='ocrx_word' id='word_1_644' title='bbox 3057 3753 3158 3804; x_wconf 91' lang='lat' dir='ltr'><strong>tua</strong></span> <span class='ocrx_word' id='word_1_645' title='bbox 3214 3749 3365 3802; x_wconf 88' lang='lat' dir='ltr'><strong>bona</strong></span> <span class='ocrx_word' id='word_1_646' title='bbox 3425 3745 3721 3817; x_wconf 87' lang='lat' dir='ltr'><strong>projioias,</strong></span> 
     </span>
    </p>
   </div>
   <div class='ocr_carea' id='block_1_84' title="bbox 2059 3834 3717 3910">
    <p class='ocr_par' dir='ltr' id='par_1_84' title="bbox 2059 3834 3717 3910">
     <span class='ocr_line' id='line_1_84' title="bbox 2059 3834 3717 3910; baseline -0.004 -16"><span class='ocrx_word' id='word_1_647' title='bbox 2059 3841 2290 3896; x_wconf 89' lang='lat' dir='ltr'><strong>etiamsi</strong></span> <span class='ocrx_word' id='word_1_648' title='bbox 2323 3845 2377 3895; x_wconf 91' lang='lat' dir='ltr'><strong>te</strong></span> <span class='ocrx_word' id='word_1_649' title='bbox 2409 3842 2584 3893; x_wconf 79' lang='lat' dir='ltr'><strong>etiam</strong></span> <span class='ocrx_word' id='word_1_650' title='bbox 2638 3841 2830 3910; x_wconf 86' lang='lat' dir='ltr'><strong>ipsum</strong></span> <span class='ocrx_word' id='word_1_651' title='bbox 2866 3838 3035 3893; x_wconf 88' lang='lat' dir='ltr'><strong>bonis</strong></span> <span class='ocrx_word' id='word_1_652' title='bbox 3069 3837 3188 3892; x_wconf 91' lang='lat' dir='ltr'><strong>tuis</strong></span> <span class='ocrx_word' id='word_1_653' title='bbox 3224 3837 3534 3906; x_wconf 79' lang='lat' dir='ltr'><strong>adiungas.</strong></span> <span class='ocrx_word' id='word_1_654' title='bbox 3569 3834 3717 3888; x_wconf 86' lang='lat' dir='ltr'><strong>Nam</strong></span> 
     </span>
    </p>
   </div>
   <div class='ocr_carea' id='block_1_85' title="bbox 2063 3922 3718 4002">
    <p class='ocr_par' dir='ltr' id='par_1_85' title="bbox 2063 3922 3718 4002">
     <span class='ocr_line' id='line_1_85' title="bbox 2063 3922 3718 4002; baseline -0.005 -18"><span class='ocrx_word' id='word_1_655' title='bbox 2063 3930 2167 3984; x_wconf 92' lang='lat' dir='ltr'><strong>hoc</strong></span> <span class='ocrx_word' id='word_1_656' title='bbox 2200 3947 2428 4002; x_wconf 88' lang='lat' dir='ltr'><strong>quoque</strong></span> <span class='ocrx_word' id='word_1_657' title='bbox 2462 3931 2657 4000; x_wconf 90' lang='lat' dir='ltr'><strong>ipsum</strong></span> <span class='ocrx_word' id='word_1_658' title='bbox 2689 3929 2950 4000; x_wconf 89' lang='lat' dir='ltr'><strong>accipere</strong></span> <span class='ocrx_word' id='word_1_659' title='bbox 2979 3932 3087 3996; x_wconf 89' lang='lat' dir='ltr'><strong>est,</strong></span> <span class='ocrx_word' id='word_1_660' title='bbox 3110 3941 3318 3996; x_wconf 91' lang='lat' dir='ltr'><strong>nempe</strong></span> <span class='ocrx_word' id='word_1_661' title='bbox 3355 3926 3464 3979; x_wconf 82' lang='grc' dir='ltr'><strong>Ι)οο</strong></span> <span class='ocrx_word' id='word_1_662' title='bbox 3491 3922 3718 3979; x_wconf 86' lang='lat' dir='ltr'><strong>donari.</strong></span> 
     </span>
    </p>
   </div>
   <div class='ocr_carea' id='block_1_86' title="bbox 2059 4011 3724 4089">
    <p class='ocr_par' dir='ltr' id='par_1_86' title="bbox 2059 4011 3724 4089">
     <span class='ocr_line' id='line_1_86' title="bbox 2059 4011 3724 4089; baseline -0.004 -16"><span class='ocrx_word' id='word_1_663' title='bbox 2059 4025 2588 4089; x_wconf 85' lang='lat' dir='ltr'><strong>Quantumcunque</strong></span> <span class='ocrx_word' id='word_1_664' title='bbox 2609 4016 3128 4088; x_wconf 85' lang='lat' dir='ltr'><strong>contuleris,plura</strong></span> <span class='ocrx_word' id='word_1_665' title='bbox 3147 4020 3341 4070; x_wconf 86' lang='lat' dir='ltr'><strong>tamen</strong></span> <span class='ocrx_word' id='word_1_666' title='bbox 3365 4014 3470 4069; x_wconf 89' lang='lat' dir='ltr'><strong>tibi</strong></span> <span class='ocrx_word' id='word_1_667' title='bbox 3497 4011 3724 4084; x_wconf 88' lang='lat' dir='ltr'><strong>reliqua</strong></span> 
     </span>
    </p>
   </div>
   <div class='ocr_carea' id='block_1_87' title="bbox 2059 4101 3720 4179">
    <p class='ocr_par' dir='ltr' id='par_1_87' title="bbox 2059 4101 3720 4179">
     <span class='ocr_line' id='line_1_87' title="bbox 2059 4101 3720 4179; baseline -0.004 -16"><span class='ocrx_word' id='word_1_668' title='bbox 2059 4113 2233 4163; x_wconf 87' lang='lat' dir='ltr'><strong>erunt</strong></span> <span class='ocrx_word' id='word_1_669' title='bbox 2264 4127 2275 4163; x_wconf 94' lang='lat'>:</span> <span class='ocrx_word' id='word_1_670' title='bbox 2314 4125 2416 4162; x_wconf 91' lang='lat' dir='ltr'><strong>nec</strong></span> <span class='ocrx_word' id='word_1_671' title='bbox 2446 4107 2769 4179; x_wconf 88' lang='lat' dir='ltr'><strong>quidquam</strong></span> <span class='ocrx_word' id='word_1_672' title='bbox 2804 4112 2973 4160; x_wconf 89' lang='lat' dir='ltr'><strong>tuum</strong></span> <span class='ocrx_word' id='word_1_673' title='bbox 3020 4105 3210 4175; x_wconf 89' lang='lat' dir='ltr'><strong>dabis,</strong></span> <span class='ocrx_word' id='word_1_674' title='bbox 3245 4101 3720 4175; x_wconf 85' lang='lat' dir='ltr'><strong>quandoquidem</strong></span> 
     </span>
    </p>
   </div>
   <div class='ocr_carea' id='block_1_88' title="bbox 2059 4193 3726 4268">
    <p class='ocr_par' dir='ltr' id='par_1_88' title="bbox 2059 4193 3726 4268">
     <span class='ocr_line' id='line_1_88' title="bbox 2059 4193 3726 4268; baseline -0.005 -16"><span class='ocrx_word' id='word_1_675' title='bbox 2059 4199 2260 4253; x_wconf 87' lang='lat' dir='ltr'><strong>omnia</strong></span> <span class='ocrx_word' id='word_1_676' title='bbox 2289 4215 2320 4252; x_wconf 92' lang='lat' dir='ltr'><strong>a</strong></span> <span class='ocrx_word' id='word_1_677' title='bbox 2354 4199 2468 4252; x_wconf 87' lang='lat' dir='ltr'><strong>Deo</strong></span> <span class='ocrx_word' id='word_1_678' title='bbox 2503 4197 2843 4251; x_wconf 86' lang='lat' dir='ltr'><strong>manant.Et</strong></span> <span class='ocrx_word' id='word_1_679' title='bbox 2873 4193 3371 4268; x_wconf 89' lang='lat' dir='ltr'><strong>quemadmodum</strong></span> <span class='ocrx_word' id='word_1_680' title='bbox 3407 4206 3577 4246; x_wconf 91' lang='lat' dir='ltr'><strong>nemo</strong></span> <span class='ocrx_word' id='word_1_681' title='bbox 3599 4206 3726 4244; x_wconf 89' lang='lat' dir='ltr'><strong>um-</strong></span> 
     </span>
    </p>
   </div>
   <div class='ocr_carea' id='block_1_89' title="bbox 2061 4285 3724 4360">
    <p class='ocr_par' dir='ltr' id='par_1_89' title="bbox 2061 4285 3724 4360">
     <span class='ocr_line' id='line_1_89' title="bbox 2061 4285 3724 4360; baseline -0.007 -17"><span class='ocrx_word' id='word_1_682' title='bbox 2061 4289 2225 4343; x_wconf 90' lang='lat' dir='ltr'><strong>bram</strong></span> <span class='ocrx_word' id='word_1_683' title='bbox 2264 4304 2434 4342; x_wconf 86' lang='lat' dir='ltr'><strong>suam</strong></span> <span class='ocrx_word' id='word_1_684' title='bbox 2470 4286 2750 4360; x_wconf 68' lang='lat' dir='ltr'><strong>praegredi</strong></span> <span class='ocrx_word' id='word_1_685' title='bbox 2783 4288 3066 4357; x_wconf 87' lang='lat' dir='ltr'><strong>potest,ut</strong></span> <span class='ocrx_word' id='word_1_686' title='bbox 3098 4300 3247 4355; x_wconf 55' lang='lat' dir='ltr'><strong>quas.</strong></span> <span class='ocrx_word' id='word_1_687' title='bbox 3275 4285 3563 4352; x_wconf 88' lang='lat' dir='ltr'><strong>quantum</strong></span> <span class='ocrx_word' id='word_1_688' title='bbox 3591 4295 3724 4351; x_wconf 90' lang='lat' dir='ltr'><strong>pro-</strong></span> 
     </span>
    </p>
   </div>
   <div class='ocr_carea' id='block_1_90' title="bbox 2061 4371 3728 4449">
    <p class='ocr_par' dir='ltr' id='par_1_90' title="bbox 2061 4371 3728 4449">
     <span class='ocr_line' id='line_1_90' title="bbox 2061 4371 3728 4449; baseline -0.006 -17"><span class='ocrx_word' id='word_1_689' title='bbox 2061 4377 2616 4449; x_wconf 89' lang='lat' dir='ltr'><strong>gredimur,tantum</strong></span> <span class='ocrx_word' id='word_1_690' title='bbox 2641 4377 2816 4431; x_wconf 90' lang='lat' dir='ltr'><strong>etiam</strong></span> <span class='ocrx_word' id='word_1_691' title='bbox 2834 4390 2895 4431; x_wconf 84' lang='lat' dir='ltr'><strong>se</strong></span> <span class='ocrx_word' id='word_1_692' title='bbox 2919 4371 3485 4444; x_wconf 88' lang='lat' dir='ltr'><strong>subducat,parique</strong></span> <span class='ocrx_word' id='word_1_693' title='bbox 3498 4383 3728 4439; x_wconf 88' lang='lat' dir='ltr'><strong>semper</strong></span> 
     </span>
    </p>
   </div>
   <div class='ocr_carea' id='block_1_91' title="bbox 2061 4457 3729 4534">
    <p class='ocr_par' dir='ltr' id='par_1_91' title="bbox 2061 4457 3729 4534">
     <span class='ocr_line' id='line_1_91' title="bbox 2061 4457 3729 4534; baseline -0.004 -15"><span class='ocrx_word' id='word_1_694' title='bbox 2061 4465 2366 4521; x_wconf 89' lang='lat' dir='ltr'><strong>intervallo</strong></span> <span class='ocrx_word' id='word_1_695' title='bbox 2400 4483 2504 4522; x_wconf 92' lang='lat' dir='ltr'><strong>nos</strong></span> <span class='ocrx_word' id='word_1_696' title='bbox 2555 4465 2897 4532; x_wconf 80' lang='lat' dir='ltr'><strong>antecedat;</strong></span> <span class='ocrx_word' id='word_1_697' title='bbox 2930 4480 3036 4518; x_wconf 92' lang='lat' dir='ltr'><strong>nec</strong></span> <span class='ocrx_word' id='word_1_698' title='bbox 3067 4461 3327 4534; x_wconf 90' lang='lat' dir='ltr'><strong>corporis</strong></span> <span class='ocrx_word' id='word_1_699' title='bbox 3373 4457 3729 4531; x_wconf 86' lang='lat' dir='ltr'><strong>magnitudo</strong></span> 
     </span>
    </p>
   </div>
   <div class='ocr_carea' id='block_1_92' title="bbox 372 4562 1961 4644">
    <p class='ocr_par' dir='ltr' id='par_1_92' title="bbox 372 4562 1961 4644">
     <span class='ocr_line' id='line_1_92' title="bbox 372 4562 1961 4644; baseline 0.007 -28"><span class='ocrx_word' id='word_1_700' title='bbox 372 4562 591 4644; x_wconf 37' lang='lat' dir='ltr'><strong>&quot;AGen.</strong></span> <span class='ocrx_word' id='word_1_701' title='bbox 636 4580 788 4634; x_wconf 82' lang='lat' dir='ltr'><strong>xux,</strong></span> <span class='ocrx_word' id='word_1_702' title='bbox 819 4563 907 4619; x_wconf 87' lang='grc'><strong>17.</strong></span> <span class='ocrx_word' id='word_1_703' title='bbox 985 4564 1028 4598; x_wconf 73' lang='grc'><strong>⁸⁵</strong></span> <span class='ocrx_word' id='word_1_704' title='bbox 1058 4564 1200 4620; x_wconf 88' lang='lat' dir='ltr'><strong>Gen.</strong></span> <span class='ocrx_word' id='word_1_705' title='bbox 1235 4581 1320 4633; x_wconf 85' lang='grc' dir='ltr'>ιιι,</span> <span class='ocrx_word' id='word_1_706' title='bbox 1357 4567 1443 4622; x_wconf 87' lang='grc'><strong>15.</strong></span> <span class='ocrx_word' id='word_1_707' title='bbox 1521 4568 1565 4603; x_wconf 82' lang='grc'><strong>⁰⁶</strong></span> <span class='ocrx_word' id='word_1_708' title='bbox 1594 4568 1748 4625; x_wconf 84' lang='lat' dir='ltr'><strong>Psal.</strong></span> <span class='ocrx_word' id='word_1_709' title='bbox 1784 4587 1862 4638; x_wconf 84' lang='lat' dir='ltr'><strong>1v,</strong></span> <span class='ocrx_word' id='word_1_710' title='bbox 1890 4573 1925 4626; x_wconf 90' lang='grc'>3</span> <span class='ocrx_word' id='word_1_711' title='bbox 1954 4589 1961 4627; x_wconf 78' lang='grc' dir='ltr'>ι</span> 
     </span>
    </p>
   </div>
   <div class='ocr_carea' id='block_1_93' title="bbox 2060 4562 3726 4644">
    <p class='ocr_par' dir='ltr' id='par_1_93' title="bbox 2060 4564 3726 4644">
     <span class='ocr_line' id='line_1_93' title="bbox 2060 4564 3726 4644; baseline -0.005 -16"><span class='ocrx_word' id='word_1_712' title='bbox 2060 4589 2114 4644; x_wconf 92' lang='lat' dir='ltr'><strong>q.</strong></span> <span class='ocrx_word' id='word_1_713' title='bbox 2191 4575 2232 4607; x_wconf 72' lang='lat'><strong>97</strong></span> <span class='ocrx_word' id='word_1_714' title='bbox 2266 4573 2435 4629; x_wconf 87' lang='lat' dir='ltr'><strong>Mich.</strong></span> <span class='ocrx_word' id='word_1_715' title='bbox 2495 4590 2554 4641; x_wconf 89' lang='grc' dir='ltr'><strong>ιι,</strong></span> <span class='ocrx_word' id='word_1_716' title='bbox 2605 4576 2659 4643; x_wconf 84' lang='grc'>9,</span> <span class='ocrx_word' id='word_1_717' title='bbox 2715 4573 2800 4627; x_wconf 90' lang='grc'><strong>10.</strong></span> <span class='ocrx_word' id='word_1_718' title='bbox 2878 4572 3116 4626; x_wconf 72' lang='lat' dir='ltr'><strong>98.Ioan.</strong></span> <span class='ocrx_word' id='word_1_719' title='bbox 3149 4586 3262 4639; x_wconf 75' lang='lat' dir='ltr'><strong>xu,</strong></span> <span class='ocrx_word' id='word_1_720' title='bbox 3294 4568 3382 4624; x_wconf 88' lang='grc'><strong>31.</strong></span> <span class='ocrx_word' id='word_1_721' title='bbox 3461 4567 3506 4602; x_wconf 79' lang='grc'><strong>⁹⁰</strong></span> <span class='ocrx_word' id='word_1_722' title='bbox 3535 4564 3726 4621; x_wconf 90' lang='lat' dir='ltr'><strong>Eocle.</strong></span> 
     </span>
    </p>
   </div>
   <div class='ocr_carea' id='block_1_94' title="bbox 297 4637 463 4701">
    <p class='ocr_par' dir='ltr' id='par_1_94' title="bbox 297 4637 463 4701">
     <span class='ocr_line' id='line_1_94' title="bbox 297 4637 463 4701; baseline -0.006 -11"><span class='ocrx_word' id='word_1_723' title='bbox 297 4649 378 4701; x_wconf 72' lang='grc' dir='ltr'>ιι,</span> <span class='ocrx_word' id='word_1_724' title='bbox 408 4637 463 4689; x_wconf 88' lang='lat'><strong>2.</strong></span> 
     </span>
    </p>
   </div>
   <div class='ocr_carea' id='block_1_95' title="bbox 373 4745 1294 4893">
    <p class='ocr_par' dir='ltr' id='par_1_95' title="bbox 373 4745 1294 4893">
     <span class='ocr_line' id='line_1_95' title="bbox 373 4745 1294 4893; baseline 0.004 -90"><span class='ocrx_word' id='word_1_725' title='bbox 373 4749 486 4893; x_wconf 68' lang='lat'>(68)</span> <span class='ocrx_word' id='word_1_726' title='bbox 513 4745 674 4837; x_wconf 54' lang='grc' dir='ltr'>Οὐδὲ.</span> <span class='ocrx_word' id='word_1_727' title='bbox 705 4750 772 4839; x_wconf 54' lang='lat' dir='ltr'><strong>,ln</strong></span> <span class='ocrx_word' id='word_1_728' title='bbox 803 4748 1098 4844; x_wconf 71' lang='lat' dir='ltr'><strong>pluribus,</strong></span> <span class='ocrx_word' id='word_1_729' title='bbox 1133 4747 1294 4822; x_wconf 70' lang='grc' dir='ltr'>μηδὲ.</span> 
     </span>
     <span class='ocr_line' id='line_1_96' title="bbox 393 4818 1294 4893; baseline 0.006 -18"><span class='ocrx_word' id='word_1_730' title='bbox 393 4821 465 4875; x_wconf 85' lang='grc'>69</span> <span class='ocrx_word' id='word_1_731' title='bbox 517 4821 669 4890; x_wconf 80' lang='grc' dir='ltr'><strong>Μηοὶ</strong></span> <span class='ocrx_word' id='word_1_732' title='bbox 700 4818 839 4875; x_wconf 88' lang='grc' dir='ltr'>αλλο</span> <span class='ocrx_word' id='word_1_733' title='bbox 869 4842 922 4876; x_wconf 89' lang='grc' dir='ltr'><strong>τι</strong></span> <span class='ocrx_word' id='word_1_734' title='bbox 953 4825 988 4892; x_wconf 77' lang='grc' dir='ltr'>ὴ</span> <span class='ocrx_word' id='word_1_735' title='bbox 1017 4829 1294 4893; x_wconf 75' lang='grc' dir='ltr'>κορον,6ῐο</span> 
     </span>
    </p>
   </div>
   <div class='ocr_carea' id='block_1_96' title="bbox 393 4818 1958 4896">
    <p class='ocr_par' dir='ltr' id='par_1_96' title="bbox 393 4818 1958 4896">
     <span class='ocr_line' id='line_1_97' title="bbox 393 4818 1958 4896; baseline 0.006 -21"><span class='ocrx_word' id='word_1_736' title='bbox 517 4818 669 4890; x_wconf 80' lang='grc' dir='ltr'><strong>Μηδὶ</strong></span> <span class='ocrx_word' id='word_1_737' title='bbox 700 4818 839 4896; x_wconf 70' lang='grc' dir='ltr'>ἄλλο</span> <span class='ocrx_word' id='word_1_738' title='bbox 869 4842 922 4876; x_wconf 88' lang='grc' dir='ltr'><strong>τι</strong></span> <span class='ocrx_word' id='word_1_739' title='bbox 953 4818 1662 4896; x_wconf 12' lang='grc' dir='ltr'>ἢίκόρον,νθῐο.68.ι)ι“ἱθίἱιιε</span> <span class='ocrx_word' id='word_1_740' title='bbox 1695 4844 1709 4883; x_wconf 87' lang='lat'>:</span> <span class='ocrx_word' id='word_1_741' title='bbox 1746 4850 1774 4878; x_wconf 88' lang='grc'><strong>‹‹</strong></span> <span class='ocrx_word' id='word_1_742' title='bbox 1807 4827 1958 4884; x_wconf 86' lang='lat' dir='ltr'><strong>Neve</strong></span> 
     </span>
    </p>
   </div>
   <div class='ocr_carea' id='block_1_97' title="bbox 297 4891 1958 4968">
    <p class='ocr_par' dir='ltr' id='par_1_97' title="bbox 297 4891 1958 4968">
     <span class='ocr_line' id='line_1_98' title="bbox 297 4891 1958 4968; baseline 0.004 -19"><span class='ocrx_word' id='word_1_743' title='bbox 297 4891 479 4960; x_wconf 79' lang='lat' dir='ltr'><strong>aliud,</strong></span> <span class='ocrx_word' id='word_1_744' title='bbox 512 4909 691 4968; x_wconf 85' lang='lat' dir='ltr'><strong>quam</strong></span> <span class='ocrx_word' id='word_1_745' title='bbox 739 4895 1015 4952; x_wconf 84' lang='lat' dir='ltr'><strong>frumenti</strong></span> <span class='ocrx_word' id='word_1_746' title='bbox 1049 4891 1105 4951; x_wconf 83' lang='lat' dir='ltr'><strong>et</strong></span> <span class='ocrx_word' id='word_1_747' title='bbox 1131 4891 1274 4964; x_wconf 81' lang='lat' dir='ltr'><strong>vini,</strong></span> <span class='ocrx_word' id='word_1_748' title='bbox 1307 4913 1432 4968; x_wconf 65' lang='lat' dir='ltr'><strong>quae</strong></span> <span class='ocrx_word' id='word_1_749' title='bbox 1473 4897 1640 4954; x_wconf 85' lang='lat' dir='ltr'><strong>facile</strong></span> <span class='ocrx_word' id='word_1_750' title='bbox 1689 4916 1958 4955; x_wconf 91' lang='lat' dir='ltr'><strong>corrum-</strong></span> 
     </span>
    </p>
   </div>
   <div class='ocr_carea' id='block_1_98' title="bbox 296 4965 1957 5048">
    <p class='ocr_par' dir='ltr' id='par_1_98' title="bbox 296 4965 1957 5048">
     <span class='ocr_line' id='line_1_99' title="bbox 296 4965 1957 5048; baseline 0.007 -30"><span class='ocrx_word' id='word_1_751' title='bbox 296 4970 551 5048; x_wconf 63' lang='lat' dir='ltr'><strong>puntur,</strong></span> <span class='ocrx_word' id='word_1_752' title='bbox 583 4965 913 5048; x_wconf 76' lang='lat' dir='ltr'><strong>satietatem</strong></span> <span class='ocrx_word' id='word_1_753' title='bbox 965 4983 1092 5024; x_wconf 89' lang='lat' dir='ltr'><strong>esse</strong></span> <span class='ocrx_word' id='word_1_754' title='bbox 1150 4965 1426 5042; x_wconf 83' lang='lat' dir='ltr'><strong>putemus</strong></span> <span class='ocrx_word' id='word_1_755' title='bbox 1480 4974 1659 5028; x_wconf 89' lang='lat' dir='ltr'><strong>totam</strong></span> <span class='ocrx_word' id='word_1_756' title='bbox 1708 4971 1957 5043; x_wconf 86' lang='lat' dir='ltr'><strong>hujusce</strong></span> 
     </span>
    </p>
   </div>
   <div class='ocr_carea' id='block_1_99' title="bbox 295 5037 879 5093">
    <p class='ocr_par' dir='ltr' id='par_1_99' title="bbox 295 5037 879 5093">
     <span class='ocr_line' id='line_1_100' title="bbox 295 5037 879 5093; baseline 0.002 0"><span class='ocrx_word' id='word_1_757' title='bbox 295 5039 427 5093; x_wconf 66' lang='lat' dir='ltr'><strong>vita</strong></span> <span class='ocrx_word' id='word_1_758' title='bbox 459 5037 816 5093; x_wconf 84' lang='lat' dir='ltr'><strong>felicitatem.</strong></span> <span class='ocrx_word' id='word_1_759' title='bbox 851 5060 879 5087; x_wconf 85' lang='lat'><strong><em>»</em></strong></span> 
     </span>
    </p>
   </div>
   <div class='ocr_carea' id='block_1_100' title="bbox 296 5106 1956 5235">
    <p class='ocr_par' dir='ltr' id='par_1_100' title="bbox 296 5106 1956 5235">
     <span class='ocr_line' id='line_1_101' title="bbox 296 5106 1956 5235; baseline -0.008 -52"><span class='ocrx_word' id='word_1_760' title='bbox 296 5106 481 5235; x_wconf 70' lang='lat' dir='ltr'>,A(79)</span> <span class='ocrx_word' id='word_1_761' title='bbox 511 5108 774 5184; x_wconf 85' lang='grc' dir='ltr'>Μιχαίας.</span> <span class='ocrx_word' id='word_1_762' title='bbox 820 5109 914 5166; x_wconf 87' lang='lat' dir='ltr'><strong>Sio</strong></span> <span class='ocrx_word' id='word_1_763' title='bbox 964 5125 1170 5168; x_wconf 89' lang='lat' dir='ltr'><strong>omnes</strong></span> <span class='ocrx_word' id='word_1_764' title='bbox 1223 5112 1390 5168; x_wconf 92' lang='lat' dir='ltr'><strong>codd.</strong></span> <span class='ocrx_word' id='word_1_765' title='bbox 1445 5112 1596 5170; x_wconf 89' lang='lat' dir='ltr'><strong>Male</strong></span> <span class='ocrx_word' id='word_1_766' title='bbox 1649 5114 1710 5170; x_wconf 93' lang='lat' dir='ltr'><strong>in</strong></span> <span class='ocrx_word' id='word_1_767' title='bbox 1759 5114 1956 5187; x_wconf 88' lang='lat' dir='ltr'><strong>editis,</strong></span> 
     </span>
     <span class='ocr_line' id='line_1_102' title="bbox 369 5199 503 5235; baseline -0.037 5"><span class='ocrx_word' id='word_1_768' title='bbox 369 5199 503 5235; x_wconf 78' lang='grc' dir='ltr'>μως.</span> 
     </span>
    </p>
   </div>
   <div class='ocr_carea' id='block_1_101' title="bbox 368 5199 1150 5394">
    <p class='ocr_par' dir='ltr' id='par_1_101' title="bbox 368 5199 1150 5394">
     <span class='ocr_line' id='line_1_103' title="bbox 368 5199 1150 5322; baseline 0.004 -16"><span class='ocrx_word' id='word_1_769' title='bbox 368 5199 640 5322; x_wconf 42' lang='grc' dir='ltr'>(ἕῖαίςοοῦν.</span> <span class='ocrx_word' id='word_1_770' title='bbox 679 5253 846 5308; x_wconf 86' lang='lat' dir='ltr'><strong>Deest</strong></span> <span class='ocrx_word' id='word_1_771' title='bbox 876 5253 933 5307; x_wconf 91' lang='lat' dir='ltr'><strong>in</strong></span> <span class='ocrx_word' id='word_1_772' title='bbox 968 5255 1064 5307; x_wconf 91' lang='lat' dir='ltr'><strong>Or.</strong></span> <span class='ocrx_word' id='word_1_773' title='bbox 1096 5254 1150 5309; x_wconf 85' lang='lat'><strong>2.</strong></span> 
     </span>
     <span class='ocr_line' id='line_1_104' title="bbox 372 5253 1150 5394; baseline 0.001 -18"><span class='ocrx_word' id='word_1_774' title='bbox 372 5253 482 5394; x_wconf 64' lang='grc'>(72)</span> <span class='ocrx_word' id='word_1_775' title='bbox 513 5320 910 5394; x_wconf 82' lang='grc' dir='ltr'>Διακελεύεται,</span> <span class='ocrx_word' id='word_1_776' title='bbox 952 5322 1007 5376; x_wconf 86' lang='grc' dir='ltr'><strong>τί</strong></span> <span class='ocrx_word' id='word_1_777' title='bbox 1056 5320 1150 5394; x_wconf 80' lang='grc' dir='ltr'>λὲγ</span> 
     </span>
    </p>
   </div>
   <div class='ocr_carea' id='block_1_102' title="bbox 372 5320 1957 5402">
    <p class='ocr_par' dir='ltr' id='par_1_102' title="bbox 372 5320 1957 5402">
     <span class='ocr_line' id='line_1_105' title="bbox 372 5320 1957 5402; baseline 0.004 -26"><span class='ocrx_word' id='word_1_778' title='bbox 372 5320 480 5394; x_wconf 83' lang='grc'>(72)</span> <span class='ocrx_word' id='word_1_779' title='bbox 513 5320 1007 5402; x_wconf 36' lang='grc' dir='ltr'>Διακελεύεταιζτί</span> <span class='ocrx_word' id='word_1_780' title='bbox 1056 5320 1278 5402; x_wconf 52' lang='grc' dir='ltr'>λέγωνς</span> <span class='ocrx_word' id='word_1_781' title='bbox 1332 5327 1477 5402; x_wconf 48' lang='grc' dir='ltr'><strong>Ιῗιθςἒ</strong></span> <span class='ocrx_word' id='word_1_782' title='bbox 1526 5345 1574 5395; x_wconf 89' lang='lat' dir='ltr'><strong>c,</strong></span> <span class='ocrx_word' id='word_1_783' title='bbox 1626 5324 1957 5402; x_wconf 70' lang='grc' dir='ltr'>διαλέγεται,</span> 
     </span>
    </p>
   </div>
   <div class='ocr_carea' id='block_1_103' title="bbox 298 5397 1958 5480">
    <p class='ocr_par' dir='ltr' id='par_1_103' title="bbox 298 5397 1958 5480">
     <span class='ocr_line' id='line_1_106' title="bbox 298 5397 1958 5480; baseline 0.005 -33"><span class='ocrx_word' id='word_1_784' title='bbox 298 5414 327 5442; x_wconf 81' lang='grc' dir='ltr'><strong>α</strong></span> <span class='ocrx_word' id='word_1_785' title='bbox 364 5397 811 5480; x_wconf 57' lang='lat' dir='ltr'><strong>sermocinatur:</strong></span> <span class='ocrx_word' id='word_1_786' title='bbox 845 5417 873 5446; x_wconf 87' lang='grc'><strong>››</strong></span> <span class='ocrx_word' id='word_1_787' title='bbox 907 5397 1062 5452; x_wconf 87' lang='lat' dir='ltr'><strong>Gabr</strong></span> <span class='ocrx_word' id='word_1_788' title='bbox 1114 5397 1170 5452; x_wconf 85' lang='lat' dir='ltr'><strong>et</strong></span> <span class='ocrx_word' id='word_1_789' title='bbox 1214 5397 1667 5472; x_wconf 51' lang='lat' dir='ltr'><strong>Combflegunt</strong></span> <span class='ocrx_word' id='word_1_790' title='bbox 1699 5419 1712 5458; x_wconf 91' lang='lat'><strong>:</strong></span> <span class='ocrx_word' id='word_1_791' title='bbox 1745 5397 1835 5470; x_wconf 76' lang='grc' dir='ltr'><strong>τι’;</strong></span> <span class='ocrx_word' id='word_1_792' title='bbox 1869 5399 1958 5456; x_wconf 80' lang='grc' dir='ltr'><strong>λέ-</strong></span> 
     </span>
    </p>
   </div>
   <div class='ocr_carea' id='block_1_104' title="bbox 298 5468 1397 5613">
    <p class='ocr_par' dir='ltr' id='par_1_104' title="bbox 298 5468 1397 5613">
     <span class='ocr_line' id='line_1_107' title="bbox 298 5468 1035 5539; baseline 0.011 -24"><span class='ocrx_word' id='word_1_793' title='bbox 298 5482 438 5538; x_wconf 85' lang='grc' dir='ltr'>γων,</span> <span class='ocrx_word' id='word_1_794' title='bbox 471 5489 502 5516; x_wconf 88' lang='grc'><strong>‹‹</strong></span> <span class='ocrx_word' id='word_1_795' title='bbox 533 5468 673 5539; x_wconf 92' lang='lat' dir='ltr'><strong>quid</strong></span> <span class='ocrx_word' id='word_1_796' title='bbox 697 5468 724 5523; x_wconf 81' lang='lat'>?</span> <span class='ocrx_word' id='word_1_797' title='bbox 754 5468 975 5524; x_wconf 72' lang='lat' dir='ltr'><strong>d’cens.</strong></span> <span class='ocrx_word' id='word_1_798' title='bbox 1015 5491 1035 5516; x_wconf 74' lang='grc' dir='ltr'><strong>ο</strong></span> 
     </span>
     <span class='ocr_line' id='line_1_108' title="bbox 371 5536 1397 5613; baseline 0.005 -23"><span class='ocrx_word' id='word_1_799' title='bbox 515 5537 967 5613; x_wconf 30' lang='grc' dir='ltr'>ξΕγείρεσθεζΟΓ.</span> <span class='ocrx_word' id='word_1_800' title='bbox 996 5541 1050 5610; x_wconf 88' lang='grc'><strong>2,</strong></span> <span class='ocrx_word' id='word_1_801' title='bbox 1085 5537 1397 5613; x_wconf 81' lang='grc' dir='ltr'>ἐγείρεσθαι.</span> 
     </span>
    </p>
   </div>
   <div class='ocr_carea' id='block_1_105' title="bbox 371 5609 1486 5748">
    <p class='ocr_par' dir='ltr' id='par_1_105' title="bbox 371 5609 1486 5748">
     <span class='ocr_line' id='line_1_109' title="bbox 371 5609 1486 5689; baseline 0.004 -26"><span class='ocrx_word' id='word_1_802' title='bbox 371 5609 485 5681; x_wconf 74' lang='grc'>(74)</span> <span class='ocrx_word' id='word_1_803' title='bbox 514 5609 808 5684; x_wconf 66' lang='grc' dir='ltr'>Ἀπὸγῆς.</span> <span class='ocrx_word' id='word_1_804' title='bbox 843 5611 981 5682; x_wconf 83' lang='lat' dir='ltr'><strong>Reg.</strong></span> <span class='ocrx_word' id='word_1_805' title='bbox 1017 5609 1073 5678; x_wconf 90' lang='lat' dir='ltr'><strong>d,</strong></span> <span class='ocrx_word' id='word_1_806' title='bbox 1103 5609 1208 5667; x_wconf 78' lang='grc' dir='ltr'><strong>ἆπό</strong></span> <span class='ocrx_word' id='word_1_807' title='bbox 1237 5619 1338 5681; x_wconf 78' lang='grc' dir='ltr'>τῆς</span> <span class='ocrx_word' id='word_1_808' title='bbox 1367 5618 1486 5689; x_wconf 84' lang='grc' dir='ltr'>γῆς.</span> 
     </span>
     <span class='ocr_line' id='line_1_110' title="bbox 371 5680 1182 5748; baseline 0.007 -15"><span class='ocrx_word' id='word_1_809' title='bbox 371 5681 484 5748; x_wconf 86' lang='grc'>(75)</span> <span class='ocrx_word' id='word_1_810' title='bbox 509 5683 725 5748; x_wconf 79' lang='grc' dir='ltr'><strong>’Ύφελε.</strong></span> <span class='ocrx_word' id='word_1_811' title='bbox 760 5683 854 5739; x_wconf 89' lang='lat' dir='ltr'><strong>Or.</strong></span> <span class='ocrx_word' id='word_1_812' title='bbox 887 5686 942 5748; x_wconf 88' lang='lat'><strong>2,</strong></span> <span class='ocrx_word' id='word_1_813' title='bbox 974 5680 1182 5748; x_wconf 67' lang='grc' dir='ltr'>ὕφειλε.</span> 
     </span>
    </p>
   </div>
   <div class='ocr_carea' id='block_1_106' title="bbox 370 5681 1182 5823">
    <p class='ocr_par' dir='ltr' id='par_1_106' title="bbox 370 5681 1182 5823">
     <span class='ocr_line' id='line_1_111' title="bbox 370 5681 1182 5823; baseline 0.007 -90"><span class='ocrx_word' id='word_1_814' title='bbox 370 5681 484 5823; x_wconf 81' lang='grc'>(75)</span> <span class='ocrx_word' id='word_1_815' title='bbox 509 5681 725 5758; x_wconf 79' lang='grc' dir='ltr'><strong>’Ύφελε.</strong></span> <span class='ocrx_word' id='word_1_816' title='bbox 760 5683 854 5739; x_wconf 89' lang='lat' dir='ltr'><strong>Or.</strong></span> <span class='ocrx_word' id='word_1_817' title='bbox 887 5681 953 5749; x_wconf 25' lang='lat'><strong>2,7</strong></span> <span class='ocrx_word' id='word_1_818' title='bbox 974 5681 1182 5758; x_wconf 67' lang='grc' dir='ltr'><strong>ὕφειλε.</strong></span> 
     </span>
     <span class='ocr_line' id='line_1_112' title="bbox 393 5751 1143 5823; baseline 0.012 -19"><span class='ocrx_word' id='word_1_819' title='bbox 393 5753 486 5823; x_wconf 84' lang='grc'>76)</span> <span class='ocrx_word' id='word_1_820' title='bbox 519 5752 652 5809; x_wconf 88' lang='grc' dir='ltr'>Ἀπὸ</span> <span class='ocrx_word' id='word_1_821' title='bbox 682 5760 782 5823; x_wconf 81' lang='grc' dir='ltr'>τῆς</span> <span class='ocrx_word' id='word_1_822' title='bbox 832 5751 1001 5823; x_wconf 78' lang='grc' dir='ltr'>κάτω,</span> <span class='ocrx_word' id='word_1_823' title='bbox 1035 5758 1143 5812; x_wconf 87' lang='lat' dir='ltr'><strong>etc.</strong></span> 
     </span>
    </p>
   </div>
   <div class='ocr_carea' id='block_1_107' title="bbox 393 5753 1964 5830">
    <p class='ocr_par' dir='ltr' id='par_1_107' title="bbox 393 5753 1964 5830">
     <span class='ocr_line' id='line_1_113' title="bbox 393 5753 1964 5830; baseline 0.008 -26"><span class='ocrx_word' id='word_1_824' title='bbox 393 5753 486 5826; x_wconf 85' lang='lat'><strong>76)</strong></span> <span class='ocrx_word' id='word_1_825' title='bbox 519 5753 652 5809; x_wconf 71' lang='grc' dir='ltr'><strong>Ἀπὸ</strong></span> <span class='ocrx_word' id='word_1_826' title='bbox 682 5760 782 5825; x_wconf 83' lang='grc' dir='ltr'><strong>τῆς</strong></span> <span class='ocrx_word' id='word_1_827' title='bbox 832 5753 1001 5824; x_wconf 79' lang='grc' dir='ltr'>κάτω,</span> <span class='ocrx_word' id='word_1_828' title='bbox 1020 5753 1143 5812; x_wconf 83' lang='lat' dir='ltr'><strong>&#39;etc.</strong></span> <span class='ocrx_word' id='word_1_829' title='bbox 1183 5777 1204 5806; x_wconf 77' lang='grc' dir='ltr'><strong>ι</strong></span> <span class='ocrx_word' id='word_1_830' title='bbox 1239 5760 1286 5811; x_wconf 79' lang='grc' dir='ltr'><strong>Δ</strong></span> <span class='ocrx_word' id='word_1_831' title='bbox 1318 5757 1558 5816; x_wconf 89' lang='lat' dir='ltr'><strong>ﬂamma</strong></span> <span class='ocrx_word' id='word_1_832' title='bbox 1585 5774 1714 5830; x_wconf 80' lang='lat' dir='ltr'><strong>quas</strong></span> <span class='ocrx_word' id='word_1_833' title='bbox 1753 5759 1964 5818; x_wconf 89' lang='lat' dir='ltr'><strong>subtus</strong></span> 
     </span>
    </p>
   </div>
   <div class='ocr_carea' id='block_1_108' title="bbox 2066 4749 3730 4829">
    <p class='ocr_par' dir='ltr' id='par_1_108' title="bbox 2066 4749 3730 4829">
     <span class='ocr_line' id='line_1_114' title="bbox 2066 4749 3730 4829; baseline -0.006 -13"><span class='ocrx_word' id='word_1_834' title='bbox 2066 4760 2422 4829; x_wconf 85' lang='lat' dir='ltr'><strong>depascitur.</strong></span> <span class='ocrx_word' id='word_1_835' title='bbox 2461 4781 2488 4807; x_wconf 83' lang='lat'>»</span> <span class='ocrx_word' id='word_1_836' title='bbox 2521 4759 2615 4815; x_wconf 90' lang='lat' dir='ltr'><strong>Sic</strong></span> <span class='ocrx_word' id='word_1_837' title='bbox 2665 4759 2843 4829; x_wconf 82' lang='lat' dir='ltr'><strong>Regg.</strong></span> <span class='ocrx_word' id='word_1_838' title='bbox 2895 4773 2949 4823; x_wconf 89' lang='lat' dir='ltr'><strong>a,</strong></span> <span class='ocrx_word' id='word_1_839' title='bbox 2981 4773 3032 4823; x_wconf 89' lang='grc' dir='ltr'>ο,</span> <span class='ocrx_word' id='word_1_840' title='bbox 3083 4757 3140 4823; x_wconf 91' lang='lat' dir='ltr'><strong>d,</strong></span> <span class='ocrx_word' id='word_1_841' title='bbox 3191 4755 3312 4819; x_wconf 91' lang='lat' dir='ltr'><strong>bm,</strong></span> <span class='ocrx_word' id='word_1_842' title='bbox 3364 4752 3461 4823; x_wconf 84' lang='lat' dir='ltr'><strong>ph,</strong></span> <span class='ocrx_word' id='word_1_843' title='bbox 3511 4749 3730 4820; x_wconf 90' lang='lat' dir='ltr'><strong>aliique</strong></span> 
     </span>
    </p>
   </div>
   <div class='ocr_carea' id='block_1_109' title="bbox 2068 4829 2978 4904">
    <p class='ocr_par' dir='ltr' id='par_1_109' title="bbox 2068 4829 2978 4904">
     <span class='ocr_line' id='line_1_115' title="bbox 2068 4829 2978 4904; baseline -0.004 -18"><span class='ocrx_word' id='word_1_844' title='bbox 2068 4831 2287 4904; x_wconf 86' lang='lat' dir='ltr'><strong>plures.</strong></span> <span class='ocrx_word' id='word_1_845' title='bbox 2323 4832 2494 4904; x_wconf 84' lang='lat' dir='ltr'><strong>Deest</strong></span> <span class='ocrx_word' id='word_1_846' title='bbox 2521 4831 2667 4884; x_wconf 76' lang='grc' dir='ltr'>κάτω</span> <span class='ocrx_word' id='word_1_847' title='bbox 2698 4831 2754 4884; x_wconf 92' lang='lat' dir='ltr'><strong>in</strong></span> <span class='ocrx_word' id='word_1_848' title='bbox 2784 4829 2978 4885; x_wconf 88' lang='lat' dir='ltr'><strong>editis.</strong></span> 
     </span>
    </p>
   </div>
   <div class='ocr_carea' id='block_1_110' title="bbox 2135 4885 3724 4991">
    <p class='ocr_par' dir='ltr' id='par_1_110' title="bbox 2135 4885 3724 4991">
     <span class='ocr_line' id='line_1_116' title="bbox 2135 4885 3724 4991; baseline -0.007 -36"><span class='ocrx_word' id='word_1_849' title='bbox 2135 4885 2255 4974; x_wconf 85' lang='lat'>(77)</span> <span class='ocrx_word' id='word_1_850' title='bbox 2284 4899 2506 4991; x_wconf 45' lang='grc' dir='ltr'><strong>ΙιξεῖονΊ.</strong></span> <span class='ocrx_word' id='word_1_851' title='bbox 2560 4904 2736 4975; x_wconf 82' lang='lat' dir='ltr'><strong>Regg.</strong></span> <span class='ocrx_word' id='word_1_852' title='bbox 2772 4920 2825 4971; x_wconf 89' lang='lat' dir='ltr'><strong>a,</strong></span> <span class='ocrx_word' id='word_1_853' title='bbox 2877 4918 2926 4968; x_wconf 85' lang='grc' dir='ltr'>ο,</span> <span class='ocrx_word' id='word_1_854' title='bbox 2959 4901 3018 4963; x_wconf 89' lang='lat' dir='ltr'><strong>d,</strong></span> <span class='ocrx_word' id='word_1_855' title='bbox 3052 4899 3153 4972; x_wconf 92' lang='lat' dir='ltr'><strong>ph,</strong></span> <span class='ocrx_word' id='word_1_856' title='bbox 3205 4900 3262 4952; x_wconf 88' lang='lat' dir='ltr'><strong>et</strong></span> <span class='ocrx_word' id='word_1_857' title='bbox 3306 4894 3404 4950; x_wconf 90' lang='lat' dir='ltr'><strong>0r.</strong></span> <span class='ocrx_word' id='word_1_858' title='bbox 3452 4893 3512 4961; x_wconf 87' lang='lat'><strong>2,</strong></span> <span class='ocrx_word' id='word_1_859' title='bbox 3561 4885 3724 4946; x_wconf 83' lang='grc' dir='ltr'>κλέον</span> 
     </span>
    </p>
   </div>
   <div class='ocr_carea' id='block_1_111' title="bbox 2071 4972 3728 5118">
    <p class='ocr_par' dir='ltr' id='par_1_111' title="bbox 2071 4972 3728 5118">
     <span class='ocr_line' id='line_1_117' title="bbox 2071 4972 2709 5046; baseline -0.002 -18"><span class='ocrx_word' id='word_1_860' title='bbox 2071 4972 2269 5046; x_wconf 52' lang='grc' dir='ltr'><strong>[ΐζρῐέο</strong></span> <span class='ocrx_word' id='word_1_861' title='bbox 2300 4972 2512 5046; x_wconf 45' lang='grc' dir='ltr'>πλέον)</span> <span class='ocrx_word' id='word_1_862' title='bbox 2648 4972 2667 4975; x_wconf 62' lang='grc'><em>’</em></span> <span class='ocrx_word' id='word_1_863' title='bbox 2689 4972 2709 4975; x_wconf 59' lang='grc'><em>’</em></span> 
     </span>
     <span class='ocr_line' id='line_1_118' title="bbox 2138 5034 3728 5118; baseline -0.004 -20"><span class='ocrx_word' id='word_1_864' title='bbox 2138 5045 2250 5118; x_wconf 90' lang='lat'>(78)</span> <span class='ocrx_word' id='word_1_865' title='bbox 2280 5046 2359 5101; x_wconf 79' lang='grc' dir='ltr'><strong>Τὰ</strong></span> <span class='ocrx_word' id='word_1_866' title='bbox 2397 5045 2584 5102; x_wconf 79' lang='grc' dir='ltr'>πάντα.</span> <span class='ocrx_word' id='word_1_867' title='bbox 2645 5045 2814 5102; x_wconf 89' lang='lat' dir='ltr'><strong>Deest</strong></span> <span class='ocrx_word' id='word_1_868' title='bbox 2868 5041 2936 5096; x_wconf 74' lang='grc' dir='ltr'><strong>τὰ</strong></span> <span class='ocrx_word' id='word_1_869' title='bbox 2978 5041 3039 5098; x_wconf 91' lang='lat' dir='ltr'><strong>in</strong></span> <span class='ocrx_word' id='word_1_870' title='bbox 3096 5041 3277 5113; x_wconf 82' lang='lat' dir='ltr'><strong>Regg.</strong></span> <span class='ocrx_word' id='word_1_871' title='bbox 3325 5054 3379 5106; x_wconf 87' lang='lat' dir='ltr'><strong>a,</strong></span> <span class='ocrx_word' id='word_1_872' title='bbox 3440 5036 3563 5104; x_wconf 89' lang='lat' dir='ltr'><strong>bm,</strong></span> <span class='ocrx_word' id='word_1_873' title='bbox 3623 5034 3728 5108; x_wconf 88' lang='lat' dir='ltr'><strong>ph,</strong></span> 
     </span>
    </p>
   </div>
   <div class='ocr_carea' id='block_1_112' title="bbox 2065 5119 3073 5260">
    <p class='ocr_par' dir='ltr' id='par_1_112' title="bbox 2065 5119 3073 5260">
     <span class='ocr_line' id='line_1_119' title="bbox 2065 5119 3073 5260; baseline -0.001 -20"><span class='ocrx_word' id='word_1_874' title='bbox 2065 5119 2248 5259; x_wconf 70' lang='lat' dir='ltr'><strong>etc(’79)</strong></span> <span class='ocrx_word' id='word_1_875' title='bbox 2283 5187 2455 5260; x_wconf 47' lang='lat' dir='ltr'><strong>“prin,</strong></span> <span class='ocrx_word' id='word_1_876' title='bbox 2485 5188 2546 5242; x_wconf 79' lang='lat' dir='ltr'><strong>In</strong></span> <span class='ocrx_word' id='word_1_877' title='bbox 2580 5187 2874 5260; x_wconf 86' lang='lat' dir='ltr'><strong>pluribus,</strong></span> <span class='ocrx_word' id='word_1_878' title='bbox 2905 5187 3073 5260; x_wconf 78' lang='grc' dir='ltr'>προῇ.</span> 
     </span>
    </p>
   </div>
   <div class='ocr_carea' id='block_1_113' title="bbox 2139 5249 3728 5331">
    <p class='ocr_par' dir='ltr' id='par_1_113' title="bbox 2139 5249 3728 5331">
     <span class='ocr_line' id='line_1_120' title="bbox 2139 5249 3728 5331; baseline -0.007 -16"><span class='ocrx_word' id='word_1_879' title='bbox 2139 5249 2251 5331; x_wconf 74' lang='grc'>(80)</span> <span class='ocrx_word' id='word_1_880' title='bbox 2283 5249 2510 5314; x_wconf 66' lang='grc' dir='ltr'>Σὲιυέόν.</span> <span class='ocrx_word' id='word_1_881' title='bbox 2561 5249 2651 5317; x_wconf 70' lang='lat' dir='ltr'><strong>Sic</strong></span> <span class='ocrx_word' id='word_1_882' title='bbox 2681 5249 2868 5331; x_wconf 61' lang='lat' dir='ltr'><strong>Regg.</strong></span> <span class='ocrx_word' id='word_1_883' title='bbox 2910 5249 3036 5327; x_wconf 61' lang='lat' dir='ltr'><strong>b&#39;m,</strong></span> <span class='ocrx_word' id='word_1_884' title='bbox 3067 5256 3166 5328; x_wconf 92' lang='lat' dir='ltr'><strong>ph,</strong></span> <span class='ocrx_word' id='word_1_885' title='bbox 3199 5257 3257 5310; x_wconf 87' lang='lat' dir='ltr'><strong>et</strong></span> <span class='ocrx_word' id='word_1_886' title='bbox 3297 5253 3393 5310; x_wconf 92' lang='lat' dir='ltr'><strong>Or.</strong></span> <span class='ocrx_word' id='word_1_887' title='bbox 3425 5251 3479 5306; x_wconf 91' lang='lat'><strong>2.</strong></span> <span class='ocrx_word' id='word_1_888' title='bbox 3515 5252 3578 5306; x_wconf 86' lang='lat' dir='ltr'><strong>In</strong></span> <span class='ocrx_word' id='word_1_889' title='bbox 3609 5249 3728 5320; x_wconf 88' lang='lat' dir='ltr'><strong>ed.,</strong></span> 
     </span>
    </p>
   </div>
   <div class='ocr_carea' id='block_1_114' title="bbox 2069 5330 3684 5482">
    <p class='ocr_par' dir='ltr' id='par_1_114' title="bbox 2069 5330 3684 5482">
     <span class='ocr_line' id='line_1_121' title="bbox 2069 5330 3684 5482; baseline -0.006 -24"><span class='ocrx_word' id='word_1_890' title='bbox 2069 5330 2427 5482; x_wconf 34' lang='grc' dir='ltr'><strong>σαῖέῗίἘιάν.</strong></span> <span class='ocrx_word' id='word_1_891' title='bbox 2451 5403 2556 5482; x_wconf 42' lang='lat' dir='ltr'><strong>,Sic</strong></span> <span class='ocrx_word' id='word_1_892' title='bbox 2588 5403 2771 5482; x_wconf 42' lang='grc' dir='ltr'><strong>Ρξεξεζειξ.1</strong></span> <span class='ocrx_word' id='word_1_893' title='bbox 2801 5401 2920 5465; x_wconf 92' lang='lat' dir='ltr'><strong>bm,</strong></span> <span class='ocrx_word' id='word_1_894' title='bbox 2957 5398 3056 5471; x_wconf 91' lang='lat' dir='ltr'><strong>ph.</strong></span> <span class='ocrx_word' id='word_1_895' title='bbox 3092 5399 3154 5482; x_wconf 79' lang='lat' dir='ltr'><strong>In</strong></span> <span class='ocrx_word' id='word_1_896' title='bbox 3181 5397 3344 5482; x_wconf 74' lang='lat' dir='ltr'><strong>edit.,</strong></span> <span class='ocrx_word' id='word_1_897' title='bbox 3375 5394 3475 5482; x_wconf 41' lang='grc' dir='ltr'><strong>ἐν,</strong></span> <span class='ocrx_word' id='word_1_898' title='bbox 3526 5469 3536 5482; x_wconf 42' lang='grc' dir='ltr'>ι</span> <span class='ocrx_word' id='word_1_899' title='bbox 3622 5460 3632 5482; x_wconf 39' lang='grc' dir='ltr'>ν</span> <span class='ocrx_word' id='word_1_900' title='bbox 3670 5463 3684 5482; x_wconf 38' lang='grc' dir='ltr'><em>Β</em></span> 
     </span>
    </p>
   </div>
   <div class='ocr_carea' id='block_1_115' title="bbox 2141 5468 3731 5558">
    <p class='ocr_par' dir='ltr' id='par_1_115' title="bbox 2141 5468 3731 5558">
     <span class='ocr_line' id='line_1_122' title="bbox 2141 5468 3731 5558; baseline -0.006 -28"><span class='ocrx_word' id='word_1_901' title='bbox 2141 5468 2255 5558; x_wconf 52' lang='lat' dir='ltr'><strong>(ei?)</strong></span> <span class='ocrx_word' id='word_1_902' title='bbox 2284 5475 2357 5529; x_wconf 74' lang='grc' dir='ltr'><strong>Τὰ</strong></span> <span class='ocrx_word' id='word_1_903' title='bbox 2387 5470 2577 5528; x_wconf 72' lang='grc' dir='ltr'>πάντα.</span> <span class='ocrx_word' id='word_1_904' title='bbox 2608 5468 2913 5544; x_wconf 67' lang='grc' dir='ltr'>εἰσΒεεε.</span> <span class='ocrx_word' id='word_1_905' title='bbox 2948 5468 3001 5538; x_wconf 80' lang='lat' dir='ltr'><strong>a,</strong></span> <span class='ocrx_word' id='word_1_906' title='bbox 3035 5487 3086 5538; x_wconf 84' lang='grc' dir='ltr'>ο,</span> <span class='ocrx_word' id='word_1_907' title='bbox 3119 5471 3176 5537; x_wconf 93' lang='lat' dir='ltr'><strong>d,</strong></span> <span class='ocrx_word' id='word_1_908' title='bbox 3211 5472 3330 5525; x_wconf 91' lang='lat' dir='ltr'><strong>bm.</strong></span> <span class='ocrx_word' id='word_1_909' title='bbox 3375 5468 3546 5523; x_wconf 88' lang='lat' dir='ltr'><strong>Deest</strong></span> <span class='ocrx_word' id='word_1_910' title='bbox 3572 5468 3640 5519; x_wconf 85' lang='grc' dir='ltr'><strong>τά</strong></span> <span class='ocrx_word' id='word_1_911' title='bbox 3669 5468 3731 5520; x_wconf 91' lang='lat' dir='ltr'><strong>in</strong></span> 
     </span>
    </p>
   </div>
   <div class='ocr_carea' id='block_1_116' title="bbox 2071 5548 3734 5691">
    <p class='ocr_par' dir='ltr' id='par_1_116' title="bbox 2071 5548 3734 5691">
     <span class='ocr_line' id='line_1_123' title="bbox 2071 5548 3734 5691; baseline -0.008 -19"><span class='ocrx_word' id='word_1_912' title='bbox 2071 5548 2257 5686; x_wconf 44' lang='lat'><strong>“((3533)</strong></span> <span class='ocrx_word' id='word_1_913' title='bbox 2293 5616 2549 5691; x_wconf 68' lang='grc' dir='ltr'>[ῐρὸϊμεν.</span> <span class='ocrx_word' id='word_1_914' title='bbox 2608 5621 2691 5669; x_wconf 85' lang='lat' dir='ltr'><strong>Ita</strong></span> <span class='ocrx_word' id='word_1_915' title='bbox 2725 5615 2904 5691; x_wconf 66' lang='lat' dir='ltr'><strong>ftegg.</strong></span> <span class='ocrx_word' id='word_1_916' title='bbox 2956 5615 3089 5691; x_wconf 68' lang='lat' dir='ltr'><strong>bm,</strong></span> <span class='ocrx_word' id='word_1_917' title='bbox 3112 5613 3212 5688; x_wconf 91' lang='lat' dir='ltr'><strong>ph,</strong></span> <span class='ocrx_word' id='word_1_918' title='bbox 3244 5615 3378 5691; x_wconf 80' lang='lat' dir='ltr'><strong>etc.,</strong></span> <span class='ocrx_word' id='word_1_919' title='bbox 3408 5609 3466 5664; x_wconf 93' lang='lat' dir='ltr'><strong>in</strong></span> <span class='ocrx_word' id='word_1_920' title='bbox 3518 5605 3734 5691; x_wconf 66' lang='lat' dir='ltr'><strong>quibus</strong></span> 
     </span>
    </p>
   </div>
   <div class='ocr_carea' id='block_1_117' title="bbox 2071 5677 3730 5834">
    <p class='ocr_par' dir='ltr' id='par_1_117' title="bbox 2071 5677 3730 5834">
     <span class='ocr_line' id='line_1_124' title="bbox 2071 5677 3730 5834; baseline -0.008 -89"><span class='ocrx_word' id='word_1_921' title='bbox 2071 5677 2268 5834; x_wconf 47' lang='lat' dir='ltr'><strong>Eme?</strong></span> <span class='ocrx_word' id='word_1_922' title='bbox 2341 5677 2574 5762; x_wconf 76' lang='lat' dir='ltr'><strong>legitur,</strong></span> <span class='ocrx_word' id='word_1_923' title='bbox 2643 5677 2910 5760; x_wconf 66' lang='grc' dir='ltr'>προίμέν.</span> <span class='ocrx_word' id='word_1_924' title='bbox 2981 5677 3136 5781; x_wconf 60' lang='lat' dir='ltr'><strong>Alii,</strong></span> <span class='ocrx_word' id='word_1_925' title='bbox 3198 5677 3462 5759; x_wconf 71' lang='grc' dir='ltr'>προῗεμεν</span> <span class='ocrx_word' id='word_1_926' title='bbox 3531 5677 3730 5749; x_wconf 59' lang='lat' dir='ltr'><strong>[malm</strong></span> 
     </span>
     <span class='ocr_line' id='line_1_125' title="bbox 2117 5779 2228 5818; baseline -0.018 0"><span class='ocrx_word' id='word_1_927' title='bbox 2117 5779 2228 5818; x_wconf 83' lang='lat' dir='ltr'><strong>Dl&#39;l‘.</strong></span> 
     </span>
    </p>
   </div>
  </div>
