4070 6432
368 419 488 482 889

1303 419 1593 479 ORATIO
1637 418 1792 478 XIV.
1826 447 1904 462 -—
1942 416 2043 475 DE
2087 413 2519 477 PAUPERUM
2565 414 2860 475 AMORE.

3683 412 3804 477 890

370 558 497 610 erat
529 554 836 628 gigantum
868 556 925 609 et
955 552 1310 624 reliquorum
1358 551 1689 621 hominum,
1723 550 1806 606 sic
1840 565 1947 604 nos
1980 563 2215 620 quoque
2259 547 2544 604 sublimes
2577 549 2635 602 et
2663 546 2926 602 humana
2954 545 3289 602 conditione
3335 546 3589 618 majores
3640 546 3794 619 apud

374 644 535 716 ipsos
568 644 811 711 erimus,
842 642 1001 697 velut
1032 641 1129 696 ille
1151 639 1469 696 Nembrotb
1496 642 1535 709 ί,
1560 647 1663 695 aut
1687 656 1872 713 genus
1900 637 2095 692 Enach
2119 639 2159 707 ³,
2185 638 2339 708 quod
2374 635 2670 692 Israelitas
2700 636 2837 692 olim
2872 636 3259 709 Opprimebat,
3285 639 3384 690 aut
3411 635 3517 702 illi,
3544 651 3798 708 quorum

377 732 591 789 scelere
629 732 843 787 factum
876 738 983 799 est,
1021 736 1085 786 ut
1115 730 1401 786 diluvium
1461 734 1675 786 terram
1738 725 2056 801 purgaret?
2084 728 2169 780 An
2203 743 2336 779 cum
2388 724 2506 794 ille,
2539 725 2695 780 Deus
2732 725 2881 780 ‘licet
2930 742 2994 780 ac
3046 723 3348 795 Dominus,
3382 724 3546 779 Pater
3602 726 3801 783 noster

384 822 575 877 vocari
609 839 723 877 non
756 821 1081 890 erubescat,
1116 837 1224 875 nos
1260 825 1462 875 contra
1491 830 1771 891 cognatos
1804 833 2038 890 quoque
2070 818 2304 871 nostros
2336 814 2808 887 abnegahimus?

461 912 574 966 KA'.
607 908 912 983 Μηδαμῶς,
949 911 992 964 ὦ
1027 912 1140 980 (97)
1190 908 1343 987 φίλοι
1388 909 1477 964 καὶ
1528 907 1779 985 ἀδελφοὶ,
1817 908 1891 981 μὴ
1932 927 2019 981 γε-

2209 905 2402 960 XXIV.
2440 937 2501 947 --
2537 905 2796 972 Minime,
2831 906 3039 961 fratres
3081 909 3138 960 et
3186 903 3359 961 amici
3391 902 3527 971 mei,
3560 902 3801 958 minime

384 1000 597 1072 νώμεθα
625 1000 782 1054 κακοὶ
831 1005 937 1054 τῶν
985 997 1246 1053 δοθέντων
1297 1001 1431 1071 ἡμῖν
1480 998 1787 1071 οἰκονόμοι,
1824 994 1915 1050 ⁶ίνα
1949 995 2025 1068 μὴ

383 1088 665 1161 ἀκούωμεν
721 1089 925 1162 Πέτρου
987 1087 1282 1163 λέγοντος·
1360 1088 1714 1163 Αίσχόνθητε,
1791 1086 1842 1139 oi
1898 1105 2026 1138 xu1-

381 1178 603 1253 ἔχοντες
681 1179 749 1232 τὰ
834 1177 1138 1252 ἀλλότρια,
1224 1176 1313 1231 xui
1406 1179 1717 1250 μιμήσασθε
1803 1173 2029 1243 ἰσότητα

377 1270 532 1334 Θεοῦ,
597 1266 687 1321 καὶ
745 1263 921 1327 οὐδεὶς
985 1265 1130 1320 ἔσται
1179 1263 1363 1335 πένης.
1424 1266 1511 1331 Μὴ
1570 1266 1865 1337 κάμνωμεν
1926 1265 2029 1329 θη-

381 1355 744 1431 σαυρίζοντες,
776 1356 865 1409 καὶ
918 1353 1299 1432 φυλάσσοντες,
1360 1352 1547 1408 ἄλλων
1591 1354 1747 1425 πενίᾳ
1793 1353 2028 1425 καμνόν-

375 1464 508 1511 των,
584 1446 658 1517 μὴ
709 1442 944 1517 ὀνειδίσῃ
993 1446 1106 1517 (98)
1153 1443 1243 1497 καὶ
1293 1442 1564 1517 ἀπειλήσῃ
1608 1447 1818 1516 πικρῶς
1868 1444 2026 1514 ἡμῖν,

380 1530 526 1587 ἔνθεν
578 1533 671 1605 μὲν
724 1534 751 1587 ὁ
802 1538 944 1597 θεῖος
994 1532 1178 1604 Ἀμὼς
1233 1535 1342 1606 (99)
1375 1533 1424 1586 ἐν
1457 1532 1671 1594 τούτοις
1699 1536 1815 1593 τοῖς
1849 1531 2028 1608 ῥήμα-

378 1641 496 1675 σιν·
570 1624 701 1697 ’Ἄγε
757 1626 888 1690 νῦν,
950 1623 1002 1676 οἱ
1061 1621 1347 1697 λέγοντες·
1416 1621 1552 1677 Πότε
1610 1619 1939 1676 διελεύσεται
2002 1620 2030 1675 ὁ

383 1711 517 1783 μὴν,
567 1711 657 1765 καὶ
706 1709 1131 1784 ἐμπωλήσωμεν
1160 1731 1171 1743 ⁸
1227 1712 1316 1765 καὶ
1364 1710 1431 1765 τὰ
1481 1706 1755 1780 Σάϐϐατα,
1805 1709 1892 1764 xui
1938 1709 2030 1763 ἆν-

376 1798 612 1872 οίξωμεν
667 1802 744 1874 (1)
801 1800 1140 1873 θησαυρούς;
1191 1800 1279 1855 καὶ
1327 1802 1393 1855 τὰ
1418 1801 1505 1855 ἐπὶ
1534 1799 1777 1862 τούτοις.
1831 1797 1901 1853 δι’
1954 1800 2028 1853 ὧν

381 1893 499 1950 τοῖς
548 1890 684 1964 μέγα
720 1889 809 1943 καὶ
860 1889 1053 1963 μικρὸν
1106 1890 1363 1961 στάθμιον
1416 1887 1707 1961 κτωμένοι,
1765 1888 1865 1956 τὴν
1933 1890 2031 1941 τοῦ

379 1981 513 2033 Θεοῦ
571 1984 728 2051 μῆνιν
764 1977 1192 2033 ἐπανατείνεται·
1238 1975 1377 2033 ἔνθεν
1413 1975 1468 2032 δὲ
1528 1979 1555 2032 ὁ
1609 1976 1872 2051 μακάριος
1924 1982 2031 2031 Μι-

378 2066 541 2141 χαίας
604 2069 679 2140 (2)
727 2067 873 2142 τάχα
924 2068 1018 2139 μὲν
1064 2067 1153 2121 καὶ
1205 2067 1371 2136 αὐτὴν
1428 2068 1528 2137 τήν
1586 2068 1795 2143 τρυφὴν
1840 2064 2030 2119 ἐπικό-

378 2176 551 2227 πτων,
584 2155 659 2217 ὡς
702 2160 800 2210 τοῦ
858 2154 1028 2232 κόρου
1074 2158 1172 2225 τὴν
1206 2151 1358 2232 ὕϐριν
1391 2156 1691 2224 τίκτοντος,
1725 2155 1813 2209 καὶ
1846 2155 1905 2209 τὸ
1935 2175 2030 2208 xu-

375 2244 723 2315 τασπαταλᾷν
785 2244 872 2300 ἐπὶ
924 2244 1125 2301 κλινῶν
1179 2245 1559 2323 ἐλεφαντίνων,
1614 2244 1704 2298 xui
1734 2248 1848 2306 τοῖς
1879 2244 2030 2319 πρώ-
2064 2281 2112 2345 Β

376 2353 498 2394 τοις
537 2338 642 2386 τῶν
679 2334 864 2408 μόρων
913 2331 1256 2409 θρύπτεσθαι,
1313 2335 1549 2411 μόσχοις
1591 2354 1650 2387 τε
1694 2331 1928 2393 ἁπαλοῖς
1978 2330 2037 2386 ἐκ

388 2419 692 2495 βουκολίων
741 2422 829 2476 καὶ
875 2421 1081 2500 έριφοις
1132 2422 1183 2477 έν
1233 2423 1505 2495 ποιμνίων
1558 2421 1881 2492 πιαίνεσθαι,
1945 2419 2034 2475 καὶ

386 2511 523 2585 πρὸς
574 2510 672 2579 τὴν
731 2512 915 2588 φωνὴν
970 2516 1076 2565 τῶν
1141 2511 1382 2587 ὀργάνων
1439 2512 1765 2587 ὲπικροτεῖν,
1821 2510 1909 2564 καὶ
1959 2506 2034 2564 ἔτι

392 2597 603 2671 μᾶλλον
654 2600 717 2653 τὸ
767 2596 967 2653 οἷέσθαι
1017 2599 1276 2673 στάσιμόν
1304 2622 1356 2654 τι
1386 2598 1592 2654 τούτων
1628 2601 1761 2653 εἶναι
1818 2598 1906 2653 xui
1942 2598 2038 2671 μό-

384 2708 544 2760 νιμον
571 2707 583 2720 ·
609 2686 752 2763 τάχα
802 2685 859 2742 δὲ
890 2689 995 2764 οὐχ
1027 2690 1169 2743 οὕτω
1199 2694 1366 2743 ταῦτα
1398 2686 1545 2743 δεινὰ
1573 2689 1838 2761 νομίζων,
1870 2688 1943 2749 ὡς
1974 2687 2037 2741 τὸ

390 2774 557 2849 μηδὲν
614 2779 844 2854 πάσχειν
906 2777 993 2832 ἐπὶ
1041 2782 1109 2853 τῇ
1162 2773 1421 2853 συντριϐῇ
1468 2782 1565 2833 τοῦ
1594 2779 1793 2855 Ἰωσὴφ
1843 2777 2037 2839 αὐτοὺς

381 2870 728 2942 τρυφῶντας·
761 2870 922 2922 τοῦτο
952 2868 1051 2944 γὰρ
1100 2871 1168 2941 τῇ
1218 2875 1320 2937 τῆς
1364 2866 1694 2941 πλησμονῆς
1736 2866 2037 2944 κατηγορίᾳ

383 2954 733 3027 προστίθησιν
765 2975 776 2987 ·
838 2954 867 3010 ὅ
916 2957 990 3029 μὴ
1040 2956 1298 3029 πάθωμεν
1348 2961 1437 3009 νῦν
1507 2960 1583 3030 (3)
1632 2959 1817 3029 ἡμεῖς,
1897 2954 2036 3030 μηδὲ

379 3046 637 3096 τοσοῦτον
664 3046 1048 3121 τρυφήσωμεν,
1104 3045 1241 3100 ὣστε
1288 3046 1377 3100 xui
1406 3053 1507 3115 τῆς
1545 3051 1641 3100 τοῦ
1675 3051 1808 3101 Θεοῦ
1842 3045 2033 3124 φιλαν-

382 3131 625 3202 θρωπίας
658 3139 1008 3209 καταφρονεῖν
1059 3134 1274 3197 τούτοις
1318 3132 1790 3210 δυσχεραίνοντος,
1822 3136 1916 3189 κᾶν
1956 3135 2031 3208 μή

379 3220 526 3293 παρὰ
572 3218 762 3292 πόδας,
806 3221 947 3294 μηδὲ
984 3221 1124 3296 ὁμοῦ
1173 3222 1241 3299 τῇ
1298 3224 1459 3297 κακίᾳ
1515 3226 1611 3294 τὴν
1659 3224 1825 3303 ὀργὴν
1860 3223 2030 3301 ἐπάγη

381 3313 497 3369 τοῖς
522 3310 942 3383 ἆμαρτάνουσιν.

453 3492 568 3541 KE'.
630 3485 1015 3561 Μίμησώμεθα
1082 3489 1249 3562 νόμον
1304 3494 1439 3544 Θεοῦ
1485 3491 1575 3544 τὸν
1629 3489 1885 3545 ἀνωτάτω
1942 3490 2032 3546 xui

377 3578 615 3645 πκῶτον,
649 3576 706 3638 ὃς
746 3577 932 3652 βρέχει
970 3578 1063 3650 μὲν
1100 3578 1185 3633 ἐπὶ
1219 3577 1458 3641 δικαίους
1512 3578 1601 3633 xui
1645 3579 2031 3656 ἁμαρτωλοὺς,

2139 994 2601 1062 committamus,
2638 998 2701 1049 ut
2731 1011 2822 1049 res
2854 994 3049 1049 divino
3080 1009 3325 1048 munere
3356 991 3525 1047 nobis
3566 1007 3800 1047 conces-

2138 1100 2235 1139 sas
2258 1085 2410 1139 male
2422 1084 3010 1153 administremus,ne
3026 1082 3244 1154 alioqui
3260 1082 3492 1137 Petrum
3511 1081 3800 1136 dicentem

2140 1172 2452 1227 audiamus
2488 1189 2499 1226 :
2532 1173 2865 1242 Erubescite,
2901 1174 3000 1244 qui
3045 1174 3235 1227 aliena
3278 1172 3552 1239 detinetis,
3604 1171 3803 1241 Deique

2137 1264 2451 1334 aequitatem
2480 1262 2627 1317 vobis
2678 1262 3010 1317 imitandam
3049 1263 3354 1333 proponite,
3390 1265 3439 1316 et
3490 1276 3647 1316 nemo
3693 1260 3803 1315 erit

2138 1367 2350 1424 pauper
2379 1352 2419 1406 ³.
2453 1352 2534 1406 Ne
2564 1351 2947 1423 congerendis
2996 1351 3485 1421 asservandisque
3534 1348 3802 1422 pecuniis

2139 1438 2634 1509 laboremus,aliis
2666 1440 2861 1512 inopia
2892 1439 3315 1507 laborantibus,
3340 1456 3412 1495 ne
3442 1438 3658 1510 alioqui
3691 1455 3798 1495 nos

2140 1529 2350 1585 acerba
2397 1533 2454 1584 et
2506 1529 2718 1584 minaci
2766 1529 3026 1585 oratione
3076 1532 3413 1601 insectetur,
3444 1528 3581 1584 hinc
3632 1528 3802 1583 divus

2139 1620 2339 1686 Amos,
2383 1619 2453 1673 ad
2504 1618 2663 1673 hunc
2714 1619 2958 1674 modum
3006 1619 3249 1691 loquens
3284 1635 3296 1674 :
3330 1619 3485 1687 Agite
3518 1634 3661 1691 Jam,
3709 1620 3808 1689 qui

2140 1708 2324 1763 dicitis
2355 1726 2371 1762 :
2406 1708 2630 1777 Quando
2660 1711 2852 1780 efﬂuet
2882 1710 3109 1774 mensis,
3141 1716 3201 1764 ut
3236 1707 3568 1773 vendamus;
3592 1710 3645 1761 et
3676 1706 3806 1761 Sab-

2143 1798 2362 1867 bala,ut
2384 1798 2668 1853 thesauros
2700 1798 3015 1867 aperiamus
3052 1797 3115 1852 ‘7
3137 1802 3194 1853 et
3232 1795 3684 1867 catera,quibus
3713 1794 3808 1863 iis,

2142 1887 2243 1959 qui
2280 1904 2551 1959 magnam
2586 1891 2643 1943 et
2676 1904 2912 1959 parvam
2946 1886 3227 1941 trutinam
3260 1886 3499 1957 habent,
3531 1884 3677 1940 iram
3712 1883 3808 1939 Dei

2143 1976 2451 2032 minitatur
2479 1993 2491 2030 :
2529 1976 2664 2031 hinc
2694 1993 2931 2031 rursum
2965 1976 3174 2031 beatus
3206 1976 3499 2041 Michaeas,
3532 1974 3803 2030 eumdem

2142 2082 2377 2138 quoque
2407 2067 2655 2121 fortasse
2688 2066 2887 2121 luxum
2913 2067 3239 2138 reprimens
3260 2066 3565 2138 (tanquam
3587 2063 3809 2119 scilicet

2143 2157 2424 2211 saturitas
2478 2156 2862 2227 petulantiam
2926 2156 3199 2228 pareret),
3233 2160 3290 2211 et
3336 2155 3490 2227 quod
3526 2154 3585 2215 in
3641 2153 3807 2209 lectis

2142 2245 2418 2300 eburneis
2450 2245 2782 2301 lascivirent
2812 2246 2852 2313 ⁵,
2875 2261 2941 2300 ac
2973 2244 3455 2316 fragrantissimis
3487 2242 3807 2316 unguentis

2144 2334 2475 2390 effeminate
2506 2335 3017 2407 perfunderentur,
3052 2338 3228 2405 atque
3256 2332 3472 2389 teneris
3510 2332 3707 2388 vitulis
3738 2347 3809 2387 ex

2149 2424 2523 2490 armentis,et
2552 2424 2742 2479 haedis
2775 2440 2843 2478 ex
2872 2424 3150 2496 gregibus
3181 2424 3613 2497 saginarentur,
3648 2426 3706 2477 et
3735 2422 3808 2476 ad

2148 2513 2506 2569 musicorum
2566 2530 2920 2586 organorum
2976 2530 3177 2568 vocem
3239 2512 3689 2585 applauderent,
3722 2510 3809 2565 vel

2149 2604 2344 2675 potius
2376 2604 2550 2658 etiam
2583 2604 2737 2675 quod
2763 2602 3085 2675 quidquam
3105 2602 3319 2657 harum
3348 2618 3539 2657 rerum
3567 2601 3805 2655 firmum

2148 2710 2213 2748 ac
2245 2691 2452 2748 stabile
2481 2708 2608 2748 esse
2658 2693 2976 2759 ducerent;
3012 2691 3258 2748 fortasse
3311 2695 3507 2746 autem
3540 2690 3661 2745 huic
3689 2706 3805 2744 non

2146 2787 2263 2837 tam
2299 2781 2499 2853 gravia
2529 2798 2657 2837 esse
2706 2781 3070 2849 existimans,
3105 2797 3280 2852 quam
3313 2781 3491 2851 quod,
3526 2796 3658 2834 cum
3691 2778 3807 2850 ipsi

2146 2869 2305 2925 luxui
2342 2871 2519 2925 dediti
2571 2874 2783 2939 essent,
2818 2886 2997 2942 super
3026 2869 3374 2925 contritione
3413 2866 3625 2940 Joseph
3660 2866 3806 2923 nihil

2147 2962 2552 3031 paterentur‘:
2588 2959 2696 3014 hoc
2719 2958 2874 3014 enim
2900 2959 2967 3013 ad
3001 2959 3329 3014 saturitatis
3347 2958 3567 3013 crimen
3591 2957 3804 3027 adjun-

2144 3049 2247 3121 git.
2280 3050 2442 3114 Quod
2470 3049 2694 3103 utinam
2718 3066 2872 3103 nunc
2897 3048 3067 3103 nobis
3095 3065 3164 3103 ne
3187 3048 3431 3117 accidat,
3455 3062 3559 3101 nec
3583 3046 3809 3101 deliciis

2145 3155 2330 3211 usque
2361 3140 2503 3193 adeo
2537 3139 2904 3205 studeamus,
2939 3142 3003 3193 ut
3032 3137 3133 3193 Dei
3179 3154 3432 3210 quoque,
3466 3153 3558 3190 res
3591 3152 3687 3191 eas
3719 3135 3807 3189 in-

2144 3229 2319 3301 digne
2350 3228 2609 3295 ferentis,
2634 3227 3057 3300 benignitatem
3089 3225 3804 3289 contemnamus,l-.tiamsi

2146 3335 2259 3375 non
2292 3318 2590 3389 evestigio,
2626 3333 2731 3373 nec
2788 3317 2965 3373 simul
2998 3334 3133 3373 cum
3183 3317 3398 3373 scelere
3436 3316 3583 3371 iram
3635 3332 3805 3371 suam

2144 3407 2547 3480 peccatoribus
2580 3406 2883 3463 immittat.

2212 3496 2377 3553 XXV.
2411 3497 2759 3569 Supremam
2816 3489 2979 3551 illam
3038 3498 3095 3551 et
3144 3495 3394 3568 primam
3454 3494 3554 3553 Dei
3615 3493 3804 3569 legem

2143 3586 2597 3659 imitemur,'qui
2631 3585 2781 3658 pluit
2832 3600 3011 3656 super
3033 3587 3231 3657 justos
3263 3588 3319 3641 et
3361 3588 3714 3655 peccatores,
3749 3587 3807 3637 et

380 3661 661 3718 ἀνατέλλει
695 3650 753 3720 δέ
785 3650 947 3721 πᾶσιν
1007 3667 1214 3741 ὁμοίως
1257 3669 1349 3723 τὸν
1399 3666 1560 3737 ἥλιον
1586 3688 1597 3701 ·
1634 3650 1733 3746 γῆν
1764 3650 1851 3724 ’δὶ
1902 3650 2031 3746 χερζ

2146 3674 2328 3731 solem
2361 3675 2638 3731 omnibus
2669 3690 2829 3746 aeque
2860 3673 2996 3728 oriri
3027 3672 3163 3727 facit
3189 3675 3207 3707 ⁷
3234 3690 3246 3740 ;
3282 3689 3346 3729 ac
3377 3676 3671 3744 patentem
3697 3675 3808 3725 ter-

376 3750 548 3815 σαίοις
600 3758 759 3808 πᾶσιν
815 3754 1070 3823 ἥπλωσεν
1133 3754 1335 3827 ἄνετον,
1384 3758 1473 3812 xui
1529 3759 1751 3833 κρήνας,
1810 3760 1899 3813 xui
1929 3780 2031 3813 πο-

370 3840 602 3913 ταμοὺς,
659 3842 748 3897 xui
825 3842 990 3906 ὕλας·
1065 3845 1195 3921 ἀέρα
1253 3842 1311 3900 δὲ
1372 3851 1603 3913 πτηναῖς
1663 3846 1873 3925 φύσεσι,
1940 3849 2029 3903 καὶ

372 3927 520 4004 ὕδωρ
581 3929 729 3993 ὅσοις
788 3933 814 3986 ὁ
869 3933 984 4009 βίος
1033 3930 1271 4011 ἔνυδρος,
1305 3935 1393 3989 καὶ
1424 3936 1518 3998 τὰς
1550 3938 1769 4011 πρώτας
1800 3942 1896 3991 τοῦ
1931 3941 2025 4011 ζῇν

377 4019 627 4097 ἀφορμάς
688 4020 952 4099 ἀφθόνους
1003 4023 1195 4077 ἅπασιν
1254 4024 1565 4100 ἐχαρίσατο,
1630 4026 1691 4080 οὐ
1752 4025 2031 4099 δυναστείᾳ

369 4108 759 4183 κρατουμένας,
825 4110 887 4165 οὐ
936 4111 1092 4185 νόμῳ
1143 4114 1639 4192 περιγραφομένας,
1690 4116 1797 4192 οὐχ
1854 4116 2028 4192 ὁρίοις

371 4194 750 4272 διειργομένας
814 4203 928 4275 (4)·
988 4200 1134 4257 ἀλλὰ
1189 4204 1277 4257 xui
1335 4204 1521 4266 κοινὰς
1572 4207 1668 4267 τὰς
1716 4206 1877 4268 αὐτὰς
1936 4206 2027 4261 xui

371 4284 660 4360 πλουσίας,
693 4288 783 4343 καὶ
816 4288 969 4345 οὐδὲν
1004 4293 1150 4367 παρά
1177 4291 1339 4348 τοῦτο
1400 4292 1735 4371 ἐνδεεστέρας
1795 4295 2029 4369 προέθη-

374 4393 488 4430 κεν’
521 4375 583 4432 τό
613 4396 672 4431 τε
698 4384 800 4446 τῆς
832 4379 1041 4456 φύσεως
1082 4381 1352 4455 ὁμότιμον
1404 4382 1613 4453 ἰσότητι
1662 4391 1763 4454 τῆς
1823 4382 2029 4461 δωρεᾶς

367 4485 544 4536 τιμων
579 4468 677 4539 (5),
709 4468 798 4521 καὶ
832 4464 1044 4531 δεικνὺς
1070 4470 1160 4524 τὸν
1202 4469 1443 4526 πλοῦτον
1492 4478 1594 4540 τῆς
1642 4473 1834 4528 ἑαυτοῦ
1886 4494 2029 4550 χρη-

374 4550 658 4625 στότητος.
718 4558 1029 4632 ’Ἄνθρωποι
1083 4554 1139 4612 δὲ
1195 4558 1427 4634 χρυσόν,
1479 4561 1570 4615 xui
1624 4562 1878 4638 ἄργυρον,
1940 4564 2029 4619 καὶ

372 4648 473 4711 τῆς
504 4641 728 4713 ἐσθῆτος
776 4642 873 4715 ὅση
936 4643 1179 4717 μαλακὴ,
1241 4648 1330 4701 xui
1388 4648 1520 4722 ὑπὲρ
1558 4650 1658 4717 τὴν
1694 4649 1908 4725 χρείαν,
1939 4653 2029 4706 καὶ

371 4734 483 4785 τῶν
512 4729 681 4787 λίθων
712 4732 841 4795 τοὺς
892 4730 1132 4809 διαυγεῖς
1189 4734 1591 4811 κατορύξαντες,
1653 4736 1759 4793 εἷπε
1803 4760 1855 4793 τι
1888 4738 2028 4795 ἄλλο

372 4823 645 4892 τοιοῦτον,
681 4823 711 4877 ἃ
741 4820 1011 4895 πολέμου,
1044 4824 1135 4878 xui
1168 4825 1407 4887 στάσεως
1441 4828 1538 4898 (6),
1592 4825 1682 4880 xui
1720 4834 1821 4896 τῆς
1872 4829 2029 4904 πρώ-

2145 3782 2295 3833 ram,
2328 3768 2386 3821 et
2418 3764 2626 3831 fontes,
2652 3768 2710 3817 et
2741 3778 2965 3832 amnes,
2988 3766 3045 3817 et
3075 3762 3250 3818 silvas
3279 3762 3655 3817 terrestribus
3687 3775 3807 3815 om.

2141 3856 2315 3909 nibus
2347 3851 2753 3907 animantibus
2785 3852 3057 3922 expandit
3083 3878 3095 3920 ;
3120 3867 3311 3907 aerem
3347 3856 3542 3907 autem
3577 3850 3806 3913 avibus,

2140 3948 2197 3999 et
2228 3959 2439 4014 aquam
2477 3941 2547 3995 iis
2598 3958 2725 4012 quae
2760 3941 2816 3995 in
2850 3941 3019 4012 aquis
3068 3940 3289 4007 vivunt,
3325 3940 3629 4013 primaque
3676 3938 3803 3995 vita!

2139 4030 2405 4088 subsidia
2452 4030 2729 4086 omnibus
2783 4030 3190 4101 cepiosissime
3240 4029 3486 4102 largitus
3533 4033 3641 4099 est,
3684 4045 3801 4083 non

2138 4122 2493 4192 cujusquam
2523 4120 2771 4191 imperio
2805 4119 3213 4187 detenta,‘275
3242 4135 3356 4173 non
3391 4118 3517 4191 lege
3548 4117 3800 4171 circum-

2140 4210 2378 4282 scripta,
2431 4226 2544 4264 non
2598 4210 2819 4265 finibus
2864 4209 3175 4277 distincta;
3210 4208 3309 4263 sed
3361 4211 3419 4262 et
3462 4206 3804 4262 communia

2140 4301 2369 4368 eadem,
2404 4304 2460 4355 et
2491 4299 2688 4371 ampla
2720 4304 2895 4372 atque
2926 4298 3181 4371 cepiosa,
3208 4313 3313 4354 nec
3347 4296 3466 4352 ulla
3497 4300 3806 4370 propterea

2140 4406 2209 4445 ex
2238 4392 2400 4463 parte
2424 4388 2755 4445 deﬁcientia
2782 4388 3083 4461 proposuit
3108 4406 3120 4458 ;
3146 4393 3274 4442 tum
3308 4391 3374 4442 ut
3403 4385 3680 4460 aequalem
3710 4401 3810 4441 na-

2140 4485 2285 4533 turae
2318 4478 2668 4549 dignitatem
2720 4478 2985 4533 muneris
3017 4476 3350 4549 aequalitate
3389 4479 3645 4540 ornaret,
3675 4478 3802 4528 tum

2140 4571 2205 4621 ut
2229 4567 2606 4638 benignitatis
2639 4583 2757 4622 suae
2791 4582 2929 4640 opes
2961 4567 3311 4621 ostenderet.
3328 4567 3399 4622 At
3428 4565 3719 4630 homines,
3751 4564 3800 4619 si

2140 4671 2351 4711 aurum
2384 4660 2441 4710 et
2470 4660 2781 4726 argentum
2814 4662 2871 4711 et
2900 4654 3281 4709 mollissimas
3311 4670 3577 4725 quasque
3609 4668 3675 4707 ac
3706 4669 3802 4707 su-

2143 4742 2396 4814 perﬂuas
2426 4748 2635 4810 vestes,
2668 4759 3051 4814 gemmasque
3093 4741 3437 4813 pellucidae,
3474 4745 3801 4813 uestemque

2138 4832 2195 4887 id
2228 4848 2437 4905 genus,
2469 4849 2597 4904 quae
2627 4831 2763 4888 belli
2799 4849 2865 4888 ac
2921 4831 3327 4896 dissidiorum,
3361 4829 3679 4900 primaeque
3711 4833 3800 4900 ty-

372 4928 474 4979 της
517 4908 834 4986 τυραννίδος
877 4910 988 4968 ἐστὶ
1036 4912 1391 4989 γνωρίσματα
1434 4918 1529 4990 (7),
1582 4913 1765 4972 ἔπειτα
1813 4914 2028 4993 αἶ’ρουσι

2146 4921 2404 4976 rannidis
2436 4927 2784 4993 argumenta
2814 4920 3040 4989 sunt,in
3070 4924 3283 4976 terram
3319 4916 3799 4984 abdiderint,sta-

446 5018 635 5097 ‘_Ge_n.
669 5036 724 5086 x,
759 5022 813 5097 _8_.
891 5022 912 5055 ²
941 5022 1116 5079 Num.
1148 5039 1270 5079 xm.
1304 5025 1395 5079 29.
1471 5025 1493 5059 ³
1524 5022 1602 5081 Ex
1633 5027 1813 5097 Apost.
1846 5031 2014 5082 const.
2048 5026 2386 5084 Clementis.
2465 5030 2486 5065 ἰ
2515 5031 2694 5085 Amos
2722 5046 2845 5095 vm,
2881 5031 2934 5085 5.
3013 5029 3034 5065 ⁵
3062 5030 3240 5083 Amos
3268 5043 3346 5095 v1,
3380 5028 3432 5081 4.
3510 5025 3531 5061 ⁸
3562 5024 3709 5080 Ibid.
3742 5027 3796 5083 6.

370 5090 391 5124 "
422 5090 627 5147 Matth.
662 5108 715 5158 v,
750 5094 837 5147 45.

448 5187 559 5264 (ῼῖ)
591 5189 677 5245 Ὦ.
711 5190 883 5264 Deest
912 5192 970 5264 in
1009 5192 1146 5264 Reg,
1182 5193 1302 5264 bm.
1337 5197 1393 5248 et
1421 5193 1516 5250 Or.
1549 5198 1602 5252 2.

591 5257 869 5339 ᾯνειξδίσῃζ
902 5257 1363 5339 Οιχὲξόνειδίσει
1398 5266 1618 5339 [male].

452 5332 977 5411 (.99)__’Apcb§.;Reg.
1012 5332 1129 5403 bm,
1152 5332 1423 5411 elixuluc‘,
1460 5332 1926 5411 sedi'perperam.

451 5402 1459 5494 (1,)Ἰξμπωλήσωμεν...ᾆνοίξωμεν.
1508 5402 1723 5494 Plures:
1760 5416 1938 5494 393g.
1981 5417 2037 5468 et

380 5471 538 5556 0!".2.
602 5471 1078 5550 ἕμπωλῆσομεν...
1130 5471 1433 5552 ἀνοίξομεν,
1472 5504 1492 5529 ιι
1530 5471 2034 5555 ηοεοιίἃὺὶὧῖιτ...

381 5560 636 5616 aperiem
648 5565 736 5604 us.
764 5572 785 5602 ι

458 5616 535 5687 (2)
566 5618 824 5693 Μιχαίας.
858 5620 969 5693 Sic_
998 5637 1141 5677 mss.
1177 5629 1234 5679 et
1263 5624 1401 5681 edit.
1437 5623 1624 5679 Verba
1666 5629 1863 5682 tamen
1896 5630 2038 5683 sunt

382 5689 855 5773 Amos.nld'circo,
883 5689 981 5759 vel,
1004 5695 1325 5773 gregorius
1363 5697 1653 5773 memoria,
1690 5697 1896 5772 lapsus
1924 5704 2034 5769 est,

381 5759 470 5816 vel
504 5762 873 5835 antiquarius
903 5759 1213 5823 scribendo
1243 5767 1553 5825 aberravit.
1648 5759 1653 5763 ’
1728 5759 1780 5782 ”“

2180 5199 2449 5325 ἀ(ῗ)8Ν”ὖν.
2514 5198 2608 5253 Sic
2668 5203 2846 5273 Regg.
2889 5198 3107 5271 plures,
3170 5201 3226 5253 et
3282 5196 3378 5253 Or.
3420 5197 3475 5253 2.
3509 5198 3683 5259 Deest
3740 5198 3800 5259 in

2146 5287 2728 5487 ΕΟ(ιέῗόιειργομένας,
2762 5340 2934 5401 Coisl.
2970 5342 3022 5408 1,
3055 5336 3419 5413 διειργμένας.

2156 5486 2164 5487 7
2234 5415 2268 5468 5
2320 5417 2521 5486 Τιμῶν.
2556 5416 2637 5468 Ita
2670 5429 2875 5468 omnes
2914 5411 3162 5473 codices.
3196 5413 3419 5471 Mendo:

2234 5411 2291 5500 ξ)
2320 5411 2521 5486 Τιμῶν.
2549 5411 2637 5468 Ita
2670 5429 2875 5468 omnes
2914 5411 3162 5473 codices.
3196 5411 3474 5471 Mendose
3520 5413 3581 5473 in
3631 5412 3796 5481 edit.,

2143 5486 2670 5641 Ϊὶἥιὲἶίᾟξοιουτονζ..
2731 5574 2984 5641 στασεως.
3037 5556 3130 5641 Sic
3184 5555 3364 5641 Regg.
3413 5573 3467 5641 εξ,
3519 5557 3642 5621 bm,
3692 5554 3793 5633 ρζ.

2144 5626 2433 5699 Ῑηδόἰὶὶε,
2476 5630 2760 5683 τοιοῦτο...
2795 5626 3051 5684 στάσεων.
3088 5629 3150 5684 In
3200 5626 3574 5700 quibusdam,
3604 5626 3795 5682 τοσοῦ-

2143 5720 2253 5756 τον.

2217 5771 2293 5845 (7)
2327 5768 2702 5847 Γνωρίσματα.
2742 5770 2837 5833 Or.
2868 5774 2926 5844 2,
2956 5770 3263 5848 γνώρισμα,
