  <div class='ocr_page' id='page_1' title='image "/cluster/home/n/w/nwhite01/storage/ocr_20150623/35:no.1/coo.31924054869320/452.png"; bbox 0 0 4070 6416; ppageno 0'>
   <div class='ocr_carea' id='block_1_1' title="bbox 432 504 550 565">
    <p class='ocr_par' dir='ltr' id='par_1_1' title="bbox 432 504 550 565">
     <span class='ocr_line' id='line_1_1' title="bbox 432 504 550 565; baseline 0 0"><span class='ocrx_word' id='word_1_1' title='bbox 432 504 550 565; x_wconf 85' lang='grc'><strong>893</strong></span> 
     </span>
    </p>
   </div>
   <div class='ocr_carea' id='block_1_2' title="bbox 1358 495 2930 562">
    <p class='ocr_par' dir='ltr' id='par_1_2' title="bbox 1358 495 2930 562">
     <span class='ocr_line' id='line_1_2' title="bbox 1358 495 2930 562; baseline -0.004 -1"><span class='ocrx_word' id='word_1_2' title='bbox 1358 500 1653 562; x_wconf 81' lang='lat' dir='ltr'><strong>ORATIO</strong></span> <span class='ocrx_word' id='word_1_3' title='bbox 1698 499 1960 559; x_wconf 87' lang='lat' dir='ltr'><strong>XIV.—</strong></span> <span class='ocrx_word' id='word_1_4' title='bbox 2005 498 2108 559; x_wconf 78' lang='lat' dir='ltr'><strong>DE</strong></span> <span class='ocrx_word' id='word_1_5' title='bbox 2155 495 2588 558; x_wconf 83' lang='lat' dir='ltr'><strong>PAUPERUM</strong></span> <span class='ocrx_word' id='word_1_6' title='bbox 2634 496 2930 556; x_wconf 79' lang='lat' dir='ltr'><strong>AMOBE.</strong></span> 
     </span>
    </p>
   </div>
   <div class='ocr_carea' id='block_1_3' title="bbox 3740 496 3858 557">
    <p class='ocr_par' dir='ltr' id='par_1_3' title="bbox 3740 496 3858 557">
     <span class='ocr_line' id='line_1_3' title="bbox 3740 496 3858 557; baseline 0 -1"><span class='ocrx_word' id='word_1_7' title='bbox 3740 496 3858 557; x_wconf 68' lang='lat'><strong>894</strong></span> 
     </span>
    </p>
   </div>
   <div class='ocr_carea' id='block_1_4' title="bbox 433 627 2093 712">
    <p class='ocr_par' dir='ltr' id='par_1_4' title="bbox 433 629 2083 712">
     <span class='ocr_line' id='line_1_4' title="bbox 433 629 2083 712; baseline -0.004 -21"><span class='ocrx_word' id='word_1_8' title='bbox 433 633 548 712; x_wconf 77' lang='grc' dir='ltr'>ἔχει</span> <span class='ocrx_word' id='word_1_9' title='bbox 606 638 758 690; x_wconf 80' lang='grc' dir='ltr'>Θεοῦ’</span> <span class='ocrx_word' id='word_1_10' title='bbox 811 634 906 689; x_wconf 67' lang='grc' dir='ltr'>κᾶν</span> <span class='ocrx_word' id='word_1_11' title='bbox 959 635 986 688; x_wconf 98' lang='lat'><strong>6</strong></span> <span class='ocrx_word' id='word_1_12' title='bbox 1016 635 1130 707; x_wconf 86' lang='grc'>(22)</span> <span class='ocrx_word' id='word_1_13' title='bbox 1184 634 1279 705; x_wconf 73' lang='grc' dir='ltr'>μὲν</span> <span class='ocrx_word' id='word_1_14' title='bbox 1329 632 1518 706; x_wconf 84' lang='grc' dir='ltr'>μείζω,</span> <span class='ocrx_word' id='word_1_15' title='bbox 1567 634 1655 687; x_wconf 85' lang='grc' dir='ltr'><strong>καὶ</strong></span> <span class='ocrx_word' id='word_1_16' title='bbox 1707 634 1734 687; x_wconf 90' lang='lat'><strong>6</strong></span> <span class='ocrx_word' id='word_1_17' title='bbox 1786 629 1843 686; x_wconf 70' lang='grc' dir='ltr'><strong>δὲ</strong></span> <span class='ocrx_word' id='word_1_18' title='bbox 1875 630 2083 686; x_wconf 72' lang='grc' dir='ltr'>ἐλάττω</span> 
     </span>
    </p>
   </div>
   <div class='ocr_carea' id='block_1_5' title="bbox 2189 627 3857 712">
    <p class='ocr_par' dir='ltr' id='par_1_5' title="bbox 2199 627 3857 703">
     <span class='ocr_line' id='line_1_5' title="bbox 2199 627 3857 703; baseline -0.002 -17"><span class='ocrx_word' id='word_1_19' title='bbox 2199 648 2377 703; x_wconf 88' lang='lat' dir='ltr'><strong>quam</strong></span> <span class='ocrx_word' id='word_1_20' title='bbox 2408 631 2479 687; x_wconf 90' lang='lat' dir='ltr'><strong>de</strong></span> <span class='ocrx_word' id='word_1_21' title='bbox 2511 629 2642 687; x_wconf 88' lang='lat' dir='ltr'><strong>aliis</strong></span> <span class='ocrx_word' id='word_1_22' title='bbox 2673 631 2819 686; x_wconf 85' lang='lat' dir='ltr'><strong>bene</strong></span> <span class='ocrx_word' id='word_1_23' title='bbox 2851 628 3060 685; x_wconf 80' lang='lat' dir='ltr'><strong>mereri</strong></span> <span class='ocrx_word' id='word_1_24' title='bbox 3082 646 3095 684; x_wconf 91' lang='lat'>:</span> <span class='ocrx_word' id='word_1_25' title='bbox 3118 628 3353 684; x_wconf 79' lang='lat' dir='ltr'><strong>tametsi</strong></span> <span class='ocrx_word' id='word_1_26' title='bbox 3375 627 3472 684; x_wconf 90' lang='lat' dir='ltr'><strong>ille</strong></span> <span class='ocrx_word' id='word_1_27' title='bbox 3496 630 3739 702; x_wconf 82' lang='lat' dir='ltr'><strong>majora,</strong></span> <span class='ocrx_word' id='word_1_28' title='bbox 3760 630 3857 684; x_wconf 85' lang='lat' dir='ltr'><strong>hic</strong></span> 
     </span>
    </p>
   </div>
   <div class='ocr_carea' id='block_1_6' title="bbox 434 718 2088 800">
    <p class='ocr_par' dir='ltr' id='par_1_6' title="bbox 434 718 2088 800">
     <span class='ocr_line' id='line_1_6' title="bbox 434 718 2088 800; baseline -0.002 -21"><span class='ocrx_word' id='word_1_29' title='bbox 434 725 712 800; x_wconf 79' lang='grc' dir='ltr'>εὐεργετῇ,</span> <span class='ocrx_word' id='word_1_30' title='bbox 768 724 1040 797; x_wconf 73' lang='grc' dir='ltr'>ἑκάτερος,</span> <span class='ocrx_word' id='word_1_31' title='bbox 1092 723 1269 794; x_wconf 83' lang='grc' dir='ltr'>οἶμαι,</span> <span class='ocrx_word' id='word_1_32' title='bbox 1328 723 1463 776; x_wconf 83' lang='grc' dir='ltr'>κατᾶ</span> <span class='ocrx_word' id='word_1_33' title='bbox 1517 723 1614 790; x_wconf 68' lang='grc' dir='ltr'>τὴν</span> <span class='ocrx_word' id='word_1_34' title='bbox 1686 722 1875 775; x_wconf 74' lang='grc' dir='ltr'>ἑαυτοῦ</span> <span class='ocrx_word' id='word_1_35' title='bbox 1932 718 2088 775; x_wconf 72' lang='grc' dir='ltr'>δύνα-</span> 
     </span>
    </p>
   </div>
   <div class='ocr_carea' id='block_1_7' title="bbox 439 809 2090 886">
    <p class='ocr_par' dir='ltr' id='par_1_7' title="bbox 439 809 2090 886">
     <span class='ocr_line' id='line_1_7' title="bbox 439 809 2090 886; baseline -0.001 -19"><span class='ocrx_word' id='word_1_36' title='bbox 439 815 641 886; x_wconf 84' lang='grc' dir='ltr'>μιν.Ὀ</span> <span class='ocrx_word' id='word_1_37' title='bbox 704 812 796 885; x_wconf 74' lang='grc' dir='ltr'>μὲν</span> <span class='ocrx_word' id='word_1_38' title='bbox 860 811 1105 881; x_wconf 80' lang='grc' dir='ltr'>ἐποίησε,</span> <span class='ocrx_word' id='word_1_39' title='bbox 1166 810 1253 865; x_wconf 74' lang='grc' dir='ltr'><strong>καὶ</strong></span> <span class='ocrx_word' id='word_1_40' title='bbox 1313 812 1425 885; x_wconf 82' lang='grc'>(23)</span> <span class='ocrx_word' id='word_1_41' title='bbox 1486 809 1653 872; x_wconf 74' lang='grc' dir='ltr'>λύσας</span> <span class='ocrx_word' id='word_1_42' title='bbox 1702 812 1915 883; x_wconf 75' lang='grc' dir='ltr'>συνάγει</span> <span class='ocrx_word' id='word_1_43' title='bbox 1977 812 2090 882; x_wconf 83' lang='grc'>(24)</span> 
     </span>
    </p>
   </div>
   <div class='ocr_carea' id='block_1_8' title="bbox 434 898 2088 974">
    <p class='ocr_par' dir='ltr' id='par_1_8' title="bbox 434 898 2088 974">
     <span class='ocr_line' id='line_1_8' title="bbox 434 898 2088 974; baseline -0.002 -17"><span class='ocrx_word' id='word_1_44' title='bbox 434 904 619 957; x_wconf 83' lang='grc' dir='ltr'>πάλιν⁶</span> <span class='ocrx_word' id='word_1_45' title='bbox 673 901 734 955; x_wconf 69' lang='grc' dir='ltr'><strong>σὺ</strong></span> <span class='ocrx_word' id='word_1_46' title='bbox 784 899 840 955; x_wconf 75' lang='grc' dir='ltr'><strong>δὲ</strong></span> <span class='ocrx_word' id='word_1_47' title='bbox 888 900 1119 954; x_wconf 80' lang='grc' dir='ltr'>πεσόντα</span> <span class='ocrx_word' id='word_1_48' title='bbox 1171 901 1247 972; x_wconf 74' lang='grc' dir='ltr'>μὴ</span> <span class='ocrx_word' id='word_1_49' title='bbox 1296 898 1527 974; x_wconf 77' lang='grc' dir='ltr'>παρίδῃς</span> <span class='ocrx_word' id='word_1_50' title='bbox 1728 901 1783 954; x_wconf 87' lang='grc' dir='ltr'><strong>Ὀ</strong></span> <span class='ocrx_word' id='word_1_51' title='bbox 1834 900 1926 972; x_wconf 73' lang='grc' dir='ltr'><strong>μὶν</strong></span> <span class='ocrx_word' id='word_1_52' title='bbox 1957 898 2088 968; x_wconf 73' lang='grc' dir='ltr'><strong>ἠλὲ-</strong></span> 
     </span>
    </p>
   </div>
   <div class='ocr_carea' id='block_1_9' title="bbox 437 986 2088 1063">
    <p class='ocr_par' dir='ltr' id='par_1_9' title="bbox 437 986 2088 1063">
     <span class='ocr_line' id='line_1_9' title="bbox 437 986 2088 1063; baseline -0.002 -19"><span class='ocrx_word' id='word_1_53' title='bbox 437 1011 561 1060; x_wconf 82' lang='grc' dir='ltr'>ησεν</span> <span class='ocrx_word' id='word_1_54' title='bbox 617 990 693 1051; x_wconf 79' lang='grc' dir='ltr'><strong>εἷς</strong></span> <span class='ocrx_word' id='word_1_55' title='bbox 750 989 815 1044; x_wconf 76' lang='grc' dir='ltr'>τὰ</span> <span class='ocrx_word' id='word_1_56' title='bbox 877 989 1144 1063; x_wconf 66' lang='grc' dir='ltr'>μέγιστα,</span> <span class='ocrx_word' id='word_1_57' title='bbox 1208 986 1331 1050; x_wconf 81' lang='grc' dir='ltr'>δοὺς</span> <span class='ocrx_word' id='word_1_58' title='bbox 1396 989 1482 1043; x_wconf 79' lang='grc' dir='ltr'>ἐπὶ</span> <span class='ocrx_word' id='word_1_59' title='bbox 1541 994 1669 1043; x_wconf 79' lang='grc' dir='ltr'>πᾶσι</span> <span class='ocrx_word' id='word_1_60' title='bbox 1728 988 1893 1060; x_wconf 86' lang='grc' dir='ltr'>νόμον</span> <span class='ocrx_word' id='word_1_61' title='bbox 1953 1007 2088 1060; x_wconf 90' lang='grc' dir='ltr'>προ-</span> 
     </span>
    </p>
   </div>
   <div class='ocr_carea' id='block_1_10' title="bbox 435 1076 2088 1155">
    <p class='ocr_par' dir='ltr' id='par_1_10' title="bbox 435 1076 2088 1155">
     <span class='ocr_line' id='line_1_10' title="bbox 435 1076 2088 1155; baseline -0.002 -22"><span class='ocrx_word' id='word_1_62' title='bbox 435 1081 630 1155; x_wconf 76' lang='grc' dir='ltr'>φήτας,</span> <span class='ocrx_word' id='word_1_63' title='bbox 662 1080 751 1132; x_wconf 79' lang='grc' dir='ltr'><strong>καὶ</strong></span> <span class='ocrx_word' id='word_1_64' title='bbox 800 1079 905 1150; x_wconf 85' lang='grc' dir='ltr'>πρὸ</span> <span class='ocrx_word' id='word_1_65' title='bbox 947 1078 1175 1141; x_wconf 58' lang='grc' dir='ltr'>τούτων,</span> <span class='ocrx_word' id='word_1_66' title='bbox 1216 1078 1305 1132; x_wconf 85' lang='grc' dir='ltr'>τὸν</span> <span class='ocrx_word' id='word_1_67' title='bbox 1352 1079 1573 1154; x_wconf 70' lang='grc' dir='ltr'>φυσικὸν</span> <span class='ocrx_word' id='word_1_68' title='bbox 1623 1076 1788 1150; x_wconf 87' lang='grc' dir='ltr'>νόμον</span> <span class='ocrx_word' id='word_1_69' title='bbox 1824 1078 2088 1153; x_wconf 80' lang='grc' dir='ltr'>ἄγραφον,</span> 
     </span>
    </p>
   </div>
   <div class='ocr_carea' id='block_1_11' title="bbox 430 1167 2088 1243">
    <p class='ocr_par' dir='ltr' id='par_1_11' title="bbox 430 1167 2088 1243">
     <span class='ocr_line' id='line_1_11' title="bbox 430 1167 2088 1243; baseline -0.001 -22"><span class='ocrx_word' id='word_1_70' title='bbox 430 1172 537 1222; x_wconf 87' lang='grc' dir='ltr'><strong>τῶν</strong></span> <span class='ocrx_word' id='word_1_71' title='bbox 590 1168 1012 1243; x_wconf 76' lang='grc' dir='ltr'>παραττομὲνων</span> <span class='ocrx_word' id='word_1_72' title='bbox 1066 1168 1386 1236; x_wconf 67' lang='grc' dir='ltr'>ἐξεταστὴν,</span> <span class='ocrx_word' id='word_1_73' title='bbox 1448 1167 1684 1242; x_wconf 79' lang='grc' dir='ltr'>ὲλὲγξας,</span> <span class='ocrx_word' id='word_1_74' title='bbox 1742 1169 2088 1238; x_wconf 71' lang='grc' dir='ltr'><strong>νουθετήσας,</strong></span> 
     </span>
    </p>
   </div>
   <div class='ocr_carea' id='block_1_12' title="bbox 431 1254 2086 1331">
    <p class='ocr_par' dir='ltr' id='par_1_12' title="bbox 431 1254 2086 1331">
     <span class='ocr_line' id='line_1_12' title="bbox 431 1254 2086 1331; baseline -0.001 -20"><span class='ocrx_word' id='word_1_75' title='bbox 431 1255 875 1331; x_wconf 84' lang='grc' dir='ltr'>παιδαγωγήσας’</span> <span class='ocrx_word' id='word_1_76' title='bbox 933 1257 996 1309; x_wconf 90' lang='grc' dir='ltr'>τὸ</span> <span class='ocrx_word' id='word_1_77' title='bbox 1053 1254 1387 1325; x_wconf 84' lang='grc' dir='ltr'>τελευταῖον,</span> <span class='ocrx_word' id='word_1_78' title='bbox 1450 1256 1646 1327; x_wconf 72' lang='grc' dir='ltr'>λύτρον</span> <span class='ocrx_word' id='word_1_79' title='bbox 1698 1256 2086 1331; x_wconf 76' lang='grc' dir='ltr'>ἒαυτὸνπαρα-</span> 
     </span>
    </p>
   </div>
   <div class='ocr_carea' id='block_1_13' title="bbox 431 1343 2085 1421">
    <p class='ocr_par' dir='ltr' id='par_1_13' title="bbox 431 1343 2085 1421">
     <span class='ocr_line' id='line_1_13' title="bbox 431 1343 2085 1421; baseline -0.001 -21"><span class='ocrx_word' id='word_1_80' title='bbox 431 1344 556 1407; x_wconf 79' lang='grc' dir='ltr'>δοὺς</span> <span class='ocrx_word' id='word_1_81' title='bbox 584 1346 716 1421; x_wconf 74' lang='grc' dir='ltr'>ὑπὲρ</span> <span class='ocrx_word' id='word_1_82' title='bbox 760 1352 860 1415; x_wconf 81' lang='grc' dir='ltr'>τῆς</span> <span class='ocrx_word' id='word_1_83' title='bbox 906 1343 1002 1400; x_wconf 82' lang='grc' dir='ltr'><strong>τοῦ</strong></span> <span class='ocrx_word' id='word_1_84' title='bbox 1050 1346 1261 1418; x_wconf 81' lang='grc' dir='ltr'>κόσμου</span> <span class='ocrx_word' id='word_1_85' title='bbox 1320 1350 1483 1415; x_wconf 83' lang='grc' dir='ltr'>ζωῆς·</span> <span class='ocrx_word' id='word_1_86' title='bbox 1540 1347 1906 1420; x_wconf 73' lang='grc' dir='ltr'>χαρισάμενος</span> <span class='ocrx_word' id='word_1_87' title='bbox 1947 1347 2085 1399; x_wconf 83' lang='grc' dir='ltr'>ἀπο-</span> 
     </span>
    </p>
   </div>
   <div class='ocr_carea' id='block_1_14' title="bbox 429 1432 2085 1508">
    <p class='ocr_par' dir='ltr' id='par_1_14' title="bbox 429 1432 2085 1508">
     <span class='ocr_line' id='line_1_14' title="bbox 429 1432 2085 1508; baseline -0.001 -19"><span class='ocrx_word' id='word_1_88' title='bbox 429 1433 682 1499; x_wconf 82' lang='grc' dir='ltr'><strong>στόλους,</strong></span> <span class='ocrx_word' id='word_1_89' title='bbox 745 1432 1161 1508; x_wconf 75' lang='grc' dir='ltr'>εὐαγγελιστὰς,</span> <span class='ocrx_word' id='word_1_90' title='bbox 1215 1432 1597 1501; x_wconf 70' lang='grc' dir='ltr'>διδασκάλους,</span> <span class='ocrx_word' id='word_1_91' title='bbox 1656 1435 1941 1507; x_wconf 62' lang='grc' dir='ltr'>ποιμένας,</span> <span class='ocrx_word' id='word_1_92' title='bbox 2007 1432 2085 1487; x_wconf 63' lang='lat' dir='ltr'><strong>ini-</strong></span> 
     </span>
    </p>
   </div>
   <div class='ocr_carea' id='block_1_15' title="bbox 429 1520 2083 1599">
    <p class='ocr_par' dir='ltr' id='par_1_15' title="bbox 429 1520 2083 1599">
     <span class='ocr_line' id='line_1_15' title="bbox 429 1520 2083 1599; baseline -0.001 -22"><span class='ocrx_word' id='word_1_93' title='bbox 429 1544 559 1593; x_wconf 87' lang='grc' dir='ltr'>σεις,</span> <span class='ocrx_word' id='word_1_94' title='bbox 589 1522 804 1597; x_wconf 68' lang='grc' dir='ltr'>τέρατα,</span> <span class='ocrx_word' id='word_1_95' title='bbox 852 1520 1113 1577; x_wconf 79' lang='grc' dir='ltr'>ἐπάνοδον</span> <span class='ocrx_word' id='word_1_96' title='bbox 1163 1524 1298 1599; x_wconf 90' lang='grc' dir='ltr'>πρὸς</span> <span class='ocrx_word' id='word_1_97' title='bbox 1353 1525 1520 1592; x_wconf 76' lang='grc' dir='ltr'>ζωὴν,</span> <span class='ocrx_word' id='word_1_98' title='bbox 1574 1524 1799 1586; x_wconf 86' lang='grc' dir='ltr'>θανάτου</span> <span class='ocrx_word' id='word_1_99' title='bbox 1848 1521 2083 1576; x_wconf 78' lang='grc' dir='ltr'>κατάλυ-</span> 
     </span>
    </p>
   </div>
   <div class='ocr_carea' id='block_1_16' title="bbox 427 1610 2082 1688">
    <p class='ocr_par' dir='ltr' id='par_1_16' title="bbox 427 1610 2082 1688">
     <span class='ocr_line' id='line_1_16' title="bbox 427 1610 2082 1688; baseline -0.001 -22"><span class='ocrx_word' id='word_1_100' title='bbox 427 1634 531 1680; x_wconf 91' lang='grc' dir='ltr'>σιν,</span> <span class='ocrx_word' id='word_1_101' title='bbox 580 1612 840 1688; x_wconf 79' lang='grc' dir='ltr'>τρόπαιον</span> <span class='ocrx_word' id='word_1_102' title='bbox 891 1614 1027 1667; x_wconf 86' lang='grc' dir='ltr'>κατά</span> <span class='ocrx_word' id='word_1_103' title='bbox 1069 1617 1164 1667; x_wconf 85' lang='grc' dir='ltr'><strong>τοῦ</strong></span> <span class='ocrx_word' id='word_1_104' title='bbox 1190 1616 1537 1684; x_wconf 83' lang='grc' dir='ltr'>νικήσαντος,</span> <span class='ocrx_word' id='word_1_105' title='bbox 1592 1610 1858 1682; x_wconf 75' lang='grc' dir='ltr'>διαθήκην</span> <span class='ocrx_word' id='word_1_106' title='bbox 1900 1616 1997 1681; x_wconf 71' lang='grc' dir='ltr'><strong>τήν</strong></span> <span class='ocrx_word' id='word_1_107' title='bbox 2030 1611 2082 1666; x_wconf 75' lang='grc' dir='ltr'>ἐν</span> 
     </span>
    </p>
   </div>
   <div class='ocr_carea' id='block_1_17' title="bbox 427 1699 2086 1775">
    <p class='ocr_par' dir='ltr' id='par_1_17' title="bbox 427 1699 2086 1775">
     <span class='ocr_line' id='line_1_17' title="bbox 427 1699 2086 1775; baseline -0.001 -19"><span class='ocrx_word' id='word_1_108' title='bbox 427 1706 571 1771; x_wconf 81' lang='grc' dir='ltr'>σκιᾷ,</span> <span class='ocrx_word' id='word_1_109' title='bbox 606 1699 868 1772; x_wconf 80' lang='grc' dir='ltr'>διαθήκην</span> <span class='ocrx_word' id='word_1_110' title='bbox 900 1703 999 1771; x_wconf 73' lang='grc' dir='ltr'>τὴν</span> <span class='ocrx_word' id='word_1_111' title='bbox 1033 1700 1083 1755; x_wconf 79' lang='grc' dir='ltr'>ἐν</span> <span class='ocrx_word' id='word_1_112' title='bbox 1135 1700 1389 1773; x_wconf 78' lang='grc' dir='ltr'>ἀληθείᾳ,</span> <span class='ocrx_word' id='word_1_113' title='bbox 1446 1701 1762 1773; x_wconf 67' lang='grc' dir='ltr'>ΙΙνεύματος</span> <span class='ocrx_word' id='word_1_114' title='bbox 1804 1702 1960 1775; x_wconf 80' lang='grc' dir='ltr'>ἁγίου</span> <span class='ocrx_word' id='word_1_115' title='bbox 1995 1723 2086 1773; x_wconf 86' lang='grc' dir='ltr'>με-</span> 
     </span>
    </p>
   </div>
   <div class='ocr_carea' id='block_1_18' title="bbox 431 1788 2082 1866">
    <p class='ocr_par' dir='ltr' id='par_1_18' title="bbox 431 1788 2082 1866">
     <span class='ocr_line' id='line_1_18' title="bbox 431 1788 2082 1866; baseline 0.001 -23"><span class='ocrx_word' id='word_1_116' title='bbox 431 1788 684 1865; x_wconf 85' lang='grc' dir='ltr'>ρισμοὺς,</span> <span class='ocrx_word' id='word_1_117' title='bbox 715 1790 777 1844; x_wconf 85' lang='grc' dir='ltr'>τὸ</span> <span class='ocrx_word' id='word_1_118' title='bbox 821 1797 921 1859; x_wconf 77' lang='grc' dir='ltr'>τῆς</span> <span class='ocrx_word' id='word_1_119' title='bbox 968 1797 1161 1859; x_wconf 80' lang='grc' dir='ltr'>καινῆς</span> <span class='ocrx_word' id='word_1_120' title='bbox 1209 1790 1480 1863; x_wconf 72' lang='grc' dir='ltr'>σωτηρίας</span> <span class='ocrx_word' id='word_1_121' title='bbox 1533 1793 1851 1866; x_wconf 84' lang='grc' dir='ltr'>μυστήριον.</span> <span class='ocrx_word' id='word_1_122' title='bbox 1897 1790 1970 1844; x_wconf 78' lang='grc' dir='ltr'>Σὺ</span> <span class='ocrx_word' id='word_1_123' title='bbox 2004 1788 2082 1864; x_wconf 77' lang='grc' dir='ltr'><strong>δὲ,</strong></span> 
     </span>
    </p>
   </div>
   <div class='ocr_carea' id='block_1_19' title="bbox 431 1877 2083 1957">
    <p class='ocr_par' dir='ltr' id='par_1_19' title="bbox 431 1877 2083 1957">
     <span class='ocr_line' id='line_1_19' title="bbox 431 1877 2083 1957; baseline 0.001 -24"><span class='ocrx_word' id='word_1_124' title='bbox 431 1878 479 1933; x_wconf 76' lang='grc' dir='ltr'>εἰ</span> <span class='ocrx_word' id='word_1_125' title='bbox 516 1880 608 1951; x_wconf 72' lang='grc' dir='ltr'><strong>μὲν</strong></span> <span class='ocrx_word' id='word_1_126' title='bbox 641 1878 731 1933; x_wconf 76' lang='grc' dir='ltr'><strong>καὶ</strong></span> <span class='ocrx_word' id='word_1_127' title='bbox 765 1882 874 1953; x_wconf 82' lang='grc'>(26)</span> <span class='ocrx_word' id='word_1_128' title='bbox 904 1879 971 1933; x_wconf 81' lang='grc' dir='ltr'>τὰ</span> <span class='ocrx_word' id='word_1_129' title='bbox 1004 1880 1172 1953; x_wconf 81' lang='grc' dir='ltr'>μείζω</span> <span class='ocrx_word' id='word_1_130' title='bbox 1224 1877 1446 1942; x_wconf 86' lang='grc' dir='ltr'>δυνατὸς</span> <span class='ocrx_word' id='word_1_131' title='bbox 1498 1879 1562 1950; x_wconf 75' lang='grc' dir='ltr'><strong>εἶ,</strong></span> <span class='ocrx_word' id='word_1_132' title='bbox 1620 1880 1708 1933; x_wconf 84' lang='grc' dir='ltr'><strong>καὶ</strong></span> <span class='ocrx_word' id='word_1_133' title='bbox 1760 1881 1842 1942; x_wconf 76' lang='grc' dir='ltr'>οἷς</span> <span class='ocrx_word' id='word_1_134' title='bbox 1876 1879 2083 1957; x_wconf 81' lang='grc' dir='ltr'>εὐεργε-</span> 
     </span>
    </p>
   </div>
   <div class='ocr_carea' id='block_1_20' title="bbox 437 1967 2160 2069">
    <p class='ocr_par' dir='ltr' id='par_1_20' title="bbox 437 1967 2160 2069">
     <span class='ocr_line' id='line_1_20' title="bbox 437 1967 2160 2069; baseline 0.001 -48"><span class='ocrx_word' id='word_1_135' title='bbox 437 1972 609 2021; x_wconf 77' lang='grc' dir='ltr'>τεῖται</span> <span class='ocrx_word' id='word_1_136' title='bbox 642 1968 794 2043; x_wconf 83' lang='grc' dir='ltr'>ψυχή</span> <span class='ocrx_word' id='word_1_137' title='bbox 846 1970 1135 2041; x_wconf 83' lang='grc' dir='ltr'>(πεποίηκε</span> <span class='ocrx_word' id='word_1_138' title='bbox 1183 1971 1283 2044; x_wconf 88' lang='grc' dir='ltr'><strong>γάρ</strong></span> <span class='ocrx_word' id='word_1_139' title='bbox 1330 1990 1386 2023; x_wconf 90' lang='grc' dir='ltr'><strong>σε</strong></span> <span class='ocrx_word' id='word_1_140' title='bbox 1414 1968 1504 2023; x_wconf 87' lang='grc' dir='ltr'><strong>καὶ</strong></span> <span class='ocrx_word' id='word_1_141' title='bbox 1553 1973 1718 2022; x_wconf 90' lang='grc' dir='ltr'>ταῦτα</span> <span class='ocrx_word' id='word_1_142' title='bbox 1761 1967 2024 2023; x_wconf 71' lang='grc' dir='ltr'>πλούσιον</span> <span class='ocrx_word' id='word_1_143' title='bbox 2053 1970 2081 2023; x_wconf 88' lang='lat'><strong>6</strong></span> <span class='ocrx_word' id='word_1_144' title='bbox 2113 2005 2160 2069; x_wconf 82' lang='lat' dir='ltr'><strong>B</strong></span> 
     </span>
    </p>
   </div>
   <div class='ocr_carea' id='block_1_21' title="bbox 429 2055 2078 2133">
    <p class='ocr_par' dir='ltr' id='par_1_21' title="bbox 429 2055 2078 2133">
     <span class='ocr_line' id='line_1_21' title="bbox 429 2055 2078 2133; baseline 0.001 -22"><span class='ocrx_word' id='word_1_145' title='bbox 429 2057 580 2127; x_wconf 81' lang='grc' dir='ltr'>Θεὸς,</span> <span class='ocrx_word' id='word_1_146' title='bbox 615 2056 659 2110; x_wconf 85' lang='grc' dir='ltr'>εἰ</span> <span class='ocrx_word' id='word_1_147' title='bbox 692 2055 1019 2129; x_wconf 80' lang='grc' dir='ltr'>θελήσειας),</span> <span class='ocrx_word' id='word_1_148' title='bbox 1057 2055 1197 2130; x_wconf 80' lang='grc' dir='ltr'>μηδὲ</span> <span class='ocrx_word' id='word_1_149' title='bbox 1239 2062 1405 2112; x_wconf 80' lang='grc' dir='ltr'>ταῦτα</span> <span class='ocrx_word' id='word_1_150' title='bbox 1438 2057 1492 2112; x_wconf 76' lang='grc' dir='ltr'><strong>εὖ</strong></span> <span class='ocrx_word' id='word_1_151' title='bbox 1537 2063 1711 2112; x_wconf 76' lang='grc' dir='ltr'>ποιεῖν</span> <span class='ocrx_word' id='word_1_152' title='bbox 1742 2058 1960 2133; x_wconf 81' lang='grc' dir='ltr'>ἀπόσχῃ</span> <span class='ocrx_word' id='word_1_153' title='bbox 1988 2060 2078 2113; x_wconf 91' lang='grc' dir='ltr'>τὸν</span> 
     </span>
    </p>
   </div>
   <div class='ocr_carea' id='block_1_22' title="bbox 427 2142 2082 2222">
    <p class='ocr_par' dir='ltr' id='par_1_22' title="bbox 427 2142 2082 2222">
     <span class='ocr_line' id='line_1_22' title="bbox 427 2142 2082 2222; baseline 0.001 -23"><span class='ocrx_word' id='word_1_154' title='bbox 427 2142 583 2215; x_wconf 84' lang='grc' dir='ltr'>ἐνδεῆ</span> <span class='ocrx_word' id='word_1_155' title='bbox 635 2148 775 2218; x_wconf 84' lang='grc'>(27)·</span> <span class='ocrx_word' id='word_1_156' title='bbox 819 2143 1032 2217; x_wconf 78' lang='grc' dir='ltr'>μᾶλλον</span> <span class='ocrx_word' id='word_1_157' title='bbox 1085 2144 1143 2200; x_wconf 77' lang='grc' dir='ltr'><strong>δὲ</strong></span> <span class='ocrx_word' id='word_1_158' title='bbox 1192 2151 1383 2222; x_wconf 89' lang='grc' dir='ltr'>πρῶτα</span> <span class='ocrx_word' id='word_1_159' title='bbox 1436 2147 1528 2201; x_wconf 78' lang='grc' dir='ltr'><strong>καὶ</strong></span> <span class='ocrx_word' id='word_1_160' title='bbox 1585 2145 1823 2219; x_wconf 83' lang='grc' dir='ltr'>μάλιστα</span> <span class='ocrx_word' id='word_1_161' title='bbox 1873 2148 1953 2219; x_wconf 81' lang='grc' dir='ltr'>τῷ</span> <span class='ocrx_word' id='word_1_162' title='bbox 2002 2147 2082 2201; x_wconf 87' lang='grc' dir='ltr'><strong>αἷ-</strong></span> 
     </span>
    </p>
   </div>
   <div class='ocr_carea' id='block_1_23' title="bbox 422 2231 2076 2313">
    <p class='ocr_par' dir='ltr' id='par_1_23' title="bbox 422 2231 2076 2313">
     <span class='ocr_line' id='line_1_23' title="bbox 422 2231 2076 2313; baseline 0.002 -25"><span class='ocrx_word' id='word_1_163' title='bbox 422 2234 605 2289; x_wconf 89' lang='grc' dir='ltr'>τοῦντί</span> <span class='ocrx_word' id='word_1_164' title='bbox 636 2254 693 2288; x_wconf 90' lang='grc' dir='ltr'><strong>σε</strong></span> <span class='ocrx_word' id='word_1_165' title='bbox 726 2231 902 2306; x_wconf 80' lang='grc' dir='ltr'>δίδου,</span> <span class='ocrx_word' id='word_1_166' title='bbox 933 2236 1023 2288; x_wconf 85' lang='grc' dir='ltr'><strong>καὶ</strong></span> <span class='ocrx_word' id='word_1_167' title='bbox 1055 2235 1181 2308; x_wconf 86' lang='grc' dir='ltr'>πρὶν</span> <span class='ocrx_word' id='word_1_168' title='bbox 1216 2234 1526 2308; x_wconf 76' lang='grc' dir='ltr'>αἶ’τηθῆναι,</span> <span class='ocrx_word' id='word_1_169' title='bbox 1561 2235 1696 2306; x_wconf 75' lang='grc' dir='ltr'>ὅλην</span> <span class='ocrx_word' id='word_1_170' title='bbox 1728 2238 1827 2305; x_wconf 74' lang='grc' dir='ltr'>τὴν</span> <span class='ocrx_word' id='word_1_171' title='bbox 1868 2236 2076 2313; x_wconf 74' lang='grc' dir='ltr'>ἡμέραν</span> 
     </span>
    </p>
   </div>
   <div class='ocr_carea' id='block_1_24' title="bbox 425 2320 2078 2403">
    <p class='ocr_par' dir='ltr' id='par_1_24' title="bbox 425 2320 2078 2403">
     <span class='ocr_line' id='line_1_24' title="bbox 425 2320 2078 2403; baseline 0.002 -27"><span class='ocrx_word' id='word_1_172' title='bbox 425 2320 591 2377; x_wconf 75' lang='grc' dir='ltr'>ἐλεῶν</span> <span class='ocrx_word' id='word_1_173' title='bbox 622 2323 712 2376; x_wconf 88' lang='grc' dir='ltr'><strong>καὶ</strong></span> <span class='ocrx_word' id='word_1_174' title='bbox 744 2321 998 2391; x_wconf 81' lang='grc' dir='ltr'>δανείζων</span> <span class='ocrx_word' id='word_1_175' title='bbox 1034 2326 1144 2397; x_wconf 85' lang='grc'>(28)</span> <span class='ocrx_word' id='word_1_176' title='bbox 1174 2324 1264 2378; x_wconf 84' lang='grc' dir='ltr'>τὸν</span> <span class='ocrx_word' id='word_1_177' title='bbox 1317 2322 1506 2398; x_wconf 85' lang='grc' dir='ltr'>λόγον,</span> <span class='ocrx_word' id='word_1_178' title='bbox 1558 2326 1648 2379; x_wconf 63' lang='grc' dir='ltr'><strong>καὶ</strong></span> <span class='ocrx_word' id='word_1_179' title='bbox 1697 2324 1938 2379; x_wconf 81' lang='grc' dir='ltr'>ἀπαιτῶν</span> <span class='ocrx_word' id='word_1_180' title='bbox 1990 2347 2078 2403; x_wconf 80' lang='grc' dir='ltr'><strong>φι-</strong></span> 
     </span>
    </p>
   </div>
   <div class='ocr_carea' id='block_1_25' title="bbox 425 2409 2075 2491">
    <p class='ocr_par' dir='ltr' id='par_1_25' title="bbox 425 2409 2075 2491">
     <span class='ocr_line' id='line_1_25' title="bbox 425 2409 2075 2491; baseline 0.002 -26"><span class='ocrx_word' id='word_1_181' title='bbox 425 2409 676 2473; x_wconf 86' lang='grc' dir='ltr'>λοπόνως</span> <span class='ocrx_word' id='word_1_182' title='bbox 724 2412 786 2466; x_wconf 87' lang='grc' dir='ltr'>τὸ</span> <span class='ocrx_word' id='word_1_183' title='bbox 836 2409 1043 2466; x_wconf 76' lang='grc' dir='ltr'>δάνειον</span> <span class='ocrx_word' id='word_1_184' title='bbox 1099 2414 1234 2484; x_wconf 80' lang='grc' dir='ltr'>μετὰ</span> <span class='ocrx_word' id='word_1_185' title='bbox 1279 2412 1444 2467; x_wconf 87' lang='grc' dir='ltr'>τόκου</span> <span class='ocrx_word' id='word_1_186' title='bbox 1492 2421 1591 2483; x_wconf 79' lang='grc' dir='ltr'>τῆς</span> <span class='ocrx_word' id='word_1_187' title='bbox 1640 2418 1735 2468; x_wconf 87' lang='grc' dir='ltr'><strong>τοῦ</strong></span> <span class='ocrx_word' id='word_1_188' title='bbox 1781 2412 2075 2491; x_wconf 76' lang='grc' dir='ltr'>ὠφελημέ-</span> 
     </span>
    </p>
   </div>
   <div class='ocr_carea' id='block_1_26' title="bbox 423 2498 2073 2577">
    <p class='ocr_par' dir='ltr' id='par_1_26' title="bbox 423 2498 2073 2577">
     <span class='ocr_line' id='line_1_26' title="bbox 423 2498 2073 2577; baseline 0.002 -26"><span class='ocrx_word' id='word_1_189' title='bbox 423 2518 517 2552; x_wconf 90' lang='grc' dir='ltr'><strong>νου</strong></span> <span class='ocrx_word' id='word_1_190' title='bbox 568 2501 679 2572; x_wconf 83' lang='grc'>(29)</span> <span class='ocrx_word' id='word_1_191' title='bbox 730 2502 1070 2575; x_wconf 82' lang='grc' dir='ltr'>προσθήκης,</span> <span class='ocrx_word' id='word_1_192' title='bbox 1122 2502 1183 2569; x_wconf 75' lang='grc' dir='ltr'><strong>ἣν</strong></span> <span class='ocrx_word' id='word_1_193' title='bbox 1240 2500 1318 2555; x_wconf 84' lang='grc' dir='ltr'><strong>ἀεὶ</strong></span> <span class='ocrx_word' id='word_1_194' title='bbox 1368 2506 1447 2573; x_wconf 80' lang='grc' dir='ltr'>τῷ</span> <span class='ocrx_word' id='word_1_195' title='bbox 1510 2498 1658 2577; x_wconf 84' lang='grc' dir='ltr'>λόγῳ</span> <span class='ocrx_word' id='word_1_196' title='bbox 1700 2504 2073 2576; x_wconf 79' lang='grc' dir='ltr'>προστίθησιν,</span> 
     </span>
    </p>
   </div>
   <div class='ocr_carea' id='block_1_27' title="bbox 422 2584 2076 2667">
    <p class='ocr_par' dir='ltr' id='par_1_27' title="bbox 422 2584 2076 2667">
     <span class='ocr_line' id='line_1_27' title="bbox 422 2584 2076 2667; baseline 0.004 -27"><span class='ocrx_word' id='word_1_197' title='bbox 422 2584 593 2657; x_wconf 68' lang='grc' dir='ltr'>αὔξων</span> <span class='ocrx_word' id='word_1_198' title='bbox 652 2589 823 2659; x_wconf 71' lang='grc' dir='ltr'>ἐαυτῷ</span> <span class='ocrx_word' id='word_1_199' title='bbox 890 2591 1003 2663; x_wconf 83' lang='grc'>(30)</span> <span class='ocrx_word' id='word_1_200' title='bbox 1061 2591 1197 2644; x_wconf 79' lang='grc' dir='ltr'>κατὰ</span> <span class='ocrx_word' id='word_1_201' title='bbox 1258 2592 1448 2667; x_wconf 85' lang='grc' dir='ltr'>μικρὸν</span> <span class='ocrx_word' id='word_1_202' title='bbox 1523 2592 1590 2646; x_wconf 82' lang='grc' dir='ltr'>τὰ</span> <span class='ocrx_word' id='word_1_203' title='bbox 1644 2599 1745 2661; x_wconf 81' lang='grc' dir='ltr'>τῆς</span> <span class='ocrx_word' id='word_1_204' title='bbox 1804 2588 2076 2655; x_wconf 76' lang='grc' dir='ltr'>εὐσεϐείας</span> 
     </span>
    </p>
   </div>
   <div class='ocr_carea' id='block_1_28' title="bbox 421 2676 2073 2755">
    <p class='ocr_par' dir='ltr' id='par_1_28' title="bbox 421 2676 2073 2755">
     <span class='ocr_line' id='line_1_28' title="bbox 421 2676 2073 2755; baseline 0.003 -24"><span class='ocrx_word' id='word_1_205' title='bbox 421 2678 724 2751; x_wconf 72' lang='grc' dir='ltr'>σπέρματα.</span> <span class='ocrx_word' id='word_1_206' title='bbox 758 2678 821 2733; x_wconf 79' lang='grc' dir='ltr'><strong>Εἰ</strong></span> <span class='ocrx_word' id='word_1_207' title='bbox 854 2676 910 2733; x_wconf 75' lang='grc' dir='ltr'><strong>δὲ</strong></span> <span class='ocrx_word' id='word_1_208' title='bbox 947 2680 1045 2752; x_wconf 84' lang='grc' dir='ltr'>μή,</span> <span class='ocrx_word' id='word_1_209' title='bbox 1078 2677 1145 2734; x_wconf 87' lang='grc' dir='ltr'><strong>τά</strong></span> <span class='ocrx_word' id='word_1_210' title='bbox 1174 2701 1236 2754; x_wconf 86' lang='grc' dir='ltr'><strong>γε</strong></span> <span class='ocrx_word' id='word_1_211' title='bbox 1266 2683 1378 2754; x_wconf 88' lang='grc'>(31)</span> <span class='ocrx_word' id='word_1_212' title='bbox 1413 2679 1633 2754; x_wconf 76' lang='grc' dir='ltr'>δεύτερα</span> <span class='ocrx_word' id='word_1_213' title='bbox 1681 2681 1771 2736; x_wconf 84' lang='grc' dir='ltr'><strong>καὶ</strong></span> <span class='ocrx_word' id='word_1_214' title='bbox 1822 2682 2073 2755; x_wconf 84' lang='grc' dir='ltr'>μικρότε-</span> 
     </span>
    </p>
   </div>
   <div class='ocr_carea' id='block_1_29' title="bbox 420 2767 2074 2847">
    <p class='ocr_par' dir='ltr' id='par_1_29' title="bbox 420 2767 2074 2847">
     <span class='ocr_line' id='line_1_29' title="bbox 420 2767 2074 2847; baseline 0.002 -26"><span class='ocrx_word' id='word_1_215' title='bbox 420 2786 485 2843; x_wconf 87' lang='grc' dir='ltr'><strong>ρα</strong></span> <span class='ocrx_word' id='word_1_216' title='bbox 516 2768 649 2841; x_wconf 79' lang='grc'>(32),</span> <span class='ocrx_word' id='word_1_217' title='bbox 682 2769 770 2822; x_wconf 75' lang='grc' dir='ltr'><strong>καὶ</strong></span> <span class='ocrx_word' id='word_1_218' title='bbox 803 2767 901 2822; x_wconf 79' lang='grc' dir='ltr'>ὅσα</span> <span class='ocrx_word' id='word_1_219' title='bbox 930 2768 1004 2830; x_wconf 78' lang='grc' dir='ltr'><strong>εἷς</strong></span> <span class='ocrx_word' id='word_1_220' title='bbox 1039 2767 1265 2842; x_wconf 71' lang='grc' dir='ltr'>δύναμιν</span> <span class='ocrx_word' id='word_1_221' title='bbox 1317 2770 1439 2839; x_wconf 76' lang='grc' dir='ltr'>ἥκει</span> <span class='ocrx_word' id='word_1_222' title='bbox 1469 2773 1568 2840; x_wconf 69' lang='grc' dir='ltr'>τὴν</span> <span class='ocrx_word' id='word_1_223' title='bbox 1618 2773 1739 2841; x_wconf 82' lang='grc' dir='ltr'>σήν’</span> <span class='ocrx_word' id='word_1_224' title='bbox 1774 2771 2074 2847; x_wconf 78' lang='grc' dir='ltr'>ἐπικούρη-</span> 
     </span>
    </p>
   </div>
   <div class='ocr_carea' id='block_1_30' title="bbox 423 2852 2071 2939">
    <p class='ocr_par' dir='ltr' id='par_1_30' title="bbox 423 2852 2071 2939">
     <span class='ocr_line' id='line_1_30' title="bbox 423 2852 2071 2939; baseline 0.004 -30"><span class='ocrx_word' id='word_1_225' title='bbox 423 2877 536 2923; x_wconf 89' lang='grc' dir='ltr'>σον,</span> <span class='ocrx_word' id='word_1_226' title='bbox 571 2852 752 2931; x_wconf 72' lang='grc' dir='ltr'>ὄρεξον</span> <span class='ocrx_word' id='word_1_227' title='bbox 784 2859 1014 2934; x_wconf 76' lang='grc' dir='ltr'>τροφὴν,</span> <span class='ocrx_word' id='word_1_228' title='bbox 1048 2854 1230 2934; x_wconf 78' lang='grc' dir='ltr'>ὄρεξον</span> <span class='ocrx_word' id='word_1_229' title='bbox 1280 2858 1462 2934; x_wconf 67' lang='grc' dir='ltr'>ῥάκος,</span> <span class='ocrx_word' id='word_1_230' title='bbox 1503 2861 1827 2936; x_wconf 73' lang='grc' dir='ltr'>προσένεγκε</span> <span class='ocrx_word' id='word_1_231' title='bbox 1857 2866 2071 2939; x_wconf 81' lang='grc' dir='ltr'>φάρμα-</span> 
     </span>
    </p>
   </div>
   <div class='ocr_carea' id='block_1_31' title="bbox 422 2944 2072 3026">
    <p class='ocr_par' dir='ltr' id='par_1_31' title="bbox 422 2944 2072 3026">
     <span class='ocr_line' id='line_1_31' title="bbox 422 2944 2072 3026; baseline 0.005 -29"><span class='ocrx_word' id='word_1_232' title='bbox 422 2964 540 3015; x_wconf 85' lang='grc' dir='ltr'>κον,</span> <span class='ocrx_word' id='word_1_233' title='bbox 570 2944 871 3015; x_wconf 80' lang='grc' dir='ltr'>κατάδησον</span> <span class='ocrx_word' id='word_1_234' title='bbox 905 2946 1207 3022; x_wconf 68' lang='grc' dir='ltr'>τραύματα,</span> <span class='ocrx_word' id='word_1_235' title='bbox 1240 2947 1514 3023; x_wconf 78' lang='grc' dir='ltr'>ἐρώτησὸν</span> <span class='ocrx_word' id='word_1_236' title='bbox 1547 2971 1598 3004; x_wconf 91' lang='grc' dir='ltr'><strong>τι</strong></span> <span class='ocrx_word' id='word_1_237' title='bbox 1631 2950 1753 3026; x_wconf 88' lang='grc' dir='ltr'>περί</span> <span class='ocrx_word' id='word_1_238' title='bbox 1784 2957 1886 3020; x_wconf 82' lang='grc' dir='ltr'><strong>τῆς</strong></span> <span class='ocrx_word' id='word_1_239' title='bbox 1934 2973 2072 3024; x_wconf 91' lang='grc' dir='ltr'>συμ-</span> 
     </span>
    </p>
   </div>
   <div class='ocr_carea' id='block_1_32' title="bbox 426 3034 2073 3114">
    <p class='ocr_par' dir='ltr' id='par_1_32' title="bbox 426 3034 2073 3114">
     <span class='ocr_line' id='line_1_32' title="bbox 426 3034 2073 3114; baseline 0.006 -29"><span class='ocrx_word' id='word_1_240' title='bbox 426 3038 616 3106; x_wconf 77' lang='grc' dir='ltr'>φορᾶς,</span> <span class='ocrx_word' id='word_1_241' title='bbox 646 3034 769 3110; x_wconf 83' lang='grc' dir='ltr'>περὶ</span> <span class='ocrx_word' id='word_1_242' title='bbox 818 3035 1101 3110; x_wconf 77' lang='grc' dir='ltr'>καρτερίας</span> <span class='ocrx_word' id='word_1_243' title='bbox 1151 3034 1548 3114; x_wconf 77' lang='grc' dir='ltr'>φιλοσόφησον,</span> <span class='ocrx_word' id='word_1_244' title='bbox 1583 3038 1873 3114; x_wconf 83' lang='grc' dir='ltr'>θάρσησον,</span> <span class='ocrx_word' id='word_1_245' title='bbox 1904 3040 2073 3114; x_wconf 87' lang='grc' dir='ltr'>πρόσ-</span> 
     </span>
    </p>
   </div>
   <div class='ocr_carea' id='block_1_33' title="bbox 426 3118 2071 3204">
    <p class='ocr_par' dir='ltr' id='par_1_33' title="bbox 426 3118 2071 3204">
     <span class='ocr_line' id='line_1_33' title="bbox 426 3118 2071 3204; baseline 0.007 -31"><span class='ocrx_word' id='word_1_246' title='bbox 426 3118 567 3175; x_wconf 70' lang='grc' dir='ltr'>ελθεσ</span> <span class='ocrx_word' id='word_1_247' title='bbox 604 3121 664 3176; x_wconf 71' lang='grc' dir='ltr'><strong>οὐ</strong></span> <span class='ocrx_word' id='word_1_248' title='bbox 700 3124 775 3195; x_wconf 83' lang='grc' dir='ltr'>μὴ</span> <span class='ocrx_word' id='word_1_249' title='bbox 810 3124 996 3199; x_wconf 81' lang='grc' dir='ltr'>χεῖρόν</span> <span class='ocrx_word' id='word_1_250' title='bbox 1029 3146 1078 3179; x_wconf 88' lang='grc' dir='ltr'><strong>τι</strong></span> <span class='ocrx_word' id='word_1_251' title='bbox 1115 3130 1337 3179; x_wconf 76' lang='grc' dir='ltr'>σεαυτοῦ</span> <span class='ocrx_word' id='word_1_252' title='bbox 1369 3128 1513 3198; x_wconf 80' lang='grc' dir='ltr'>παρὰ</span> <span class='ocrx_word' id='word_1_253' title='bbox 1532 3132 1691 3182; x_wconf 87' lang='grc' dir='ltr'>τοῦτο</span> <span class='ocrx_word' id='word_1_254' title='bbox 1724 3130 1871 3204; x_wconf 75' lang='grc' dir='ltr'>γὲνῃ’</span> <span class='ocrx_word' id='word_1_255' title='bbox 1899 3129 1959 3184; x_wconf 82' lang='grc' dir='ltr'><strong>οὐ</strong></span> <span class='ocrx_word' id='word_1_256' title='bbox 1997 3131 2071 3203; x_wconf 79' lang='grc' dir='ltr'>μὴ</span> 
     </span>
    </p>
   </div>
   <div class='ocr_carea' id='block_1_34' title="bbox 427 3206 2072 3291">
    <p class='ocr_par' dir='ltr' id='par_1_34' title="bbox 427 3206 2072 3291">
     <span class='ocr_line' id='line_1_34' title="bbox 427 3206 2072 3291; baseline 0.006 -27"><span class='ocrx_word' id='word_1_257' title='bbox 427 3206 759 3282; x_wconf 76' lang='grc' dir='ltr'>μεταλάϐοις</span> <span class='ocrx_word' id='word_1_258' title='bbox 788 3216 902 3286; x_wconf 87' lang='grc'>(33)</span> <span class='ocrx_word' id='word_1_259' title='bbox 932 3218 1028 3268; x_wconf 89' lang='grc' dir='ltr'><strong>τοῦ</strong></span> <span class='ocrx_word' id='word_1_260' title='bbox 1076 3215 1300 3282; x_wconf 81' lang='grc' dir='ltr'>πάθους,</span> <span class='ocrx_word' id='word_1_261' title='bbox 1331 3215 1426 3270; x_wconf 72' lang='grc' dir='ltr'>κᾶν</span> <span class='ocrx_word' id='word_1_262' title='bbox 1479 3218 1530 3271; x_wconf 73' lang='grc' dir='ltr'><strong>οἱ</strong></span> <span class='ocrx_word' id='word_1_263' title='bbox 1562 3214 1681 3271; x_wconf 86' lang='grc' dir='ltr'>λίαν</span> <span class='ocrx_word' id='word_1_264' title='bbox 1726 3213 1883 3291; x_wconf 76' lang='grc' dir='ltr'>ἀϐροὶ</span> <span class='ocrx_word' id='word_1_265' title='bbox 1910 3224 2072 3275; x_wconf 90' lang='grc' dir='ltr'>τοῦτο</span> 
     </span>
    </p>
   </div>
   <div class='ocr_carea' id='block_1_35' title="bbox 416 3296 2071 3379">
    <p class='ocr_par' dir='ltr' id='par_1_35' title="bbox 416 3296 2071 3379">
     <span class='ocr_line' id='line_1_35' title="bbox 416 3296 2071 3379; baseline 0.007 -27"><span class='ocrx_word' id='word_1_266' title='bbox 416 3299 685 3372; x_wconf 80' lang='grc' dir='ltr'>νομίζωσι</span> <span class='ocrx_word' id='word_1_267' title='bbox 747 3296 937 3375; x_wconf 80' lang='grc' dir='ltr'>λόγοις</span> <span class='ocrx_word' id='word_1_268' title='bbox 992 3301 1241 3374; x_wconf 85' lang='grc' dir='ltr'>ματαίοις</span> <span class='ocrx_word' id='word_1_269' title='bbox 1292 3305 1687 3377; x_wconf 70' lang='grc' dir='ltr'>ἠπατημένοι·</span> <span class='ocrx_word' id='word_1_270' title='bbox 1744 3306 1957 3379; x_wconf 80' lang='grc' dir='ltr'>μᾶλλον</span> <span class='ocrx_word' id='word_1_271' title='bbox 2014 3306 2071 3364; x_wconf 75' lang='grc' dir='ltr'>δὲ</span> 
     </span>
    </p>
   </div>
   <div class='ocr_carea' id='block_1_36' title="bbox 414 3372 2143 3471">
    <p class='ocr_par' dir='ltr' id='par_1_36' title="bbox 414 3372 2143 3471">
     <span class='ocr_line' id='line_1_36' title="bbox 414 3372 2143 3471; baseline 0.007 -29"><span class='ocrx_word' id='word_1_272' title='bbox 414 3385 615 3458; x_wconf 75' lang='grc' dir='ltr'>ταύτην</span> <span class='ocrx_word' id='word_1_273' title='bbox 661 3385 1069 3465; x_wconf 70' lang='grc' dir='ltr'>προϐάλλονται</span> <span class='ocrx_word' id='word_1_274' title='bbox 1098 3399 1199 3461; x_wconf 79' lang='grc' dir='ltr'>τῆς</span> <span class='ocrx_word' id='word_1_275' title='bbox 1241 3393 1441 3447; x_wconf 72' lang='grc' dir='ltr'>ἑαυτῶν</span> <span class='ocrx_word' id='word_1_276' title='bbox 1477 3393 1582 3448; x_wconf 78' lang='grc' dir='ltr'>εἷ’τε</span> <span class='ocrx_word' id='word_1_277' title='bbox 1615 3372 1900 3459; x_wconf 71' lang='grc' dir='ltr'>εὐλαϐείας</span> <span class='ocrx_word' id='word_1_278' title='bbox 1931 3400 2066 3471; x_wconf 80' lang='grc'>(34),</span> <span class='ocrx_word' id='word_1_279' title='bbox 2101 3372 2143 3439; x_wconf 82' lang='lat' dir='ltr'>C</span> 
     </span>
    </p>
   </div>
   <div class='ocr_carea' id='block_1_37' title="bbox 418 3473 2067 3558">
    <p class='ocr_par' dir='ltr' id='par_1_37' title="bbox 418 3473 2067 3558">
     <span class='ocr_line' id='line_1_37' title="bbox 418 3473 2067 3558; baseline 0.007 -28"><span class='ocrx_word' id='word_1_280' title='bbox 418 3476 523 3531; x_wconf 83' lang='grc' dir='ltr'>εἷ’τε</span> <span class='ocrx_word' id='word_1_281' title='bbox 565 3473 810 3541; x_wconf 76' lang='grc' dir='ltr'>ἀσεϐείας</span> <span class='ocrx_word' id='word_1_282' title='bbox 857 3478 1186 3555; x_wconf 84' lang='grc' dir='ltr'>ἀπολογίαν,</span> <span class='ocrx_word' id='word_1_283' title='bbox 1237 3481 1324 3537; x_wconf 76' lang='grc' dir='ltr'>ἐπὶ</span> <span class='ocrx_word' id='word_1_284' title='bbox 1373 3492 1469 3552; x_wconf 72' lang='grc' dir='ltr'><strong>την</strong></span> <span class='ocrx_word' id='word_1_285' title='bbox 1524 3482 1750 3556; x_wconf 83' lang='grc' dir='ltr'>δειλίαν,</span> <span class='ocrx_word' id='word_1_286' title='bbox 1801 3486 1877 3548; x_wconf 84' lang='grc' dir='ltr'>ὡς</span> <span class='ocrx_word' id='word_1_287' title='bbox 1922 3484 1987 3558; x_wconf 89' lang='grc' dir='ltr'><strong>δή</strong></span> <span class='ocrx_word' id='word_1_288' title='bbox 2015 3510 2067 3543; x_wconf 92' lang='grc' dir='ltr'><strong>τι</strong></span> 
     </span>
    </p>
   </div>
   <div class='ocr_carea' id='block_1_38' title="bbox 419 3566 2067 3649">
    <p class='ocr_par' dir='ltr' id='par_1_38' title="bbox 419 3566 2067 3649">
     <span class='ocr_line' id='line_1_38' title="bbox 419 3566 2067 3649; baseline 0.006 -30"><span class='ocrx_word' id='word_1_289' title='bbox 419 3566 556 3642; x_wconf 71' lang='grc' dir='ltr'>μέγα</span> <span class='ocrx_word' id='word_1_290' title='bbox 612 3568 701 3622; x_wconf 84' lang='grc' dir='ltr'><strong>καὶ</strong></span> <span class='ocrx_word' id='word_1_291' title='bbox 761 3569 922 3645; x_wconf 78' lang='grc' dir='ltr'>σοφὸν</span> <span class='ocrx_word' id='word_1_292' title='bbox 970 3569 1396 3649; x_wconf 72' lang='grc' dir='ltr'>καταφεύγοντες</span> <span class='ocrx_word' id='word_1_293' title='bbox 1443 3615 1455 3627; x_wconf 93' lang='grc'><strong>.</strong></span> <span class='ocrx_word' id='word_1_294' title='bbox 1513 3578 1681 3627; x_wconf 89' lang='grc' dir='ltr'>Τοῦτο</span> <span class='ocrx_word' id='word_1_295' title='bbox 1738 3576 2067 3639; x_wconf 73' lang='grc' dir='ltr'>πειθέτωσάν</span> 
     </span>
    </p>
   </div>
   <div class='ocr_carea' id='block_1_39' title="bbox 419 3654 2069 3735">
    <p class='ocr_par' dir='ltr' id='par_1_39' title="bbox 419 3654 2069 3735">
     <span class='ocr_line' id='line_1_39' title="bbox 419 3654 2069 3735; baseline 0.008 -28"><span class='ocrx_word' id='word_1_296' title='bbox 419 3674 477 3708; x_wconf 89' lang='grc' dir='ltr'><strong>σε</strong></span> <span class='ocrx_word' id='word_1_297' title='bbox 505 3654 593 3709; x_wconf 79' lang='grc' dir='ltr'><strong>καὶ</strong></span> <span class='ocrx_word' id='word_1_298' title='bbox 644 3656 694 3711; x_wconf 77' lang='grc' dir='ltr'>οἱ</span> <span class='ocrx_word' id='word_1_299' title='bbox 743 3654 921 3733; x_wconf 85' lang='grc' dir='ltr'>λόγοι,</span> <span class='ocrx_word' id='word_1_300' title='bbox 972 3658 1060 3713; x_wconf 82' lang='grc' dir='ltr'><strong>καὶ</strong></span> <span class='ocrx_word' id='word_1_301' title='bbox 1112 3658 1309 3734; x_wconf 82' lang='grc' dir='ltr'>ἰατρῶν</span> <span class='ocrx_word' id='word_1_302' title='bbox 1361 3658 1549 3723; x_wconf 85' lang='grc' dir='ltr'>παῖδες</span> <span class='ocrx_word' id='word_1_303' title='bbox 1598 3664 1733 3735; x_wconf 88' lang='grc'>(35),</span> <span class='ocrx_word' id='word_1_304' title='bbox 1765 3664 1854 3718; x_wconf 81' lang='grc' dir='ltr'><strong>καὶ</strong></span> <span class='ocrx_word' id='word_1_305' title='bbox 1889 3666 2069 3720; x_wconf 72' lang='grc' dir='ltr'>σύνοι-</span> 
     </span>
    </p>
   </div>
   <div class='ocr_carea' id='block_1_40' title="bbox 417 3745 2067 3819">
    <p class='ocr_par' dir='ltr' id='par_1_40' title="bbox 417 3745 2067 3819">
     <span class='ocr_line' id='line_1_40' title="bbox 417 3745 2067 3819; baseline 0.007 -23"><span class='ocrx_word' id='word_1_306' title='bbox 417 3763 503 3796; x_wconf 86' lang='grc' dir='ltr'><strong>κοι</strong></span> <span class='ocrx_word' id='word_1_307' title='bbox 538 3746 649 3817; x_wconf 88' lang='grc'>(36)</span> <span class='ocrx_word' id='word_1_308' title='bbox 679 3745 887 3800; x_wconf 74' lang='grc' dir='ltr'>τούτων</span> <span class='ocrx_word' id='word_1_309' title='bbox 916 3747 1259 3819; x_wconf 78' lang='grc' dir='ltr'>θεραπευταὶ,</span> <span class='ocrx_word' id='word_1_310' title='bbox 1294 3750 1368 3803; x_wconf 85' lang='grc' dir='ltr'>ὧν</span> <span class='ocrx_word' id='word_1_311' title='bbox 1406 3748 1579 3813; x_wconf 79' lang='grc' dir='ltr'>οὐδείς</span> <span class='ocrx_word' id='word_1_312' title='bbox 1622 3773 1709 3806; x_wconf 90' lang='grc' dir='ltr'><strong>πω</strong></span> <span class='ocrx_word' id='word_1_313' title='bbox 1740 3759 1856 3815; x_wconf 84' lang='grc' dir='ltr'>τοῖς</span> <span class='ocrx_word' id='word_1_314' title='bbox 1884 3754 2067 3809; x_wconf 74' lang='grc' dir='ltr'>τοιού-</span> 
     </span>
    </p>
   </div>
   <div class='ocr_carea' id='block_1_41' title="bbox 413 3834 2069 3917">
    <p class='ocr_par' dir='ltr' id='par_1_41' title="bbox 413 3834 2069 3917">
     <span class='ocr_line' id='line_1_41' title="bbox 413 3834 2069 3917; baseline 0.007 -30"><span class='ocrx_word' id='word_1_315' title='bbox 413 3852 529 3893; x_wconf 80' lang='grc' dir='ltr'>τοις</span> <span class='ocrx_word' id='word_1_316' title='bbox 559 3835 798 3908; x_wconf 86' lang='grc' dir='ltr'>προσιὼν</span> <span class='ocrx_word' id='word_1_317' title='bbox 851 3834 1202 3894; x_wconf 68' lang='grc' dir='ltr'>ἐκινδύνευσε.</span> <span class='ocrx_word' id='word_1_318' title='bbox 1254 3837 1329 3891; x_wconf 83' lang='grc' dir='ltr'>Σὺ</span> <span class='ocrx_word' id='word_1_319' title='bbox 1376 3840 1577 3909; x_wconf 84' lang='grc' dir='ltr'>τοίνυν,</span> <span class='ocrx_word' id='word_1_320' title='bbox 1612 3841 1656 3895; x_wconf 82' lang='grc' dir='ltr'>εἰ</span> <span class='ocrx_word' id='word_1_321' title='bbox 1704 3841 1885 3898; x_wconf 75' lang='grc' dir='ltr'>καὶτὸ</span> <span class='ocrx_word' id='word_1_322' title='bbox 1931 3850 2069 3917; x_wconf 84' lang='grc' dir='ltr'>πρᾶ-</span> 
     </span>
    </p>
   </div>
   <div class='ocr_carea' id='block_1_42' title="bbox 415 3917 2069 4007">
    <p class='ocr_par' dir='ltr' id='par_1_42' title="bbox 415 3917 2069 4007">
     <span class='ocr_line' id='line_1_42' title="bbox 415 3917 2069 4007; baseline 0.009 -33"><span class='ocrx_word' id='word_1_323' title='bbox 415 3943 531 3995; x_wconf 91' lang='grc' dir='ltr'><strong>γμα</strong></span> <span class='ocrx_word' id='word_1_324' title='bbox 561 3917 792 3999; x_wconf 75' lang='grc' dir='ltr'>φοϐερὸν</span> <span class='ocrx_word' id='word_1_325' title='bbox 836 3927 924 3979; x_wconf 88' lang='grc' dir='ltr'><strong>καὶ</strong></span> <span class='ocrx_word' id='word_1_326' title='bbox 978 3926 1234 3988; x_wconf 83' lang='grc' dir='ltr'>ὑπονοίας</span> <span class='ocrx_word' id='word_1_327' title='bbox 1286 3929 1452 4000; x_wconf 77' lang='grc' dir='ltr'>ἄξιον,</span> <span class='ocrx_word' id='word_1_328' title='bbox 1506 3930 1550 3983; x_wconf 80' lang='grc' dir='ltr'><strong>ὧ</strong></span> <span class='ocrx_word' id='word_1_329' title='bbox 1601 3927 1763 3985; x_wconf 81' lang='grc' dir='ltr'>δουλε</span> <span class='ocrx_word' id='word_1_330' title='bbox 1814 3938 2069 4007; x_wconf 79' lang='grc' dir='ltr'>Χριστοῦ,</span> 
     </span>
    </p>
   </div>
   <div class='ocr_carea' id='block_1_43' title="bbox 412 4012 2069 4099">
    <p class='ocr_par' dir='ltr' id='par_1_43' title="bbox 412 4012 2069 4099">
     <span class='ocr_line' id='line_1_43' title="bbox 412 4012 2069 4099; baseline 0.008 -35"><span class='ocrx_word' id='word_1_331' title='bbox 412 4012 502 4065; x_wconf 84' lang='grc' dir='ltr'><strong>καὶ</strong></span> <span class='ocrx_word' id='word_1_332' title='bbox 534 4012 774 4089; x_wconf 76' lang='grc' dir='ltr'>φιλόθεε,</span> <span class='ocrx_word' id='word_1_333' title='bbox 808 4012 896 4068; x_wconf 75' lang='grc' dir='ltr'>καῗ</span> <span class='ocrx_word' id='word_1_334' title='bbox 951 4015 1319 4092; x_wconf 72' lang='grc' dir='ltr'>φιλάνθρωπε,</span> <span class='ocrx_word' id='word_1_335' title='bbox 1376 4020 1450 4091; x_wconf 73' lang='grc' dir='ltr'>μὴ</span> <span class='ocrx_word' id='word_1_336' title='bbox 1502 4020 1671 4093; x_wconf 74' lang='grc' dir='ltr'>πάθῃς</span> <span class='ocrx_word' id='word_1_337' title='bbox 1719 4018 1885 4093; x_wconf 72' lang='grc' dir='ltr'>μηδὲν</span> <span class='ocrx_word' id='word_1_338' title='bbox 1919 4023 2069 4099; x_wconf 82' lang='grc' dir='ltr'>ἀγεν-</span> 
     </span>
    </p>
   </div>
   <div class='ocr_carea' id='block_1_44' title="bbox 412 4100 2069 4177">
    <p class='ocr_par' dir='ltr' id='par_1_44' title="bbox 412 4100 2069 4177">
     <span class='ocr_line' id='line_1_44' title="bbox 412 4100 2069 4177; baseline 0.007 -23"><span class='ocrx_word' id='word_1_339' title='bbox 412 4100 519 4161; x_wconf 78' lang='grc' dir='ltr'>νὲς·</span> <span class='ocrx_word' id='word_1_340' title='bbox 579 4104 648 4175; x_wconf 79' lang='grc' dir='ltr'>τῇ</span> <span class='ocrx_word' id='word_1_341' title='bbox 703 4101 877 4157; x_wconf 80' lang='grc' dir='ltr'>πίστει</span> <span class='ocrx_word' id='word_1_342' title='bbox 942 4105 1230 4177; x_wconf 79' lang='grc' dir='ltr'>Θάρσησον·</span> <span class='ocrx_word' id='word_1_343' title='bbox 1293 4108 1570 4175; x_wconf 85' lang='grc' dir='ltr'>νικησάτω</span> <span class='ocrx_word' id='word_1_344' title='bbox 1626 4110 1726 4177; x_wconf 77' lang='grc' dir='ltr'>τήν</span> <span class='ocrx_word' id='word_1_345' title='bbox 1786 4108 1989 4167; x_wconf 78' lang='grc' dir='ltr'>δειΛίαν</span> <span class='ocrx_word' id='word_1_346' title='bbox 2042 4112 2069 4165; x_wconf 91' lang='grc' dir='ltr'>ὁ</span> 
     </span>
    </p>
   </div>
   <div class='ocr_carea' id='block_1_45' title="bbox 415 4188 2070 4278">
    <p class='ocr_par' dir='ltr' id='par_1_45' title="bbox 415 4188 2070 4278">
     <span class='ocr_line' id='line_1_45' title="bbox 415 4188 2070 4278; baseline 0.008 -35"><span class='ocrx_word' id='word_1_347' title='bbox 415 4188 625 4278; x_wconf 84' lang='grc' dir='ltr'>οἶκτος,</span> <span class='ocrx_word' id='word_1_348' title='bbox 654 4192 681 4245; x_wconf 91' lang='lat'><strong>6</strong></span> <span class='ocrx_word' id='word_1_349' title='bbox 706 4196 802 4245; x_wconf 74' lang='grc' dir='ltr'><strong>τοῦ</strong></span> <span class='ocrx_word' id='word_1_350' title='bbox 837 4197 970 4247; x_wconf 74' lang='grc' dir='ltr'>Θεοῦ</span> <span class='ocrx_word' id='word_1_351' title='bbox 1017 4190 1186 4268; x_wconf 74' lang='grc' dir='ltr'>φόϐος</span> <span class='ocrx_word' id='word_1_352' title='bbox 1231 4196 1331 4264; x_wconf 75' lang='grc' dir='ltr'>τὴν</span> <span class='ocrx_word' id='word_1_353' title='bbox 1364 4195 1703 4267; x_wconf 65' lang='grc' dir='ltr'>ἁπαλότητω</span> <span class='ocrx_word' id='word_1_354' title='bbox 1751 4202 1932 4271; x_wconf 88' lang='grc' dir='ltr'>στήτω</span> <span class='ocrx_word' id='word_1_355' title='bbox 1963 4202 2070 4278; x_wconf 87' lang='grc' dir='ltr'>πρὸ</span> 
     </span>
    </p>
   </div>
   <div class='ocr_carea' id='block_1_46' title="bbox 413 4277 2069 4367">
    <p class='ocr_par' dir='ltr' id='par_1_46' title="bbox 413 4277 2069 4367">
     <span class='ocr_line' id='line_1_46' title="bbox 413 4277 2069 4367; baseline 0.009 -36"><span class='ocrx_word' id='word_1_356' title='bbox 413 4282 519 4332; x_wconf 78' lang='grc' dir='ltr'><strong>τῶν</strong></span> <span class='ocrx_word' id='word_1_357' title='bbox 552 4277 901 4355; x_wconf 83' lang='grc' dir='ltr'>φιλοσάρκων</span> <span class='ocrx_word' id='word_1_358' title='bbox 954 4280 1234 4359; x_wconf 78' lang='grc' dir='ltr'>λογισμῶν</span> <span class='ocrx_word' id='word_1_359' title='bbox 1286 4288 1318 4353; x_wconf 81' lang='grc' dir='ltr'>ἡ</span> <span class='ocrx_word' id='word_1_360' title='bbox 1373 4282 1634 4342; x_wconf 71' lang='grc' dir='ltr'>εὐσέϐειαο</span> <span class='ocrx_word' id='word_1_361' title='bbox 1692 4290 1766 4361; x_wconf 80' lang='grc' dir='ltr'>μὴ</span> <span class='ocrx_word' id='word_1_362' title='bbox 1818 4288 2069 4367; x_wconf 78' lang='grc' dir='ltr'>παρίδῃς,</span> 
     </span>
    </p>
   </div>
   <div class='ocr_carea' id='block_1_47' title="bbox 418 4367 2069 4457">
    <p class='ocr_par' dir='ltr' id='par_1_47' title="bbox 418 4367 2069 4457">
     <span class='ocr_line' id='line_1_47' title="bbox 418 4367 2069 4457; baseline 0.008 -36"><span class='ocrx_word' id='word_1_363' title='bbox 547 4367 909 4444; x_wconf 81' lang='grc' dir='ltr'>παραδράμῃς</span> <span class='ocrx_word' id='word_1_364' title='bbox 966 4373 1057 4426; x_wconf 85' lang='grc' dir='ltr'>τὸν</span> <span class='ocrx_word' id='word_1_365' title='bbox 1117 4370 1373 4451; x_wconf 74' lang='grc' dir='ltr'>ἀδελφὸν,</span> <span class='ocrx_word' id='word_1_366' title='bbox 1446 4377 1522 4448; x_wconf 75' lang='grc' dir='ltr'>μὴ</span> <span class='ocrx_word' id='word_1_367' title='bbox 1583 4377 1935 4457; x_wconf 75' lang='grc' dir='ltr'>ἀποστραφῇς</span> <span class='ocrx_word' id='word_1_368' title='bbox 1995 4380 2069 4443; x_wconf 82' lang='grc' dir='ltr'>ὡς</span> 
     </span>
    </p>
   </div>
   <div class='ocr_carea' id='block_1_48' title="bbox 415 4453 2073 4543">
    <p class='ocr_par' dir='ltr' id='par_1_48' title="bbox 415 4453 2073 4543">
     <span class='ocr_line' id='line_1_48' title="bbox 415 4453 2073 4543; baseline 0.009 -33"><span class='ocrx_word' id='word_1_369' title='bbox 415 4453 566 4533; x_wconf 77' lang='grc' dir='ltr'>ἄγος,</span> <span class='ocrx_word' id='word_1_370' title='bbox 603 4457 677 4520; x_wconf 83' lang='grc' dir='ltr'>ὡς</span> <span class='ocrx_word' id='word_1_371' title='bbox 714 4459 947 4532; x_wconf 83' lang='grc' dir='ltr'>μίασμα,</span> <span class='ocrx_word' id='word_1_372' title='bbox 977 4461 1053 4522; x_wconf 85' lang='grc' dir='ltr'>ὡς</span> <span class='ocrx_word' id='word_1_373' title='bbox 1085 4460 1226 4516; x_wconf 83' lang='grc' dir='ltr'>ἄλλο</span> <span class='ocrx_word' id='word_1_374' title='bbox 1256 4484 1309 4516; x_wconf 92' lang='grc' dir='ltr'><strong>τι</strong></span> <span class='ocrx_word' id='word_1_375' title='bbox 1357 4468 1463 4518; x_wconf 88' lang='grc' dir='ltr'><strong>τῶν</strong></span> <span class='ocrx_word' id='word_1_376' title='bbox 1520 4472 1761 4543; x_wconf 73' lang='grc' dir='ltr'>φευκτῶν</span> <span class='ocrx_word' id='word_1_377' title='bbox 1803 4453 1892 4523; x_wconf 80' lang='grc' dir='ltr'><strong>καὶ</strong></span> <span class='ocrx_word' id='word_1_378' title='bbox 1925 4471 2073 4525; x_wconf 88' lang='grc' dir='ltr'>ἀπει-</span> 
     </span>
    </p>
   </div>
   <div class='ocr_carea' id='block_1_49' title="bbox 414 4547 2070 4634">
    <p class='ocr_par' dir='ltr' id='par_1_49' title="bbox 414 4547 2070 4634">
     <span class='ocr_line' id='line_1_49' title="bbox 414 4547 2070 4634; baseline 0.008 -34"><span class='ocrx_word' id='word_1_379' title='bbox 414 4547 690 4621; x_wconf 75' lang='grc' dir='ltr'>ρημένων·</span> <span class='ocrx_word' id='word_1_380' title='bbox 744 4549 834 4603; x_wconf 85' lang='grc' dir='ltr'><strong>σὸν</strong></span> <span class='ocrx_word' id='word_1_381' title='bbox 886 4547 997 4602; x_wconf 71' lang='grc' dir='ltr'>ἐστι</span> <span class='ocrx_word' id='word_1_382' title='bbox 1052 4550 1242 4622; x_wconf 73' lang='grc' dir='ltr'>μέλος,</span> <span class='ocrx_word' id='word_1_383' title='bbox 1294 4553 1382 4606; x_wconf 81' lang='grc' dir='ltr'><strong>καὶ</strong></span> <span class='ocrx_word' id='word_1_384' title='bbox 1435 4553 1481 4607; x_wconf 72' lang='grc' dir='ltr'>εἰ</span> <span class='ocrx_word' id='word_1_385' title='bbox 1524 4558 1591 4628; x_wconf 81' lang='grc' dir='ltr'>τῇ</span> <span class='ocrx_word' id='word_1_386' title='bbox 1644 4562 1899 4634; x_wconf 73' lang='grc' dir='ltr'>συμφορᾷ</span> <span class='ocrx_word' id='word_1_387' title='bbox 1930 4557 2070 4632; x_wconf 86' lang='grc' dir='ltr'>κάμ-</span> 
     </span>
    </p>
   </div>
   <div class='ocr_carea' id='block_1_50' title="bbox 486 4728 987 4802">
    <p class='ocr_par' dir='ltr' id='par_1_50' title="bbox 486 4728 987 4802">
     <span class='ocr_line' id='line_1_50' title="bbox 486 4728 987 4802; baseline 0.002 -18"><span class='ocrx_word' id='word_1_388' title='bbox 486 4728 507 4763; x_wconf 83' lang='grc'>⁹</span> <span class='ocrx_word' id='word_1_389' title='bbox 536 4728 749 4802; x_wconf 89' lang='lat' dir='ltr'><strong>Ephes.</strong></span> <span class='ocrx_word' id='word_1_390' title='bbox 783 4747 862 4797; x_wconf 85' lang='lat' dir='ltr'><strong>Iv,</strong></span> <span class='ocrx_word' id='word_1_391' title='bbox 900 4731 987 4786; x_wconf 89' lang='grc'><strong>11.</strong></span> 
     </span>
    </p>
   </div>
   <div class='ocr_carea' id='block_1_51' title="bbox 416 4978 514 5035">
    <p class='ocr_par' dir='ltr' id='par_1_51' title="bbox 416 4978 514 5035">
     <span class='ocr_line' id='line_1_51' title="bbox 416 4978 514 5035; baseline 0.031 -3"><span class='ocrx_word' id='word_1_392' title='bbox 416 4978 514 5035; x_wconf 91' lang='lat' dir='ltr'><strong>tis.</strong></span> 
     </span>
    </p>
   </div>
   <div class='ocr_carea' id='block_1_52' title="bbox 482 5049 1376 5127">
    <p class='ocr_par' dir='ltr' id='par_1_52' title="bbox 482 5049 1376 5127">
     <span class='ocr_line' id='line_1_52' title="bbox 482 5049 1376 5127; baseline 0.009 -22"><span class='ocrx_word' id='word_1_393' title='bbox 482 5050 597 5127; x_wconf 64' lang='grc'>(23)</span> <span class='ocrx_word' id='word_1_394' title='bbox 630 5049 759 5127; x_wconf 38' lang='grc' dir='ltr'>Καί..</span> <span class='ocrx_word' id='word_1_395' title='bbox 788 5052 961 5109; x_wconf 84' lang='lat' dir='ltr'><strong>Deest</strong></span> <span class='ocrx_word' id='word_1_396' title='bbox 993 5054 1049 5110; x_wconf 89' lang='lat' dir='ltr'><strong>in</strong></span> <span class='ocrx_word' id='word_1_397' title='bbox 1084 5055 1376 5127; x_wconf 84' lang='lat' dir='ltr'><strong>pluribus.</strong></span> 
     </span>
    </p>
   </div>
   <div class='ocr_carea' id='block_1_53' title="bbox 481 5121 1400 5259">
    <p class='ocr_par' dir='ltr' id='par_1_53' title="bbox 481 5121 1400 5259">
     <span class='ocr_line' id='line_1_53' title="bbox 481 5121 1400 5259; baseline 0.01 -84"><span class='ocrx_word' id='word_1_398' title='bbox 481 5124 591 5259; x_wconf 80' lang='grc'>(24)</span> <span class='ocrx_word' id='word_1_399' title='bbox 627 5121 875 5197; x_wconf 81' lang='grc' dir='ltr'>Συνάγει.</span> <span class='ocrx_word' id='word_1_400' title='bbox 908 5126 1049 5191; x_wconf 83' lang='lat' dir='ltr'><strong>Jes.,</strong></span> <span class='ocrx_word' id='word_1_401' title='bbox 1081 5121 1400 5204; x_wconf 76' lang='grc' dir='ltr'>συνεισάγει.</span> 
     </span>
     <span class='ocr_line' id='line_1_54' title="bbox 481 5194 1400 5259; baseline 0.008 -11"><span class='ocrx_word' id='word_1_402' title='bbox 481 5195 569 5259; x_wconf 80' lang='grc'>[25</span> <span class='ocrx_word' id='word_1_403' title='bbox 622 5194 875 5259; x_wconf 79' lang='grc' dir='ltr'>Παρίδῃς.</span> <span class='ocrx_word' id='word_1_404' title='bbox 911 5203 1049 5259; x_wconf 77' lang='lat' dir='ltr'><strong>Reg.</strong></span> <span class='ocrx_word' id='word_1_405' title='bbox 1081 5200 1204 5259; x_wconf 89' lang='lat' dir='ltr'><strong>bm.</strong></span> <span class='ocrx_word' id='word_1_406' title='bbox 1237 5202 1400 5259; x_wconf 78' lang='grc' dir='ltr'>παρεί</span> 
     </span>
    </p>
   </div>
   <div class='ocr_carea' id='block_1_54' title="bbox 476 5194 1522 5275">
    <p class='ocr_par' dir='ltr' id='par_1_54' title="bbox 476 5194 1522 5275">
     <span class='ocr_line' id='line_1_55' title="bbox 476 5194 1522 5275; baseline 0.01 -28"><span class='ocrx_word' id='word_1_407' title='bbox 622 5194 875 5275; x_wconf 34' lang='lat' dir='ltr'><strong>getiam-1,5.</strong></span> <span class='ocrx_word' id='word_1_408' title='bbox 900 5203 1049 5275; x_wconf 62' lang='lat' dir='ltr'><strong>Beg.</strong></span> <span class='ocrx_word' id='word_1_409' title='bbox 1081 5200 1204 5267; x_wconf 89' lang='lat' dir='ltr'><strong>bm,</strong></span> <span class='ocrx_word' id='word_1_410' title='bbox 1237 5194 1522 5275; x_wconf 68' lang='grc' dir='ltr'>πάρείδῃς.</span> 
     </span>
    </p>
   </div>
   <div class='ocr_carea' id='block_1_55' title="bbox 410 5267 2068 5393">
    <p class='ocr_par' dir='ltr' id='par_1_55' title="bbox 410 5267 2068 5393">
     <span class='ocr_line' id='line_1_56' title="bbox 410 5267 2068 5393; baseline -0.001 -58"><span class='ocrx_word' id='word_1_411' title='bbox 410 5267 737 5393; x_wconf 42' lang='lat' dir='ltr'><strong>inlitas-(at.</strong></span> <span class='ocrx_word' id='word_1_412' title='bbox 774 5267 868 5325; x_wconf 87' lang='lat' dir='ltr'><strong>Sic</strong></span> <span class='ocrx_word' id='word_1_413' title='bbox 900 5267 1077 5343; x_wconf 73' lang='lat' dir='ltr'><strong>Regg.</strong></span> <span class='ocrx_word' id='word_1_414' title='bbox 1122 5290 1174 5338; x_wconf 88' lang='lat' dir='ltr'><strong>a,</strong></span> <span class='ocrx_word' id='word_1_415' title='bbox 1222 5267 1338 5343; x_wconf 59' lang='lat' dir='ltr'><strong>bm&#39;,</strong></span> <span class='ocrx_word' id='word_1_416' title='bbox 1372 5293 1421 5346; x_wconf 94' lang='lat' dir='ltr'><strong>c,</strong></span> <span class='ocrx_word' id='word_1_417' title='bbox 1450 5267 1556 5347; x_wconf 57' lang='lat' dir='ltr'><strong>&#39;ph,</strong></span> <span class='ocrx_word' id='word_1_418' title='bbox 1590 5280 1648 5331; x_wconf 90' lang='lat' dir='ltr'><strong>et</strong></span> <span class='ocrx_word' id='word_1_419' title='bbox 1676 5276 1774 5333; x_wconf 91' lang='lat' dir='ltr'><strong>Or.</strong></span> <span class='ocrx_word' id='word_1_420' title='bbox 1806 5278 1860 5332; x_wconf 81' lang='grc'>2.</span> <span class='ocrx_word' id='word_1_421' title='bbox 1895 5277 2068 5333; x_wconf 85' lang='lat' dir='ltr'><strong>Deest</strong></span> 
     </span>
    </p>
   </div>
   <div class='ocr_carea' id='block_1_56' title="bbox 435 5354 642 5392">
    <p class='ocr_par' dir='ltr' id='par_1_56' title="bbox 435 5354 642 5392">
     <span class='ocr_line' id='line_1_57' title="bbox 435 5354 642 5392; baseline 0.005 -1"><span class='ocrx_word' id='word_1_422' title='bbox 435 5354 469 5391; x_wconf 82' lang='grc' dir='ltr'><strong>Π</strong></span> <span class='ocrx_word' id='word_1_423' title='bbox 503 5354 642 5392; x_wconf 79' lang='grc' dir='ltr'><strong>6οη.</strong></span> 
     </span>
    </p>
   </div>
   <div class='ocr_carea' id='block_1_57' title="bbox 479 5406 1749 5492">
    <p class='ocr_par' dir='ltr' id='par_1_57' title="bbox 479 5406 1749 5492">
     <span class='ocr_line' id='line_1_58' title="bbox 479 5406 1749 5492; baseline 0.008 -31"><span class='ocrx_word' id='word_1_424' title='bbox 621 5406 827 5492; x_wconf 39' lang='grc' dir='ltr'>Ἐνδιῇι</span> <span class='ocrx_word' id='word_1_425' title='bbox 864 5412 1004 5492; x_wconf 82' lang='lat' dir='ltr'><strong>Reg.</strong></span> <span class='ocrx_word' id='word_1_426' title='bbox 1041 5412 1138 5492; x_wconf 87' lang='lat' dir='ltr'><strong>ph,</strong></span> <span class='ocrx_word' id='word_1_427' title='bbox 1172 5411 1333 5492; x_wconf 62' lang='grc' dir='ltr'>ἐνδέοι</span> <span class='ocrx_word' id='word_1_428' title='bbox 1358 5416 1522 5492; x_wconf 83' lang='lat' dir='ltr'><strong>[lege,</strong></span> <span class='ocrx_word' id='word_1_429' title='bbox 1556 5415 1749 5492; x_wconf 70' lang='grc' dir='ltr'>ἐνδεᾶ).</span> 
     </span>
    </p>
   </div>
   <div class='ocr_carea' id='block_1_58' title="bbox 481 5481 1560 5556">
    <p class='ocr_par' dir='ltr' id='par_1_58' title="bbox 481 5481 1560 5556">
     <span class='ocr_line' id='line_1_59' title="bbox 481 5481 1560 5556; baseline 0.005 -21"><span class='ocrx_word' id='word_1_430' title='bbox 626 5481 915 5556; x_wconf 28' lang='grc' dir='ltr'>ᾼανεμίζων.</span> <span class='ocrx_word' id='word_1_431' title='bbox 948 5481 1099 5540; x_wconf 48' lang='grc' dir='ltr'>δικ-1</span> <span class='ocrx_word' id='word_1_432' title='bbox 1137 5492 1192 5541; x_wconf 92' lang='lat' dir='ltr'><strong>et</strong></span> <span class='ocrx_word' id='word_1_433' title='bbox 1220 5491 1273 5555; x_wconf 82' lang='grc'>2,</span> <span class='ocrx_word' id='word_1_434' title='bbox 1309 5481 1560 5556; x_wconf 72' lang='grc' dir='ltr'>δάνίξων,</span> 
     </span>
    </p>
   </div>
   <div class='ocr_carea' id='block_1_59' title="bbox 476 5551 1794 5642">
    <p class='ocr_par' dir='ltr' id='par_1_59' title="bbox 476 5551 1794 5642">
     <span class='ocr_line' id='line_1_60' title="bbox 476 5551 1794 5642; baseline 0.01 -39"><span class='ocrx_word' id='word_1_435' title='bbox 626 5551 823 5642; x_wconf 41' lang='lat' dir='ltr'><strong>&quot;again</strong></span> <span class='ocrx_word' id='word_1_436' title='bbox 839 5553 1023 5642; x_wconf 36' lang='lat' dir='ltr'><strong>Esses...</strong></span> <span class='ocrx_word' id='word_1_437' title='bbox 1057 5557 1197 5642; x_wconf 83' lang='lat' dir='ltr'><strong>Reg.</strong></span> <span class='ocrx_word' id='word_1_438' title='bbox 1233 5551 1351 5642; x_wconf 17' lang='lat' dir='ltr'><strong>big],</strong></span> <span class='ocrx_word' id='word_1_439' title='bbox 1384 5551 1794 5642; x_wconf 57' lang='grc' dir='ltr'>ὠῴελουμὲνου.</span> 
     </span>
    </p>
   </div>
   <div class='ocr_carea' id='block_1_60' title="bbox 474 5625 2057 5703">
    <p class='ocr_par' dir='ltr' id='par_1_60' title="bbox 474 5625 2057 5703">
     <span class='ocr_line' id='line_1_61' title="bbox 474 5625 2057 5703; baseline 0.009 -27"><span class='ocrx_word' id='word_1_440' title='bbox 474 5625 585 5695; x_wconf 85' lang='grc'>(30)</span> <span class='ocrx_word' id='word_1_441' title='bbox 612 5625 807 5703; x_wconf 37' lang='lat' dir='ltr'><strong>etiam?</strong></span> <span class='ocrx_word' id='word_1_442' title='bbox 863 5626 1055 5703; x_wconf 53' lang='grc' dir='ltr'>ἑαυτῷ,</span> <span class='ocrx_word' id='word_1_443' title='bbox 1107 5625 1216 5685; x_wconf 72' lang='lat' dir='ltr'><strong>etc.</strong></span> <span class='ocrx_word' id='word_1_444' title='bbox 1273 5625 1406 5702; x_wconf 81' lang='lat' dir='ltr'><strong>Reg.</strong></span> <span class='ocrx_word' id='word_1_445' title='bbox 1445 5625 1504 5698; x_wconf 79' lang='grc' dir='ltr'>ἐι,</span> <span class='ocrx_word' id='word_1_446' title='bbox 1541 5625 1636 5688; x_wconf 75' lang='lat' dir='ltr'><strong>Or.</strong></span> <span class='ocrx_word' id='word_1_447' title='bbox 1671 5635 1724 5698; x_wconf 83' lang='lat'><strong>2,</strong></span> <span class='ocrx_word' id='word_1_448' title='bbox 1758 5640 1814 5690; x_wconf 90' lang='lat' dir='ltr'><strong>et</strong></span> <span class='ocrx_word' id='word_1_449' title='bbox 1861 5634 2057 5703; x_wconf 87' lang='lat' dir='ltr'><strong>Gabr.,</strong></span> 
     </span>
    </p>
   </div>
   <div class='ocr_carea' id='block_1_61' title="bbox 401 5693 2059 5781">
    <p class='ocr_par' dir='ltr' id='par_1_61' title="bbox 401 5693 2059 5781">
     <span class='ocr_line' id='line_1_62' title="bbox 401 5693 2059 5781; baseline 0.01 -35"><span class='ocrx_word' id='word_1_450' title='bbox 401 5693 679 5781; x_wconf 63' lang='grc' dir='ltr'>νουνεχῶς</span> <span class='ocrx_word' id='word_1_451' title='bbox 710 5693 881 5780; x_wconf 66' lang='grc' dir='ltr'>αὔξων</span> <span class='ocrx_word' id='word_1_452' title='bbox 913 5696 962 5750; x_wconf 74' lang='grc' dir='ltr'>ἓν</span> <span class='ocrx_word' id='word_1_453' title='bbox 998 5693 1189 5781; x_wconf 62' lang='grc' dir='ltr'>ἑαυτῷ,</span> <span class='ocrx_word' id='word_1_454' title='bbox 1225 5726 1257 5781; x_wconf 82' lang='lat'><strong>«_</strong></span> <span class='ocrx_word' id='word_1_455' title='bbox 1287 5693 1385 5774; x_wconf 64' lang='lat' dir='ltr'><strong>qui</strong></span> <span class='ocrx_word' id='word_1_456' title='bbox 1432 5693 1748 5776; x_wconf 55' lang='lat' dir='ltr'><strong>prudenter</strong></span> <span class='ocrx_word' id='word_1_457' title='bbox 1776 5708 1835 5761; x_wconf 89' lang='lat' dir='ltr'><strong>in</strong></span> <span class='ocrx_word' id='word_1_458' title='bbox 1868 5693 2059 5780; x_wconf 63' lang='lat' dir='ltr'><strong>seipse</strong></span> 
     </span>
    </p>
   </div>
   <div class='ocr_carea' id='block_1_62' title="bbox 402 5771 1509 5849">
    <p class='ocr_par' dir='ltr' id='par_1_62' title="bbox 402 5771 1509 5849">
     <span class='ocr_line' id='line_1_63' title="bbox 402 5771 1509 5849; baseline 0.011 -29"><span class='ocrx_word' id='word_1_459' title='bbox 402 5771 901 5849; x_wconf 61' lang='lat' dir='ltr'><strong>pietatissemina</strong></span> <span class='ocrx_word' id='word_1_460' title='bbox 933 5771 1154 5849; x_wconf 78' lang='lat' dir='ltr'><strong>sensim</strong></span> <span class='ocrx_word' id='word_1_461' title='bbox 1189 5771 1459 5849; x_wconf 75' lang='lat' dir='ltr'><strong>adauget.</strong></span> <span class='ocrx_word' id='word_1_462' title='bbox 1488 5800 1509 5826; x_wconf 73' lang='grc' dir='ltr'>ι»</span> 
     </span>
    </p>
   </div>
   <div class='ocr_carea' id='block_1_63' title="bbox 472 5838 1733 5919">
    <p class='ocr_par' dir='ltr' id='par_1_63' title="bbox 472 5838 1733 5919">
     <span class='ocr_line' id='line_1_64' title="bbox 472 5838 1733 5919; baseline 0.011 -28"><span class='ocrx_word' id='word_1_463' title='bbox 472 5838 585 5911; x_wconf 87' lang='grc'>(31)</span> <span class='ocrx_word' id='word_1_464' title='bbox 617 5840 693 5895; x_wconf 80' lang='grc' dir='ltr'>Τά</span> <span class='ocrx_word' id='word_1_465' title='bbox 720 5860 803 5916; x_wconf 82' lang='grc' dir='ltr'><strong>γε.</strong></span> <span class='ocrx_word' id='word_1_466' title='bbox 839 5842 979 5915; x_wconf 83' lang='lat' dir='ltr'><strong>Reg.</strong></span> <span class='ocrx_word' id='word_1_467' title='bbox 1013 5842 1117 5914; x_wconf 88' lang='lat' dir='ltr'><strong>ph,</strong></span> <span class='ocrx_word' id='word_1_468' title='bbox 1146 5842 1309 5919; x_wconf 83' lang='grc' dir='ltr'>τάχα,</span> <span class='ocrx_word' id='word_1_469' title='bbox 1343 5838 1376 5899; x_wconf 72' lang='grc' dir='ltr'><strong>’σῖ</strong></span> <span class='ocrx_word' id='word_1_470' title='bbox 1405 5849 1678 5908; x_wconf 75' lang='lat' dir='ltr'><strong>fortasse.</strong></span> <span class='ocrx_word' id='word_1_471' title='bbox 1704 5870 1733 5897; x_wconf 83' lang='grc'><strong>››</strong></span> 
     </span>
    </p>
   </div>
   <div class='ocr_carea' id='block_1_64' title="bbox 482 4907 2071 4988">
    <p class='ocr_par' dir='ltr' id='par_1_64' title="bbox 482 4907 2071 4988">
     <span class='ocr_line' id='line_1_65' title="bbox 482 4907 2071 4988; baseline 0.009 -27"><span class='ocrx_word' id='word_1_472' title='bbox 482 4907 593 4980; x_wconf 86' lang='grc'>(22)</span> <span class='ocrx_word' id='word_1_473' title='bbox 623 4912 677 4962; x_wconf 83' lang='lat'><strong>&#39;0</strong></span> <span class='ocrx_word' id='word_1_474' title='bbox 716 4909 808 4966; x_wconf 88' lang='lat' dir='ltr'><strong>Sic</strong></span> <span class='ocrx_word' id='word_1_475' title='bbox 862 4910 1041 4985; x_wconf 82' lang='lat' dir='ltr'><strong>Regg.</strong></span> <span class='ocrx_word' id='word_1_476' title='bbox 1077 4930 1130 4985; x_wconf 86' lang='lat' dir='ltr'><strong>a,</strong></span> <span class='ocrx_word' id='word_1_477' title='bbox 1177 4914 1298 4981; x_wconf 89' lang='lat' dir='ltr'><strong>hm,</strong></span> <span class='ocrx_word' id='word_1_478' title='bbox 1332 4915 1433 4988; x_wconf 92' lang='lat' dir='ltr'><strong>ph,</strong></span> <span class='ocrx_word' id='word_1_479' title='bbox 1468 4921 1576 4972; x_wconf 92' lang='lat' dir='ltr'><strong>etc.</strong></span> <span class='ocrx_word' id='word_1_480' title='bbox 1610 4921 1782 4974; x_wconf 83' lang='lat' dir='ltr'><strong>Deest</strong></span> <span class='ocrx_word' id='word_1_481' title='bbox 1830 4919 1889 4974; x_wconf 93' lang='lat' dir='ltr'><strong>in</strong></span> <span class='ocrx_word' id='word_1_482' title='bbox 1944 4918 2071 4975; x_wconf 89' lang='lat' dir='ltr'><strong>edi-</strong></span> 
     </span>
    </p>
   </div>
   <div class='ocr_carea' id='block_1_65' title="bbox 582 5052 597 5120">
    <p class='ocr_par' dir='ltr' id='par_1_65' title="bbox 582 5052 597 5120">
     <span class='ocr_line' id='line_1_66' title="bbox 582 5052 597 5120; baseline 0 0"><span class='ocrx_word' id='word_1_483' title='bbox 582 5052 597 5120; x_wconf 91' lang='grc'><strong>)</strong></span> 
     </span>
    </p>
   </div>
   <div class='ocr_carea' id='block_1_66' title="bbox 2200 719 3857 791">
    <p class='ocr_par' dir='ltr' id='par_1_66' title="bbox 2200 719 3857 791">
     <span class='ocr_line' id='line_1_67' title="bbox 2200 719 3857 791; baseline -0.001 -16"><span class='ocrx_word' id='word_1_484' title='bbox 2200 721 2428 775; x_wconf 90' lang='lat' dir='ltr'><strong>minora</strong></span> <span class='ocrx_word' id='word_1_485' title='bbox 2484 720 2768 775; x_wconf 91' lang='lat' dir='ltr'><strong>beneﬁcia</strong></span> <span class='ocrx_word' id='word_1_486' title='bbox 2828 719 3107 783; x_wconf 85' lang='lat' dir='ltr'><strong>conferat,</strong></span> <span class='ocrx_word' id='word_1_487' title='bbox 3168 724 3436 789; x_wconf 89' lang='lat' dir='ltr'><strong>uterque,</strong></span> <span class='ocrx_word' id='word_1_488' title='bbox 3498 720 3720 790; x_wconf 83' lang='lat' dir='ltr'><strong>opinor,</strong></span> <span class='ocrx_word' id='word_1_489' title='bbox 3754 736 3857 791; x_wconf 90' lang='lat' dir='ltr'><strong>pro</strong></span> 
     </span>
    </p>
   </div>
   <div class='ocr_carea' id='block_1_67' title="bbox 2199 805 3856 875">
    <p class='ocr_par' dir='ltr' id='par_1_67' title="bbox 2199 805 3856 875">
     <span class='ocr_line' id='line_1_68' title="bbox 2199 805 3856 875; baseline -0.001 -11"><span class='ocrx_word' id='word_1_490' title='bbox 2199 810 2323 865; x_wconf 85' lang='lat' dir='ltr'><strong>suis</strong></span> <span class='ocrx_word' id='word_1_491' title='bbox 2352 810 2593 865; x_wconf 90' lang='lat' dir='ltr'><strong>viribus.</strong></span> <span class='ocrx_word' id='word_1_492' title='bbox 2631 808 2729 864; x_wconf 86' lang='lat' dir='ltr'>Ille</span> <span class='ocrx_word' id='word_1_493' title='bbox 2756 807 3054 863; x_wconf 86' lang='lat' dir='ltr'><strong>hominem</strong></span> <span class='ocrx_word' id='word_1_494' title='bbox 3100 805 3420 875; x_wconf 90' lang='lat' dir='ltr'><strong>condiddit,</strong></span> <span class='ocrx_word' id='word_1_495' title='bbox 3480 823 3544 861; x_wconf 90' lang='lat' dir='ltr'><strong>ac</strong></span> <span class='ocrx_word' id='word_1_496' title='bbox 3597 807 3856 863; x_wconf 82' lang='lat' dir='ltr'><strong>solutum</strong></span> 
     </span>
    </p>
   </div>
   <div class='ocr_carea' id='block_1_68' title="bbox 2200 893 3857 970">
    <p class='ocr_par' dir='ltr' id='par_1_68' title="bbox 2200 893 3857 970">
     <span class='ocr_line' id='line_1_69' title="bbox 2200 893 3857 970; baseline -0.002 -16"><span class='ocrx_word' id='word_1_497' title='bbox 2200 916 2409 954; x_wconf 83' lang='lat' dir='ltr'><strong>rursus</strong></span> <span class='ocrx_word' id='word_1_498' title='bbox 2467 898 2689 970; x_wconf 82' lang='lat' dir='ltr'><strong>colligit</strong></span> <span class='ocrx_word' id='word_1_499' title='bbox 2720 916 2733 954; x_wconf 86' lang='lat'>:</span> <span class='ocrx_word' id='word_1_500' title='bbox 2770 901 2829 952; x_wconf 88' lang='lat' dir='ltr'><strong>tu</strong></span> <span class='ocrx_word' id='word_1_501' title='bbox 2880 897 3112 969; x_wconf 84' lang='lat' dir='ltr'><strong>lapsum</strong></span> <span class='ocrx_word' id='word_1_502' title='bbox 3146 912 3217 951; x_wconf 90' lang='lat' dir='ltr'><strong>ne</strong></span> <span class='ocrx_word' id='word_1_503' title='bbox 3249 893 3558 967; x_wconf 87' lang='lat' dir='ltr'><strong>despicias.</strong></span> <span class='ocrx_word' id='word_1_504' title='bbox 3592 896 3693 951; x_wconf 90' lang='lat' dir='ltr'>Ille</span> <span class='ocrx_word' id='word_1_505' title='bbox 3722 913 3857 951; x_wconf 90' lang='lat' dir='ltr'><strong>eum</strong></span> 
     </span>
    </p>
   </div>
   <div class='ocr_carea' id='block_1_69' title="bbox 2199 983 3861 1056">
    <p class='ocr_par' dir='ltr' id='par_1_69' title="bbox 2199 983 3861 1056">
     <span class='ocr_line' id='line_1_70' title="bbox 2199 983 3861 1056; baseline -0.002 -13"><span class='ocrx_word' id='word_1_506' title='bbox 2199 989 2473 1043; x_wconf 83' lang='lat' dir='ltr'><strong>maximis</strong></span> <span class='ocrx_word' id='word_1_507' title='bbox 2500 988 2557 1042; x_wconf 91' lang='lat' dir='ltr'><strong>in</strong></span> <span class='ocrx_word' id='word_1_508' title='bbox 2595 987 2769 1043; x_wconf 89' lang='lat' dir='ltr'><strong>rebus</strong></span> <span class='ocrx_word' id='word_1_509' title='bbox 2795 986 3243 1043; x_wconf 84' lang='lat' dir='ltr'><strong>commiseratus</strong></span> <span class='ocrx_word' id='word_1_510' title='bbox 3267 990 3377 1052; x_wconf 88' lang='lat' dir='ltr'><strong>est,</strong></span> <span class='ocrx_word' id='word_1_511' title='bbox 3396 1001 3532 1040; x_wconf 89' lang='lat' dir='ltr'><strong>cum</strong></span> <span class='ocrx_word' id='word_1_512' title='bbox 3553 983 3627 1051; x_wconf 90' lang='lat' dir='ltr'><strong>ei,</strong></span> <span class='ocrx_word' id='word_1_513' title='bbox 3652 990 3861 1056; x_wconf 79' lang='lat' dir='ltr'><strong>praeter</strong></span> 
     </span>
    </p>
   </div>
   <div class='ocr_carea' id='block_1_70' title="bbox 2200 1073 3857 1149">
    <p class='ocr_par' dir='ltr' id='par_1_70' title="bbox 2200 1073 3857 1149">
     <span class='ocr_line' id='line_1_71' title="bbox 2200 1073 3857 1149; baseline -0.002 -16"><span class='ocrx_word' id='word_1_514' title='bbox 2200 1084 2428 1146; x_wconf 80' lang='lat' dir='ltr'><strong>caetera,</strong></span> <span class='ocrx_word' id='word_1_515' title='bbox 2452 1077 2661 1147; x_wconf 86' lang='lat' dir='ltr'><strong>legem,</strong></span> <span class='ocrx_word' id='word_1_516' title='bbox 2688 1077 3021 1149; x_wconf 87' lang='lat' dir='ltr'><strong>prophetas,</strong></span> <span class='ocrx_word' id='word_1_517' title='bbox 3059 1092 3123 1130; x_wconf 86' lang='lat' dir='ltr'><strong>ac</strong></span> <span class='ocrx_word' id='word_1_518' title='bbox 3156 1074 3320 1146; x_wconf 90' lang='lat' dir='ltr'><strong>prius</strong></span> <span class='ocrx_word' id='word_1_519' title='bbox 3365 1073 3567 1143; x_wconf 88' lang='lat' dir='ltr'><strong>etiam,</strong></span> <span class='ocrx_word' id='word_1_520' title='bbox 3618 1079 3857 1131; x_wconf 87' lang='lat' dir='ltr'><strong>natura-</strong></span> 
     </span>
    </p>
   </div>
   <div class='ocr_carea' id='block_1_71' title="bbox 2199 1165 3856 1237">
    <p class='ocr_par' dir='ltr' id='par_1_71' title="bbox 2199 1165 3856 1237">
     <span class='ocr_line' id='line_1_72' title="bbox 2199 1165 3856 1237; baseline -0.003 -15"><span class='ocrx_word' id='word_1_521' title='bbox 2199 1166 2312 1222; x_wconf 86' lang='lat' dir='ltr'><strong>lem</strong></span> <span class='ocrx_word' id='word_1_522' title='bbox 2372 1166 2583 1237; x_wconf 87' lang='lat' dir='ltr'><strong>legem,</strong></span> <span class='ocrx_word' id='word_1_523' title='bbox 2646 1183 2761 1220; x_wconf 90' lang='lat' dir='ltr'><strong>non</strong></span> <span class='ocrx_word' id='word_1_524' title='bbox 2819 1165 3122 1236; x_wconf 83' lang='lat' dir='ltr'><strong>scriptam,</strong></span> <span class='ocrx_word' id='word_1_525' title='bbox 3159 1180 3361 1219; x_wconf 90' lang='lat' dir='ltr'><strong>eorum</strong></span> <span class='ocrx_word' id='word_1_526' title='bbox 3394 1181 3521 1236; x_wconf 77' lang='lat' dir='ltr'><strong>quae</strong></span> <span class='ocrx_word' id='word_1_527' title='bbox 3554 1167 3856 1233; x_wconf 81' lang='lat' dir='ltr'><strong>geruntur,</strong></span> 
     </span>
    </p>
   </div>
   <div class='ocr_carea' id='block_1_72' title="bbox 2197 1253 3855 1326">
    <p class='ocr_par' dir='ltr' id='par_1_72' title="bbox 2197 1253 3855 1326">
     <span class='ocr_line' id='line_1_73' title="bbox 2197 1253 3855 1326; baseline -0.003 -14"><span class='ocrx_word' id='word_1_528' title='bbox 2197 1273 2519 1323; x_wconf 86' lang='lat' dir='ltr'><strong>censorem,</strong></span> <span class='ocrx_word' id='word_1_529' title='bbox 2555 1257 2736 1322; x_wconf 86' lang='lat' dir='ltr'><strong>dedit,</strong></span> <span class='ocrx_word' id='word_1_530' title='bbox 2780 1272 3054 1326; x_wconf 86' lang='lat' dir='ltr'><strong>arguens,</strong></span> <span class='ocrx_word' id='word_1_531' title='bbox 3115 1255 3459 1323; x_wconf 90' lang='lat' dir='ltr'><strong>admonens,</strong></span> <span class='ocrx_word' id='word_1_532' title='bbox 3517 1253 3855 1325; x_wconf 84' lang='lat' dir='ltr'><strong>castigans;</strong></span> 
     </span>
    </p>
   </div>
   <div class='ocr_carea' id='block_1_73' title="bbox 2196 1342 3853 1417">
    <p class='ocr_par' dir='ltr' id='par_1_73' title="bbox 2196 1342 3853 1417">
     <span class='ocr_line' id='line_1_74' title="bbox 2196 1342 3853 1417; baseline -0.002 -16"><span class='ocrx_word' id='word_1_533' title='bbox 2196 1351 2491 1417; x_wconf 88' lang='lat' dir='ltr'><strong>postremo</strong></span> <span class='ocrx_word' id='word_1_534' title='bbox 2518 1344 2781 1416; x_wconf 89' lang='lat' dir='ltr'><strong>seipsum</strong></span> <span class='ocrx_word' id='word_1_535' title='bbox 2816 1360 2917 1416; x_wconf 90' lang='lat' dir='ltr'><strong>pro</strong></span> <span class='ocrx_word' id='word_1_536' title='bbox 2942 1343 3149 1398; x_wconf 91' lang='lat' dir='ltr'><strong>mundi</strong></span> <span class='ocrx_word' id='word_1_537' title='bbox 3172 1342 3571 1414; x_wconf 80' lang='lat' dir='ltr'><strong>redemptione</strong></span> <span class='ocrx_word' id='word_1_538' title='bbox 3593 1343 3853 1410; x_wconf 89' lang='lat' dir='ltr'><strong>tradens;</strong></span> 
     </span>
    </p>
   </div>
   <div class='ocr_carea' id='block_1_74' title="bbox 2195 1431 3858 1507">
    <p class='ocr_par' dir='ltr' id='par_1_74' title="bbox 2195 1431 3858 1507">
     <span class='ocr_line' id='line_1_75' title="bbox 2195 1431 3858 1507; baseline -0.001 -18"><span class='ocrx_word' id='word_1_539' title='bbox 2195 1441 2370 1507; x_wconf 89' lang='lat' dir='ltr'><strong>atque</strong></span> <span class='ocrx_word' id='word_1_540' title='bbox 2400 1435 2643 1505; x_wconf 85' lang='lat' dir='ltr'><strong>insuper</strong></span> <span class='ocrx_word' id='word_1_541' title='bbox 2673 1434 2964 1505; x_wconf 83' lang='lat' dir='ltr'><strong>apostolos</strong></span> <span class='ocrx_word' id='word_1_542' title='bbox 2996 1432 3284 1503; x_wconf 87' lang='lat' dir='ltr'><strong>tribuens,</strong></span> <span class='ocrx_word' id='word_1_543' title='bbox 3313 1431 3725 1503; x_wconf 82' lang='lat' dir='ltr'><strong>evangelistas,</strong></span> <span class='ocrx_word' id='word_1_544' title='bbox 3758 1433 3858 1487; x_wconf 86' lang='lat' dir='ltr'><strong>d0-</strong></span> 
     </span>
    </p>
   </div>
   <div class='ocr_carea' id='block_1_75' title="bbox 2196 1521 3850 1595">
    <p class='ocr_par' dir='ltr' id='par_1_75' title="bbox 2196 1521 3850 1595">
     <span class='ocr_line' id='line_1_76' title="bbox 2196 1521 3850 1595; baseline -0.002 -16"><span class='ocrx_word' id='word_1_545' title='bbox 2196 1528 2406 1590; x_wconf 87' lang='lat' dir='ltr'><strong>ctores,</strong></span> <span class='ocrx_word' id='word_1_546' title='bbox 2430 1528 2691 1595; x_wconf 87' lang='lat' dir='ltr'><strong>pastores</strong></span> <span class='ocrx_word' id='word_1_547' title='bbox 2714 1523 2755 1590; x_wconf 68' lang='grc'>9,</span> <span class='ocrx_word' id='word_1_548' title='bbox 2780 1524 3116 1577; x_wconf 88' lang='lat' dir='ltr'><strong>morborum</strong></span> <span class='ocrx_word' id='word_1_549' title='bbox 3159 1521 3510 1592; x_wconf 88' lang='lat' dir='ltr'><strong>curationes,</strong></span> <span class='ocrx_word' id='word_1_550' title='bbox 3562 1525 3850 1592; x_wconf 84' lang='lat' dir='ltr'><strong>portenta,</strong></span> 
     </span>
    </p>
   </div>
   <div class='ocr_carea' id='block_1_76' title="bbox 2196 1610 3855 1683">
    <p class='ocr_par' dir='ltr' id='par_1_76' title="bbox 2196 1610 3855 1683">
     <span class='ocr_line' id='line_1_77' title="bbox 2196 1610 3855 1683; baseline -0.002 -14"><span class='ocrx_word' id='word_1_551' title='bbox 2196 1614 2404 1669; x_wconf 91' lang='lat' dir='ltr'><strong>mortis</strong></span> <span class='ocrx_word' id='word_1_552' title='bbox 2429 1613 2909 1682; x_wconf 89' lang='lat' dir='ltr'><strong>destructionem,</strong></span> <span class='ocrx_word' id='word_1_553' title='bbox 2934 1611 3262 1683; x_wconf 72' lang='lat' dir='ltr'><strong>trophtsum</strong></span> <span class='ocrx_word' id='word_1_554' title='bbox 3287 1611 3569 1666; x_wconf 89' lang='lat' dir='ltr'><strong>adversus</strong></span> <span class='ocrx_word' id='word_1_555' title='bbox 3593 1627 3726 1665; x_wconf 89' lang='lat' dir='ltr'><strong>eum</strong></span> <span class='ocrx_word' id='word_1_556' title='bbox 3752 1610 3855 1683; x_wconf 92' lang='lat' dir='ltr'><strong>qui</strong></span> 
     </span>
    </p>
   </div>
   <div class='ocr_carea' id='block_1_77' title="bbox 2192 1700 3852 1773">
    <p class='ocr_par' dir='ltr' id='par_1_77' title="bbox 2192 1700 3852 1773">
     <span class='ocr_line' id='line_1_78' title="bbox 2192 1700 3852 1773; baseline -0.002 -15"><span class='ocrx_word' id='word_1_557' title='bbox 2192 1702 2427 1773; x_wconf 87' lang='lat' dir='ltr'><strong>vicerat,</strong></span> <span class='ocrx_word' id='word_1_558' title='bbox 2459 1704 2644 1758; x_wconf 76' lang='lat' dir='ltr'><strong>fcedus</strong></span> <span class='ocrx_word' id='word_1_559' title='bbox 2668 1702 2725 1757; x_wconf 90' lang='lat' dir='ltr'><strong>in</strong></span> <span class='ocrx_word' id='word_1_560' title='bbox 2752 1702 2983 1772; x_wconf 90' lang='lat' dir='ltr'><strong>umbra,</strong></span> <span class='ocrx_word' id='word_1_561' title='bbox 3026 1700 3217 1755; x_wconf 85' lang='lat' dir='ltr'><strong>foedus</strong></span> <span class='ocrx_word' id='word_1_562' title='bbox 3266 1700 3323 1754; x_wconf 91' lang='lat' dir='ltr'><strong>in</strong></span> <span class='ocrx_word' id='word_1_563' title='bbox 3376 1700 3635 1770; x_wconf 89' lang='lat' dir='ltr'><strong>veritate,</strong></span> <span class='ocrx_word' id='word_1_564' title='bbox 3668 1700 3852 1771; x_wconf 89' lang='lat' dir='ltr'><strong>Spiri-</strong></span> 
     </span>
    </p>
   </div>
   <div class='ocr_carea' id='block_1_78' title="bbox 2193 1789 3847 1861">
    <p class='ocr_par' dir='ltr' id='par_1_78' title="bbox 2193 1789 3847 1861">
     <span class='ocr_line' id='line_1_79' title="bbox 2193 1789 3847 1861; baseline -0.002 -14"><span class='ocrx_word' id='word_1_565' title='bbox 2193 1796 2289 1847; x_wconf 88' lang='lat' dir='ltr'><strong>tus</strong></span> <span class='ocrx_word' id='word_1_566' title='bbox 2313 1792 2501 1847; x_wconf 88' lang='lat' dir='ltr'><strong>sancti</strong></span> <span class='ocrx_word' id='word_1_567' title='bbox 2523 1791 2994 1856; x_wconf 89' lang='lat' dir='ltr'><strong>distributiones,</strong></span> <span class='ocrx_word' id='word_1_568' title='bbox 3020 1806 3177 1845; x_wconf 75' lang='lat' dir='ltr'><strong>novse</strong></span> <span class='ocrx_word' id='word_1_569' title='bbox 3210 1789 3421 1845; x_wconf 89' lang='lat' dir='ltr'><strong>salutis</strong></span> <span class='ocrx_word' id='word_1_570' title='bbox 3454 1790 3797 1861; x_wconf 82' lang='lat' dir='ltr'><strong>mysterium</strong></span> <span class='ocrx_word' id='word_1_571' title='bbox 3835 1806 3847 1844; x_wconf 90' lang='lat'>:</span> 
     </span>
    </p>
   </div>
   <div class='ocr_carea' id='block_1_79' title="bbox 2189 1879 3851 1952">
    <p class='ocr_par' dir='ltr' id='par_1_79' title="bbox 2189 1879 3851 1952">
     <span class='ocr_line' id='line_1_80' title="bbox 2189 1879 3851 1952; baseline -0.001 -16"><span class='ocrx_word' id='word_1_572' title='bbox 2189 1885 2253 1936; x_wconf 89' lang='lat' dir='ltr'><strong>tu</strong></span> <span class='ocrx_word' id='word_1_573' title='bbox 2288 1898 2442 1948; x_wconf 88' lang='lat' dir='ltr'><strong>vero,</strong></span> <span class='ocrx_word' id='word_1_574' title='bbox 2470 1882 2517 1935; x_wconf 91' lang='lat' dir='ltr'><strong>si</strong></span> <span class='ocrx_word' id='word_1_575' title='bbox 2543 1881 2782 1952; x_wconf 83' lang='lat' dir='ltr'><strong>quidem</strong></span> <span class='ocrx_word' id='word_1_576' title='bbox 2816 1881 3039 1951; x_wconf 85' lang='lat' dir='ltr'><strong>majora</strong></span> <span class='ocrx_word' id='word_1_577' title='bbox 3062 1896 3295 1951; x_wconf 90' lang='lat' dir='ltr'><strong>quoque</strong></span> <span class='ocrx_word' id='word_1_578' title='bbox 3326 1883 3512 1950; x_wconf 89' lang='lat' dir='ltr'><strong>potes,</strong></span> <span class='ocrx_word' id='word_1_579' title='bbox 3547 1882 3605 1933; x_wconf 90' lang='lat' dir='ltr'><strong>et</strong></span> <span class='ocrx_word' id='word_1_580' title='bbox 3634 1879 3851 1950; x_wconf 87' lang='lat' dir='ltr'><strong>quibus</strong></span> 
     </span>
    </p>
   </div>
   <div class='ocr_carea' id='block_1_80' title="bbox 2190 1967 3853 2039">
    <p class='ocr_par' dir='ltr' id='par_1_80' title="bbox 2190 1967 3853 2039">
     <span class='ocr_line' id='line_1_81' title="bbox 2190 1967 3853 2039; baseline -0.003 -14"><span class='ocrx_word' id='word_1_581' title='bbox 2190 1971 2388 2025; x_wconf 88' lang='lat' dir='ltr'><strong>anima</strong></span> <span class='ocrx_word' id='word_1_582' title='bbox 2420 1969 2699 2025; x_wconf 89' lang='lat' dir='ltr'><strong>beneﬁcio</strong></span> <span class='ocrx_word' id='word_1_583' title='bbox 2731 1969 2983 2024; x_wconf 83' lang='lat' dir='ltr'><strong>afﬁcitur</strong></span> <span class='ocrx_word' id='word_1_584' title='bbox 3011 1968 3169 2039; x_wconf 89' lang='lat' dir='ltr'><strong>(nam</strong></span> <span class='ocrx_word' id='word_1_585' title='bbox 3196 1968 3288 2022; x_wconf 88' lang='lat' dir='ltr'><strong>his</strong></span> <span class='ocrx_word' id='word_1_586' title='bbox 3310 1968 3485 2022; x_wconf 91' lang='lat' dir='ltr'><strong>etiam</strong></span> <span class='ocrx_word' id='word_1_587' title='bbox 3511 1968 3686 2022; x_wconf 89' lang='lat' dir='ltr'><strong>rebus</strong></span> <span class='ocrx_word' id='word_1_588' title='bbox 3709 1967 3853 2024; x_wconf 88' lang='lat' dir='ltr'><strong>divi-</strong></span> 
     </span>
    </p>
   </div>
   <div class='ocr_carea' id='block_1_81' title="bbox 2190 2056 3849 2128">
    <p class='ocr_par' dir='ltr' id='par_1_81' title="bbox 2190 2056 3849 2128">
     <span class='ocr_line' id='line_1_82' title="bbox 2190 2056 3849 2128; baseline -0.002 -14"><span class='ocrx_word' id='word_1_589' title='bbox 2190 2065 2307 2115; x_wconf 90' lang='lat' dir='ltr'><strong>tem</strong></span> <span class='ocrx_word' id='word_1_590' title='bbox 2340 2063 2414 2127; x_wconf 88' lang='lat' dir='ltr'><strong>te,</strong></span> <span class='ocrx_word' id='word_1_591' title='bbox 2450 2059 2497 2113; x_wconf 89' lang='lat' dir='ltr'><strong>si</strong></span> <span class='ocrx_word' id='word_1_592' title='bbox 2529 2058 2801 2125; x_wconf 91' lang='lat' dir='ltr'><strong>volueris,</strong></span> <span class='ocrx_word' id='word_1_593' title='bbox 2833 2057 2986 2113; x_wconf 92' lang='lat' dir='ltr'><strong>Deus</strong></span> <span class='ocrx_word' id='word_1_594' title='bbox 3017 2057 3195 2128; x_wconf 82' lang='lat' dir='ltr'><strong>fecit),</strong></span> <span class='ocrx_word' id='word_1_595' title='bbox 3228 2073 3298 2111; x_wconf 89' lang='lat' dir='ltr'><strong>ne</strong></span> <span class='ocrx_word' id='word_1_596' title='bbox 3338 2056 3431 2110; x_wconf 92' lang='lat' dir='ltr'><strong>his</strong></span> <span class='ocrx_word' id='word_1_597' title='bbox 3490 2073 3726 2128; x_wconf 91' lang='lat' dir='ltr'><strong>quoque</strong></span> <span class='ocrx_word' id='word_1_598' title='bbox 3779 2056 3849 2111; x_wconf 90' lang='lat' dir='ltr'><strong>de</strong></span> 
     </span>
    </p>
   </div>
   <div class='ocr_carea' id='block_1_82' title="bbox 2191 2145 3849 2221">
    <p class='ocr_par' dir='ltr' id='par_1_82' title="bbox 2191 2145 3849 2221">
     <span class='ocr_line' id='line_1_83' title="bbox 2191 2145 3849 2221; baseline -0.002 -17"><span class='ocrx_word' id='word_1_599' title='bbox 2191 2150 2489 2221; x_wconf 85' lang='lat' dir='ltr'><strong>indigente</strong></span> <span class='ocrx_word' id='word_1_600' title='bbox 2520 2150 2665 2204; x_wconf 91' lang='lat' dir='ltr'><strong>bene</strong></span> <span class='ocrx_word' id='word_1_601' title='bbox 2698 2146 2906 2204; x_wconf 87' lang='lat' dir='ltr'><strong>mereri</strong></span> <span class='ocrx_word' id='word_1_602' title='bbox 2936 2147 3175 2202; x_wconf 87' lang='lat' dir='ltr'><strong>absiste.</strong></span> <span class='ocrx_word' id='word_1_603' title='bbox 3210 2148 3332 2201; x_wconf 75' lang='grc' dir='ltr'><strong>Ιηιο</strong></span> <span class='ocrx_word' id='word_1_604' title='bbox 3361 2145 3617 2216; x_wconf 90' lang='lat' dir='ltr'><strong>primum</strong></span> <span class='ocrx_word' id='word_1_605' title='bbox 3650 2162 3717 2201; x_wconf 89' lang='lat' dir='ltr'><strong>ac</strong></span> <span class='ocrx_word' id='word_1_606' title='bbox 3750 2163 3849 2216; x_wconf 89' lang='lat' dir='ltr'><strong>po-</strong></span> 
     </span>
    </p>
   </div>
   <div class='ocr_carea' id='block_1_83' title="bbox 2192 2233 3845 2308">
    <p class='ocr_par' dir='ltr' id='par_1_83' title="bbox 2192 2233 3845 2308">
     <span class='ocr_line' id='line_1_84' title="bbox 2192 2233 3845 2308; baseline -0.002 -15"><span class='ocrx_word' id='word_1_607' title='bbox 2192 2238 2490 2294; x_wconf 90' lang='lat' dir='ltr'><strong>tissimum</strong></span> <span class='ocrx_word' id='word_1_608' title='bbox 2516 2238 2637 2292; x_wconf 75' lang='lat' dir='ltr'><strong>haec</strong></span> <span class='ocrx_word' id='word_1_609' title='bbox 2659 2236 2732 2305; x_wconf 88' lang='lat' dir='ltr'><strong>ei,</strong></span> <span class='ocrx_word' id='word_1_610' title='bbox 2765 2236 2865 2308; x_wconf 90' lang='lat' dir='ltr'><strong>qui</strong></span> <span class='ocrx_word' id='word_1_611' title='bbox 2898 2236 3003 2291; x_wconf 91' lang='lat' dir='ltr'><strong>abs</strong></span> <span class='ocrx_word' id='word_1_612' title='bbox 3036 2239 3093 2290; x_wconf 91' lang='lat' dir='ltr'><strong>te</strong></span> <span class='ocrx_word' id='word_1_613' title='bbox 3126 2234 3287 2306; x_wconf 88' lang='lat' dir='ltr'><strong>petit,</strong></span> <span class='ocrx_word' id='word_1_614' title='bbox 3324 2233 3537 2301; x_wconf 88' lang='lat' dir='ltr'><strong>tribue,</strong></span> <span class='ocrx_word' id='word_1_615' title='bbox 3561 2234 3845 2306; x_wconf 89' lang='lat' dir='ltr'><strong>priusque</strong></span> 
     </span>
    </p>
   </div>
   <div class='ocr_carea' id='block_1_84' title="bbox 2189 2323 3846 2398">
    <p class='ocr_par' dir='ltr' id='par_1_84' title="bbox 2189 2323 3846 2398">
     <span class='ocr_line' id='line_1_85' title="bbox 2189 2323 3846 2398; baseline -0.003 -15"><span class='ocrx_word' id='word_1_616' title='bbox 2189 2327 2367 2383; x_wconf 89' lang='lat' dir='ltr'><strong>etiam</strong></span> <span class='ocrx_word' id='word_1_617' title='bbox 2399 2344 2576 2398; x_wconf 87' lang='lat' dir='ltr'><strong>quam</strong></span> <span class='ocrx_word' id='word_1_618' title='bbox 2610 2327 2881 2398; x_wconf 87' lang='lat' dir='ltr'><strong>postulet,</strong></span> <span class='ocrx_word' id='word_1_619' title='bbox 2911 2328 3033 2381; x_wconf 89' lang='lat' dir='ltr'><strong>tota</strong></span> <span class='ocrx_word' id='word_1_620' title='bbox 3062 2324 3156 2379; x_wconf 89' lang='lat' dir='ltr'><strong>die</strong></span> <span class='ocrx_word' id='word_1_621' title='bbox 3187 2323 3474 2379; x_wconf 85' lang='lat' dir='ltr'><strong>miserans</strong></span> <span class='ocrx_word' id='word_1_622' title='bbox 3504 2340 3571 2379; x_wconf 88' lang='lat' dir='ltr'><strong>ac</strong></span> <span class='ocrx_word' id='word_1_623' title='bbox 3616 2340 3846 2379; x_wconf 89' lang='lat' dir='ltr'><strong>sermo-</strong></span> 
     </span>
    </p>
   </div>
   <div class='ocr_carea' id='block_1_85' title="bbox 2189 2411 3843 2485">
    <p class='ocr_par' dir='ltr' id='par_1_85' title="bbox 2189 2411 3843 2485">
     <span class='ocr_line' id='line_1_86' title="bbox 2189 2411 3843 2485; baseline -0.003 -13"><span class='ocrx_word' id='word_1_624' title='bbox 2189 2434 2323 2472; x_wconf 90' lang='lat' dir='ltr'><strong>nem</strong></span> <span class='ocrx_word' id='word_1_625' title='bbox 2386 2417 2786 2481; x_wconf 89' lang='lat' dir='ltr'><strong>commodans,</strong></span> <span class='ocrx_word' id='word_1_626' title='bbox 2832 2415 3219 2485; x_wconf 89' lang='lat' dir='ltr'><strong>debitumque</strong></span> <span class='ocrx_word' id='word_1_627' title='bbox 3248 2430 3382 2469; x_wconf 91' lang='lat' dir='ltr'><strong>cum</strong></span> <span class='ocrx_word' id='word_1_628' title='bbox 3411 2412 3605 2468; x_wconf 86' lang='lat' dir='ltr'><strong>fenore</strong></span> <span class='ocrx_word' id='word_1_629' title='bbox 3638 2411 3843 2468; x_wconf 91' lang='lat' dir='ltr'><strong>sedulo</strong></span> 
     </span>
    </p>
   </div>
   <div class='ocr_carea' id='block_1_86' title="bbox 2187 2502 3843 2579">
    <p class='ocr_par' dir='ltr' id='par_1_86' title="bbox 2187 2502 3843 2579">
     <span class='ocr_line' id='line_1_87' title="bbox 2187 2502 3843 2579; baseline -0.003 -16"><span class='ocrx_word' id='word_1_630' title='bbox 2187 2508 2446 2579; x_wconf 81' lang='lat' dir='ltr'><strong>exigens,</strong></span> <span class='ocrx_word' id='word_1_631' title='bbox 2480 2506 2589 2561; x_wconf 89' lang='lat' dir='ltr'><strong>hoc</strong></span> <span class='ocrx_word' id='word_1_632' title='bbox 2617 2510 2725 2571; x_wconf 90' lang='lat' dir='ltr'><strong>est,</strong></span> <span class='ocrx_word' id='word_1_633' title='bbox 2757 2505 2906 2575; x_wconf 88' lang='lat' dir='ltr'><strong>ejus,</strong></span> <span class='ocrx_word' id='word_1_634' title='bbox 2939 2504 3031 2558; x_wconf 91' lang='lat' dir='ltr'><strong>cui</strong></span> <span class='ocrx_word' id='word_1_635' title='bbox 3067 2503 3291 2558; x_wconf 88' lang='lat' dir='ltr'><strong>utilitas</strong></span> <span class='ocrx_word' id='word_1_636' title='bbox 3332 2502 3590 2571; x_wconf 71' lang='lat' dir='ltr'><strong>affertur,</strong></span> <span class='ocrx_word' id='word_1_637' title='bbox 3651 2502 3843 2558; x_wconf 88' lang='lat' dir='ltr'><strong>incre—</strong></span> 
     </span>
    </p>
   </div>
   <div class='ocr_carea' id='block_1_87' title="bbox 2188 2592 3840 2667">
    <p class='ocr_par' dir='ltr' id='par_1_87' title="bbox 2188 2592 3840 2667">
     <span class='ocr_line' id='line_1_88' title="bbox 2188 2592 3840 2667; baseline -0.004 -15"><span class='ocrx_word' id='word_1_638' title='bbox 2188 2602 2473 2667; x_wconf 88' lang='lat' dir='ltr'><strong>mentum,</strong></span> <span class='ocrx_word' id='word_1_639' title='bbox 2516 2597 2667 2665; x_wconf 91' lang='lat' dir='ltr'><strong>quod</strong></span> <span class='ocrx_word' id='word_1_640' title='bbox 2706 2594 2943 2666; x_wconf 92' lang='lat' dir='ltr'><strong>quidem</strong></span> <span class='ocrx_word' id='word_1_641' title='bbox 2977 2593 3253 2648; x_wconf 74' lang='lat' dir='ltr'><strong>doctrinas</strong></span> <span class='ocrx_word' id='word_1_642' title='bbox 3286 2609 3519 2662; x_wconf 90' lang='lat' dir='ltr'><strong>semper</strong></span> <span class='ocrx_word' id='word_1_643' title='bbox 3548 2592 3840 2662; x_wconf 86' lang='lat' dir='ltr'><strong>adjungit,</strong></span> 
     </span>
    </p>
   </div>
   <div class='ocr_carea' id='block_1_88' title="bbox 2186 2679 3841 2757">
    <p class='ocr_par' dir='ltr' id='par_1_88' title="bbox 2186 2679 3841 2757">
     <span class='ocr_line' id='line_1_89' title="bbox 2186 2679 3841 2757; baseline -0.003 -16"><span class='ocrx_word' id='word_1_644' title='bbox 2186 2688 2325 2741; x_wconf 92' lang='lat' dir='ltr'><strong>dum</strong></span> <span class='ocrx_word' id='word_1_645' title='bbox 2364 2686 2592 2757; x_wconf 87' lang='lat' dir='ltr'><strong>pietatis</strong></span> <span class='ocrx_word' id='word_1_646' title='bbox 2621 2684 2847 2739; x_wconf 88' lang='lat' dir='ltr'><strong>semina</strong></span> <span class='ocrx_word' id='word_1_647' title='bbox 2879 2683 2937 2737; x_wconf 91' lang='lat' dir='ltr'><strong>in</strong></span> <span class='ocrx_word' id='word_1_648' title='bbox 2969 2683 3163 2753; x_wconf 85' lang='lat' dir='ltr'><strong>seipse</strong></span> <span class='ocrx_word' id='word_1_649' title='bbox 3196 2679 3478 2753; x_wconf 86' lang='lat' dir='ltr'><strong>paulatim</strong></span> <span class='ocrx_word' id='word_1_650' title='bbox 3512 2684 3706 2751; x_wconf 86' lang='lat' dir='ltr'><strong>auget.</strong></span> <span class='ocrx_word' id='word_1_651' title='bbox 3740 2680 3841 2736; x_wconf 89' lang='lat' dir='ltr'><strong>Sin</strong></span> 
     </span>
    </p>
   </div>
   <div class='ocr_carea' id='block_1_89' title="bbox 2186 2770 3838 2846">
    <p class='ocr_par' dir='ltr' id='par_1_89' title="bbox 2186 2770 3838 2846">
     <span class='ocr_line' id='line_1_90' title="bbox 2186 2770 3838 2846; baseline -0.004 -16"><span class='ocrx_word' id='word_1_652' title='bbox 2186 2776 2303 2831; x_wconf 74' lang='lat' dir='ltr'><strong>haec</strong></span> <span class='ocrx_word' id='word_1_653' title='bbox 2331 2774 2529 2846; x_wconf 83' lang='lat' dir='ltr'><strong>largiri</strong></span> <span class='ocrx_word' id='word_1_654' title='bbox 2554 2774 2782 2845; x_wconf 85' lang='lat' dir='ltr'><strong>nequis,</strong></span> <span class='ocrx_word' id='word_1_655' title='bbox 2808 2777 2865 2828; x_wconf 87' lang='lat' dir='ltr'><strong>at</strong></span> <span class='ocrx_word' id='word_1_656' title='bbox 2890 2777 3039 2827; x_wconf 65' lang='lat' dir='ltr'><strong>certe</strong></span> <span class='ocrx_word' id='word_1_657' title='bbox 3062 2772 3182 2826; x_wconf 75' lang='lat' dir='ltr'><strong>haec</strong></span> <span class='ocrx_word' id='word_1_658' title='bbox 3214 2770 3471 2826; x_wconf 90' lang='lat' dir='ltr'><strong>secunda</strong></span> <span class='ocrx_word' id='word_1_659' title='bbox 3501 2774 3557 2824; x_wconf 90' lang='lat' dir='ltr'><strong>et</strong></span> <span class='ocrx_word' id='word_1_660' title='bbox 3587 2770 3838 2839; x_wconf 90' lang='lat' dir='ltr'><strong>minora,</strong></span> 
     </span>
    </p>
   </div>
   <div class='ocr_carea' id='block_1_90' title="bbox 2184 2860 3838 2935">
    <p class='ocr_par' dir='ltr' id='par_1_90' title="bbox 2184 2860 3838 2935">
     <span class='ocr_line' id='line_1_91' title="bbox 2184 2860 3838 2935; baseline -0.004 -16"><span class='ocrx_word' id='word_1_661' title='bbox 2184 2870 2240 2920; x_wconf 90' lang='lat' dir='ltr'><strong>et</strong></span> <span class='ocrx_word' id='word_1_662' title='bbox 2270 2881 2399 2935; x_wconf 60' lang='lat' dir='ltr'><strong>quas</strong></span> <span class='ocrx_word' id='word_1_663' title='bbox 2429 2864 2537 2919; x_wconf 90' lang='lat' dir='ltr'><strong>sub</strong></span> <span class='ocrx_word' id='word_1_664' title='bbox 2572 2862 2908 2917; x_wconf 87' lang='lat' dir='ltr'><strong>facultatem</strong></span> <span class='ocrx_word' id='word_1_665' title='bbox 2938 2864 3102 2915; x_wconf 84' lang='lat' dir='ltr'><strong>tuam</strong></span> <span class='ocrx_word' id='word_1_666' title='bbox 3135 2860 3372 2929; x_wconf 89' lang='lat' dir='ltr'><strong>cadunt,</strong></span> <span class='ocrx_word' id='word_1_667' title='bbox 3405 2862 3620 2930; x_wconf 75' lang='lat' dir='ltr'><strong>praesta</strong></span> <span class='ocrx_word' id='word_1_668' title='bbox 3651 2874 3663 2914; x_wconf 88' lang='lat'><strong>:</strong></span> <span class='ocrx_word' id='word_1_669' title='bbox 3698 2860 3838 2913; x_wconf 88' lang='lat' dir='ltr'><strong>sub-</strong></span> 
     </span>
    </p>
   </div>
   <div class='ocr_carea' id='block_1_91' title="bbox 2184 2948 3842 3023">
    <p class='ocr_par' dir='ltr' id='par_1_91' title="bbox 2184 2948 3842 3023">
     <span class='ocr_line' id='line_1_92' title="bbox 2184 2948 3842 3023; baseline -0.002 -17"><span class='ocrx_word' id='word_1_670' title='bbox 2184 2954 2336 3019; x_wconf 89' lang='lat' dir='ltr'><strong>veni,</strong></span> <span class='ocrx_word' id='word_1_671' title='bbox 2370 2953 2565 3007; x_wconf 90' lang='lat' dir='ltr'><strong>cibum</strong></span> <span class='ocrx_word' id='word_1_672' title='bbox 2601 2952 2807 3023; x_wconf 73' lang='lat' dir='ltr'><strong>prsabe,</strong></span> <span class='ocrx_word' id='word_1_673' title='bbox 2833 2948 3111 3005; x_wconf 90' lang='lat' dir='ltr'><strong>detritum</strong></span> <span class='ocrx_word' id='word_1_674' title='bbox 3144 2965 3404 3021; x_wconf 88' lang='lat' dir='ltr'><strong>pannum</strong></span> <span class='ocrx_word' id='word_1_675' title='bbox 3440 2948 3690 3020; x_wconf 88' lang='lat' dir='ltr'><strong>porrige,</strong></span> <span class='ocrx_word' id='word_1_676' title='bbox 3725 2965 3842 3003; x_wconf 88' lang='lat' dir='ltr'><strong>me-</strong></span> 
     </span>
    </p>
   </div>
   <div class='ocr_carea' id='block_1_92' title="bbox 2183 3036 3839 3110">
    <p class='ocr_par' dir='ltr' id='par_1_92' title="bbox 2183 3036 3839 3110">
     <span class='ocr_line' id='line_1_93' title="bbox 2183 3036 3839 3110; baseline -0.001 -14"><span class='ocrx_word' id='word_1_677' title='bbox 2183 3042 2579 3097; x_wconf 87' lang='lat' dir='ltr'><strong>dicamentum</strong></span> <span class='ocrx_word' id='word_1_678' title='bbox 2614 3041 2845 3107; x_wconf 87' lang='lat' dir='ltr'><strong>adhibe,</strong></span> <span class='ocrx_word' id='word_1_679' title='bbox 2879 3040 3090 3094; x_wconf 89' lang='lat' dir='ltr'><strong>vulnus</strong></span> <span class='ocrx_word' id='word_1_680' title='bbox 3123 3038 3319 3110; x_wconf 87' lang='lat' dir='ltr'><strong>alliga,</strong></span> <span class='ocrx_word' id='word_1_681' title='bbox 3381 3038 3451 3093; x_wconf 92' lang='lat' dir='ltr'><strong>de</strong></span> <span class='ocrx_word' id='word_1_682' title='bbox 3509 3036 3839 3094; x_wconf 85' lang='lat' dir='ltr'><strong>calamitate</strong></span> 
     </span>
    </p>
   </div>
   <div class='ocr_carea' id='block_1_93' title="bbox 2184 3126 3834 3203">
    <p class='ocr_par' dir='ltr' id='par_1_93' title="bbox 2184 3126 3834 3203">
     <span class='ocr_line' id='line_1_94' title="bbox 2184 3126 3834 3203; baseline -0.004 -16"><span class='ocrx_word' id='word_1_683' title='bbox 2184 3130 2409 3203; x_wconf 88' lang='lat' dir='ltr'><strong>aliquid</strong></span> <span class='ocrx_word' id='word_1_684' title='bbox 2469 3134 2867 3203; x_wconf 87' lang='lat' dir='ltr'><strong>percunctare,</strong></span> <span class='ocrx_word' id='word_1_685' title='bbox 2903 3130 2973 3184; x_wconf 93' lang='lat' dir='ltr'><strong>de</strong></span> <span class='ocrx_word' id='word_1_686' title='bbox 3004 3127 3284 3200; x_wconf 85' lang='lat' dir='ltr'><strong>patientia</strong></span> <span class='ocrx_word' id='word_1_687' title='bbox 3313 3126 3635 3182; x_wconf 90' lang='lat' dir='ltr'><strong>orationem</strong></span> <span class='ocrx_word' id='word_1_688' title='bbox 3668 3126 3834 3192; x_wconf 87' lang='lat' dir='ltr'><strong>habe,</strong></span> 
     </span>
    </p>
   </div>
   <div class='ocr_carea' id='block_1_94' title="bbox 2185 3216 3840 3289">
    <p class='ocr_par' dir='ltr' id='par_1_94' title="bbox 2185 3216 3840 3289">
     <span class='ocr_line' id='line_1_95' title="bbox 2185 3216 3840 3289; baseline -0.005 -12"><span class='ocrx_word' id='word_1_689' title='bbox 2185 3222 2334 3278; x_wconf 89' lang='lat' dir='ltr'><strong>bono</strong></span> <span class='ocrx_word' id='word_1_690' title='bbox 2367 3220 2562 3276; x_wconf 89' lang='lat' dir='ltr'><strong>animo</strong></span> <span class='ocrx_word' id='word_1_691' title='bbox 2593 3224 2737 3289; x_wconf 89' lang='lat' dir='ltr'><strong>esto,</strong></span> <span class='ocrx_word' id='word_1_692' title='bbox 2763 3219 2991 3285; x_wconf 87' lang='lat' dir='ltr'><strong>accede;</strong></span> <span class='ocrx_word' id='word_1_693' title='bbox 3015 3217 3475 3289; x_wconf 88' lang='lat' dir='ltr'><strong>haudquaquam</strong></span> <span class='ocrx_word' id='word_1_694' title='bbox 3508 3216 3657 3272; x_wconf 72' lang='lat'><strong>217</strong></span> <span class='ocrx_word' id='word_1_695' title='bbox 3683 3231 3751 3270; x_wconf 87' lang='lat' dir='ltr'><strong>ex</strong></span> <span class='ocrx_word' id='word_1_696' title='bbox 3772 3231 3840 3270; x_wconf 89' lang='lat' dir='ltr'><strong>ea</strong></span> 
     </span>
    </p>
   </div>
   <div class='ocr_carea' id='block_1_95' title="bbox 2185 3305 3837 3380">
    <p class='ocr_par' dir='ltr' id='par_1_95' title="bbox 2185 3305 3837 3380">
     <span class='ocr_line' id='line_1_96' title="bbox 2185 3305 3837 3380; baseline -0.004 -14"><span class='ocrx_word' id='word_1_697' title='bbox 2185 3326 2245 3366; x_wconf 92' lang='lat' dir='ltr'><strong>re</strong></span> <span class='ocrx_word' id='word_1_698' title='bbox 2288 3310 2542 3366; x_wconf 89' lang='lat' dir='ltr'><strong>deterior</strong></span> <span class='ocrx_word' id='word_1_699' title='bbox 2592 3309 2779 3380; x_wconf 86' lang='lat' dir='ltr'><strong>teipse</strong></span> <span class='ocrx_word' id='word_1_700' title='bbox 2836 3307 2986 3375; x_wconf 89' lang='lat' dir='ltr'><strong>eris;</strong></span> <span class='ocrx_word' id='word_1_701' title='bbox 3046 3306 3507 3378; x_wconf 86' lang='lat' dir='ltr'><strong>haudquaquam</strong></span> <span class='ocrx_word' id='word_1_702' title='bbox 3566 3305 3837 3361; x_wconf 86' lang='lat' dir='ltr'><strong>morbum</strong></span> 
     </span>
    </p>
   </div>
   <div class='ocr_carea' id='block_1_96' title="bbox 2180 3392 3840 3466">
    <p class='ocr_par' dir='ltr' id='par_1_96' title="bbox 2180 3392 3840 3466">
     <span class='ocr_line' id='line_1_97' title="bbox 2180 3392 3840 3466; baseline -0.004 -12"><span class='ocrx_word' id='word_1_703' title='bbox 2180 3400 2510 3466; x_wconf 86' lang='lat' dir='ltr'><strong>contrahes,</strong></span> <span class='ocrx_word' id='word_1_704' title='bbox 2542 3397 2773 3453; x_wconf 81' lang='lat' dir='ltr'><strong>etiamsi</strong></span> <span class='ocrx_word' id='word_1_705' title='bbox 2803 3396 3073 3451; x_wconf 89' lang='lat' dir='ltr'><strong>homines</strong></span> <span class='ocrx_word' id='word_1_706' title='bbox 3102 3394 3348 3449; x_wconf 90' lang='lat' dir='ltr'><strong>nimium</strong></span> <span class='ocrx_word' id='word_1_707' title='bbox 3396 3393 3648 3462; x_wconf 86' lang='lat' dir='ltr'><strong>delicati,</strong></span> <span class='ocrx_word' id='word_1_708' title='bbox 3711 3392 3840 3448; x_wconf 90' lang='lat' dir='ltr'><strong>ina-</strong></span> 
     </span>
    </p>
   </div>
   <div class='ocr_carea' id='block_1_97' title="bbox 2182 3482 3841 3559">
    <p class='ocr_par' dir='ltr' id='par_1_97' title="bbox 2182 3482 3841 3559">
     <span class='ocr_line' id='line_1_98' title="bbox 2182 3482 3841 3559; baseline -0.003 -16"><span class='ocrx_word' id='word_1_709' title='bbox 2182 3488 2357 3543; x_wconf 87' lang='lat' dir='ltr'><strong>nibus</strong></span> <span class='ocrx_word' id='word_1_710' title='bbox 2380 3487 2605 3559; x_wconf 90' lang='lat' dir='ltr'><strong>decepti</strong></span> <span class='ocrx_word' id='word_1_711' title='bbox 2629 3485 2957 3542; x_wconf 88' lang='lat' dir='ltr'><strong>rationibus</strong></span> <span class='ocrx_word' id='word_1_712' title='bbox 2982 3484 3110 3552; x_wconf 89' lang='lat' dir='ltr'><strong>,hoc</strong></span> <span class='ocrx_word' id='word_1_713' title='bbox 3136 3483 3492 3549; x_wconf 87' lang='lat' dir='ltr'><strong>existiment;</strong></span> <span class='ocrx_word' id='word_1_714' title='bbox 3527 3482 3611 3538; x_wconf 85' lang='lat' dir='ltr'><strong>vel</strong></span> <span class='ocrx_word' id='word_1_715' title='bbox 3648 3482 3841 3554; x_wconf 85' lang='lat' dir='ltr'><strong>potius</strong></span> 
     </span>
    </p>
   </div>
   <div class='ocr_carea' id='block_1_98' title="bbox 2182 3571 3836 3643">
    <p class='ocr_par' dir='ltr' id='par_1_98' title="bbox 2182 3571 3836 3643">
     <span class='ocr_line' id='line_1_99' title="bbox 2182 3571 3836 3643; baseline -0.003 -13"><span class='ocrx_word' id='word_1_716' title='bbox 2182 3576 2290 3631; x_wconf 91' lang='lat' dir='ltr'><strong>hoc</strong></span> <span class='ocrx_word' id='word_1_717' title='bbox 2314 3577 2433 3631; x_wconf 86' lang='lat' dir='ltr'><strong>sive</strong></span> <span class='ocrx_word' id='word_1_718' title='bbox 2464 3574 2743 3643; x_wconf 88' lang='lat' dir='ltr'><strong>mollitiei,</strong></span> <span class='ocrx_word' id='word_1_719' title='bbox 2781 3574 2900 3630; x_wconf 89' lang='lat' dir='ltr'><strong>sive</strong></span> <span class='ocrx_word' id='word_1_720' title='bbox 2930 3572 3215 3643; x_wconf 89' lang='lat' dir='ltr'><strong>impietati</strong></span> <span class='ocrx_word' id='word_1_721' title='bbox 3247 3589 3365 3626; x_wconf 64' lang='lat' dir='ltr'><strong>suae</strong></span> <span class='ocrx_word' id='word_1_722' title='bbox 3399 3576 3731 3643; x_wconf 81' lang='lat' dir='ltr'><strong>praetexant,</strong></span> <span class='ocrx_word' id='word_1_723' title='bbox 3766 3571 3836 3626; x_wconf 92' lang='lat' dir='ltr'><strong>ad</strong></span> 
     </span>
    </p>
   </div>
   <div class='ocr_carea' id='block_1_99' title="bbox 2179 3660 3835 3734">
    <p class='ocr_par' dir='ltr' id='par_1_99' title="bbox 2179 3660 3835 3734">
     <span class='ocr_line' id='line_1_100' title="bbox 2179 3660 3835 3734; baseline -0.003 -14"><span class='ocrx_word' id='word_1_724' title='bbox 2179 3666 2578 3733; x_wconf 88' lang='lat' dir='ltr'><strong>timiditatem,</strong></span> <span class='ocrx_word' id='word_1_725' title='bbox 2612 3663 2770 3718; x_wconf 91' lang='lat' dir='ltr'><strong>velut</strong></span> <span class='ocrx_word' id='word_1_726' title='bbox 2799 3664 2871 3717; x_wconf 90' lang='lat' dir='ltr'><strong>ad</strong></span> <span class='ocrx_word' id='word_1_727' title='bbox 2905 3678 3185 3734; x_wconf 87' lang='lat' dir='ltr'><strong>magnum</strong></span> <span class='ocrx_word' id='word_1_728' title='bbox 3221 3660 3442 3732; x_wconf 89' lang='lat' dir='ltr'><strong>aliquid</strong></span> <span class='ocrx_word' id='word_1_729' title='bbox 3466 3665 3522 3715; x_wconf 90' lang='lat' dir='ltr'><strong>et</strong></span> <span class='ocrx_word' id='word_1_730' title='bbox 3554 3662 3835 3731; x_wconf 84' lang='lat' dir='ltr'><strong>prudens,</strong></span> 
     </span>
    </p>
   </div>
   <div class='ocr_carea' id='block_1_100' title="bbox 2179 3750 3839 3826">
    <p class='ocr_par' dir='ltr' id='par_1_100' title="bbox 2179 3750 3839 3826">
     <span class='ocr_line' id='line_1_101' title="bbox 2179 3750 3839 3826; baseline -0.004 -16"><span class='ocrx_word' id='word_1_731' title='bbox 2179 3754 2602 3826; x_wconf 84' lang='lat' dir='ltr'><strong>confugientes.</strong></span> <span class='ocrx_word' id='word_1_732' title='bbox 2643 3753 2754 3807; x_wconf 81' lang='lat' dir='ltr'><strong>Hoc</strong></span> <span class='ocrx_word' id='word_1_733' title='bbox 2789 3751 2892 3806; x_wconf 90' lang='lat' dir='ltr'><strong>tibi</strong></span> <span class='ocrx_word' id='word_1_734' title='bbox 2926 3751 3336 3823; x_wconf 66' lang='lat' dir='ltr'><strong>persuadeant,</strong></span> <span class='ocrx_word' id='word_1_735' title='bbox 3370 3755 3425 3803; x_wconf 90' lang='lat' dir='ltr'><strong>et</strong></span> <span class='ocrx_word' id='word_1_736' title='bbox 3456 3750 3731 3819; x_wconf 85' lang='lat' dir='ltr'><strong>rationes,</strong></span> <span class='ocrx_word' id='word_1_737' title='bbox 3784 3752 3839 3805; x_wconf 91' lang='lat' dir='ltr'><strong>et</strong></span> 
     </span>
    </p>
   </div>
   <div class='ocr_carea' id='block_1_101' title="bbox 2183 3839 3838 3910">
    <p class='ocr_par' dir='ltr' id='par_1_101' title="bbox 2183 3839 3838 3910">
     <span class='ocr_line' id='line_1_102' title="bbox 2183 3839 3838 3910; baseline -0.002 -12"><span class='ocrx_word' id='word_1_738' title='bbox 2183 3843 2410 3909; x_wconf 90' lang='lat' dir='ltr'><strong>medici,</strong></span> <span class='ocrx_word' id='word_1_739' title='bbox 2436 3847 2491 3899; x_wconf 93' lang='lat' dir='ltr'><strong>et</strong></span> <span class='ocrx_word' id='word_1_740' title='bbox 2511 3840 2958 3897; x_wconf 89' lang='lat' dir='ltr'><strong>contubernales</strong></span> <span class='ocrx_word' id='word_1_741' title='bbox 2989 3840 3087 3910; x_wconf 90' lang='lat' dir='ltr'><strong>qui</strong></span> <span class='ocrx_word' id='word_1_742' title='bbox 3124 3857 3222 3895; x_wconf 87' lang='lat' dir='ltr'><strong>eos</strong></span> <span class='ocrx_word' id='word_1_743' title='bbox 3251 3844 3482 3909; x_wconf 86' lang='lat' dir='ltr'><strong>curant,</strong></span> <span class='ocrx_word' id='word_1_744' title='bbox 3513 3856 3581 3894; x_wconf 81' lang='lat' dir='ltr'><strong>ex</strong></span> <span class='ocrx_word' id='word_1_745' title='bbox 3622 3839 3838 3910; x_wconf 88' lang='lat' dir='ltr'><strong>quibus</strong></span> 
     </span>
    </p>
   </div>
   <div class='ocr_carea' id='block_1_102' title="bbox 2184 3927 3833 4000">
    <p class='ocr_par' dir='ltr' id='par_1_102' title="bbox 2184 3927 3833 4000">
     <span class='ocr_line' id='line_1_103' title="bbox 2184 3927 3833 4000; baseline -0.004 -13"><span class='ocrx_word' id='word_1_746' title='bbox 2184 3934 2445 3987; x_wconf 89' lang='lat' dir='ltr'><strong>nondum</strong></span> <span class='ocrx_word' id='word_1_747' title='bbox 2511 3930 2669 3986; x_wconf 90' lang='lat' dir='ltr'><strong>ullus</strong></span> <span class='ocrx_word' id='word_1_748' title='bbox 2726 3946 2793 3985; x_wconf 90' lang='lat' dir='ltr'><strong>ea</strong></span> <span class='ocrx_word' id='word_1_749' title='bbox 2851 3929 2920 3984; x_wconf 93' lang='lat' dir='ltr'><strong>de</strong></span> <span class='ocrx_word' id='word_1_750' title='bbox 2951 3946 3132 3984; x_wconf 83' lang='lat' dir='ltr'><strong>causa</strong></span> <span class='ocrx_word' id='word_1_751' title='bbox 3160 3928 3220 3982; x_wconf 93' lang='lat' dir='ltr'><strong>in</strong></span> <span class='ocrx_word' id='word_1_752' title='bbox 3250 3928 3573 4000; x_wconf 89' lang='lat' dir='ltr'><strong>periculum</strong></span> <span class='ocrx_word' id='word_1_753' title='bbox 3610 3927 3833 3998; x_wconf 88' lang='lat' dir='ltr'><strong>incidit,</strong></span> 
     </span>
    </p>
   </div>
   <div class='ocr_carea' id='block_1_103' title="bbox 2181 4017 3839 4093">
    <p class='ocr_par' dir='ltr' id='par_1_103' title="bbox 2181 4017 3839 4093">
     <span class='ocr_line' id='line_1_104' title="bbox 2181 4017 3839 4093; baseline -0.004 -16"><span class='ocrx_word' id='word_1_754' title='bbox 2181 4022 2336 4093; x_wconf 93' lang='lat' dir='ltr'><strong>quod</strong></span> <span class='ocrx_word' id='word_1_755' title='bbox 2370 4022 2439 4076; x_wconf 89' lang='lat' dir='ltr'><strong>ad</strong></span> <span class='ocrx_word' id='word_1_756' title='bbox 2468 4038 2567 4075; x_wconf 91' lang='lat' dir='ltr'><strong>eos</strong></span> <span class='ocrx_word' id='word_1_757' title='bbox 2600 4019 2928 4075; x_wconf 86' lang='lat' dir='ltr'><strong>accesserit.</strong></span> <span class='ocrx_word' id='word_1_758' title='bbox 2957 4020 3144 4090; x_wconf 90' lang='lat' dir='ltr'><strong>Atque</strong></span> <span class='ocrx_word' id='word_1_759' title='bbox 3176 4021 3239 4071; x_wconf 90' lang='lat' dir='ltr'><strong>ut</strong></span> <span class='ocrx_word' id='word_1_760' title='bbox 3271 4020 3478 4071; x_wconf 87' lang='lat' dir='ltr'><strong>demus</strong></span> <span class='ocrx_word' id='word_1_761' title='bbox 3511 4034 3629 4070; x_wconf 84' lang='lat' dir='ltr'><strong>rem</strong></span> <span class='ocrx_word' id='word_1_762' title='bbox 3686 4017 3839 4071; x_wconf 83' lang='lat' dir='ltr'><strong>hanc</strong></span> 
     </span>
    </p>
   </div>
   <div class='ocr_carea' id='block_1_104' title="bbox 2182 4110 3836 4182">
    <p class='ocr_par' dir='ltr' id='par_1_104' title="bbox 2182 4110 3836 4182">
     <span class='ocr_line' id='line_1_105' title="bbox 2182 4110 3836 4182; baseline -0.003 -15"><span class='ocrx_word' id='word_1_763' title='bbox 2182 4116 2340 4167; x_wconf 88' lang='lat' dir='ltr'><strong>metu</strong></span> <span class='ocrx_word' id='word_1_764' title='bbox 2401 4116 2456 4166; x_wconf 90' lang='lat' dir='ltr'><strong>et</strong></span> <span class='ocrx_word' id='word_1_765' title='bbox 2498 4110 2830 4182; x_wconf 90' lang='lat' dir='ltr'><strong>suspicione</strong></span> <span class='ocrx_word' id='word_1_766' title='bbox 2862 4126 2974 4163; x_wconf 89' lang='lat' dir='ltr'><strong>non</strong></span> <span class='ocrx_word' id='word_1_767' title='bbox 3009 4123 3224 4173; x_wconf 87' lang='lat' dir='ltr'><strong>carere,</strong></span> <span class='ocrx_word' id='word_1_768' title='bbox 3259 4112 3322 4161; x_wconf 90' lang='lat' dir='ltr'><strong>tu</strong></span> <span class='ocrx_word' id='word_1_769' title='bbox 3354 4113 3571 4176; x_wconf 89' lang='lat' dir='ltr'><strong>tamen,</strong></span> <span class='ocrx_word' id='word_1_770' title='bbox 3605 4123 3637 4161; x_wconf 92' lang='lat'><strong>0</strong></span> <span class='ocrx_word' id='word_1_771' title='bbox 3670 4122 3836 4162; x_wconf 88' lang='lat' dir='ltr'><strong>serve</strong></span> 
     </span>
    </p>
   </div>
   <div class='ocr_carea' id='block_1_105' title="bbox 2180 4197 3829 4273">
    <p class='ocr_par' dir='ltr' id='par_1_105' title="bbox 2180 4197 3829 4273">
     <span class='ocr_line' id='line_1_106' title="bbox 2180 4197 3829 4273; baseline -0.004 -17"><span class='ocrx_word' id='word_1_772' title='bbox 2180 4201 2418 4273; x_wconf 89' lang='lat' dir='ltr'><strong>Christi,</strong></span> <span class='ocrx_word' id='word_1_773' title='bbox 2443 4199 2661 4271; x_wconf 89' lang='lat' dir='ltr'><strong>Deique</strong></span> <span class='ocrx_word' id='word_1_774' title='bbox 2693 4204 2750 4254; x_wconf 90' lang='lat' dir='ltr'><strong>et</strong></span> <span class='ocrx_word' id='word_1_775' title='bbox 2781 4197 3089 4254; x_wconf 89' lang='lat' dir='ltr'><strong>hominum</strong></span> <span class='ocrx_word' id='word_1_776' title='bbox 3124 4200 3372 4266; x_wconf 86' lang='lat' dir='ltr'><strong>amator,</strong></span> <span class='ocrx_word' id='word_1_777' title='bbox 3398 4212 3469 4251; x_wconf 89' lang='lat' dir='ltr'><strong>ne</strong></span> <span class='ocrx_word' id='word_1_778' title='bbox 3520 4200 3829 4267; x_wconf 89' lang='lat' dir='ltr'><strong>propterea</strong></span> 
     </span>
    </p>
   </div>
   <div class='ocr_carea' id='block_1_106' title="bbox 2181 4286 3837 4363">
    <p class='ocr_par' dir='ltr' id='par_1_106' title="bbox 2181 4286 3837 4363">
     <span class='ocr_line' id='line_1_107' title="bbox 2181 4286 3837 4363; baseline -0.004 -17"><span class='ocrx_word' id='word_1_779' title='bbox 2181 4292 2527 4363; x_wconf 87' lang='lat' dir='ltr'><strong>degenerem</strong></span> <span class='ocrx_word' id='word_1_780' title='bbox 2586 4295 2759 4359; x_wconf 85' lang='lat' dir='ltr'><strong>atque</strong></span> <span class='ocrx_word' id='word_1_781' title='bbox 2790 4288 3068 4361; x_wconf 84' lang='lat' dir='ltr'><strong>ignavum</strong></span> <span class='ocrx_word' id='word_1_782' title='bbox 3100 4286 3366 4342; x_wconf 88' lang='lat' dir='ltr'><strong>animum</strong></span> <span class='ocrx_word' id='word_1_783' title='bbox 3398 4301 3564 4358; x_wconf 83' lang='lat' dir='ltr'><strong>geras</strong></span> <span class='ocrx_word' id='word_1_784' title='bbox 3599 4301 3837 4340; x_wconf 87' lang='lat' dir='ltr'><strong>:verum</strong></span> 
     </span>
    </p>
   </div>
   <div class='ocr_carea' id='block_1_107' title="bbox 2183 4374 3840 4447">
    <p class='ocr_par' dir='ltr' id='par_1_107' title="bbox 2183 4374 3840 4447">
     <span class='ocr_line' id='line_1_108' title="bbox 2183 4374 3840 4447; baseline -0.004 -11"><span class='ocrx_word' id='word_1_785' title='bbox 2183 4380 2501 4447; x_wconf 86' lang='lat' dir='ltr'><strong>conﬁdito;</strong></span> <span class='ocrx_word' id='word_1_786' title='bbox 2562 4377 2944 4434; x_wconf 90' lang='lat' dir='ltr'><strong>timiditatem</strong></span> <span class='ocrx_word' id='word_1_787' title='bbox 3005 4375 3426 4444; x_wconf 88' lang='lat' dir='ltr'><strong>misericordia,</strong></span> <span class='ocrx_word' id='word_1_788' title='bbox 3492 4374 3588 4431; x_wconf 92' lang='lat' dir='ltr'><strong>Dei</strong></span> <span class='ocrx_word' id='word_1_789' title='bbox 3648 4379 3840 4429; x_wconf 89' lang='lat' dir='ltr'><strong>metus</strong></span> 
     </span>
    </p>
   </div>
   <div class='ocr_carea' id='block_1_108' title="bbox 2183 4464 3840 4537">
    <p class='ocr_par' dir='ltr' id='par_1_108' title="bbox 2183 4464 3840 4537">
     <span class='ocr_line' id='line_1_109' title="bbox 2183 4464 3840 4537; baseline -0.006 -10"><span class='ocrx_word' id='word_1_790' title='bbox 2183 4469 2491 4526; x_wconf 89' lang='lat' dir='ltr'><strong>mollitiem</strong></span> <span class='ocrx_word' id='word_1_791' title='bbox 2522 4468 2752 4534; x_wconf 88' lang='lat' dir='ltr'><strong>vincat;</strong></span> <span class='ocrx_word' id='word_1_792' title='bbox 2788 4467 3044 4523; x_wconf 89' lang='lat' dir='ltr'><strong>rationes</strong></span> <span class='ocrx_word' id='word_1_793' title='bbox 3070 4483 3189 4535; x_wconf 90' lang='lat' dir='ltr'><strong>eas,</strong></span> <span class='ocrx_word' id='word_1_794' title='bbox 3251 4481 3381 4537; x_wconf 64' lang='lat' dir='ltr'><strong>quis</strong></span> <span class='ocrx_word' id='word_1_795' title='bbox 3429 4464 3587 4519; x_wconf 90' lang='lat' dir='ltr'><strong>carni</strong></span> <span class='ocrx_word' id='word_1_796' title='bbox 3649 4464 3840 4518; x_wconf 90' lang='lat' dir='ltr'><strong>favent</strong></span> 
     </span>
    </p>
   </div>
   <div class='ocr_carea' id='block_1_109' title="bbox 2183 4554 3839 4632">
    <p class='ocr_par' dir='ltr' id='par_1_109' title="bbox 2183 4554 3839 4632">
     <span class='ocr_line' id='line_1_110' title="bbox 2183 4554 3839 4632; baseline -0.004 -19"><span class='ocrx_word' id='word_1_797' title='bbox 2183 4560 2368 4632; x_wconf 88' lang='lat' dir='ltr'><strong>pietas</strong></span> <span class='ocrx_word' id='word_1_798' title='bbox 2400 4562 2659 4629; x_wconf 89' lang='lat' dir='ltr'><strong>superet.</strong></span> <span class='ocrx_word' id='word_1_799' title='bbox 2682 4556 2764 4611; x_wconf 87' lang='lat' dir='ltr'><strong>Ne</strong></span> <span class='ocrx_word' id='word_1_800' title='bbox 2790 4557 3029 4612; x_wconf 84' lang='lat' dir='ltr'><strong>fratrem</strong></span> <span class='ocrx_word' id='word_1_801' title='bbox 3061 4554 3374 4627; x_wconf 89' lang='lat' dir='ltr'><strong>despicias,</strong></span> <span class='ocrx_word' id='word_1_802' title='bbox 3401 4569 3472 4609; x_wconf 93' lang='lat' dir='ltr'><strong>ne</strong></span> <span class='ocrx_word' id='word_1_803' title='bbox 3506 4557 3839 4623; x_wconf 67' lang='lat' dir='ltr'><strong>praetereas,</strong></span> 
     </span>
    </p>
   </div>
   <div class='ocr_carea' id='block_1_110' title="bbox 2253 4913 3439 4990">
    <p class='ocr_par' dir='ltr' id='par_1_110' title="bbox 2253 4913 3439 4990">
     <span class='ocr_line' id='line_1_111' title="bbox 2253 4913 3439 4990; baseline -0.006 -16"><span class='ocrx_word' id='word_1_804' title='bbox 2253 4919 2361 4990; x_wconf 80' lang='grc'>(32)</span> <span class='ocrx_word' id='word_1_805' title='bbox 2396 4915 2494 4971; x_wconf 84' lang='grc' dir='ltr'>Καὶ</span> <span class='ocrx_word' id='word_1_806' title='bbox 2529 4913 2843 4990; x_wconf 73' lang='grc' dir='ltr'>μικρότερα.</span> <span class='ocrx_word' id='word_1_807' title='bbox 2876 4915 3049 4972; x_wconf 82' lang='lat' dir='ltr'><strong>Deest</strong></span> <span class='ocrx_word' id='word_1_808' title='bbox 3078 4914 3310 4990; x_wconf 76' lang='lat' dir='ltr'><strong>in_Reg.</strong></span> <span class='ocrx_word' id='word_1_809' title='bbox 3340 4913 3439 4990; x_wconf 74' lang='lat' dir='ltr'><strong>ph.</strong></span> 
     </span>
    </p>
   </div>
   <div class='ocr_carea' id='block_1_111' title="bbox 2181 4981 3835 5114">
    <p class='ocr_par' dir='ltr' id='par_1_111' title="bbox 2181 4981 3835 5114">
     <span class='ocr_line' id='line_1_112' title="bbox 2181 4981 3835 5114; baseline -0.017 -49"><span class='ocrx_word' id='word_1_810' title='bbox 2181 5056 2213 5114; x_wconf 71' lang='grc' dir='ltr'>ϐ</span> <span class='ocrx_word' id='word_1_811' title='bbox 2254 4981 2364 5063; x_wconf 73' lang='grc'>(33)</span> <span class='ocrx_word' id='word_1_812' title='bbox 2397 4981 2766 5050; x_wconf 57' lang='grc' dir='ltr'><strong>Μετάλάϐοιςί</strong></span> <span class='ocrx_word' id='word_1_813' title='bbox 2812 4989 2990 5061; x_wconf 79' lang='lat' dir='ltr'><strong>Regg.</strong></span> <span class='ocrx_word' id='word_1_814' title='bbox 3025 5005 3078 5056; x_wconf 78' lang='lat'><strong>8.,</strong></span> <span class='ocrx_word' id='word_1_815' title='bbox 3128 4988 3185 5055; x_wconf 78' lang='grc' dir='ltr'>ἀ,</span> <span class='ocrx_word' id='word_1_816' title='bbox 3236 4981 3294 5043; x_wconf 83' lang='lat' dir='ltr'><strong>et</strong></span> <span class='ocrx_word' id='word_1_817' title='bbox 3340 4981 3435 5042; x_wconf 82' lang='lat' dir='ltr'><strong>Dr.</strong></span> <span class='ocrx_word' id='word_1_818' title='bbox 3484 4987 3541 5053; x_wconf 84' lang='lat'><strong>2,</strong></span> <span class='ocrx_word' id='word_1_819' title='bbox 3595 4981 3835 5055; x_wconf 81' lang='grc' dir='ltr'>μεταλά-</span> 
     </span>
     <span class='ocr_line' id='line_1_113' title="bbox 2217 5082 2301 5114; baseline 0 0"><span class='ocrx_word' id='word_1_820' title='bbox 2217 5082 2301 5114; x_wconf 78' lang='lat' dir='ltr'><strong>nc.</strong></span> 
     </span>
    </p>
   </div>
   <div class='ocr_carea' id='block_1_112' title="bbox 2217 5082 2301 5135">
    <p class='ocr_par' dir='ltr' id='par_1_112' title="bbox 2217 5082 2301 5135">
     <span class='ocr_line' id='line_1_114' title="bbox 2217 5082 2301 5135; baseline -0.071 -12"><span class='ocrx_word' id='word_1_821' title='bbox 2217 5082 2301 5135; x_wconf 77' lang='grc' dir='ltr'><strong>ῃς.</strong></span> 
     </span>
    </p>
   </div>
   <div class='ocr_carea' id='block_1_113' title="bbox 2250 5126 3833 5205">
    <p class='ocr_par' dir='ltr' id='par_1_113' title="bbox 2250 5126 3833 5205">
     <span class='ocr_line' id='line_1_115' title="bbox 2250 5126 3833 5205; baseline -0.004 -17"><span class='ocrx_word' id='word_1_822' title='bbox 2250 5135 2361 5203; x_wconf 78' lang='grc'>(34)</span> <span class='ocrx_word' id='word_1_823' title='bbox 2403 5126 2727 5205; x_wconf 72' lang='grc' dir='ltr'>Εὐλαϐείας.</span> <span class='ocrx_word' id='word_1_824' title='bbox 2763 5131 2940 5205; x_wconf 72' lang='lat' dir='ltr'><strong>Begg.</strong></span> <span class='ocrx_word' id='word_1_825' title='bbox 2969 5148 3021 5202; x_wconf 89' lang='lat' dir='ltr'><strong>a,</strong></span> <span class='ocrx_word' id='word_1_826' title='bbox 3056 5147 3107 5199; x_wconf 89' lang='lat' dir='ltr'><strong>c,</strong></span> <span class='ocrx_word' id='word_1_827' title='bbox 3131 5130 3335 5205; x_wconf 51' lang='grc' dir='ltr'>ιι,λὰυο</span> <span class='ocrx_word' id='word_1_828' title='bbox 3367 5127 3539 5205; x_wconf 75' lang='lat' dir='ltr'><strong>(_)oisl_.</strong></span> <span class='ocrx_word' id='word_1_829' title='bbox 3573 5127 3754 5205; x_wconf 36' lang='lat' dir='ltr'><strong>et‘Or.</strong></span> <span class='ocrx_word' id='word_1_830' title='bbox 3777 5132 3833 5205; x_wconf 61' lang='lat'><strong>2,</strong></span> 
     </span>
    </p>
   </div>
   <div class='ocr_carea' id='block_1_114' title="bbox 2177 5198 3837 5279">
    <p class='ocr_par' dir='ltr' id='par_1_114' title="bbox 2177 5198 3837 5279">
     <span class='ocr_line' id='line_1_116' title="bbox 2177 5198 3837 5279; baseline -0.002 -20"><span class='ocrx_word' id='word_1_831' title='bbox 2177 5198 2437 5265; x_wconf 81' lang='grc' dir='ltr'>πλακείας</span> <span class='ocrx_word' id='word_1_832' title='bbox 2492 5206 2552 5277; x_wconf 75' lang='grc' dir='ltr'><strong>[Γ.</strong></span> <span class='ocrx_word' id='word_1_833' title='bbox 2599 5198 2959 5279; x_wconf 53' lang='grc' dir='ltr'>βλακείαςῙξα</span> <span class='ocrx_word' id='word_1_834' title='bbox 2994 5198 3294 5269; x_wconf 61' lang='lat' dir='ltr'><strong>socordia,</strong></span> <span class='ocrx_word' id='word_1_835' title='bbox 3346 5201 3466 5257; x_wconf 88' lang='lat' dir='ltr'><strong>sive</strong></span> <span class='ocrx_word' id='word_1_836' title='bbox 3514 5198 3837 5272; x_wconf 79' lang='lat' dir='ltr'><strong>impietatis</strong></span> 
     </span>
    </p>
   </div>
   <div class='ocr_carea' id='block_1_115' title="bbox 2176 5279 3032 5348">
    <p class='ocr_par' dir='ltr' id='par_1_115' title="bbox 2176 5279 3032 5348">
     <span class='ocr_line' id='line_1_117' title="bbox 2176 5279 3032 5348; baseline -0.008 -16"><span class='ocrx_word' id='word_1_837' title='bbox 2176 5279 2608 5348; x_wconf 80' lang='lat' dir='ltr'><strong>excusationem</strong></span> <span class='ocrx_word' id='word_1_838' title='bbox 2644 5281 2981 5348; x_wconf 64' lang='lat' dir='ltr'><strong>praetexam.</strong></span> <span class='ocrx_word' id='word_1_839' title='bbox 3006 5294 3032 5325; x_wconf 75' lang='grc' dir='ltr'>ι)</span> 
     </span>
    </p>
   </div>
   <div class='ocr_carea' id='block_1_116' title="bbox 2245 5340 3829 5424">
    <p class='ocr_par' dir='ltr' id='par_1_116' title="bbox 2245 5340 3829 5424">
     <span class='ocr_line' id='line_1_118' title="bbox 2245 5340 3829 5424; baseline -0.004 -19"><span class='ocrx_word' id='word_1_840' title='bbox 2245 5352 2365 5424; x_wconf 33' lang='grc'>(35)-</span> <span class='ocrx_word' id='word_1_841' title='bbox 2392 5347 2579 5424; x_wconf 87' lang='grc' dir='ltr'>Λόγοι,</span> <span class='ocrx_word' id='word_1_842' title='bbox 2612 5340 2701 5402; x_wconf 69' lang='grc' dir='ltr'>καὶ</span> <span class='ocrx_word' id='word_1_843' title='bbox 2736 5347 2933 5424; x_wconf 79' lang='grc' dir='ltr'>ἰατρῶν</span> <span class='ocrx_word' id='word_1_844' title='bbox 2965 5340 3386 5424; x_wconf 39' lang='grc' dir='ltr'>παῖδεςπιξῖρεςι.</span> <span class='ocrx_word' id='word_1_845' title='bbox 3406 5342 3613 5424; x_wconf 74' lang='lat' dir='ltr'><strong>_bm,_ol.</strong></span> <span class='ocrx_word' id='word_1_846' title='bbox 3648 5340 3829 5424; x_wconf 62' lang='grc' dir='ltr'>λόγοι.</span> 
     </span>
    </p>
   </div>
   <div class='ocr_carea' id='block_1_117' title="bbox 2179 5415 3830 5489">
    <p class='ocr_par' dir='ltr' id='par_1_117' title="bbox 2179 5415 3830 5489">
     <span class='ocr_line' id='line_1_119' title="bbox 2179 5415 3830 5489; baseline -0.005 -12"><span class='ocrx_word' id='word_1_847' title='bbox 2179 5443 2206 5471; x_wconf 88' lang='grc'><em>‹‹</em></span> <span class='ocrx_word' id='word_1_848' title='bbox 2242 5415 2538 5489; x_wconf 73' lang='lat' dir='ltr'><strong>Rationes,</strong></span> <span class='ocrx_word' id='word_1_849' title='bbox 2594 5426 2651 5475; x_wconf 90' lang='lat' dir='ltr'><strong>et</strong></span> <span class='ocrx_word' id='word_1_850' title='bbox 2708 5415 3067 5475; x_wconf 90' lang='lat' dir='ltr'><strong>medicorum</strong></span> <span class='ocrx_word' id='word_1_851' title='bbox 3127 5416 3252 5489; x_wconf 87' lang='lat' dir='ltr'><strong>ﬁlii,</strong></span> <span class='ocrx_word' id='word_1_852' title='bbox 3282 5415 3313 5467; x_wconf 59' lang='grc' dir='ltr'><em>ἦ</em></span> <span class='ocrx_word' id='word_1_853' title='bbox 3364 5416 3433 5489; x_wconf 15' lang='lat' dir='ltr'><strong>id,</strong></span> <span class='ocrx_word' id='word_1_854' title='bbox 3480 5419 3585 5482; x_wconf 92' lang='lat' dir='ltr'><strong>est,</strong></span> <span class='ocrx_word' id='word_1_855' title='bbox 3646 5415 3830 5470; x_wconf 89' lang='lat' dir='ltr'><strong>medi-</strong></span> 
     </span>
    </p>
   </div>
   <div class='ocr_carea' id='block_1_118' title="bbox 2174 5488 3827 5565">
    <p class='ocr_par' dir='ltr' id='par_1_118' title="bbox 2174 5488 3827 5565">
     <span class='ocr_line' id='line_1_120' title="bbox 2174 5488 3827 5565; baseline -0.005 -17"><span class='ocrx_word' id='word_1_856' title='bbox 2174 5494 2242 5548; x_wconf 88' lang='lat' dir='ltr'><strong>ci.</strong></span> <span class='ocrx_word' id='word_1_857' title='bbox 2280 5494 2373 5549; x_wconf 90' lang='lat' dir='ltr'><strong>Sic</strong></span> <span class='ocrx_word' id='word_1_858' title='bbox 2422 5488 2756 5565; x_wconf 81' lang='lat' dir='ltr'><strong>Gregorius,</strong></span> <span class='ocrx_word' id='word_1_859' title='bbox 2812 5496 2956 5565; x_wconf 77' lang='lat' dir='ltr'><strong>qrat.</strong></span> <span class='ocrx_word' id='word_1_860' title='bbox 2976 5492 3044 5565; x_wconf 71' lang='lat' dir='ltr'><strong>_l,</strong></span> <span class='ocrx_word' id='word_1_861' title='bbox 3077 5488 3148 5543; x_wconf 91' lang='lat' dir='ltr'><strong>de</strong></span> <span class='ocrx_word' id='word_1_862' title='bbox 3178 5488 3323 5565; x_wconf 60' lang='lat' dir='ltr'><strong>ﬁlio,</strong></span> <span class='ocrx_word' id='word_1_863' title='bbox 3351 5510 3371 5536; x_wconf 76' lang='grc' dir='ltr'><strong><em>α</em></strong></span> <span class='ocrx_word' id='word_1_864' title='bbox 3397 5488 3636 5565; x_wconf 62' lang='lat' dir='ltr'><strong>_Grmcos</strong></span> <span class='ocrx_word' id='word_1_865' title='bbox 3666 5504 3827 5565; x_wconf 39' lang='lat' dir='ltr'><strong>gap-</strong></span> 
     </span>
    </p>
   </div>
   <div class='ocr_carea' id='block_1_119' title="bbox 2174 5557 3825 5637">
    <p class='ocr_par' dir='ltr' id='par_1_119' title="bbox 2174 5557 3825 5637">
     <span class='ocr_line' id='line_1_121' title="bbox 2174 5557 3825 5637; baseline -0.007 -16"><span class='ocrx_word' id='word_1_866' title='bbox 2174 5565 2367 5637; x_wconf 88' lang='lat' dir='ltr'><strong>pellat,</strong></span> <span class='ocrx_word' id='word_1_867' title='bbox 2402 5557 2684 5634; x_wconf 56' lang='grc' dir='ltr'>Ἑλλήνων</span> <span class='ocrx_word' id='word_1_868' title='bbox 2717 5558 2933 5623; x_wconf 86' lang='grc' dir='ltr'>παῖδας.</span> <span class='ocrx_word' id='word_1_869' title='bbox 2968 5563 3061 5637; x_wconf 81' lang='lat' dir='ltr'><strong>Sic</strong></span> <span class='ocrx_word' id='word_1_870' title='bbox 3094 5578 3261 5637; x_wconf 81' lang='lat' dir='ltr'><strong>sacra</strong></span> <span class='ocrx_word' id='word_1_871' title='bbox 3290 5558 3591 5637; x_wconf 74' lang='lat' dir='ltr'><strong>Scriptura</strong></span> <span class='ocrx_word' id='word_1_872' title='bbox 3623 5574 3677 5637; x_wconf 81' lang='lat'><strong>:_«_</strong></span> <span class='ocrx_word' id='word_1_873' title='bbox 3699 5557 3825 5637; x_wconf 82' lang='lat' dir='ltr'><strong>Pal-</strong></span> 
     </span>
    </p>
   </div>
   <div class='ocr_carea' id='block_1_120' title="bbox 2172 5629 3822 5709">
    <p class='ocr_par' dir='ltr' id='par_1_120' title="bbox 2172 5629 3822 5709">
     <span class='ocr_line' id='line_1_122' title="bbox 2172 5629 3822 5709; baseline -0.005 -16"><span class='ocrx_word' id='word_1_874' title='bbox 2172 5629 2363 5709; x_wconf 76' lang='lat' dir='ltr'><strong>pebras</strong></span> <span class='ocrx_word' id='word_1_875' title='bbox 2412 5629 2954 5709; x_wconf 48' lang='lat' dir='ltr'><strong>ejus&#39;interrogant</strong></span> <span class='ocrx_word' id='word_1_876' title='bbox 3004 5634 3155 5689; x_wconf 88' lang='lat' dir='ltr'><strong>ﬁlios</strong></span> <span class='ocrx_word' id='word_1_877' title='bbox 3206 5629 3537 5701; x_wconf 84' lang='lat' dir='ltr'><strong>hominum,</strong></span> <span class='ocrx_word' id='word_1_878' title='bbox 3564 5651 3591 5679; x_wconf 84' lang='lat'>»</span> <span class='ocrx_word' id='word_1_879' title='bbox 3624 5629 3679 5683; x_wconf 92' lang='lat' dir='ltr'><strong>id</strong></span> <span class='ocrx_word' id='word_1_880' title='bbox 3712 5632 3822 5694; x_wconf 85' lang='lat' dir='ltr'><strong>est,</strong></span> 
     </span>
    </p>
   </div>
   <div class='ocr_carea' id='block_1_121' title="bbox 2170 5708 2790 5781">
    <p class='ocr_par' dir='ltr' id='par_1_121' title="bbox 2170 5708 2790 5781">
     <span class='ocr_line' id='line_1_123' title="bbox 2170 5708 2790 5781; baseline -0.008 -16"><span class='ocrx_word' id='word_1_881' title='bbox 2170 5708 2593 5781; x_wconf 78' lang='lat' dir='ltr'><strong>homincs_(Ps.</strong></span> <span class='ocrx_word' id='word_1_882' title='bbox 2628 5708 2790 5781; x_wconf 16' lang='lat' dir='ltr'><strong>x,#5).</strong></span> 
     </span>
    </p>
   </div>
   <div class='ocr_carea' id='block_1_122' title="bbox 2242 5770 3639 5853">
    <p class='ocr_par' dir='ltr' id='par_1_122' title="bbox 2242 5770 3639 5853">
     <span class='ocr_line' id='line_1_124' title="bbox 2242 5770 3639 5853; baseline -0.01 -17"><span class='ocrx_word' id='word_1_883' title='bbox 2242 5782 2355 5853; x_wconf 87' lang='lat'><strong>(36)</strong></span> <span class='ocrx_word' id='word_1_884' title='bbox 2388 5770 2870 5852; x_wconf 63' lang='grc' dir='ltr'>Σύνοικοι.Ἠόεε.</span> <span class='ocrx_word' id='word_1_885' title='bbox 2905 5797 2957 5848; x_wconf 82' lang='grc' dir='ltr'><strong>ιι,</strong></span> <span class='ocrx_word' id='word_1_886' title='bbox 3000 5779 3121 5847; x_wconf 88' lang='lat' dir='ltr'><strong>bm,</strong></span> <span class='ocrx_word' id='word_1_887' title='bbox 3157 5776 3258 5848; x_wconf 88' lang='lat' dir='ltr'><strong>ph,</strong></span> <span class='ocrx_word' id='word_1_888' title='bbox 3292 5774 3344 5828; x_wconf 75' lang='grc' dir='ltr'>οἱ</span> <span class='ocrx_word' id='word_1_889' title='bbox 3375 5770 3639 5826; x_wconf 85' lang='grc' dir='ltr'>σύνοικοι.</span> 
     </span>
    </p>
   </div>
  </div>
