4070 6458
404 418 523 483 897

1332 412 1623 481 ORATIO
1667 414 1828 480 XIV.
1863 452 1936 464 —
1968 412 2069 477 DE
2116 412 2549 479 PAUPERUM
2597 414 2893 477 AMORE.

3716 415 3834 482 898

407 557 475 613 τὰ
505 560 697 632 πρῶτα
723 576 973 628 νεμουσιν
1001 573 1013 585 ·
1047 550 1157 623 ἤδη
1196 550 1272 621 δὲ,
1307 552 1393 607 καὶ
1426 552 1455 607 ’ὀ
1481 552 1674 607 τούτου
1698 546 1885 628 χεῖρόν
1920 550 2053 620 ἐστι,
2088 598 2098 619 λ

2198 552 2381 621 ςὶιειῐιι,
2414 555 2469 607 et
2501 551 2707 607 Lucrio
2738 553 2961 623 primas
2992 551 3289 621 tribuunt;
3313 556 3389 620 et,
3419 554 3574 625 quod
3600 570 3665 609 eo
3697 571 3821 609 sce-

410 645 501 700 xui
562 646 1029 719 ἀνθρωποκτονεῖν
1085 640 1398 714 νομίζονσιν
1459 641 1597 695 ἐστιν
1656 641 1736 703 οἷς
1769 638 2061 713 δαιμόνων,

411 735 499 788 xui
557 740 679 807 παρ’
738 733 818 794 οἷς
867 730 1058 801 ἔθνεσι,
1112 730 1201 785 καὶ
1258 730 1421 806 μὲρος
1472 725 1742 790 εὐσεϐείας
1797 727 1980 788 αὐτοῖς
2028 729 2064 796 ἡ

412 822 791 897 ἀπανύρωπία,
868 821 957 875 καὶ
1036 825 1154 881 ταῖς
1212 819 1485 881 τοιαύταις
1539 818 1743 879 θυσίαις
1801 817 1952 871 αὐτοί
2009 836 2067 870 τε

415 910 696 986 χαίρουσι,
751 910 840 964 καὶ
870 908 997 971 τοὺς
1031 907 1183 973 θεοὺς
1216 908 1389 962 αὐτῶν
1419 907 1644 977 οἷόνται,
1676 905 1909 980 πονηροὶ
1967 925 2067 958 πο·-

414 1004 595 1074 νηρῶν
646 1000 809 1074 ἱερεῖς
857 998 945 1053 καὶ
1000 998 1195 1071 μύσται
1243 996 1541 1072 γινόμενοι.
1598 994 1757 1051 Ἀλλ’
1808 994 1909 1048 εἰσὶ
1958 997 2065 1047 τῶν

416 1090 696 1163 ἡμετερων
753 1087 917 1154 τινὲς,
968 1086 996 1141 ὃ
1044 1086 1133 1140 καὶ
1182 1083 1427 1161 δακρύειν
1479 1082 1647 1157 ἄξιον,
1706 1082 1758 1137 o'i
1815 1086 2070 1137 τοσοῦτον

417 1176 683 1252 ἀπέχουσι
718 1182 999 1252 συναλγεῖν
1047 1175 1137 1229 καὶ
1173 1176 1388 1249 βοηθεῖν
1438 1164 1553 1235 τοῖς
1584 1172 1903 1246 κάμνουσιν,
1964 1169 2069 1224 ὣσ-

414 1286 472 1320 τε
501 1265 590 1319 καὶ
622 1261 1088 1340 προσονειδίζουσι
1145 1266 1378 1338 πικρῶς,
1434 1263 1523 1316 καὶ
1584 1264 1696 1334 (56)
1757 1280 2069 1336 προσεπεμ-

414 1351 661 1408 ϐαίνουσι
722 1356 856 1428 (57),
906 1353 995 1408 καὶ
1046 1356 1405 1430 φιλοσοφοῦσι
1448 1350 1574 1406 κενά
1604 1349 1693 1404 καὶ
1729 1352 1949 1422 μάταια,
1983 1347 2071 1403 καὶ

416 1446 686 1520 φωνοῦσιν
721 1438 889 1504 ὄντως
921 1441 980 1497 ἐκ
1008 1448 1133 1516 γῆς,
1179 1441 1268 1495 καὶ
1325 1442 1402 1503 εἰς
1454 1439 1582 1516 ἀέρα
1641 1437 1926 1508 λαλοῦσιν,
1982 1439 2072 1493 καὶ

419 1530 518 1586 οὐκ
566 1531 642 1593 εἷς
715 1530 877 1593 ἀκοὰς
950 1531 1283 1601 εύσυνὲτους,
1358 1528 1449 1584 καὶ
1514 1527 1678 1590 θείοις
1741 1528 2075 1601 συνειθισμέ-

419 1640 511 1681 νας
568 1620 683 1693 (58)
733 1616 992 1693 δόγμασι,
1052 1618 1138 1673 καὶ
1181 1616 1433 1691 τολμῶσι
1479 1614 1696 1692 λέγειν·
1757 1616 1910 1693 Παρὰ
1940 1613 2074 1671 Θεοῦ

419 1707 481 1761 τὸ
529 1704 896 1782 ταλαιπωρεῖν
953 1706 1201 1775 ἐκείνοις,
1253 1706 1399 1781 παρᾶ
1446 1709 1577 1759 Θεοῦ
1632 1705 1695 1760 τὸ
1736 1702 1791 1759 εὗ
1827 1704 2072 1781 πράττειν

419 1797 558 1868 ἡμῖν
586 1815 598 1828 ·
633 1794 725 1850 καὶ
780 1794 862 1857 τίς
914 1795 1027 1869 εῗμι
1072 1794 1177 1871 ἐγὼ
1226 1792 1407 1870 δόγμα
1450 1792 1599 1850 λύειν
1633 1798 1789 1866 Θεοῦ,
1820 1794 1908 1849 καὶ
1942 1798 2075 1849 Θεοῦ

2176 640 2418 696 leratius
2448 645 2561 710 est,
2618 640 2918 697 nonnullis
2975 657 3208 713 quoque
3258 643 3621 697 dmmonibus
3670 644 3827 714 apud

2178 732 2463 801 quasdam
2502 733 2767 787 nationes
2792 731 3059 787 homines
3086 749 3291 787 necare
3319 733 3375 786 in
3405 750 3565 787 more
3588 733 3829 801 habent,

2178 825 2353 890 atque
2384 820 2442 874 in
2475 820 2706 891 pietatis
2739 826 2901 891 parte
2922 820 3327 876 crudelitatem
3362 822 3833 892 ponunt,sacriﬁ-

2179 908 2403 979 ciisque
2433 907 2798 979 hujusmodi,
2820 913 2876 963 et
2905 909 3018 980 ipsi
3053 908 3504 977 delectantur,et
3534 909 3671 964 deos
3694 926 3834 963 suos

2181 996 2452 1052 delectari
2485 1002 2715 1069 putant,
2750 997 2886 1053 mali
2942 997 3142 1068 utique
3176 998 3470 1052 malorum
3503 996 3837 1052 sacerdotes

2181 1091 2238 1141 et
2270 1091 2491 1157 mystae.
2525 1085 2741 1141 Verum
2774 1104 2842 1142 ex
2886 1087 3103 1142 nostris
3135 1103 3369 1158 quoque
3419 1085 3647 1141 nonulli
3677 1090 3836 1156 sunt,

2180 1174 2241 1229 id
2271 1175 2425 1246 quod
2460 1174 2736 1244 lacrymis
2769 1175 3015 1247 dignum
3048 1178 3159 1243 est,
3185 1175 3284 1245 qui
3318 1179 3552 1230 tantum
3581 1175 3747 1230 abest
3783 1178 3842 1229 ut

2183 1262 2577 1319 laborantium
2610 1265 2791 1320 vicem
2825 1263 3081 1330 doleant,
3114 1263 3377 1334 ipsisque
3424 1280 3593 1335 opem
3631 1264 3838 1333 ferant,

2184 1356 2249 1407 ut
2276 1369 2371 1407 eos
2403 1352 2578 1407 etiam
2611 1354 2836 1408 acerbis
2862 1352 3091 1424 probris
3139 1352 3522 1419 insectentur,
3575 1351 3840 1423 ipsisque

2184 1442 2468 1497 insultent
2500 1460 2512 1511 ;
2544 1459 2608 1497 ac
2639 1460 2785 1498 vane
2816 1446 2871 1497 et
2891 1441 3145 1497 inaniter
3167 1440 3844 1513 philosophantur.vere-

2185 1547 2300 1601 que
2329 1548 2393 1586 ex
2428 1534 2582 1586 terra
2609 1548 2807 1587 vocem
2841 1531 3082 1586 mittunt
3113 1531 3239 1595 ",et
3269 1530 3327 1584 in
3362 1548 3553 1586 aerem
3586 1530 3842 1601 loquun-

2184 1624 2299 1675 tur.
2328 1637 2441 1675 non
2475 1620 2533 1675 in
2565 1636 2806 1692 sagaces
2860 1636 3029 1675 aures
3083 1618 3418 1690 divinisque
3463 1618 3842 1691 dogmatibus

2187 1713 2470 1777 assuetas,
2509 1725 2694 1780 eoque
2725 1708 2983 1765 audacias
3015 1708 3493 1780 progrediuntur,
3528 1712 3592 1763 ut
3620 1708 3841 1763 dicant:

2185 1800 2231 1852 A
2257 1798 2372 1853 Deo
2400 1797 2515 1854 illis
2546 1802 2635 1854 est
2655 1797 2916 1866 afﬂictio,
2948 1815 2981 1852 a
3012 1797 3127 1852 Deo
3160 1796 3330 1851 nobis
3364 1797 3744 1868 prosperitas.
3778 1797 3849 1854 Et

423 1887 653 1963 φανῆναι
714 1884 1123 1960 χρηςτότερος;
1188 1885 1570 1957 Καμνέτωσαν,
1626 1882 2077 1959 ταλαιπωρείτω-

584 1977 680 1988 ..ην
772 1972 794 1988 ει
1011 1973 1021 1988 .
1338 1973 1363 1988 η
1538 1970 1591 1988 wn
1638 1973 1657 1988 ι
1800 1974 1872 1988 ..ς
1982 1978 2034 1988 ..-

2198 1886 2321 1958 quis
2353 1904 2457 1960 ego
2484 1904 2638 1957 sum,
2673 1887 2775 1958 qui
2806 1886 3229 1941 Deidecretum
3256 1886 3609 1954 rescindam,
3642 1902 3707 1941 ac
3735 1892 3845 1943 Deo

422 1995 516 2028 σαν
579 1977 711 2046 (59),
768 1972 1240 2048 δυστυχείτωσαν·
1305 1973 1477 2035 οὕτως
1536 1970 1737 2043 ἔδοξεν.
1800 1974 2080 2037 Κάνταῦθα

427 2063 586 2136 μόνον
642 2062 743 2116 εἰσὶ
797 2060 1068 2140 φιλόθεοι,
1127 2060 1189 2117 οὗ
1238 2061 1321 2117 δεῖ
1359 2063 1646 2143 φυλάττειν
1680 2062 1805 2123 τοὺς
1843 2057 2077 2124 ὀϐολοὺς

421 2152 512 2207 καὶ
583 2153 719 2207 κατᾶ
790 2156 896 2207 τῶν
955 2152 1159 2216 ἀθλίων
1211 2152 1594 2208 νεανιεύεσθαι.
1652 2153 1772 2206 Ὅτι
1833 2152 1927 2225 μὲν
1988 2151 2078 2205 οὖν

421 2243 520 2297 οὑκ
738 2240 797 2296 ἐκ
832 2246 930 2296 τοῦ
962 2244 1075 2316 (61)
1106 2246 1240 2297 Θεοῦ
1270 2243 1331 2296 τὸ
1383 2240 1439 2296 εῦ
1469 2240 1721 2317 πράττειν
1754 2242 1937 2302 αὐτοῖς
1970 2243 2082 2314 (62)

424 2331 557 2387 εἶναι
613 2331 925 2405 νομίζυυσι,
980 2329 1213 2402 δηλοῦσι
1266 2337 1448 2409 σαφῶς
1500 2331 1551 2404 ἐξ
1609 2334 1680 2386 ὧν
1716 2330 1960 2406 λέγουσι.
1993 2330 2080 2391 Τίς

427 2421 529 2495 γὰρ
563 2420 621 2473 ἂν
652 2420 794 2474 οὕτω
827 2418 1137 2491 διανοηθείη
1170 2420 1295 2496 περὶ
1326 2426 1432 2475 τῶν
1485 2418 1780 2495 δεομένων,
1843 2420 1970 2474 Θεὸν
2005 2418 2077 2473 εἰ·

431 2506 536 2571 δὼς
570 2510 784 2584 ωρηγὸν
818 2512 930 2582 (63)
958 2514 1030 2563 ὢν
1062 2508 1318 2581 κέκτηται
1348 2528 1361 2579 ;
1411 2514 1524 2563 Τῶν
1570 2510 1671 2586 γὰρ
1723 2508 1898 2564 αὐτῶν
1944 2508 2083 2564 ἐστιν

428 2595 576 2673 ἔχειν
602 2598 661 2652 τέ
692 2619 746 2652 τι
794 2598 939 2673 παρά
998 2604 1153 2673 Θεοῦ,
1185 2599 1274 2654 καὶ
1305 2605 1607 2675 κεχρῆσθαι
1637 2601 1774 2654 κατά
1807 2599 1934 2654 Θεὸν
1967 2600 2083 2653 οἷσ-

431 2707 532 2763 περ
564 2684 804 2763 ἔχουσιν.

507 2955 587 3009 Α’.
620 2952 684 3007 Ei
717 2950 774 3008 δὲ
803 2953 893 3008 καὶ
950 2953 1095 3028 παρὰ
1153 2959 1287 3009 Θεοῦ
1343 2956 1403 3010 τὸ
1460 2956 1786 3009 κακοπαθεῖν
1843 2954 2085 3026 ἐκείνοις,

434 3040 586 3095 οὔπω
621 3040 814 3111 δῆλον,
846 3039 953 3104 ἕως
986 3042 1043 3096 ἂν
1078 3045 1165 3098 καὶ
1220 3044 1345 3120 παρ’
1379 3044 1570 3113 ἑαυτῆς
1600 3047 1634 3114 ἡ
1668 3044 1773 3116 ὕλη
1809 3044 1945 3123 φέρῃ
1978 3048 2089 3119 (64)

433 3130 495 3183 τὸ
555 3128 803 3199 ἄτακτον,
867 3129 1045 3206 ὣσπερ
1102 3132 1151 3187 ἐν
1215 3132 1467 3209 ῥεύματι.
1510 3134 1609 3191 Καὶ
1639 3134 1722 3197 τίς
1758 3132 1922 3196 οἶδεν,
1986 3134 2088 3189 eid

439 3218 532 3291 μὲν
594 3216 683 3273 διὰ
737 3218 921 3274 κακίαν
973 3218 1281 3294 κολάζεται,
1316 3223 1343 3277 ὁ
1374 3220 1431 3278 δὲ
1462 3223 1536 3286 ὡς
1567 3223 1979 3298 ἐπαινούμενος,
2014 3223 2090 3278 αῖ-

438 3326 622 3382 ρεται·
687 3306 833 3362 ἀλλὰ
908 3310 981 3382 μὴ
1044 3311 1374 3381 τούναντίον,
1430 3314 1457 3367 ὁ
1522 3315 1615 3385 μὲν
1673 3310 1763 3367 διὰ
1818 3299 2159 3388 πονηρίανρ

437 3394 687 3468 ὑψοῦται,
766 3397 793 3449 ὁ
871 3394 928 3451 δὲ
983 3395 1051 3453 δι’
1128 3400 1321 3476 ἀρετήν
1408 3399 1794 3475 δοκιμάζεται;
1883 3405 1911 3457 ὁ
1991 3404 2084 3475 μὲν

434 3483 626 3538 πλεῖον
660 3487 772 3557 (65)
805 3485 1185 3563 ἐπαιρόμενος,
1219 3487 1311 3544 ’ίνα
1341 3492 1430 3544 xui
1478 3490 1614 3564 πὲσῃ
1672 3489 2086 3567 χαλεπώτερον,

435 3570 571 3642 ὅλην
623 3572 863 3645 ἐώμενος
921 3572 1204 3651 πρότερον,
1260 3577 1440 3653 ὣσπερ
1484 3578 1604 3632 τινὰ
1651 3578 1830 3649 νόσον,
1873 3579 2093 3656 ἐκρῆξαι

435 3662 533 3730 τήν
593 3660 783 3716 ἑαυτοῦ
832 3663 1039 3731 κακίαν,
1094 3662 1183 3719 (ίνα
1237 3667 1326 3719 καὶ
1370 3665 1610 3740 κολασθῇ
1646 3664 2014 3743 δικαιότερον·
2064 3670 2091 3723 ὁ

441 3746 496 3804 δὲ
534 3749 624 3803 xui
661 3750 806 3825 παρὰ
836 3747 989 3823 δόξαν
1046 3749 1391 3825 πιεζόμενος,
1436 3752 1529 3808 τίνα
1572 3754 1753 3830 ὥσπερ
1781 3758 1987 3831 χρυσὸς
2038 3756 2089 3812 ἐν

439 3838 657 3911 καμίνῳ
716 3836 1087 3912 δοκιμασθεὶς,
1148 3850 1245 3912 τῆς
1300 3842 1511 3917 κακίας,
1570 3841 1695 3899 εἶ’τι
1745 3846 1835 3900 καὶ
1896 3848 2087 3921 μικρὸν

440 3925 577 4003 ἔχει,
640 3932 825 4011 τοῦτο,
860 3930 971 4003 (66)
1020 3929 1252 4005 ἐκτήξῃ·
1316 3933 1548 4008 καθαρὸς
1608 3932 1697 3988 καὶ
1757 3934 1862 3989 ἀπο
1920 3935 2091 4011 ῥύπου

436 4014 715 4078 παντελῶς
744 4004 939 4087 οὐδεὶς,
973 4018 1071 4074 οὐκ
1102 4017 1192 4073 οὖν
1223 4022 1334 4094 (67)
1366 4020 1416 4075 ἐν
1450 4004 1685 4097 γεννητῇ
1746 4004 1929 4100 φύσει,¹
1982 4023 2087 4079 ὥσ-

432 4124 534 4179 περ
586 4104 921 4178 ἠκούσαμεν,
973 4106 1017 4161 εἰ
1063 4108 1154 4163 καὶ
1205 4110 1345 4186 φανῇ
1398 4109 1790 4185 δοκιμώτερος.
1846 4112 2090 4187 Εὑρίσκω

434 4192 537 4267 γάρ
569 4214 621 4247 τι
651 4193 739 4248 καὶ
769 4200 987 4251 τοιοῦτο
1020 4198 1133 4269 (68)
1165 4196 1214 4253 ἐν
1248 4202 1315 4273 τῇ
1367 4199 1481 4272 θείᾳ
1527 4204 1712 4278 Γραφῇ
1766 4204 2087 4277 μυστήριον

432 4281 522 4334 καὶ
580 4284 783 4358 μακρὸν
844 4284 904 4339 ἂν
962 4283 1044 4357 εἶή
1094 4291 1267 4351 πάσας
1302 4289 1627 4364 ἀπαριθμεῖν
1650 4295 1748 4345 τοῦ
1777 4292 2089 4365 Πνεύματος

430 4371 528 4433 τὰς
566 4372 763 4449 φωνὰς,
798 4373 852 4428 αἳ
912 4396 979 4447 με
1028 4378 1140 4451 (69)
1189 4378 1325 4453 πρὸς
1371 4384 1532 4434 τοῦτο
1582 4379 1854 4457 φέρουσιν.
1917 4380 2093 4437 Ἀλλὰ

432 4458 517 4521 τίς
552 4459 610 4515 ἂν
664 4462 889 4537 ψάμμον
951 4466 1258 4534 θαλασσῶν,
1307 4469 1396 4521 καὶ
1444 4470 1557 4543 (70)
1606 4469 1863 4545 σταγόνας
1912 4472 2087 4542 ὑετοῦ,

431 4547 521 4602 καὶ
578 4549 742 4623 βυθοῦ
803 4558 978 4624 μῆκος
1030 4552 1501 4631 ἀναμετρήσαιτο;
1544 4557 1626 4619 τίς
1658 4555 1707 4611 δ’
1737 4559 1795 4613 ἂν
1828 4564 1923 4614 τοῦ
1957 4566 2089 4616 Θεοῦ

2189 1976 2593 2048 benigniorem
2628 1993 2721 2031 me
2755 1976 3041 2046 praebeam
3066 1975 3094 2028 ‘2
3123 1975 3443 2045 Egrotent,
3467 1974 3847 2043 afﬂictentur,

2190 2067 2247 2120 in
2282 2066 2614 2121 calamitate
2645 2071 2945 2120 versentur
2981 2083 2993 2119 :
3029 2064 3111 2119 ita
3142 2070 3252 2119 Deo
3288 2064 3481 2119 visum
3514 2070 3625 2119 est.
3653 2067 3847 2137 Atque

2192 2156 2287 2210 hic
2319 2155 2508 2210 solum
2564 2155 2664 2210 Dei
2697 2171 2956 2209 amorem
2990 2170 3103 2224 prae
3154 2169 3216 2208 se
3248 2154 3459 2219 ferunt,
3516 2152 3614 2208 ubi
3647 2154 3849 2210 obolos

2194 2245 2511 2310 custodire,
2540 2261 2605 2299 ac
2654 2243 2886 2298 miseris
2920 2241 3204 2298 insultare
3236 2247 3482 2314 oportet.
3517 2244 3668 2298 Sane
3692 2244 3844 2315 quod

2203 2334 2299 2389 isti
2334 2349 2395 2389 se
2423 2332 2868 2406 prosperitatem
2901 2349 2934 2386 a
2964 2332 3079 2387 Deo
3132 2332 3349 2387 habere
3404 2332 3648 2388 minime
3694 2333 3847 2388 arbi-

2194 2428 2443 2492 trentur,
2477 2440 2579 2494 per
2612 2440 2680 2478 ea
2720 2438 2849 2493 quae
2908 2420 3252 2492 loquuntur,
3311 2425 3508 2493 aperte
3564 2422 3847 2478 indicant.

2197 2512 2337 2578 Quis
2362 2512 2517 2567 enim
2546 2512 2615 2566 de
2650 2509 3048 2583 indigentibus
3069 2508 3152 2565 ita
3172 2509 3574 2582 statuerit,qui
3606 2511 3846 2582 quidem

2198 2618 2441 2656 suorum
2474 2601 2624 2657 279
2658 2600 2921 2655 omnium
2952 2600 3237 2654 bonorum
3261 2604 3556 2654 auctorem
3588 2608 3647 2654 et
3678 2599 3851 2671 largi-

2196 2696 2384 2747 torem
2417 2690 2599 2746 Deum
2634 2693 2955 2763 agnoscat?
2986 2689 3340 2743 Eorumdem
3365 2688 3583 2760 quippe
3613 2693 3787 2755 est,et
3818 2705 3852 2744 a

2198 2780 2314 2836 Deo
2334 2778 2555 2851 aliquid
2589 2778 2824 2847 habere,
2857 2782 2912 2834 et
2938 2777 3031 2845 iis,
3065 2793 3193 2849 quae
3225 2776 3465 2845 habent,
3517 2776 3611 2849 pie
3662 2793 3727 2832 ac
3760 2794 3849 2832 se-

2198 2870 2460 2924 cundum
2492 2868 2677 2924 Deum
2711 2867 2815 2923 uti.

2268 2958 2425 3014 XXX.
2448 2959 2534 3011 An
2584 2960 2777 3011 autem
2811 2973 2845 3011 a
2893 2954 3008 3011 Deo
3058 2972 3292 3026 quoque
3341 2954 3464 3023 ﬁat,
3528 2957 3592 3010 ut
3640 2954 3725 3009 illi
3770 2953 3852 3009 di~

2199 3046 2771 3116 vexentur,nondum
2797 3044 3181 3117 perspicuum
3209 3042 3587 3115 est,quandiu
3620 3047 3852 3099 terrena

2201 3136 2321 3191 haec
2353 3136 2537 3191 moles
2563 3134 3062 3207 perturbationem
3099 3152 3131 3188 a
3163 3132 3547 3205 seipsa,velut
3576 3132 3633 3187 in
3655 3132 3849 3188 flucti-

2201 3227 2333 3293 bus,
2358 3224 2576 3281 tulerit.
2608 3223 2851 3281 Cuinam
2886 3240 3017 3278 vero
3049 3222 3415 3294 exploratum
3448 3227 3557 3293 est,
3593 3240 3733 3277 num
3758 3220 3854 3278 ille

2199 3317 2271 3371 ob
2304 3314 2507 3370 vitium
2540 3312 2851 3383 crucietur,
2877 3312 2972 3367 hic
3002 3329 3240 3367 rursum
3272 3320 3333 3367 ut
3365 3311 3555 3367 bonus
3585 3329 3651 3367 ac
3682 3311 3854 3367 laude

2200 3406 2439 3478 dignus,
2491 3404 2811 3469 evehatur;
2846 3407 2902 3457 et
2945 3418 3058 3457 non
3106 3400 3451 3471 econtrario,
3503 3400 3599 3456 ille
3630 3408 3703 3457 ob
3736 3401 3851 3456 im-

2203 3494 2545 3566 probitatem
2580 3490 2905 3560 attollatur,
2938 3490 3033 3545 hic
3056 3490 3127 3545 ob
3159 3490 3433 3545 virtutem
3474 3489 3855 3560 exploretur?

2204 3582 2326 3651 Ille,
2359 3582 2622 3652 inquam,
2659 3580 2834 3635 altius
2856 3584 3110 3643 evectus,
3145 3584 3209 3634 ut
3235 3578 3471 3650 gravius
3500 3584 3753 3650 corruat,
3787 3597 3855 3635 ac

2200 3671 2484 3741 tantisper
2510 3668 3097 3740 eXSpectatus,quoad
3122 3668 3395 3723 universa
3414 3668 3603 3740 ipsius
3634 3668 3853 3740 impro-

2202 3760 2379 3827 bitas,
2410 3757 2598 3813 morbi
2629 3756 2961 3827 cujuspiam
2998 3757 3203 3825 instar,
3257 3756 3419 3829 prius
3474 3759 3753 3830 eruperit,
3791 3762 3856 3814 ut

2196 3848 2422 3920 jnstius
2452 3848 2627 3902 etiam
2659 3850 2859 3917 postea
2905 3845 3186 3917 puniatur
3213 3863 3225 3902 :
3263 3846 3353 3901 hic
3386 3864 3615 3915 rursus,
3648 3854 3856 3919 praeter

2202 3937 2538 4009 opinionem
2570 3951 2908 4006 oppressus,
2945 3938 3027 4000 ut,
3066 3952 3175 3989 non
3213 3952 3382 3991 secus
3431 3940 3606 4007 atque
3641 3954 3853 3992 aurum

2202 4027 2261 4081 in
2314 4027 2567 4093 fornace,
2608 4023 2909 4094 probatus,
2942 4022 2992 4079 si
3022 4024 3161 4094 quid
3188 4024 3312 4079 vitii
3362 4023 3668 4096 paululum
3701 4026 3759 4080 in
3793 4042 3857 4084 se

2202 4115 2412 4172 habeat
2441 4113 2693 4184 eliquet;
2728 4129 2898 4167 nemo
2931 4114 3108 4179 enim,
3143 4111 3349 4167 saltem
3399 4112 3459 4168 in
3512 4119 3725 4169 natura
3757 4132 3857 4186 ge-

2203 4204 2503 4260 neratione
2532 4206 2855 4274 procreata,
2888 4202 3126 4256 omnino
3158 4220 3191 4257 a
3240 4204 3412 4258 sorde
3445 4220 3628 4275 purus
3660 4209 3769 4271 est,
3792 4209 3857 4261 ut

2203 4294 2536 4350 audivimus
2591 4290 2653 4359 ιδ,
2707 4289 2840 4345 licet
2888 4290 2985 4346 ille
3032 4291 3331 4362 probatior
3388 4292 3672 4347 videatur.
3709 4292 3854 4349 Nam

2201 4382 2541 4455 hujusmodi
2574 4397 2807 4453 quoque
2840 4380 3074 4451 aliquod
3098 4380 3445 4453 mysterium
3471 4381 3526 4436 in
3557 4382 3859 4454 Scriptura

2203 4473 2465 4545 reperio;
2499 4488 2565 4526 ac
2597 4470 2838 4541 longum
2892 4471 3096 4541 utique
3144 4475 3302 4526 esset
3351 4487 3558 4527 omnes
3604 4471 3857 4542 Spiritus

2200 4578 2391 4629 voces,
2425 4576 2551 4630 quas
2580 4557 2694 4612 huc
2727 4561 3013 4628 spectant,
3048 4574 3368 4613 recensere.
3419 4559 3529 4614 Sed
3554 4559 3688 4630 quis
3731 4576 3857 4615 are-

430 4638 527 4706 τῆς
561 4639 683 4713 περί
714 4638 884 4695 πάντα
913 4640 1103 4719 σοφίας
1133 4643 1195 4696 τὸ
1232 4643 1394 4718 βάθος
1435 4642 1808 4720 ἐξιχνιάσειεν,
1870 4647 1958 4726 ὐρ⁹
2016 4652 2083 4719 ἧς

2198 4666 2331 4705 nam
2366 4647 2566 4717 maris,
2600 4649 2657 4701 et
2687 4645 2893 4717 pluviae
2926 4650 3147 4717 guttas,
3172 4650 3229 4701 et
3259 4647 3458 4718 abyssi
3486 4648 3855 4718 profundita-

508 4766 553 4801 ¹²
584 4768 693 4823 Isa.
729 4785 883 4839 xxxx,
918 4770 970 4825 4.
1051 4772 1095 4806 ¹⁸
1121 4771 1232 4827 Job
1264 4789 1394 4838 xxv,
1425 4773 1479 4827 4.

647 4890 772 4947 Καί.
812 4895 983 4969 Deest
1005 4894 1065 4969 in
1098 4896 1291 4953 tribus
1324 4897 1506 4969 Regg.

504 4891 593 4961 (56
647 4891 772 4947 Καί.
812 4895 978 4950 Deest
1005 4894 1065 4950 in
1098 4896 1291 4953 tribus
1324 4897 1405 4953 Re
1447 4912 1506 4969 g.

503 4891 624 5089 (57)
657 4959 1217 5094 Προσεπεμόαίνουσι.
1274 4969 1367 5025 Sic
1408 4914 1605 5042 ἦλθες.
1667 4970 1812 5053 bm.,
1872 4972 1971 5044 ph.
2032 4978 2091 5029 et

520 5075 530 5086 .
629 5078 642 5091 .
752 5055 859 5094 αι’..
919 5034 1511 5094 ποοσεπειιϐαίνοντες.
1586 5041 1759 5094 Edltl.
1822 5038 2087 5094 ἐπεμϐαί-

435 5031 530 5087 Or.
590 5031 642 5091 2.
705 5031 859 5106 Par.,
909 5031 1759 5113 ¹προσεπεμϐαίνοντεςξύΕάίῐὶ,
1799 5031 2087 5116 ’ἐπεμϐαί-

435 5123 607 5161 νουσι.

507 5177 1085 5259 (56).Συνειθισμένας,
1120 5183 1214 5239 Sic
1247 5183 1425 5256 Regg.
1479 5200 1532 5239 8..
1567 5200 1618 5253 Ο,
1669 5185 1728 5239 d.
1785 5190 1845 5242 et
1901 5192 1993 5244 0r.
2029 5193 2084 5245 2.

432 5247 666 5323 Ingdit.
703 5247 1119 5323 συνηθισμὲνας.

504 5319 615 5398 (59)
680 5319 1224 5398 Ταλαιπωρείτωσαν.

437 5407 531 5466 σαν
544 5392 909 5466 (91606086).

506 5462 793 5544 (ὕθλοῷκ.
851 5462 1224 5544 Addidimus
1268 5464 1367 5544 ορκ
1421 5468 1766 5526 auctoritate
1825 5470 2085 5544 plurium

432 5534 601 5609 codd.
635 5537 803 5593 Coisl.
842 5539 866 5591 1
902 5544 959 5593 et
988 5541 1042 5609 2,
1070 5540 1165 5596 Or.
1198 5540 1251 5594 2.
1286 5540 1439 5607 Par.,
1475 5545 1583 5596 etc.

505 5606 616 5685 (iii)
644 5610 769 5685 τοῦ.
793 5609 977 5685 peest
998 5606 1058 5666 in
1089 5612 1487 5685 tribusRegg.

435 5677 861 5811 “(simAﬁtoim
895 5681 991 5738 Sic
1047 5686 1229 5757 Regg,
1288 5677 1464 5755 me,‘
1493 5686 1551 5739 et
1606 5682 1707 5755 ph.
1768 5685 1943 5755 Editi,
2000 5685 2089 5741 αὐ-

1314 5324 1408 5381 Or.
1497 5327 1552 5394 2,
1648 5323 2087 5401 ταλαιπωρήτω-

2276 4901 2381 4973 (63)
2414 4894 2705 4973 ἔφρηγόη
2726 4898 2822 4954 Or-
2847 4898 2906 4973 .2,
2940 4894 3208 4973 χορηγόν-

2276 4914 2381 4973 (63)
2414 4914 2705 5025 λωῧηγον.
2726 4914 2822 4954 Ul‘.
2851 4914 2906 4969 Ζ,
2940 4914 3208 4973 χορηγόν.

2271 4974 2384 5052 (64)
2415 4971 2478 5026 Ἡ
2545 4967 2801 5052 ληθφὲρῃ.
2826 4971 2996 5052 ﬁeg.
3017 4971 3116 5043 ph,
3146 4976 3202 5026 et
3230 4974 3324 5027 Or.
3355 4969 3410 5039 2,
3444 4967 3853 5052 pipet..a.'.l‘er-

2197 5041 2340 5099 rena
2368 5041 2491 5115 haec
2524 5041 2728 5109 moles,
2761 5041 2792 5093 5)
2824 5041 2883 5096 id
2916 5041 3033 5107 est,
3065 5065 3085 5091 α
3126 5059 3339 5115 corpus
3388 5041 3787 5115 corruptibile.
3820 5064 3852 5096 κ

2270 5116 2379 5186 (65)
2410 5111 2630 5186 ῌλεῖον,
2666 5119 2775 5186 etc.
2825 5115 2967 5186 Tres
3028 5116 3198 5186 Begg.
3231 5111 3441 5186 πλέον.
3501 5111 3577 5169 In
3621 5114 3762 5186 Reg».
3798 5132 3849 5171 ο.

2198 5182 2285 5260 sic
2310 5182 2582 5260 legitur}
2633 5182 2822 5239 πλεῖον
2871 5182 3251 5260 ἐπαιρόμενος,
3296 5184 3479 5260 ὣσπερ
3529 5185 3649 5260 τινᾴ
3695 5182 3849 5241 ν’όσον

2196 5255 2353 5385 ξῆξοιι
2376 5254 2500 5323 ητὴν
2550 5255 2740 5310 ἑαυτοῦ
2784 5257 2973 5311 κακίαν
3001 5254 3419 5332 ’συγχωρηθείς,
3445 5254 3533 5311 'ivu
3576 5254 3712 5330 πέσῃ
3743 5276 3850 5332 χα-

2236 5346 2529 5385 επωτερον.

2236 5346 2529 5400 επωτερον.

2268 5403 2380 5539 (66)
2410 5396 2610 5487 Τοῦτο,
2637 5397 2815 5486 Regg.
2841 5414 2892 5453 c.
2927 5400 2983 5488 (1,,
3014 5398 3293 5484 τοιούτου.

2289 5475 2357 5526 67
2410 5472 2524 5526 Ουκ
2552 5489 2667 5523 ουν.
2702 5472 2884 5539 forte,
2920 5490 2980 5523 ου
3011 5491 3163 5539 γουν.
3200 5472 3293 5528 ED]

2289 5466 2380 5543 67)
2410 5470 2524 5526 Οὐκ
2546 5466 2667 5545 οὖν.
2695 5466 2884 5545 forte,
2910 5466 2980 5545 ,οὗ
3011 5475 3163 5545 γοῦν.
3192 5472 3357 5545 EDIT.

2268 5542 2380 5617 (68)
2409 5544 2657 5617 Τοιοῦτο.
2695 5542 2873 5612 Regg.
2910 5542 3033 5611 bm,
3060 5552 3118 5600 et
3148 5544 3248 5617 ph,
3281 5546 3545 5601 νοιοῦτον.

2270 5614 2383 5688 (69)
2409 5620 2508 5688 Μεἶ
2555 5614 2649 5688 ρι’.
2681 5617 2736 5680 2,
2756 5633 2892 5688 μοι.

2266 5680 2379 5762 (70)
2409 5683 2528 5742 Καί.
2564 5685 2703 5760 Reg.
2738 5680 2796 5757 d',
