4070 6458
436 374 550 438 901

1363 366 1653 433 ORATIO
1700 366 1859 433 XIV.
1894 406 1972 416 —
2005 368 2108 431 DE
2156 368 2583 432 PAUPERUM
2635 363 2932 430 AMORE.

3741 366 3858 428 902

433 511 626 580 καμεῖν
658 503 782 581 περὶ
811 504 905 558 τὸν
939 502 1104 577 Λόγον
1138 498 1280 557 δέον.
1317 499 1390 562 ὡς
1421 502 1549 576 τάχ’
1596 501 1653 555 ἂν
1694 505 1762 575 τῇ
1792 500 2089 579 φιλοπονίᾳ
2118 564 2121 570 Α

2221 503 2434 568 .inent;
2469 502 2667 557 statim
2702 503 2767 555 ut
2797 499 3167 571 inopinatum
3202 498 3338 569 quid
3368 499 3666 565 acciderit,
3688 500 3858 570 quasi

438 596 820 668 δοθησομένης
879 599 980 661 τῆς
1041 590 1301 660 ἀληθείας
1338 636 1351 658 ,
1407 590 1441 659 ἢ
1498 591 1834 668 σοφωτέροις
1896 592 2096 646 ἒαυτῶν

433 690 600 740 ταῦτα
659 681 1091 759 συμφιλοσοφεῖν
1148 680 1237 734 καὶ
1304 681 1884 755 πνευματικωτέροις,
1946 679 2093 734 ἐπει-

436 772 503 843 δὴ
543 776 655 846 (80)
706 772 794 826 καὶ
843 775 1004 825 τοῦτο
1054 767 1303 844 χάρισμα
1353 764 1429 839 ἓν,
1480 768 1569 822 καὶ
1619 768 1747 843 οὐχὶ
1793 770 2007 823 πάντων
2058 769 2092 836 ἡ

435 864 656 936 γνῶσις,
687 860 720 927 ἦ
766 858 1017 931 καθάρσει
1068 856 1188 929 βίου
1238 854 1438 925 ταύτην
1492 856 1761 931 θηρεύειν,
1812 856 1902 911 καὶ
1950 856 2096 929 παρᾶ

432 952 530 1018 τῆς
583 944 755 1009 ὄντως
808 945 1012 1023 Σοφίας
1056 944 1246 1022 σοφίαν
1298 942 1604 1015 ἐπιζητεῖν.
1656 946 1725 1001 Οἱ
1776 942 1833 999 δὲ
1881 944 1948 1015 (ὣ
1996 947 2095 1012 τῆς

436 1035 785 1098 ἀπαιδευσίας
822 1037 880 1105 ί)
938 1034 1026 1088 ἐπὶ
1084 1034 1148 1087 τὸ
1207 1032 1555 1109 ἑτοιμότερον
1611 1034 1944 1109 τρέπονται,
2005 1033 2093 1087 καὶ

438 1125 664 1202 ἀλογίαν
719 1130 817 1180 τοῦ
876 1124 1073 1185 παντὸς
1121 1120 1732 1196 καταψεύδονται,αὐτοὶ
1780 1124 1871 1177 τὸν
1931 1118 2092 1198 λόγον

437 1215 537 1270 οὐκ
589 1214 959 1286 ἐπιστάμενοι·
994 1211 1081 1266 καὶ
1141 1210 1242 1265 sici
1294 1208 1363 1281 δι’
1424 1209 1771 1266 ἀπαιδευσίαν
1826 1212 2007 1289 σοφοὶ,
2058 1211 2094 1279 ἢ

439 1302 528 1358 διὰ
574 1303 801 1379 σοφίαν,
846 1298 935 1355 ’ίνα
984 1300 1157 1362 οὕτως
1209 1298 1366 1371 εἶ’πω,
1418 1301 1516 1369 τὴν
1570 1301 1845 1373 περιττὴν,
1902 1298 2096 1378 ἄσοφοι

436 1393 527 1448 καὶ
577 1392 825 1447 ἀσύνετοι
857 1392 990 1463 (81).
1042 1391 1315 1444 Ἐντεῦθεν
1366 1390 1420 1443 οἱ
1473 1390 1568 1462 μὲν
1622 1392 1733 1463 (82)
1780 1389 1957 1464 τύχην
2008 1390 2098 1443 καὶ

435 1483 498 1537 τὸ
546 1480 851 1553 αὐτόματον
903 1477 1285 1552 έδογμάτισαν,
1337 1473 1507 1540 ὄντως
1557 1478 1838 1550 αὐτόματα
1887 1477 1975 1532 καὶ
2026 1477 2100 1540 ὡς

438 1567 627 1646 ἔτυχεν
662 1568 1071 1624 ἀναπλασθέντα
1120 1566 1484 1639 ἐπινοήματα·
1541 1568 1592 1621 οἱ
1642 1565 1698 1621 δὲ
1748 1566 1983 1643 ἀστέρων
2015 1588 2100 1622 τι-

436 1660 498 1714 νᾶ
528 1657 831 1714 δυναστείαν
875 1655 1083 1731 ἄλογόν
1135 1678 1192 1711 τε
1240 1656 1330 1712 καὶ
1393 1653 1591 1711 ἄλυτον
1640 1655 1971 1724 πλεκόντων,
2025 1656 2099 1717 ὡς

439 1749 497 1803 ἂν
534 1747 839 1823 βούλωνται
873 1748 1007 1819 (83),
1038 1746 1104 1799 τὰ
1152 1745 1415 1819 ἡμέτερα,
1472 1743 1685 1818 μᾶλλον
1739 1744 1796 1800 δὲ
1842 1746 1929 1801 καὶ
1970 1744 2101 1799 αὐτὸ

435 1839 499 1892 τὸ
528 1834 746 1891 πλέκειν
798 1836 1363 1908 συνηναγκασμένων·
1414 1834 1503 1888 καὶ
1549 1836 1842 1903 πλανητῶν
1898 1831 1962 1904 δή
2014 1854 2095 1887 ’ττι-⁸

438 1948 540 1983 νων
574 1925 663 1979 καὶ
697 1923 953 1978 ἀπλανῶν
989 1920 1242 1984 συνόδους
1288 1923 1377 1977 καὶ
1416 1924 1825 1997 ὑποχωρήσεις,
1876 1923 1965 1977 καὶ
1998 1944 2093 1976 κυ-

444 2014 559 2090 ρίαν
592 2018 688 2069 τοῦ
719 2014 917 2073 παντὸς
946 2013 1179 2081 κίνησιν.
1225 2013 1287 2065 Οἱ
1340 2009 1419 2081 δὲ,
1470 2011 1499 2065 ὅ
1524 2033 1576 2066 τι
1630 2011 1688 2066 ἂν
1730 2014 1843 2084 (84)
1871 2009 2094 2073 ἕκαστος

444 2102 870 2181 έφαντάσθησαν,
921 2106 1000 2173 τῷ
1058 2100 1397 2175 ταλαιπώρῳ
1454 2101 1595 2175 γένει
1645 2105 1752 2155 τῶν
1803 2101 2098 2176 ἀνθρώπων

443 2193 715 2270 φέροντες,
746 2190 1133 2265 έπεισήγαγον,
1166 2190 1289 2244 ὅσον
1322 2190 1504 2251 αὐτοῖς
1536 2192 1647 2263 (85)
1684 2196 1784 2257 τῆς
1836 2190 2099 2265 Προνοίας

443 2281 723 2360 ἀνέφικτόν
753 2302 813 2335 τε
841 2279 932 2334 καὶ
964 2280 1299 2355 ἀθεώρητον,
1353 2279 1428 2341 εἷς
1482 2274 1774 2357 διαφόρους
1826 2276 1980 2350 δόξας
2009 2280 2098 2333 καὶ

440 2368 810 2447 προσηγορίας
859 2367 1332 2441 καταμερίσαντες.
1366 2366 1487 2423 Εἷσὶ
1546 2365 1605 2422 δὲ
1665 2368 1718 2423 οἳ
1771 2367 1859 2421 καὶ
1920 2369 2102 2423 πενίαν

444 2458 663 2528 πολλὴν
704 2465 802 2526 τῆς
836 2458 1102 2532 Προνοίας
1146 2458 1512 2532 κατέγνωσαν,
1543 2457 1610 2512 τὰ
1657 2458 1753 2529 μὲν
1786 2457 1918 2530 ὑπὲρ
1952 2460 2099 2529 ἡμᾶς

440 2547 610 2622 ταύτῃ
640 2544 958 2610 διοικεῖσθαι
1000 2546 1345 2618 νομίσαντες,
1400 2544 1531 2620 ἄχρι
1583 2543 1627 2599 δ’
1675 2548 1836 2619 ἡμῶν
1876 2551 1983 2600 τῶν
2012 2548 2103 2600 καὶ

448 2635 682 2711 μάλιστα
716 2633 988 2708 δεομένων
1033 2636 1285 2709 κατάγειν
1320 2633 1485 2703 αὐτὴν
1538 2635 1962 2705 ἀποκνήσαντες,
1998 2635 2102 2689 ὣσ-

442 2747 543 2803 περ
599 2723 922 2796 δεδοικότες,
972 2726 1046 2796 μή
1094 2730 1172 2795 τῷ
1222 2721 1477 2785 πλείονας
1528 2727 1640 2799 (86)
1690 2724 2101 2799 εὐεργετεῖσθαι,

446 2816 788 2891 ἀγαθώτερον
833 2814 1155 2890 ἀποφήνωσι
1201 2813 1292 2866 τὸν
1346 2812 1663 2887 εὐεργέτην,
1713 2813 1747 2882 ἢ
1797 2813 2103 2886 ἀποκάμνοι

450 2904 635 2965 αὐτοῖς
670 2905 781 2976 (87)
813 2905 840 2957 ὁ
868 2903 998 2963 Θεὸς
1026 2902 1081 2956 εὖ
1112 2906 1283 2957 ποιῶν
1315 2899 1588 2963 πλείονας.

2205 591 2492 663 vertigine
2543 589 2795 661 correpti
2850 589 3092 652 harent,
3127 604 3262 643 cum
3302 594 3536 644 econtra
3566 593 3861 660 oporteret

2207 696 2326 744 eos,
2361 679 2447 734 vel
2480 679 2539 733 in
2572 678 2906 749 indaganda
2954 676 3176 731 ratione
3214 676 3499 746 laborare,
3533 686 3593 731 ut
3625 694 3763 731 cura
3797 694 3861 731 ac

2210 768 2519 839 diligentia
2549 768 2851 822 veritatem
2888 768 3131 821 fortasse
3154 766 3433 835 consequi
3466 765 3694 835 possint
3729 782 3739 819 :
3776 765 3865 820 vel

2220 857 2290 911 de
2309 856 2400 913 his
2424 857 2597 911 rebus
2620 855 3007 927 sapientiores
3026 858 3183 909 viros
3204 854 3506 925 magisque
3529 853 3868 923 spirituales

2206 945 2535 1012 consulere,
2561 944 3039 1016 quandoquidem
3074 944 3128 997 id
3163 959 3397 1014 quoque
3427 942 3579 996 inter
3610 942 3861 1012 Spiritus

2205 1035 2360 1088 dona
2392 1038 2757 1103 numeratur,
2778 1049 2882 1087 nec
2908 1032 3172 1087 omnium
3200 1035 3290 1085 est
3313 1030 3557 1085 scientia
3585 1047 3596 1083 :
3623 1030 3711 1085 vel
3734 1048 3859 1085 eam

2210 1124 2459 1194 denique
2488 1140 2590 1194 per
2636 1124 2765 1177 vitae
2820 1122 3230 1193 purgationem
3282 1120 3586 1191 aucupari,
3630 1124 3801 1190 atque
3835 1138 3867 1176 a

2205 1229 2341 1267 vera
2371 1211 2669 1283 Sapientia
2719 1210 3069 1282 sapientiam
3117 1209 3434 1281 postulare.
3487 1209 3589 1264 Isti
3637 1225 3771 1264 vero
3807 1209 3862 1279 (ο

2208 1301 2418 1356 miram
2454 1300 2766 1356 stultitiam
2804 1318 2816 1354 :
2855 1300 2870 1371 )
2900 1300 2970 1354 ad
3005 1299 3059 1353 id
3096 1300 3249 1370 quod
3286 1297 3544 1368 paratius
3577 1302 3633 1353 et
3664 1297 3870 1370 procli-

2208 1392 2339 1445 vius
2372 1394 2479 1457 est,
2510 1406 2569 1445 se
2601 1388 2929 1458 conferunt,
2955 1405 3059 1443 nec
3081 1388 3306 1443 ratione
3338 1388 3623 1442 mundum
3658 1389 3868 1460 guber-

2212 1479 2335 1533 nari
2370 1478 2513 1534 falso
2544 1482 2836 1545 asserunt,
2876 1494 3009 1532 cum
3052 1476 3165 1548 ipsi
3213 1476 3501 1530 rationem
3551 1476 3821 1549 ignorent
3851 1492 3871 1536 ,·

2212 1572 2388 1639 atque
2436 1567 2516 1622 ita
2561 1570 2799 1639 propter
2856 1565 3150 1621 inscitiam
3212 1565 3507 1636 sapientes
3556 1571 3715 1633 sunt,
3769 1568 3871 1620 aut

2214 1660 2454 1728 propter
2485 1671 2974 1728 supervacaneam
3028 1653 3402 1725 sapientiam,
3435 1658 3501 1708 ut
3531 1654 3613 1709 ita
3644 1654 3872 1725 loquar,

2212 1746 2560 1817 insipientes
2592 1762 2656 1799 ac
2681 1743 3062 1799 stolidi.Hinc
3093 1744 3443 1814 aliiquidem
3470 1759 3672 1797 casum
3697 1747 3871 1812 atque

2214 1836 2536 1900 fortunam,
2574 1832 2812 1888 fortuito
2843 1850 2984 1888 sane
3036 1837 3367 1901 temereque
3418 1833 3747 1897 conﬁctam,
3779 1832 3868 1885 in-

2206 1924 2533 1991 duxerunt;
2577 1922 2675 1978 alii
2706 1923 2964 1977 siderum
3000 1921 3393 1992 principatum
3425 1921 3740 1993 quemdam
3776 1937 3869 1975 ra-

2207 2012 2385 2068 tionis
2416 2016 2711 2083 expertem
2738 2016 2911 2083 atque
2935 2011 3080 2066 28]
3112 2009 3607 2077 indissolubilem,
3626 2027 3749 2081 quae
3776 2026 3868 2066 res

2209 2107 2442 2156 nostras
2466 2101 2748 2155 arbitratu
2783 2117 2909 2165 suo,
2929 2098 3046 2153 imo
3071 2099 3246 2153 etiam
3274 2098 3626 2162 necessario,
3652 2115 3865 2154 conne-

2210 2197 2390 2263 ctant,
2416 2198 2470 2247 et
2492 2192 2813 2247 errantium
2839 2192 3224 2264 quarumdam
3252 2196 3423 2262 atque
3458 2192 3703 2245 lixarum
3730 2192 3869 2247 stel-

2210 2282 2400 2336 larum
2434 2297 2786 2353 congressus
2818 2285 2875 2335 et
2896 2279 3276 2346 recessiones,
3306 2297 3372 2334 ac
3406 2283 3655 2350 motum,
3680 2281 3868 2335 omni-

2211 2372 2323 2426 bus
2359 2372 2413 2424 in
2449 2371 2622 2425 rebus
2646 2369 3045 2425 dominantem
3079 2369 3522 2438 conﬁnxerunt;
3559 2368 3679 2437 alii,
3713 2370 3870 2441 quod

2212 2460 2465 2531 quisque
2497 2476 2696 2515 secum
2758 2458 3126 2529 excogitavit,
3173 2475 3504 2514 aerumnoso
3559 2458 3864 2513 hominum

2214 2546 2407 2617 generi
2442 2546 2819 2601 invexerunt:
2855 2546 3139 2616 quidquid
3169 2545 3447 2600 nimirum
3471 2563 3539 2600 ex
3569 2546 3698 2617 ipsa
3734 2547 3866 2601 Pro-

2212 2636 2471 2691 videntia
2504 2635 2919 2706 comprehendi
2943 2634 3319 2706 conspicique
3338 2636 3561 2706 nequit,
3590 2635 3647 2689 in
3674 2636 3865 2690 varias

2215 2724 2836 2798 Opiniones,variaque
2870 2724 3109 2778 nomina
3141 2723 3488 2778 dividentes.
3522 2723 3637 2778 Nec
3662 2725 3865 2779 del'ue-

2217 2819 2371 2881 runt,
2399 2814 2494 2883 qui
2520 2830 2744 2885 magnae
2774 2830 3003 2884 quoque
3035 2812 3396 2883 paupertatis
3428 2812 3862 2868 Providentiam

2218 2906 2588 2968 damnarent,
2623 2903 2762 2957 dum
2797 2919 2863 2957 ea
2895 2902 3156 2973 quidem,
3193 2919 3323 2973 quae
3355 2918 3534 2974 supra
3568 2920 3672 2958 nos
3706 2911 3868 2968 sunt,

449 2996 521 3049 ab
552 2995 681 3065 ipsa
711 2994 831 3064 regi
863 2997 1038 3063 atque
1069 2993 1380 3065 gubernari
1431 2993 1786 3062 iudicarunt,
1822 2998 2091 3049 caeterum
2145 3011 2272 3049 eam
2305 2993 2375 3048 ad
2411 3008 2517 3047 nos
2566 3008 2774 3062 usque,
2810 2991 2908 3063 qui
2959 3007 3026 3046 ea
3069 2990 3159 3044 vel
3209 2990 3461 3045 maxime
3510 2991 3869 3064 indigemus,

448 3082 749 3137 demittere
781 3082 999 3154 gravati
1032 3086 1205 3149 sunt;
1257 3082 1496 3152 perinde
1545 3099 1611 3137 ac
1659 3090 2018 3149 vererentur,
2054 3101 2145 3155 ne,
2178 3084 2227 3138 si
2280 3084 2476 3153 plures
2530 3080 2829 3136 beneficiis
2877 3081 3275 3147 afficerentur,
3309 3080 3487 3136 nimis
3538 3080 3869 3137 beneﬁcum

446 3170 787 3225 exhiberent
819 3170 1267 3237 hensfactorem,
1298 3174 1399 3225 aut
1429 3188 1502 3226 ne
1531 3172 1684 3227 Deus
1718 3174 1860 3227 bene
1892 3173 1963 3228 de
1997 3172 2264 3245 pluribus
2297 3170 2570 3226 merendo
2603 3170 3045 3242 defatigaretur.

523 3263 639 3311 AI".
676 3255 833 3311 Ἀλλ’
865 3256 1011 3310 οὗτοι
1067 3257 1182 3329 μὲν,
1236 3255 1367 3333 ὅπερ
1418 3258 1589 3330 εἶπον,
1642 3257 1931 3336 Ξρῥίφθων,
1983 3259 2097 3315 ἐπεὶ

2283 3260 2523 3316 XXXIII.
2572 3259 2781 3315 Verum
2836 3259 2964 3323 hos,
3019 3262 3083 3314 ut
3134 3259 3273 3325 dixi,
3323 3258 3516 3315 valere
3574 3261 3867 3329 sinamus,

445 3343 534 3399 καὶ
567 3343 753 3406 καλῶς
784 3343 978 3405 αὐτοὺς
1028 3340 1325 3418 προλαϐὼν
1358 3347 1385 3400 ὁ
1418 3344 1585 3421 λόγος
1633 3346 1901 3419 ἠμύνατο·
1934 3349 2102 3422 Ἐμα-

446 3433 653 3502 ταιώθη
711 3434 812 3508 γὰρ
849 3478 861 3500 ,
941 3434 1104 3510 φησῖν
1138 3479 1151 3505 ,
1204 3436 1239 3502 ἡ
1296 3434 1548 3497 ἀσύνετος
1616 3435 1792 3489 αὐτῶν
1860 3434 2055 3511 καρδία
2088 3456 2100 3469 ·

453 3524 743 3598 φάσκοντες
806 3522 935 3575 εἶναι
992 3523 1200 3598 σοφοὶ,
1263 3522 1699 3597 ἐμωράνθησαν,
1758 3524 1848 3578 καὶ
1910 3523 2107 3594 ἤλλα-

453 3612 541 3681 ξαν
601 3612 699 3678 τήν
763 3608 915 3679 δόξαν
975 3615 1073 3664 τοῦ
1132 3610 1405 3686 ἀφθάρτου
1463 3615 1613 3681 (88)
1665 3611 1798 3666 Θεοῦ
1842 3655 1857 3679 ,
1920 3614 2111 3685 μύθοις

457 3701 561 3762 ςισὶ
612 3700 699 3754 καὶ
758 3703 931 3759 σκιαῖς
979 3700 1078 3766 τήν
1133 3696 1221 3752 διὰ
1269 3698 1481 3752 πάντων
1533 3699 1795 3771 Πρόνοιαν
1854 3698 2109 3777 καθυϐρί-

454 3809 658 3849 σαντες.
710 3788 902 3857 Ἡμεῖς
955 3783 1011 3840 δὶ
1061 3789 1201 3857 μήτε
1258 3787 1409 3841 αὐτοὶ
1465 3792 1632 3843 ταῦτα
1676 3791 2110 3865 τερατευώμεθα,

459 3873 607 3950 εἷ’περ
638 3897 689 3930 τι
728 3873 881 3947 μέλει
913 3879 1012 3929 τοῦ
1046 3873 1217 3949 λόγου
1246 3872 1491 3951 λογικοῖς
1526 3873 1672 3931 οὖσιν
1704 3881 1861 3951 ἡμῖν,
1895 3880 1983 3933 καὶ
2017 3879 2111 3935 λό-

450 3987 550 4041 γου
583 3966 961 4038 θεραπευταῖς·
999 3966 1138 4037 μήτε
1167 3967 1281 4039 (89)
1328 3963 1455 4027 τοὺς
1507 3965 1793 4038 οἰομένους
1825 3966 2113 4043 ἀποδεχώ-

457 4055 613 4127 μεθα,
663 4053 760 4109 κᾶν
805 4050 1116 4126 εὐδρομῶσι
1166 4055 1263 4123 τὴν
1312 4053 1563 4129 γλῶτταν
1624 4055 1674 4109 ἐν
1726 4062 1841 4118 τοῖς
1891 4057 2113 4119 ἀτόποις

454 4142 646 4219 λόγοις
704 4142 793 4196 καὶ
856 4139 1114 4217 δόγμασι,
1173 4142 1264 4198 καί
1302 4149 1380 4216 τῷ
1439 4149 1610 4217 καινῷ
1655 4149 1767 4221 (90)
1820 4148 2108 4221 τέρπωσιν.

449 4230 633 4287 Ἀλλὰ
680 4233 769 4286 καὶ
820 4232 946 4286 Θεὸν
995 4232 1129 4288 εἶναι
1178 4233 1267 4288 τὸν
1319 4236 1534 4288 πάντων
1582 4236 1818 4305 ποιητὴν
1861 4240 1975 4310 (91)
2023 4236 2111 4291 καὶ

454 4316 795 4395 δημιουργὸν
828 4319 1187 4395 πιστεύωμεν·
1240 4325 1359 4385 πῶς
1409 4323 1513 4399 γὰρ
1565 4322 1624 4378 ἂν
1672 4326 1783 4399 (92)
1818 4326 2017 4395 ὑπέστη
2050 4326 2112 4381 τὸ

453 4415 576 4483 πᾶν,
641 4411 715 4482 μή
770 4430 914 4467 τινος
973 4410 1337 4473 οὐσιώσαντός
1392 4433 1451 4467 τε
1499 4434 1586 4468 και
1631 4414 2109 4490 συναρμόσαντος;

457 4499 555 4553 Καὶ
600 4497 866 4575 Πρόνοιαν
918 4504 1341 4575 συνεισάγωμεν,
1396 4503 1496 4571 τὴν
1554 4501 1714 4557 τοῦδε
1769 4509 1866 4558 τοῦ
1912 4505 2113 4567 παντὸς

2215 3352 2433 3423 quippe
2458 3366 2606 3421 quos
2628 3350 2753 3420 jam
2784 3349 3086 3420 Scriptura
3118 3348 3348 3422 egregie
3374 3348 3491 3403 ulta
3508 3349 3613 3405 sit:
3637 3353 3875 3407 Evanuit

2214 3441 2383 3503 enim,
2434 3439 2647 3510 inquit,
2698 3441 2967 3510 insipiens
3012 3454 3103 3492 cor
3132 3454 3367 3503 eorum;
3404 3437 3647 3493 dicentes
3678 3456 3735 3494 se
3763 3455 3881 3495 esse

2219 3530 2512 3598 sapientes,
2564 3527 2720 3581 stulti
2782 3528 2919 3596 facti
2964 3530 3111 3591 sunt,
3169 3527 3379 3597 Deique
3436 3528 3879 3599 incorruptibilis

2220 3618 2464 3689 gloriam
2493 3618 2865 3670 immutarunt
2896 3616 2960 3682 9°,
2996 3614 3294 3686 ﬁgmentis
3325 3616 3678 3686 quibusdam
3706 3621 3880 3687 atque

2223 3706 2449 3759 umbris
2477 3702 2901 3759 Providentiam
2938 3704 3007 3757 ad
3060 3703 3257 3757 omnia
3312 3720 3438 3758 sese
3483 3704 3878 3776 porrigentem

2221 3792 2643 3847 contumeliose
2675 3792 3141 3862 proscindentes.
3175 3791 3291 3847 Nos
3324 3798 3741 3864 autem,neque
3774 3795 3879 3850 hu-

2217 3883 2474 3952 jusmodi
2507 3882 2849 3953 dogmatum
2908 3884 3172 3952 portenta
3231 3882 3618 3952 conﬁgamus,
3653 3883 3701 3937 si
3736 3883 3877 3955 quid

2224 3970 2414 4040 nobis,
2450 3971 2546 4041 qui
2582 3970 2805 4025 ratione
2829 3970 3163 4039 utimur,ac
3195 3987 3439 4025 summa:
3473 3971 3715 4028 rationis
3748 3973 3878 4027 cul—

2220 4065 2346 4115 tum
2404 4060 2768 4131 proﬁtemur,
2829 4058 2976 4114 ratio
3035 4076 3185 4114 curae
3227 4068 3334 4130 est,
3369 4059 3566 4126 neiis,
3630 4062 3725 4132 qui
3759 4063 3882 4118 haec

2224 4154 2454 4222 putant,
2489 4149 2887 4204 assentiamur
2912 4166 2924 4214 ;
2955 4148 3189 4203 tametsi
3216 4147 3274 4203 in
3300 4149 3574 4205 absurdis
3595 4150 3884 4205 sermoni-

2224 4240 2334 4294 bus
2364 4243 2420 4294 et
2450 4238 2825 4311 dogmatibus
2858 4237 3102 4293 celerem
3154 4241 3210 4292 et
3249 4238 3579 4309 expeditam
3616 4240 3877 4313 linguam

2225 4329 2494 4397 habeant,
2515 4332 2569 4383 et
2593 4328 2851 4382 novitate
2872 4326 3183 4382 delectent.
3215 4327 3363 4392 Quin
3397 4328 3676 4398 potius,et
3698 4328 3882 4385 Deum

2222 4435 2416 4473 rerum
2451 4418 2717 4473 omnium
2754 4418 3084 4472 effectorem
3137 4420 3194 4471 et
3240 4417 3630 4473 architectum
3681 4420 3879 4475 creda-

2224 4525 2377 4563 mus.
2411 4506 2696 4570 Quoniam
2728 4506 2885 4561 enim
2920 4507 3088 4561 modo
3122 4506 3461 4561 universum
3494 4507 3603 4561 hoc
3631 4508 3886 4565 exstitis-

456 4590 774 4658 συνεκτικήν
827 4608 885 4642 τε
926 4589 1015 4641 καὶ
1067 4586 1415 4660 συνδετικήν·
1478 4589 1595 4645 ἐπεὶ
1651 4591 1740 4645 καὶ
1798 4594 2111 4666 προνοητὴν

2224 4601 2332 4666 set,
2365 4595 2479 4650 nisi
2511 4595 2583 4650 ab
2615 4594 2813 4665 alique
2845 4598 3214 4665 procreatum
3246 4598 3422 4665 atque
3466 4596 3883 4652 concinnatum

533 4714 578 4750 ²⁰
609 4715 772 4770 Rom.
812 4732 851 4785 1,
882 4714 947 4770 21
984 4731 1146 4787 seqq.

530 4834 643 4906 (80)
672 4830 919 4911 Ἐπειδὲήι
960 4836 1054 4891 Sic
1087 4836 1265 4910 Regg.
1304 4854 1355 4905 a,
1388 4838 1508 4908 bm,
1543 4838 1646 4911 ph,
1677 4843 1734 4895 et
1763 4841 1859 4896 Or.
1891 4842 1945 4895 2.
1981 4842 2114 4897 Edi-

461 4908 503 4962 ti
534 4903 692 4983 vero,
728 4903 1042 4983 ἐπειδήπερἶ

461 4980 646 5101 το(81)
681 4976 1000 5034 ’Δσύνετοι.’
1030 4980 1209 5052 ltegg.
1268 4996 1322 5053 a,
1374 4998 1428 5051 c,
1480 4983 1539 5050 d,
1588 4985 1644 5038 et
1681 4982 1828 5050 Jes.,
1859 4980 2119 5038 ἀπαίδευ-

535 5069 571 5101 ι.

535 5069 571 5102 ι.

536 5122 649 5193 (82)
682 5120 950 5174 Ἐντεῦθεν
1006 5121 1059 5175 οἱ
1103 5120 1218 5198 μὲν,
1252 5127 1385 5198 etc.
1440 5147 1459 5173 α
1537 5125 1683 5198 Hinc
1734 5126 1830 5181 alii
1880 5127 2119 5198 quidem

468 5197 782 5249 Fortunam
816 5199 871 5248 et
899 5210 1099 5249 casum
1126 5196 1529 5261 instituerunt,
1549 5197 1785 5254 inventa
1815 5196 1947 5254 vere
1978 5198 2127 5254 casu

468 5272 524 5321 et
552 5265 1151 5337 fortuitoexcogitata
1180 5273 1355 5337 atque
1385 5268 1601 5324 afﬁcta.
1638 5290 1665 5318 ››

542 5338 667 5412 (εδ)
686 5334 1017 5412 Βο-όλωνταῖ.
1051 5338 1143 5394 sic
1193 5334 1371 5412 Regg.
1424 5340 1482 5407 d,
1536 5341 1658 5410 bm,
1706 5340 1806 5412 ph,
1854 5347 1909 5397 et
1936 5342 2031 5396 op.
2064 5344 2119 5396 2.

470 5407 605 5472 Alii,
643 5405 957 5478 βούλονται.

684 5479 758 5553 "Q
782 5497 836 5531 τι
867 5476 948 5534 ἄν.
982 5481 1159 5553 Regg.
1194 5498 1248 5547 a,
1281 5482 1402 5552 bm,
1431 5482 1530 5553 ph,
1564 5478 1645 5534 ὅτι
1675 5478 1722 5535 δ’
1752 5478 1835 5538 ἄν.

515 5551 657 5639 ’(85)
690 5549 907 5610 Αὐτοῖς.
944 5553 1037 5607 Sic
1070 5549 1250 5626 Regg.
1280 5571 1331 5625 a,
1352 5549 1473 5622 bm,
1509 5554 1608 5626 ph,
1640 5559 1697 5610 et
1728 5555 1823 5612 Or.
1854 5556 1912 5611 2.
1945 5556 2121 5625 Editi,

470 5641 606 5688 αυτη
617 5641 661 5681 ς.

544 5693 654 5766 (86)
686 5690 774 5759 Μὴ
805 5694 885 5765 τῷ
913 5689 1190 5767 πλείονας,
1238 5699 1347 5754 etc.
1398 5695 1605 5753 Billius
1639 5713 1652 5754 :
1710 5718 1732 5747 ι
1787 5714 1858 5753 ne
1888 5699 2125 5759 benefa-

2228 4847 2385 4897 ctore
2415 4857 2481 4895 eo
2515 4838 2811 4895 meliorem
2843 4854 2973 4894 esse
3000 4839 3471 4911 pronuntiarent,
3499 4841 3653 4909 quod
3689 4839 3887 4912 plures

2228 4913 2533 4969 beneficiis
2568 4912 2847 4966 afﬁceret.
2883 4932 2909 4960 »

2301 4985 2413 5055 (87)
2457 4982 2673 5043 Αὐτοῖς.
2731 5003 2758 5033 ‹‹
2810 4983 2958 5054 Ipsis
3012 4983 3449 5055 defatigaretur,
3502 4984 3885 5056 defatigatum

2232 5056 2442 5121 dicere,
2475 5056 2835 5109 viderentur.
2872 5076 2898 5105 ››

2302 5129 2411 5202 (88)
2450 5124 2766 5202 Ἀφθάρτ-ου·
2804 5126 2957 5202 {ieci}.
3008 5124 3103 5179 Or.
3234 5124 3442 5202 addi_t__:
3477 5123 3886 5202 ἐνῌὸμοιώματι

2232 5195 2440 5272 εἰκόνος
2474 5195 3115 5272 φθαρτοῦ-ἀνθρώπο-υηιι
3153 5197 3208 5249 in
3250 5195 3704 5254 similitudinem
3740 5195 3888 5256 ima-

2233 5271 2387 5341 ginis
2418 5268 2820 5341 corruptibilis
2850 5268 3126 5323 hominis.
3166 5288 3194 5317 ››

2302 5344 2416 5411 (89)
2448 5335 2618 5409 Μήτεζ
2653 5341 2748 5412 Sic
2785 5340 2955 5410 Regg.
2996 5356 3048 5403 a,
3085 5341 3202 5407 bm,
3237 5335 3336 5410 ph.
3374 5339 3433 5393 In
3467 5343 3583 5407 ed.,
3618 5337 3777 5412 μηδὲ.

2325 5416 2413 5484 90)
2448 5414 2647 5484 Καινῷ.
2682 5411 2776 5465 0r.
2807 5412 2861 5480 2,
2894 5412 3080 5484 κοινῷ,
3116 5411 3625 5484 «communione.
3656 5434 3708 5469 ››.

2327 5482 2414 5553 91)
2445 5484 2544 5537 Τὸν
2577 5482 2791 5556 πάντων
2824 5482 3080 5556 ποιητήν.
3114 5482 3204 5537 Sic
3226 5488 3429 5556 _ltegg.
3483 5501 3538 5551 a,
3588 5488 3643 5539 et
3686 5483 3786 5556 ph,
3821 5484 3884 5545 In

2236 5551 2377 5622 Reg.
2404 5551 2534 5622 ’bm,
2564 5557 2672 5609 τῶν
2705 5551 2943 5607 πάντων.
2977 5554 3149 5609 Deest
3176 5551 3266 5607 τόν
3302 5551 3484 5613 ixi'ed.

2308 5576 2315 5607 ι
2366 5599 2377 5611 .
2414 5575 2534 5622 om,
2564 5575 2672 5609 των
2705 5575 2943 5607 παντων.
2978 5575 3075 5608 υθε

2308 5575 2413 5701 (52)
2446 5633 2568 5682 "Av.
2602 5627 2773 5684 Deest
2800 5625 2860 5681 in
2893 5624 2988 5683 Or.
3019 5626 3075 5684 2.
