4090 6478
313 439 429 510 905

1238 431 1528 496 ORATIO
1573 429 1837 494 XIV.—
1880 425 1983 489 DE
2025 419 2458 491 PAUPERUM
2509 427 2808 494 AMORE.

3613 439 3734 504 906

312 581 364 635 οἱ
399 577 456 634 δὲ
481 577 668 647 ἧττον,
694 574 770 635 ὡς
803 572 861 627 ἂν
897 573 971 643 μὴ
1005 568 1129 642 περὶ
1171 564 1409 640 μεγάλου
1455 563 1621 628 τινὸς,
1668 558 1808 632 μηδὲ
1855 565 1962 614 τῶν
1999 605 2007 630 γ

2102 577 2187 615 nec
2211 562 2449 631 quidam
2480 563 2764 620 duntaxat
2791 567 2861 622 de
2886 568 2976 623 bis
3012 569 3187 625 rebus
3229 573 3402 627 verba
3453 576 3732 643 fecerunt,

314 664 522 746 σφόδρα
577 660 1032 736 κατεπειγόντων,
1076 654 1224 712 ἀλλὰ
1276 654 1367 708 καὶ
1414 653 1628 719 πάντες,
1685 651 1776 704 καὶ
1839 650 1973 722 μετὰ

316 741 557 824 σπουδῆς
613 749 859 824 ἱέκαστος,
919 751 954 816 ἣ
1007 750 1246 822 πρῶτον,
1297 743 1332 812 ἣ
1384 741 1434 796 ἐν
1492 741 1757 814 πρώτοις,
1804 742 1970 824 τοῦτο

320 823 786 916 διακελευόμενοι,
837 823 928 893 καὶ
971 836 1104 891 ποτε
1137 834 1231 908 μὶν
1260 830 1678 916 προτρέποντες,
1728 827 1861 916 ποτὶ
1916 823 1972 916 δέ

318 915 690 1000 ἀπειλοῦντες,
747 929 881 984 ποτὶ
931 924 989 981 δὲ
1035 922 1426 992 ὀνειδίζοντεςο
1483 918 1594 973 ἔστι
1636 915 1694 971 δέ
1750 915 1839 970 ὅτε
1882 915 1971 969 καὶ

313 1024 442 1086 τοὺς
493 1022 887 1097 κατορθοῦντας
933 1012 1357 1088 ἀποδεχόμενοι,
1408 1008 1480 1070 ὡς
1539 1005 1598 1061 ἂν
1647 1007 1975 1097 τῷσυνεχεῖ

312 1120 412 1182 τῆς
465 1095 826 1183 ὑπομνήσεως
869 1106 967 1174 τήν
1027 1100 1260 1169 ἓντολήν
1321 1099 1709 1194 ἐνεργήσωσιν.
1757 1095 1970 1194 ’ᾄΕνεκεν

320 1202 414 1275 μὲν
471 1207 574 1269 τῆς
632 1193 1014 1269 ταλαιπωρίας
1067 1195 1174 1245 τῶν
1227 1191 1492 1263 πτωχῶν,
1552 1184 1642 1239 καὶ
1700 1184 1972 1289 τοῦὶστειζ

878 1285 887 1289 -
1095 1284 1120 1289 _
1245 1278 1259 1289 .
1421 1278 1431 1289 .
1901 1273 1949 1289 ιη

313 1271 528 1365 ναγμοῦ
584 1291 695 1342 τῶν
752 1285 1004 1354 πενήτων
1063 1284 1154 1333 νῦν
1235 1278 1628 1365 ἀναστήσομαι,
1707 1271 1840 1365 φησὶ
1897 1271 1974 1343 (6)

316 1359 465 1454 λέγει
525 1376 746 1452 Κύριος.
799 1371 889 1434 Τίς
921 1370 983 1426 οὐ
1042 1367 1278 1424 δέδοικεν
1342 1364 1693 1454 ἀνιστάμενον
1728 1359 1928 1454 Κύριον
1949 1377 1973 1454 Δ;

316 1449 443 1523 Καὶ.
477 1449 791 1534 ’Δνάστηθι,
824 1461 989 1536 Κύριε
1033 1460 1062 1512 6
1122 1457 1252 1518 Θεός
1317 1476 1420 1528 μου
1477 1454 1576 1526 (7),
1635 1449 1974 1523 ὕψωθήτωὴ

317 1554 442 1630 χείρ
477 1570 604 1608 σου·
670 1553 744 1625 μὴ
778 1548 1010 1622 ἐπιλάθῃ
1063 1550 1173 1600 τῶν
1235 1545 1484 1641 πενήτων
1539 1536 1977 1641 (8),”Ἀπεῖ›ἓυὲ-

322 1625 456 1717 picea
484 1643 584 1710 τήν
612 1640 871 1709 τοιαύτην
906 1637 1136 1711 ὕψωσιν,
1170 1633 1259 1689 καὶ
1323 1631 1398 1705 μὴ
1436 1626 1795 1717 βουληρῷμεν
1849 1625 1979 1717 ἰδεῖν

318 1711 681 1807 ἐπαιρομένην
715 1732 877 1802 χεῖρα
904 1725 1041 1780 κατά
1067 1728 1175 1778 τῶν
1212 1718 1602 1789 ἀπειθούντων,
1635 1714 1712 1770 ἔτι
1746 1711 1808 1807 δέ
1836 1712 1974 1807 μᾷλη

319 1819 414 1875 λον
449 1802 824 1896 ’ἐπαφιεμένην
873 1821 990 1876 τοῖς
1039 1811 1432 1887 σκληροτέροις
1620 1804 1724 1896 [iui
1755 1802 1856 1896 οῦκ
1885 1802 1978 1896 έπ-

2081 652 2292 721 reliqui
2315 652 2581 717 minime,
2607 660 2707 708 aut
2738 655 2835 710 alii
2859 658 3176 728 copiosius,
3202 661 3298 715 alii
3323 663 3739 732 parcius,velut

2081 741 2152 792 de
2184 755 2244 793 re
2272 756 2386 794 non
2416 739 2499 795 ita
2530 759 2760 814 magna,
2828 762 2934 801 nec
2988 749 3310 804 admodum
3372 753 3734 819 necessaria;

2079 842 2306 894 verum,
2340 833 2395 883 et
2425 845 2629 886 omnes
2662 831 2720 887 in
2753 834 3119 901 universum,
3151 846 3208 893 et
3238 837 3441 894 sedulo
3464 839 3738 911 quisque,

2081 915 2169 970 vel
2203 917 2485 986 primum,
2516 920 2603 973 vel
2632 921 2691 975 in
2724 923 2932 993 primis
2965 926 3036 980 ad
3072 942 3201 981 eam
3234 943 3357 982 rem
3391 945 3498 984 nos
3529 929 3730 985 cohor-

2079 1007 2302 1070 tantur,
2335 1021 2493 1061 nunc
2515 1008 2921 1079 admonentes,
2941 1005 3095 1067 nunc
3114 1016 3562 1083 comminantes,
3585 1033 3743 1074 nunc

2082 1094 2538 1164 exprobrantes;
2573 1113 2998 1171 nonnunquam
3032 1103 3207 1158 etiam
3241 1121 3360 1174 eos,
3387 1106 3486 1176 qui
3510 1106 3746 1161 virtutis

2085 1180 2335 1248 huiusce
2356 1199 2600 1240 munere
2629 1188 2976 1260 funguntur,
3001 1190 3279 1248 laudibus
3302 1195 3640 1261 efferentes,
3665 1195 3750 1250 ni-

2087 1271 2299 1325 mirum
2337 1276 2401 1326 ut
2431 1289 2531 1342 per
2560 1275 2979 1333 admonitionis
3011 1281 3420 1337 assiduitatem
3473 1283 3627 1339 283
3677 1301 3744 1339 eo

2086 1376 2192 1414 nos
2216 1361 2533 1426 adducant,
2559 1367 2622 1417 ut
2645 1363 2753 1420 hoc
2777 1369 3124 1423 mandatum
3171 1386 3582 1444 exsequamur.
3607 1375 3741 1428 Pro-

2084 1453 2210 1519 pter
2239 1450 2538 1504 miseriam
2592 1452 2818 1523 inapum
2847 1464 2898 1510 et
2923 1460 3201 1528 gemitum
3229 1477 3536 1532 pauperum
3586 1479 3734 1516 nunc

2088 1552 2408 1607 exsurgam,
2436 1538 2570 1594 dicit
2603 1544 2872 1597 Dominus
2900 1545 2964 1602 ²³.
2999 1547 3139 1610 Quis
3172 1555 3582 1620 exsurgentem
3632 1551 3744 1606 Do-

2091 1625 2319 1680 minum
2354 1642 2467 1681 non
2528 1629 2913 1686 extimescat?
2961 1634 3031 1688 Et
3082 1635 3194 1690 alio
3245 1635 3410 1692 loco:
3471 1639 3742 1707 Exsurge,

2100 1715 2322 1770 Domine
2377 1716 2516 1770 Deus
2570 1733 2744 1786 meus,
2786 1728 2836 1776 et
2891 1723 3170 1778 exaltetur
3226 1741 3428 1781 manus
3485 1737 3612 1782 tua:
3670 1745 3741 1784 ne

2090 1804 2438 1860 obliviscaris
2458 1822 2774 1877 pauperum
2804 1811 2870 1866 ²⁴.
2906 1810 3230 1869 Elationem
3266 1814 3611 1884 hujusmodi
3642 1817 3748 1871 de-

320 1906 542 1964 ελάθετο
580 1890 701 1976 ’τῆς
759 1910 1004 1980 κραυγῆς
1051 1907 1160 1957 τῶν
1215 1901 1464 2004 πενήτων
1493 1916 1504 1928 ·
1567 1894 1690 2001 Kui,
1737 1891 1870 2004 ’26::
1902 1890 1976 2004 sic

2102 1908 2421 1963 precemur,
2454 1899 2512 1949 et
2541 1911 2612 1950 ne
2644 1897 2891 1954 velimus
2923 1916 3158 1956 cernere
3189 1918 3433 1958 manum
3465 1902 3620 1959 illam
3646 1904 3749 1960 ad-

2102 1983 2682 2004 ,μη-,ηεμμλεῌμ
2760 1992 2794 2004 κ.
2938 1994 2946 2004 .
3403 1998 3437 2004 ..
3486 1991 3521 2004 .-
3612 2000 3619 2004 .

317 1996 477 2058 τέλος
531 1995 954 2066 ἐπιλησθήσεται
1016 1993 1128 2064 (10)
1188 1990 1216 2043 6
1271 1985 1536 2061 πτωχός’
1571 1983 1682 2054 καὶ,
1737 1980 1973 2058 Ὀφθαλ-

326 2085 421 2160 μοὶ
486 2085 580 2158 μὲν
626 2083 792 2138 αὐτοῦ
851 2080 938 2135 ἐπὶ
968 2081 1060 2134 τὸν
1093 2077 1299 2148 πένητα
1329 2069 1715 2130 ἐπιϐλέπουσιν
1776 2070 1829 2142 (ὃ
1885 2073 1981 2123 τοῦ

324 2157 600 2252 βλεφάρου
629 2177 872 2244 κρεῖττον
904 2168 993 2223 καὶ
1045 2167 1374 2240 κυριώτερον
1411 2163 1568 2237 [11]),
1619 2160 1686 2214 τὰ
1737 2157 1984 2252 βλέφαρα

322 2247 381 2319 δὲ
411 2247 576 2318 α’ύτοῦ
607 2260 834 2331 ἐξετάζει
863 2257 989 2319 τοὺς
1019 2255 1170 2316 υἱοὺς
1200 2276 1307 2309 των
1355 2252 1653 2327 ἀνθρώπων
1685 2268 1696 2281 ·
1731 2251 1766 2317 ἡ
1821 2247 1981 2302 ἐλάσ-

325 2375 458 2421 σων,
491 2352 564 2413 ὡς
599 2350 658 2404 ἂν
692 2347 834 2404 εἷ’ποι
866 2368 972 2415 τις,
1007 2344 1277 2412 έπισκοπὴ
1309 2343 1399 2397 καὶ
1432 2339 1657 2415 δευτέρα
1687 2338 1817 2410 (12).

2094 1997 2298 2036 versus
2320 1983 2720 2040 inobedientes
2747 1992 2803 2042 et
2820 1994 3193 2046 contumaces
3215 2007 3344 2046 sese
3360 1991 3747 2061 attollentem,

2094 2071 2369 2141 quodque
2414 2087 2479 2125 eo
2525 2075 2758 2142 gravius
2777 2081 2885 2144 est,
2912 2079 2969 2131 in
2996 2079 3171 2133 duros
3193 2084 3249 2134 et
3277 2081 3606 2150 pertinaces
3643 2082 3751 2135 im-

2096 2159 2362 2214 missam.
2389 2161 2456 2214 Et
2491 2178 2731 2218 rursus:
2763 2169 2883 2221 Non
2911 2169 2989 2220 est
3018 2168 3219 2222 oblitus
3249 2167 3550 2224 clamorem
3605 2186 3750 2240 pau-

2091 2264 2284 2318 perum
2311 2248 2389 2315 25;
2424 2254 2498 2315 et,
2531 2250 2646 2305 Non
2678 2253 2737 2306 in
2785 2254 2949 2322 ﬁnem
2980 2256 3180 2310 oblivio
3227 2258 3342 2312 erit
3380 2260 3641 2329 pauperis
3663 2259 3706 2292 ²⁶
3733 2283 3748 2326 ;

2097 2343 2172 2406 et,
2196 2336 2351 2391 Oculi
2379 2338 2496 2408 ejus
2526 2339 2586 2393 in
2611 2357 2914 2412 pauperem
2945 2346 3248 2415 respiciunt
3281 2346 3456 2417 (quod
3507 2347 3747 2418 quidem

332 2440 630 2515 palpebris
661 2438 875 2494 melius
906 2442 1015 2504 est,
1046 2452 1112 2491 ac
1143 2433 1578 2507 praestantius);
1622 2428 1904 2502 palpebra?
1946 2433 2134 2482 autem
2163 2427 2278 2497 ejus
2307 2428 2646 2498 interrogant
2673 2431 2817 2499 ﬁlios
2847 2433 3134 2487 hominum
3155 2435 3231 2502 '7;
3283 2436 3341 2490 id
3389 2440 3497 2505 est,
3533 2436 3748 2504 minor,

325 2536 390 2584 ut
421 2531 499 2584 ita
531 2529 744 2597 dicam,
777 2531 833 2581 et
863 2524 1210 2580 secundaria
1240 2522 1548 2593 inspectio.

400 2616 508 2684 AC.
555 2613 707 2690 Τάχα
758 2613 815 2667 ἂν
872 2609 1017 2666 εἷ’ποι
1071 2627 1189 2671 τις·
1241 2608 1396 2682 Ὑπὲρ
1448 2610 1555 2661 τῶν
1613 2602 1985 2676 ἀδικουμένων

325 2709 492 2761 ταῦτα
539 2706 785 2778 πτωχῶν
842 2702 933 2756 καὶ
977 2701 1248 2769 πενήτων.
1309 2696 1382 2750 Οὐ
1443 2693 1770 2770 διαφέρομαι
1829 2693 1983 2765 (13)·

326 2792 471 2849 ἀλλὰ
505 2794 561 2848 σέ
608 2814 670 2868 γε
709 2789 1033 2865 κεντριζέτω
1083 2789 1195 2860 (14)
1223 2784 1314 2841 καὶ
1342 2788 1504 2838 τοῦτο
1537 2783 1670 2857 πρὸς
1700 2783 1761 2836 τὸ
1793 2778 1986 2856 φιλάν-

330 2893 569 2957 θρωπον.
602 2887 695 2935 Ὧν
719 2881 820 2956 γὰρ
853 2874 1224 2951 ἀδικουμένων
1249 2877 1506 2933 τοσοῦτος
1538 2873 1565 2925 6
1618 2870 1806 2945 λόγος,
1855 2869 1986 2924 τού-

327 2990 435 3023 των
462 2969 551 3023 καὶ
585 2967 641 3024 εὗ
683 2967 1008 3042 πασχόντων
1069 2958 1288 3034 δηλαῦἠ
1350 2959 1558 3016 πλείων
1588 2961 1699 3033 (15)
1730 2961 1764 3028 ἡ
1799 2959 1982 3034 χάρις.

332 3057 400 3112 Εἰ
452 3058 555 3133 γὰρ
595 3058 624 3111 6
672 3055 948 3128 ἀτιμάζων
1007 3055 1236 3124 πένητα,
1295 3050 1584 3126 παροξύνει
1658 3050 1748 3103 τὸν
1821 3049 1984 3117 ποιή-

332 3166 494 3200 σαντα
563 3145 746 3214 αὐτὸν,
821 3148 957 3216 τιμᾷ
1027 3143 1118 3197 τὸν
1193 3141 1429 3210 ποιητὴν
1510 3140 1537 3193 6
1595 3136 1866 3214 περιέπων
1925 3136 1986 3190 τὸ

2169 2604 2405 2662 XXXVI.
2430 2607 2646 2663 Verum
2668 2610 2879 2666 dixerit
2899 2612 3146 2668 fortasse
3165 2613 3428 2686 jaliquis:
3483 2614 3611 2669 Haec
3644 2631 3748 2686 pro

2099 2696 2458 2766 pauperibus
2489 2697 2606 2754 illis
2637 2705 2692 2753 et
2724 2699 2997 2771 inopibus
3030 2702 3185 2757 dicta
3217 2708 3376 2774 sunt,
3402 2704 3504 2774 qui
3529 2704 3751 2774 injuria

2099 2783 2460 2840 afﬁciuntur.
2496 2786 2618 2841 Non
2652 2790 3019 2858 contradico;
3054 2795 3113 2845 at
3143 2790 3253 2847 hoc
3283 2808 3518 2863 quoque
3551 2797 3748 2848 tamen

2099 2873 2168 2927 ad
2193 2872 2437 2929 colenda
2467 2874 2854 2932 humanitatis
2885 2879 3076 2934 ofﬁcia
3101 2887 3157 2934 te
3207 2879 3562 2936 exstimulet.
3599 2883 3748 2946 Quo-

2100 2977 2226 3015 rum
2253 2963 2434 3028 enim,
2458 2964 2504 3018 si
2531 2965 2669 3034 quid
2693 2965 2777 3019 eis
2799 2966 3028 3036 injuriae
3052 2967 3357 3037 inferatur,
3405 2974 3568 3025 tanta
3600 2967 3747 3024 ratio

2097 3049 2365 3118 habetur,
2398 3052 2607 3106 iisdem
2644 3059 2797 3108 certe
2830 3055 3111 3110 beneficio
3146 3058 3388 3124 affectis,
3413 3059 3666 3128 amplior
3692 3062 3751 3111 et

2097 3139 2333 3194 uberior
2360 3146 2450 3195 est
2480 3143 2685 3212 gratia.
2719 3143 2864 3197 Nam
2897 3143 2971 3212 si,
3004 3147 3098 3216 qui
3141 3163 3444 3217 pauperem
3500 3146 3751 3218 despicit,

329 3234 568 3305 ποίημα.
621 3233 791 3288 Πάλιν
853 3235 963 3305 (16)
996 3228 1051 3285 δὲ
1083 3230 1206 3285 ὅταν
1254 3228 1451 3302 ἀκούῃς
1497 3229 1629 3301 (17)’
1683 3225 1856 3296 Πένης
1896 3224 1984 3312 xui

2102 3244 2223 3283 eum
2253 3245 2282 3282 α
2317 3245 2419 3300 quo
2448 3234 2621 3300 [actus
2651 3240 2749 3297 est,
2798 3231 2868 3286 ad
2918 3234 3066 3288 iram
3111 3238 3349 3291 concitat
3371 3236 3437 3302 2⁸,
3482 3253 3597 3291 non
3649 3237 3753 3290 du-

329 3320 593 3382 πλούσιος
682 3322 1012 3389 συνήντησαν
1103 3316 1400 3389 ἀλλήλοις,

331 3411 359 3465 6
421 3409 614 3486 Κύριος
700 3408 972 3479 ἐποίησεν’
1050 3408 1125 3480 μή
1182 3407 1274 3462 τὸν
1350 3407 1442 3479 μὲν
1502 3405 1726 3474 πένητα,
1785 3404 1874 3458 τὸν
1934 3399 1991 3456 δὶ

332 3498 598 3555 πλούσιον
675 3491 978 3570 ὑπολάϐῃς,
1031 3493 1124 3549 ’ίνα
1175 3495 1265 3550 καὶ
1329 3492 1540 3567 μᾶλλον
1597 3491 1989 3564 κατεξαναστῇς

333 3593 428 3643 τοῦ
459 3588 690 3658 πένητος
715 3605 726 3618 ’
763 3585 824 3639 οὐ
854 3585 956 3660 γὰρ
1006 3583 1198 3655 δῆλον,
1249 3583 1294 3637 εἰ
1337 3581 1516 3645 θεόθεν
1563 3584 1598 3649 ἡ
1646 3579 1871 3648 τοιαύτη
1907 3576 1992 3632 δι-

335 3677 538 3752 αίρεσις
564 3695 577 3707 ·
632 3674 860 3746 πλάσμα
885 3671 942 3727 δὲ
973 3677 1127 3740 Θεοῦ,
1161 3671 1346 3748 φησὶν,
1401 3668 1610 3741 ὁμοίως
1666 3668 1990 3743 ἀμφότεροι,

334 3766 424 3821 καὶ
482 3765 527 3821 εί
584 3767 650 3818 τὰ
708 3759 897 3836 ἔξωθεν
959 3757 1133 3816 ἄνισα.
1187 3757 1358 3812 Τοῦτύ
1400 3772 1474 3811 ’σε
1506 3755 1822 3812 δυσωπείτω
1879 3758 1993 3830 (18)

337 3856 473 3933 πρὸς
503 3855 564 3910 τὸ
597 3852 876 3925 συμπαθὲς
908 3851 998 3905 καὶ
1029 3846 1384 3926 φιλάδελφον,
1415 3846 1502 3900 ἳνα
1543 3845 1668 3900 ὅταν
1718 3845 1804 3898 ὑπ’
1857 3843 1992 3898 ἑκεί-

338 3931 444 4000 νων
503 3941 764 4016 ἐπαρθῇς,
825 3939 928 3994 ὑπὸ
982 3937 1179 3994 τούτου
1229 3938 1342 4009 (19)
1397 3931 1691 4008 συσταλῇς,
1724 3932 1814 3986 xui
1871 3931 1997 4008 γένῃ

341 4036 564 4089 σεαυτοῦ
647 4029 1028 4104 μετριώτερος.
1105 4026 1166 4081 Τί
1227 4023 1340 4093 Eri;
1410 4026 1466 4077 ’0
1524 4021 1691 4078 ἐλεῶν
1748 4023 1995 4097 πτωχὸν,

340 4127 456 4195 Θεῷ
487 4119 736 4190 δανείζει,
770 4117 930 4196 φησίν
960 4118 1093 4190 (20).
1125 4113 1217 4178 Τίς
1246 4114 1306 4169 ού
1342 4111 1556 4189 δέχεται
1587 4115 1834 4166 τοιοῦτον
1867 4131 1998 4186 χρε-

343 4215 548 4284 ώστην,
584 4207 940 4264 ἀποδώσοντα
965 4205 1016 4260 ἐν
1047 4205 1222 4281 καίρῷ
1277 4203 1411 4278 μετὰ
1454 4210 1552 4272 τῆς
1586 4200 1906 4274 ἐπικαρπίας
1938 4201 2000 4254 τὸ

346 4298 552 4356 δάνειον
583 4317 596 4367 ;
633 4297 729 4353 Καὶ
761 4295 927 4350 πάλιν
962 4297 1109 4369 (21)·
1144 4290 1575 4367 Ἐλεημοσύναις
1620 4297 1710 4345 καί
1758 4288 1997 4344 πίστεσιν

347 4387 796 4461 ἀποκαθαίρονται
828 4382 1088 4459 ἀμαρτίαι
1120 4385 1252 4456 (22).

1507 3315 1850 3393 ἀμφοτέρους
1931 3311 1989 3367 δὲ

2102 3318 2264 3372 bium
2296 3324 2406 3383 est,
2450 3320 2592 3391 quin
2625 3319 2891 3391 opiﬁcem
2926 3321 3146 3378 honore
3178 3325 3413 3396 afﬁciat,
3439 3325 3537 3396 qui
3565 3326 3753 3396 ipsius

2101 3423 2249 3477 opus
2281 3409 2708 3479 complectitur.
2748 3409 2974 3466 Rursus
3007 3429 3140 3466 cum
3173 3414 3343 3468 audis
3371 3430 3382 3467 :
3446 3415 3665 3484 Pauper
3702 3416 3756 3468 et

2101 3495 2248 3550 dives
2279 3501 2634 3552 occurrerunt
2676 3499 2803 3566 sibi,
2865 3505 3157 3572 utrumque
3194 3506 3382 3556 autem
3428 3503 3633 3557 creauit
3660 3503 3759 3557 Do-

2101 3585 2287 3637 minus
2316 3585 2394 3651 ”;
2428 3603 2499 3640 ne
2531 3585 2692 3639 illum
2730 3587 2966 3657 quidem
3002 3605 3340 3660 pauperem,
3372 3591 3528 3646 hunc
3561 3595 3758 3645 autem

2107 3671 2344 3726 divitem
2368 3674 2441 3727 ab
2459 3689 2524 3728 eo
2547 3681 2808 3728 creatum
2833 3676 3149 3748 intelligas,
3173 3684 3347 3750 atque
3370 3696 3437 3734 ex
3492 3696 3560 3734 ea
3609 3696 3668 3735 re
3699 3679 3759 3735 in

2107 3776 2424 3830 pauperem
2458 3762 2793 3832 insurgendi
2829 3781 3032 3819 ansam
3059 3766 3339 3836 arripias;
3367 3785 3556 3840 neque
3602 3769 3761 3823 enim

2108 3853 2357 3917 constat,
2383 3865 2456 3903 an
2489 3867 2520 3903 a
2551 3854 2663 3904 Deo
2687 3850 3029 3921 hujusmodi
3053 3855 3357 3912 distinctio
3388 3859 3642 3930 profecta
3665 3858 3760 3912 sit.

2106 3936 2323 3990 Verum
2358 3937 2455 3992 Dei
2489 3939 2858 4009 ﬁgmentum,
2891 3942 3104 4013 inquit,
3139 3949 3387 4016 uterque
3431 3964 3594 4018 aeque
3653 3952 3761 4015 est,

2107 4025 2364 4093 tametsi,
2390 4027 2541 4096 quod
2564 4027 2633 4081 ad
2663 4045 2753 4084 res
2793 4035 3062 4086 externas
3111 4033 3338 4102 attinet,
3371 4035 3593 4106 dispari
3625 4051 3765 4090 con-

2109 4114 2332 4169 ditione
2363 4115 2500 4170 sint.
2535 4115 2650 4171 Hoc
2683 4123 2738 4173 te
2769 4119 2840 4172 ad
2873 4121 3450 4178 commiserationem
3473 4128 3531 4179 et
3571 4123 3763 4180 chari-

2113 4209 2292 4258 tatem
2326 4204 2606 4270 inﬂectat,
2641 4211 2706 4260 ut
2736 4223 2868 4262 cum
2902 4208 3177 4280 cogitatio
3225 4211 3326 4268 illa
3382 4211 3486 4267 tibi
3537 4213 3767 4268 animos

2111 4290 2407 4362 extulerit,
2441 4293 2560 4348 haec
2591 4295 2825 4350 eosdem
2861 4297 3152 4368 demittat,
3185 4304 3361 4372 teque
3413 4301 3768 4356 moderatio-

2116 4397 2239 4436 rem
2265 4382 2499 4439 eificiat.
2533 4383 2682 4449 Quid
2717 4387 3036 4456 praeterea?
3083 4388 3189 4454 Qui
3234 4391 3528 4444 miseretur
3568 4405 3774 4462 paupe~

346 4484 444 4548 ris,
476 4480 691 4551 inquit,
742 4478 846 4532 Deo
891 4478 1185 4545 feneratur
1203 4475 1268 4530 “.
1304 4473 1444 4538 Quis
1497 4469 1835 4541 hujusmodi
1867 4469 2189 4525 debitorem
2223 4477 2472 4540 recuset,
2508 4474 2770 4530 debitum
2815 4475 2875 4530 in
2921 4480 3184 4548 tempore
3234 4495 3347 4534 non
3401 4479 3528 4535 sine
3576 4479 3774 4534 fenore

348 4569 717 4626 redditurum
737 4566 765 4621 ?
792 4565 862 4620 Et
892 4579 1102 4619 rursus
1137 4578 1150 4618 :
1184 4563 1291 4617 Per
1313 4559 1753 4616 misericordiam
1783 4567 1835 4613 et
1863 4558 2030 4627 ﬁdem
2055 4563 2274 4630 peccata
2300 4570 2611 4631 purgantur
2631 4563 2696 4617 δι.

418 4713 464 4748 ³³
494 4709 648 4767 Psal.
679 4725 759 4780 x1,
788 4708 845 4763 6.
923 4707 970 4742 9"
999 4704 1153 4775 Psal,
1186 4722 1266 4776 1x,
1299 4705 1388 4760 35.
1467 4703 1514 4737 "
1545 4702 1690 4758 Ibid.
1726 4702 1812 4757 13.
1889 4701 1934 4736 ²⁶
1965 4700 2111 4758 Ibid.
2146 4703 2233 4758 19.
2310 4703 2354 4737 ²’⁷
2384 4704 2537 4761 Psal.
2570 4723 2626 4774 x,
2655 4707 2710 4762 5.
2787 4707 2829 4742 ³⁸
2859 4707 3025 4765 Prov.
3058 4725 3198 4780 xvn,
3227 4711 3283 4766 5.
3360 4710 3407 4746 9°
3434 4711 3599 4767 Prov.
3631 4725 3771 4780 xxn,

347 4785 403 4840 2.
479 4783 524 4818 ⁸ο
553 4782 716 4837 Prov.
753 4796 846 4848 xv,
877 4780 968 4836 27.

429 4924 508 4998 (6)
537 4922 912 4998 Φησὶ-θροεῖ
948 4922 1010 4998 in
1041 4921 1266 4998 Reg._c.

431 4990 514 5140 (7)
537 4997 595 5049 Ὁ
614 4990 764 5056 ’Θεός
783 4996 914 5052 Haec
944 4990 1163 5051 desunt
1193 4993 1253 5049 in
1283 4990 1579 5082 Reg..bm,.

457 5069 514 5139 8)
547 5069 779 5138 Πενήτω
805 5087 932 5140 μου.
956 5066 1210 5123 Colbert.
1245 5066 1272 5120 1
1307 5064 1491 5131 addit,
1522 5082 1579 5116 ει‹

457 5057 514 5139 8)
547 5069 779 5138 Πενήτω
805 5087 932 5140 μου.
956 5066 1210 5123 Colbert.
1245 5066 1272 5120 1
1307 5057 1491 5131 αάνάὶῑ,
1522 5059 1598 5123 εἷς
1619 5057 1803 5132 τέλος,
1860 5081 1887 5110 ‹‹
1993 5089 2015 5104 .

361 5155 519 5197 nem.
552 5160 578 5192 ι

434 5212 510 5285 (9)
544 5209 975 5286 Σκληροτέροις.
1019 5208 1200 5281 Regg.
1234 5225 1288 5275 ει,
1320 5207 1378 5273 b,
1412 5221 1462 5272 c,
1505 5203 1624 5272 bm,
1684 5203 1786 5276 pb,
1847 5203 2018 5276 σκλη-

366 5288 504 5360 ροῖςτ

434 5355 551 5426 (10)
579 5350 1065 5426 Ἐπιλησθήσεται.
1100 5351 1192 5407 Sic
1226 5349 1406 5420 Regg.
1441 5346 1562 5414 bm,
1599 5345 1698 5418 ph,
1731 5350 1788 5400 et
1818 5346 1914 5403 Or.
1964 5351 2020 5404 2.

375 5424 513 5493 Alii,
538 5424 953 5494 ἐπιληθήσεται.

451 5490 992 5572 (1⁷1)Κυσοιώτερον.
1039 5493 1314 5550 Coisiian.
1373 5491 1429 5561 2,
1460 5493 1518 5544 et
1569 5492 1712 5559 Jes.,
1769 5490 2026 5562 τιμιώτε.

370 5588 488 5644 PO”?

441 5641 550 5711 (12)
614 5637 717 5712 Καὶ
768 5634 1010 5712 δευτέρα.
1075 5637 1245 5692 Deest
1297 5630 1389 5687 καί
1447 5631 1508 5686 in
1569 5630 1729 5688 Colb.
1787 5632 1837 5687 1.
1896 5631 2026 5691 Bill.

371 5734 400 5765 «
434 5711 748 5785 posterior.
781 5733 810 5760 »

438 5774 555 5859 (13)
585 5780 659 5836 Οὐ
699 5777 1052 5859 διαφέρομαι.
1083 5779 1313 5847 Billius,
1346 5798 1375 5829 «
1408 5774 1486 5834 sit
1516 5775 1598 5831 ita
1652 5791 1792 5833 sane
1824 5794 1838 5845 ;
1891 5794 2030 5835 nam

689 5909 956 5979 Panes.
1004 5907 1114 5970 Gn.
1161 5903 1406 5969 XXXV.
1447 5992 1454 6000 '

2120 4917 2192 4975 de
2217 4917 2327 4975 hoc
2358 4915 2520 4977 [item
2555 4921 2778 4978 nullam
2811 4924 3075 4982 movebo.
3110 4951 3132 4979 ι

2343 4993 2692 5069 Κεντριζέτω.
2732 4997 2827 5069 Or.
2861 4998 2915 5062 2,
2949 4993 3348 5069 ἐκκεντριζέτω.

2225 4993 2312 5046 14)
2344 4993 2692 5068 Κεντριζέτω.
2732 4997 2827 5052 0r.
2861 4998 2915 5062 2,
2949 4993 3348 5069 ἐκκεντριζέτω.

2199 4991 2309 5142 il?)
2343 5063 2573 5120 Πλείων.
2608 5067 2698 5121 Sic
2731 5068 2909 5141 Regg.
2943 5086 2996 5137 a,
3031 5087 3079 5140 c,
3101 5073 3220 5141 bm,
3244 5076 3302 5127 et
3322 5071 3420 5142 ph.
3448 5066 3598 5128 Edit.
3621 5082 3779 5137 vero,

2129 5128 2340 5191 πλεῖον.
2814 5128 2886 5141 νυ
2982 5128 2994 5137 ’
3067 5128 3079 5140 ’

2349 5203 2543 5279 Πάλιν.
2588 5208 2723 5278 Reg.
2761 5209 2858 5279 ph.
2893 5210 3075 5275 addit,
3108 5208 3184 5267 δέ.

2344 5275 2606 5357 ’ἶ-Δκοῦῃς.
2652 5275 2831 5357 ῌοέε.
2868 5283 2987 5357 bm,
3021 5285 3119 5357 ph,
3167 5282 3421 5357 ἀκοὺσῃς.

2204 5346 2316 5420 (18)
2337 5346 2610 5429 [Γοῦτόσε
2660 5346 3232 5429 δυεῖῶπείτωξἨὲες.
3267 5375 3319 5429 a,
3347 5346 3432 5424 "0.,
3490 5373 3671 5427 τουτῳ
3728 5373 3786 5407 σε

2137 5415 2425 5474 δυσωπῶν.

2210 5493 2322 5563 (19)
2350 5489 2598 5563 Τοὺτων.
2631 5493 2773 5559 Jes.,
2805 5491 3034 5551 τοὺτων.

2232 5562 2323 5639 20)
2356 5562 2760 5639 ¢npiv._Dee_st
2793 5565 2849 5618 in
2885 5567 3023 5639 Reg.
3059 5568 3178 5639 bm,
3213 5574 3269 5626 et
3301 5571 3398 5627 Or.
3429 5573 3484 5628 2.

2359 5634 2457 5716 μαί
2480 5632 2862 5716 πάλινᾨθρει
2883 5632 3178 5716 inniribus:
3196 5643 3414 5716 Regiis,
3447 5648 3505 5700 et
3537 5644 3631 5698 Or.
3663 5641 3718 5694 2.

2216 5709 2324 5779 (22)
2359 5706 2669 5782 Ἀμαρτίαι.
2697 5709 2758 5764 1n
2803 5709 3096 5782 pluribus,
3128 5713 3185 5767 ui
3211 5706 3491 5791 ἁμαρτίαι.

3393 5911 3473 5995 29.
