4090 6486
357 492 475 557 909

358 627 624 696 εὐποιίαν,
686 626 809 683 Ἐὰν
870 622 1063 697 ἀνέλῃς
1124 622 1237 696 (35)

356 715 725 794 χειροτονίαν,
788 709 1147 788 μικρολογίαν
1192 706 1257 779 δὴ
1293 707 1441 786 λέγω
1469 712 1586 783 (36)
1614 712 1776 764 τοῦτο
1807 710 1895 764 καὶ
1929 706 2016 764 δο-

353 804 608 880 κιμασίαν
645 851 661 878 ,
720 804 814 858 εἶτ’
862 800 953 857 οὖν
1014 798 1356 879 ἀμφιβολίαν
1394 843 1407 865 ,
1466 797 1555 853 καὶ
1613 797 1765 874 ῥῆμα
1813 819 2013 873 γογγυ-

355 899 518 964 σμοῦ,
575 893 628 948 τί
670 894 955 969 γενήσεται
1013 891 1129 963 (37)
1164 908 1176 957 ;
1209 894 1294 949 Ὡς
1348 886 1488 961 μέγα
1541 908 1593 941 τι
1650 886 1741 940 καὶ
1802 884 2012 958 θαυμά-

360 1006 475 1039 σιον
508 985 619 1055 (38)
653 984 663 1038 ί
700 983 813 1036 οἷον
841 982 955 1053 (39)
985 978 1074 1033 καὶ
1109 976 1235 1039 ὅσος
1269 977 1296 1030 ὁ
1325 976 1522 1030 τούτου
1558 974 1745 1048 μισθός
1776 975 1786 1030 l
1821 976 2015 1047 Ῥαγή-

356 1094 501 1128 σεται
562 1072 817 1147 πρώιμον
891 1068 955 1123 τὸ
1014 1072 1128 1145 φῶς
1190 1087 1326 1134 σου,
1377 1065 1465 1119 καὶ
1524 1065 1592 1119 τὰ
1664 1063 1867 1137 ἰάματά
1916 1084 2013 1117 σου

352 1161 493 1237 ταχὺ
544 1157 790 1215 ἀνατελεῖ
819 1203 832 1216 .
865 1158 959 1220 Τίς
1016 1155 1107 1211 οῦν
1158 1154 1257 1210 οὐκ
1308 1153 1511 1232 ἐφίεται
1558 1154 1739 1231 φωτὸς
1786 1152 1875 1207 καὶ
1928 1152 2011 1206 ἰά-

356 1271 491 1312 σεως
528 1270 541 1319 ;

428 1428 549 1484 ΛΘ’,
584 1422 861 1497 Αἰδοῦμαι
902 1420 961 1477 δὲ
1008 1421 1099 1477 καὶ
1147 1422 1208 1475 τὸ
1250 1422 1487 1497 Χριστοῦ
1532 1417 1950 1496 γλωσσόκομον,
1984 1419 2012 1473 ὃ

356 1518 493 1590 πρὸς
522 1512 947 1592 πτωχοτροφίαν
995 1514 1146 1584 ἡμᾶς
1195 1507 1520 1585 παρακαλεῖ’
1576 1508 1664 1563 καὶ
1722 1510 1822 1577 τήν
1864 1506 2014 1561 Παύ-

360 1603 461 1659 λου
494 1604 583 1659 καὶ
612 1603 821 1679 Πέτρου
855 1600 1194 1679 συμφωνίαν,
1227 1599 1311 1654 δτι
1356 1600 1418 1653 τὸ
1471 1595 1803 1673 Εὗαγγίλιον
1833 1594 2013 1651 διελό·

358 1714 531 1765 μενοι,
561 1692 687 1755 τοὺς
720 1690 981 1766 πτωχοὺς
1032 1688 1331 1750 κοινωνοὺς
1379 1689 1491 1761 (40)
1543 1686 1892 1756 ἐποιήσαντο·
1923 1686 2013 1739 καὶ

351 1783 451 1851 τήν
478 1786 576 1837 τοῦ
607 1781 725 1836 νὲου
754 1779 1038 1835 τελείωσιν
1069 1778 1120 1832 ἐν
1154 1782 1230 1850 τῷ
1260 1778 1328 1831 τὰ
1367 1772 1495 1831 ὄντα
1527 1774 1711 1830 δοῦναι
1761 1780 2012 1849 πτωχοῖς

356 1870 658 1947 ὁρισθεῖσαν
702 1890 760 1925 τε
807 1868 896 1923 καὶ
941 1872 1424 1941 νομοθετηθεῖσαν.
1480 1864 1597 1923 Οῗει
1652 1865 1727 1939 μὴ
1771 1863 2011 1938 ἀνάγκην

352 1962 484 2014 εἷναὶ
518 1980 604 2014 σοι
651 1961 750 2027 τῆς
794 1955 1230 2054 φιλανθρωπίαςΞ
1283 1953 1430 2054 ἀλλ’.
1460 1951 1663 2054 α’ίρεσιν
1698 1949 1892 2054 Ξομηδε
1921 1950 2013 2006 νό-
2045 1989 2092 2054 Β

355 2070 480 2121 μον,
514 2046 659 2103 ἀλλὰ
689 2045 997 2120 παραίνεσιν
1032 2064 1045 2113 ;
1083 2042 1304 2122 Σφόδρα
1344 2042 1431 2097 καὶ
1482 2042 1642 2103 αὐτὸς
1694 2036 2009 2113 ἐϐουλόμην

348 2141 530 2208 τοῦτο,
579 2136 670 2190 καὶ
724 2129 1127 2207 ὑπελάμϐανον·
1178 2131 1325 2188 ἀλλὰ
1372 2126 1532 2207 φοϐεῖ
1584 2151 1650 2202 με
1680 2132 1714 2199 ἡ
1757 2130 2012 2206 ἀριστερὰ

350 2228 497 2302 χεὶρ,
530 2226 619 2281 καὶ
651 2225 702 2279 οἱ
745 2220 946 2303 ἔριφοι,
996 2222 1085 2278 καὶ
1116 2222 1149 2276 ’ἀ
1178 2223 1324 2296 παρὰ
1374 2225 1471 2275 τοῦ
1522 2221 1816 2291 στήσαντος
1874 2219 2008 2273 ὀνει-

355 2314 613 2384 οίζονται’
644 2313 752 2389 οὐχ
798 2312 880 2368 ὅτι
914 2309 1296 2387 διηρπάκασιν,
1330 2310 1442 2364 οὐθ’
1493 2308 1575 2363 ὅτι
1626 2306 2009 2378 σεσυλήκασιν,

353 2406 388 2473 ἢ
428 2402 880 2478 μεμοιχέύκασιν,
914 2403 947 2470 ἢ
992 2400 1133 2456 ἄΑλο
1162 2422 1213 2455 τι
1262 2404 1369 2453 τῶν
1421 2397 1880 2474 ἀπηγορευμένων
1914 2418 2009 2452 πε-

355 2494 670 2561 ποιήκασιν,
700 2489 901 2560 ταύτην
933 2490 1033 2559 τήν
1051 2488 1195 2559 τάξιν
1217 2490 1641 2563 κατακριθέντες,
1668 2484 1793 2542 ἀλλ’
1825 2486 1906 2541 ὅτι
1935 2487 2010 2560 μὴ

354 2582 583 2657 Χριστὸν
616 2578 708 2634 διὰ
736 2584 844 2633 τῶν
878 2576 1151 2651 δεομένων
1182 2576 1651 2652 τεθεραπεύκασιν.

354 2677 514 2742 runt,
539 2675 640 2727 aut
666 2670 825 2726 aliud
858 2669 1141 2741 quiddam
1173 2686 1240 2724 ex
1270 2667 1424 2733 aliis,
1449 2684 1576 2738 quae
1598 2666 1909 2722 interdicta
1939 2670 2098 2735 sunt,

352 2777 456 2832 per
487 2774 772 2831 pauperes
804 2757 1047 2813 minime
1079 2758 1380 2811 curarunt.

422 2853 505 2902 M'.
536 2842 679 2900 Εἷ’τι
730 2842 821 2899 οὖν
870 2846 984 2917 (41)
1037 2842 1161 2916 ἐμοὶ
1209 2842 1477 2909 πείθεσθε,
1528 2838 1719 2895 δοῦλοι
1753 2842 2010 2916 Χριστοῦ,

350 2946 440 2988 και
493 2932 742 3011 ἀδελφοὶ,
801 2934 892 2987 καὶ
954 2930 1421 3007 συγκΛηρονόμοι,
1478 2927 1585 2992 ἕως
1644 2928 1754 2984 ἐστὶ
1801 2930 2012 3005 καιρὸς,

354 3022 588 3096 Χριστὸν
636 3020 1075 3093 ἐπισκεψώμεθα,
1126 3020 1353 3087 Χριστὸν
1405 3016 1819 3095 θεραπεύσωμεν
1875 3021 2009 3093 (42),

353 3111 582 3185 Χριστὸν
634 3111 944 3185 θρέψωμεν,
1006 3110 1241 3182 Χριστὸν
1303 3103 1610 3180 ἐνδύσωμεν
1668 3110 1825 3180 (43),
1883 3109 2011 3180 Χρι-

352 3200 473 3254 στὸν
508 3200 923 3273 συναγάγωμεν,
966 3198 1194 3272 Χριστὸν
1240 3198 1585 3270 τιμήσωμεν·
1644 3198 1720 3269 μὴ
1774 3195 2011 3271 τραπέζῃ

355 3284 546 3360 μόνον,
599 3286 675 3349 ὥς
740 3306 901 3347 τινες·
962 3284 1101 3360 μηδὲ
1153 3285 1375 3361 μύροις,
1425 3286 1500 3348 ὡς
1550 3288 1583 3355 ἡ
1630 3284 1831 3361 Μαρία·
1871 3284 2011 3359 μηδὶ

350 3378 509 3454 τάφῳ
559 3376 718 3449 μόνον
759 3376 894 3450 (44),
949 3375 1023 3437 ὡς
1075 3376 1278 3449 Ἰωσὴφ
1328 3376 1356 3428 ὁ
1407 3375 1804 3450 Ἀριμαθαῖος·
1871 3371 2012 3447 μηδὲ

350 3471 467 3526 τοῖς
530 3467 666 3539 πρὸς
720 3465 817 3532 τὴν
875 3465 1076 3541 ταφὴν,
1136 3464 1209 3524 ὡς
1251 3462 1567 3557 Νικόδημος
1601 3464 1628 3516 ὁ
1662 3462 1713 3532 ἐξ
1757 3462 2011 3535 ἡμισείας
2043 3493 2085 3557 C

352 3553 753 3631 φιλόχριστὸς·
811 3550 952 3623 μηδὲ
1002 3557 1191 3627 χρυσῷ
1238 3552 1328 3605 καὶ
1380 3548 1589 3622 Λιϐάνῳ
1637 3551 1724 3604 καὶ
1778 3551 2008 3626 σμύρνῃ,

354 3643 429 3703 ὡς
462 3644 513 3695 οἱ
570 3640 733 3715 μάγοι
766 3640 870 3712 πρὸ
907 3643 1014 3692 τῶν
1068 3638 1391 3714 εἰρημένων·
1443 3638 1570 3693 ἀλλ’
1620 3636 1806 3707 ἐπειδὴ
1858 3637 2007 3693 ἔλεον

349 3728 500 3785 θὲλει
549 3729 638 3784 καὶ
688 3727 748 3782 οὐ
802 3727 986 3791 θυσίαν
1033 3728 1060 3780 ὁ
1110 3728 1324 3781 πάντων
1376 3725 1676 3797 Δεσπότης,
1728 3727 1817 3781 καὶ
1874 3728 2006 3804 ὑπὲρ

355 3816 623 3893 μυριάδας
673 3816 844 3892 ἀρνῶν
891 3815 1091 3870 πιόνων
1146 3818 1261 3887 (45)
1293 3817 1327 3883 ἡ
1381 3813 1776 3889 εὐσπλαγχνία,
1807 3815 2008 3885 ταύτην

355 3906 688 3983 εἶσφὲρωμεν
723 3905 868 3976 αὐτῷ
900 3902 990 3959 διὰ
1018 3908 1123 3958 τῶν
1159 3901 1454 3976 δεομένων,
1486 3902 1575 3957 καὶ
1624 3906 1801 3979 χαμαὶ
1834 3906 2007 3977 σήμε-

352 4016 445 4071 ρον
504 3993 872 4071 ἐρῥιμμένων,
930 3991 1037 4064 τίνα,
1101 3991 1225 4047 ὅταν
1288 3988 1499 4056 ἐνθένδε
1552 3990 2003 4067 ἀπαλλαγῶμεν,

352 4082 605 4153 δὲξωνται
654 4085 802 4155 ἡμᾶς
855 4082 930 4143 εἰς
990 4082 1087 4143 τὰς
1138 4080 1392 4143 αἰωνίους
1452 4083 1651 4151 σκηνὰς
1687 4128 1700 4153 ,
1756 4080 1807 4135 ἐν
1859 4082 2004 4154 αὐτῷ

350 4177 569 4248 Χριστῷ
601 4174 713 4245 (46)
742 4176 821 4242 τῷ
868 4170 1048 4245 Κυρίῳ
1096 4173 1276 4244 ἡμῶν,
1310 4172 1355 4242 ᾧ
1385 4172 1420 4239 ἠ
1454 4168 1581 4240 δόξα
1610 4174 1720 4244 (47)
1755 4170 1831 4233 εἷς
1877 4171 2003 4234 τοὺς

350 4261 571 4322 αῒῶνας.
609 4261 667 4314 Ἀ
680 4261 810 4332 μήν.

426 4374 469 4407 ⁸⁸
500 4376 611 4427 Isa.
646 4388 803 4443 Lvm,
835 4372 888 4424 6.
969 4371 1012 4443 ιβ
1044 4371 1192 4426 Ibid.
1224 4372 1277 4424 8.
1355 4371 1399 4404 ⁸⁷
1427 4370 1596 4426 Joan.
1646 4386 1748 4443 x11,
1792 4371 1847 4443 β.
1928 4371 1971 4405 ’³⁸
2002 4370 2028 4427 C

2129 4377 2189 4428 tt.
2223 4390 2285 4440 II,
2316 4374 2350 4427 9
2380 4376 2435 4426 et
2465 4388 2588 4443 seq.

1289 484 1583 550 ORATIO
1626 486 1889 549 XIV.—
1917 486 2018 547 DE
2062 487 2501 551 PAUPERUM
2547 486 2845 550 AMORE.

1318 618 1650 694 σύνδεσμον,
1711 621 1867 698 φησὶ,
1924 619 2011 674 καὶ

2130 621 2277 678 285
2315 622 2683 693 praeclarum.
2721 623 3062 678 Lzetandum
3110 628 3200 677 est
3248 629 3464 690 autem,
3518 643 3634 680 non
3686 625 3781 680 lu-

3662 484 3781 553 9l0

2122 711 2405 782 gendum,
2438 729 2572 767 cum
2604 712 2954 767 beneﬁcium
3010 713 3245 768 damus.
3298 712 3356 767 Si
3399 714 3686 768 vinculum
3732 718 3783 768 et

2122 797 2441 852 electionem
2468 797 2778 866 sustuleris,
2814 798 3001 870 inquit
3031 798 3129 853 ille
3161 799 3226 865 ‘5,
3259 797 3367 853 hoc
3407 805 3516 866 est,
3558 800 3782 855 tenaci-

2122 888 2302 940 tatem
2334 890 2393 941 et
2422 886 2857 957 probationem,
2889 887 3009 941 sive
3041 886 3494 954 haesitationem,
3530 904 3595 942 ac
3649 904 3778 943 ver-

2124 974 2264 1028 bum
2298 974 2808 1043 murmurationis,
2840 975 2981 1046 quid
3005 976 3270 1030 futurum
3292 975 3427 1031 est?
3449 978 3633 1041 Quam
3664 991 3781 1032 ma-

2123 1068 2389 1134 gnum‘et
2420 1064 2837 1119 admirandum
2864 1062 2877 1118 ί
2910 1064 3108 1128 Qualis
3131 1070 3470 1137 quantaque
3496 1066 3673 1136 hujus
3697 1065 3779 1122 rei

2126 1168 2347 1207 merces
2375 1152 2386 1206 l
2419 1154 2679 1223 Erumpet
2706 1154 3041 1208 matutinum
3077 1154 3259 1209 lumen
3296 1158 3472 1225 tuum,
3506 1159 3560 1210 et
3613 1157 3780 1211 sani-

2123 1246 2211 1296 la:
2234 1246 2333 1296 tua
2361 1243 2467 1297 cito
2497 1244 2707 1297 orietur
2740 1243 2807 1296 “.
2840 1243 2980 1308 Quis
3013 1259 3150 1315 ergo
3180 1247 3287 1311 est,
3320 1243 3419 1315 qui
3468 1243 3662 1300 lucem
3720 1248 3779 1301 et

2123 1324 2434 1386 sanitatem
2467 1347 2581 1387 non
2614 1331 2888 1402 expetat?

2193 1420 2429 1475 XXXIX.
2472 1420 2623 1483 Quin
2683 1436 2775 1475 me
2831 1436 3065 1492 quoque
3124 1426 3315 1477 movet
3370 1421 3587 1479 Christi
3646 1440 3774 1480 cru-

2124 1524 2297 1563 mena
2318 1509 2381 1578 ”,
2416 1525 2545 1579 quae
2576 1525 2680 1563 nos
2713 1509 2783 1563 ad
2810 1525 3099 1581 pauperes
3129 1510 3375 1566 alendos
3391 1512 3734 1567 exhortatur
3760 1538 3776 1580 ;

2122 1597 2393 1667 Petrique
2424 1597 2600 1652 etiam
2633 1601 2689 1652 et
2722 1597 2882 1653 Pauli
2925 1599 3253 1669 conventio,
3314 1600 3413 1672 qui
3486 1600 3777 1672 Evangelii

2123 1686 2653 1757 promulgationem
2686 1686 2768 1741 ita
2795 1686 2951 1742 inter
2983 1703 3044 1742 se
3076 1688 3270 1760 partiti
3302 1693 3459 1755 sunt,
3521 1695 3583 1745 ut
3630 1707 3777 1762 pau-

2124 1791 2291 1848 peres
2305 1775 2542 1830 interim
2560 1775 2861 1831 communi
2874 1775 3207 1832 animorum
3222 1777 3414 1833 studio
3428 1780 3776 1850 complecte-

2123 1869 2329 1919 rentur
2358 1865 2401 1899 ⁴⁸
2430 1883 2442 1919 :
2477 1881 2543 1919 ac
2574 1864 2827 1935 denique
2850 1865 3085 1934 juvenis
3117 1864 3277 1922 illius
3308 1867 3583 1938 perfectio
3614 1868 3673 1922 in
3708 1883 3775 1925 eo

2124 1953 2365 2009 deﬁnita
2393 1957 2451 2009 et
2478 1954 2818 2021 constituta,
2854 1957 2915 2009 ut
2946 1955 3097 2010 bona
3128 1972 3235 2011 sua
3266 1957 3624 2028 pauperibus
3671 1958 3771 2014 da-

2124 2047 2211 2097 ret
2236 2043 2396 2097 “.An
2420 2047 2482 2097 tu
2505 2042 2953 2113 benignitatem,
2977 2060 3092 2098 non
3116 2044 3641 2114 necessariam,sed
3664 2045 3773 2101 tibi

2121 2131 2367 2187 liberam
2398 2148 2526 2187 esse
2558 2135 2734 2202 putas
2755 2132 2782 2186 ‘2
2812 2136 2893 2186 Ac
2927 2148 3042 2187 non
3074 2132 3284 2204 legem,
3308 2135 3406 2189 sed
3432 2134 3774 2190 consilium?

2119 2221 2237 2276 Hoc
2258 2237 2492 2293 quoque
2513 2221 2637 2292 ipse
2665 2236 3018 2292 magnopere
3039 2220 3244 2276 vellem
3262 2226 3319 2277 et
3338 2222 3733 2279 existimarem
3755 2241 3769 2288 ;

2121 2312 2222 2365 sed
2256 2325 2348 2365 me
2378 2309 2622 2364 sinistra
2652 2308 2754 2363 illa
2781 2326 2995 2365 manus
3028 2314 3224 2377 terret,
3258 2315 3315 2366 et
3344 2311 3517 2379 haedi,
3549 2318 3607 2367 et
3637 2330 3769 2384 pro-

2122 2400 2247 2468 bra,
2282 2416 2409 2470 quae
2442 2399 2511 2453 ab
2536 2415 2623 2469 eo,
2648 2416 2680 2453 a
2705 2415 2818 2469 quo
2841 2397 2960 2454 illic
2982 2399 3246 2455 collocati
3268 2405 3425 2472 sunt,
3451 2401 3773 2473 conjiciun-

2125 2495 2249 2555 tur;
2287 2504 2402 2542 non
2435 2488 2573 2558 quia
2607 2504 2818 2542 manus
2849 2487 3056 2544 alienis
3089 2488 3258 2544 bonis
3290 2489 3633 2560 attulerunt,
3668 2509 3774 2549 nec

2126 2576 2264 2649 quia
2292 2576 2515 2647 templa
2546 2576 2937 2647 diripuerunt,
2972 2580 3073 2631 aut
3107 2577 3460 2634 adulterium
3480 2588 3774 2652 perpetra-

2122 2665 2512 2734 admiserunt,
2534 2664 2644 2720 hoc
2665 2664 2868 2721 ordine
2898 2664 3152 2736 multati,
3176 2668 3276 2722 sed
3311 2667 3449 2739 quia
3471 2668 3771 2727 Christum

2190 2842 2281 2898 XI.
2314 2841 2597 2908 Quocirca
2627 2841 2676 2897 si
2706 2841 2843 2912 quid
2896 2842 3042 2897 mihi
3086 2843 3543 2901 auscultandum
3593 2851 3768 2919 puta-

2120 2931 2217 3000 tis,
2252 2931 2399 2987 servi
2432 2930 2672 3001 Cbristi,
2705 2935 2760 2986 et
2791 2931 3022 2999 fratres,
3083 2936 3139 2987 et
3199 2934 3550 3003 coheredes,
3601 2936 3768 2991 Chri-

2122 3019 2581 3091 stum,quandiu
2606 3018 2761 3089 licet,
2782 3020 3111 3089 visitemus,
3139 3021 3441 3079 Christum
3468 3040 3765 3095 curemus,

2122 3109 2420 3165 Christum
2454 3108 2704 3176 alamus,
2740 3108 3035 3164 Christum
3065 3110 3409 3180 vestiamus,
3470 3112 3767 3170 Christum

2121 3198 2488 3271 colligamus,
2521 3198 2818 3253 Christum
2852 3198 3230 3270 honoremus,
3264 3218 3379 3256 non
3414 3220 3619 3259 mensa
3675 3221 3770 3260 so-

2122 3288 2267 3355 lum,
2289 3293 2353 3342 ut
2381 3288 2619 3358 quidam
2651 3288 2716 3354 5°,
2750 3304 2853 3342 nec
2888 3289 3223 3358 unguentis,
3258 3294 3322 3345 ut
3354 3291 3537 3347 Maria
3567 3294 3634 3360 5’,
3666 3310 3771 3350 nec

2122 3377 2390 3449 sepulcro
2451 3378 2754 3445 duntaxat,
2807 3380 2869 3431 ut
2887 3377 3105 3448 Joseph
3129 3378 3537 3447 Arimathccus,
3564 3399 3669 3437 nec
3690 3399 3775 3439 re-

2124 3468 2234 3522 bus
2265 3483 2390 3537 quae
2423 3467 2495 3520 ad
2538 3464 2903 3537 sepulturam
2937 3467 3250 3537 pertinent,
3285 3472 3349 3521 ut
3379 3468 3478 3523 ille
3525 3470 3772 3528 dimidia

2122 3560 2354 3610 tantum
2386 3571 2453 3608 ex
2483 3561 2647 3625 parte
2668 3554 2963 3607 Christum
3020 3572 3230 3609 amans
3287 3556 3642 3613 Nicodemus
3699 3561 3769 3629 5’,

2122 3660 2226 3697 nec
2256 3642 2508 3713 denique
2539 3658 2700 3708 auro,
2727 3642 2918 3710 thure,
2944 3646 3001 3695 et
3022 3643 3276 3713 myrrha,
3302 3650 3368 3698 ut
3386 3648 3540 3717 magi
3564 3648 3608 3681 ⁵³
3632 3654 3767 3705 ante

2118 3748 2218 3786 eos
2250 3747 2477 3797 omnes,
2509 3747 2657 3800 quos
2683 3729 2977 3797 diximus;
3012 3731 3109 3784 sed
3172 3733 3449 3802 quoniam
3499 3738 3765 3795 omnium

2117 3819 2401 3875 Dominus
2433 3818 2899 3873 misericordiam
2932 3818 3055 3873 vult
3082 3835 3198 3873 non
3230 3822 3582 3879 sacrificium
3610 3826 3674 3894 ⁸⁸,
3699 3843 3766 3883 ac

2118 3908 2428 3979 pinguium
2456 3922 2741 3979 agnorum
2776 3906 3069 3977 myriades
3099 3910 3531 3968 commiseratio
3587 3932 3763 3986 supe~

2118 4001 2208 4051 rat
2237 3996 2300 4063 ‘3,
2334 3994 2485 4050 hanc
2517 4011 2618 4066 per
2650 4010 2937 4066 pauperes
2986 3996 3269 4068 humique
3327 3999 3609 4057 hodierno
3669 4004 3763 4061 die

2115 4084 2452 4158 provolutos
2485 4084 2595 4156 ipsi
2628 4084 3021 4155 conferamur,
3056 4090 3120 4142 ut
3149 4104 3280 4142 cum
3314 4088 3452 4145 hinc
3499 4108 3761 4150 excesse-

2117 4175 2321 4240 rimus,
2347 4174 2406 4228 in
2438 4178 2653 4229 mterna
2682 4173 3065 4230 tabernacula
3095 4193 3200 4231 nos
3232 4178 3535 4251 recipiant,
3558 4182 3615 4236 in
3638 4184 3768 4255 ipse

2116 4263 2343 4318 Christo
2366 4262 2616 4317 Domino
2640 4266 2864 4329 nostro,
2891 4263 2983 4317 cui
3007 4263 3193 4336 gloria
3214 4266 3273 4321 in
3297 4269 3528 4325 saecula.
3560 4274 3767 4329 Amen.

2668 4372 3107 4449 ‘9_li1atth._x1x,
3140 4376 3229 4430 21.
3264 4448 3269 4449 γ
3307 4377 3351 4412 ⁵ο
3381 4379 3515 4435 Luc.
3549 4398 3650 4449 vn,
3680 4383 3773 4439 36.

353 4446 397 4480 ⁵¹
432 4444 600 4499 Joan.
633 4459 734 4498 xu.
769 4442 820 4495 3.
900 4443 945 4476 ιθ
974 4442 1143 4497 Joan.
1176 4451 1291 4513 er,
1324 4443 1392 4496 38
1425 4447 1481 4497 et
1511 4458 1634 4511 seq.
1712 4442 1756 4476 ⁵³
1790 4442 1995 4498 Matth.

2129 4447 2208 4500 ιι.
2286 4446 2331 4479 ⁶⁴
2362 4442 2567 4499 Matth.
2602 4460 2681 4510 1x,
2714 4444 2802 4498 13.
2880 4445 2924 4478 ⁸⁵
2954 4445 3098 4502 Dan.
3132 4464 3215 4515 ιιι,
3248 4448 3336 4505 40.

430 4551 543 4623 (35)
577 4548 697 4602 Ἐὰν
734 4544 955 4614 ἀνέλης,
980 4553 1089 4623 etc.
1115 4549 1447 4623 Gabrielius
1474 4566 1545 4623 :_«
1579 4548 1639 4623 Si
1666 4548 2012 4623 abstuleris

352 4620 787 4693 colligationem
820 4626 876 4675 et
906 4621 1401 4693 suffragationem.
1440 4642 1469 4670 »
1500 4620 1719 4675 Deinde
1738 4620 1799 4693 in
1828 4621 2008 4693 schol.

362 4695 447 4750 ait
469 4691 559 4775 :_«_
576 4694 633 4747 Si
666 4709 919 4775 usquam
952 4691 1116 4775 all-ibi,
1149 4692 1256 4775 hoc
1288 4691 1411 4746 loco
1472 4696 1629 4746 certe
1685 4691 2013 4775 admiratus

358 4783 490 4823 sum
522 4762 786 4836 Gregorii
820 4764 1117 4819 solertiam
1149 4768 1207 4818 et
1236 4779 1503 4836 acumen,
1540 4777 1655 4836 quo
1716 4762 2014 4833 Propheta:

357 4838 583 4894 dictum
614 4834 671 4890 in
706 4851 827 4892 rem
861 4837 930 4890 de
963 4852 1080 4906 qua
1101 4836 1329 4906 agebat,
1351 4834 1660 4905 aptissime
1682 4849 2013 4906 accommo-

357 4909 539 4976 davit,
572 4913 629 4961 et
660 4907 846 4980 multo
870 4904 1109 4980 quidem
1132 4904 1312 4962 latius
1334 4910 1508 4978 atque
1530 4904 1789 4980 apertips
1812 4906 1872 4960 in
1895 4906 2019 4980 lau-

358 4982 492 5037 dem
524 4975 729 5049 patris.
768 5000 795 5027 »
828 4975 903 5033 Et
931 4996 1071 5034 sane
1101 4996 1185 5034 or.
1207 4995 1380 5049 _xvur,
1416 4975 1491 5031 'n.
1546 4975 1636 5041 20,
1699 4975 2015 5049 Gregorius

361 5054 490 5123 ipse
522 5045 818 5124 σύνδεσμον
847 5055 909 5124 et
937 5047 1303 5124 χειροτονίαν,
1364 5048 1784 5124 interpretatur
1819 5045 2015 5124 'etiam

360 5118 729 5194 μικρολογίαν
752 5126 809 5176 et
843 5118 1186 5193 δοκιμασίαν,
1220 5122 1277 5176 id
1312 5124 1421 5184 est,
1462 5142 1483 5171 ι
1523 5119 1767 5174 nimiam
1827 5121 2014 5191 parci-

358 5199 631 5258 tatem,et
653 5194 973 5262 quamdam
993 5194 1519 5264 iniquisitionem,»
1545 5195 1607 5245 ut
1631 5195 2014 5264 quemadmo-

360 5269 504 5322 dum
536 5266 595 5318 in
629 5265 925 5335 sull‘ragiis
958 5262 1227 5330 ferendis,
1262 5265 1345 5318 ita
1372 5263 1431 5317 in
1485 5262 1816 5335 hospitibus
1878 5264 2019 5319 reci-

362 5334 1041 5408 piendisLnimio’studio
1064 5337 1406 5408 exquiratur
1427 5351 1501 5389 an
1524 5334 1658 5403 quis
1681 5334 1897 5407 dignus
1916 5336 2014 5408 sit,

363 5405 565 5462 necne.
601 5405 818 5462 Verum
853 5408 1039 5464 multo
1068 5405 1281 5464 melius
1310 5412 1424 5471 est,
1456 5422 1658 5461 eorum
1692 5405 1892 5473 causa,
1917 5406 2017 5477 qui

362 5479 521 5562 digni
559 5477 707 5562 sint,
734 5479 1163 5562 eleemosynam
1196 5479 1373 5562 etiam
1406 5477 1669 5562 indignis
1687 5483 2022 5562 erogare,_ut

364 5552 639 5624 observat
668 5548 1015 5616 Gabrielius,
1052 5569 1252 5624 quam,
1284 5551 1496 5607 timore
1525 5548 1815 5620 largiendi
1872 5550 2022 5607 indi-

364 5621 746 5696 gnisdignos
786 5621 1098 5696 praeterire.

440 5692 552 5769 (ἓξ)
582 5688 761 5769 Ᾰέγῳι
786 5688 952 5762 "Pan.
980 5692 1186 5769 Maw-

398 5761 551 5910 ἤ(37)
584 5761 892 5835 Γενήσιται.
927 5761 1075 5839 Alii;
1100 5767 1281 5838 Regg.
1315 5782 1369 5837 a,
1427 5764 1550 5835 bm,
1608 5761 1707 5835 ph.
1770 5762 1887 5835 Sic,
1934 5781 2023 5837 γε·

442 5853 614 5893 σεται.

365 5853 614 5895 νησεται.

2195 4552 2308 4633 (38.)
2341 4549 2437 4603 Καὶ
2471 4551 2790 4633 θαυμάσιον.
2826 4556 2995 4633 Deest
3035 4552 3125 4607 καί
3184 4558 3239 4611 in
3304 4557 3445 4631 Reg.
3506 4561 3605 4633 ph.
3666 4565 3777 4617 Pro

2123 4623 2441 4693 θαυμάσιον,
2475 4622 2654 4677 Oxon.
2666 4666 2679 4691 ,
2710 4623 2806 4674 θαυ
2817 4622 3037 4693 μαστόν.

2338 4694 2496 4785 (ἷξον.
2531 4694 2707 4748 Gabr.
2738 4694 2852 4781 o‘io:
2880 4695 3166 4785 [rectius].

2361 4762 2498 4842 Τοὺς
2556 4762 3359 4842 πτωχοὺςυκοινωνοό-ς,μοιϐ.
3431 4769 3572 4842 Reg.
3654 4772 3749 4828 bm

2125 4819 2329 4891 κοίνόν.
2364 4837 2510 4903 Jes.,
2543 4819 2802 4908 πτωίοὺς
2826 4830 2986 4909 ἔργον
3010 4819 3192 4891 κοινὸν
3218 4819 3565 4909 ἐποιήσαντᾶ
3594 4866 3613 4891 ι
3641 4819 3779 4909 ι)ευῖ

2126 4924 2293 5000 peres
2325 4924 2825 5000 commu’ne‘opus
2885 4912 3159 5000 facerent.
3196 4932 3224 4960 »
3281 4913 3340 4996 in
3397 4912 3775 5000 quibusdam,

2124 4976 2271 5070 ἵργιρ
2300 4976 2618 5039 κοινωνούς.
2652 4976 2857 5046 Nicet.,
2889 4984 2996 5033 τῶν
3032 4978 3089 5034 δὲ
3116 4986 3354 5055 πτωχῶν
3390 4976 3644 5059 φροντίδα
3661 4976 3778 5041 κοιλ

2124 5057 2221 5119 νὴν
2235 5057 2333 5123 ἒχο
2345 5070 2497 5122 μεν,‹‹
2520 5068 2845 5122 pauperum
2860 5057 3055 5107 autem
3072 5070 3271 5109 curam
3287 5057 3665 5115 communem
3680 5062 3779 5116 ha-

2126 5126 2378 5180 bemus»
2406 5123 2531 5178 Non
2554 5123 2989 5204 satisexprimit
3012 5126 3215 5204 Billius
3232 5128 3458 5204 dicens:
3494 5152 3521 5178 «
3549 5137 3613 5186 ut
3634 5150 3778 5203 pau-

2126 5198 2605 5271 peres‘coimmungi
2626 5198 2956 5271 animorum
2974 5198 3167 5271 studig
3189 5198 3733 5271 complecterentur.
3750 5227 3779 5254 »

2196 5266 2309 5338 (41)
2358 5261 2421 5317 Ε’ί
2449 5285 2499 5317 τι
2523 5262 2649 5338 οὖν.
2688 5271 2746 5319 ln
2784 5266 3073 5338 pluribus,
3107 5263 3162 5321 εἷ’
3182 5288 3233 5321 τι
3268 5261 3462 5325 δ”οῦν.

2198 5334 2574 5417 (42))ἰριστὸν
2610 5334 3044 5411 θεραπεῦσωμεν.
3082 5339 3212 5396 Haec
3243 5343 3456 5399 desunt
3512 5344 3571 5400 in
3632 5363 3782 5417 qua-

2126 5412 2262 5464 tuor
2302 5408 2518 5481 Regiis.

2200 5480 2315 5550 (43)
2345 5473 2574 5559 Χριστὸν
2637 5473 2941 5559 ἐνδύσιυμεν
2996 5484 3117 5551 [pro
3180 5479 3600 5559 ἐνδυσώμεθα.].
3663 5487 3786 5544 Bil-

2130 5552 2247 5607 lius
2275 5569 2286 5606 :
2326 5575 2352 5601 «
2382 5552 2678 5606 Christum
2712 5550 3052 5607 induamus.
3094 5574 3122 5602 »

2226 5624 2315 5701 1513)
2348 5621 2546 5701 hiovov.
2583 5623 2760 5701 R_e_gg.
2796 5638 2849 5688 a,
2883 5639 2933 5687 c,
2970 5628 3027 5679 et
3054 5623 3149 5701 ρι’.
3182 5628 3237 5694 2,
3275 5626 3448 5701 μόνῳ.

2227 5696 2317 5764 45)
2350 5693 2579 5767 ΙΙι-όνιυν.
2613 5693 2707 5749 Sic
2740 5710 2946 5767 omnes
2971 5698 3221 5754 codices.
3254 5693 3603 5767 Εάητόνων.

2208 5761 2321 5845 (49)
2355 5761 2783 5845 ﬁniit“???
2817 5765 2957 5845 P588-
2990 5761 3402 5845 δω,,,ᾳῦτῖρ,τῷ
3428 5773 3665 5845 X913“??-

2209 5833 2322 5911 (47)
2358 5840 2419 5891 Ἦ
2450 5833 2605 5907 δόξαζ
2628 5833 2866 5894 Addunt
2896 5833 3205 5899 nonnulli:
3237 5833 3327 5897 καὶ
3355 5833 3416 5900 τὸ
3455 5833 3670 5924 κράτος.
