4090 6406
303 389 426 458 913
1141 385 1439 450 ORATIO
1482 384 1612 447 XV.
1645 416 1724 428 —
1750 382 1828 442 IN
1877 380 1950 442 M.

2061 381 2511 444 HAB/EORUM
2555 381 2910 444 LAUDEM.
3611 385 3733 450 914

302 545 474 598 νοιαν,
507 525 582 586 ὡς
612 523 672 579 ἐκ
699 519 932 578 πολλῶν
962 517 1132 591 δῆλον
1173 523 1282 573 τῶν
1330 517 1436 592 πρὸ
1487 515 1689 570 ἐκείνου
1730 533 1950 586 τετιμη-

2075 531 2228 578 rum,
2262 515 2398 586 quia
2431 517 2564 570 ante
2604 515 2814 571 Christi
2845 517 3158 571 adventum
3209 533 3486 573 numeros
3515 535 3727 576 omnes

309 616 508 689 μενων.
2065 602 2300 657 virtutis
2336 604 2748 674 impleverunt,
2794 604 2850 658 id
2912 604 3061 660 citra
3087 604 3302 660 Christi
3365 607 3539 662 ﬁdem
3598 625 3728 664 esse

302 709 706 763 consecutum.
740 704 1088 774 Quanquam
1122 699 1278 753 enim
1308 697 1564 752 Verbum
1598 712 1704 750 suo
1738 697 1940 765 postea
1971 696 2234 762 tempore
2266 692 2443 748 libere
2479 694 2916 765 promulgatum
2948 699 3054 763 est,
3089 694 3253 765 puris
3282 698 3480 750 tamen
3513 697 3726 753 animis

299 796 479 853 etiam
513 799 647 850 ante
679 791 953 859 innotuit,
987 787 1486 862 quemadmodum
1521 803 1588 840 ex
1621 783 1841 852 multis,
1877 781 1977 853 qui
2026 787 2160 836 ante
2213 782 2407 852 ipsum
2444 783 2758 839 honoribus
2792 783 2980 838 affecti
3015 789 3173 850 sunt,
3209 783 3431 856 liquido
3473 786 3727 859 perspici

303 889 516 958 potest.

374 978 444 1028 B’.
478 969 708 1041 Οὔκουν,
770 965 854 1023 ὅτι
907 967 1014 1042 πρὸ
1065 969 1161 1020 τοῦ
1219 966 1477 1038 σταυροῦ,
1524 964 1766 1015 τοιοῦτοι
1811 979 1950 1034 περι-

2140 960 2209 1013 Il.
2247 959 2526 1025 Quocirca
2556 962 2868 1017 Machahaai
2916 979 3029 1017 non
3063 961 3280 1017 idcirco
3312 963 3730 1018 contemnendi

301 1059 507 1116 οπτέοι·
543 1057 667 1114 ἀλλ’
719 1055 800 1112 ὅτι
849 1057 985 1110 κατὰ
1030 1055 1120 1109 τὸν
1168 1052 1416 1127 σταυρὸν,
1469 1049 1764 1104 ἐπαινετέοι
1817 1049 1955 1120 (57),

297 1151 516 1218 καὶτῆς
549 1148 741 1204 ἐκτῶν
789 1144 969 1222 λόγων
1015 1150 1186 1215 τιμῆς
1232 1143 1390 1211 ἄξιοιο
1421 1139 1528 1214 οὐχ
1579 1136 1666 1192 ἵνα
1713 1139 1953 1222 προσθή-

299 1260 400 1308 κην
429 1240 462 1307 ἣ
495 1234 649 1307 δόξαν
687 1221 928 1290 λάϐοιεν·
965 1232 1104 1306 (τίνα
1129 1231 1234 1305 γὰρ
1282 1231 1397 1300 (58)
1428 1229 1501 1282 ὧν
1531 1229 1566 1296 ἡ
1597 1226 1787 1302 πρᾶξις
1837 1221 1951 1300 ἔχει

296 1330 360 1384 τὸ
402 1325 615 1397 ἔνδοξον
647 1331 706 1396 ;)
752 1321 879 1380 ἀλλ’
921 1320 1014 1376 φίναι
1065 1319 1389 1390 δοξασθῶσιν
1449 1318 1502 1371 οἳ
1559 1315 1951 1394 εὐφημοῦντες,

299 1417 390 1471 καὶ
422 1413 712 1485 ζηλώσωσι
761 1413 860 1481 τὴν
913 1411 1108 1486 ἆρειήν
1157 1409 1208 1462 οἱ
1260 1405 1566 1474 ἀκούοντες,
1598 1403 1777 1479 ὥσπερ
1832 1404 1952 1458 κὲν-

302 1524 416 1579 τρῳ
445 1506 513 1576 τῇ
551 1504 742 1576 μνήμῃ
771 1499 907 1576 πρὸς
939 1498 1004 1553 τὰ
1035 1495 1121 1551 ἴσα
1155 1491 1577 1567 διανιστάμενοι.
1609 1493 1773 1550 Οὗτοι
1811 1491 1952 1553 τίνες

304 1593 398 1666 μὲν
435 1587 609 1657 ὄντες,
639 1589 729 1644 καὶ
761 1587 901 1661 ὅθεν,
935 1587 1022 1642 καὶ
1055 1585 1106 1657 ἐξ
1157 1583 1274 1648 οἵας
1325 1583 1639 1657 ὁρμώμενοι
1687 1581 1747 1636 τὸ
1779 1580 1950 1655 ἀπαρ-

299 1687 409 1756 χῆς
472 1680 696 1753 ἀγωγῆς
747 1677 838 1731 καὶ
895 1671 1252 1738 παιδεύσεως,
1311 1671 1386 1732 εἷς
1439 1673 1696 1725 τοσοῦτον
1757 1671 1950 1742 ἀρετῆς

294 1789 354 1824 τε
384 1771 495 1842 (59)
527 1767 615 1822 καὶ
665 1764 826 1836 δόξης
870 1761 1332 1838 προεληλύθασιν,
1367 1759 1503 1814 ὥστε
1549 1757 1639 1813 καί
1676 1763 1795 1820 ταῖς
1827 1757 1950 1826 ἐτη-

297 1858 434 1920 σίοις
485 1856 704 1917 ταύταις
757 1859 1016 1927 τιμᾶσθαι
1066 1855 1315 1924 πομπαῖς
1360 1869 1419 1904 τε
1464 1848 1552 1902 καὶ
1594 1847 1949 1923 πανηγύρεσι,

296 1947 384 2003 καὶ
422 1947 641 2019 μείζονα
669 1947 776 1998 τῶν
829 1942 1119 2016 ὁρωμένων
1168 1941 1268 2008 τὴν
1319 1936 1442 2012 περὶ
1474 1936 1650 1991 αὐτῶν
1680 1933 1832 2006 δόξαν
1867 1934 1948 1989 ἐν-

298 2040 614 2098 αποκεῖσθαι
643 2038 762 2094 ταῖς
814 2031 1064 2085 ἁπάντων
1120 2032 1348 2103 ψυχαῖς,
1397 2029 1432 2096 ἡ
1483 2025 1607 2102 περὶ
1655 2024 1831 2079 αύτῶν
1869 2025 1953 2100 βί-

297 2119 433 2185 ϐλος
461 2124 571 2196 (60)
604 2118 845 2191 δηλώσει
891 2123 1012 2179 τοῖς
1061 2113 1393 2195 φιλομαθὲσι
1416 2113 1505 2169 καὶ
1538 2111 1882 2192 φιλοπόνοις,
1915 2116 1948 2182 ἡ

297 2212 548 2287 περίτοῦ
579 2209 951 2284 αὐτοκράτορα
1003 2205 1136 2260 εἶναι
1179 2208 1286 2260 τῶν
1336 2205 1518 2258 παθῶν
1558 2204 1650 2257 τὸν
1685 2200 1948 2277 λογισμὸν

299 2299 695 2378 φιλοσοφοῦσα,
727 2295 817 2350 καὶ
865 2293 1054 2370 κύριον
1104 2299 1204 2362 τῆς
1259 2291 1342 2346 ἐπ’
1389 2289 1555 2369 ἄμφω
1598 2290 1795 2366 ῥοπῆς,
1831 2291 1948 2362 ἀρε-

297 2392 398 2460 τήν
453 2388 512 2442 τὲ
569 2406 713 2464 φημι
759 2383 847 2438 καὶ
897 2383 1085 2438 κακίαν
1134 2383 1266 2454 (61).
1317 2379 1552 2442 ’Ἃλλοις
1601 2400 1658 2433 τε
1703 2381 1804 2455 γὰρ
1854 2380 1952 2434 οὐκ

303 2477 518 2551 ὀλίγοις
579 2475 851 2550 ἐχρήσατο
934 2469 1252 2547 μαρτυρίοις
1295 2514 1309 2540 ,
1363 2470 1453 2525 καὶ
1530 2466 1596 2538 δὴ
1672 2468 1761 2522 καὶ
1832 2473 1950 2530 τοῖς

299 2564 507 2620 τούτων
552 2561 884 2635 ἀθλήμασινο
940 2560 1064 2635 ἐμοὶ
1113 2557 1170 2614 δὲ
1217 2563 1473 2614 τοσοῦτον
1525 2558 1692 2612 εἰπεῖν
1743 2557 1951 2633 ἐξαρκέ-

295 2675 374 2708 σει
407 2656 542 2727 (62).

2064 1053 2224 1117 sunt,
2259 1049 2394 1119 quia
2424 1055 2556 1104 ante
2587 1068 2820 1106 crucem
2857 1051 3001 1106 tales
3080 1053 3466 1108 exstiterunt:
3525 1069 3727 1107 verum

2067 1141 2204 1208 quia
2235 1138 2303 1191 ad
2338 1139 2529 1192 crucis
2566 1157 2828 1194 normam
2863 1141 2988 1194 vitae
3023 1158 3139 1196 suae
3212 1142 3469 1197 rationes
3517 1157 3722 1214 exege-

2066 1227 2358 1291 runt,ideo
2393 1227 2765 1296 laudandi,ac
2797 1247 3133 1284 sermonum
3173 1230 3392 1286 honore
3423 1230 3724 1286 celebran-

2065 1314 2162 1368 di:
2223 1333 2336 1370 non
2407 1323 2467 1370 ut
2524 1317 2786 1388 ipsorum
2846 1319 3041 1389 glorim
3076 1319 3400 1390 quidquam
3439 1320 3720 1376 accedat:

2062 1403 2238 1475 (quid
2270 1406 2423 1459 enim
2459 1405 2531 1460 iis
2564 1407 2747 1461 oratio
2788 1407 2992 1462 afferre
3023 1408 3485 1480 possit,quorum
3535 1407 3723 1481 gloria

2060 1491 2207 1564 ipsis
2234 1494 2563 1548 actionibus
2605 1495 2896 1567 rebusque
2928 1497 3107 1568 gestis
3150 1496 3355 1552 nititur
3379 1498 3468 1565 ?);
3502 1498 3601 1552 sed
3655 1503 3720 1554 ut

2062 1582 2306 1654 gloriam
2339 1589 2796 1654 consequantur,
2829 1585 2924 1656 qui
2950 1603 3048 1641 eos
3076 1585 3338 1655 laudant,
3407 1604 3473 1642 ac
3534 1588 3717 1642 virtu-

2061 1676 2180 1726 tem
2214 1671 2582 1738 eemulentur,
2618 1674 2719 1745 qui
2759 1674 3029 1741 audiunt,
3088 1674 3379 1746 ejusmodi
3435 1674 3714 1731 nimirum

2063 1763 2816 1832 commemoratione,quasi
2847 1763 3107 1818 stimulis
3129 1763 3594 1834 quibusdam,ad
3625 1781 3717 1820 ea-

2065 1851 2332 1905 rumdem
2368 1868 2558 1905 rerum
2620 1852 2880 1906 studium
2915 1851 3168 1908 excitati.
3219 1852 3524 1908 Enimvero
3583 1851 3712 1924 qui-

2061 1955 2197 1993 nam
2226 1939 2283 1993 hi
2311 1940 2564 2008 fuerunt,
2599 1945 2655 1995 et
2684 1941 2840 1996 unde
2880 1945 3054 2012 atque
3103 1958 3172 1997 ex
3237 1941 3396 2013 quali
3454 1943 3709 2014 primum

2059 2027 2372 2100 disciplina
2402 2032 2457 2083 et
2486 2029 2854 2084 institutione
2882 2029 2940 2084 in
2973 2047 3102 2086 eam
3133 2030 3365 2086 virtutis
3396 2035 3453 2086 et
3509 2031 3705 2100 glorias

2061 2115 2525 2188 magnitudinem
2553 2118 2860 2188 evaserint,
2891 2124 2955 2172 ut
2985 2123 3132 2188 tum,
3153 2119 3367 2174 annuis
3398 2119 3488 2174 his
3523 2121 3708 2188 festis,

2060 2209 2117 2258 et
2146 2205 2507 2260 solemnibus
2541 2207 2771 2277 pompis
2803 2205 3322 2273 celebrentur,tum
3359 2209 3545 2262 multo
3582 2224 3706 2262 ma-

2051 2294 2170 2366 jor,
2201 2311 2373 2364 quam
2398 2311 2523 2364 quae
2557 2295 2742 2349 oculis
2802 2296 3082 2360 cernitur,
3142 2312 3345 2352 eorum
3404 2297 3589 2369 gloria
3649 2297 3706 2351 in

2059 2385 2322 2438 omnium
2355 2385 2569 2438 animis
2600 2385 2833 2440 condita
2863 2386 2958 2454 sit,
2988 2386 3271 2440 studiosis
3315 2404 3381 2441 ac
3412 2386 3708 2459 diligenti-

2058 2473 2168 2526 bus
2202 2471 2340 2527 viris
2373 2473 2676 2544 perspicue
2707 2473 2854 2529 liber
2883 2473 2980 2529 ille
3031 2473 3372 2545 declarabit,
3406 2475 3505 2546 qui
3538 2473 3713 2530 ratio-

2061 2578 2192 2616 nem
2252 2561 2792 2633 perturbationibus
2851 2563 3034 2617 animi
3085 2563 3374 2635 imperare
3432 2565 3618 2630 docet,
3654 2563 3712 2618 in

2060 2652 2306 2723 ejusque
2337 2652 2578 2706 arbitrio
2611 2668 2760 2717 esse,
2796 2657 2858 2706 ut
2889 2651 2949 2705 in
2995 2652 3274 2707 utramvis
3322 2657 3570 2722 partem,
3605 2652 3712 2707 hoc

293 2750 404 2813 est,
435 2743 527 2800 vel
557 2744 628 2799 ad
663 2743 959 2812 virtutem,
991 2739 1079 2795 vel
1113 2740 1184 2795 ad
1217 2739 1424 2794 vitium
1456 2739 1947 2810 propendeamus.
1983 2740 2126 2795 Nam
2163 2740 2344 2795 libelli
2386 2739 2546 2794 illius
2579 2745 2801 2807 auctor,
2835 2745 2959 2795 tum
2996 2740 3274 2812 pleraque
3304 2741 3419 2797 alia
3449 2743 3714 2798 testimo-

294 2833 516 2899 monia,
547 2838 674 2887 tum
706 2831 918 2887 horum
968 2845 1205 2901 quoque
1256 2826 1662 2883 dimicationes
1695 2829 1765 2883 ad
1812 2828 1990 2899 hujus
2035 2830 2367 2901 argumenti
2417 2830 2920 2884 conﬁrmationem
2969 2830 3185 2887 attulit.
3221 2829 3362 2885 Mihi
3411 2847 3542 2886 vero
3591 2830 3714 2886 haec

291 2925 522 2976 tantum
555 2921 746 2976 dicere
777 2919 1050 2975 sufﬁciet.

365 3015 435 3065 l".
472 3007 731 3083 Ἐλεάζαρ
782 3005 1028 3078 ἰνταῦθα,
1073 3008 1182 3059 τῶν
1225 3005 1330 3080 πρὸ
1389 3007 1624 3081 Χριστοῦ
1665 3004 1945 3068 παθόντων
1980 3011 2021 3075 ρ

295 3099 330 3166 ἡ
389 3097 612 3172 ἀπαρχὴ
675 3096 810 3167 (63),
871 3089 1052 3168 ὥσπερ
1108 3097 1216 3147 τῶν
1269 3095 1403 3168 μετά
1458 3093 1685 3170 Χριστὸν
1739 3095 1948 3172 Στέφα-

297 3205 388 3246 νος
419 3189 554 3256 (64),
587 3184 724 3261 ἀνὴρ
759 3182 932 3257 ἱερεὺς
966 3181 1054 3236 καὶ
1104 3177 1433 3258 πρεσϐύτης,
1473 3182 1670 3244 πολιὸς
1700 3184 1798 3252 τὴν
1831 3184 1946 3256 τρί-

298 3293 397 3348 χα,
433 3271 631 3335 πολιὸς
658 3273 757 3342 τὴν
809 3271 1088 3350 φρόνησιν’
1140 3269 1404 3348 πρότερον
1457 3272 1550 3346 μὲν
1589 3272 1678 3326 καὶ
1711 3270 1948 3348 προθυό-

299 3383 458 3435 μενος
489 3366 588 3418 τοῦ
629 3361 788 3430 λαοῦ,
831 3361 922 3416 καὶ
966 3360 1437 3436 προσευχόμενος,
1484 3365 1576 3416 νῦν
1625 3359 1682 3416 δὲ
1725 3361 1814 3416 καὶ
1863 3384 1947 3417 τε·

293 3449 573 3508 λιώτατον
625 3454 770 3524 θῦμα
821 3454 929 3523 (65)
977 3451 1270 3526 προσάγων
1323 3450 1508 3504 ἑαυτὸν
1540 3451 1620 3520 τῷ
1653 3457 1788 3523 Θεῷ,
1822 3473 1950 3506 παν-

289 3541 384 3602 τὸς
412 3544 510 3595 τοῦ
543 3538 679 3593 λαοῦ
728 3540 1045 3614 καθάρσιον,
1089 3537 1384 3612 προοίμιον
1435 3537 1713 3608 ἀθλήσεως
1753 3537 1946 3609 δεξιὸν,

292 3629 383 3682 καὶ
461 3625 806 3704 φθεγγομένη
884 3625 975 3680 καὶ
1055 3629 1316 3679 σιωπῶσα
1589 3627 1898 3700 παραίνεσις
1932 3647 1943 3657 ·

290 3717 580 3792 προσάγων
633 3712 691 3768 δὲ
737 3713 828 3768 καὶ
876 3712 1004 3774 τοὺς
1045 3713 1180 3767 ἒπτὰ
1208 3710 1402 3776 παῖδας
1437 3717 1570 3788 (67),
1603 3717 1668 3769 τὰ
1698 3718 1794 3783 τῆς
1825 3716 1947 3770 ἒαυ-

287 3810 385 3858 τοῦ
445 3808 556 3878 (68)
634 3799 883 3866 παιδείας
955 3800 1370 3874 ἀποτελέσματα
1409 3847 1424 3871 ,
1482 3803 1662 3857 θυσίαν
1725 3809 1894 3872 ζῶσαν
1931 3852 1945 3876 ,

289 3894 445 3969 ἁγίαν
478 3893 758 3970 εὐάρεστον
809 3896 887 3964 τῷ
935 3896 1075 3964 Θεῷ,
1125 3890 1305 3960 πάσης
1352 3899 1586 3965 νομικῆς
1637 3894 1946 3970 ἱερουργίας

286 3981 676 4058 λαμπροτέραν
725 4002 784 4036 τε
835 3980 925 4036 καὶ
974 3979 1376 4056 καθαρωτέραν.
1407 3987 1480 4036 Τὰ
1528 3982 1631 4058 γὰρ
1680 3987 1785 4037 τῶν
1831 3984 1949 4038 παί-

284 4069 392 4126 δων
423 4073 562 4146 (69),
591 4075 670 4143 τῷ
699 4071 864 4146 πατρὶ
917 4068 1249 4146 λογίζεσθαι,
1305 4075 1413 4124 τῶν
1466 4069 1858 4145 ἐννομωτάτων
1889 4095 1949 4129 τε

279 4161 370 4215 καὶ
414 4159 810 4216 δικαιωτάτων.
858 4156 1055 4221 Παῖδες
1105 4158 1216 4214 ἐκεῖ
1264 4161 1374 4234 (70)
1423 4166 1658 4238 γενναῖοι
1711 4162 1799 4217 καὶ
1855 4185 1948 4237 με·

355 4289 399 4324 5“
433 4289 485 4346 ΙΙ
519 4287 707 4344 Mach.
741 4303 822 4355 v1,
856 4288 942 4342 18.
1019 4287 1062 4322 ⁵⁷
1091 4291 1220 4343 Act.
1251 4304 1351 4358 vn,
1381 4287 1475 4344 58.
1550 4289 1593 4324 ⁵⁸
1627 4289 1795 4346 Rom.
1826 4308 1931 4361 xu,
1965 4293 2014 4346 1.

354 4431 469 4503 (57)
504 4426 880 4505 ἘἮᾳιν-ετέξοι.
914 4431 1006 4484 Sic
1037 4431 1217 4503 Regg.
1252 4432 1946 4505 quinque,novem.Colb.
1979 4440 2022 4504 D

284 4504 344 4556 et
361 4497 474 4556 'Or'.
511 4504 547 4554 2
581 4501 750 4567 Editi,
784 4497 1075 4567 ἐπαινετοι.

353 4572 474 4643 (58)
503 4570 582 4648 ίΗ-
631 4564 1058 4648 δόξανλλάϐοιεν·
1110 4569 1234 4648 τίν-α
1263 4571 1387 4648 γάρί
1408 4573 1709 4648 “Quinque
1735 4581 1938 4648 Regg.,

353 4590 474 4643 (56)
516 4590 571 4656 .11
631 4590 785 4638 οοζαν
820 4590 1058 4624 Λαοοιεν·
1113 4590 1234 4623 τινα
1263 4590 1387 4644 γαρ.
1439 4590 1589 4638 Qum
1638 4591 1709 4630 ue
1735 4590 1812 4633 ne
1857 4594 1938 4648 3.,

288 4642 403 4699 duo
431 4644 632 4713 (10181.,
666 4643 760 4713 Or.
791 4643 847 4713 2,
879 4648 937 4698 et
966 4642 1247 4710 Combef.,
1289 4641 1324 4711 ἢ
1359 4640 1486 4712 δόξα
1540 4590 1722 4700 λάίέοι·
1781 4592 1942 4702 tam

288 4733 414 4789 γαρ-
448 4711 715 4789 Par-{1k
743 4711 866 4789 γᾷρο

382 4788 475 4860 59)
506 4784 597 4860 Τε.
632 4784 951 4860 Sic_plures
980 4799 1140 4860 m_s_s._
1159 4784 1331 4839 Deest
1357 4785 1435 4860 in
1448 4786 1588 4842 edit.

382 4789 453 4841 59
506 4789 597 4843 Τε.
632 4789 723 4842 Sic
755 4789 951 4860 plures
980 4799 1125 4839 mss.
1160 4789 1331 4839 Deest
1361 4789 1421 4839 in
1448 4789 1588 4842 edit.

361 4789 475 4932 (60)
505 4858 600 4932 Ἠ-)
626 4857 750 4932 περὶ
786 4855 967 4932 Δαύτῷν
1028 4849 1243 4932 βίϐλος.
1267 4877 1300 4932 ξς
1349 4857 1529 4932 Liber
1562 4859 1647 4932 de
1696 4860 1788 4916 his
1821 4865 1939 4916 tra-

288 4926 474 5004 ctans.
501 4953 531 4981 »
562 4926 879 5004 Gregorius
905 4928 1000 4983 hic
1029 4926 1312 5004 intelligit
1338 4929 1577 5000 Josephi
1603 4930 1817 4988 librum
1844 4933 1942 4988 Πε-

290 4997 343 5068 ρὶ
395 4997 797 5076 αὖτοκράτόρος
864 4997 1155 5076 λογισμοῦ.
1205 4997 1714 5076 _De_impé7jatrice
1764 5007 1938 5060 ratio-

287 5087 356 5147 ne
379 5089 400 5132 .‘
433 5070 589 5144 quod
619 5070 764 5147 ratio
796 5070 1170 5147 passionibus
1199 5070 1493 5147 impleret,
1526 5073 1584 5147 in
1621 5092 1736 5147 quo
1791 5075 1942 5131 libro
1989 5117 1992 5120 -

289 5142 469 5200 totam
507 5142 974 5202 Machabworum
1005 5142 1314 5199 historiam
1347 5142 1604 5215 expenit.
1636 5142 1655 5147 “
1894 5175 1900 5183 -

361 5215 981 5294 (61)_’Apstwﬁ...xa4t_av.
1017 5217 1138 5272 Duo
1174 5215 1334 5286 Reg.,
1368 5215 1544 5272 Coisl.
1606 5218 1657 5285 1,
1718 5218 1814 5285 Or,
1885 5220 1941 5294 2,

289 5281 741 5360 ΡαξιζἾῈρετῆςί..
774 5287 986 5349 κακίας.

330 5354 823 5460 ἐὲῗῗέΓΕξαρκὲσιι.
876 5361 998 5416 Ι)υο
1048 5359 1251 5430 Regg.,
1299 5357 1454 5429 Par.,
1508 5360 1792 5428 Combef.,
1848 5361 1942 5435 ἀρ-

292 5439 454 5479 κεσει.

506 5502 783 5585 ’ᾼπὲρχή
836 5503 1009 5585 Coisl.
1155 5496 1411 5575 κορωνίς,
1475 5524 1508 5584 «_
1556 5501 1876 5585 fastigium.
1906 5529 1936 5585 _n

295 5561 575 5646 Obseryat
598 5561 807 5646 Bll'i‘u's,
840 5596 867 5622 «
903 5561 1298 5646 primitiarum
1324 5561 1590 5646 nomine
1638 5561 1941 5646 appellari,

295 5638 496 5727 n‘onvid
529 5643 719 5727 solum
743 5638 1261 5727 quod'ordineLsed
1283 5645 1539 5727 idetiam
1571 5638 1942 5727 quodpretio

295 5711 351 5763 et
380 5710 670 5784 dignitate
700 5710 956 5791 primum
997 5721 1106 5774 est.
1139 5710 1422 5773 Primitiae
1475 5710 1673 5790 itaque
1728 5710 1943 5778 dicitur

2135 3009 2226 3063 ΙΙΙ.
2265 3009 2364 3063 Hic
2395 3008 2704 3063 Eleazarus
2761 3009 2825 3075 ⁵⁵,

2060 3099 2356 3154 Christum
2391 3101 2546 3169 passi
2581 3103 2738 3165 sunt,
2769 3099 3270 3168 quemadmodum
3308 3098 3642 3170 Stephanus
3665 3098 3709 3132 ⁵⁷

2059 3206 2282 3254 eorum,
2315 3188 2416 3259 qui
2477 3193 2606 3258 post
2663 3187 2985 3255 Christum,
3029 3188 3111 3242 vir
3147 3189 3420 3243 sacerdos
3454 3193 3511 3242 et
3571 3192 3709 3242 natu

2057 3279 2321 3348 grandis,
2355 3282 2478 3330 tuzn
2512 3276 2738 3348 capillis
2770 3282 2893 3330 tum
2958 3276 3267 3347 prudentia
3296 3292 3520 3342 canus;
3547 3277 3711 3346 prius

2061 3369 2296 3438 quidem
2332 3383 2431 3438 pro
2466 3366 2677 3438 pupulo
2729 3365 3018 3421 sacriﬁcia
3048 3369 3103 3419 et
3159 3381 3356 3436 preces
3402 3366 3709 3436 adhibens,

2061 3475 2214 3511 nunc
2234 3460 2430 3510 autem
2457 3455 2716 3525 seipsum
2745 3471 2975 3526 quoque
3003 3456 3112 3508 Deo
3138 3454 3713 3524 oﬂ'erens,perfectis-

2057 3545 2270 3598 simam
2305 3543 2456 3598 288
2489 3543 2763 3604 hostiam,
2825 3559 2890 3596 ac
2949 3541 3130 3597 totius
3179 3541 3379 3613 populi
3438 3543 3708 3612 expiatri-

2059 3650 2206 3700 cem,
2241 3634 2494 3685 faustum
2529 3630 2869 3684 certaminis
2902 3630 3530 3701 prazludiumJoquens
3557 3631 3707 3702 pari-

2059 3726 2147 3775 tcr
2169 3736 2234 3775 ac
2264 3724 2463 3773 tacens
2498 3719 2849 3772 cohortatio:
2890 3724 3234 3789 septemque
3260 3719 3502 3790 insuper
3556 3719 3708 3776 filios

2057 3811 2324 3873 oli'erens,
2361 3807 2748 3861 institutionis
2787 3824 2903 3860 suae
2929 3807 3202 3876 fructum,
3240 3807 3488 3862 hostiam
3514 3810 3706 3863 viven-

2058 3903 2195 3966 tem,
2221 3902 2626 3959 sanctam,l)eo
2662 3895 3006 3966 placentem,
3033 3895 3261 3961 53,0mni
3287 3897 3457 3968 legati
3485 3898 3706 3953 sacrifi-

2059 3988 2147 4042 cio
2171 3986 2473 4041 clariorem
2505 3991 2561 4038 et
2595 3983 2907 4054 puriorem,
2946 3984 3221 4039 Filiorum
3273 3985 3428 4040 enim
3462 3987 3706 4041 virtutes

2061 4075 2403 4148 parentibus
2436 4072 2744 4139 ascribere,
2779 4073 3181 4142 aequissimum
3217 4091 3280 4128 ac
3306 4074 3706 4145 justissimum

2061 4171 2171 4220 est.
2208 4165 2288 4219 lbi
2323 4164 2498 4217 fortes
2522 4167 2577 4217 et
2600 4163 2962 4234 magnanimi
2997 4162 3344 4230 ﬁlii,nobilis
3378 4164 3583 4218 matris
3611 4181 3707 4219 no-

2881 3009 3149 3079 primitiaa
3179 3025 3408 3076 eorum,
3443 3009 3540 3081 qui
3576 3012 3713 3063 ante

2054 4433 2385 4497 Eleazarus,
2449 4451 2560 4488 non
2621 4437 2685 4487 ut
2744 4433 2946 4488 ordine
2998 4433 3380 4505 primus,cum
3408 4438 3540 4489 ante
3572 4451 3706 4490 eum

2053 4507 2226 4561 multi
2255 4506 2545 4576 propheta:
2600 4522 2663 4559 ac
2707 4505 2855 4573 justi
2900 4505 3027 4577 ‘viri
3080 4523 3182 4577 pro
3217 4507 3427 4576 pietate
3457 4513 3702 4564 mortem

2051 4574 2488 4639 subierunt,sed
2523 4579 2586 4629 ut
2617 4574 3157 4643 praestantissimus.
3185 4598 3213 4625 ι)

2125 4649 2234 4721 (ﬁt)
2269 4648 2571 4721 Στέφανος.Δ
2595 4646 2768 4721 Coisl.
2869 4647 3186 4716 praemittit,
3219 4647 3465 4721 ᾀπαρχή.

2121 4716 2232 4784 (65)
2267 4716 2443 4787 Θῦμά.
2477 4716 2652 4790 Uoisl.
2692 4719 2739 4790 1,
2774 4717 2930 4786 αἷμα,
2967 4740 2995 4767 ‹‹
3029 4716 3406 4790 sanguinem:
3441 4741 3468 4766 »

2121 4790 2236 4861 (66)
2267 4786 2623 4863 φθεγγομένη
2657 4787 2744 4840 καὶ
2775 4791 3053 4863 σιωπῶσα.
3091 4786 3368 4863 Ιηῖβηῑείῐ
3410 4806 3530 4863 eos,
3573 4793 3696 4863 qui.

2050 4877 2166 4936 non
2197 4861 2320 4936 solu
2335 4861 2681 4936 moratione
2713 4866 2768 4936 et
2801 4861 3200 4936 doctrina,sed
3233 4864 3410 4936 etiam
3443 4861 3698 4936 integer-

2051 4932 2210 4986 rimae
2246 4935 2370 4987 vita:
2400 4931 2682 5004 exemplo,
2719 4932 2984 4987 homines
3022 4933 3092 4988 ad
3145 4933 3378 4988 virtutis
3433 4931 3700 4991 studium

2049 5004 2321 5060 excitant.

2143 5077 2234 5141 67')
2270 5071 2496 5134 Παῖδας.
2533 5075 2796 5148 «εἘὶὶίοε,
2834 5099 2860 5125 ››
2887 5092 3117 5148 nempe,
3151 5098 3178 5127 ‹‹
3213 5075 3576 5148 spiritueles.
3599 5100 3628 5130 ››

2145 5094 2234 5141 οι)
2270 5094 2496 5134 Hamae.
2533 5098 2560 5125 ‹‹
2596 5094 2796 5140 riuos,
2834 5099 2860 5125 ››
2887 5094 3016 5131 nem
3067 5094 3117 5145 e,
3151 5098 3178 5127 ‹‹
3213 5094 3512 5148 spirituete

2145 5149 2235 5218 68)
2266 5149 2515 5203 Ἑαυτοῦ.
2552 5147 2691 5218 Reg.
2729 5148 2846 5218 bin,
2882 5094 3108 5216 Coma,
3139 5149 3292 5214 Sav.,
3325 5145 3512 5204 αὐτοῦ.

2126 5214 2233 5290 (69)
2267 5219 2344 5274 T5!-
2375 5219 2508 5298 7'55?~
2536 5214 2666 5298 ῖῶν-
2700 5214 2931 5298 mi?“in
2990 5214 3102 5298 ego"
3157 5219 3329 5298 {bis}
3385 5222 3434 5298 μ
3465 5220 3563 5298 Τὰ-
3597 5221 3700 5298 γὰρ

2050 5286 2157 5343 τῶν
2180 5286 2459 5364 μαθητῶν
2484 5286 2660 5357 δήπου
2689 5294 2767 5360 τῷ
2798 5286 3109 5361 διδασκάλῳ
3160 5286 3490 5364 λογίζεσθαι.
3545 5286 3706 5351 Νῖσά-

2053 5363 2234 5439 tasmin
2266 5364 2628 5439 expositione
2660 5369 2974 5439 utrumque
3000 5363 3252 5439 junxit_:'
3300 5363 3383 5418 Τὰ
3428 5365 3568 5439 ,γὰρ’
3591 5371 3698 5421 τῶν

2052 5429 2260 5509 παίδων
2292 5429 2379 5488 καὶ
2413 5436 2668 5509 μαθητῶν
2709 5429 3108 5509 κατορθώματα
3153 5432 3233 5506 τῷ
3281 5429 3574 5506 Raptim-ai
3622 5443 3702 5509 τῷ

2054 5501 2365 5577 διδασκάλῳ
2398 5501 2733 5558 ἀνατίθεσθαι
2765 5501 3002 5577 δὲιζαιον.
3031 5530 3050 5554 ι
3107 5501 3382 5562 ΕἱΙὶὀΓυιιξι
3435 5509 3592 5564 enim
3645 5501 3701 5566 et

2053 5576 2480 5654 discipulorum
2512 5578 2751 5654 virtutes
2785 5576 3124 5650 parentibus
3170 5585 3228 5635 et
3285 5580 3582 5654 magistris
3635 5598 3696 5636 a-

2051 5651 2305 5707 scribere
2335 5650 2737 5721 zequissimum
2774 5655 2879 5706 est.
2921 5673 2940 5699 η

2121 5724 2236 5795 (70)
2265 5720 2426 5778 Ἐκεῖ.
2463 5722 2614 5791 Palu,
2648 5720 2865 5791 ἐκεῖνοι,
2893 5744 2920 5773 ‹‹
2953 5720 3037 5777 illi
3067 5722 3193 5779 ﬁlii.
3229 5745 3258 5773 »
