  <div class='ocr_page' id='page_1' title='image "/cluster/home/n/w/nwhite01/storage/ocr_20150623/35:no.1/coo.31924054869320/464.png"; bbox 0 0 4090 6430; ppageno 0'>
   <div class='ocr_carea' id='block_1_1' title="bbox 325 349 447 412">
    <p class='ocr_par' dir='ltr' id='par_1_1' title="bbox 325 349 447 412">
     <span class='ocr_line' id='line_1_1' title="bbox 325 349 447 412; baseline -0.016 0"><span class='ocrx_word' id='word_1_1' title='bbox 325 349 447 412; x_wconf 79' lang='lat'>917</span> 
     </span>
    </p>
   </div>
   <div class='ocr_carea' id='block_1_2' title="bbox 1159 333 2933 402">
    <p class='ocr_par' dir='ltr' id='par_1_2' title="bbox 1159 333 2933 402">
     <span class='ocr_line' id='line_1_2' title="bbox 1159 333 2933 402; baseline -0.003 -1"><span class='ocrx_word' id='word_1_2' title='bbox 1159 338 1458 402; x_wconf 80' lang='lat' dir='ltr'>ORATIO</span> <span class='ocrx_word' id='word_1_3' title='bbox 1501 339 1631 400; x_wconf 75' lang='grc' dir='ltr'>Χν.</span> <span class='ocrx_word' id='word_1_4' title='bbox 1669 337 1852 397; x_wconf 84' lang='grc' dir='ltr'>-ΙΝ</span> <span class='ocrx_word' id='word_1_5' title='bbox 1903 335 2531 396; x_wconf 66' lang='lat' dir='ltr'>MAGHABEORUM</span> <span class='ocrx_word' id='word_1_6' title='bbox 2584 333 2933 395; x_wconf 85' lang='lat' dir='ltr'>LAUDEM.</span> 
     </span>
    </p>
   </div>
   <div class='ocr_carea' id='block_1_3' title="bbox 3636 332 3756 398">
    <p class='ocr_par' dir='ltr' id='par_1_3' title="bbox 3636 332 3756 398">
     <span class='ocr_line' id='line_1_3' title="bbox 3636 332 3756 398; baseline 0.017 -2"><span class='ocrx_word' id='word_1_7' title='bbox 3636 332 3756 398; x_wconf 77' lang='lat'>918</span> 
     </span>
    </p>
   </div>
   <div class='ocr_carea' id='block_1_4' title="bbox 321 465 1993 555">
    <p class='ocr_par' dir='ltr' id='par_1_4' title="bbox 321 465 1984 555">
     <span class='ocr_line' id='line_1_4' title="bbox 321 465 1984 555; baseline -0.01 -20"><span class='ocrx_word' id='word_1_8' title='bbox 321 482 386 538; x_wconf 81' lang='grc' dir='ltr'>τὸ</span> <span class='ocrx_word' id='word_1_9' title='bbox 424 484 600 555; x_wconf 84' lang='grc' dir='ltr'>γῆρας</span> <span class='ocrx_word' id='word_1_10' title='bbox 654 475 768 540; x_wconf 72' lang='grc' dir='ltr'>ἀνθ’</span> <span class='ocrx_word' id='word_1_11' title='bbox 827 475 940 550; x_wconf 88' lang='grc'>(88)</span> <span class='ocrx_word' id='word_1_12' title='bbox 970 470 1251 544; x_wconf 68' lang='grc' dir='ltr'>ἱκετηρίας</span> <span class='ocrx_word' id='word_1_13' title='bbox 1288 465 1698 546; x_wconf 78' lang='grc' dir='ltr'>προύϐάλλετο·</span> <span class='ocrx_word' id='word_1_14' title='bbox 1760 467 1822 521; x_wconf 84' lang='grc' dir='ltr'>οὐ</span> <span class='ocrx_word' id='word_1_15' title='bbox 1883 488 1984 520; x_wconf 90' lang='grc' dir='ltr'>σω-</span> 
     </span>
    </p>
   </div>
   <div class='ocr_carea' id='block_1_5' title="bbox 2111 465 3750 555">
    <p class='ocr_par' dir='ltr' id='par_1_5' title="bbox 2111 467 3750 538">
     <span class='ocr_line' id='line_1_5' title="bbox 2111 467 3750 538; baseline 0.001 -16"><span class='ocrx_word' id='word_1_16' title='bbox 2111 484 2214 538; x_wconf 62' lang='lat' dir='ltr'>quo</span> <span class='ocrx_word' id='word_1_17' title='bbox 2274 484 2414 522; x_wconf 86' lang='lat' dir='ltr'>sane</span> <span class='ocrx_word' id='word_1_18' title='bbox 2467 470 2707 537; x_wconf 78' lang='lat' dir='ltr'>matres,</span> <span class='ocrx_word' id='word_1_19' title='bbox 2771 472 2896 522; x_wconf 90' lang='lat' dir='ltr'>tum</span> <span class='ocrx_word' id='word_1_20' title='bbox 2954 468 3308 538; x_wconf 79' lang='lat' dir='ltr'>sacerdotes,</span> <span class='ocrx_word' id='word_1_21' title='bbox 3368 467 3621 524; x_wconf 84' lang='lat' dir='ltr'>victimis</span> <span class='ocrx_word' id='word_1_22' title='bbox 3678 471 3750 524; x_wconf 87' lang='lat' dir='ltr'>ad</span> 
     </span>
    </p>
   </div>
   <div class='ocr_carea' id='block_1_6' title="bbox 325 555 1984 646">
    <p class='ocr_par' dir='ltr' id='par_1_6' title="bbox 325 555 1984 646">
     <span class='ocr_line' id='line_1_6' title="bbox 325 555 1984 646; baseline -0.01 -21"><span class='ocrx_word' id='word_1_23' title='bbox 325 569 517 646; x_wconf 87' lang='grc' dir='ltr'>τηρίαν</span> <span class='ocrx_word' id='word_1_24' title='bbox 576 569 831 636; x_wconf 77' lang='grc' dir='ltr'>ζητοῦσα,</span> <span class='ocrx_word' id='word_1_25' title='bbox 881 565 943 617; x_wconf 84' lang='grc' dir='ltr'>τὸ</span> <span class='ocrx_word' id='word_1_26' title='bbox 1003 559 1059 616; x_wconf 72' lang='grc' dir='ltr'>δὲ</span> <span class='ocrx_word' id='word_1_27' title='bbox 1097 564 1286 624; x_wconf 83' lang='grc' dir='ltr'>παθεῖν</span> <span class='ocrx_word' id='word_1_28' title='bbox 1321 558 1630 634; x_wconf 82' lang='grc' dir='ltr'>ἐπείγουσα,</span> <span class='ocrx_word' id='word_1_29' title='bbox 1683 557 1772 612; x_wconf 86' lang='grc' dir='ltr'>καὶ</span> <span class='ocrx_word' id='word_1_30' title='bbox 1803 555 1984 610; x_wconf 84' lang='grc' dir='ltr'>κίνδυ-</span> 
     </span>
    </p>
   </div>
   <div class='ocr_carea' id='block_1_7' title="bbox 327 644 1985 732">
    <p class='ocr_par' dir='ltr' id='par_1_7' title="bbox 327 644 1985 732">
     <span class='ocr_line' id='line_1_7' title="bbox 327 644 1985 732; baseline -0.016 -18"><span class='ocrx_word' id='word_1_31' title='bbox 327 644 422 714; x_wconf 87' lang='grc' dir='ltr'>νον</span> <span class='ocrx_word' id='word_1_32' title='bbox 451 654 736 732; x_wconf 71' lang='grc' dir='ltr'>ἡγουμένη</span> <span class='ocrx_word' id='word_1_33' title='bbox 766 655 866 722; x_wconf 82' lang='grc' dir='ltr'>τήν</span> <span class='ocrx_word' id='word_1_34' title='bbox 909 645 1208 718; x_wconf 72' lang='grc' dir='ltr'>ἀναϐολὴν,</span> <span class='ocrx_word' id='word_1_35' title='bbox 1262 648 1322 702; x_wconf 81' lang='grc' dir='ltr'>οὐ</span> <span class='ocrx_word' id='word_1_36' title='bbox 1367 649 1456 702; x_wconf 89' lang='grc' dir='ltr'>τὸν</span> <span class='ocrx_word' id='word_1_37' title='bbox 1506 649 1755 718; x_wconf 62' lang='grc' dir='ltr'>θάνατον9</span> <span class='ocrx_word' id='word_1_38' title='bbox 1810 647 1843 713; x_wconf 84' lang='grc' dir='ltr'>ἣ</span> <span class='ocrx_word' id='word_1_39' title='bbox 1892 644 1985 698; x_wconf 70' lang='grc' dir='ltr'>οὐ-</span> 
     </span>
    </p>
   </div>
   <div class='ocr_carea' id='block_1_8' title="bbox 331 731 1982 816">
    <p class='ocr_par' dir='ltr' id='par_1_8' title="bbox 331 731 1982 816">
     <span class='ocr_line' id='line_1_8' title="bbox 331 731 1982 816; baseline -0.011 -14"><span class='ocrx_word' id='word_1_40' title='bbox 331 745 417 802; x_wconf 74' lang='grc' dir='ltr'>δὶν</span> <span class='ocrx_word' id='word_1_41' title='bbox 464 731 721 816; x_wconf 74' lang='grc' dir='ltr'>ἔκαμψεν,</span> <span class='ocrx_word' id='word_1_42' title='bbox 774 736 898 794; x_wconf 71' lang='grc' dir='ltr'>οδδὶ</span> <span class='ocrx_word' id='word_1_43' title='bbox 945 735 1270 810; x_wconf 75' lang='grc' dir='ltr'>ἒμαλάκισεν</span> <span class='ocrx_word' id='word_1_44' title='bbox 1319 737 1452 807; x_wconf 83' lang='grc'>(89),</span> <span class='ocrx_word' id='word_1_45' title='bbox 1504 732 1629 788; x_wconf 68' lang='grc' dir='ltr'>οὐδὲ</span> <span class='ocrx_word' id='word_1_46' title='bbox 1678 731 1982 804; x_wconf 85' lang='grc' dir='ltr'>ἀτολμοτέ-</span> 
     </span>
    </p>
   </div>
   <div class='ocr_carea' id='block_1_9' title="bbox 335 821 1983 914">
    <p class='ocr_par' dir='ltr' id='par_1_9' title="bbox 335 821 1983 914">
     <span class='ocr_line' id='line_1_9' title="bbox 335 821 1983 914; baseline -0.012 -22"><span class='ocrx_word' id='word_1_47' title='bbox 335 857 428 914; x_wconf 91' lang='grc' dir='ltr'>ραν</span> <span class='ocrx_word' id='word_1_48' title='bbox 458 836 570 909; x_wconf 90' lang='grc'>(90)</span> <span class='ocrx_word' id='word_1_49' title='bbox 601 830 873 900; x_wconf 65' lang='grc' dir='ltr'>ἐποίησεν⁹</span> <span class='ocrx_word' id='word_1_50' title='bbox 917 827 1016 881; x_wconf 78' lang='grc' dir='ltr'>οὐκ</span> <span class='ocrx_word' id='word_1_51' title='bbox 1045 821 1398 914; x_wconf 72' lang='grc' dir='ltr'>ἀρθρὲμϐολα</span> <span class='ocrx_word' id='word_1_52' title='bbox 1428 825 1538 897; x_wconf 89' lang='grc'>(91)</span> <span class='ocrx_word' id='word_1_53' title='bbox 1570 821 1983 914; x_wconf 74' lang='grc' dir='ltr'>προτεινόμενα,</span> 
     </span>
    </p>
   </div>
   <div class='ocr_carea' id='block_1_10' title="bbox 333 909 1988 996">
    <p class='ocr_par' dir='ltr' id='par_1_10' title="bbox 333 909 1988 996">
     <span class='ocr_line' id='line_1_10' title="bbox 333 909 1988 996; baseline -0.011 -16"><span class='ocrx_word' id='word_1_54' title='bbox 333 909 396 980; x_wconf 79' lang='grc' dir='ltr'>οὐ</span> <span class='ocrx_word' id='word_1_55' title='bbox 449 921 644 996; x_wconf 80' lang='grc' dir='ltr'>τροχοὶ</span> <span class='ocrx_word' id='word_1_56' title='bbox 698 915 1174 994; x_wconf 88' lang='grc' dir='ltr'>προοαλλόμενοι,</span> <span class='ocrx_word' id='word_1_57' title='bbox 1207 913 1268 966; x_wconf 79' lang='grc' dir='ltr'>οὐ</span> <span class='ocrx_word' id='word_1_58' title='bbox 1297 917 1694 989; x_wconf 77' lang='grc' dir='ltr'>τροχαντῆρες,</span> <span class='ocrx_word' id='word_1_59' title='bbox 1739 909 1800 962; x_wconf 79' lang='grc' dir='ltr'>οὐ</span> <span class='ocrx_word' id='word_1_60' title='bbox 1831 929 1988 962; x_wconf 85' lang='grc' dir='ltr'>κατα-</span> 
     </span>
    </p>
   </div>
   <div class='ocr_carea' id='block_1_11' title="bbox 328 996 1989 1079">
    <p class='ocr_par' dir='ltr' id='par_1_11' title="bbox 328 996 1989 1079">
     <span class='ocr_line' id='line_1_11' title="bbox 328 996 1989 1079; baseline -0.017 -11"><span class='ocrx_word' id='word_1_61' title='bbox 328 1011 548 1079; x_wconf 79' lang='grc' dir='ltr'>πὲλται,</span> <span class='ocrx_word' id='word_1_62' title='bbox 579 1008 680 1064; x_wconf 82' lang='grc' dir='ltr'>οὐκ</span> <span class='ocrx_word' id='word_1_63' title='bbox 708 1004 877 1078; x_wconf 71' lang='grc' dir='ltr'>ἀκμαί</span> <span class='ocrx_word' id='word_1_64' title='bbox 913 1001 1149 1079; x_wconf 78' lang='grc' dir='ltr'>σιδηρῶν</span> <span class='ocrx_word' id='word_1_65' title='bbox 1185 1000 1426 1076; x_wconf 72' lang='grc' dir='ltr'>ὀνύχων,</span> <span class='ocrx_word' id='word_1_66' title='bbox 1469 999 1531 1054; x_wconf 82' lang='grc' dir='ltr'>οὐ</span> <span class='ocrx_word' id='word_1_67' title='bbox 1578 999 1702 1075; x_wconf 79' lang='grc' dir='ltr'>ξίφη</span> <span class='ocrx_word' id='word_1_68' title='bbox 1756 996 1989 1072; x_wconf 78' lang='grc' dir='ltr'>θηγόμε-</span> 
     </span>
    </p>
   </div>
   <div class='ocr_carea' id='block_1_12' title="bbox 326 1084 1986 1173">
    <p class='ocr_par' dir='ltr' id='par_1_12' title="bbox 326 1084 1986 1173">
     <span class='ocr_line' id='line_1_12' title="bbox 326 1084 1986 1173; baseline -0.011 -17"><span class='ocrx_word' id='word_1_69' title='bbox 326 1123 412 1173; x_wconf 78' lang='grc' dir='ltr'>να,</span> <span class='ocrx_word' id='word_1_70' title='bbox 446 1099 507 1154; x_wconf 79' lang='grc' dir='ltr'>οὐ</span> <span class='ocrx_word' id='word_1_71' title='bbox 558 1092 786 1166; x_wconf 72' lang='grc' dir='ltr'>λέϐητες</span> <span class='ocrx_word' id='word_1_72' title='bbox 835 1094 1043 1163; x_wconf 69' lang='grc' dir='ltr'>ζέοντες</span> <span class='ocrx_word' id='word_1_73' title='bbox 1093 1093 1229 1163; x_wconf 78' lang='grc'>(92),</span> <span class='ocrx_word' id='word_1_74' title='bbox 1282 1091 1344 1145; x_wconf 76' lang='grc' dir='ltr'>οὗ</span> <span class='ocrx_word' id='word_1_75' title='bbox 1388 1093 1495 1165; x_wconf 79' lang='grc' dir='ltr'>πῦρ</span> <span class='ocrx_word' id='word_1_76' title='bbox 1529 1086 1892 1164; x_wconf 76' lang='grc' dir='ltr'>ἐγειρόμενον,</span> <span class='ocrx_word' id='word_1_77' title='bbox 1925 1084 1986 1139; x_wconf 77' lang='grc' dir='ltr'>οὐ</span> 
     </span>
    </p>
   </div>
   <div class='ocr_carea' id='block_1_13' title="bbox 324 1174 1988 1266">
    <p class='ocr_par' dir='ltr' id='par_1_13' title="bbox 324 1174 1988 1266">
     <span class='ocr_line' id='line_1_13' title="bbox 324 1174 1988 1266; baseline -0.011 -20"><span class='ocrx_word' id='word_1_78' title='bbox 324 1190 579 1266; x_wconf 72' lang='grc' dir='ltr'>τύραννος</span> <span class='ocrx_word' id='word_1_79' title='bbox 631 1183 896 1251; x_wconf 79' lang='grc' dir='ltr'>ἀπειλῶν,</span> <span class='ocrx_word' id='word_1_80' title='bbox 939 1180 1000 1235; x_wconf 77' lang='grc' dir='ltr'>οὐ</span> <span class='ocrx_word' id='word_1_81' title='bbox 1051 1178 1250 1252; x_wconf 82' lang='grc' dir='ltr'>δῆμος,</span> <span class='ocrx_word' id='word_1_82' title='bbox 1302 1178 1364 1232; x_wconf 82' lang='grc' dir='ltr'>οὐ</span> <span class='ocrx_word' id='word_1_83' title='bbox 1408 1175 1713 1255; x_wconf 76' lang='grc' dir='ltr'>δορυφόρος</span> <span class='ocrx_word' id='word_1_84' title='bbox 1747 1174 1988 1229; x_wconf 86' lang='grc' dir='ltr'>κατεπεί-</span> 
     </span>
    </p>
   </div>
   <div class='ocr_carea' id='block_1_14' title="bbox 325 1263 1984 1356">
    <p class='ocr_par' dir='ltr' id='par_1_14' title="bbox 325 1263 1984 1356">
     <span class='ocr_line' id='line_1_14' title="bbox 325 1263 1984 1356; baseline -0.011 -21"><span class='ocrx_word' id='word_1_85' title='bbox 325 1263 437 1356; x_wconf 83' lang='grc' dir='ltr'>γων</span> <span class='ocrx_word' id='word_1_86' title='bbox 474 1280 610 1350; x_wconf 84' lang='grc'>(93),</span> <span class='ocrx_word' id='word_1_87' title='bbox 645 1274 706 1328; x_wconf 82' lang='grc' dir='ltr'>οὐ</span> <span class='ocrx_word' id='word_1_88' title='bbox 737 1271 889 1348; x_wconf 69' lang='grc' dir='ltr'>γένος</span> <span class='ocrx_word' id='word_1_89' title='bbox 943 1266 1360 1356; x_wconf 66' lang='grc' dir='ltr'>ὁρώμενον,Δού</span> <span class='ocrx_word' id='word_1_90' title='bbox 1418 1263 1559 1356; x_wconf 72' lang='grc' dir='ltr'>μέλη</span> <span class='ocrx_word' id='word_1_91' title='bbox 1613 1263 1984 1356; x_wconf 71' lang='grc' dir='ltr'>διασπῴμενα,</span> 
     </span>
    </p>
   </div>
   <div class='ocr_carea' id='block_1_15' title="bbox 328 1352 1984 1439">
    <p class='ocr_par' dir='ltr' id='par_1_15' title="bbox 328 1352 1984 1439">
     <span class='ocr_line' id='line_1_15' title="bbox 328 1352 1984 1439; baseline -0.01 -17"><span class='ocrx_word' id='word_1_92' title='bbox 328 1352 390 1422; x_wconf 78' lang='grc' dir='ltr'>οὐ</span> <span class='ocrx_word' id='word_1_93' title='bbox 424 1367 613 1439; x_wconf 84' lang='grc' dir='ltr'>σάρκες</span> <span class='ocrx_word' id='word_1_94' title='bbox 673 1359 1005 1432; x_wconf 84' lang='grc' dir='ltr'>ξαινόμεναι,</span> <span class='ocrx_word' id='word_1_95' title='bbox 1063 1354 1170 1430; x_wconf 72' lang='grc' dir='ltr'>οὔχ</span> <span class='ocrx_word' id='word_1_96' title='bbox 1229 1352 1460 1428; x_wconf 76' lang='grc' dir='ltr'>α’ίματος</span> <span class='ocrx_word' id='word_1_97' title='bbox 1503 1353 1690 1428; x_wconf 80' lang='grc' dir='ltr'>ὀχετοὶ</span> <span class='ocrx_word' id='word_1_98' title='bbox 1752 1352 1984 1428; x_wconf 70' lang='grc' dir='ltr'>ῥέοντες,</span> 
     </span>
    </p>
   </div>
   <div class='ocr_carea' id='block_1_16' title="bbox 329 1439 1988 1520">
    <p class='ocr_par' dir='ltr' id='par_1_16' title="bbox 329 1439 1988 1520">
     <span class='ocr_line' id='line_1_16' title="bbox 329 1439 1988 1520; baseline -0.01 -10"><span class='ocrx_word' id='word_1_99' title='bbox 329 1453 392 1510; x_wconf 77' lang='grc' dir='ltr'>οὗ</span> <span class='ocrx_word' id='word_1_100' title='bbox 442 1452 632 1517; x_wconf 79' lang='grc' dir='ltr'>νεότης</span> <span class='ocrx_word' id='word_1_101' title='bbox 685 1446 1071 1520; x_wconf 69' lang='grc' dir='ltr'>δαπανωμένη,</span> <span class='ocrx_word' id='word_1_102' title='bbox 1135 1443 1197 1498; x_wconf 83' lang='grc' dir='ltr'>οὐ</span> <span class='ocrx_word' id='word_1_103' title='bbox 1227 1446 1293 1497; x_wconf 80' lang='grc' dir='ltr'>τὰ</span> <span class='ocrx_word' id='word_1_104' title='bbox 1333 1442 1573 1518; x_wconf 88' lang='grc' dir='ltr'>παρόντα</span> <span class='ocrx_word' id='word_1_105' title='bbox 1622 1439 1783 1511; x_wconf 76' lang='grc' dir='ltr'>δεινὰ,</span> <span class='ocrx_word' id='word_1_106' title='bbox 1829 1440 1891 1495; x_wconf 81' lang='grc' dir='ltr'>οὗ</span> <span class='ocrx_word' id='word_1_107' title='bbox 1922 1443 1988 1495; x_wconf 77' lang='grc' dir='ltr'>τά</span> 
     </span>
    </p>
   </div>
   <div class='ocr_carea' id='block_1_17' title="bbox 328 1528 1989 1618">
    <p class='ocr_par' dir='ltr' id='par_1_17' title="bbox 328 1528 1989 1618">
     <span class='ocr_line' id='line_1_17' title="bbox 328 1528 1989 1618; baseline -0.014 -20"><span class='ocrx_word' id='word_1_108' title='bbox 328 1538 791 1618; x_wconf 72' lang='grc' dir='ltr'>ποροσδοκώμενα</span> <span class='ocrx_word' id='word_1_109' title='bbox 821 1533 1040 1610; x_wconf 84' lang='grc' dir='ltr'>χαλεπά</span> <span class='ocrx_word' id='word_1_110' title='bbox 1070 1535 1180 1606; x_wconf 84' lang='grc'>(94)</span> <span class='ocrx_word' id='word_1_111' title='bbox 1208 1552 1219 1564; x_wconf 73' lang='grc' dir='ltr'>ο</span> <span class='ocrx_word' id='word_1_112' title='bbox 1253 1531 1342 1586; x_wconf 85' lang='grc' dir='ltr'>καὶ</span> <span class='ocrx_word' id='word_1_113' title='bbox 1373 1532 1402 1586; x_wconf 75' lang='grc' dir='ltr'>’ὀ</span> <span class='ocrx_word' id='word_1_114' title='bbox 1447 1535 1566 1592; x_wconf 84' lang='grc' dir='ltr'>τοῖς</span> <span class='ocrx_word' id='word_1_115' title='bbox 1597 1528 1792 1618; x_wconf 76' lang='grc' dir='ltr'>ἄλλοις</span> <span class='ocrx_word' id='word_1_116' title='bbox 1830 1528 1989 1605; x_wconf 70' lang='grc' dir='ltr'>βαρύ-</span> 
     </span>
    </p>
   </div>
   <div class='ocr_carea' id='block_1_18' title="bbox 327 1616 1988 1699">
    <p class='ocr_par' dir='ltr' id='par_1_18' title="bbox 327 1616 1988 1699">
     <span class='ocr_line' id='line_1_18' title="bbox 327 1616 1988 1699; baseline -0.01 -12"><span class='ocrx_word' id='word_1_117' title='bbox 327 1616 485 1687; x_wconf 85' lang='grc' dir='ltr'>τατόν</span> <span class='ocrx_word' id='word_1_118' title='bbox 519 1628 656 1683; x_wconf 83' lang='grc' dir='ltr'>ἐστιν</span> <span class='ocrx_word' id='word_1_119' title='bbox 687 1628 798 1699; x_wconf 85' lang='grc'>(95)</span> <span class='ocrx_word' id='word_1_120' title='bbox 833 1622 882 1678; x_wconf 81' lang='grc' dir='ltr'>ἐν</span> <span class='ocrx_word' id='word_1_121' title='bbox 915 1627 1034 1684; x_wconf 86' lang='grc' dir='ltr'>τοῖς</span> <span class='ocrx_word' id='word_1_122' title='bbox 1064 1620 1338 1682; x_wconf 80' lang='grc' dir='ltr'>τοιούτοις</span> <span class='ocrx_word' id='word_1_123' title='bbox 1369 1622 1404 1689; x_wconf 74' lang='grc' dir='ltr'><strong>ἡ</strong></span> <span class='ocrx_word' id='word_1_124' title='bbox 1427 1624 1524 1674; x_wconf 75' lang='grc' dir='ltr'>τοῦ</span> <span class='ocrx_word' id='word_1_125' title='bbox 1554 1616 1805 1673; x_wconf 71' lang='grc' dir='ltr'>κινδύνου</span> <span class='ocrx_word' id='word_1_126' title='bbox 1826 1619 1988 1694; x_wconf 78' lang='grc' dir='ltr'>παρὲ-</span> 
     </span>
    </p>
   </div>
   <div class='ocr_carea' id='block_1_19' title="bbox 326 1707 1984 1788">
    <p class='ocr_par' dir='ltr' id='par_1_19' title="bbox 326 1707 1984 1788">
     <span class='ocr_line' id='line_1_19' title="bbox 326 1707 1984 1788; baseline -0.011 -13"><span class='ocrx_word' id='word_1_127' title='bbox 326 1739 536 1788; x_wconf 88' lang='grc' dir='ltr'>κτασις,</span> <span class='ocrx_word' id='word_1_128' title='bbox 567 1719 729 1770; x_wconf 71' lang='grc' dir='ltr'>τοῦτο</span> <span class='ocrx_word' id='word_1_129' title='bbox 763 1711 938 1785; x_wconf 76' lang='grc' dir='ltr'>ἐκείνῃ</span> <span class='ocrx_word' id='word_1_130' title='bbox 983 1711 1046 1764; x_wconf 87' lang='grc' dir='ltr'>τὸ</span> <span class='ocrx_word' id='word_1_131' title='bbox 1101 1709 1432 1787; x_wconf 76' lang='grc' dir='ltr'>κουφότατον</span> <span class='ocrx_word' id='word_1_132' title='bbox 1465 1711 1555 1777; x_wconf 74' lang='grc' dir='ltr'>ἦν·</span> <span class='ocrx_word' id='word_1_133' title='bbox 1593 1707 1855 1786; x_wconf 69' lang='grc' dir='ltr'>ἐνετρῦφα</span> <span class='ocrx_word' id='word_1_134' title='bbox 1884 1707 1984 1782; x_wconf 72' lang='grc' dir='ltr'>γὰρ</span> 
     </span>
    </p>
   </div>
   <div class='ocr_carea' id='block_1_20' title="bbox 324 1791 2064 1903">
    <p class='ocr_par' dir='ltr' id='par_1_20' title="bbox 324 1791 2064 1903">
     <span class='ocr_line' id='line_1_20' title="bbox 324 1791 2064 1903; baseline -0.007 -40"><span class='ocrx_word' id='word_1_135' title='bbox 324 1812 406 1880; x_wconf 82' lang='grc' dir='ltr'>τῷ</span> <span class='ocrx_word' id='word_1_136' title='bbox 435 1807 662 1879; x_wconf 76' lang='grc' dir='ltr'>θεάματι</span> <span class='ocrx_word' id='word_1_137' title='bbox 688 1821 699 1834; x_wconf 86' lang='grc'><strong>·</strong></span> <span class='ocrx_word' id='word_1_138' title='bbox 735 1801 824 1856; x_wconf 88' lang='grc' dir='ltr'>καὶ</span> <span class='ocrx_word' id='word_1_139' title='bbox 856 1800 960 1876; x_wconf 88' lang='grc' dir='ltr'>γάρ</span> <span class='ocrx_word' id='word_1_140' title='bbox 992 1820 1109 1861; x_wconf 88' lang='grc' dir='ltr'>πως</span> <span class='ocrx_word' id='word_1_141' title='bbox 1141 1799 1231 1852; x_wconf 86' lang='grc' dir='ltr'>καὶ</span> <span class='ocrx_word' id='word_1_142' title='bbox 1256 1791 1448 1874; x_wconf 73' lang='grc' dir='ltr'>τριϐὴν</span> <span class='ocrx_word' id='word_1_143' title='bbox 1484 1796 1709 1852; x_wconf 76' lang='grc' dir='ltr'>ἐνεποίει</span> <span class='ocrx_word' id='word_1_144' title='bbox 1740 1802 1860 1857; x_wconf 86' lang='grc' dir='ltr'>τοῖς</span> <span class='ocrx_word' id='word_1_145' title='bbox 1889 1797 1986 1850; x_wconf 82' lang='grc' dir='ltr'>πά·</span> <span class='ocrx_word' id='word_1_146' title='bbox 2020 1841 2064 1903; x_wconf 84' lang='grc' dir='ltr'><strong>Β</strong></span> 
     </span>
     <span class='ocr_line' id='line_1_21' title="bbox 569 1883 1949 1903; baseline 0 0"><span class='ocrx_word' id='word_1_147' title='bbox 569 1893 581 1903; x_wconf 72' lang='grc' dir='ltr'><strong>ι</strong></span> <span class='ocrx_word' id='word_1_148' title='bbox 657 1893 670 1903; x_wconf 70' lang='grc' dir='ltr'>ι</span> <span class='ocrx_word' id='word_1_149' title='bbox 851 1887 887 1903; x_wconf 49' lang='grc' dir='ltr'>ΙΝ</span> <span class='ocrx_word' id='word_1_150' title='bbox 1031 1892 1057 1902; x_wconf 75' lang='grc' dir='ltr'>-ι</span> <span class='ocrx_word' id='word_1_151' title='bbox 1443 1883 1454 1903; x_wconf 78' lang='grc'><strong><em>1</em></strong></span> <span class='ocrx_word' id='word_1_152' title='bbox 1604 1887 1631 1903; x_wconf 75' lang='grc' dir='ltr'><strong>Λ</strong></span> <span class='ocrx_word' id='word_1_153' title='bbox 1721 1887 1731 1903; x_wconf 91' lang='grc'><em>1</em></span> <span class='ocrx_word' id='word_1_154' title='bbox 1938 1884 1949 1903; x_wconf 75' lang='grc' dir='ltr'><strong><em>Ι</em></strong></span> 
     </span>
    </p>
   </div>
   <div class='ocr_carea' id='block_1_21' title="bbox 327 1883 1985 1964">
    <p class='ocr_par' dir='ltr' id='par_1_21' title="bbox 327 1883 1985 1964">
     <span class='ocr_line' id='line_1_22' title="bbox 327 1883 1985 1964; baseline -0.008 -12"><span class='ocrx_word' id='word_1_155' title='bbox 327 1909 494 1964; x_wconf 83' lang='grc' dir='ltr'>θεσιν,</span> <span class='ocrx_word' id='word_1_156' title='bbox 528 1893 590 1949; x_wconf 74' lang='grc' dir='ltr'>οὗ</span> <span class='ocrx_word' id='word_1_157' title='bbox 617 1893 681 1948; x_wconf 87' lang='grc' dir='ltr'>τὸ</span> <span class='ocrx_word' id='word_1_158' title='bbox 710 1887 964 1945; x_wconf 80' lang='grc' dir='ltr'>ποικίλον</span> <span class='ocrx_word' id='word_1_159' title='bbox 991 1892 1099 1941; x_wconf 82' lang='grc' dir='ltr'>τῶν</span> <span class='ocrx_word' id='word_1_160' title='bbox 1140 1883 1564 1963; x_wconf 67' lang='grc' dir='ltr'>προσαγομένων</span> <span class='ocrx_word' id='word_1_161' title='bbox 1603 1887 1844 1960; x_wconf 84' lang='grc' dir='ltr'>βασάνων</span> <span class='ocrx_word' id='word_1_162' title='bbox 1883 1884 1985 1958; x_wconf 88' lang='grc' dir='ltr'>μό-</span> 
     </span>
    </p>
   </div>
   <div class='ocr_carea' id='block_1_22' title="bbox 324 1971 1987 2052">
    <p class='ocr_par' dir='ltr' id='par_1_22' title="bbox 324 1971 1987 2052">
     <span class='ocr_line' id='line_1_23' title="bbox 324 1971 1987 2052; baseline -0.008 -13"><span class='ocrx_word' id='word_1_163' title='bbox 324 2005 439 2052; x_wconf 89' lang='grc' dir='ltr'>νον,</span> <span class='ocrx_word' id='word_1_164' title='bbox 475 1984 547 2037; x_wconf 83' lang='grc' dir='ltr'>ὧν</span> <span class='ocrx_word' id='word_1_165' title='bbox 577 1983 782 2049; x_wconf 82' lang='grc' dir='ltr'>πασῶν,</span> <span class='ocrx_word' id='word_1_166' title='bbox 816 1977 890 2038; x_wconf 86' lang='grc' dir='ltr'>ὡς</span> <span class='ocrx_word' id='word_1_167' title='bbox 926 1975 1052 2031; x_wconf 74' lang='grc' dir='ltr'>οὐδὲ</span> <span class='ocrx_word' id='word_1_168' title='bbox 1079 1976 1154 2037; x_wconf 83' lang='grc' dir='ltr'>εἷς</span> <span class='ocrx_word' id='word_1_169' title='bbox 1217 1980 1368 2048; x_wconf 78' lang='grc' dir='ltr'>μιᾶς,</span> <span class='ocrx_word' id='word_1_170' title='bbox 1407 1973 1789 2049; x_wconf 74' lang='grc' dir='ltr'>κατεφρόνουν·</span> <span class='ocrx_word' id='word_1_171' title='bbox 1841 1971 1987 2027; x_wconf 76' lang='grc' dir='ltr'>ἀλλὰ</span> 
     </span>
    </p>
   </div>
   <div class='ocr_carea' id='block_1_23' title="bbox 335 2058 1987 2139">
    <p class='ocr_par' dir='ltr' id='par_1_23' title="bbox 335 2058 1987 2139">
     <span class='ocr_line' id='line_1_24' title="bbox 335 2058 1987 2139; baseline -0.008 -11"><span class='ocrx_word' id='word_1_172' title='bbox 335 2073 426 2128; x_wconf 78' lang='grc' dir='ltr'>καὶ</span> <span class='ocrx_word' id='word_1_173' title='bbox 457 2072 510 2127; x_wconf 74' lang='grc' dir='ltr'>οἱ</span> <span class='ocrx_word' id='word_1_174' title='bbox 536 2074 632 2124; x_wconf 79' lang='grc' dir='ltr'>τοῦ</span> <span class='ocrx_word' id='word_1_175' title='bbox 665 2067 898 2122; x_wconf 84' lang='grc' dir='ltr'>διώκτου</span> <span class='ocrx_word' id='word_1_176' title='bbox 933 2064 1094 2139; x_wconf 90' lang='grc' dir='ltr'>λόγοι</span> <span class='ocrx_word' id='word_1_177' title='bbox 1125 2061 1442 2125; x_wconf 84' lang='grc' dir='ltr'>πολυειδεῖς</span> <span class='ocrx_word' id='word_1_178' title='bbox 1475 2058 1987 2139; x_wconf 76' lang='grc' dir='ltr'>ὅντις,ὁϐρίζοντος,</span> 
     </span>
    </p>
   </div>
   <div class='ocr_carea' id='block_1_24' title="bbox 335 2151 1990 2230">
    <p class='ocr_par' dir='ltr' id='par_1_24' title="bbox 335 2151 1990 2230">
     <span class='ocr_line' id='line_1_25' title="bbox 335 2151 1990 2230; baseline -0.007 -14"><span class='ocrx_word' id='word_1_179' title='bbox 335 2158 715 2227; x_wconf 74' lang='grc' dir='ltr'>ἀπειλοῦντος,</span> <span class='ocrx_word' id='word_1_180' title='bbox 748 2154 1110 2215; x_wconf 72' lang='grc' dir='ltr'>θωπεύοντος⁹</span> <span class='ocrx_word' id='word_1_181' title='bbox 1141 2152 1196 2208; x_wconf 89' lang='grc' dir='ltr'>τί</span> <span class='ocrx_word' id='word_1_182' title='bbox 1225 2153 1328 2229; x_wconf 76' lang='grc' dir='ltr'>γὰρ</span> <span class='ocrx_word' id='word_1_183' title='bbox 1362 2153 1423 2207; x_wconf 78' lang='grc' dir='ltr'>οὐ</span> <span class='ocrx_word' id='word_1_184' title='bbox 1454 2157 1734 2216; x_wconf 80' lang='grc' dir='ltr'>κινοῦντος</span> <span class='ocrx_word' id='word_1_185' title='bbox 1766 2153 1900 2230; x_wconf 87' lang='grc' dir='ltr'>πρὸς</span> <span class='ocrx_word' id='word_1_186' title='bbox 1928 2151 1990 2209; x_wconf 85' lang='grc' dir='ltr'>τὸ</span> 
     </span>
    </p>
   </div>
   <div class='ocr_carea' id='block_1_25' title="bbox 327 2243 892 2326">
    <p class='ocr_par' dir='ltr' id='par_1_25' title="bbox 327 2243 892 2326">
     <span class='ocr_line' id='line_1_26' title="bbox 327 2243 892 2326; baseline -0.014 -20"><span class='ocrx_word' id='word_1_187' title='bbox 327 2255 516 2326; x_wconf 84' lang='grc' dir='ltr'>τυχεῖν</span> <span class='ocrx_word' id='word_1_188' title='bbox 551 2249 624 2302; x_wconf 85' lang='grc' dir='ltr'>ὧν</span> <span class='ocrx_word' id='word_1_189' title='bbox 651 2243 856 2316; x_wconf 74' lang='grc' dir='ltr'>ἤλπιζε</span> <span class='ocrx_word' id='word_1_190' title='bbox 878 2263 892 2313; x_wconf 91' lang='grc'><strong>;</strong></span> 
     </span>
    </p>
   </div>
   <div class='ocr_carea' id='block_1_26' title="bbox 2098 555 3750 628">
    <p class='ocr_par' dir='ltr' id='par_1_26' title="bbox 2098 555 3750 628">
     <span class='ocr_line' id='line_1_27' title="bbox 2098 555 3750 628; baseline 0.002 -19"><span class='ocrx_word' id='word_1_191' title='bbox 2098 572 2297 611; x_wconf 87' lang='lat' dir='ltr'>necem</span> <span class='ocrx_word' id='word_1_192' title='bbox 2333 555 2646 624; x_wconf 80' lang='lat' dir='ltr'>alacribus,</span> <span class='ocrx_word' id='word_1_193' title='bbox 2679 555 3037 611; x_wconf 80' lang='lat' dir='ltr'>holocaustis</span> <span class='ocrx_word' id='word_1_194' title='bbox 3072 557 3295 612; x_wconf 87' lang='lat' dir='ltr'>ratione</span> <span class='ocrx_word' id='word_1_195' title='bbox 3315 557 3612 628; x_wconf 72' lang='lat' dir='ltr'>(praeditis,</span> <span class='ocrx_word' id='word_1_196' title='bbox 3647 558 3750 613; x_wconf 90' lang='lat' dir='ltr'>ho-</span> 
     </span>
    </p>
   </div>
   <div class='ocr_carea' id='block_1_27' title="bbox 2097 645 3754 718">
    <p class='ocr_par' dir='ltr' id='par_1_27' title="bbox 2097 645 3754 718">
     <span class='ocr_line' id='line_1_28' title="bbox 2097 645 3754 718; baseline 0.002 -19"><span class='ocrx_word' id='word_1_197' title='bbox 2097 645 2227 699; x_wconf 89' lang='lat' dir='ltr'>stiis</span> <span class='ocrx_word' id='word_1_198' title='bbox 2259 646 2330 699; x_wconf 89' lang='lat' dir='ltr'>ad</span> <span class='ocrx_word' id='word_1_199' title='bbox 2362 645 2658 700; x_wconf 80' lang='lat' dir='ltr'>lanienam</span> <span class='ocrx_word' id='word_1_200' title='bbox 2704 646 3175 716; x_wconf 82' lang='lat' dir='ltr'>properantibus,</span> <span class='ocrx_word' id='word_1_201' title='bbox 3208 646 3523 718; x_wconf 85' lang='lat' dir='ltr'>superavit.</span> <span class='ocrx_word' id='word_1_202' title='bbox 3565 648 3754 717; x_wconf 80' lang='lat' dir='ltr'><strong>Atque</strong></span> 
     </span>
    </p>
   </div>
   <div class='ocr_carea' id='block_1_28' title="bbox 2096 733 3751 806">
    <p class='ocr_par' dir='ltr' id='par_1_28' title="bbox 2096 733 3751 806">
     <span class='ocr_line' id='line_1_29' title="bbox 2096 733 3751 806; baseline 0.003 -20"><span class='ocrx_word' id='word_1_203' title='bbox 2096 735 2276 788; x_wconf 83' lang='lat' dir='ltr'>ubera</span> <span class='ocrx_word' id='word_1_204' title='bbox 2315 734 2554 802; x_wconf 87' lang='lat' dir='ltr'>quidem</span> <span class='ocrx_word' id='word_1_205' title='bbox 2587 733 2704 789; x_wconf 87' lang='lat' dir='ltr'><strong>illis</strong></span> <span class='ocrx_word' id='word_1_206' title='bbox 2753 735 3107 801; x_wconf 81' lang='lat' dir='ltr'>ostentabat,</span> <span class='ocrx_word' id='word_1_207' title='bbox 3141 739 3197 789; x_wconf 90' lang='lat' dir='ltr'>et</span> <span class='ocrx_word' id='word_1_208' title='bbox 3229 734 3510 806; x_wconf 85' lang='lat' dir='ltr'>puerilem</span> <span class='ocrx_word' id='word_1_209' title='bbox 3541 736 3751 791; x_wconf 83' lang='lat' dir='ltr'>educa-</span> 
     </span>
    </p>
   </div>
   <div class='ocr_carea' id='block_1_29' title="bbox 2093 821 3751 893">
    <p class='ocr_par' dir='ltr' id='par_1_29' title="bbox 2093 821 3751 893">
     <span class='ocr_line' id='line_1_30' title="bbox 2093 821 3751 893; baseline 0.002 -18"><span class='ocrx_word' id='word_1_210' title='bbox 2093 821 2314 877; x_wconf 84' lang='lat' dir='ltr'>tionem</span> <span class='ocrx_word' id='word_1_211' title='bbox 2347 823 2405 876; x_wconf 92' lang='lat' dir='ltr'>in</span> <span class='ocrx_word' id='word_1_212' title='bbox 2430 822 2772 877; x_wconf 83' lang='lat' dir='ltr'>memoriam</span> <span class='ocrx_word' id='word_1_213' title='bbox 2797 823 3124 889; x_wconf 77' lang='lat' dir='ltr'>revocabat,</span> <span class='ocrx_word' id='word_1_214' title='bbox 3147 823 3539 893; x_wconf 76' lang='lat' dir='ltr'>canitiemque</span> <span class='ocrx_word' id='word_1_215' title='bbox 3563 823 3751 893; x_wconf 86' lang='lat' dir='ltr'>ipsam</span> 
     </span>
    </p>
   </div>
   <div class='ocr_carea' id='block_1_30' title="bbox 2100 911 3752 983">
    <p class='ocr_par' dir='ltr' id='par_1_30' title="bbox 2100 911 3752 983">
     <span class='ocr_line' id='line_1_31' title="bbox 2100 911 3752 983; baseline 0.002 -20"><span class='ocrx_word' id='word_1_216' title='bbox 2100 912 2501 980; x_wconf 85' lang='lat' dir='ltr'>protendebat,</span> <span class='ocrx_word' id='word_1_217' title='bbox 2537 929 2601 967; x_wconf 91' lang='lat' dir='ltr'>ac</span> <span class='ocrx_word' id='word_1_218' title='bbox 2643 912 2853 967; x_wconf 89' lang='lat' dir='ltr'>seniles</span> <span class='ocrx_word' id='word_1_219' title='bbox 2887 929 3093 979; x_wconf 89' lang='lat' dir='ltr'>annos,</span> <span class='ocrx_word' id='word_1_220' title='bbox 3129 911 3415 983; x_wconf 89' lang='lat' dir='ltr'>supplicis</span> <span class='ocrx_word' id='word_1_221' title='bbox 3442 913 3752 982; x_wconf 84' lang='lat' dir='ltr'>cujusdam</span> 
     </span>
    </p>
   </div>
   <div class='ocr_carea' id='block_1_31' title="bbox 2097 999 3751 1072">
    <p class='ocr_par' dir='ltr' id='par_1_31' title="bbox 2097 999 3751 1072">
     <span class='ocr_line' id='line_1_32' title="bbox 2097 999 3751 1072; baseline 0.001 -19"><span class='ocrx_word' id='word_1_222' title='bbox 2097 999 2569 1070; x_wconf 83' lang='lat' dir='ltr'>orationis‘loco,</span> <span class='ocrx_word' id='word_1_223' title='bbox 2623 1002 2997 1072; x_wconf 77' lang='lat' dir='ltr'>proferebat;</span> <span class='ocrx_word' id='word_1_224' title='bbox 3051 1019 3188 1070; x_wconf 91' lang='lat' dir='ltr'>non,</span> <span class='ocrx_word' id='word_1_225' title='bbox 3223 1008 3285 1055; x_wconf 92' lang='lat' dir='ltr'>ut</span> <span class='ocrx_word' id='word_1_226' title='bbox 3319 1001 3404 1056; x_wconf 91' lang='lat' dir='ltr'>illi</span> <span class='ocrx_word' id='word_1_227' title='bbox 3452 1002 3583 1056; x_wconf 74' lang='lat' dir='ltr'>vitae</span> <span class='ocrx_word' id='word_1_228' title='bbox 3634 1019 3751 1055; x_wconf 63' lang='lat' dir='ltr'>suae</span> 
     </span>
    </p>
   </div>
   <div class='ocr_carea' id='block_1_32' title="bbox 2097 1087 3751 1159">
    <p class='ocr_par' dir='ltr' id='par_1_32' title="bbox 2097 1087 3751 1159">
     <span class='ocr_line' id='line_1_33' title="bbox 2097 1087 3751 1159; baseline 0.002 -18"><span class='ocrx_word' id='word_1_229' title='bbox 2097 1087 2489 1157; x_wconf 88' lang='lat' dir='ltr'>consulerent,</span> <span class='ocrx_word' id='word_1_230' title='bbox 2525 1107 2810 1159; x_wconf 78' lang='lat' dir='ltr'>quaerens,</span> <span class='ocrx_word' id='word_1_231' title='bbox 2846 1092 2947 1144; x_wconf 85' lang='lat' dir='ltr'>sed</span> <span class='ocrx_word' id='word_1_232' title='bbox 2982 1091 3050 1144; x_wconf 89' lang='lat' dir='ltr'>ad</span> <span class='ocrx_word' id='word_1_233' title='bbox 3081 1091 3420 1145; x_wconf 89' lang='lat' dir='ltr'>subeundos</span> <span class='ocrx_word' id='word_1_234' title='bbox 3453 1090 3751 1145; x_wconf 87' lang='lat' dir='ltr'>cruciatus</span> 
     </span>
    </p>
   </div>
   <div class='ocr_carea' id='block_1_33' title="bbox 2098 1177 3751 1249">
    <p class='ocr_par' dir='ltr' id='par_1_33' title="bbox 2098 1177 3751 1249">
     <span class='ocr_line' id='line_1_34' title="bbox 2098 1177 3751 1249; baseline 0.001 -17"><span class='ocrx_word' id='word_1_235' title='bbox 2098 1177 2413 1249; x_wconf 85' lang='lat' dir='ltr'>adurgens,</span> <span class='ocrx_word' id='word_1_236' title='bbox 2447 1195 2512 1232; x_wconf 87' lang='lat' dir='ltr'>ac</span> <span class='ocrx_word' id='word_1_237' title='bbox 2566 1180 2768 1233; x_wconf 87' lang='lat' dir='ltr'>mortis</span> <span class='ocrx_word' id='word_1_238' title='bbox 2818 1179 3177 1244; x_wconf 82' lang='lat' dir='ltr'>dilationem,</span> <span class='ocrx_word' id='word_1_239' title='bbox 3218 1196 3331 1232; x_wconf 90' lang='lat' dir='ltr'>non</span> <span class='ocrx_word' id='word_1_240' title='bbox 3365 1183 3563 1234; x_wconf 88' lang='lat' dir='ltr'>autem</span> <span class='ocrx_word' id='word_1_241' title='bbox 3596 1195 3751 1233; x_wconf 87' lang='lat' dir='ltr'>mor-</span> 
     </span>
    </p>
   </div>
   <div class='ocr_carea' id='block_1_34' title="bbox 2098 1267 3752 1338">
    <p class='ocr_par' dir='ltr' id='par_1_34' title="bbox 2098 1267 3752 1338">
     <span class='ocr_line' id='line_1_35' title="bbox 2098 1267 3752 1338; baseline 0.002 -17"><span class='ocrx_word' id='word_1_242' title='bbox 2098 1273 2236 1336; x_wconf 87' lang='lat' dir='ltr'>tem,</span> <span class='ocrx_word' id='word_1_243' title='bbox 2272 1267 2660 1337; x_wconf 86' lang='lat' dir='ltr'>periculosam</span> <span class='ocrx_word' id='word_1_244' title='bbox 2692 1285 2821 1323; x_wconf 90' lang='lat' dir='ltr'>esse</span> <span class='ocrx_word' id='word_1_245' title='bbox 2852 1269 3214 1323; x_wconf 78' lang='lat' dir='ltr'>existimans.</span> <span class='ocrx_word' id='word_1_246' title='bbox 3248 1269 3426 1338; x_wconf 85' lang='lat' dir='ltr'>Cujus</span> <span class='ocrx_word' id='word_1_247' title='bbox 3458 1268 3640 1323; x_wconf 86' lang='lat' dir='ltr'>animi</span> <span class='ocrx_word' id='word_1_248' title='bbox 3664 1285 3752 1324; x_wconf 89' lang='lat' dir='ltr'>r0-</span> 
     </span>
    </p>
   </div>
   <div class='ocr_carea' id='block_1_35' title="bbox 2101 1356 3751 1428">
    <p class='ocr_par' dir='ltr' id='par_1_35' title="bbox 2101 1356 3751 1428">
     <span class='ocr_line' id='line_1_36' title="bbox 2101 1356 3751 1428; baseline 0.001 -18"><span class='ocrx_word' id='word_1_249' title='bbox 2101 1356 2210 1411; x_wconf 90' lang='lat' dir='ltr'>bur</span> <span class='ocrx_word' id='word_1_250' title='bbox 2241 1361 2414 1428; x_wconf 90' lang='lat' dir='ltr'>atque</span> <span class='ocrx_word' id='word_1_251' title='bbox 2445 1357 2835 1412; x_wconf 86' lang='lat' dir='ltr'>constantiam</span> <span class='ocrx_word' id='word_1_252' title='bbox 2867 1357 3012 1412; x_wconf 89' lang='lat' dir='ltr'>nihil</span> <span class='ocrx_word' id='word_1_253' title='bbox 3045 1363 3270 1412; x_wconf 86' lang='lat' dir='ltr'>ﬂectere</span> <span class='ocrx_word' id='word_1_254' title='bbox 3303 1363 3360 1412; x_wconf 89' lang='lat' dir='ltr'>et</span> <span class='ocrx_word' id='word_1_255' title='bbox 3391 1357 3654 1412; x_wconf 85' lang='lat' dir='ltr'>emollire</span> <span class='ocrx_word' id='word_1_256' title='bbox 3683 1374 3751 1412; x_wconf 89' lang='lat' dir='ltr'>ac</span> 
     </span>
    </p>
   </div>
   <div class='ocr_carea' id='block_1_36' title="bbox 2099 1445 3749 1517">
    <p class='ocr_par' dir='ltr' id='par_1_36' title="bbox 2099 1445 3749 1517">
     <span class='ocr_line' id='line_1_37' title="bbox 2099 1445 3749 1517; baseline 0 -16"><span class='ocrx_word' id='word_1_257' title='bbox 2099 1445 2399 1501; x_wconf 90' lang='lat' dir='ltr'>debilitare</span> <span class='ocrx_word' id='word_1_258' title='bbox 2431 1450 2654 1517; x_wconf 88' lang='lat' dir='ltr'>potuit;</span> <span class='ocrx_word' id='word_1_259' title='bbox 2699 1464 2813 1502; x_wconf 90' lang='lat' dir='ltr'>non</span> <span class='ocrx_word' id='word_1_260' title='bbox 2864 1448 3258 1502; x_wconf 89' lang='lat' dir='ltr'>instrumenta</span> <span class='ocrx_word' id='word_1_261' title='bbox 3287 1445 3560 1502; x_wconf 86' lang='lat' dir='ltr'>luxandis</span> <span class='ocrx_word' id='word_1_262' title='bbox 3590 1451 3749 1502; x_wconf 87' lang='lat' dir='ltr'>artu-</span> 
     </span>
    </p>
   </div>
   <div class='ocr_carea' id='block_1_37' title="bbox 2099 1535 3750 1607">
    <p class='ocr_par' dir='ltr' id='par_1_37' title="bbox 2099 1535 3750 1607">
     <span class='ocr_line' id='line_1_38' title="bbox 2099 1535 3750 1607; baseline 0.001 -18"><span class='ocrx_word' id='word_1_263' title='bbox 2099 1535 2209 1589; x_wconf 89' lang='lat' dir='ltr'>bus</span> <span class='ocrx_word' id='word_1_264' title='bbox 2240 1536 2701 1601; x_wconf 89' lang='lat' dir='ltr'>accommodata,</span> <span class='ocrx_word' id='word_1_265' title='bbox 2736 1552 2862 1607; x_wconf 64' lang='lat' dir='ltr'>quae</span> <span class='ocrx_word' id='word_1_266' title='bbox 2904 1537 2963 1589; x_wconf 90' lang='lat' dir='ltr'>in</span> <span class='ocrx_word' id='word_1_267' title='bbox 2995 1536 3253 1590; x_wconf 91' lang='lat' dir='ltr'>medium</span> <span class='ocrx_word' id='word_1_268' title='bbox 3286 1535 3750 1607; x_wconf 82' lang='lat' dir='ltr'>proferebantur,</span> 
     </span>
    </p>
   </div>
   <div class='ocr_carea' id='block_1_38' title="bbox 2099 1624 3753 1695">
    <p class='ocr_par' dir='ltr' id='par_1_38' title="bbox 2099 1624 3753 1695">
     <span class='ocr_line' id='line_1_39' title="bbox 2099 1624 3753 1695; baseline 0 -16"><span class='ocrx_word' id='word_1_269' title='bbox 2099 1641 2213 1679; x_wconf 90' lang='lat' dir='ltr'>non</span> <span class='ocrx_word' id='word_1_270' title='bbox 2249 1629 2388 1679; x_wconf 55' lang='lat' dir='ltr'>rotae</span> <span class='ocrx_word' id='word_1_271' title='bbox 2418 1641 2548 1694; x_wconf 67' lang='lat' dir='ltr'>quae</span> <span class='ocrx_word' id='word_1_272' title='bbox 2580 1626 3079 1695; x_wconf 83' lang='lat' dir='ltr'>pr0ponebantur,</span> <span class='ocrx_word' id='word_1_273' title='bbox 3113 1642 3226 1679; x_wconf 90' lang='lat' dir='ltr'>non</span> <span class='ocrx_word' id='word_1_274' title='bbox 3255 1624 3753 1695; x_wconf 81' lang='lat' dir='ltr'>exquisistissima</span> 
     </span>
    </p>
   </div>
   <div class='ocr_carea' id='block_1_39' title="bbox 2098 1712 3749 1785">
    <p class='ocr_par' dir='ltr' id='par_1_39' title="bbox 2098 1712 3749 1785">
     <span class='ocr_line' id='line_1_40' title="bbox 2098 1712 3749 1785; baseline -0.001 -17"><span class='ocrx_word' id='word_1_275' title='bbox 2098 1729 2345 1784; x_wconf 68' lang='lat' dir='ltr'>quaeque</span> <span class='ocrx_word' id='word_1_276' title='bbox 2414 1719 2841 1768; x_wconf 84' lang='lat' dir='ltr'>tormentorum</span> <span class='ocrx_word' id='word_1_277' title='bbox 2907 1730 3168 1785; x_wconf 86' lang='lat' dir='ltr'>genera,</span> <span class='ocrx_word' id='word_1_278' title='bbox 3238 1730 3354 1768; x_wconf 90' lang='lat' dir='ltr'>non</span> <span class='ocrx_word' id='word_1_279' title='bbox 3429 1712 3749 1768; x_wconf 83' lang='lat' dir='ltr'>ferrearum</span> 
     </span>
    </p>
   </div>
   <div class='ocr_carea' id='block_1_40' title="bbox 2097 1802 3753 1874">
    <p class='ocr_par' dir='ltr' id='par_1_40' title="bbox 2097 1802 3753 1874">
     <span class='ocr_line' id='line_1_41' title="bbox 2097 1802 3753 1874; baseline -0.001 -17"><span class='ocrx_word' id='word_1_280' title='bbox 2097 1802 2454 1872; x_wconf 81' lang='lat' dir='ltr'>ungularum</span> <span class='ocrx_word' id='word_1_281' title='bbox 2526 1802 2699 1872; x_wconf 90' lang='lat' dir='ltr'>acies,</span> <span class='ocrx_word' id='word_1_282' title='bbox 2779 1820 2894 1857; x_wconf 91' lang='lat' dir='ltr'>non</span> <span class='ocrx_word' id='word_1_283' title='bbox 2960 1819 3132 1858; x_wconf 86' lang='lat' dir='ltr'>enses</span> <span class='ocrx_word' id='word_1_284' title='bbox 3197 1802 3298 1874; x_wconf 89' lang='lat' dir='ltr'>qui</span> <span class='ocrx_word' id='word_1_285' title='bbox 3366 1803 3753 1869; x_wconf 88' lang='lat' dir='ltr'>acuebantur,</span> 
     </span>
    </p>
   </div>
   <div class='ocr_carea' id='block_1_41' title="bbox 2097 1890 3752 1963">
    <p class='ocr_par' dir='ltr' id='par_1_41' title="bbox 2097 1890 3752 1963">
     <span class='ocr_line' id='line_1_42' title="bbox 2097 1890 3752 1963; baseline -0.001 -18"><span class='ocrx_word' id='word_1_286' title='bbox 2097 1908 2212 1946; x_wconf 89' lang='lat' dir='ltr'>non</span> <span class='ocrx_word' id='word_1_287' title='bbox 2273 1893 2557 1946; x_wconf 81' lang='lat' dir='ltr'>ferventes</span> <span class='ocrx_word' id='word_1_288' title='bbox 2614 1890 2760 1958; x_wconf 71' lang='lat' dir='ltr'>ollae,</span> <span class='ocrx_word' id='word_1_289' title='bbox 2819 1908 2932 1945; x_wconf 88' lang='lat' dir='ltr'>non</span> <span class='ocrx_word' id='word_1_290' title='bbox 2995 1891 3148 1963; x_wconf 82' lang='lat' dir='ltr'>ignis</span> <span class='ocrx_word' id='word_1_291' title='bbox 3206 1890 3306 1962; x_wconf 92' lang='lat' dir='ltr'>qui</span> <span class='ocrx_word' id='word_1_292' title='bbox 3364 1891 3752 1958; x_wconf 80' lang='lat' dir='ltr'>excitabatur,</span> 
     </span>
    </p>
   </div>
   <div class='ocr_carea' id='block_1_42' title="bbox 2097 1979 3751 2052">
    <p class='ocr_par' dir='ltr' id='par_1_42' title="bbox 2097 1979 3751 2052">
     <span class='ocr_line' id='line_1_43' title="bbox 2097 1979 3751 2052; baseline -0.001 -17"><span class='ocrx_word' id='word_1_293' title='bbox 2097 1997 2213 2036; x_wconf 88' lang='lat' dir='ltr'>non</span> <span class='ocrx_word' id='word_1_294' title='bbox 2262 1980 2495 2052; x_wconf 77' lang='lat' dir='ltr'>tyranni</span> <span class='ocrx_word' id='word_1_295' title='bbox 2541 1981 2736 2048; x_wconf 67' lang='lat' dir='ltr'>minae,</span> <span class='ocrx_word' id='word_1_296' title='bbox 2769 1997 2884 2034; x_wconf 90' lang='lat' dir='ltr'>non</span> <span class='ocrx_word' id='word_1_297' title='bbox 2931 1979 3204 2052; x_wconf 89' lang='lat' dir='ltr'>populus,</span> <span class='ocrx_word' id='word_1_298' title='bbox 3238 1997 3352 2034; x_wconf 91' lang='lat' dir='ltr'>non</span> <span class='ocrx_word' id='word_1_299' title='bbox 3399 1996 3614 2052; x_wconf 89' lang='lat' dir='ltr'>urgens</span> <span class='ocrx_word' id='word_1_300' title='bbox 3659 1997 3751 2034; x_wconf 85' lang='lat' dir='ltr'>sa-</span> 
     </span>
    </p>
   </div>
   <div class='ocr_carea' id='block_1_43' title="bbox 2098 2068 3759 2141">
    <p class='ocr_par' dir='ltr' id='par_1_43' title="bbox 2098 2068 3759 2141">
     <span class='ocr_line' id='line_1_44' title="bbox 2098 2068 3759 2141; baseline -0.001 -17"><span class='ocrx_word' id='word_1_301' title='bbox 2098 2069 2293 2138; x_wconf 87' lang='lat' dir='ltr'>telles,</span> <span class='ocrx_word' id='word_1_302' title='bbox 2329 2085 2444 2123; x_wconf 89' lang='lat' dir='ltr'>non</span> <span class='ocrx_word' id='word_1_303' title='bbox 2477 2069 2707 2141; x_wconf 80' lang='lat' dir='ltr'>generis</span> <span class='ocrx_word' id='word_1_304' title='bbox 2737 2075 3031 2140; x_wconf 86' lang='lat' dir='ltr'>aspectus.</span> <span class='ocrx_word' id='word_1_305' title='bbox 3067 2086 3182 2124; x_wconf 90' lang='lat' dir='ltr'>non</span> <span class='ocrx_word' id='word_1_306' title='bbox 3215 2070 3480 2123; x_wconf 87' lang='lat' dir='ltr'>membra</span> <span class='ocrx_word' id='word_1_307' title='bbox 3511 2086 3638 2139; x_wconf 67' lang='lat' dir='ltr'>quas</span> <span class='ocrx_word' id='word_1_308' title='bbox 3666 2068 3759 2123; x_wconf 90' lang='lat' dir='ltr'>di-</span> 
     </span>
    </p>
   </div>
   <div class='ocr_carea' id='block_1_44' title="bbox 2103 2157 3758 2229">
    <p class='ocr_par' dir='ltr' id='par_1_44' title="bbox 2103 2157 3758 2229">
     <span class='ocr_line' id='line_1_45' title="bbox 2103 2157 3758 2229; baseline -0.002 -15"><span class='ocrx_word' id='word_1_309' title='bbox 2103 2161 2542 2229; x_wconf 87' lang='lat' dir='ltr'>scerpebantur,</span> <span class='ocrx_word' id='word_1_310' title='bbox 2579 2173 2693 2211; x_wconf 89' lang='lat' dir='ltr'>non</span> <span class='ocrx_word' id='word_1_311' title='bbox 2739 2174 2945 2213; x_wconf 87' lang='lat' dir='ltr'>carnes</span> <span class='ocrx_word' id='word_1_312' title='bbox 2996 2174 3122 2228; x_wconf 82' lang='lat' dir='ltr'>quae</span> <span class='ocrx_word' id='word_1_313' title='bbox 3171 2157 3600 2227; x_wconf 89' lang='lat' dir='ltr'>lacerabantur,</span> <span class='ocrx_word' id='word_1_314' title='bbox 3643 2174 3758 2211; x_wconf 91' lang='lat' dir='ltr'>non</span> 
     </span>
    </p>
   </div>
   <div class='ocr_carea' id='block_1_45' title="bbox 2105 2243 3760 2318">
    <p class='ocr_par' dir='ltr' id='par_1_45' title="bbox 2105 2243 3760 2318">
     <span class='ocr_line' id='line_1_46' title="bbox 2105 2243 3760 2318; baseline -0.001 -16"><span class='ocrx_word' id='word_1_315' title='bbox 2105 2246 2412 2318; x_wconf 86' lang='lat' dir='ltr'>sanguinis</span> <span class='ocrx_word' id='word_1_316' title='bbox 2462 2245 2786 2302; x_wconf 84' lang='lat' dir='ltr'>deﬂuentes</span> <span class='ocrx_word' id='word_1_317' title='bbox 2828 2245 2952 2313; x_wconf 90' lang='lat' dir='ltr'>rivi,</span> <span class='ocrx_word' id='word_1_318' title='bbox 2989 2263 3100 2300; x_wconf 91' lang='lat' dir='ltr'>non</span> <span class='ocrx_word' id='word_1_319' title='bbox 3145 2243 3423 2316; x_wconf 86' lang='lat' dir='ltr'>juvenilis</span> <span class='ocrx_word' id='word_1_320' title='bbox 3471 2251 3610 2302; x_wconf 62' lang='lat' dir='ltr'>tetas</span> <span class='ocrx_word' id='word_1_321' title='bbox 3635 2263 3760 2317; x_wconf 65' lang='lat' dir='ltr'>quae</span> 
     </span>
    </p>
   </div>
   <div class='ocr_carea' id='block_1_46' title="bbox 339 2333 3761 2408">
    <p class='ocr_par' dir='ltr' id='par_1_46' title="bbox 339 2333 3761 2408">
     <span class='ocr_line' id='line_1_47' title="bbox 339 2333 3761 2408; baseline -0.002 -12"><span class='ocrx_word' id='word_1_322' title='bbox 339 2339 782 2404; x_wconf 85' lang='lat' dir='ltr'>absumebatur,</span> <span class='ocrx_word' id='word_1_323' title='bbox 817 2352 932 2391; x_wconf 90' lang='lat' dir='ltr'>non</span> <span class='ocrx_word' id='word_1_324' title='bbox 967 2335 1278 2407; x_wconf 66' lang='lat' dir='ltr'>praesentia</span> <span class='ocrx_word' id='word_1_325' title='bbox 1321 2333 1497 2405; x_wconf 88' lang='lat' dir='ltr'>mala,</span> <span class='ocrx_word' id='word_1_326' title='bbox 1530 2351 1647 2390; x_wconf 90' lang='lat' dir='ltr'>non</span> <span class='ocrx_word' id='word_1_327' title='bbox 1680 2335 2087 2408; x_wconf 86' lang='lat' dir='ltr'>impendentes</span> <span class='ocrx_word' id='word_1_328' title='bbox 2138 2336 2502 2391; x_wconf 87' lang='lat' dir='ltr'>acerbitates.</span> <span class='ocrx_word' id='word_1_329' title='bbox 2537 2335 2683 2398; x_wconf 91' lang='lat' dir='ltr'>Quin</span> <span class='ocrx_word' id='word_1_330' title='bbox 2717 2335 2917 2401; x_wconf 86' lang='lat' dir='ltr'>etiam,</span> <span class='ocrx_word' id='word_1_331' title='bbox 2950 2336 3078 2406; x_wconf 89' lang='lat' dir='ltr'>ipsa</span> <span class='ocrx_word' id='word_1_332' title='bbox 3128 2334 3370 2406; x_wconf 87' lang='lat' dir='ltr'>periculi</span> <span class='ocrx_word' id='word_1_333' title='bbox 3417 2352 3600 2403; x_wconf 87' lang='lat' dir='ltr'>mora,</span> <span class='ocrx_word' id='word_1_334' title='bbox 3635 2352 3761 2406; x_wconf 67' lang='lat' dir='ltr'>quae</span> 
     </span>
    </p>
   </div>
   <div class='ocr_carea' id='block_1_47' title="bbox 337 2424 3764 2498">
    <p class='ocr_par' dir='ltr' id='par_1_47' title="bbox 337 2424 3764 2498">
     <span class='ocr_line' id='line_1_48' title="bbox 337 2424 3764 2498; baseline -0.001 -13"><span class='ocrx_word' id='word_1_335' title='bbox 337 2430 466 2486; x_wconf 85' lang='lat' dir='ltr'>aliis</span> <span class='ocrx_word' id='word_1_336' title='bbox 497 2430 557 2484; x_wconf 89' lang='lat' dir='ltr'>in</span> <span class='ocrx_word' id='word_1_337' title='bbox 589 2426 932 2498; x_wconf 89' lang='lat' dir='ltr'>bujusmodi</span> <span class='ocrx_word' id='word_1_338' title='bbox 977 2425 1155 2480; x_wconf 86' lang='lat' dir='ltr'>rebus</span> <span class='ocrx_word' id='word_1_339' title='bbox 1203 2424 1556 2496; x_wconf 88' lang='lat' dir='ltr'>gravissima</span> <span class='ocrx_word' id='word_1_340' title='bbox 1605 2440 1734 2480; x_wconf 90' lang='lat' dir='ltr'>esse</span> <span class='ocrx_word' id='word_1_341' title='bbox 1782 2427 1953 2491; x_wconf 84' lang='lat' dir='ltr'>solet,</span> <span class='ocrx_word' id='word_1_342' title='bbox 1986 2425 2284 2481; x_wconf 89' lang='lat' dir='ltr'>levissima</span> <span class='ocrx_word' id='word_1_343' title='bbox 2316 2424 2400 2479; x_wconf 91' lang='lat' dir='ltr'>illi</span> <span class='ocrx_word' id='word_1_344' title='bbox 2442 2426 2768 2480; x_wconf 87' lang='lat' dir='ltr'>videbatur.</span> <span class='ocrx_word' id='word_1_345' title='bbox 2803 2427 2883 2480; x_wconf 80' lang='lat' dir='ltr'><strong>Ex</strong></span> <span class='ocrx_word' id='word_1_346' title='bbox 2931 2424 3039 2480; x_wconf 88' lang='lat' dir='ltr'>hoc</span> <span class='ocrx_word' id='word_1_347' title='bbox 3085 2425 3241 2480; x_wconf 88' lang='lat' dir='ltr'>enim</span> <span class='ocrx_word' id='word_1_348' title='bbox 3292 2425 3622 2497; x_wconf 87' lang='lat' dir='ltr'>spectaculo</span> <span class='ocrx_word' id='word_1_349' title='bbox 3671 2426 3764 2480; x_wconf 90' lang='lat' dir='ltr'>in-</span> 
     </span>
    </p>
   </div>
   <div class='ocr_carea' id='block_1_48' title="bbox 335 2514 3764 2589">
    <p class='ocr_par' dir='ltr' id='par_1_48' title="bbox 335 2514 3764 2589">
     <span class='ocr_line' id='line_1_49' title="bbox 335 2514 3764 2589; baseline -0.002 -15"><span class='ocrx_word' id='word_1_350' title='bbox 335 2517 596 2575; x_wconf 89' lang='lat' dir='ltr'>credibili</span> <span class='ocrx_word' id='word_1_351' title='bbox 631 2517 886 2589; x_wconf 90' lang='lat' dir='ltr'>quadam</span> <span class='ocrx_word' id='word_1_352' title='bbox 917 2515 1214 2587; x_wconf 88' lang='lat' dir='ltr'>voluptate</span> <span class='ocrx_word' id='word_1_353' title='bbox 1263 2514 1742 2585; x_wconf 83' lang='lat' dir='ltr'>perfundebatur.</span> <span class='ocrx_word' id='word_1_354' title='bbox 1780 2515 2003 2570; x_wconf 89' lang='lat' dir='ltr'>Moram</span> <span class='ocrx_word' id='word_1_355' title='bbox 2046 2516 2263 2587; x_wconf 89' lang='lat' dir='ltr'>quippe</span> <span class='ocrx_word' id='word_1_356' title='bbox 2314 2515 2622 2587; x_wconf 85' lang='lat' dir='ltr'>suppliciis</span> <span class='ocrx_word' id='word_1_357' title='bbox 2669 2516 3104 2586; x_wconf 87' lang='lat' dir='ltr'>quodammodo</span> <span class='ocrx_word' id='word_1_358' title='bbox 3138 2515 3436 2582; x_wconf 74' lang='lat' dir='ltr'>afferebat,</span> <span class='ocrx_word' id='word_1_359' title='bbox 3471 2532 3587 2569; x_wconf 91' lang='lat' dir='ltr'>non</span> <span class='ocrx_word' id='word_1_360' title='bbox 3636 2515 3764 2586; x_wconf 89' lang='lat' dir='ltr'>ipsa</span> 
     </span>
    </p>
   </div>
   <div class='ocr_carea' id='block_1_49' title="bbox 332 2603 3762 2675">
    <p class='ocr_par' dir='ltr' id='par_1_49' title="bbox 332 2603 3762 2675">
     <span class='ocr_line' id='line_1_50' title="bbox 332 2603 3762 2675; baseline -0.002 -10"><span class='ocrx_word' id='word_1_361' title='bbox 332 2612 567 2665; x_wconf 87' lang='lat' dir='ltr'>tantum</span> <span class='ocrx_word' id='word_1_362' title='bbox 617 2608 1069 2671; x_wconf 87' lang='lat' dir='ltr'>tormentorum,</span> <span class='ocrx_word' id='word_1_363' title='bbox 1102 2620 1229 2674; x_wconf 65' lang='lat' dir='ltr'>qua;</span> <span class='ocrx_word' id='word_1_364' title='bbox 1281 2603 1767 2673; x_wconf 89' lang='lat' dir='ltr'>admovebantur,</span> <span class='ocrx_word' id='word_1_365' title='bbox 1801 2603 2072 2673; x_wconf 87' lang='lat' dir='ltr'>varietas,</span> <span class='ocrx_word' id='word_1_366' title='bbox 2125 2620 2255 2675; x_wconf 61' lang='lat' dir='ltr'>quae</span> <span class='ocrx_word' id='word_1_367' title='bbox 2307 2605 2504 2659; x_wconf 86' lang='lat' dir='ltr'>omnia</span> <span class='ocrx_word' id='word_1_368' title='bbox 2552 2603 2632 2658; x_wconf 90' lang='lat' dir='ltr'>illi</span> <span class='ocrx_word' id='word_1_369' title='bbox 2685 2603 3011 2658; x_wconf 88' lang='lat' dir='ltr'>animosius</span> <span class='ocrx_word' id='word_1_370' title='bbox 3061 2604 3548 2675; x_wconf 89' lang='lat' dir='ltr'>aspernabantur,</span> <span class='ocrx_word' id='word_1_371' title='bbox 3584 2621 3762 2674; x_wconf 90' lang='lat' dir='ltr'>quam</span> 
     </span>
    </p>
   </div>
   <div class='ocr_carea' id='block_1_50' title="bbox 332 2693 3762 2772">
    <p class='ocr_par' dir='ltr' id='par_1_50' title="bbox 332 2693 3762 2772">
     <span class='ocr_line' id='line_1_51' title="bbox 332 2693 3762 2772; baseline -0.001 -19"><span class='ocrx_word' id='word_1_372' title='bbox 332 2698 526 2772; x_wconf 89' lang='lat' dir='ltr'>quivis</span> <span class='ocrx_word' id='word_1_373' title='bbox 558 2697 714 2752; x_wconf 90' lang='lat' dir='ltr'>alius</span> <span class='ocrx_word' id='word_1_374' title='bbox 745 2712 930 2752; x_wconf 84' lang='lat' dir='ltr'>unum</span> <span class='ocrx_word' id='word_1_375' title='bbox 963 2711 1167 2750; x_wconf 90' lang='lat' dir='ltr'>eorum</span> <span class='ocrx_word' id='word_1_376' title='bbox 1198 2693 1286 2749; x_wconf 91' lang='lat' dir='ltr'>vel</span> <span class='ocrx_word' id='word_1_377' title='bbox 1317 2693 1505 2749; x_wconf 87' lang='lat' dir='ltr'>levius</span> <span class='ocrx_word' id='word_1_378' title='bbox 1536 2693 1845 2750; x_wconf 85' lang='lat' dir='ltr'>tolerasset</span> <span class='ocrx_word' id='word_1_379' title='bbox 1872 2713 1884 2749; x_wconf 93' lang='lat'><strong>:</strong></span> <span class='ocrx_word' id='word_1_380' title='bbox 1919 2711 2118 2750; x_wconf 85' lang='lat' dir='ltr'>verum</span> <span class='ocrx_word' id='word_1_381' title='bbox 2152 2696 2328 2750; x_wconf 86' lang='lat' dir='ltr'>etiam</span> <span class='ocrx_word' id='word_1_382' title='bbox 2362 2695 2717 2766; x_wconf 87' lang='lat' dir='ltr'>multiplices</span> <span class='ocrx_word' id='word_1_383' title='bbox 2750 2695 2978 2764; x_wconf 78' lang='lat' dir='ltr'>tyranni</span> <span class='ocrx_word' id='word_1_384' title='bbox 3011 2711 3333 2762; x_wconf 86' lang='lat' dir='ltr'>sermones,</span> <span class='ocrx_word' id='word_1_385' title='bbox 3369 2711 3525 2749; x_wconf 89' lang='lat' dir='ltr'>nunc</span> <span class='ocrx_word' id='word_1_386' title='bbox 3556 2699 3762 2749; x_wconf 90' lang='lat' dir='ltr'>contu-</span> 
     </span>
    </p>
   </div>
   <div class='ocr_carea' id='block_1_51' title="bbox 330 2785 3758 2858">
    <p class='ocr_par' dir='ltr' id='par_1_51' title="bbox 330 2785 3758 2858">
     <span class='ocr_line' id='line_1_52' title="bbox 330 2785 3758 2858; baseline -0.001 -13"><span class='ocrx_word' id='word_1_387' title='bbox 330 2789 523 2845; x_wconf 89' lang='lat' dir='ltr'>meliis</span> <span class='ocrx_word' id='word_1_388' title='bbox 554 2789 794 2854; x_wconf 86' lang='lat' dir='ltr'>utentis,</span> <span class='ocrx_word' id='word_1_389' title='bbox 829 2802 986 2841; x_wconf 88' lang='lat' dir='ltr'>nunc</span> <span class='ocrx_word' id='word_1_390' title='bbox 1039 2786 1232 2841; x_wconf 89' lang='lat' dir='ltr'>minas</span> <span class='ocrx_word' id='word_1_391' title='bbox 1267 2785 1632 2856; x_wconf 89' lang='lat' dir='ltr'>intentantis,</span> <span class='ocrx_word' id='word_1_392' title='bbox 1667 2803 1823 2841; x_wconf 92' lang='lat' dir='ltr'>nunc</span> <span class='ocrx_word' id='word_1_393' title='bbox 1873 2785 2190 2843; x_wconf 88' lang='lat' dir='ltr'>blanditias</span> <span class='ocrx_word' id='word_1_394' title='bbox 2220 2787 2553 2843; x_wconf 80' lang='lat' dir='ltr'>adhibentis</span> <span class='ocrx_word' id='word_1_395' title='bbox 2587 2803 2599 2840; x_wconf 90' lang='lat'>:</span> <span class='ocrx_word' id='word_1_396' title='bbox 2635 2787 2774 2858; x_wconf 92' lang='lat' dir='ltr'>quid</span> <span class='ocrx_word' id='word_1_397' title='bbox 2806 2787 2962 2841; x_wconf 90' lang='lat' dir='ltr'>enim</span> <span class='ocrx_word' id='word_1_398' title='bbox 2996 2803 3110 2841; x_wconf 88' lang='lat' dir='ltr'>non</span> <span class='ocrx_word' id='word_1_399' title='bbox 3145 2785 3345 2855; x_wconf 83' lang='lat' dir='ltr'>movit,</span> <span class='ocrx_word' id='word_1_400' title='bbox 3379 2790 3443 2840; x_wconf 90' lang='lat' dir='ltr'>ut</span> <span class='ocrx_word' id='word_1_401' title='bbox 3471 2786 3550 2854; x_wconf 91' lang='lat' dir='ltr'>id,</span> <span class='ocrx_word' id='word_1_402' title='bbox 3604 2787 3758 2858; x_wconf 93' lang='lat' dir='ltr'>quod</span> 
     </span>
    </p>
   </div>
   <div class='ocr_carea' id='block_1_52' title="bbox 333 2875 1122 2950">
    <p class='ocr_par' dir='ltr' id='par_1_52' title="bbox 333 2875 1122 2950">
     <span class='ocr_line' id='line_1_53' title="bbox 333 2875 1122 2950; baseline -0.006 -16"><span class='ocrx_word' id='word_1_403' title='bbox 333 2877 631 2950; x_wconf 85' lang='lat' dir='ltr'>sperabat,</span> <span class='ocrx_word' id='word_1_404' title='bbox 666 2875 1122 2948; x_wconf 87' lang='lat' dir='ltr'>assequeretur?</span> 
     </span>
    </p>
   </div>
   <div class='ocr_carea' id='block_1_53' title="bbox 403 2959 1989 3037">
    <p class='ocr_par' dir='ltr' id='par_1_53' title="bbox 403 2959 1989 3037">
     <span class='ocr_line' id='line_1_54' title="bbox 403 2959 1989 3037; baseline -0.002 -18"><span class='ocrx_word' id='word_1_405' title='bbox 403 2965 479 3019; x_wconf 88' lang='lat' dir='ltr'>E&#39;.</span> <span class='ocrx_word' id='word_1_406' title='bbox 531 2963 631 3017; x_wconf 78' lang='grc' dir='ltr'>Καὶ</span> <span class='ocrx_word' id='word_1_407' title='bbox 677 2961 860 3034; x_wconf 60' lang='grc' dir='ltr'>μέντοι</span> <span class='ocrx_word' id='word_1_408' title='bbox 906 2961 997 3015; x_wconf 81' lang='grc' dir='ltr'>καὶ</span> <span class='ocrx_word' id='word_1_409' title='bbox 1045 2965 1151 3016; x_wconf 82' lang='grc' dir='ltr'>τῶν</span> <span class='ocrx_word' id='word_1_410' title='bbox 1183 2959 1393 3017; x_wconf 84' lang='grc' dir='ltr'>παίδων</span> <span class='ocrx_word' id='word_1_411' title='bbox 1425 2963 1481 3016; x_wconf 77' lang='grc' dir='ltr'>αἱ</span> <span class='ocrx_word' id='word_1_412' title='bbox 1511 2961 1648 3037; x_wconf 87' lang='grc' dir='ltr'>πρὸς</span> <span class='ocrx_word' id='word_1_413' title='bbox 1674 2961 1765 3016; x_wconf 86' lang='grc' dir='ltr'>τὸν</span> <span class='ocrx_word' id='word_1_414' title='bbox 1797 2961 1989 3037; x_wconf 80' lang='grc' dir='ltr'>τύραν-</span> 
     </span>
    </p>
   </div>
   <div class='ocr_carea' id='block_1_54' title="bbox 332 3048 1992 3130">
    <p class='ocr_par' dir='ltr' id='par_1_54' title="bbox 332 3048 1992 3130">
     <span class='ocr_line' id='line_1_55' title="bbox 332 3048 1992 3130; baseline 0 -22"><span class='ocrx_word' id='word_1_415' title='bbox 332 3073 421 3108; x_wconf 87' lang='grc' dir='ltr'>νον</span> <span class='ocrx_word' id='word_1_416' title='bbox 456 3051 790 3128; x_wconf 86' lang='grc' dir='ltr'>ἀποκρίσεις,</span> <span class='ocrx_word' id='word_1_417' title='bbox 821 3055 1078 3106; x_wconf 77' lang='grc' dir='ltr'>τοσοῦτον</span> <span class='ocrx_word' id='word_1_418' title='bbox 1112 3048 1338 3125; x_wconf 78' lang='grc' dir='ltr'>ἔχουσαι</span> <span class='ocrx_word' id='word_1_419' title='bbox 1366 3051 1431 3107; x_wconf 85' lang='grc' dir='ltr'>τὸ</span> <span class='ocrx_word' id='word_1_420' title='bbox 1462 3051 1626 3130; x_wconf 79' lang='grc' dir='ltr'>σοφὸν</span> <span class='ocrx_word' id='word_1_421' title='bbox 1680 3053 1821 3125; x_wconf 77' lang='grc' dir='ltr'>ὁμοῦ</span> <span class='ocrx_word' id='word_1_422' title='bbox 1878 3054 1992 3125; x_wconf 83' lang='grc'>(96)</span> 
     </span>
    </p>
   </div>
   <div class='ocr_carea' id='block_1_55' title="bbox 333 3137 1994 3216">
    <p class='ocr_par' dir='ltr' id='par_1_55' title="bbox 333 3137 1994 3216">
     <span class='ocr_line' id='line_1_56' title="bbox 333 3137 1994 3216; baseline -0.001 -19"><span class='ocrx_word' id='word_1_423' title='bbox 333 3143 424 3197; x_wconf 81' lang='grc' dir='ltr'>καὶ</span> <span class='ocrx_word' id='word_1_424' title='bbox 473 3145 733 3216; x_wconf 85' lang='grc' dir='ltr'>γενναῖον,</span> <span class='ocrx_word' id='word_1_425' title='bbox 766 3137 905 3195; x_wconf 78' lang='grc' dir='ltr'>ὣστε</span> <span class='ocrx_word' id='word_1_426' title='bbox 938 3139 1106 3216; x_wconf 77' lang='grc' dir='ltr'>μικρὰ</span> <span class='ocrx_word' id='word_1_427' title='bbox 1135 3142 1248 3214; x_wconf 84' lang='grc'>(97)</span> <span class='ocrx_word' id='word_1_428' title='bbox 1286 3139 1380 3213; x_wconf 77' lang='grc' dir='ltr'>μὲν</span> <span class='ocrx_word' id='word_1_429' title='bbox 1408 3139 1539 3195; x_wconf 78' lang='grc' dir='ltr'>εἶναι</span> <span class='ocrx_word' id='word_1_430' title='bbox 1570 3141 1706 3216; x_wconf 88' lang='grc' dir='ltr'>πρὸς</span> <span class='ocrx_word' id='word_1_431' title='bbox 1729 3141 1827 3209; x_wconf 84' lang='grc' dir='ltr'>τήν</span> <span class='ocrx_word' id='word_1_432' title='bbox 1863 3141 1994 3195; x_wconf 81' lang='grc' dir='ltr'>ἐκεί-</span> 
     </span>
    </p>
   </div>
   <div class='ocr_carea' id='block_1_56' title="bbox 334 3227 1992 3308">
    <p class='ocr_par' dir='ltr' id='par_1_56' title="bbox 334 3227 1992 3308">
     <span class='ocr_line' id='line_1_57' title="bbox 334 3227 1992 3308; baseline -0.001 -22"><span class='ocrx_word' id='word_1_433' title='bbox 334 3252 440 3287; x_wconf 87' lang='grc' dir='ltr'>νων</span> <span class='ocrx_word' id='word_1_434' title='bbox 471 3231 756 3308; x_wconf 77' lang='grc' dir='ltr'>καρτερίαν</span> <span class='ocrx_word' id='word_1_435' title='bbox 793 3232 996 3285; x_wconf 77' lang='grc' dir='ltr'>ἅπαντα</span> <span class='ocrx_word' id='word_1_436' title='bbox 1024 3230 1091 3284; x_wconf 79' lang='grc' dir='ltr'>τὰ</span> <span class='ocrx_word' id='word_1_437' title='bbox 1117 3234 1224 3285; x_wconf 83' lang='grc' dir='ltr'>τῶν</span> <span class='ocrx_word' id='word_1_438' title='bbox 1257 3229 1442 3286; x_wconf 70' lang='grc' dir='ltr'>ἄλλων</span> <span class='ocrx_word' id='word_1_439' title='bbox 1476 3230 1620 3287; x_wconf 80' lang='grc' dir='ltr'>καλὰ</span> <span class='ocrx_word' id='word_1_440' title='bbox 1650 3231 1725 3294; x_wconf 80' lang='grc' dir='ltr'>εἷς</span> <span class='ocrx_word' id='word_1_441' title='bbox 1768 3227 1823 3285; x_wconf 73' lang='grc' dir='ltr'>ἓν</span> <span class='ocrx_word' id='word_1_442' title='bbox 1871 3253 1992 3285; x_wconf 83' lang='grc' dir='ltr'>συν-</span> 
     </span>
    </p>
   </div>
   <div class='ocr_carea' id='block_1_57' title="bbox 335 3314 1996 3395">
    <p class='ocr_par' dir='ltr' id='par_1_57' title="bbox 335 3314 1996 3395">
     <span class='ocr_line' id='line_1_58' title="bbox 335 3314 1996 3395; baseline -0.001 -22"><span class='ocrx_word' id='word_1_443' title='bbox 335 3320 574 3394; x_wconf 78' lang='grc' dir='ltr'>αχθὲντα</span> <span class='ocrx_word' id='word_1_444' title='bbox 599 3337 610 3350; x_wconf 92' lang='grc'><strong>·</strong></span> <span class='ocrx_word' id='word_1_445' title='bbox 671 3319 868 3395; x_wconf 82' lang='grc' dir='ltr'>μικρὰν</span> <span class='ocrx_word' id='word_1_446' title='bbox 919 3314 976 3373; x_wconf 72' lang='grc' dir='ltr'>δὲ</span> <span class='ocrx_word' id='word_1_447' title='bbox 1017 3319 1116 3387; x_wconf 79' lang='grc' dir='ltr'>τὴν</span> <span class='ocrx_word' id='word_1_448' title='bbox 1166 3318 1450 3394; x_wconf 75' lang='grc' dir='ltr'>καρτερίαν</span> <span class='ocrx_word' id='word_1_449' title='bbox 1484 3318 1622 3393; x_wconf 88' lang='grc' dir='ltr'>πρὸς</span> <span class='ocrx_word' id='word_1_450' title='bbox 1650 3318 1750 3386; x_wconf 80' lang='grc' dir='ltr'>τὴν</span> <span class='ocrx_word' id='word_1_451' title='bbox 1779 3317 1996 3372; x_wconf 69' lang='grc' dir='ltr'>ἐκείνων</span> 
     </span>
    </p>
   </div>
   <div class='ocr_carea' id='block_1_58' title="bbox 334 3406 1993 3484">
    <p class='ocr_par' dir='ltr' id='par_1_58' title="bbox 334 3406 1993 3484">
     <span class='ocr_line' id='line_1_59' title="bbox 334 3406 1993 3484; baseline -0.002 -20"><span class='ocrx_word' id='word_1_452' title='bbox 334 3407 388 3464; x_wconf 63' lang='grc' dir='ltr'>ἦν</span> <span class='ocrx_word' id='word_1_453' title='bbox 421 3407 611 3484; x_wconf 86' lang='grc' dir='ltr'>λόγοις</span> <span class='ocrx_word' id='word_1_454' title='bbox 645 3407 851 3462; x_wconf 81' lang='grc' dir='ltr'>σύνεσιν</span> <span class='ocrx_word' id='word_1_455' title='bbox 911 3408 1129 3462; x_wconf 81' lang='grc' dir='ltr'>καὶτῶν</span> <span class='ocrx_word' id='word_1_456' title='bbox 1158 3407 1331 3461; x_wconf 78' lang='grc' dir='ltr'>αὐτῶν</span> <span class='ocrx_word' id='word_1_457' title='bbox 1367 3409 1501 3461; x_wconf 79' lang='grc' dir='ltr'>εἶναι</span> <span class='ocrx_word' id='word_1_458' title='bbox 1530 3406 1733 3480; x_wconf 87' lang='grc' dir='ltr'>μόνων,</span> <span class='ocrx_word' id='word_1_459' title='bbox 1764 3406 1993 3483; x_wconf 84' lang='grc' dir='ltr'>πάσχειν</span> 
     </span>
    </p>
   </div>
   <div class='ocr_carea' id='block_1_59' title="bbox 332 3493 1996 3572">
    <p class='ocr_par' dir='ltr' id='par_1_59' title="bbox 332 3493 1996 3572">
     <span class='ocr_line' id='line_1_60' title="bbox 332 3493 1996 3572; baseline -0.001 -21"><span class='ocrx_word' id='word_1_460' title='bbox 332 3516 393 3551; x_wconf 83' lang='grc' dir='ltr'>τε</span> <span class='ocrx_word' id='word_1_461' title='bbox 427 3495 570 3550; x_wconf 79' lang='grc' dir='ltr'>οὓτω</span> <span class='ocrx_word' id='word_1_462' title='bbox 615 3495 708 3548; x_wconf 85' lang='grc' dir='ltr'>καὶ</span> <span class='ocrx_word' id='word_1_463' title='bbox 758 3493 1076 3572; x_wconf 78' lang='grc' dir='ltr'>φιλοσοφεῖν</span> <span class='ocrx_word' id='word_1_464' title='bbox 1129 3495 1179 3548; x_wconf 72' lang='grc' dir='ltr'>ἐν</span> <span class='ocrx_word' id='word_1_465' title='bbox 1223 3499 1340 3556; x_wconf 84' lang='grc' dir='ltr'>ταῖς</span> <span class='ocrx_word' id='word_1_466' title='bbox 1390 3495 1705 3570; x_wconf 87' lang='grc' dir='ltr'>ἀποκρίσεσι</span> <span class='ocrx_word' id='word_1_467' title='bbox 1736 3497 1872 3570; x_wconf 85' lang='grc' dir='ltr'>πρὸς</span> <span class='ocrx_word' id='word_1_468' title='bbox 1902 3496 1996 3556; x_wconf 82' lang='grc' dir='ltr'>τὰς</span> 
     </span>
    </p>
   </div>
   <div class='ocr_carea' id='block_1_60' title="bbox 331 3581 1988 3660">
    <p class='ocr_par' dir='ltr' id='par_1_60' title="bbox 331 3581 1988 3660">
     <span class='ocr_line' id='line_1_61' title="bbox 331 3581 1988 3660; baseline -0.001 -22"><span class='ocrx_word' id='word_1_469' title='bbox 331 3588 431 3638; x_wconf 79' lang='grc' dir='ltr'>τοῦ</span> <span class='ocrx_word' id='word_1_470' title='bbox 474 3581 767 3643; x_wconf 86' lang='grc' dir='ltr'>διώκοντος</span> <span class='ocrx_word' id='word_1_471' title='bbox 800 3583 1049 3653; x_wconf 81' lang='grc' dir='ltr'>ἀπειλὰς,</span> <span class='ocrx_word' id='word_1_472' title='bbox 1080 3583 1330 3644; x_wconf 72' lang='grc' dir='ltr'>καὶτοὺς</span> <span class='ocrx_word' id='word_1_473' title='bbox 1385 3581 1842 3658; x_wconf 74' lang='grc' dir='ltr'>προτεινομένους</span> <span class='ocrx_word' id='word_1_474' title='bbox 1891 3583 1988 3660; x_wconf 78' lang='grc' dir='ltr'>φό-</span> 
     </span>
    </p>
   </div>
   <div class='ocr_carea' id='block_1_61' title="bbox 333 3667 1984 3748">
    <p class='ocr_par' dir='ltr' id='par_1_61' title="bbox 333 3667 1984 3748">
     <span class='ocr_line' id='line_1_62' title="bbox 333 3667 1984 3748; baseline 0 -22"><span class='ocrx_word' id='word_1_475' title='bbox 333 3667 563 3744; x_wconf 81' lang='grc' dir='ltr'>6ους,ὦν</span> <span class='ocrx_word' id='word_1_476' title='bbox 598 3667 814 3733; x_wconf 76' lang='grc' dir='ltr'>οὒδενὸς</span> <span class='ocrx_word' id='word_1_477' title='bbox 835 3673 1078 3739; x_wconf 79' lang='grc' dir='ltr'>ἡττῶντο</span> <span class='ocrx_word' id='word_1_478' title='bbox 1110 3672 1163 3725; x_wconf 77' lang='grc' dir='ltr'>οἱ</span> <span class='ocrx_word' id='word_1_479' title='bbox 1194 3677 1434 3746; x_wconf 87' lang='grc' dir='ltr'>γενναῖοι</span> <span class='ocrx_word' id='word_1_480' title='bbox 1465 3670 1772 3746; x_wconf 59' lang='grc' dir='ltr'>παῖδες,καξ</span> <span class='ocrx_word' id='word_1_481' title='bbox 1805 3675 1839 3742; x_wconf 77' lang='grc' dir='ltr'>ἡ</span> <span class='ocrx_word' id='word_1_482' title='bbox 1867 3693 1984 3748; x_wconf 87' lang='grc' dir='ltr'>γεν-</span> 
     </span>
    </p>
   </div>
   <div class='ocr_carea' id='block_1_62' title="bbox 333 3757 1993 3836">
    <p class='ocr_par' dir='ltr' id='par_1_62' title="bbox 333 3757 1993 3836">
     <span class='ocr_line' id='line_1_63' title="bbox 333 3757 1993 3836; baseline 0 -21"><span class='ocrx_word' id='word_1_483' title='bbox 333 3759 587 3836; x_wconf 79' lang='grc' dir='ltr'>ναιοτέρα</span> <span class='ocrx_word' id='word_1_484' title='bbox 607 3764 840 3815; x_wconf 83' lang='grc' dir='ltr'>τεκοῦσα</span> <span class='ocrx_word' id='word_1_485' title='bbox 867 3780 878 3792; x_wconf 89' lang='grc'><strong>·</strong></span> <span class='ocrx_word' id='word_1_486' title='bbox 940 3760 1152 3814; x_wconf 84' lang='grc' dir='ltr'>πάντων</span> <span class='ocrx_word' id='word_1_487' title='bbox 1202 3757 1258 3814; x_wconf 75' lang='grc' dir='ltr'>δὲ</span> <span class='ocrx_word' id='word_1_488' title='bbox 1291 3760 1485 3828; x_wconf 69' lang='grc' dir='ltr'>ἑαυτὴν</span> <span class='ocrx_word' id='word_1_489' title='bbox 1521 3759 1766 3834; x_wconf 81' lang='grc' dir='ltr'>ὑπεράνω</span> <span class='ocrx_word' id='word_1_490' title='bbox 1826 3763 1993 3829; x_wconf 82' lang='grc' dir='ltr'>θεῖσα,</span> 
     </span>
    </p>
   </div>
   <div class='ocr_carea' id='block_1_63' title="bbox 333 3847 1998 3926">
    <p class='ocr_par' dir='ltr' id='par_1_63' title="bbox 333 3847 1998 3926">
     <span class='ocr_line' id='line_1_64' title="bbox 333 3847 1998 3926; baseline -0.002 -20"><span class='ocrx_word' id='word_1_491' title='bbox 333 3850 425 3906; x_wconf 85' lang='grc' dir='ltr'>καὶ</span> <span class='ocrx_word' id='word_1_492' title='bbox 446 3853 525 3920; x_wconf 82' lang='grc' dir='ltr'>τῷ</span> <span class='ocrx_word' id='word_1_493' title='bbox 556 3847 772 3926; x_wconf 84' lang='grc' dir='ltr'>φίλτρῳ</span> <span class='ocrx_word' id='word_1_494' title='bbox 800 3849 890 3904; x_wconf 88' lang='grc' dir='ltr'>τὸν</span> <span class='ocrx_word' id='word_1_495' title='bbox 926 3850 1094 3922; x_wconf 82' lang='grc' dir='ltr'>θυμὸν</span> <span class='ocrx_word' id='word_1_496' title='bbox 1132 3848 1348 3922; x_wconf 82' lang='grc' dir='ltr'>μίξασα,</span> <span class='ocrx_word' id='word_1_497' title='bbox 1372 3847 1540 3904; x_wconf 85' lang='grc' dir='ltr'>καλὸν</span> <span class='ocrx_word' id='word_1_498' title='bbox 1575 3848 1820 3926; x_wconf 77' lang='grc' dir='ltr'>ἐντάφιον</span> <span class='ocrx_word' id='word_1_499' title='bbox 1842 3847 1998 3904; x_wconf 84' lang='grc' dir='ltr'>δίδω-</span> 
     </span>
    </p>
   </div>
   <div class='ocr_carea' id='block_1_64' title="bbox 335 3938 1997 4014">
    <p class='ocr_par' dir='ltr' id='par_1_64' title="bbox 335 3938 1997 4014">
     <span class='ocr_line' id='line_1_65' title="bbox 335 3938 1997 4014; baseline -0.001 -20"><span class='ocrx_word' id='word_1_500' title='bbox 335 3959 386 3994; x_wconf 91' lang='grc' dir='ltr'>σι</span> <span class='ocrx_word' id='word_1_501' title='bbox 418 3944 538 4001; x_wconf 87' lang='grc' dir='ltr'>τοῖς</span> <span class='ocrx_word' id='word_1_502' title='bbox 565 3938 748 3993; x_wconf 87' lang='grc' dir='ltr'>παισὶν</span> <span class='ocrx_word' id='word_1_503' title='bbox 785 3939 1002 4008; x_wconf 70' lang='grc' dir='ltr'>ἑαυτὴν,</span> <span class='ocrx_word' id='word_1_504' title='bbox 1039 3938 1421 4003; x_wconf 69' lang='grc' dir='ltr'>ξπαπελθοῦσα</span> <span class='ocrx_word' id='word_1_505' title='bbox 1449 3943 1568 4002; x_wconf 87' lang='grc' dir='ltr'>τοῖς</span> <span class='ocrx_word' id='word_1_506' title='bbox 1610 3938 1997 4014; x_wconf 81' lang='grc' dir='ltr'>προαπελθοῦ-</span> 
     </span>
    </p>
   </div>
   <div class='ocr_carea' id='block_1_65' title="bbox 335 4027 1997 4104">
    <p class='ocr_par' dir='ltr' id='par_1_65' title="bbox 335 4027 1997 4104">
     <span class='ocr_line' id='line_1_66' title="bbox 335 4027 1997 4104; baseline -0.001 -20"><span class='ocrx_word' id='word_1_507' title='bbox 335 4050 387 4084; x_wconf 90' lang='grc' dir='ltr'>σι</span> <span class='ocrx_word' id='word_1_508' title='bbox 412 4047 425 4060; x_wconf 92' lang='grc'><strong>·</strong></span> <span class='ocrx_word' id='word_1_509' title='bbox 460 4027 550 4083; x_wconf 85' lang='grc' dir='ltr'>καὶ</span> <span class='ocrx_word' id='word_1_510' title='bbox 579 4033 743 4084; x_wconf 77' lang='grc' dir='ltr'>τοῦτο</span> <span class='ocrx_word' id='word_1_511' title='bbox 772 4033 891 4092; x_wconf 81' lang='grc' dir='ltr'>πῶς</span> <span class='ocrx_word' id='word_1_512' title='bbox 918 4048 931 4099; x_wconf 91' lang='grc'><strong>;</strong></span> <span class='ocrx_word' id='word_1_513' title='bbox 968 4030 1230 4092; x_wconf 65' lang='grc' dir='ltr'>ἑκουσίως</span> <span class='ocrx_word' id='word_1_514' title='bbox 1264 4029 1352 4085; x_wconf 76' lang='grc' dir='ltr'>ἐπὶ</span> <span class='ocrx_word' id='word_1_515' title='bbox 1382 4029 1509 4092; x_wconf 83' lang='grc' dir='ltr'>τοὺς</span> <span class='ocrx_word' id='word_1_516' title='bbox 1541 4027 1827 4092; x_wconf 78' lang='grc' dir='ltr'>κινδύνους</span> <span class='ocrx_word' id='word_1_517' title='bbox 1880 4049 1997 4104; x_wconf 82' lang='grc' dir='ltr'>χω-</span> 
     </span>
    </p>
   </div>
   <div class='ocr_carea' id='block_1_66' title="bbox 337 4117 1999 4198">
    <p class='ocr_par' dir='ltr' id='par_1_66' title="bbox 337 4117 1999 4198">
     <span class='ocr_line' id='line_1_67' title="bbox 337 4117 1999 4198; baseline 0 -26"><span class='ocrx_word' id='word_1_518' title='bbox 337 4120 548 4192; x_wconf 83' lang='grc' dir='ltr'>ρήσασα</span> <span class='ocrx_word' id='word_1_519' title='bbox 577 4119 691 4191; x_wconf 89' lang='grc'>(98)</span> <span class='ocrx_word' id='word_1_520' title='bbox 718 4137 730 4149; x_wconf 90' lang='grc'><strong>·</strong></span> <span class='ocrx_word' id='word_1_521' title='bbox 766 4119 858 4173; x_wconf 85' lang='grc' dir='ltr'>καὶ</span> <span class='ocrx_word' id='word_1_522' title='bbox 893 4120 1007 4192; x_wconf 80' lang='grc' dir='ltr'>μεθ’</span> <span class='ocrx_word' id='word_1_523' title='bbox 1032 4117 1161 4174; x_wconf 66' lang='grc' dir='ltr'>θ’ίων</span> <span class='ocrx_word' id='word_1_524' title='bbox 1192 4124 1299 4174; x_wconf 78' lang='grc' dir='ltr'>τῶν</span> <span class='ocrx_word' id='word_1_525' title='bbox 1333 4118 1665 4198; x_wconf 80' lang='grc' dir='ltr'>ἐπιταφίων;</span> <span class='ocrx_word' id='word_1_526' title='bbox 1700 4117 1869 4174; x_wconf 83' lang='grc' dir='ltr'>Καλοὶ</span> <span class='ocrx_word' id='word_1_527' title='bbox 1905 4119 1999 4192; x_wconf 68' lang='grc' dir='ltr'>μὲν</span> 
     </span>
    </p>
   </div>
   <div class='ocr_carea' id='block_1_67' title="bbox 336 4205 1999 4286">
    <p class='ocr_par' dir='ltr' id='par_1_67' title="bbox 336 4205 1999 4286">
     <span class='ocr_line' id='line_1_68' title="bbox 336 4205 1999 4286; baseline 0.001 -24"><span class='ocrx_word' id='word_1_528' title='bbox 336 4209 442 4284; x_wconf 82' lang='grc' dir='ltr'>γὰρ</span> <span class='ocrx_word' id='word_1_529' title='bbox 473 4205 563 4263; x_wconf 71' lang='grc' dir='ltr'>καὶ</span> <span class='ocrx_word' id='word_1_530' title='bbox 595 4209 646 4262; x_wconf 74' lang='grc' dir='ltr'>οἱ</span> <span class='ocrx_word' id='word_1_531' title='bbox 677 4213 784 4263; x_wconf 78' lang='grc' dir='ltr'>τῶν</span> <span class='ocrx_word' id='word_1_532' title='bbox 817 4207 1026 4265; x_wconf 87' lang='grc' dir='ltr'>παίδων</span> <span class='ocrx_word' id='word_1_533' title='bbox 1072 4211 1207 4286; x_wconf 89' lang='grc' dir='ltr'>πρὸς</span> <span class='ocrx_word' id='word_1_534' title='bbox 1252 4211 1344 4266; x_wconf 82' lang='grc' dir='ltr'>τὸν</span> <span class='ocrx_word' id='word_1_535' title='bbox 1375 4210 1634 4286; x_wconf 81' lang='grc' dir='ltr'>τύραννον</span> <span class='ocrx_word' id='word_1_536' title='bbox 1669 4207 1852 4285; x_wconf 85' lang='grc' dir='ltr'>λόγοι,</span> <span class='ocrx_word' id='word_1_537' title='bbox 1910 4211 1999 4265; x_wconf 77' lang='grc' dir='ltr'>καὶ</span> 
     </span>
    </p>
   </div>
   <div class='ocr_carea' id='block_1_68' title="bbox 335 4294 2000 4374">
    <p class='ocr_par' dir='ltr' id='par_1_68' title="bbox 335 4294 2000 4374">
     <span class='ocr_line' id='line_1_69' title="bbox 335 4294 2000 4374; baseline 0.001 -24"><span class='ocrx_word' id='word_1_538' title='bbox 335 4294 520 4351; x_wconf 81' lang='grc' dir='ltr'>καλῶν</span> <span class='ocrx_word' id='word_1_539' title='bbox 575 4295 888 4352; x_wconf 73' lang='grc' dir='ltr'>κάλλιστοιο</span> <span class='ocrx_word' id='word_1_540' title='bbox 951 4303 1069 4360; x_wconf 80' lang='grc' dir='ltr'>πῶς</span> <span class='ocrx_word' id='word_1_541' title='bbox 1100 4299 1201 4374; x_wconf 79' lang='grc' dir='ltr'>γὰρ</span> <span class='ocrx_word' id='word_1_542' title='bbox 1236 4295 1336 4368; x_wconf 68' lang='grc' dir='ltr'>οξῖ;</span> <span class='ocrx_word' id='word_1_543' title='bbox 1375 4300 1492 4372; x_wconf 86' lang='grc' dir='ltr'>μεθ’</span> <span class='ocrx_word' id='word_1_544' title='bbox 1531 4296 1603 4352; x_wconf 85' lang='grc' dir='ltr'>ὧν</span> <span class='ocrx_word' id='word_1_545' title='bbox 1637 4297 2000 4374; x_wconf 80' lang='grc' dir='ltr'>παρετάξαντο</span> 
     </span>
    </p>
   </div>
   <div class='ocr_carea' id='block_1_69' title="bbox 334 4371 2080 4460">
    <p class='ocr_par' dir='ltr' id='par_1_69' title="bbox 334 4371 2080 4460">
     <span class='ocr_line' id='line_1_70' title="bbox 334 4371 2080 4460; baseline 0.002 -25"><span class='ocrx_word' id='word_1_546' title='bbox 334 4383 426 4436; x_wconf 83' lang='grc' dir='ltr'>καὶ</span> <span class='ocrx_word' id='word_1_547' title='bbox 502 4384 584 4444; x_wconf 80' lang='grc' dir='ltr'>οἷς</span> <span class='ocrx_word' id='word_1_548' title='bbox 650 4383 744 4437; x_wconf 85' lang='grc' dir='ltr'>τὸν</span> <span class='ocrx_word' id='word_1_549' title='bbox 818 4383 1078 4460; x_wconf 80' lang='grc' dir='ltr'>τύραννον</span> <span class='ocrx_word' id='word_1_550' title='bbox 1114 4371 1344 4441; x_wconf 35' lang='grc' dir='ltr'>’ἔϐαλον</span> <span class='ocrx_word' id='word_1_551' title='bbox 1608 4371 1874 4448; x_wconf 84' lang='grc' dir='ltr'>καλλίους</span> <span class='ocrx_word' id='word_1_552' title='bbox 1947 4371 2080 4439; x_wconf 77' lang='grc' dir='ltr'>δὶῙ)</span> 
     </span>
    </p>
   </div>
   <div class='ocr_carea' id='block_1_70' title="bbox 413 4582 2001 4661">
    <p class='ocr_par' dir='ltr' id='par_1_70' title="bbox 413 4582 2001 4661">
     <span class='ocr_line' id='line_1_71' title="bbox 413 4582 2001 4661; baseline 0.005 -24"><span class='ocrx_word' id='word_1_553' title='bbox 413 4582 723 4661; x_wconf 53' lang='grc' dir='ltr'>(88)-Ἀνθξ.</span> <span class='ocrx_word' id='word_1_554' title='bbox 778 4587 866 4661; x_wconf 88' lang='lat' dir='ltr'>I_ta</span> <span class='ocrx_word' id='word_1_555' title='bbox 913 4603 1013 4661; x_wconf 61' lang='lat' dir='ltr'>se;</span> <span class='ocrx_word' id='word_1_556' title='bbox 1068 4587 1234 4661; x_wconf 72' lang='lat' dir='ltr'>Beg.,</span> <span class='ocrx_word' id='word_1_557' title='bbox 1279 4588 1455 4644; x_wconf 84' lang='lat' dir='ltr'>Cois].</span> <span class='ocrx_word' id='word_1_558' title='bbox 1509 4591 1562 4657; x_wconf 89' lang='grc'>1,</span> <span class='ocrx_word' id='word_1_559' title='bbox 1592 4588 1688 4644; x_wconf 89' lang='lat' dir='ltr'>Or.</span> <span class='ocrx_word' id='word_1_560' title='bbox 1719 4591 1773 4659; x_wconf 87' lang='lat'>2,</span> <span class='ocrx_word' id='word_1_561' title='bbox 1815 4590 2001 4661; x_wconf 90' lang='lat' dir='ltr'>Pass.,</span> 
     </span>
    </p>
   </div>
   <div class='ocr_carea' id='block_1_71' title="bbox 343 4655 1249 4719">
    <p class='ocr_par' dir='ltr' id='par_1_71' title="bbox 343 4655 1249 4719">
     <span class='ocr_line' id='line_1_72' title="bbox 343 4655 1249 4719; baseline 0.003 -8"><span class='ocrx_word' id='word_1_562' title='bbox 343 4661 501 4719; x_wconf 86' lang='lat' dir='ltr'>Par.,</span> <span class='ocrx_word' id='word_1_563' title='bbox 529 4655 652 4711; x_wconf 89' lang='lat' dir='ltr'>Jes.</span> <span class='ocrx_word' id='word_1_564' title='bbox 685 4655 746 4710; x_wconf 92' lang='lat' dir='ltr'>In</span> <span class='ocrx_word' id='word_1_565' title='bbox 779 4656 907 4712; x_wconf 89' lang='lat' dir='ltr'>Par.</span> <span class='ocrx_word' id='word_1_566' title='bbox 939 4658 1030 4713; x_wconf 88' lang='lat' dir='ltr'>ed.</span> <span class='ocrx_word' id='word_1_567' title='bbox 1066 4655 1249 4714; x_wconf 75' lang='lat' dir='ltr'>deest.</span> 
     </span>
    </p>
   </div>
   <div class='ocr_carea' id='block_1_72' title="bbox 417 4722 1508 4858">
    <p class='ocr_par' dir='ltr' id='par_1_72' title="bbox 417 4722 1508 4858">
     <span class='ocr_line' id='line_1_73' title="bbox 417 4722 1508 4858; baseline 0.002 -77"><span class='ocrx_word' id='word_1_568' title='bbox 417 4726 532 4858; x_wconf 60' lang='grc'>(89)</span> <span class='ocrx_word' id='word_1_569' title='bbox 559 4722 940 4798; x_wconf 81' lang='grc' dir='ltr'>Ἐμαλάκισεν.</span> <span class='ocrx_word' id='word_1_570' title='bbox 972 4733 1123 4798; x_wconf 85' lang='lat' dir='ltr'>Sav.,</span> <span class='ocrx_word' id='word_1_571' title='bbox 1155 4723 1508 4801; x_wconf 79' lang='grc' dir='ltr'>ἐμαλάκισαν.</span> 
     </span>
     <span class='ocr_line' id='line_1_74' title="bbox 418 4795 1507 4858; baseline 0 -6"><span class='ocrx_word' id='word_1_572' title='bbox 418 4799 512 4858; x_wconf 88' lang='grc'>(90</span> <span class='ocrx_word' id='word_1_573' title='bbox 563 4795 989 4858; x_wconf 76' lang='grc' dir='ltr'>Ἀτολμοτὲοαν.</span> <span class='ocrx_word' id='word_1_574' title='bbox 1040 4800 1192 4858; x_wconf 65' lang='lat' dir='ltr'>Pan.</span> <span class='ocrx_word' id='word_1_575' title='bbox 1226 4796 1507 4854; x_wconf 84' lang='grc' dir='ltr'>ἀπαλλοτὲ</span> 
     </span>
    </p>
   </div>
   <div class='ocr_carea' id='block_1_73' title="bbox 418 4795 2000 4875">
    <p class='ocr_par' dir='ltr' id='par_1_73' title="bbox 418 4795 2000 4875">
     <span class='ocr_line' id='line_1_75' title="bbox 418 4795 2000 4875; baseline 0.002 -23"><span class='ocrx_word' id='word_1_576' title='bbox 418 4795 532 4875; x_wconf 83' lang='grc'>(90)</span> <span class='ocrx_word' id='word_1_577' title='bbox 563 4795 989 4875; x_wconf 39' lang='grc' dir='ltr'>Ἀτολμρτὲρ-αν.</span> <span class='ocrx_word' id='word_1_578' title='bbox 1040 4795 1195 4869; x_wconf 66' lang='lat' dir='ltr'>Pan,</span> <span class='ocrx_word' id='word_1_579' title='bbox 1226 4796 1606 4875; x_wconf 80' lang='grc' dir='ltr'>ἀπαλλοτὲραν</span> <span class='ocrx_word' id='word_1_580' title='bbox 1652 4802 2000 4874; x_wconf 84' lang='lat' dir='ltr'>[mendose].</span> 
     </span>
    </p>
   </div>
   <div class='ocr_carea' id='block_1_74' title="bbox 349 4868 1036 4947">
    <p class='ocr_par' dir='ltr' id='par_1_74' title="bbox 349 4868 1036 4947">
     <span class='ocr_line' id='line_1_76' title="bbox 349 4868 1036 4947; baseline 0 0"><span class='ocrx_word' id='word_1_581' title='bbox 349 4870 600 4947; x_wconf 45' lang='lat' dir='ltr'>M99910.-</span> <span class='ocrx_word' id='word_1_582' title='bbox 612 4914 635 4947; x_wconf 74' lang='grc' dir='ltr'>ο.</span> <span class='ocrx_word' id='word_1_583' title='bbox 659 4868 1036 4947; x_wconf 58' lang='grc' dir='ltr'>ἀπέιλφὲέρριν-</span> 
     </span>
    </p>
   </div>
   <div class='ocr_carea' id='block_1_75' title="bbox 420 4939 2001 5018">
    <p class='ocr_par' dir='ltr' id='par_1_75' title="bbox 420 4939 2001 5018">
     <span class='ocr_line' id='line_1_77' title="bbox 420 4939 2001 5018; baseline 0.001 -23"><span class='ocrx_word' id='word_1_584' title='bbox 420 4941 528 5012; x_wconf 90' lang='grc'>(91)</span> <span class='ocrx_word' id='word_1_585' title='bbox 565 4939 681 4997; x_wconf 76' lang='grc' dir='ltr'>Οὐκ</span> <span class='ocrx_word' id='word_1_586' title='bbox 727 4939 1098 5018; x_wconf 69' lang='grc' dir='ltr'>ἀρθρὲμϐολα.</span> <span class='ocrx_word' id='word_1_587' title='bbox 1134 4965 1162 4992; x_wconf 91' lang='grc'><strong>‹‹</strong></span> <span class='ocrx_word' id='word_1_588' title='bbox 1189 4942 1315 4997; x_wconf 89' lang='lat' dir='ltr'>Non</span> <span class='ocrx_word' id='word_1_589' title='bbox 1364 4942 1656 5018; x_wconf 62' lang='lat' dir='ltr'>ﬁdiculas:</span> <span class='ocrx_word' id='word_1_590' title='bbox 1691 4943 1752 4996; x_wconf 80' lang='grc' dir='ltr'>οὐ</span> <span class='ocrx_word' id='word_1_591' title='bbox 1781 4941 2001 5018; x_wconf 68' lang='grc' dir='ltr'>τροχοί,</span> 
     </span>
    </p>
   </div>
   <div class='ocr_carea' id='block_1_76' title="bbox 350 5013 2005 5090">
    <p class='ocr_par' dir='ltr' id='par_1_76' title="bbox 350 5013 2005 5090">
     <span class='ocr_line' id='line_1_78' title="bbox 350 5013 2005 5090; baseline 0 -22"><span class='ocrx_word' id='word_1_592' title='bbox 350 5029 466 5068; x_wconf 88' lang='lat' dir='ltr'>non</span> <span class='ocrx_word' id='word_1_593' title='bbox 519 5019 660 5090; x_wconf 60' lang='lat' dir='ltr'>rota</span> <span class='ocrx_word' id='word_1_594' title='bbox 695 5031 707 5068; x_wconf 94' lang='lat'>:</span> <span class='ocrx_word' id='word_1_595' title='bbox 741 5013 801 5068; x_wconf 81' lang='grc' dir='ltr'>οὐ</span> <span class='ocrx_word' id='word_1_596' title='bbox 831 5013 1244 5090; x_wconf 67' lang='grc' dir='ltr'>’τροχαντῇρες,</span> <span class='ocrx_word' id='word_1_597' title='bbox 1294 5031 1411 5087; x_wconf 82' lang='lat' dir='ltr'>non</span> <span class='ocrx_word' id='word_1_598' title='bbox 1457 5013 1860 5090; x_wconf 80' lang='lat' dir='ltr'>trochantores</span> <span class='ocrx_word' id='word_1_599' title='bbox 1889 5013 2005 5090; x_wconf 62' lang='grc' dir='ltr'>ἷού</span> 
     </span>
    </p>
   </div>
   <div class='ocr_carea' id='block_1_77' title="bbox 347 5080 2008 5159">
    <p class='ocr_par' dir='ltr' id='par_1_77' title="bbox 347 5080 2008 5159">
     <span class='ocr_line' id='line_1_79' title="bbox 347 5080 2008 5159; baseline 0.004 -22"><span class='ocrx_word' id='word_1_600' title='bbox 347 5080 700 5159; x_wconf 70' lang='grc' dir='ltr'>καταπέλται,</span> <span class='ocrx_word' id='word_1_601' title='bbox 736 5103 852 5144; x_wconf 91' lang='lat' dir='ltr'>non</span> <span class='ocrx_word' id='word_1_602' title='bbox 885 5080 1222 5159; x_wconf 69' lang='lat' dir='ltr'>&#39;caiapeltze.</span> <span class='ocrx_word' id='word_1_603' title='bbox 1257 5107 1284 5135; x_wconf 68' lang='grc' dir='ltr'>η</span> <span class='ocrx_word' id='word_1_604' title='bbox 1320 5083 1473 5152; x_wconf 51' lang='lat' dir='ltr'>&quot;Quae</span> <span class='ocrx_word' id='word_1_605' title='bbox 1521 5087 1720 5144; x_wconf 88' lang='lat' dir='ltr'>omnia</span> <span class='ocrx_word' id='word_1_606' title='bbox 1758 5088 2008 5144; x_wconf 79' lang='lat' dir='ltr'>textoris</span> 
     </span>
    </p>
   </div>
   <div class='ocr_carea' id='block_1_78' title="bbox 349 5156 763 5214">
    <p class='ocr_par' dir='ltr' id='par_1_78' title="bbox 349 5156 763 5214">
     <span class='ocr_line' id='line_1_80' title="bbox 349 5156 763 5214; baseline 0.007 -4"><span class='ocrx_word' id='word_1_607' title='bbox 349 5156 763 5214; x_wconf 88' lang='lat' dir='ltr'>instrumenta.</span> 
     </span>
    </p>
   </div>
   <div class='ocr_carea' id='block_1_79' title="bbox 423 5222 2006 5300">
    <p class='ocr_par' dir='ltr' id='par_1_79' title="bbox 423 5222 2006 5300">
     <span class='ocr_line' id='line_1_81' title="bbox 423 5222 2006 5300; baseline 0.002 -20"><span class='ocrx_word' id='word_1_608' title='bbox 423 5227 534 5298; x_wconf 83' lang='grc'>(92)</span> <span class='ocrx_word' id='word_1_609' title='bbox 569 5222 806 5300; x_wconf 72' lang='grc' dir='ltr'>ᾼὲϐητες</span> <span class='ocrx_word' id='word_1_610' title='bbox 842 5226 1070 5297; x_wconf 75' lang='grc' dir='ltr'>ζέοντες.</span> <span class='ocrx_word' id='word_1_611' title='bbox 1113 5228 1176 5282; x_wconf 88' lang='lat' dir='ltr'>In</span> <span class='ocrx_word' id='word_1_612' title='bbox 1211 5243 1326 5282; x_wconf 91' lang='lat' dir='ltr'>uno</span> <span class='ocrx_word' id='word_1_613' title='bbox 1357 5229 1509 5300; x_wconf 88' lang='lat' dir='ltr'>cod.,</span> <span class='ocrx_word' id='word_1_614' title='bbox 1552 5227 1612 5281; x_wconf 76' lang='grc' dir='ltr'>οὗ</span> <span class='ocrx_word' id='word_1_615' title='bbox 1648 5223 1895 5297; x_wconf 73' lang='grc' dir='ltr'>λέϐητες,</span> <span class='ocrx_word' id='word_1_616' title='bbox 1945 5227 2006 5283; x_wconf 79' lang='grc' dir='ltr'>οὗ</span> 
     </span>
    </p>
   </div>
   <div class='ocr_carea' id='block_1_80' title="bbox 350 5295 2004 5371">
    <p class='ocr_par' dir='ltr' id='par_1_80' title="bbox 350 5295 2004 5371">
     <span class='ocr_line' id='line_1_82' title="bbox 350 5295 2004 5371; baseline 0.002 -20"><span class='ocrx_word' id='word_1_617' title='bbox 350 5295 523 5371; x_wconf 45' lang='grc' dir='ltr'>δῆρις</span> <span class='ocrx_word' id='word_1_618' title='bbox 540 5295 768 5371; x_wconf 70' lang='grc' dir='ltr'>ζέοντες,</span> <span class='ocrx_word' id='word_1_619' title='bbox 802 5323 831 5352; x_wconf 94' lang='grc'>‹‹</span> <span class='ocrx_word' id='word_1_620' title='bbox 854 5295 982 5357; x_wconf 82' lang='lat' dir='ltr'>non</span> <span class='ocrx_word' id='word_1_621' title='bbox 1013 5302 1250 5365; x_wconf 88' lang='lat' dir='ltr'>lebetes,</span> <span class='ocrx_word' id='word_1_622' title='bbox 1286 5315 1403 5354; x_wconf 87' lang='lat' dir='ltr'>non</span> <span class='ocrx_word' id='word_1_623' title='bbox 1431 5295 1691 5358; x_wconf 75' lang='lat' dir='ltr'>furentes</span> <span class='ocrx_word' id='word_1_624' title='bbox 1721 5295 1942 5358; x_wconf 64' lang='lat' dir='ltr'>bestiae.</span> <span class='ocrx_word' id='word_1_625' title='bbox 1977 5325 2004 5354; x_wconf 86' lang='grc'><strong>››</strong></span> 
     </span>
    </p>
   </div>
   <div class='ocr_carea' id='block_1_81' title="bbox 353 5367 2007 5448">
    <p class='ocr_par' dir='ltr' id='par_1_81' title="bbox 353 5367 2007 5448">
     <span class='ocr_line' id='line_1_83' title="bbox 353 5367 2007 5448; baseline 0.006 -27"><span class='ocrx_word' id='word_1_626' title='bbox 476 5369 653 5426; x_wconf 87' lang='lat' dir='ltr'>etiam</span> <span class='ocrx_word' id='word_1_627' title='bbox 687 5367 1580 5448; x_wconf 62' lang='lat' dir='ltr'>reddideratBillius,_quamvis</span> <span class='ocrx_word' id='word_1_628' title='bbox 1613 5373 1775 5430; x_wconf 90' lang='lat' dir='ltr'>nulla</span> <span class='ocrx_word' id='word_1_629' title='bbox 1805 5374 1881 5430; x_wconf 89' lang='lat' dir='ltr'>sit</span> <span class='ocrx_word' id='word_1_630' title='bbox 1913 5374 2007 5430; x_wconf 91' lang='lat' dir='ltr'>be-</span> 
     </span>
    </p>
   </div>
   <div class='ocr_carea' id='block_1_82' title="bbox 355 5442 1354 5501">
    <p class='ocr_par' dir='ltr' id='par_1_82' title="bbox 355 5442 1354 5501">
     <span class='ocr_line' id='line_1_84' title="bbox 355 5442 1354 5501; baseline 0.004 -9"><span class='ocrx_word' id='word_1_631' title='bbox 355 5442 605 5497; x_wconf 85' lang='lat' dir='ltr'>stiarum</span> <span class='ocrx_word' id='word_1_632' title='bbox 638 5445 858 5501; x_wconf 88' lang='lat' dir='ltr'>mentio</span> <span class='ocrx_word' id='word_1_633' title='bbox 887 5445 949 5500; x_wconf 89' lang='lat' dir='ltr'>in</span> <span class='ocrx_word' id='word_1_634' title='bbox 982 5442 1354 5501; x_wconf 80' lang='lat' dir='ltr'>Machabaeis.</span> 
     </span>
    </p>
   </div>
   <div class='ocr_carea' id='block_1_83' title="bbox 428 5507 2009 5598">
    <p class='ocr_par' dir='ltr' id='par_1_83' title="bbox 428 5507 2009 5598">
     <span class='ocr_line' id='line_1_85' title="bbox 428 5507 2009 5598; baseline 0.004 -33"><span class='ocrx_word' id='word_1_635' title='bbox 638 5515 735 5598; x_wconf 51' lang='grc' dir='ltr'>Οὐ.</span> <span class='ocrx_word' id='word_1_636' title='bbox 798 5512 1030 5598; x_wconf 57' lang='grc' dir='ltr'>δῆμος,</span> <span class='ocrx_word' id='word_1_637' title='bbox 1112 5513 1232 5598; x_wconf 56' lang='grc' dir='ltr'>ορΛ</span> <span class='ocrx_word' id='word_1_638' title='bbox 1271 5510 1587 5598; x_wconf 70' lang='grc' dir='ltr'>δορυφόρος</span> <span class='ocrx_word' id='word_1_639' title='bbox 1653 5514 2009 5598; x_wconf 64' lang='grc' dir='ltr'>κατεπείγων.</span> 
     </span>
    </p>
   </div>
   <div class='ocr_carea' id='block_1_84' title="bbox 357 5582 2012 5664">
    <p class='ocr_par' dir='ltr' id='par_1_84' title="bbox 357 5582 2012 5664">
     <span class='ocr_line' id='line_1_86' title="bbox 357 5582 2012 5664; baseline 0.004 -29"><span class='ocrx_word' id='word_1_640' title='bbox 357 5582 497 5664; x_wconf 80' lang='lat' dir='ltr'>_Reg.</span> <span class='ocrx_word' id='word_1_641' title='bbox 531 5599 584 5664; x_wconf 76' lang='lat' dir='ltr'>a,</span> <span class='ocrx_word' id='word_1_642' title='bbox 618 5589 762 5664; x_wconf 71' lang='lat' dir='ltr'>c,_d_,</span> <span class='ocrx_word' id='word_1_643' title='bbox 783 5582 968 5664; x_wconf 87' lang='lat' dir='ltr'>_Coisl.</span> <span class='ocrx_word' id='word_1_644' title='bbox 1001 5582 1054 5657; x_wconf 79' lang='lat'>2,</span> <span class='ocrx_word' id='word_1_645' title='bbox 1106 5594 1162 5643; x_wconf 88' lang='lat' dir='ltr'>et</span> <span class='ocrx_word' id='word_1_646' title='bbox 1180 5586 1286 5664; x_wconf 37' lang='lat' dir='ltr'>.Or.</span> <span class='ocrx_word' id='word_1_647' title='bbox 1319 5582 1375 5655; x_wconf 77' lang='lat'>2,</span> <span class='ocrx_word' id='word_1_648' title='bbox 1407 5582 1632 5659; x_wconf 68' lang='lat' dir='ltr'>abjecto</span> <span class='ocrx_word' id='word_1_649' title='bbox 1685 5582 2012 5664; x_wconf 72' lang='grc' dir='ltr'>δορυφόρος,</span> 
     </span>
    </p>
   </div>
   <div class='ocr_carea' id='block_1_85' title="bbox 358 5651 2014 5736">
    <p class='ocr_par' dir='ltr' id='par_1_85' title="bbox 358 5651 2014 5736">
     <span class='ocr_line' id='line_1_87' title="bbox 358 5651 2014 5736; baseline 0.004 -26"><span class='ocrx_word' id='word_1_650' title='bbox 358 5651 598 5722; x_wconf 82' lang='lat' dir='ltr'>habent,</span> <span class='ocrx_word' id='word_1_651' title='bbox 631 5651 693 5713; x_wconf 74' lang='grc' dir='ltr'>οὗ</span> <span class='ocrx_word' id='word_1_652' title='bbox 726 5651 927 5732; x_wconf 76' lang='grc' dir='ltr'>δήμιος</span> <span class='ocrx_word' id='word_1_653' title='bbox 974 5651 1332 5735; x_wconf 78' lang='grc' dir='ltr'>κατεπείγων,</span> <span class='ocrx_word' id='word_1_654' title='bbox 1361 5651 1400 5711; x_wconf 39' lang='grc' dir='ltr'>-ιί</span> <span class='ocrx_word' id='word_1_655' title='bbox 1435 5651 1552 5718; x_wconf 68' lang='lat' dir='ltr'>non</span> <span class='ocrx_word' id='word_1_656' title='bbox 1579 5651 1795 5736; x_wconf 78' lang='lat' dir='ltr'>urgeris</span> <span class='ocrx_word' id='word_1_657' title='bbox 1823 5651 2014 5720; x_wconf 44' lang='lat' dir='ltr'>carni-&#39;-</span> 
     </span>
    </p>
   </div>
   <div class='ocr_carea' id='block_1_86' title="bbox 2173 2961 3762 3036">
    <p class='ocr_par' dir='ltr' id='par_1_86' title="bbox 2173 2961 3762 3036">
     <span class='ocr_line' id='line_1_88' title="bbox 2173 2961 3762 3036; baseline 0 -18"><span class='ocrx_word' id='word_1_658' title='bbox 2173 2965 2240 3021; x_wconf 92' lang='lat' dir='ltr'>V.</span> <span class='ocrx_word' id='word_1_659' title='bbox 2287 2968 2356 3020; x_wconf 86' lang='lat' dir='ltr'>At</span> <span class='ocrx_word' id='word_1_660' title='bbox 2406 2981 2536 3019; x_wconf 81' lang='lat' dir='ltr'>vero</span> <span class='ocrx_word' id='word_1_661' title='bbox 2587 2966 2641 3020; x_wconf 91' lang='lat' dir='ltr'>in</span> <span class='ocrx_word' id='word_1_662' title='bbox 2676 2965 2930 3020; x_wconf 85' lang='lat' dir='ltr'>ﬁliorum</span> <span class='ocrx_word' id='word_1_663' title='bbox 2981 2965 3051 3020; x_wconf 90' lang='lat' dir='ltr'>ad</span> <span class='ocrx_word' id='word_1_664' title='bbox 3100 2967 3414 3036; x_wconf 86' lang='lat' dir='ltr'>tyrannum</span> <span class='ocrx_word' id='word_1_665' title='bbox 3464 2961 3762 3034; x_wconf 85' lang='lat' dir='ltr'>responsis</span> 
     </span>
    </p>
   </div>
   <div class='ocr_carea' id='block_1_87' title="bbox 2104 3052 3764 3125">
    <p class='ocr_par' dir='ltr' id='par_1_87' title="bbox 2104 3052 3764 3125">
     <span class='ocr_line' id='line_1_89' title="bbox 2104 3052 3764 3125; baseline -0.001 -18"><span class='ocrx_word' id='word_1_666' title='bbox 2104 3059 2335 3108; x_wconf 89' lang='lat' dir='ltr'>tantum</span> <span class='ocrx_word' id='word_1_667' title='bbox 2370 3054 2667 3125; x_wconf 70' lang='lat' dir='ltr'>sapientia:</span> <span class='ocrx_word' id='word_1_668' title='bbox 2701 3054 2996 3124; x_wconf 88' lang='lat' dir='ltr'>animique</span> <span class='ocrx_word' id='word_1_669' title='bbox 3020 3052 3448 3125; x_wconf 86' lang='lat' dir='ltr'>magnitudinis</span> <span class='ocrx_word' id='word_1_670' title='bbox 3473 3053 3680 3117; x_wconf 92' lang='lat' dir='ltr'>inerat,</span> <span class='ocrx_word' id='word_1_671' title='bbox 3699 3055 3764 3106; x_wconf 89' lang='lat' dir='ltr'>ut</span> 
     </span>
    </p>
   </div>
   <div class='ocr_carea' id='block_1_88' title="bbox 2105 3141 3762 3213">
    <p class='ocr_par' dir='ltr' id='par_1_88' title="bbox 2105 3141 3762 3213">
     <span class='ocr_line' id='line_1_90' title="bbox 2105 3141 3762 3213; baseline -0.002 -15"><span class='ocrx_word' id='word_1_672' title='bbox 2105 3151 2161 3198; x_wconf 88' lang='lat' dir='ltr'>et</span> <span class='ocrx_word' id='word_1_673' title='bbox 2183 3144 2430 3198; x_wconf 88' lang='lat' dir='ltr'>aliorum</span> <span class='ocrx_word' id='word_1_674' title='bbox 2455 3143 2717 3196; x_wconf 91' lang='lat' dir='ltr'>omnium</span> <span class='ocrx_word' id='word_1_675' title='bbox 2743 3144 3015 3213; x_wconf 65' lang='lat' dir='ltr'>praeclara</span> <span class='ocrx_word' id='word_1_676' title='bbox 3037 3144 3191 3198; x_wconf 71' lang='lat'>290</span> <span class='ocrx_word' id='word_1_677' title='bbox 3215 3142 3473 3197; x_wconf 87' lang='lat' dir='ltr'>facinora</span> <span class='ocrx_word' id='word_1_678' title='bbox 3493 3141 3552 3196; x_wconf 93' lang='lat' dir='ltr'>in</span> <span class='ocrx_word' id='word_1_679' title='bbox 3579 3158 3762 3196; x_wconf 90' lang='lat' dir='ltr'>unum</span> 
     </span>
    </p>
   </div>
   <div class='ocr_carea' id='block_1_89' title="bbox 2102 3231 3762 3304">
    <p class='ocr_par' dir='ltr' id='par_1_89' title="bbox 2102 3231 3762 3304">
     <span class='ocr_line' id='line_1_91' title="bbox 2102 3231 3762 3304; baseline -0.002 -17"><span class='ocrx_word' id='word_1_680' title='bbox 2102 3233 2297 3288; x_wconf 90' lang='lat' dir='ltr'>locum</span> <span class='ocrx_word' id='word_1_681' title='bbox 2323 3233 2555 3302; x_wconf 89' lang='lat' dir='ltr'>collata,</span> <span class='ocrx_word' id='word_1_682' title='bbox 2581 3250 2694 3304; x_wconf 74' lang='lat' dir='ltr'>prae</span> <span class='ocrx_word' id='word_1_683' title='bbox 2717 3250 2916 3287; x_wconf 82' lang='lat' dir='ltr'>eorum</span> <span class='ocrx_word' id='word_1_684' title='bbox 2953 3231 3286 3286; x_wconf 89' lang='lat' dir='ltr'>constantia</span> <span class='ocrx_word' id='word_1_685' title='bbox 3307 3235 3366 3285; x_wconf 90' lang='lat' dir='ltr'>et</span> <span class='ocrx_word' id='word_1_686' title='bbox 3397 3231 3762 3301; x_wconf 88' lang='lat' dir='ltr'>fortitudine,</span> 
     </span>
    </p>
   </div>
   <div class='ocr_carea' id='block_1_90' title="bbox 2109 3321 3765 3393">
    <p class='ocr_par' dir='ltr' id='par_1_90' title="bbox 2109 3321 3765 3393">
     <span class='ocr_line' id='line_1_92' title="bbox 2109 3321 3765 3393; baseline -0.001 -17"><span class='ocrx_word' id='word_1_687' title='bbox 2109 3323 2423 3393; x_wconf 83' lang='lat' dir='ltr'>perexigua</span> <span class='ocrx_word' id='word_1_688' title='bbox 2452 3328 2508 3376; x_wconf 91' lang='lat' dir='ltr'>et</span> <span class='ocrx_word' id='word_1_689' title='bbox 2560 3323 2786 3376; x_wconf 88' lang='lat' dir='ltr'>minuta</span> <span class='ocrx_word' id='word_1_690' title='bbox 2833 3321 3012 3376; x_wconf 83' lang='lat' dir='ltr'>videri</span> <span class='ocrx_word' id='word_1_691' title='bbox 3048 3337 3284 3376; x_wconf 86' lang='lat' dir='ltr'>necesse</span> <span class='ocrx_word' id='word_1_692' title='bbox 3316 3321 3393 3376; x_wconf 89' lang='lat' dir='ltr'>sit</span> <span class='ocrx_word' id='word_1_693' title='bbox 3425 3339 3436 3376; x_wconf 95' lang='lat'>:</span> <span class='ocrx_word' id='word_1_694' title='bbox 3471 3326 3527 3375; x_wconf 90' lang='lat' dir='ltr'>et</span> <span class='ocrx_word' id='word_1_695' title='bbox 3557 3337 3765 3376; x_wconf 88' lang='lat' dir='ltr'>rursus</span> 
     </span>
    </p>
   </div>
   <div class='ocr_carea' id='block_1_91' title="bbox 2109 3400 3762 3482">
    <p class='ocr_par' dir='ltr' id='par_1_91' title="bbox 2109 3400 3762 3482">
     <span class='ocr_line' id='line_1_93' title="bbox 2109 3400 3762 3482; baseline -0.002 -18"><span class='ocrx_word' id='word_1_696' title='bbox 2109 3410 2473 3466; x_wconf 90' lang='lat' dir='ltr'>fortitudinis</span> <span class='ocrx_word' id='word_1_697' title='bbox 2499 3400 2675 3482; x_wconf 73' lang='lat' dir='ltr'>atque</span> <span class='ocrx_word' id='word_1_698' title='bbox 2707 3411 3052 3465; x_wconf 58' lang='lat' dir='ltr'>constantia</span> <span class='ocrx_word' id='word_1_699' title='bbox 3082 3409 3213 3464; x_wconf 88' lang='lat' dir='ltr'>laus</span> <span class='ocrx_word' id='word_1_700' title='bbox 3241 3427 3417 3480; x_wconf 84' lang='lat' dir='ltr'>parva</span> <span class='ocrx_word' id='word_1_701' title='bbox 3447 3413 3644 3464; x_wconf 86' lang='lat' dir='ltr'>lutura</span> <span class='ocrx_word' id='word_1_702' title='bbox 3665 3410 3762 3476; x_wconf 85' lang='lat' dir='ltr'>sit,</span> 
     </span>
    </p>
   </div>
   <div class='ocr_carea' id='block_1_92' title="bbox 2107 3497 3764 3570">
    <p class='ocr_par' dir='ltr' id='par_1_92' title="bbox 2107 3497 3764 3570">
     <span class='ocr_line' id='line_1_94' title="bbox 2107 3497 3764 3570; baseline -0.002 -16"><span class='ocrx_word' id='word_1_703' title='bbox 2107 3501 2155 3554; x_wconf 86' lang='lat' dir='ltr'>si</span> <span class='ocrx_word' id='word_1_704' title='bbox 2189 3516 2321 3553; x_wconf 90' lang='lat' dir='ltr'>cum</span> <span class='ocrx_word' id='word_1_705' title='bbox 2353 3498 2807 3570; x_wconf 88' lang='lat' dir='ltr'>sapientissimis</span> <span class='ocrx_word' id='word_1_706' title='bbox 2829 3516 3032 3552; x_wconf 80' lang='lat' dir='ltr'>eorum</span> <span class='ocrx_word' id='word_1_707' title='bbox 3061 3497 3434 3553; x_wconf 89' lang='lat' dir='ltr'>sermonibus</span> <span class='ocrx_word' id='word_1_708' title='bbox 3465 3513 3764 3567; x_wconf 90' lang='lat' dir='ltr'>compare-</span> 
     </span>
    </p>
   </div>
   <div class='ocr_carea' id='block_1_93' title="bbox 2106 3584 3761 3656">
    <p class='ocr_par' dir='ltr' id='par_1_93' title="bbox 2106 3584 3761 3656">
     <span class='ocr_line' id='line_1_95' title="bbox 2106 3584 3761 3656; baseline -0.002 -15"><span class='ocrx_word' id='word_1_709' title='bbox 2106 3593 2203 3641; x_wconf 88' lang='lat' dir='ltr'>tur</span> <span class='ocrx_word' id='word_1_710' title='bbox 2238 3605 2249 3641; x_wconf 89' lang='lat'><strong>:</strong></span> <span class='ocrx_word' id='word_1_711' title='bbox 2285 3588 2427 3642; x_wconf 90' lang='lat' dir='ltr'>adeo</span> <span class='ocrx_word' id='word_1_712' title='bbox 2470 3592 2534 3640; x_wconf 90' lang='lat' dir='ltr'>ut</span> <span class='ocrx_word' id='word_1_713' title='bbox 2585 3587 2818 3641; x_wconf 88' lang='lat' dir='ltr'>illorum</span> <span class='ocrx_word' id='word_1_714' title='bbox 2853 3586 2972 3638; x_wconf 70' lang='lat' dir='ltr'>haec</span> <span class='ocrx_word' id='word_1_715' title='bbox 3022 3584 3153 3639; x_wconf 87' lang='lat' dir='ltr'>laus</span> <span class='ocrx_word' id='word_1_716' title='bbox 3198 3585 3431 3656; x_wconf 89' lang='lat' dir='ltr'>propria</span> <span class='ocrx_word' id='word_1_717' title='bbox 3463 3585 3559 3648; x_wconf 89' lang='lat' dir='ltr'>sit,</span> <span class='ocrx_word' id='word_1_718' title='bbox 3606 3585 3761 3654; x_wconf 93' lang='lat' dir='ltr'>quod</span> 
     </span>
    </p>
   </div>
   <div class='ocr_carea' id='block_1_94' title="bbox 2105 3671 3760 3743">
    <p class='ocr_par' dir='ltr' id='par_1_94' title="bbox 2105 3671 3760 3743">
     <span class='ocr_line' id='line_1_96' title="bbox 2105 3671 3760 3743; baseline -0.001 -16"><span class='ocrx_word' id='word_1_719' title='bbox 2105 3674 2302 3743; x_wconf 81' lang='lat' dir='ltr'>iidem,</span> <span class='ocrx_word' id='word_1_720' title='bbox 2327 3678 2382 3729; x_wconf 90' lang='lat' dir='ltr'>et</span> <span class='ocrx_word' id='word_1_721' title='bbox 2410 3675 2490 3728; x_wconf 88' lang='lat' dir='ltr'>ita</span> <span class='ocrx_word' id='word_1_722' title='bbox 2514 3673 2807 3728; x_wconf 81' lang='lat' dir='ltr'>Cruciatus</span> <span class='ocrx_word' id='word_1_723' title='bbox 2829 3671 3177 3742; x_wconf 87' lang='lat' dir='ltr'>exceperint,</span> <span class='ocrx_word' id='word_1_724' title='bbox 3201 3676 3258 3726; x_wconf 91' lang='lat' dir='ltr'>et</span> <span class='ocrx_word' id='word_1_725' title='bbox 3281 3677 3504 3727; x_wconf 88' lang='lat' dir='ltr'>tantam</span> <span class='ocrx_word' id='word_1_726' title='bbox 3529 3671 3760 3742; x_wconf 74' lang='lat' dir='ltr'>sapien-</span> 
     </span>
    </p>
   </div>
   <div class='ocr_carea' id='block_1_95' title="bbox 2106 3760 3762 3832">
    <p class='ocr_par' dir='ltr' id='par_1_95' title="bbox 2106 3760 3762 3832">
     <span class='ocr_line' id='line_1_97' title="bbox 2106 3760 3762 3832; baseline 0.001 -16"><span class='ocrx_word' id='word_1_727' title='bbox 2106 3764 2251 3816; x_wconf 90' lang='lat' dir='ltr'>tiam</span> <span class='ocrx_word' id='word_1_728' title='bbox 2284 3762 2647 3816; x_wconf 85' lang='lat' dir='ltr'>exercuerint</span> <span class='ocrx_word' id='word_1_729' title='bbox 2669 3762 2725 3814; x_wconf 89' lang='lat' dir='ltr'>in</span> <span class='ocrx_word' id='word_1_730' title='bbox 2757 3760 3238 3832; x_wconf 84' lang='lat' dir='ltr'>responsionibus</span> <span class='ocrx_word' id='word_1_731' title='bbox 3272 3761 3341 3814; x_wconf 90' lang='lat' dir='ltr'>ad</span> <span class='ocrx_word' id='word_1_732' title='bbox 3374 3761 3762 3832; x_wconf 89' lang='lat' dir='ltr'>persecutoris</span> 
     </span>
    </p>
   </div>
   <div class='ocr_carea' id='block_1_96' title="bbox 2110 3847 3758 3921">
    <p class='ocr_par' dir='ltr' id='par_1_96' title="bbox 2110 3847 3758 3921">
     <span class='ocr_line' id='line_1_98' title="bbox 2110 3847 3758 3921; baseline -0.001 -15"><span class='ocrx_word' id='word_1_733' title='bbox 2110 3852 2321 3917; x_wconf 88' lang='lat' dir='ltr'>minas,</span> <span class='ocrx_word' id='word_1_734' title='bbox 2353 3851 2714 3920; x_wconf 88' lang='lat' dir='ltr'>injectosque</span> <span class='ocrx_word' id='word_1_735' title='bbox 2747 3847 3172 3919; x_wconf 89' lang='lat' dir='ltr'>suppliciorum</span> <span class='ocrx_word' id='word_1_736' title='bbox 3202 3853 3471 3919; x_wconf 86' lang='lat' dir='ltr'>terrores,</span> <span class='ocrx_word' id='word_1_737' title='bbox 3507 3867 3758 3921; x_wconf 90' lang='lat' dir='ltr'>quorum</span> 
     </span>
    </p>
   </div>
   <div class='ocr_carea' id='block_1_97' title="bbox 2107 3937 3757 4006">
    <p class='ocr_par' dir='ltr' id='par_1_97' title="bbox 2107 3937 3757 4006">
     <span class='ocr_line' id='line_1_99' title="bbox 2107 3937 3757 4006; baseline -0.001 -11"><span class='ocrx_word' id='word_1_738' title='bbox 2107 3939 2278 4005; x_wconf 88' lang='lat' dir='ltr'>nulli,</span> <span class='ocrx_word' id='word_1_739' title='bbox 2312 3955 2415 3994; x_wconf 88' lang='lat' dir='ltr'>nec</span> <span class='ocrx_word' id='word_1_740' title='bbox 2448 3940 2626 3994; x_wconf 79' lang='lat' dir='ltr'>fortes</span> <span class='ocrx_word' id='word_1_741' title='bbox 2662 3939 2784 4006; x_wconf 82' lang='lat' dir='ltr'>filii,</span> <span class='ocrx_word' id='word_1_742' title='bbox 2821 3954 2922 3992; x_wconf 90' lang='lat' dir='ltr'>nec</span> <span class='ocrx_word' id='word_1_743' title='bbox 2972 3937 3176 3992; x_wconf 86' lang='lat' dir='ltr'>fortior</span> <span class='ocrx_word' id='word_1_744' title='bbox 3207 3943 3393 3992; x_wconf 91' lang='lat' dir='ltr'>mater</span> <span class='ocrx_word' id='word_1_745' title='bbox 3422 3939 3757 3995; x_wconf 87' lang='lat' dir='ltr'>succubuit.</span> 
     </span>
    </p>
   </div>
   <div class='ocr_carea' id='block_1_98' title="bbox 2109 4026 3760 4100">
    <p class='ocr_par' dir='ltr' id='par_1_98' title="bbox 2109 4026 3760 4100">
     <span class='ocr_line' id='line_1_100' title="bbox 2109 4026 3760 4100; baseline 0.001 -18"><span class='ocrx_word' id='word_1_746' title='bbox 2109 4028 2257 4094; x_wconf 90' lang='lat' dir='ltr'>Quin</span> <span class='ocrx_word' id='word_1_747' title='bbox 2283 4031 2475 4100; x_wconf 86' lang='lat' dir='ltr'>potius</span> <span class='ocrx_word' id='word_1_748' title='bbox 2505 4027 2633 4099; x_wconf 90' lang='lat' dir='ltr'>ipsa</span> <span class='ocrx_word' id='word_1_749' title='bbox 2657 4045 2835 4099; x_wconf 89' lang='lat' dir='ltr'>supra</span> <span class='ocrx_word' id='word_1_750' title='bbox 2857 4027 3056 4082; x_wconf 87' lang='lat' dir='ltr'>omnia</span> <span class='ocrx_word' id='word_1_751' title='bbox 3076 4043 3204 4082; x_wconf 83' lang='lat' dir='ltr'>sese</span> <span class='ocrx_word' id='word_1_752' title='bbox 3236 4026 3548 4093; x_wconf 87' lang='lat' dir='ltr'>collocans,</span> <span class='ocrx_word' id='word_1_753' title='bbox 3576 4028 3760 4099; x_wconf 86' lang='lat' dir='ltr'>impe—</span> 
     </span>
    </p>
   </div>
   <div class='ocr_carea' id='block_1_99' title="bbox 2107 4115 3763 4189">
    <p class='ocr_par' dir='ltr' id='par_1_99' title="bbox 2107 4115 3763 4189">
     <span class='ocr_line' id='line_1_101' title="bbox 2107 4115 3763 4189; baseline 0 -17"><span class='ocrx_word' id='word_1_754' title='bbox 2107 4121 2352 4189; x_wconf 89' lang='lat' dir='ltr'>tumque</span> <span class='ocrx_word' id='word_1_755' title='bbox 2403 4118 2580 4172; x_wconf 88' lang='lat' dir='ltr'>animi</span> <span class='ocrx_word' id='word_1_756' title='bbox 2633 4132 2766 4170; x_wconf 87' lang='lat' dir='ltr'>cum</span> <span class='ocrx_word' id='word_1_757' title='bbox 2826 4131 3023 4170; x_wconf 90' lang='lat' dir='ltr'>amore</span> <span class='ocrx_word' id='word_1_758' title='bbox 3070 4115 3484 4181; x_wconf 88' lang='lat' dir='ltr'>commiscens,</span> <span class='ocrx_word' id='word_1_759' title='bbox 3532 4115 3763 4186; x_wconf 88' lang='lat' dir='ltr'>pulchri</span> 
     </span>
    </p>
   </div>
   <div class='ocr_carea' id='block_1_100' title="bbox 2110 4204 3763 4277">
    <p class='ocr_par' dir='ltr' id='par_1_100' title="bbox 2110 4204 3763 4277">
     <span class='ocr_line' id='line_1_102' title="bbox 2110 4204 3763 4277; baseline -0.002 -15"><span class='ocrx_word' id='word_1_760' title='bbox 2110 4207 2421 4277; x_wconf 85' lang='lat' dir='ltr'>cujusdam</span> <span class='ocrx_word' id='word_1_761' title='bbox 2472 4205 2730 4260; x_wconf 89' lang='lat' dir='ltr'>funebris</span> <span class='ocrx_word' id='word_1_762' title='bbox 2764 4205 3024 4259; x_wconf 90' lang='lat' dir='ltr'>muneris</span> <span class='ocrx_word' id='word_1_763' title='bbox 3074 4204 3217 4272; x_wconf 93' lang='lat' dir='ltr'>loco,</span> <span class='ocrx_word' id='word_1_764' title='bbox 3253 4205 3510 4276; x_wconf 81' lang='lat' dir='ltr'>ssipsam</span> <span class='ocrx_word' id='word_1_765' title='bbox 3564 4204 3763 4260; x_wconf 88' lang='lat' dir='ltr'>liberis</span> 
     </span>
    </p>
   </div>
   <div class='ocr_carea' id='block_1_101' title="bbox 2111 4294 3765 4368">
    <p class='ocr_par' dir='ltr' id='par_1_101' title="bbox 2111 4294 3765 4368">
     <span class='ocr_line' id='line_1_103' title="bbox 2111 4294 3765 4368; baseline -0.002 -17"><span class='ocrx_word' id='word_1_766' title='bbox 2111 4296 2343 4360; x_wconf 90' lang='lat' dir='ltr'>obtulit,</span> <span class='ocrx_word' id='word_1_767' title='bbox 2378 4313 2442 4350; x_wconf 90' lang='lat' dir='ltr'>ac</span> <span class='ocrx_word' id='word_1_768' title='bbox 2475 4311 2827 4368; x_wconf 74' lang='lat' dir='ltr'>praegressos</span> <span class='ocrx_word' id='word_1_769' title='bbox 2877 4299 3080 4350; x_wconf 87' lang='lat' dir='ltr'>secuta</span> <span class='ocrx_word' id='word_1_770' title='bbox 3108 4299 3197 4349; x_wconf 85' lang='lat' dir='ltr'>est</span> <span class='ocrx_word' id='word_1_771' title='bbox 3231 4311 3243 4349; x_wconf 92' lang='lat'>:</span> <span class='ocrx_word' id='word_1_772' title='bbox 3277 4294 3455 4366; x_wconf 89' lang='lat' dir='ltr'>idque</span> <span class='ocrx_word' id='word_1_773' title='bbox 3507 4311 3765 4366; x_wconf 91' lang='lat' dir='ltr'>quonam</span> 
     </span>
    </p>
   </div>
   <div class='ocr_carea' id='block_1_102' title="bbox 2113 4383 3764 4459">
    <p class='ocr_par' dir='ltr' id='par_1_102' title="bbox 2113 4383 3764 4459">
     <span class='ocr_line' id='line_1_104' title="bbox 2113 4383 3764 4459; baseline -0.002 -17"><span class='ocrx_word' id='word_1_774' title='bbox 2113 4392 2280 4459; x_wconf 88' lang='lat' dir='ltr'>pacto</span> <span class='ocrx_word' id='word_1_775' title='bbox 2305 4385 2332 4441; x_wconf 86' lang='lat'><strong><em>?</em></strong></span> <span class='ocrx_word' id='word_1_776' title='bbox 2378 4403 2481 4441; x_wconf 90' lang='lat' dir='ltr'>sua</span> <span class='ocrx_word' id='word_1_777' title='bbox 2510 4390 2717 4456; x_wconf 89' lang='lat' dir='ltr'>sponte</span> <span class='ocrx_word' id='word_1_778' title='bbox 2764 4386 2835 4439; x_wconf 91' lang='lat' dir='ltr'>ad</span> <span class='ocrx_word' id='word_1_779' title='bbox 2870 4383 3161 4456; x_wconf 85' lang='lat' dir='ltr'>supplicia</span> <span class='ocrx_word' id='word_1_780' title='bbox 3189 4384 3466 4455; x_wconf 87' lang='lat' dir='ltr'>gradiens</span> <span class='ocrx_word' id='word_1_781' title='bbox 3498 4403 3510 4440; x_wconf 89' lang='lat'><strong>:</strong></span> <span class='ocrx_word' id='word_1_782' title='bbox 3544 4389 3601 4440; x_wconf 89' lang='lat' dir='ltr'>et</span> <span class='ocrx_word' id='word_1_783' title='bbox 3630 4401 3764 4440; x_wconf 88' lang='lat' dir='ltr'>cum</span> 
     </span>
    </p>
   </div>
   <div class='ocr_carea' id='block_1_103' title="bbox 2113 4587 3762 4659">
    <p class='ocr_par' dir='ltr' id='par_1_103' title="bbox 2113 4587 3762 4659">
     <span class='ocr_line' id='line_1_105' title="bbox 2113 4587 3762 4659; baseline -0.001 -15"><span class='ocrx_word' id='word_1_784' title='bbox 2113 4590 2224 4644; x_wconf 83' lang='lat' dir='ltr'>fex.</span> <span class='ocrx_word' id='word_1_785' title='bbox 2258 4610 2284 4638; x_wconf 86' lang='lat'><strong>«</strong></span> <span class='ocrx_word' id='word_1_786' title='bbox 2317 4589 2441 4644; x_wconf 90' lang='lat' dir='ltr'>Non</span> <span class='ocrx_word' id='word_1_787' title='bbox 2477 4588 2646 4643; x_wconf 90' lang='lat' dir='ltr'>male.</span> <span class='ocrx_word' id='word_1_788' title='bbox 2681 4611 2707 4637; x_wconf 82' lang='lat'>«</span> <span class='ocrx_word' id='word_1_789' title='bbox 2742 4589 3092 4643; x_wconf 84' lang='lat' dir='ltr'>Carniﬁcum</span> <span class='ocrx_word' id='word_1_790' title='bbox 3130 4609 3157 4636; x_wconf 85' lang='lat'><strong>»</strong></span> <span class='ocrx_word' id='word_1_791' title='bbox 3187 4587 3346 4642; x_wconf 90' lang='lat' dir='ltr'>enim</span> <span class='ocrx_word' id='word_1_792' title='bbox 3379 4591 3503 4642; x_wconf 87' lang='lat' dir='ltr'>erat</span> <span class='ocrx_word' id='word_1_793' title='bbox 3535 4603 3762 4659; x_wconf 86' lang='lat' dir='ltr'>urgere,</span> 
     </span>
    </p>
   </div>
   <div class='ocr_carea' id='block_1_104' title="bbox 2112 4659 3765 4730">
    <p class='ocr_par' dir='ltr' id='par_1_104' title="bbox 2112 4659 3765 4730">
     <span class='ocr_line' id='line_1_106' title="bbox 2112 4659 3765 4730; baseline 0 -16"><span class='ocrx_word' id='word_1_794' title='bbox 2112 4665 2176 4716; x_wconf 88' lang='lat' dir='ltr'>ut</span> <span class='ocrx_word' id='word_1_795' title='bbox 2222 4659 2491 4714; x_wconf 82' lang='lat' dir='ltr'>Antiochi</span> <span class='ocrx_word' id='word_1_796' title='bbox 2534 4662 2706 4728; x_wconf 79' lang='lat' dir='ltr'>jussa</span> <span class='ocrx_word' id='word_1_797' title='bbox 2755 4663 3211 4730; x_wconf 73' lang='lat' dir='ltr'>perﬁcerentur;</span> <span class='ocrx_word' id='word_1_798' title='bbox 3265 4675 3380 4712; x_wconf 89' lang='lat' dir='ltr'>non</span> <span class='ocrx_word' id='word_1_799' title='bbox 3431 4665 3585 4714; x_wconf 91' lang='lat' dir='ltr'>certe</span> <span class='ocrx_word' id='word_1_800' title='bbox 3635 4661 3765 4730; x_wconf 88' lang='lat' dir='ltr'>ipsa</span> 
     </span>
    </p>
   </div>
   <div class='ocr_carea' id='block_1_105' title="bbox 2110 4730 2975 4800">
    <p class='ocr_par' dir='ltr' id='par_1_105' title="bbox 2110 4730 2975 4800">
     <span class='ocr_line' id='line_1_107' title="bbox 2110 4730 2975 4800; baseline -0.001 -15"><span class='ocrx_word' id='word_1_801' title='bbox 2110 4731 2286 4786; x_wconf 82' lang='lat' dir='ltr'>turba</span> <span class='ocrx_word' id='word_1_802' title='bbox 2318 4733 2368 4784; x_wconf 92' lang='lat' dir='ltr'><strong>M</strong></span> <span class='ocrx_word' id='word_1_803' title='bbox 2379 4730 2679 4800; x_wconf 69' lang='lat' dir='ltr'>achabaeos</span> <span class='ocrx_word' id='word_1_804' title='bbox 2715 4733 2975 4800; x_wconf 77' lang='lat' dir='ltr'>urgebat.</span> 
     </span>
    </p>
   </div>
   <div class='ocr_carea' id='block_1_106' title="bbox 2182 4798 3214 4873">
    <p class='ocr_par' dir='ltr' id='par_1_106' title="bbox 2182 4798 3214 4873">
     <span class='ocr_line' id='line_1_108' title="bbox 2182 4798 3214 4873; baseline -0.001 -18"><span class='ocrx_word' id='word_1_805' title='bbox 2182 4803 2294 4872; x_wconf 81' lang='grc'>(94)</span> <span class='ocrx_word' id='word_1_806' title='bbox 2325 4798 2566 4856; x_wconf 80' lang='grc' dir='ltr'>Χαλεπά.</span> <span class='ocrx_word' id='word_1_807' title='bbox 2603 4798 2863 4856; x_wconf 61' lang='grc' dir='ltr'>Βθεδῐῖο</span> <span class='ocrx_word' id='word_1_808' title='bbox 2901 4801 3214 4873; x_wconf 86' lang='lat' dir='ltr'>plerisque.</span> 
     </span>
    </p>
   </div>
   <div class='ocr_carea' id='block_1_107' title="bbox 2184 4869 3762 4946">
    <p class='ocr_par' dir='ltr' id='par_1_107' title="bbox 2184 4869 3762 4946">
     <span class='ocr_line' id='line_1_109' title="bbox 2184 4869 3762 4946; baseline -0.001 -19"><span class='ocrx_word' id='word_1_809' title='bbox 2184 4869 2297 4946; x_wconf 89' lang='grc'>(95)</span> <span class='ocrx_word' id='word_1_810' title='bbox 2351 4875 2545 4926; x_wconf 85' lang='grc' dir='ltr'>Ἐστιν.</span> <span class='ocrx_word' id='word_1_811' title='bbox 2599 4873 2770 4929; x_wconf 85' lang='lat' dir='ltr'>Deest</span> <span class='ocrx_word' id='word_1_812' title='bbox 2817 4874 2875 4927; x_wconf 87' lang='lat' dir='ltr'>in</span> <span class='ocrx_word' id='word_1_813' title='bbox 2902 4869 3006 4929; x_wconf 69' lang='lat' dir='ltr'>sex</span> <span class='ocrx_word' id='word_1_814' title='bbox 3058 4869 3219 4944; x_wconf 58' lang='lat' dir='ltr'>Rbg.,</span> <span class='ocrx_word' id='word_1_815' title='bbox 3271 4869 3445 4925; x_wconf 83' lang='lat' dir='ltr'>Coisl.</span> <span class='ocrx_word' id='word_1_816' title='bbox 3489 4871 3545 4938; x_wconf 83' lang='grc'>2,</span> <span class='ocrx_word' id='word_1_817' title='bbox 3580 4870 3676 4926; x_wconf 83' lang='lat' dir='ltr'>0r.</span> <span class='ocrx_word' id='word_1_818' title='bbox 3707 4874 3762 4938; x_wconf 85' lang='lat'>2,</span> 
     </span>
    </p>
   </div>
   <div class='ocr_carea' id='block_1_108' title="bbox 2113 4947 2224 5000">
    <p class='ocr_par' dir='ltr' id='par_1_108' title="bbox 2113 4947 2224 5000">
     <span class='ocr_line' id='line_1_110' title="bbox 2113 4947 2224 5000; baseline -0.009 -1"><span class='ocrx_word' id='word_1_819' title='bbox 2113 4947 2224 5000; x_wconf 87' lang='lat' dir='ltr'>etc.</span> 
     </span>
    </p>
   </div>
   <div class='ocr_carea' id='block_1_109' title="bbox 2186 5011 3768 5086">
    <p class='ocr_par' dir='ltr' id='par_1_109' title="bbox 2186 5011 3768 5086">
     <span class='ocr_line' id='line_1_111' title="bbox 2186 5011 3768 5086; baseline 0 -18"><span class='ocrx_word' id='word_1_820' title='bbox 2186 5015 2300 5086; x_wconf 87' lang='lat'>(96)</span> <span class='ocrx_word' id='word_1_821' title='bbox 2329 5018 2516 5085; x_wconf 80' lang='grc' dir='ltr'>Ὀμοῦ.</span> <span class='ocrx_word' id='word_1_822' title='bbox 2552 5016 2647 5071; x_wconf 88' lang='lat' dir='ltr'>Sic</span> <span class='ocrx_word' id='word_1_823' title='bbox 2696 5033 2795 5086; x_wconf 85' lang='lat' dir='ltr'>sex</span> <span class='ocrx_word' id='word_1_824' title='bbox 2846 5016 3008 5086; x_wconf 71' lang='lat' dir='ltr'>Reg,</span> <span class='ocrx_word' id='word_1_825' title='bbox 3044 5013 3240 5085; x_wconf 86' lang='lat' dir='ltr'>plures</span> <span class='ocrx_word' id='word_1_826' title='bbox 3289 5013 3476 5083; x_wconf 87' lang='lat' dir='ltr'>Colb.,</span> <span class='ocrx_word' id='word_1_827' title='bbox 3507 5011 3680 5070; x_wconf 87' lang='lat' dir='ltr'>Coisl.</span> <span class='ocrx_word' id='word_1_828' title='bbox 3710 5014 3768 5082; x_wconf 86' lang='lat'>2,</span> 
     </span>
    </p>
   </div>
   <div class='ocr_carea' id='block_1_110' title="bbox 2114 5085 2871 5159">
    <p class='ocr_par' dir='ltr' id='par_1_110' title="bbox 2114 5085 2871 5159">
     <span class='ocr_line' id='line_1_112' title="bbox 2114 5085 2871 5159; baseline 0.001 -17"><span class='ocrx_word' id='word_1_829' title='bbox 2114 5085 2301 5159; x_wconf 19' lang='lat' dir='ltr'>Or’.72,</span> <span class='ocrx_word' id='word_1_830' title='bbox 2341 5094 2448 5142; x_wconf 90' lang='lat' dir='ltr'>etc.</span> <span class='ocrx_word' id='word_1_831' title='bbox 2481 5089 2543 5159; x_wconf 82' lang='lat' dir='ltr'>In</span> <span class='ocrx_word' id='word_1_832' title='bbox 2579 5089 2694 5154; x_wconf 89' lang='lat' dir='ltr'>ed.,</span> <span class='ocrx_word' id='word_1_833' title='bbox 2728 5085 2871 5159; x_wconf 78' lang='grc' dir='ltr'>ἐμοί.</span> 
     </span>
    </p>
   </div>
   <div class='ocr_carea' id='block_1_111' title="bbox 2208 5152 3625 5231">
    <p class='ocr_par' dir='ltr' id='par_1_111' title="bbox 2208 5152 3625 5231">
     <span class='ocr_line' id='line_1_113' title="bbox 2208 5152 3625 5231; baseline 0.001 -22"><span class='ocrx_word' id='word_1_834' title='bbox 2208 5152 2297 5231; x_wconf 85' lang='grc'>97)</span> <span class='ocrx_word' id='word_1_835' title='bbox 2332 5157 2526 5231; x_wconf 80' lang='grc' dir='ltr'>Μικρά.</span> <span class='ocrx_word' id='word_1_836' title='bbox 2566 5152 2834 5231; x_wconf 77' lang='lat' dir='ltr'>Quinque</span> <span class='ocrx_word' id='word_1_837' title='bbox 2867 5158 3001 5231; x_wconf 62' lang='lat' dir='ltr'>Reg.</span> <span class='ocrx_word' id='word_1_838' title='bbox 3035 5159 3092 5212; x_wconf 84' lang='lat' dir='ltr'>et</span> <span class='ocrx_word' id='word_1_839' title='bbox 3119 5155 3290 5231; x_wconf 82' lang='lat' dir='ltr'>Coisl.</span> <span class='ocrx_word' id='word_1_840' title='bbox 3319 5157 3374 5228; x_wconf 88' lang='lat'>2,</span> <span class='ocrx_word' id='word_1_841' title='bbox 3411 5152 3625 5231; x_wconf 74' lang='grc' dir='ltr'>μικρόν.</span> 
     </span>
    </p>
   </div>
   <div class='ocr_carea' id='block_1_112' title="bbox 2209 5224 3774 5317">
    <p class='ocr_par' dir='ltr' id='par_1_112' title="bbox 2209 5224 3774 5317">
     <span class='ocr_line' id='line_1_114' title="bbox 2209 5224 3774 5317; baseline -0.001 -35"><span class='ocrx_word' id='word_1_842' title='bbox 2209 5224 2300 5302; x_wconf 87' lang='grc'>98)</span> <span class='ocrx_word' id='word_1_843' title='bbox 2344 5224 2681 5317; x_wconf 41' lang='grc' dir='ltr'>,Χωρήσασαπ</span> <span class='ocrx_word' id='word_1_844' title='bbox 2733 5224 2795 5285; x_wconf 81' lang='lat' dir='ltr'>ln</span> <span class='ocrx_word' id='word_1_845' title='bbox 2849 5224 3020 5317; x_wconf 67' lang='lat' dir='ltr'>editis</span> <span class='ocrx_word' id='word_1_846' title='bbox 3061 5224 3385 5316; x_wconf 54' lang='lat' dir='ltr'>sequitur}</span> <span class='ocrx_word' id='word_1_847' title='bbox 3415 5224 3596 5317; x_wconf 53' lang='grc' dir='ltr'>ἀτίζὶν</span> <span class='ocrx_word' id='word_1_848' title='bbox 3632 5224 3774 5317; x_wconf 69' lang='grc' dir='ltr'>μηδὲ</span> 
     </span>
    </p>
   </div>
   <div class='ocr_carea' id='block_1_113' title="bbox 2119 5298 3771 5374">
    <p class='ocr_par' dir='ltr' id='par_1_113' title="bbox 2119 5298 3771 5374">
     <span class='ocr_line' id='line_1_115' title="bbox 2119 5298 3771 5374; baseline 0.001 -23"><span class='ocrx_word' id='word_1_849' title='bbox 2119 5298 2290 5372; x_wconf 74' lang='grc' dir='ltr'>σῶμα</span> <span class='ocrx_word' id='word_1_850' title='bbox 2331 5298 2577 5372; x_wconf 67' lang='grc' dir='ltr'>ψαύσειεν</span> <span class='ocrx_word' id='word_1_851' title='bbox 2639 5298 2865 5373; x_wconf 80' lang='grc' dir='ltr'>ἄναγνον</span> <span class='ocrx_word' id='word_1_852' title='bbox 2927 5301 3094 5370; x_wconf 72' lang='grc' dir='ltr'>ἁγνοῦ</span> <span class='ocrx_word' id='word_1_853' title='bbox 3150 5298 3240 5352; x_wconf 80' lang='grc' dir='ltr'>καὶ</span> <span class='ocrx_word' id='word_1_854' title='bbox 3288 5298 3530 5374; x_wconf 78' lang='grc' dir='ltr'>γενναίου</span> <span class='ocrx_word' id='word_1_855' title='bbox 3582 5298 3771 5369; x_wconf 80' lang='grc' dir='ltr'>σώμα-</span> 
     </span>
    </p>
   </div>
   <div class='ocr_carea' id='block_1_114' title="bbox 2117 5373 3774 5444">
    <p class='ocr_par' dir='ltr' id='par_1_114' title="bbox 2117 5373 3774 5444">
     <span class='ocr_line' id='line_1_116' title="bbox 2117 5373 3774 5444; baseline 0.001 -19"><span class='ocrx_word' id='word_1_856' title='bbox 2117 5389 2232 5432; x_wconf 81' lang='grc' dir='ltr'>τος·</span> <span class='ocrx_word' id='word_1_857' title='bbox 2285 5393 2312 5423; x_wconf 94' lang='grc'><strong>‹‹</strong></span> <span class='ocrx_word' id='word_1_858' title='bbox 2346 5392 2417 5429; x_wconf 88' lang='lat' dir='ltr'>ne</span> <span class='ocrx_word' id='word_1_859' title='bbox 2448 5392 2658 5444; x_wconf 88' lang='lat' dir='ltr'>purum</span> <span class='ocrx_word' id='word_1_860' title='bbox 2699 5391 2765 5428; x_wconf 85' lang='lat' dir='ltr'>ac</span> <span class='ocrx_word' id='word_1_861' title='bbox 2795 5389 3143 5443; x_wconf 86' lang='lat' dir='ltr'>generosum</span> <span class='ocrx_word' id='word_1_862' title='bbox 3175 5373 3389 5443; x_wconf 87' lang='lat' dir='ltr'>corpus</span> <span class='ocrx_word' id='word_1_863' title='bbox 3437 5373 3509 5427; x_wconf 88' lang='lat' dir='ltr'>ab</span> <span class='ocrx_word' id='word_1_864' title='bbox 3541 5374 3774 5444; x_wconf 82' lang='lat' dir='ltr'>impuro</span> 
     </span>
    </p>
   </div>
   <div class='ocr_carea' id='block_1_115' title="bbox 2121 5442 3776 5516">
    <p class='ocr_par' dir='ltr' id='par_1_115' title="bbox 2121 5442 3776 5516">
     <span class='ocr_line' id='line_1_117' title="bbox 2121 5442 3776 5516; baseline -0.001 -16"><span class='ocrx_word' id='word_1_865' title='bbox 2121 5461 2361 5516; x_wconf 88' lang='lat' dir='ltr'>corpore</span> <span class='ocrx_word' id='word_1_866' title='bbox 2410 5442 2834 5502; x_wconf 83' lang='lat' dir='ltr'>attrectaretur.</span> <span class='ocrx_word' id='word_1_867' title='bbox 2871 5467 2899 5494; x_wconf 82' lang='lat'>»</span> <span class='ocrx_word' id='word_1_868' title='bbox 2939 5445 3045 5499; x_wconf 73' lang='lat' dir='ltr'>Sed</span> <span class='ocrx_word' id='word_1_869' title='bbox 3099 5445 3217 5499; x_wconf 65' lang='lat' dir='ltr'>haec</span> <span class='ocrx_word' id='word_1_870' title='bbox 3246 5442 3462 5500; x_wconf 86' lang='lat' dir='ltr'>temere</span> <span class='ocrx_word' id='word_1_871' title='bbox 3493 5442 3587 5499; x_wconf 86' lang='lat' dir='ltr'>hic</span> <span class='ocrx_word' id='word_1_872' title='bbox 3633 5449 3776 5498; x_wconf 90' lang='lat' dir='ltr'>sunt</span> 
     </span>
    </p>
   </div>
   <div class='ocr_carea' id='block_1_116' title="bbox 2121 5523 3416 5662">
    <p class='ocr_par' dir='ltr' id='par_1_116' title="bbox 2121 5523 3416 5662">
     <span class='ocr_line' id='line_1_118' title="bbox 2121 5523 3416 5662; baseline 0 -19"><span class='ocrx_word' id='word_1_873' title='bbox 2121 5523 2578 5662; x_wconf 33' lang='lat' dir='ltr'>“(atilllﬂﬂmv</span> <span class='ocrx_word' id='word_1_874' title='bbox 2615 5632 2625 5643; x_wconf 95' lang='lat'>.</span> <span class='ocrx_word' id='word_1_875' title='bbox 2660 5589 2721 5644; x_wconf 89' lang='lat' dir='ltr'>In</span> <span class='ocrx_word' id='word_1_876' title='bbox 2754 5587 3130 5659; x_wconf 86' lang='lat' dir='ltr'>quibusdam,</span> <span class='ocrx_word' id='word_1_877' title='bbox 3159 5579 3416 5643; x_wconf 74' lang='grc' dir='ltr'>ἔϐαλλον.</span> 
     </span>
    </p>
   </div>
  </div>
