2045 3217
141 192 203 223 919

769 188 802 219 S.
825 187 1012 219 GREGORII
1035 186 1232 220 THEOLOGI

1798 193 1859 225 920

141 259 247 296 quibus
261 258 431 295 epitaphilis
441 258 455 285 Τ
470 256 609 291 Quamvis
620 256 699 284 enim
716 255 830 292 pulchri
843 262 969 291 quoque,

1040 252 1071 280 Lai
1086 255 1125 291 (ί)
1140 254 1166 281 οἱ
1181 258 1232 289 τῆς
1249 256 1363 292 μητρὸς,
1380 256 1424 284 καὶ
1439 256 1642 294 παρακλητικοὶ
1657 258 1855 297 πρότερον,καὶ

143 307 231 340 atque
246 304 318 332 adeo
334 303 523 339 pulcherrimi
540 301 667 329 filiorum
684 302 718 328 ad
737 304 895 336 tyrannum
911 306 972 326 ser-

145 357 247 377 mones
265 349 384 383 tuerint,
400 356 467 375 cum
485 347 593 382 quibus
609 346 701 373 aciem
721 345 933 377 instruxerunt,
946 346 974 371 et

145 393 254 429 quibus
273 395 432 429 tyrannum
457 392 638 419 confixerunt
654 398 660 417 :
678 389 860 425 pulchriores
875 391 973 416 tamen

145 438 250 465 matris
261 445 411 465 sermones
426 437 554 470 fuerunt,
565 435 672 470 quibus
686 442 736 462 eos
752 433 833 470 prius
844 433 880 460 ad
897 441 974 460 mar-

145 483 255 519 tyrium
262 482 412 510 cohortata
418 484 473 513 est,
482 488 515 508 ac
525 480 629 507 deinde
637 479 736 506 fumus
743 486 843 506 eorum
851 485 974 505 exorna-

144 527 196 555 vit.
209 526 431 562 Quinamigitur
442 525 571 552 ﬁliorum
583 531 732 552 sermones
744 522 881 550 fuerunt?
892 522 975 549 Com-

146 572 267 599 modum
284 570 361 598 enim
387 569 475 597 fuerit
499 577 549 597 eos
565 576 684 604 quoque
700 567 782 595 vobis
797 574 975 594 commemo-

146 624 221 651 rare,
238 617 271 643 ut
285 614 536 651 quemadmodum
552 612 734 647 certaminis,
749 611 791 639 ita
805 618 976 639 sermonum

146 660 244 693 etiam,
262 659 312 695 qui
328 661 472 695 martyres
498 658 631 693 deceant,
649 655 817 692 exemplum
833 655 976 689 habeatis,

148 704 172 732 si
188 704 219 732 in
235 704 338 732 eadem
361 706 496 739 tempora
517 702 691 729 incideritis.
707 700 762 728 Alii
786 700 906 736 quidem
921 699 978 727 alio

147 749 292 776 sermonis
303 756 407 783 genere
418 747 587 780 utebantur,
603 749 690 782 prout
706 753 865 781 quemque,
878 743 921 771 vel
935 746 978 779 ty-

149 793 234 821 ranni
254 793 351 826 verba,
368 792 413 820 vel
439 790 636 827 periculorum
652 791 733 823 ordo,
751 789 794 817 vel
810 789 901 816 animi
918 789 979 816 ela—

150 838 238 866 critas
263 838 406 865 armabat.
423 839 575 870 Caeterum,
594 838 627 862 ut
648 836 819 862 summatim
835 842 883 861 eos
900 842 978 861 com-

150 882 270 918 plectar,
288 881 362 909 tales
388 883 471 908 erant
487 889 493 907 :
512 891 525 904 ‹‹
545 880 645 913 Nobis,
662 888 678 906 ο
702 879 854 911 Antioche,
871 878 979 905 caeteri-

149 935 208 962 que
231 927 281 961 qui
306 926 425 959 adestis,
452 925 509 952 Rex
535 933 610 951 unus
628 927 672 951 est
696 924 784 958 Deus,
801 932 817 950 a
842 932 898 958 quo
915 931 979 957 pro-
996 920 1018 950 Β

148 971 237 999 creati
254 979 368 1003 sumus,
386 973 413 997 et
427 970 462 996 ad
483 978 569 1004 quem
587 971 776 996 revertemur.
794 968 875 995 Unus
892 967 979 1002 legis-

149 1016 226 1043 lator
242 1015 366 1051 Moyses,
384 1023 471 1050 quem
498 1023 554 1041 non
573 1014 741 1049 prodamus,
760 1022 811 1040 nec
827 1015 981 1040 contume—

151 1060 190 1087 lia
213 1060 397 1092 afficiamus;
425 1068 481 1086 non
509 1067 559 1094 per
574 1067 607 1086 ea
632 1058 772 1093 pericula,
789 1066 851 1092 quae
876 1059 919 1085 vir
936 1055 983 1083 ille

151 1104 270 1133 virtutis
286 1112 376 1131 causa
401 1104 541 1138 suscepit,
560 1112 592 1130 ac
620 1102 762 1130 miracula
777 1111 839 1137 qua:
856 1102 984 1137 plurima

154 1149 291 1185 patravit,
308 1157 343 1176 ne
359 1148 383 1175 si
400 1148 475 1175 alius
496 1148 615 1183 quidem
638 1147 799 1174 Antiochus
816 1149 843 1173 te
860 1146 985 1173 atrocior

157 1194 241 1222 nobis
257 1194 418 1220 minitetur.
436 1192 532 1220 Unum
551 1192 732 1228 prasidium,
750 1191 838 1218 divini
855 1190 985 1218 mandati

159 1238 332 1271 observatio,
350 1247 382 1265 ac
400 1247 434 1264 nc
450 1237 504 1270 lex,
518 1246 576 1273 qua
591 1237 703 1272 obscpti
717 1245 830 1269 sumus,
844 1236 985 1271 infringa-

158 1287 216 1312 tur.
236 1285 296 1313 Una
312 1292 397 1319 porro
413 1284 515 1320 gloria,
534 1285 565 1310 ut
581 1291 631 1319 pro
652 1283 742 1309 tantis
759 1283 846 1309 rebus
862 1282 986 1317 gloriam

156 1338 274 1357 omnem
287 1332 521 1356 contemnamus.
530 1328 601 1355 Solm
614 1328 740 1362 denique
749 1335 818 1362 opes
830 1329 857 1353 et
868 1326 984 1359 divitiae,

156 1375 233 1402 bona
249 1382 293 1407 ea,
310 1382 373 1409 quae
389 1373 418 1400 in
436 1381 486 1408 spe
503 1372 656 1399 habemus.
668 1372 726 1399 Nec
741 1379 806 1398 vero
823 1371 985 1406 quidquam

155 1418 234 1446 aliud
243 1417 327 1445 nobis
335 1416 518 1445 formidabile
525 1421 670 1451 est,quam
680 1416 791 1451 nequid
800 1415 985 1451 magisquam

158 1463 250 1491 Deum
271 1462 474 1489 formidamus.
501 1462 571 1488 Cum
590 1461 636 1488 his
661 1461 825 1488 rationibus
850 1460 877 1487 in
895 1460 985 1487 acicm

157 1506 371 1543 prodimuszhis
383 1505 616 1533 armisinstructi
626 1514 745 1533 sumus:
755 1514 822 1532 cum
833 1505 986 1539 hujusmo-

159 1552 188 1579 di
199 1551 358 1587 juvenibus
373 1551 427 1578 tibi
444 1558 541 1578 sermo
555 1558 586 1577 ac
600 1550 749 1585 negotium
765 1552 820 1577 est.
832 1550 986 1577 Jucundus

159 1596 278 1632 quidem
296 1597 325 1622 et
348 1594 446 1622 suavis
462 1595 508 1622 hic
533 1595 663 1622 mundus
679 1597 734 1628 est,
750 1596 778 1621 et
794 1594 922 1630 patrium
943 1603 987 1621 so-

158 1641 232 1674 lum,
249 1643 278 1667 et
292 1640 390 1672 amici,
407 1642 435 1666 et
451 1639 577 1674 cognati,
595 1641 623 1666 et
649 1638 784 1673 aequales,
801 1641 829 1666 et
844 1639 987 1674 templum

158 1686 224 1718 hoc,
241 1685 326 1719 cujus
350 1692 491 1719 magnum
517 1692 550 1711 ac
566 1682 679 1710 celebre
694 1691 799 1710 nomen
826 1685 879 1717 est,
896 1686 924 1710 et
940 1692 990 1719 pa-

158 1730 217 1757 tria
232 1729 315 1762 festa,
332 1731 360 1756 et
380 1728 529 1764 mysteria,
547 1730 633 1762 atque
650 1730 764 1760 caetera,
782 1728 854 1755 29]
875 1728 910 1755 ob
927 1736 990 1763 quae

159 1773 299 1801 mortales
320 1781 423 1801 omnes
440 1771 611 1799 antecellere
635 1772 779 1799 videmur.
798 1774 905 1800 Verum
924 1773 990 1806 ista,

159 1819 217 1846 Deo
242 1817 438 1854 periculisque
463 1817 509 1850 iis,
536 1826 599 1852 quae
626 1826 676 1852 pro
703 1817 807 1844 virtute
833 1817 990 1851 adeuntur,

159 1864 393 1899 haudquaquam
422 1862 559 1889 suaviora
584 1864 677 1889 sunt:
697 1870 763 1889 cave
788 1862 817 1888 id
833 1862 992 1889 existimes.

157 1908 240 1935 Alius
257 1908 335 1935 enim
352 1907 437 1934 nobis
455 1906 584 1933 mundus
601 1908 655 1939 est,
666 1906 803 1933 omnibus
819 1907 917 1938 rebus,
930 1915 993 1941 quae

158 1952 253 1981 oculis
278 1954 451 1985 cernuntur,
475 1950 562 1986 longe
586 1951 743 1978 sublimior
758 1959 791 1978 ac
815 1951 992 1978 diuturnior.

1029 298 1139 336 ὕστερον
1163 298 1312 339 ἐπιτάφιοι.
1334 301 1407 332 Τίνες
1432 302 1477 329 οὖν
1504 303 1529 330 el.
1550 305 1604 330 τῶν
1629 302 1734 332 παίδων
1756 304 1859 343 λόγοι;

1029 343 1118 370 Καλὸν
1133 345 1184 382 γὰρ
1202 345 1239 381 (2)
1260 345 1503 382 ἀπομνημονεῦσαι
1529 348 1573 375 καὶ
1597 348 1701 376 τούτων
1722 349 1799 385 ὑμῖν,
1823 349 1860 376 ἶν’

1030 387 1113 426 ἔχητε
1126 389 1222 424 τύπον,
1240 389 1330 426 ὥσπερ
1342 390 1492 428 ἀθλήσεως,
1510 390 1581 420 οὕτω
1597 393 1641 420 καὶ
1667 392 1758 431 λόγων
1787 405 1858 433 μαρ-

1029 435 1146 470 τυρικῶν
1163 433 1188 460 ἦν
1203 437 1261 465 τοῖς
1276 435 1412 466 τοιούτοις
1426 439 1543 474 καιροῖς.
1559 436 1664 465 Ἀλλου
1689 438 1738 474 μὶν
1763 437 1858 475 ἄλλοι,

1030 476 1075 503 καὶ
1091 477 1128 509 ὡι,
1144 476 1255 505 ἕκαστον
1270 479 1296 505 οἱ
1310 481 1359 506 τοῦ
1375 478 1524 512 διώκοντος
1540 480 1629 519 λόγοι,
1645 482 1662 517 ἣ
1685 484 1738 509 τῶν
1762 482 1857 510 κινδύ-

1031 532 1084 548 νων
1100 523 1117 556 ἡ
1131 522 1216 559 τάξις,
1272 527 1324 558 τῆς
1347 526 1439 562 ψυχῆς
1454 525 1485 553 τὸ
1501 525 1647 564 φιλότιμον
1665 526 1783 562 ὥπλιζεν
1797 538 1803 545 ·
1820 528 1857 559 ὡς

1032 564 1055 593 δ’
1076 566 1121 594 οὗν
1144 567 1222 603 τύπῳ
1245 566 1404 605 περιλαϐεῖν
1428 571 1476 607 (3),
1503 570 1570 605 ἦσαν
1586 574 1717 599 τοιοῦτοι·
1736 584 1749 598 ‹‹
1766 573 1859 609 Ἡμῖν,

1033 610 1165 648 ’Δντίιχε,
1182 611 1227 639 καὶ
1242 613 1339 640 πάντες
1356 613 1383 640 οἱ
1398 614 1619 652 περιεστηκότες,
1639 615 1678 646 εἷς
1708 616 1756 652 μὶν
1782 617 1856 653 βασι-

1033 654 1095 686 λεὺς
1125 656 1139 683 ὁ
1167 657 1243 690 Θεὸς,
1267 660 1330 695 παρ’
1354 656 1385 685 οὗ
1409 658 1569 696 γεγόναμεν,
1592 660 1637 687 καὶ
1659 660 1727 698 πρὸς
1751 660 1780 688 ’ὀν
1803 660 1856 688 ἐπι-

1033 699 1195 737 στρέψομεν.
1212 701 1259 732 Εἷς
1275 700 1304 728 δὲ
1317 701 1468 738 νομοθέτης
1480 704 1493 731 ὁ
1509 707 1640 741 Μωΰσῆς,
1657 704 1686 732 ὃν
1702 704 1733 732 οὗ
1748 704 1859 743 προδώ-

1034 754 1129 780 σομεν,
1146 743 1207 772 οὐδὲ
1227 743 1435 784 καθυϐρίσομεν·
1454 747 1485 775 οὗ
1511 749 1549 784 μὰ
1563 748 1626 780 τοὺς
1643 750 1681 785 (4)
1707 750 1772 788 ὑπὲρ
1798 750 1859 787 ἀρε-

1034 792 1084 823 τῆς
1109 792 1157 816 τοῦ
1183 789 1279 828 ἀνδρὸς
1309 790 1459 828 κινδύνους,
1484 793 1528 820 καὶ
1553 794 1587 820 τὰ
1610 792 1704 821 πολλὰ
1725 793 1861 831 θαύματα,

1036 833 1094 860 οὐδ’
1109 833 1137 861 ἂν
1155 836 1222 870 ἡμῖν
1237 834 1323 866 ἀλλος
1343 836 1486 874 ’Δντίοχος
1504 837 1605 872 ἀπειλῆ
1630 848 1677 865 σου
1702 837 1864 876 χαλιπώτι-

1037 889 1093 914 ρος.
1111 878 1164 905 Μία
1180 880 1208 905 ὖὲ
1233 879 1376 918 ἀσφάλεια,
1401 883 1449 915 τῆς
1465 881 1578 917 ἐντολῆς
1593 884 1610 917 ἡ
1626 883 1753 920 τήρησις,
1768 882 1814 910 καὶ
1829 883 1862 910 τὸ

1037 924 1074 959 μὴ
1093 923 1203 961 ῥαγῆναι
1219 925 1264 951 τὸν
1281 925 1374 961 νόμον,
1397 926 1419 961 ᾧ
1440 926 1640 964 τετειχίσμεθα.
1666 926 1722 954 Μία
1736 925 1766 954 δὲ
1787 925 1864 964 δόξα.

1036 969 1066 994 τὸ
1092 967 1172 1004 δόξης
1199 969 1304 1004 ἀπάσης
1330 969 1465 1007 ὑπεριδεῖν
1492 972 1529 1007 (5)
1550 971 1593 998 ἐπὶ
1609 970 1797 1007 τηλικούτοις.
1814 973 1864 1004 Εἷς

1039 1011 1067 1039 δὲ
1091 1011 1221 1047 πλοῦτος,
1246 1014 1279 1040 τὰ
1304 1013 1470 1050 ἐλπιζόμενα
1484 1025 1490 1031 ·
1515 1013 1629 1055 φοϐερὸν
1649 1015 1678 1043 δὶ
1693 1015 1781 1052 οὐδὲν,
1802 1017 1820 1052 ἢ
1833 1017 1865 1045 τὸ

1039 1055 1190 1094 φοϐηθῆναί
1214 1069 1239 1084 τι
1265 1059 1317 1095 πρὸ
1342 1061 1418 1088 Θεοῦ.
1445 1060 1520 1087 Μετᾶ
1542 1060 1645 1087 τούτων
1661 1061 1864 1099 παρατετάγμι-

1039 1103 1071 1128 θα
1086 1104 1138 1128 τῶν
1154 1101 1309 1139 λογισμῶν,
1326 1103 1370 1130 καὶ
1389 1104 1475 1135 οὕτως
1493 1103 1670 1141 ὡπλίσμεθα·
1696 1106 1765 1142 πρὸς
1778 1105 1865 1134 τοιού-

1039 1158 1102 1177 τους
1127 1158 1168 1174 σοι
1190 1148 1293 1178 νεανίας
1319 1148 1332 1175 ὁ
1358 1148 1450 1186 λόγος.
1469 1147 1533 1176 Ἡδὺ
1549 1149 1596 1185 μὲν
1612 1150 1656 1177 καὶ
1671 1150 1684 1177 ὁ
1700 1150 1802 1187 κόσμιος
1816 1149 1861 1177 οὗ-

1040 1202 1096 1227 τος,
1123 1192 1167 1218 καὶ
1190 1193 1220 1219 τὸ
1245 1195 1370 1230 πατρῶον
1396 1192 1504 1232 ἔδαφος,
1531 1194 1576 1221 καὶ
1598 1193 1686 1233 φίλοι,
1709 1195 1755 1222 καὶ
1770 1205 1864 1233 συγγε-

1041 1239 1106 1269 νεῖς,
1123 1237 1167 1263 καὶ
1184 1236 1342 1272 ἡλικιῶται,
1357 1239 1400 1265 καὶ
1418 1238 1503 1269 ὁναὸς
1521 1237 1599 1270 οὗτος
1622 1239 1654 1266 τὸ
1677 1239 1746 1277 μέγα
1760 1239 1805 1267 καὶ
1819 1250 1866 1268 πε-

1043 1279 1170 1318 ριϐόητον
1213 1280 1310 1318 ὄνομα,
1354 1283 1397 1309 καὶ
1441 1282 1606 1320 πανηγύρεις
1643 1284 1783 1322 πατρικαὶ,
1821 1284 1868 1312 καὶ

1044 1328 1189 1363 μυστήρια,
1215 1327 1258 1353 καὶ
1286 1328 1371 1354 πάντα
1396 1328 1436 1358 οἷς
1457 1329 1538 1363 ἡμεῖς
1554 1330 1606 1355 τῶν
1624 1327 1717 1356 ἄλλων
1733 1327 1868 1368 διαφιρειν

1043 1370 1187 1407 δοκοῦμεν.
1204 1369 1286 1398 Οὔπω
1303 1372 1331 1399 υὶ
1346 1370 1417 1406 ἡδίω
1433 1374 1510 1408 Θεοῦ,
1526 1372 1569 1399 καὶ
1588 1375 1641 1400 τῶν
1664 1373 1730 1412 ὑπὲρ
1752 1376 1801 1401 τοῦ
1820 1384 1869 1402 κα-

1043 1416 1092 1443 λοῦ
1108 1414 1239 1442 κινδύνων
1255 1425 1260 1430 ·
1290 1418 1326 1452 μή
1352 1419 1432 1443 τοῦτο
1457 1417 1580 1454 νομίσῃς.
1598 1417 1705 1454 Κόσμος
1719 1427 1748 1445 τε
1764 1419 1802 1456 (6)
1816 1418 1868 1457 γὰρ

1042 1460 1127 1491 ἄλλος
1144 1462 1223 1496 ἡμῖν,
1252 1460 1324 1487 πολὺ
1349 1464 1402 1488 τῶν
1424 1462 1568 1499 ὁρωμένων
1586 1461 1756 1500 ὑψηλότερός
1771 1473 1801 1490 τι
1822 1463 1869 1490 καὶ

1044 1505 1234 1543 μοτιμώτερος
1249 1514 1255 1520 ·
1279 1505 1374 1543 πατρίς
1399 1516 1428 1532 τε
1451 1507 1487 1541 (7)
1512 1507 1529 1541 ἡ
1558 1506 1613 1534 ἄνω
1628 1506 1820 1544 Ἰερουσαλὴμ,
1837 1508 1868 1542 ἣν

1043 1548 1130 1580 οὐδεὶς
1147 1549 1289 1587 Ἀντίοχος
1315 1551 1508 1588 πολιορκήσει,
1534 1549 1595 1578 οὐδὲ
1619 1550 1803 1588 προσδοκήσιι
1818 1562 1871 1580 πα-

1046 1594 1234 1630 ραστήσεσθαι,
1251 1595 1267 1628 ἡ
1286 1594 1402 1631 κάρτερὰ
1415 1594 1459 1621 καὶ
1484 1593 1635 1626 ανάλωτις.
1652 1595 1812 1633 Συγγὲνεια,
1829 1595 1871 1624 δὶ.

1044 1640 1061 1672 ἡ
1078 1641 1234 1674 ᾶμπνευσις.
1266 1639 1309 1666 καὶ
1335 1640 1361 1666 οἱ
1390 1640 1447 1667 κατ’
1477 1640 1573 1678 ἀρετήν
1589 1640 1768 1678 γεννηθέντες.
1787 1640 1873 1669 Φίλοι

1046 1682 1084 1717 δὲ,
1101 1686 1252 1721 προφῆται,
1268 1683 1312 1710 καὶ
1328 1685 1506 1722 πατριάρχαι,
1523 1685 1584 1722 παρ’
1598 1684 1633 1711 ὧν
1649 1685 1715 1720 ἡμῖν
1728 1683 1774 1711 καὶ
1790 1685 1805 1711 ὁ
1820 1682 1870 1712 τό·

1047 1727 1096 1757 λος
1124 1729 1173 1761 τῆς
1203 1726 1346 1759 εὐσεϐείας.
1373 1728 1533 1756 Ἥλικιῶται
1555 1728 1593 1764 δὲ,
1617 1729 1643 1756 οἳ
1663 1730 1783 1767 σήμερον
1800 1730 1872 1766 ἡμῖν

1048 1771 1308 1810 συγκινδυνιῦοντες,
1325 1773 1370 1799 καὶ
1386 1774 1435 1807 τὴν
1452 1774 1593 1812 καρτερίαν
1609 1773 1773 1811 δμόχρονοι.
1798 1775 1877 1802 Ναοῦ

1049 1816 1087 1849 δὲ,
1104 1817 1217 1854 οὐρανὸς
1236 1817 1689 1856 μεγαλοπρεπέστερος,πανήγυρις
1700 1816 1739 1855 δὲ,
1751 1817 1878 1856 ἀγγέλων

1048 1862 1214 1899 χοροστασία
1295 1862 1339 1888 καὶ
1358 1863 1507 1900 μυστήριον
1521 1861 1548 1890 ἓν
1568 1863 1648 1900 μέγα,
1672 1862 1717 1890 καὶ
1739 1862 1878 1900 μέγιστον,

1049 1906 1093 1932 καὶ
1109 1909 1167 1936 τοῖς
1177 1905 1295 1937 πολλοῖς
1311 1906 1480 1946 ἀπόκρυφον,
1496 1907 1509 1934 ὁ
1525 1907 1601 1942 Θεὸς,
1629 1907 1698 1946 πρὸς
1720 1907 1749 1935 ὃν
1783 1907 1878 1945 βλέπει

1050 1951 1094 1977 καὶ
1109 1951 1143 1977 τὰ
1153 1949 1219 1983 τῇδε
1237 1952 1383 1986 μυστήρια.

160 1996 258 2025 Patria
273 1999 382 2030 autem,
398 2004 524 2031 superna
538 1995 701 2023 Jerusalem
713 1995 745 2029 ‘9,
761 2003 850 2030 quam
876 1996 976 2023 nullus
991 1996 1152 2024 Antiochus
1175 1998 1364 2032 expugnabit,
1382 2004 1435 2024 nec
1455 2005 1537 2032 spem
1560 1997 1678 2025 habebit
1694 1997 1766 2032 fore,
1786 1999 1819 2025 ut
1833 1996 1877 2025 di-

160 2042 234 2070 tioni
252 2044 339 2077 atque
355 2040 478 2076 imperio
494 2048 547 2067 suo
565 2039 712 2075 subjiciat,
730 2042 832 2075 utpote
847 2040 962 2067 firmam
979 2042 1007 2067 et
1030 2040 1300 2076 inexpugnabilem.
1317 2041 1456 2076 Coguatio
1472 2040 1553 2075 item,
1569 2041 1726 2076 inspiratio
1742 2041 1790 2068 illa
1801 2041 1832 2075 ⁸ο,
1849 2043 1878 2069 et

162 2086 213 2122 qui
229 2086 393 2114 secundum
408 2084 545 2112 virtutem
563 2083 708 2120 progeniti
722 2085 801 2111 sunt.
817 2083 909 2111 Amici
927 2092 1022 2119 porro,
1040 2084 1188 2120 propheta:
1211 2087 1240 2112 et
1264 2085 1447 2121 patriarchae,
1465 2093 1482 2112 ει
1497 2085 1606 2120 quibus
1622 2085 1739 2121 pietatis
1754 2085 1877 2113 formam

161 2133 191 2159 et
204 2130 376 2166 exemplum
393 2128 572 2164 accepimus.
591 2127 726 2163 Equales
750 2129 898 2163 praeterea,
915 2128 965 2164 qui
981 2129 1134 2156 nobiscum
1162 2129 1248 2156 hodie
1264 2129 1293 2156 in
1316 2129 1422 2157 iisdem
1445 2129 1584 2165 periculis
1609 2131 1775 2165 versantur,
1792 2131 1878 2165 atque

161 2175 193 2203 in
209 2174 360 2203 doloribus
376 2172 524 2201 constanti
541 2172 639 2200 animo
656 2172 835 2208 perferendis
851 2173 1088 2206 conteniporanei
1103 2176 1182 2201 sunt.
1200 2174 1273 2201 Nam
1289 2175 1367 2209 quod
1384 2175 1419 2202 ad
1443 2174 1498 2202 hoc
1522 2173 1664 2209 templum
1691 2174 1806 2209 attinet,
1819 2180 1876 2200 οω-

162 2218 226 2247 lum
241 2218 327 2254 longe
343 2216 581 2253 magniﬁcentius
596 2218 649 2244 est.
666 2216 731 2244 Jam
748 2224 814 2243 vero
831 2216 916 2244 nobis
932 2225 983 2253 pro
1005 2217 1077 2245 festo
1100 2219 1128 2245 et
1152 2218 1330 2252 celebritate,
1348 2218 1520 2254 angelorum
1535 2218 1644 2246 chorus
1669 2221 1714 2247 est
1731 2226 1738 2247 :
1754 2220 1788 2246 ac
1811 2225 1878 2254 pos-

162 2266 257 2292 tremo
273 2262 446 2299 mysterium
464 2270 555 2289 unum
573 2269 714 2297 magnum
731 2262 817 2296 atque
833 2261 904 2289 adeo
929 2262 1091 2289 maximum
1108 2270 1141 2290 ac
1157 2262 1303 2298 plerisque
1330 2266 1439 2291 tectum
1456 2266 1485 2291 et
1500 2263 1696 2299 incognitum,
1711 2263 1774 2299 ipse
1790 2263 1880 2291 Deus.

165 2309 202 2337 ad
217 2316 304 2344 quem
322 2308 411 2343 hujus
427 2314 544 2342 quoque
559 2306 624 2334 vita:
641 2308 746 2333 nostra
764 2306 902 2341 mysteria
918 2307 1093 2334 referuntur.

199 2353 248 2382 VI.
265 2365 280 2378 «
297 2352 438 2386 Quocirca
455 2360 500 2379 res
513 2360 616 2387 parvas
627 2350 798 2387 nulliusque
814 2351 898 2387 pretii
912 2351 996 2379 nobis
1010 2352 1034 2384 D
1087 2351 1125 2379 Σ’.

163 2398 295 2434 polliceri
310 2398 422 2426 desine.
435 2397 494 2425 Nec
508 2397 587 2424 enim
596 2396 733 2433 turpibus
744 2399 774 2424 et
790 2396 997 2431 ignominiosis

164 2442 326 2473 honoribus
342 2442 420 2471 afﬁci
433 2441 660 2474 sustinebimus,
672 2449 725 2469 nec
740 2448 808 2469 cum
820 2440 996 2468 detrimento

1145 2362 1158 2376 «
1182 2353 1283 2378 Παῦσαι
1316 2351 1405 2378 τοίνυν
1439 2351 1659 2389 ὖπισχνούμινος
1691 2351 1758 2387 ἡμῖν
1786 2351 1825 2387 (9)
1846 2349 1882 2378 τὰ

1053 2395 1148 2433 μικρὰ,
1165 2395 1210 2422 καὶ
1225 2397 1273 2422 τοῦ
1292 2394 1410 2432 μηδενὸς
1431 2395 1500 2432 ἄξια.
1517 2395 1554 2423 Οὐ
1569 2395 1621 2433 γὰρ
1635 2395 1809 2432 τιμησόμεθα
1821 2397 1881 2425 τοῖς

1052 2439 1169 2476 ἀτίμοις,
1209 2439 1273 2467 οὐδὲ
1308 2439 1489 2479 κερδανοῦμεν
1530 2440 1678 2477 ἐπιζήμια·
1715 2439 1769 2478 οὐχ
1792 2438 1880 2470 οὕτως

200 2529 223 2548 ¹⁹
237 2528 330 2557 Galat.
347 2536 386 2563 IV,
402 2527 448 2554 26.
487 2526 509 2544 ⁸ο
524 2525 594 2554 Gen.
612 2533 643 2560 ιι,
659 2525 687 2552 7.

214 2612 240 2647 1)
255 2610 318 2640 Καί,
335 2611 382 2639 Sic
396 2613 457 2639 tres
473 2610 543 2647 Reg.
562 2612 591 2638 et
606 2609 654 2637 Or.
667 2609 696 2637 2.
711 2611 798 2638 Deest
811 2609 841 2637 in
858 2610 903 2637 ed.

200 2612 241 2694 l3)
256 2647 326 2694 ita:
337 2645 664 2694 Destie.e9nns.1.'i3:-
681 2690 687 2694 _
707 2692 719 2694 η

203 2645 242 2719 (2)
256 2647 322 2692 Γᾶιρ.
338 2647 424 2675 Deest
438 2647 468 2674 in
484 2645 647 2689 nonnullis.

203 2683 231 2719 (3
257 2683 342 2717 Τυπῳ
366 2679 536 2719 περιλαϐειν.
561 2681 665 2710 Dillius
681 2690 687 2708 :
705 2692 719 2706 «
737 2683 769 2709 ut
783 2681 911 2709 formula
926 2689 996 2717 qua-

168 2718 238 2747 dum
249 2725 299 2745 eos
314 2718 499 2752 complectar.
517 2729 532 2743 »

168 2787 191 2789 ν
205 2753 244 2789 (4)
259 2751 296 2779 Οὖ
322 2752 359 2788 μὰ
376 2752 451 2789 τούς,
476 2757 531 2781 etc.
560 2765 574 2779 «
599 2753 663 2780 Non
685 2760 740 2789 per
757 2760 802 2789 ea
822 2751 961 2789 pericula.
979 2763 994 2776 »

168 2787 239 2816 asa
250 2790 296 2815 est
309 2788 439 2822 quaedam
448 2789 569 2823 jurandi
586 2787 722 2816 formula.
735 2787 781 2816 Sic
792 2787 909 2823 Joseph,
921 2788 992 2815 Gen.
1049 2789 1076 2816 2.

169 2831 239 2864 ψι,
254 2822 299 2855 15,
315 2833 329 2846 α
346 2830 397 2883 per
412 2822 536 2852 salutem
549 2823 713 2864 .Pharaonis
729 2832 786 2852 non
802 2823 993 2859 egrediemini

170 2857 275 2885 hine...
290 2865 345 2891 exp
358 2860 485 2887 oratores
501 2861 582 2886 estis.
596 2870 611 2884 ››

244 2877 275 2884 ..ι
290 2867 485 2886 ΒΧΒΙΟΠΠΟΓΘΒ
501 2867 582 2886 θειιε.
596 2870 611 2884 υ

1138 2608 1385 2648 ὙπεριδιῖνηΡιθε.
1401 2611 1432 2644 d,
1449 2609 1575 2648 braepoiv.

1086 2647 1125 2681 (θ)
1139 2649 1182 2673 Τε.
1199 2647 1286 2675 Deest
1300 2647 1329 2674 in
1347 2647 1508 2681 nonnullis.

1086 2680 1125 2718 (7)
1137 2684 1180 2709 Τε.
1195 2682 1225 2710 In
1242 2682 1433 2718 quibusdam,
1450 2680 1488 2709 δὲ.

1086 2715 1122 2756 (ξ)
1139 2715 1318 2756 Χοροστᾶσία.
1336 2719 1406 2756 Ριειεἶ
1422 2715 1451 2753 d,
1467 2715 1655 2756 χοροστασίαι.

1087 2748 1124 2788 (9)
1139 2748 1546 2791 'l‘ritcxvoésevoc"teivl'$i°
1570 2753 1641 2791 Bes-
1663 2760 1697 2791 ,ιν
1722 2759 1748 2782 ον
1774 2749 1805 2791 (ξ’
1830 2748 1882 2778 0'-

1049 2783 1198 2858 ‘ifabeest
1219 2783 1296 2825 ’ἦμῖῦ
1328 2783 1369 2819 ἱιι⁷
1391 2783 1505 2818 multis.
1540 2783 1629 2824 Editi:
1661 2783 1882 2824 ὑπισχνούμενος

1072 2834 1129 2858 μιν.

1072 2834 1129 2860 μιν.

1726 3098 2015 3210 ,θερέω
1906 3138 1940 3147 ”
1976 3139 1980 3142 ’
