  <div class='ocr_page' id='page_1' title='image "/cluster/home/n/w/nwhite01/storage/ocr_20150623/35:no.1/coo.31924054869320/466.png"; bbox 0 0 4090 6416; ppageno 0'>
   <div class='ocr_carea' id='block_1_1' title="bbox 319 384 433 446">
    <p class='ocr_par' dir='ltr' id='par_1_1' title="bbox 319 384 433 446">
     <span class='ocr_line' id='line_1_1' title="bbox 319 384 433 446; baseline -0.035 0"><span class='ocrx_word' id='word_1_1' title='bbox 319 384 433 446; x_wconf 76' lang='grc'>921</span> 
     </span>
    </p>
   </div>
   <div class='ocr_carea' id='block_1_2' title="bbox 1149 367 2907 441">
    <p class='ocr_par' dir='ltr' id='par_1_2' title="bbox 1149 367 2907 441">
     <span class='ocr_line' id='line_1_2' title="bbox 1149 367 2907 441; baseline -0.007 -1"><span class='ocrx_word' id='word_1_2' title='bbox 1149 379 1441 441; x_wconf 77' lang='lat' dir='ltr'>ORATIO</span> <span class='ocrx_word' id='word_1_3' title='bbox 1485 377 1612 436; x_wconf 90' lang='lat' dir='ltr'>XV.</span> <span class='ocrx_word' id='word_1_4' title='bbox 1648 409 1717 420; x_wconf 92' lang='grc'><strong><em>--</em></strong></span> <span class='ocrx_word' id='word_1_5' title='bbox 1750 375 1830 436; x_wconf 93' lang='grc' dir='ltr'>ΙΝ</span> <span class='ocrx_word' id='word_1_6' title='bbox 1876 367 2511 432; x_wconf 75' lang='lat' dir='ltr'>MACIIAB/EORUM</span> <span class='ocrx_word' id='word_1_7' title='bbox 2554 368 2907 429; x_wconf 86' lang='lat' dir='ltr'>LAUDEM.</span> 
     </span>
    </p>
   </div>
   <div class='ocr_carea' id='block_1_3' title="bbox 3625 370 3745 430">
    <p class='ocr_par' dir='ltr' id='par_1_3' title="bbox 3625 370 3745 430">
     <span class='ocr_line' id='line_1_3' title="bbox 3625 370 3745 430; baseline -0.017 0"><span class='ocrx_word' id='word_1_8' title='bbox 3625 370 3745 430; x_wconf 76' lang='grc'>922</span> 
     </span>
    </p>
   </div>
   <div class='ocr_carea' id='block_1_4' title="bbox 321 500 1983 587">
    <p class='ocr_par' dir='ltr' id='par_1_4' title="bbox 321 504 1963 587">
     <span class='ocr_line' id='line_1_4' title="bbox 321 504 1963 587; baseline -0.007 -20"><span class='ocrx_word' id='word_1_9' title='bbox 321 510 527 576; x_wconf 80' lang='grc' dir='ltr'>ἀθλίως</span> <span class='ocrx_word' id='word_1_10' title='bbox 558 509 1023 587; x_wconf 71' lang='grc' dir='ltr'>ἐμπορευσόμεθα.</span> <span class='ocrx_word' id='word_1_11' title='bbox 1070 514 1275 565; x_wconf 73' lang='grc' dir='ltr'>Παῦσαι</span> <span class='ocrx_word' id='word_1_12' title='bbox 1327 506 1416 562; x_wconf 89' lang='grc' dir='ltr'>καὶ</span> <span class='ocrx_word' id='word_1_13' title='bbox 1465 508 1574 579; x_wconf 90' lang='grc'>(10)</span> <span class='ocrx_word' id='word_1_14' title='bbox 1624 504 1897 573; x_wconf 77' lang='grc' dir='ltr'>ἀπειλῶν,</span> <span class='ocrx_word' id='word_1_15' title='bbox 1928 504 1963 571; x_wconf 71' lang='grc' dir='ltr'><strong>ἢ</strong></span> 
     </span>
    </p>
   </div>
   <div class='ocr_carea' id='block_1_5' title="bbox 2103 500 3748 587">
    <p class='ocr_par' dir='ltr' id='par_1_5' title="bbox 2103 500 3748 572">
     <span class='ocr_line' id='line_1_5' title="bbox 2103 500 3748 572; baseline 0 -18"><span class='ocrx_word' id='word_1_16' title='bbox 2103 502 2391 572; x_wconf 82' lang='lat' dir='ltr'>:onjuncta</span> <span class='ocrx_word' id='word_1_17' title='bbox 2423 500 2586 555; x_wconf 89' lang='lat' dir='ltr'>lucra</span> <span class='ocrx_word' id='word_1_18' title='bbox 2616 500 3079 572; x_wconf 90' lang='lat' dir='ltr'>complectemur</span> <span class='ocrx_word' id='word_1_19' title='bbox 3109 517 3122 554; x_wconf 91' lang='lat'><strong>:</strong></span> <span class='ocrx_word' id='word_1_20' title='bbox 3158 517 3272 555; x_wconf 91' lang='lat' dir='ltr'>non</span> <span class='ocrx_word' id='word_1_21' title='bbox 3305 500 3389 556; x_wconf 85' lang='lat' dir='ltr'>ita</span> <span class='ocrx_word' id='word_1_22' title='bbox 3432 500 3748 556; x_wconf 82' lang='lat' dir='ltr'>infeliciter</span> 
     </span>
    </p>
   </div>
   <div class='ocr_carea' id='block_1_6' title="bbox 325 594 1967 674">
    <p class='ocr_par' dir='ltr' id='par_1_6' title="bbox 325 594 1967 674">
     <span class='ocr_line' id='line_1_6' title="bbox 325 594 1967 674; baseline -0.006 -18"><span class='ocrx_word' id='word_1_23' title='bbox 325 600 815 673; x_wconf 81' lang='grc' dir='ltr'>ἀνταπειλήσομεν,</span> <span class='ocrx_word' id='word_1_24' title='bbox 878 597 1110 674; x_wconf 74' lang='grc' dir='ltr'>ἐλέγξειν</span> <span class='ocrx_word' id='word_1_25' title='bbox 1170 601 1282 670; x_wconf 93' lang='grc'>(11)</span> <span class='ocrx_word' id='word_1_26' title='bbox 1340 618 1434 651; x_wconf 88' lang='grc' dir='ltr'>σου</span> <span class='ocrx_word' id='word_1_27' title='bbox 1491 597 1588 664; x_wconf 71' lang='grc' dir='ltr'>τὴν</span> <span class='ocrx_word' id='word_1_28' title='bbox 1649 594 1918 657; x_wconf 67' lang='grc' dir='ltr'>ἀσθένειαν</span> <span class='ocrx_word' id='word_1_29' title='bbox 1954 636 1967 661; x_wconf 88' lang='grc'>,</span> 
     </span>
    </p>
   </div>
   <div class='ocr_carea' id='block_1_7' title="bbox 323 680 1967 767">
    <p class='ocr_par' dir='ltr' id='par_1_7' title="bbox 323 680 1967 767">
     <span class='ocr_line' id='line_1_7' title="bbox 323 680 1967 767; baseline -0.007 -21"><span class='ocrx_word' id='word_1_30' title='bbox 323 690 412 746; x_wconf 82' lang='grc' dir='ltr'>καὶ</span> <span class='ocrx_word' id='word_1_31' title='bbox 441 690 577 767; x_wconf 81' lang='grc' dir='ltr'>πρὸς</span> <span class='ocrx_word' id='word_1_32' title='bbox 608 689 786 761; x_wconf 68' lang='grc' dir='ltr'>τούτῳ</span> <span class='ocrx_word' id='word_1_33' title='bbox 814 690 880 742; x_wconf 81' lang='grc' dir='ltr'>τὰ</span> <span class='ocrx_word' id='word_1_34' title='bbox 911 690 1020 761; x_wconf 89' lang='grc'>(12)</span> <span class='ocrx_word' id='word_1_35' title='bbox 1069 687 1309 762; x_wconf 70' lang='grc' dir='ltr'>ἡμέτερα</span> <span class='ocrx_word' id='word_1_36' title='bbox 1351 683 1713 757; x_wconf 70' lang='grc' dir='ltr'>κολαστήρια·</span> <span class='ocrx_word' id='word_1_37' title='bbox 1769 680 1967 757; x_wconf 78' lang='grc' dir='ltr'>ἔχομεν</span> 
     </span>
    </p>
   </div>
   <div class='ocr_carea' id='block_1_8' title="bbox 325 770 1970 854">
    <p class='ocr_par' dir='ltr' id='par_1_8' title="bbox 325 770 1970 854">
     <span class='ocr_line' id='line_1_8' title="bbox 325 770 1970 854; baseline -0.006 -20"><span class='ocrx_word' id='word_1_38' title='bbox 325 777 414 834; x_wconf 77' lang='grc' dir='ltr'>καί</span> <span class='ocrx_word' id='word_1_39' title='bbox 445 781 606 851; x_wconf 91' lang='grc' dir='ltr'>ἡμεῖς</span> <span class='ocrx_word' id='word_1_40' title='bbox 635 783 762 854; x_wconf 80' lang='grc' dir='ltr'>πῦρ,</span> <span class='ocrx_word' id='word_1_41' title='bbox 796 779 840 843; x_wconf 87' lang='grc' dir='ltr'>ᾦ</span> <span class='ocrx_word' id='word_1_42' title='bbox 869 777 997 839; x_wconf 74' lang='grc' dir='ltr'>τοὺς</span> <span class='ocrx_word' id='word_1_43' title='bbox 1029 775 1261 837; x_wconf 81' lang='grc' dir='ltr'>διώγτας</span> <span class='ocrx_word' id='word_1_44' title='bbox 1311 774 1639 845; x_wconf 82' lang='grc' dir='ltr'>κολάζομεν.</span> <span class='ocrx_word' id='word_1_45' title='bbox 1673 770 1782 826; x_wconf 70' lang='lat' dir='ltr'>O&#39;is&#39;.</span> <span class='ocrx_word' id='word_1_46' title='bbox 1834 772 1970 845; x_wconf 87' lang='grc' dir='ltr'>πρὸς</span> 
     </span>
    </p>
   </div>
   <div class='ocr_carea' id='block_1_9' title="bbox 327 860 1973 938">
    <p class='ocr_par' dir='ltr' id='par_1_9' title="bbox 327 860 1973 938">
     <span class='ocr_line' id='line_1_9' title="bbox 327 860 1973 938; baseline -0.007 -15"><span class='ocrx_word' id='word_1_47' title='bbox 327 865 450 937; x_wconf 73' lang='grc' dir='ltr'>ἔθνη</span> <span class='ocrx_word' id='word_1_48' title='bbox 484 868 572 921; x_wconf 87' lang='grc' dir='ltr'>καὶ</span> <span class='ocrx_word' id='word_1_49' title='bbox 605 866 795 928; x_wconf 86' lang='grc' dir='ltr'>πόλεις</span> <span class='ocrx_word' id='word_1_50' title='bbox 828 866 961 920; x_wconf 71' lang='grc' dir='ltr'>εἶναί</span> <span class='ocrx_word' id='word_1_51' title='bbox 1004 887 1087 920; x_wconf 91' lang='grc' dir='ltr'>σοι</span> <span class='ocrx_word' id='word_1_52' title='bbox 1139 867 1251 938; x_wconf 84' lang='grc'>(13)</span> <span class='ocrx_word' id='word_1_53' title='bbox 1296 865 1386 919; x_wconf 86' lang='grc' dir='ltr'>τὸν</span> <span class='ocrx_word' id='word_1_54' title='bbox 1433 865 1633 938; x_wconf 77' lang='grc' dir='ltr'>ἀγῶνα,</span> <span class='ocrx_word' id='word_1_55' title='bbox 1678 860 1765 914; x_wconf 75' lang='grc' dir='ltr'>καὶ</span> <span class='ocrx_word' id='word_1_56' title='bbox 1820 861 1973 935; x_wconf 85' lang='grc' dir='ltr'>βασι-</span> 
     </span>
    </p>
   </div>
   <div class='ocr_carea' id='block_1_10' title="bbox 330 948 1971 1030">
    <p class='ocr_par' dir='ltr' id='par_1_10' title="bbox 330 948 1971 1030">
     <span class='ocr_line' id='line_1_10' title="bbox 330 948 1971 1030; baseline -0.006 -19"><span class='ocrx_word' id='word_1_57' title='bbox 330 956 469 1011; x_wconf 70' lang='grc' dir='ltr'>λέων</span> <span class='ocrx_word' id='word_1_58' title='bbox 498 955 624 1017; x_wconf 78' lang='grc' dir='ltr'>τοὺς</span> <span class='ocrx_word' id='word_1_59' title='bbox 654 953 1098 1030; x_wconf 71' lang='grc' dir='ltr'>ἀνανδροτάτους,</span> <span class='ocrx_word' id='word_1_60' title='bbox 1145 956 1217 1008; x_wconf 82' lang='grc' dir='ltr'>ὧν</span> <span class='ocrx_word' id='word_1_61' title='bbox 1267 954 1318 1007; x_wconf 75' lang='grc' dir='ltr'>οἱ</span> <span class='ocrx_word' id='word_1_62' title='bbox 1372 953 1464 1024; x_wconf 71' lang='grc' dir='ltr'>μὲν</span> <span class='ocrx_word' id='word_1_63' title='bbox 1507 952 1888 1026; x_wconf 74' lang='grc' dir='ltr'>κρατήσουσιν,</span> <span class='ocrx_word' id='word_1_64' title='bbox 1921 948 1971 1002; x_wconf 73' lang='grc' dir='ltr'>οἱ</span> 
     </span>
    </p>
   </div>
   <div class='ocr_carea' id='block_1_11' title="bbox 331 1036 1969 1117">
    <p class='ocr_par' dir='ltr' id='par_1_11' title="bbox 331 1036 1969 1117">
     <span class='ocr_line' id='line_1_11' title="bbox 331 1036 1969 1117; baseline -0.006 -17"><span class='ocrx_word' id='word_1_65' title='bbox 331 1043 387 1100; x_wconf 71' lang='grc' dir='ltr'>δὲ</span> <span class='ocrx_word' id='word_1_66' title='bbox 438 1044 566 1106; x_wconf 62' lang='grc' dir='ltr'>ἴσως</span> <span class='ocrx_word' id='word_1_67' title='bbox 625 1046 1049 1113; x_wconf 75' lang='grc' dir='ltr'>ἡττηθήσονται,</span> <span class='ocrx_word' id='word_1_68' title='bbox 1110 1041 1234 1097; x_wconf 76' lang='grc' dir='ltr'>οὐδὲ</span> <span class='ocrx_word' id='word_1_69' title='bbox 1291 1044 1394 1117; x_wconf 75' lang='grc' dir='ltr'>γὰρ</span> <span class='ocrx_word' id='word_1_70' title='bbox 1446 1040 1570 1115; x_wconf 86' lang='grc' dir='ltr'>περὶ</span> <span class='ocrx_word' id='word_1_71' title='bbox 1628 1036 1969 1107; x_wconf 82' lang='grc' dir='ltr'>τηλικούτων</span> 
     </span>
    </p>
   </div>
   <div class='ocr_carea' id='block_1_12' title="bbox 327 1126 1972 1205">
    <p class='ocr_par' dir='ltr' id='par_1_12' title="bbox 327 1126 1972 1205">
     <span class='ocr_line' id='line_1_12' title="bbox 327 1126 1972 1205; baseline -0.004 -18"><span class='ocrx_word' id='word_1_72' title='bbox 327 1133 509 1194; x_wconf 83' lang='grc' dir='ltr'>αὐτοῖς</span> <span class='ocrx_word' id='word_1_73' title='bbox 544 1133 571 1187; x_wconf 82' lang='grc' dir='ltr'>ὁ</span> <span class='ocrx_word' id='word_1_74' title='bbox 596 1129 867 1192; x_wconf 77' lang='grc' dir='ltr'>κίνδυνος.</span> <span class='ocrx_word' id='word_1_75' title='bbox 903 1134 1043 1205; x_wconf 80' lang='grc' dir='ltr'>Πρὸς</span> <span class='ocrx_word' id='word_1_76' title='bbox 1090 1131 1255 1203; x_wconf 87' lang='grc' dir='ltr'>νόμον</span> <span class='ocrx_word' id='word_1_77' title='bbox 1302 1134 1437 1185; x_wconf 72' lang='grc' dir='ltr'>Θεοῦ</span> <span class='ocrx_word' id='word_1_78' title='bbox 1468 1128 1798 1203; x_wconf 75' lang='grc' dir='ltr'>παρατάσσῃ,</span> <span class='ocrx_word' id='word_1_79' title='bbox 1836 1126 1972 1199; x_wconf 87' lang='grc' dir='ltr'>πρὸς</span> 
     </span>
    </p>
   </div>
   <div class='ocr_carea' id='block_1_13' title="bbox 325 1217 1973 1295">
    <p class='ocr_par' dir='ltr' id='par_1_13' title="bbox 325 1217 1973 1295">
     <span class='ocr_line' id='line_1_13' title="bbox 325 1217 1973 1295; baseline -0.005 -20"><span class='ocrx_word' id='word_1_80' title='bbox 325 1219 537 1283; x_wconf 83' lang='grc' dir='ltr'>πλάκας</span> <span class='ocrx_word' id='word_1_81' title='bbox 570 1219 988 1295; x_wconf 88' lang='grc' dir='ltr'>θεοχαράκτους,</span> <span class='ocrx_word' id='word_1_82' title='bbox 1022 1221 1156 1295; x_wconf 83' lang='grc' dir='ltr'>πρὸς</span> <span class='ocrx_word' id='word_1_83' title='bbox 1186 1218 1385 1295; x_wconf 84' lang='grc' dir='ltr'>πάτρια</span> <span class='ocrx_word' id='word_1_84' title='bbox 1413 1218 1502 1272; x_wconf 83' lang='grc' dir='ltr'>καὶ</span> <span class='ocrx_word' id='word_1_85' title='bbox 1551 1217 1700 1293; x_wconf 84' lang='grc' dir='ltr'>λόγῳ</span> <span class='ocrx_word' id='word_1_86' title='bbox 1746 1218 1858 1289; x_wconf 83' lang='grc'>(14)</span> <span class='ocrx_word' id='word_1_87' title='bbox 1884 1217 1973 1269; x_wconf 84' lang='grc' dir='ltr'>καὶ</span> 
     </span>
    </p>
   </div>
   <div class='ocr_carea' id='block_1_14' title="bbox 326 1302 1973 1387">
    <p class='ocr_par' dir='ltr' id='par_1_14' title="bbox 326 1302 1973 1387">
     <span class='ocr_line' id='line_1_14' title="bbox 326 1302 1973 1387; baseline -0.004 -23"><span class='ocrx_word' id='word_1_88' title='bbox 326 1302 515 1387; x_wconf 68' lang='grc' dir='ltr'>χρὸνῴ</span> <span class='ocrx_word' id='word_1_89' title='bbox 554 1311 915 1382; x_wconf 69' lang='grc' dir='ltr'>τετιμημένα,</span> <span class='ocrx_word' id='word_1_90' title='bbox 967 1310 1102 1383; x_wconf 84' lang='grc' dir='ltr'>πρὸς</span> <span class='ocrx_word' id='word_1_91' title='bbox 1154 1306 1421 1387; x_wconf 68' lang='grc' dir='ltr'>ἀδελφοὺς</span> <span class='ocrx_word' id='word_1_92' title='bbox 1481 1308 1613 1362; x_wconf 73' lang='grc' dir='ltr'>ἑπτὰ</span> <span class='ocrx_word' id='word_1_93' title='bbox 1674 1311 1772 1378; x_wconf 83' lang='grc' dir='ltr'>μιᾷ</span> <span class='ocrx_word' id='word_1_94' title='bbox 1820 1308 1973 1380; x_wconf 75' lang='grc' dir='ltr'>ψυχῇ</span> 
     </span>
    </p>
   </div>
   <div class='ocr_carea' id='block_1_15' title="bbox 326 1394 1967 1474">
    <p class='ocr_par' dir='ltr' id='par_1_15' title="bbox 326 1394 1967 1474">
     <span class='ocr_line' id='line_1_15' title="bbox 326 1394 1967 1474; baseline -0.004 -21"><span class='ocrx_word' id='word_1_95' title='bbox 326 1397 767 1471; x_wconf 76' lang='grc' dir='ltr'>συνδεδεμένους,</span> <span class='ocrx_word' id='word_1_96' title='bbox 830 1398 963 1453; x_wconf 75' lang='grc' dir='ltr'>ἑπτὰ</span> <span class='ocrx_word' id='word_1_97' title='bbox 1007 1398 1291 1474; x_wconf 81' lang='grc' dir='ltr'>τροπαίοις</span> <span class='ocrx_word' id='word_1_98' title='bbox 1349 1419 1406 1451; x_wconf 89' lang='grc' dir='ltr'>σε</span> <span class='ocrx_word' id='word_1_99' title='bbox 1463 1394 1911 1467; x_wconf 73' lang='grc' dir='ltr'>στηλιτεύσοντας</span> <span class='ocrx_word' id='word_1_100' title='bbox 1954 1411 1967 1429; x_wconf 85' lang='grc'>⁶</span> 
     </span>
    </p>
   </div>
   <div class='ocr_carea' id='block_1_16' title="bbox 328 1483 1979 1561">
    <p class='ocr_par' dir='ltr' id='par_1_16' title="bbox 328 1483 1979 1561">
     <span class='ocr_line' id='line_1_16' title="bbox 328 1483 1979 1561; baseline -0.002 -20"><span class='ocrx_word' id='word_1_101' title='bbox 328 1489 400 1541; x_wconf 82' lang='grc' dir='ltr'>ὧν</span> <span class='ocrx_word' id='word_1_102' title='bbox 450 1494 716 1561; x_wconf 81' lang='grc' dir='ltr'>κρατῆσαι</span> <span class='ocrx_word' id='word_1_103' title='bbox 767 1488 862 1559; x_wconf 71' lang='grc' dir='ltr'>μὲν</span> <span class='ocrx_word' id='word_1_104' title='bbox 914 1486 976 1541; x_wconf 82' lang='grc' dir='ltr'>οὐ</span> <span class='ocrx_word' id='word_1_105' title='bbox 1031 1487 1210 1561; x_wconf 74' lang='grc' dir='ltr'>μέγα,</span> <span class='ocrx_word' id='word_1_106' title='bbox 1261 1488 1562 1556; x_wconf 76' lang='grc' dir='ltr'>ἡττηθῆναι</span> <span class='ocrx_word' id='word_1_107' title='bbox 1622 1483 1680 1539; x_wconf 71' lang='grc' dir='ltr'>δὲ</span> <span class='ocrx_word' id='word_1_108' title='bbox 1735 1485 1824 1538; x_wconf 83' lang='grc' dir='ltr'>καὶ</span> <span class='ocrx_word' id='word_1_109' title='bbox 1858 1483 1979 1539; x_wconf 82' lang='grc' dir='ltr'>λίαν</span> 
     </span>
    </p>
   </div>
   <div class='ocr_carea' id='block_1_17' title="bbox 328 1573 1977 1653">
    <p class='ocr_par' dir='ltr' id='par_1_17' title="bbox 328 1573 1977 1653">
     <span class='ocr_line' id='line_1_17' title="bbox 328 1573 1977 1653; baseline -0.002 -23"><span class='ocrx_word' id='word_1_110' title='bbox 328 1575 578 1653; x_wconf 80' lang='grc' dir='ltr'>αἲσχρόν.</span> <span class='ocrx_word' id='word_1_111' title='bbox 610 1574 857 1630; x_wconf 85' lang='grc' dir='ltr'>Ἐκείνων</span> <span class='ocrx_word' id='word_1_112' title='bbox 909 1575 1067 1649; x_wconf 67' lang='grc' dir='ltr'>ἐσμὲν</span> <span class='ocrx_word' id='word_1_113' title='bbox 1113 1576 1201 1630; x_wconf 81' lang='grc' dir='ltr'>καὶ</span> <span class='ocrx_word' id='word_1_114' title='bbox 1249 1577 1401 1650; x_wconf 75' lang='grc' dir='ltr'>γένος</span> <span class='ocrx_word' id='word_1_115' title='bbox 1451 1576 1539 1630; x_wconf 81' lang='grc' dir='ltr'>καὶ</span> <span class='ocrx_word' id='word_1_116' title='bbox 1593 1574 1849 1647; x_wconf 82' lang='grc' dir='ltr'>μαθηταὶ,</span> <span class='ocrx_word' id='word_1_117' title='bbox 1884 1573 1977 1635; x_wconf 73' lang='grc' dir='ltr'>οὓς</span> 
     </span>
    </p>
   </div>
   <div class='ocr_carea' id='block_1_18' title="bbox 332 1660 1980 1742">
    <p class='ocr_par' dir='ltr' id='par_1_18' title="bbox 332 1660 1980 1742">
     <span class='ocr_line' id='line_1_18' title="bbox 332 1660 1980 1742; baseline -0.001 -23"><span class='ocrx_word' id='word_1_118' title='bbox 332 1663 529 1727; x_wconf 70' lang='grc' dir='ltr'>στύλος</span> <span class='ocrx_word' id='word_1_119' title='bbox 561 1665 731 1740; x_wconf 88' lang='grc' dir='ltr'>πυρὸς</span> <span class='ocrx_word' id='word_1_120' title='bbox 764 1663 853 1719; x_wconf 84' lang='grc' dir='ltr'>καὶ</span> <span class='ocrx_word' id='word_1_121' title='bbox 885 1665 1120 1742; x_wconf 68' lang='grc' dir='ltr'>νεφέλης</span> <span class='ocrx_word' id='word_1_122' title='bbox 1164 1662 1365 1741; x_wconf 72' lang='grc' dir='ltr'>ὡδήγει</span> <span class='ocrx_word' id='word_1_123' title='bbox 1419 1666 1554 1738; x_wconf 84' lang='grc'>(15),</span> <span class='ocrx_word' id='word_1_124' title='bbox 1608 1665 1687 1726; x_wconf 80' lang='grc' dir='ltr'>οἷς</span> <span class='ocrx_word' id='word_1_125' title='bbox 1714 1714 1717 1719; x_wconf 83' lang='grc'>,</span> <span class='ocrx_word' id='word_1_126' title='bbox 1740 1660 1980 1718; x_wconf 87' lang='grc' dir='ltr'>θάλασσα</span> 
     </span>
    </p>
   </div>
   <div class='ocr_carea' id='block_1_19' title="bbox 332 1752 1980 1826">
    <p class='ocr_par' dir='ltr' id='par_1_19' title="bbox 332 1752 1980 1826">
     <span class='ocr_line' id='line_1_19' title="bbox 332 1752 1980 1826; baseline -0.002 -17"><span class='ocrx_word' id='word_1_127' title='bbox 332 1752 592 1826; x_wconf 77' lang='grc' dir='ltr'>διίστατο,</span> <span class='ocrx_word' id='word_1_128' title='bbox 651 1753 739 1808; x_wconf 83' lang='grc' dir='ltr'>καὶ</span> <span class='ocrx_word' id='word_1_129' title='bbox 796 1755 1044 1826; x_wconf 81' lang='grc' dir='ltr'>ποταμὸς</span> <span class='ocrx_word' id='word_1_130' title='bbox 1085 1753 1274 1809; x_wconf 66' lang='grc' dir='ltr'>’ίστατο</span> <span class='ocrx_word' id='word_1_131' title='bbox 1326 1756 1473 1826; x_wconf 84' lang='grc'>(16),</span> <span class='ocrx_word' id='word_1_132' title='bbox 1528 1754 1616 1807; x_wconf 85' lang='grc' dir='ltr'>καὶ</span> <span class='ocrx_word' id='word_1_133' title='bbox 1674 1752 1837 1821; x_wconf 71' lang='grc' dir='ltr'>ἥλιος</span> <span class='ocrx_word' id='word_1_134' title='bbox 1886 1753 1980 1806; x_wconf 77' lang='grc' dir='ltr'>ἀν-</span> 
     </span>
    </p>
   </div>
   <div class='ocr_carea' id='block_1_20' title="bbox 332 1839 2060 1940">
    <p class='ocr_par' dir='ltr' id='par_1_20' title="bbox 332 1839 2060 1940">
     <span class='ocr_line' id='line_1_20' title="bbox 332 1839 2060 1940; baseline -0.001 -42"><span class='ocrx_word' id='word_1_135' title='bbox 332 1842 610 1914; x_wconf 63' lang='lat' dir='ltr'>exemere,</span> <span class='ocrx_word' id='word_1_136' title='bbox 660 1842 747 1897; x_wconf 74' lang='grc' dir='ltr'>καὶ</span> <span class='ocrx_word' id='word_1_137' title='bbox 799 1842 959 1918; x_wconf 77' lang='grc' dir='ltr'>ἄρτος</span> <span class='ocrx_word' id='word_1_138' title='bbox 1011 1842 1152 1912; x_wconf 78' lang='grc' dir='ltr'>ὕετο,</span> <span class='ocrx_word' id='word_1_139' title='bbox 1203 1844 1291 1898; x_wconf 86' lang='grc' dir='ltr'>καὶ</span> <span class='ocrx_word' id='word_1_140' title='bbox 1334 1848 1535 1918; x_wconf 82' lang='grc' dir='ltr'>χειρῶν</span> <span class='ocrx_word' id='word_1_141' title='bbox 1590 1839 1798 1905; x_wconf 65' lang='grc' dir='ltr'>ἔκτεισις</span> <span class='ocrx_word' id='word_1_142' title='bbox 1830 1844 1980 1918; x_wconf 78' lang='grc' dir='ltr'>ὲτρο-</span> <span class='ocrx_word' id='word_1_143' title='bbox 2014 1876 2060 1940; x_wconf 83' lang='grc' dir='ltr'><strong>Β</strong></span> 
     </span>
    </p>
   </div>
   <div class='ocr_carea' id='block_1_21' title="bbox 332 1929 1977 2007">
    <p class='ocr_par' dir='ltr' id='par_1_21' title="bbox 332 1929 1977 2007">
     <span class='ocr_line' id='line_1_21' title="bbox 332 1929 1977 2007; baseline -0.002 -20"><span class='ocrx_word' id='word_1_144' title='bbox 332 1936 501 1987; x_wconf 80' lang='grc' dir='ltr'>ποῦτο</span> <span class='ocrx_word' id='word_1_145' title='bbox 551 1934 663 2005; x_wconf 87' lang='grc'>(17)</span> <span class='ocrx_word' id='word_1_146' title='bbox 719 1929 1002 2007; x_wconf 84' lang='grc' dir='ltr'>μυριάδας.</span> <span class='ocrx_word' id='word_1_147' title='bbox 1060 1930 1127 1986; x_wconf 88' lang='grc' dir='ltr'>δι’</span> <span class='ocrx_word' id='word_1_148' title='bbox 1178 1932 1354 2007; x_wconf 79' lang='grc' dir='ltr'>εὐχῶν</span> <span class='ocrx_word' id='word_1_149' title='bbox 1403 1934 1513 2006; x_wconf 84' lang='grc'>(18)</span> <span class='ocrx_word' id='word_1_150' title='bbox 1568 1932 1869 2007; x_wconf 84' lang='grc' dir='ltr'>βάλλουσα·</span> <span class='ocrx_word' id='word_1_151' title='bbox 1906 1933 1977 1985; x_wconf 85' lang='grc' dir='ltr'>ὧν</span> 
     </span>
    </p>
   </div>
   <div class='ocr_carea' id='block_1_22' title="bbox 334 2019 1981 2096">
    <p class='ocr_par' dir='ltr' id='par_1_22' title="bbox 334 2019 1981 2096">
     <span class='ocr_line' id='line_1_22' title="bbox 334 2019 1981 2096; baseline -0.001 -22"><span class='ocrx_word' id='word_1_152' title='bbox 334 2022 497 2095; x_wconf 82' lang='grc' dir='ltr'>θῆρες</span> <span class='ocrx_word' id='word_1_153' title='bbox 547 2022 818 2089; x_wconf 83' lang='grc' dir='ltr'>ἡττῶντο,</span> <span class='ocrx_word' id='word_1_154' title='bbox 870 2020 960 2074; x_wconf 79' lang='grc' dir='ltr'>καὶ</span> <span class='ocrx_word' id='word_1_155' title='bbox 1010 2026 1115 2095; x_wconf 74' lang='grc' dir='ltr'>πῦρ</span> <span class='ocrx_word' id='word_1_156' title='bbox 1168 2021 1275 2096; x_wconf 79' lang='grc' dir='ltr'>οὐχ</span> <span class='ocrx_word' id='word_1_157' title='bbox 1322 2021 1547 2091; x_wconf 73' lang='grc' dir='ltr'>ἥπτετο,</span> <span class='ocrx_word' id='word_1_158' title='bbox 1596 2022 1685 2075; x_wconf 82' lang='grc' dir='ltr'>καὶ</span> <span class='ocrx_word' id='word_1_159' title='bbox 1738 2019 1981 2096; x_wconf 82' lang='grc' dir='ltr'>βασιλεῖς</span> 
     </span>
    </p>
   </div>
   <div class='ocr_carea' id='block_1_23' title="bbox 333 2108 1981 2184">
    <p class='ocr_par' dir='ltr' id='par_1_23' title="bbox 333 2108 1981 2184">
     <span class='ocr_line' id='line_1_23' title="bbox 333 2108 1981 2184; baseline -0.002 -19"><span class='ocrx_word' id='word_1_160' title='bbox 333 2110 571 2184; x_wconf 79' lang='grc' dir='ltr'>ἀπῄεσαν</span> <span class='ocrx_word' id='word_1_161' title='bbox 605 2112 742 2183; x_wconf 84' lang='lat'>(19),</span> <span class='ocrx_word' id='word_1_162' title='bbox 799 2110 861 2164; x_wconf 88' lang='grc' dir='ltr'>τὸ</span> <span class='ocrx_word' id='word_1_163' title='bbox 909 2114 1150 2184; x_wconf 89' lang='grc' dir='ltr'>γενναῖον</span> <span class='ocrx_word' id='word_1_164' title='bbox 1203 2111 1587 2182; x_wconf 81' lang='grc' dir='ltr'>θαυμάζοντες.</span> <span class='ocrx_word' id='word_1_165' title='bbox 1639 2108 1894 2182; x_wconf 74' lang='grc' dir='ltr'>Εἷ’πωμέν</span> <span class='ocrx_word' id='word_1_166' title='bbox 1930 2130 1981 2163; x_wconf 92' lang='grc' dir='ltr'>τι</span> 
     </span>
    </p>
   </div>
   <div class='ocr_carea' id='block_1_24' title="bbox 330 2197 1983 2274">
    <p class='ocr_par' dir='ltr' id='par_1_24' title="bbox 330 2197 1983 2274">
     <span class='ocr_line' id='line_1_24' title="bbox 330 2197 1983 2274; baseline -0.001 -21"><span class='ocrx_word' id='word_1_167' title='bbox 330 2199 418 2253; x_wconf 85' lang='grc' dir='ltr'>καὶ</span> <span class='ocrx_word' id='word_1_168' title='bbox 478 2203 586 2252; x_wconf 80' lang='grc' dir='ltr'>τῶν</span> <span class='ocrx_word' id='word_1_169' title='bbox 648 2199 732 2252; x_wconf 87' lang='grc' dir='ltr'>σοὶ</span> <span class='ocrx_word' id='word_1_170' title='bbox 790 2198 1113 2274; x_wconf 81' lang='grc' dir='ltr'>γνωρίμων·</span> <span class='ocrx_word' id='word_1_171' title='bbox 1152 2197 1479 2273; x_wconf 80' lang='grc' dir='ltr'>Ἐλεαζάρου</span> <span class='ocrx_word' id='word_1_172' title='bbox 1543 2198 1737 2271; x_wconf 72' lang='grc' dir='ltr'>μύσται</span> <span class='ocrx_word' id='word_1_173' title='bbox 1795 2202 1983 2271; x_wconf 80' lang='grc' dir='ltr'>ἡμεῖς,</span> 
     </span>
    </p>
   </div>
   <div class='ocr_carea' id='block_1_25' title="bbox 331 2284 1981 2364">
    <p class='ocr_par' dir='ltr' id='par_1_25' title="bbox 331 2284 1981 2364">
     <span class='ocr_line' id='line_1_25' title="bbox 331 2284 1981 2364; baseline -0.002 -21"><span class='ocrx_word' id='word_1_174' title='bbox 331 2286 393 2343; x_wconf 75' lang='grc' dir='ltr'>οὗ</span> <span class='ocrx_word' id='word_1_175' title='bbox 434 2289 533 2356; x_wconf 79' lang='grc' dir='ltr'>τήν</span> <span class='ocrx_word' id='word_1_176' title='bbox 595 2285 837 2363; x_wconf 81' lang='grc' dir='ltr'>ἀνδρείαν</span> <span class='ocrx_word' id='word_1_177' title='bbox 890 2291 1003 2361; x_wconf 90' lang='grc'>(20)</span> <span class='ocrx_word' id='word_1_178' title='bbox 1052 2284 1256 2363; x_wconf 77' lang='grc' dir='ltr'>ἔγνως.</span> <span class='ocrx_word' id='word_1_179' title='bbox 1309 2288 1730 2364; x_wconf 74' lang='grc' dir='ltr'>Προηγωνῖσατο</span> <span class='ocrx_word' id='word_1_180' title='bbox 1779 2289 1981 2363; x_wconf 74' lang='grc' dir='ltr'>πατὴρ,</span> 
     </span>
    </p>
   </div>
   <div class='ocr_carea' id='block_1_26' title="bbox 330 2373 1984 2451">
    <p class='ocr_par' dir='ltr' id='par_1_26' title="bbox 330 2373 1984 2451">
     <span class='ocr_line' id='line_1_26' title="bbox 330 2373 1984 2451; baseline -0.001 -20"><span class='ocrx_word' id='word_1_181' title='bbox 330 2375 757 2451; x_wconf 81' lang='grc' dir='ltr'>ἐπαγωνιοῦνται</span> <span class='ocrx_word' id='word_1_182' title='bbox 810 2373 1014 2438; x_wconf 83' lang='grc' dir='ltr'>παῖδες·</span> <span class='ocrx_word' id='word_1_183' title='bbox 1067 2376 1308 2445; x_wconf 80' lang='grc' dir='ltr'>ἀπῆλθεν</span> <span class='ocrx_word' id='word_1_184' title='bbox 1361 2378 1388 2430; x_wconf 89' lang='grc' dir='ltr'>ὁ</span> <span class='ocrx_word' id='word_1_185' title='bbox 1438 2376 1632 2451; x_wconf 71' lang='grc' dir='ltr'>ἱερεὺς,</span> <span class='ocrx_word' id='word_1_186' title='bbox 1677 2376 1984 2432; x_wconf 78' lang='grc' dir='ltr'>ἐπακολου-</span> 
     </span>
    </p>
   </div>
   <div class='ocr_carea' id='block_1_27' title="bbox 331 2462 1984 2541">
    <p class='ocr_par' dir='ltr' id='par_1_27' title="bbox 331 2462 1984 2541">
     <span class='ocr_line' id='line_1_27' title="bbox 331 2462 1984 2541; baseline -0.001 -21"><span class='ocrx_word' id='word_1_187' title='bbox 331 2468 481 2535; x_wconf 75' lang='grc' dir='ltr'>θήσει</span> <span class='ocrx_word' id='word_1_188' title='bbox 529 2466 596 2519; x_wconf 77' lang='grc' dir='ltr'>τὰ</span> <span class='ocrx_word' id='word_1_189' title='bbox 645 2465 877 2537; x_wconf 81' lang='grc' dir='ltr'>θύματα·</span> <span class='ocrx_word' id='word_1_190' title='bbox 928 2465 1114 2520; x_wconf 76' lang='grc' dir='ltr'>πολλὰ</span> <span class='ocrx_word' id='word_1_191' title='bbox 1166 2462 1397 2539; x_wconf 84' lang='grc' dir='ltr'>δεδίττῃ,</span> <span class='ocrx_word' id='word_1_192' title='bbox 1446 2467 1583 2541; x_wconf 84' lang='grc' dir='ltr'>πρὸς</span> <span class='ocrx_word' id='word_1_193' title='bbox 1632 2464 1809 2519; x_wconf 81' lang='grc' dir='ltr'>πλείω</span> <span class='ocrx_word' id='word_1_194' title='bbox 1849 2486 1984 2540; x_wconf 89' lang='grc' dir='ltr'>παρ-</span> 
     </span>
    </p>
   </div>
   <div class='ocr_carea' id='block_1_28' title="bbox 334 2551 1985 2631">
    <p class='ocr_par' dir='ltr' id='par_1_28' title="bbox 334 2551 1985 2631">
     <span class='ocr_line' id='line_1_28' title="bbox 334 2551 1985 2631; baseline 0.001 -22"><span class='ocrx_word' id='word_1_195' title='bbox 334 2553 713 2626; x_wconf 87' lang='grc' dir='ltr'>εσκευάσμεθα.</span> <span class='ocrx_word' id='word_1_196' title='bbox 767 2552 827 2607; x_wconf 90' lang='grc' dir='ltr'>Τί</span> <span class='ocrx_word' id='word_1_197' title='bbox 878 2554 968 2608; x_wconf 90' lang='grc' dir='ltr'>καὶ</span> <span class='ocrx_word' id='word_1_198' title='bbox 1024 2551 1236 2628; x_wconf 76' lang='grc' dir='ltr'>δράσεις</span> <span class='ocrx_word' id='word_1_199' title='bbox 1287 2557 1457 2626; x_wconf 79' lang='grc' dir='ltr'>ἡμᾶς,</span> <span class='ocrx_word' id='word_1_200' title='bbox 1504 2554 1812 2631; x_wconf 75' lang='grc' dir='ltr'>ὑπερήφανε</span> <span class='ocrx_word' id='word_1_201' title='bbox 1851 2556 1985 2627; x_wconf 87' lang='grc'>(21),</span> 
     </span>
    </p>
   </div>
   <div class='ocr_carea' id='block_1_29' title="bbox 331 2639 1985 2719">
    <p class='ocr_par' dir='ltr' id='par_1_29' title="bbox 331 2639 1985 2719">
     <span class='ocr_line' id='line_1_29' title="bbox 331 2639 1985 2719; baseline -0.001 -21"><span class='ocrx_word' id='word_1_202' title='bbox 331 2649 449 2705; x_wconf 89' lang='grc' dir='ltr'>ταῖς</span> <span class='ocrx_word' id='word_1_203' title='bbox 481 2641 735 2704; x_wconf 75' lang='grc' dir='ltr'>ἀπειλαῖς</span> <span class='ocrx_word' id='word_1_204' title='bbox 764 2661 777 2711; x_wconf 87' lang='grc'>;</span> <span class='ocrx_word' id='word_1_205' title='bbox 808 2642 860 2695; x_wconf 85' lang='grc' dir='ltr'>τί</span> <span class='ocrx_word' id='word_1_206' title='bbox 901 2641 989 2696; x_wconf 86' lang='grc' dir='ltr'>καὶ</span> <span class='ocrx_word' id='word_1_207' title='bbox 1035 2642 1335 2714; x_wconf 79' lang='grc' dir='ltr'>πεισόμεθα</span> <span class='ocrx_word' id='word_1_208' title='bbox 1364 2661 1377 2710; x_wconf 89' lang='lat'><strong>;</strong></span> <span class='ocrx_word' id='word_1_209' title='bbox 1412 2639 1580 2699; x_wconf 77' lang='grc' dir='ltr'>Οὐδὲν</span> <span class='ocrx_word' id='word_1_210' title='bbox 1634 2642 1985 2719; x_wconf 69' lang='grc' dir='ltr'>ἰσχυρότερον</span> 
     </span>
    </p>
   </div>
   <div class='ocr_carea' id='block_1_30' title="bbox 333 2729 1989 2806">
    <p class='ocr_par' dir='ltr' id='par_1_30' title="bbox 333 2729 1989 2806">
     <span class='ocr_line' id='line_1_30' title="bbox 333 2729 1989 2806; baseline -0.001 -18"><span class='ocrx_word' id='word_1_211' title='bbox 333 2737 440 2788; x_wconf 80' lang='grc' dir='ltr'>τῶν</span> <span class='ocrx_word' id='word_1_212' title='bbox 471 2731 640 2787; x_wconf 82' lang='grc' dir='ltr'>πάντα</span> <span class='ocrx_word' id='word_1_213' title='bbox 671 2733 857 2786; x_wconf 82' lang='grc' dir='ltr'>παθεῖν</span> <span class='ocrx_word' id='word_1_214' title='bbox 906 2731 1160 2805; x_wconf 58' lang='grc' dir='ltr'>ἑτοίμων.</span> <span class='ocrx_word' id='word_1_215' title='bbox 1210 2733 1277 2784; x_wconf 71' lang='grc' dir='ltr'><em>Ὠ</em></span> <span class='ocrx_word' id='word_1_216' title='bbox 1327 2729 1520 2804; x_wconf 78' lang='grc' dir='ltr'>δήμιοι</span> <span class='ocrx_word' id='word_1_217' title='bbox 1570 2734 1702 2806; x_wconf 88' lang='grc'>(22),</span> <span class='ocrx_word' id='word_1_218' title='bbox 1757 2732 1809 2787; x_wconf 81' lang='grc' dir='ltr'>τί</span> <span class='ocrx_word' id='word_1_219' title='bbox 1857 2731 1989 2805; x_wconf 80' lang='grc' dir='ltr'>μὲλ-</span> 
     </span>
    </p>
   </div>
   <div class='ocr_carea' id='block_1_31' title="bbox 338 2818 1987 2897">
    <p class='ocr_par' dir='ltr' id='par_1_31' title="bbox 338 2818 1987 2897">
     <span class='ocr_line' id='line_1_31' title="bbox 338 2818 1987 2897; baseline 0 -21"><span class='ocrx_word' id='word_1_220' title='bbox 338 2820 461 2877; x_wconf 84' lang='grc' dir='ltr'>λετε</span> <span class='ocrx_word' id='word_1_221' title='bbox 492 2839 505 2889; x_wconf 92' lang='grc'>;</span> <span class='ocrx_word' id='word_1_222' title='bbox 540 2819 678 2893; x_wconf 58' lang='grc' dir='ltr'>τίςδὲ</span> <span class='ocrx_word' id='word_1_223' title='bbox 710 2818 997 2875; x_wconf 74' lang='grc' dir='ltr'>ἀναδύεσθε</span> <span class='ocrx_word' id='word_1_224' title='bbox 1030 2839 1043 2889; x_wconf 88' lang='grc'>;</span> <span class='ocrx_word' id='word_1_225' title='bbox 1076 2820 1128 2875; x_wconf 90' lang='grc' dir='ltr'>τί</span> <span class='ocrx_word' id='word_1_226' title='bbox 1176 2820 1236 2875; x_wconf 84' lang='grc' dir='ltr'>τὸ</span> <span class='ocrx_word' id='word_1_227' title='bbox 1284 2820 1609 2895; x_wconf 82' lang='grc' dir='ltr'>πρόσταγμα</span> <span class='ocrx_word' id='word_1_228' title='bbox 1638 2821 1701 2876; x_wconf 84' lang='grc' dir='ltr'>τὸ</span> <span class='ocrx_word' id='word_1_229' title='bbox 1747 2822 1987 2897; x_wconf 80' lang='grc' dir='ltr'>χρηστὸν</span> 
     </span>
    </p>
   </div>
   <div class='ocr_carea' id='block_1_32' title="bbox 341 2908 1992 2987">
    <p class='ocr_par' dir='ltr' id='par_1_32' title="bbox 341 2908 1992 2987">
     <span class='ocr_line' id='line_1_32' title="bbox 341 2908 1992 2987; baseline -0.001 -23"><span class='ocrx_word' id='word_1_230' title='bbox 341 2909 630 2983; x_wconf 69' lang='grc' dir='ltr'>ἀναμένετε</span> <span class='ocrx_word' id='word_1_231' title='bbox 663 2929 675 2979; x_wconf 89' lang='grc'><strong>;</strong></span> <span class='ocrx_word' id='word_1_232' title='bbox 712 2912 825 2967; x_wconf 82' lang='grc' dir='ltr'>ΙΙοὖ</span> <span class='ocrx_word' id='word_1_233' title='bbox 858 2911 926 2964; x_wconf 75' lang='grc' dir='ltr'>τὰ</span> <span class='ocrx_word' id='word_1_234' title='bbox 974 2910 1097 2987; x_wconf 75' lang='grc' dir='ltr'>ξίφη</span> <span class='ocrx_word' id='word_1_235' title='bbox 1134 2929 1146 2977; x_wconf 93' lang='grc'>;</span> <span class='ocrx_word' id='word_1_236' title='bbox 1180 2914 1285 2964; x_wconf 73' lang='grc' dir='ltr'>ποῖ)</span> <span class='ocrx_word' id='word_1_237' title='bbox 1332 2910 1398 2964; x_wconf 77' lang='grc' dir='ltr'>τὰ</span> <span class='ocrx_word' id='word_1_238' title='bbox 1452 2912 1563 2983; x_wconf 88' lang='grc'>(23)</span> <span class='ocrx_word' id='word_1_239' title='bbox 1597 2908 1767 2982; x_wconf 86' lang='grc' dir='ltr'>δεσμά</span> <span class='ocrx_word' id='word_1_240' title='bbox 1800 2929 1813 2979; x_wconf 83' lang='grc'>;</span> <span class='ocrx_word' id='word_1_241' title='bbox 1845 2915 1992 2980; x_wconf 86' lang='grc' dir='ltr'>ζητῶ</span> 
     </span>
    </p>
   </div>
   <div class='ocr_carea' id='block_1_33' title="bbox 343 2997 1993 3075">
    <p class='ocr_par' dir='ltr' id='par_1_33' title="bbox 343 2997 1993 3075">
     <span class='ocr_line' id='line_1_33' title="bbox 343 2997 1993 3075; baseline 0 -22"><span class='ocrx_word' id='word_1_242' title='bbox 343 2998 406 3053; x_wconf 88' lang='grc' dir='ltr'>τὸ</span> <span class='ocrx_word' id='word_1_243' title='bbox 436 3000 625 3073; x_wconf 83' lang='grc' dir='ltr'>τάχος.</span> <span class='ocrx_word' id='word_1_244' title='bbox 661 2997 861 3053; x_wconf 87' lang='grc' dir='ltr'>ΙΙλεῖον</span> <span class='ocrx_word' id='word_1_245' title='bbox 913 2999 1227 3054; x_wconf 74' lang='grc' dir='ltr'>ἀναπτέσθω</span> <span class='ocrx_word' id='word_1_246' title='bbox 1275 2999 1337 3053; x_wconf 82' lang='grc' dir='ltr'>τὸ</span> <span class='ocrx_word' id='word_1_247' title='bbox 1387 3003 1514 3074; x_wconf 76' lang='grc' dir='ltr'>πῦρ,</span> <span class='ocrx_word' id='word_1_248' title='bbox 1550 3001 1600 3053; x_wconf 71' lang='grc' dir='ltr'>οἱ</span> <span class='ocrx_word' id='word_1_249' title='bbox 1650 3001 1810 3073; x_wconf 82' lang='grc' dir='ltr'>θῆρες</span> <span class='ocrx_word' id='word_1_250' title='bbox 1848 2998 1993 3075; x_wconf 72' lang='grc' dir='ltr'>ἐνερ-</span> 
     </span>
    </p>
   </div>
   <div class='ocr_carea' id='block_1_34' title="bbox 346 3084 1995 3165">
    <p class='ocr_par' dir='ltr' id='par_1_34' title="bbox 346 3084 1995 3165">
     <span class='ocr_line' id='line_1_34' title="bbox 346 3084 1995 3165; baseline 0.001 -23"><span class='ocrx_word' id='word_1_251' title='bbox 346 3087 613 3163; x_wconf 80' lang='grc' dir='ltr'>γὲστεροι,</span> <span class='ocrx_word' id='word_1_252' title='bbox 672 3089 727 3142; x_wconf 77' lang='grc' dir='ltr'>αἱ</span> <span class='ocrx_word' id='word_1_253' title='bbox 804 3084 1063 3163; x_wconf 73' lang='grc' dir='ltr'>στρέϐλαι</span> <span class='ocrx_word' id='word_1_254' title='bbox 1138 3088 1542 3165; x_wconf 83' lang='grc' dir='ltr'>περιεργότεραι</span> <span class='ocrx_word' id='word_1_255' title='bbox 1603 3092 1760 3162; x_wconf 86' lang='grc'>(24)·</span> <span class='ocrx_word' id='word_1_256' title='bbox 1821 3095 1995 3144; x_wconf 82' lang='grc' dir='ltr'>πᾶντα</span> 
     </span>
    </p>
   </div>
   <div class='ocr_carea' id='block_1_35' title="bbox 344 3174 1993 3253">
    <p class='ocr_par' dir='ltr' id='par_1_35' title="bbox 344 3174 1993 3253">
     <span class='ocr_line' id='line_1_35' title="bbox 344 3174 1993 3253; baseline 0.001 -23"><span class='ocrx_word' id='word_1_257' title='bbox 344 3174 482 3230; x_wconf 79' lang='grc' dir='ltr'>ἔστω</span> <span class='ocrx_word' id='word_1_258' title='bbox 519 3177 777 3253; x_wconf 50' lang='grc' dir='ltr'>βασιλικὰ</span> <span class='ocrx_word' id='word_1_259' title='bbox 818 3177 906 3231; x_wconf 84' lang='grc' dir='ltr'>καὶ</span> <span class='ocrx_word' id='word_1_260' title='bbox 949 3176 1404 3251; x_wconf 73' lang='grc' dir='ltr'>πολυτελέστερα.</span> <span class='ocrx_word' id='word_1_261' title='bbox 1457 3179 1601 3252; x_wconf 85' lang='grc' dir='ltr'>Ἐγὼ</span> <span class='ocrx_word' id='word_1_262' title='bbox 1642 3177 1993 3253; x_wconf 85' lang='grc' dir='ltr'>πρωτότοκός</span> 
     </span>
    </p>
   </div>
   <div class='ocr_carea' id='block_1_36' title="bbox 338 3241 2069 3343">
    <p class='ocr_par' dir='ltr' id='par_1_36' title="bbox 338 3241 2069 3343">
     <span class='ocr_line' id='line_1_36' title="bbox 338 3241 2069 3343; baseline 0.001 -24"><span class='ocrx_word' id='word_1_263' title='bbox 338 3265 478 3339; x_wconf 70' lang='grc' dir='ltr'>εἰμι,</span> <span class='ocrx_word' id='word_1_264' title='bbox 510 3241 725 3340; x_wconf 77' lang='grc' dir='ltr'>πρῶτὸν</span> <span class='ocrx_word' id='word_1_265' title='bbox 764 3287 829 3339; x_wconf 90' lang='grc' dir='ltr'>με</span> <span class='ocrx_word' id='word_1_266' title='bbox 876 3265 1228 3339; x_wconf 67' lang='grc' dir='ltr'>καθιέρωσονθ</span> <span class='ocrx_word' id='word_1_267' title='bbox 1260 3241 1368 3343; x_wconf 41' lang='grc' dir='ltr'>ὶγιὼ</span> <span class='ocrx_word' id='word_1_268' title='bbox 1414 3241 1748 3335; x_wconf 54' lang='grc' dir='ltr'>τελευταῖός,</span> <span class='ocrx_word' id='word_1_269' title='bbox 1781 3269 1815 3336; x_wconf 80' lang='grc' dir='ltr'>ἡ</span> <span class='ocrx_word' id='word_1_270' title='bbox 1846 3268 1993 3340; x_wconf 77' lang='grc' dir='ltr'>τάξις</span> <span class='ocrx_word' id='word_1_271' title='bbox 2026 3241 2069 3308; x_wconf 79' lang='lat' dir='ltr'>C</span> 
     </span>
    </p>
   </div>
   <div class='ocr_carea' id='block_1_37' title="bbox 336 3353 1992 3433">
    <p class='ocr_par' dir='ltr' id='par_1_37' title="bbox 336 3353 1992 3433">
     <span class='ocr_line' id='line_1_37' title="bbox 336 3353 1992 3433; baseline 0.001 -25"><span class='ocrx_word' id='word_1_272' title='bbox 336 3353 718 3433; x_wconf 73' lang='grc' dir='ltr'>ἐναμειφθήτω</span> <span class='ocrx_word' id='word_1_273' title='bbox 753 3375 766 3425; x_wconf 88' lang='grc'>;</span> <span class='ocrx_word' id='word_1_274' title='bbox 803 3353 940 3411; x_wconf 78' lang='grc' dir='ltr'>ἔστω</span> <span class='ocrx_word' id='word_1_275' title='bbox 988 3377 1071 3417; x_wconf 91' lang='grc' dir='ltr'>τις</span> <span class='ocrx_word' id='word_1_276' title='bbox 1126 3355 1214 3410; x_wconf 72' lang='grc' dir='ltr'>καὶ</span> <span class='ocrx_word' id='word_1_277' title='bbox 1273 3360 1379 3410; x_wconf 83' lang='grc' dir='ltr'>τῶν</span> <span class='ocrx_word' id='word_1_278' title='bbox 1418 3355 1593 3428; x_wconf 67' lang='grc' dir='ltr'>μέσων</span> <span class='ocrx_word' id='word_1_279' title='bbox 1647 3355 1697 3410; x_wconf 72' lang='grc' dir='ltr'>ἐν</span> <span class='ocrx_word' id='word_1_280' title='bbox 1732 3357 1992 3431; x_wconf 86' lang='grc' dir='ltr'>πρώτοις,</span> 
     </span>
    </p>
   </div>
   <div class='ocr_carea' id='block_1_38' title="bbox 330 3441 1994 3519">
    <p class='ocr_par' dir='ltr' id='par_1_38' title="bbox 330 3441 1994 3519">
     <span class='ocr_line' id='line_1_38' title="bbox 330 3441 1994 3519; baseline 0.001 -22"><span class='ocrx_word' id='word_1_281' title='bbox 330 3441 423 3498; x_wconf 73' lang='grc' dir='ltr'>’ίνα</span> <span class='ocrx_word' id='word_1_282' title='bbox 470 3449 794 3517; x_wconf 82' lang='grc' dir='ltr'>τιμηθῶμεν</span> <span class='ocrx_word' id='word_1_283' title='bbox 850 3443 1149 3519; x_wconf 71' lang='grc' dir='ltr'>ἰσομοιρίᾳ.</span> <span class='ocrx_word' id='word_1_284' title='bbox 1204 3442 1372 3517; x_wconf 76' lang='grc' dir='ltr'>Φείδῃ</span> <span class='ocrx_word' id='word_1_285' title='bbox 1431 3442 1488 3498; x_wconf 82' lang='grc' dir='ltr'>δέ</span> <span class='ocrx_word' id='word_1_286' title='bbox 1539 3442 1892 3519; x_wconf 71' lang='grc' dir='ltr'>ςπροσδοκᾷς</span> <span class='ocrx_word' id='word_1_287' title='bbox 1940 3467 1994 3499; x_wconf 90' lang='grc' dir='ltr'>τι</span> 
     </span>
    </p>
   </div>
   <div class='ocr_carea' id='block_1_39' title="bbox 332 3531 1992 3607">
    <p class='ocr_par' dir='ltr' id='par_1_39' title="bbox 332 3531 1992 3607">
     <span class='ocr_line' id='line_1_39' title="bbox 332 3531 1992 3607; baseline 0.001 -22"><span class='ocrx_word' id='word_1_288' title='bbox 332 3532 500 3607; x_wconf 85' lang='grc' dir='ltr'>τυχὸν</span> <span class='ocrx_word' id='word_1_289' title='bbox 553 3535 668 3605; x_wconf 86' lang='grc'>(25)</span> <span class='ocrx_word' id='word_1_290' title='bbox 714 3532 803 3585; x_wconf 88' lang='grc' dir='ltr'>καὶ</span> <span class='ocrx_word' id='word_1_291' title='bbox 850 3536 957 3586; x_wconf 80' lang='grc' dir='ltr'>τῶν</span> <span class='ocrx_word' id='word_1_292' title='bbox 1012 3531 1260 3585; x_wconf 79' lang='grc' dir='ltr'>ἐναντίων</span> <span class='ocrx_word' id='word_1_293' title='bbox 1306 3532 1530 3601; x_wconf 88' lang='grc' dir='ltr'>;ΙΙάλιν</span> <span class='ocrx_word' id='word_1_294' title='bbox 1580 3532 1668 3585; x_wconf 73' lang='grc' dir='ltr'>καὶ</span> <span class='ocrx_word' id='word_1_295' title='bbox 1717 3532 1992 3595; x_wconf 79' lang='grc' dir='ltr'>πολλάκις</span> 
     </span>
    </p>
   </div>
   <div class='ocr_carea' id='block_1_40' title="bbox 334 3618 1991 3696">
    <p class='ocr_par' dir='ltr' id='par_1_40' title="bbox 334 3618 1991 3696">
     <span class='ocr_line' id='line_1_40' title="bbox 334 3618 1991 3696; baseline 0.002 -24"><span class='ocrx_word' id='word_1_296' title='bbox 334 3620 559 3695; x_wconf 72' lang='grc' dir='ltr'>ἐροῦμεν</span> <span class='ocrx_word' id='word_1_297' title='bbox 605 3619 695 3673; x_wconf 88' lang='grc' dir='ltr'>τὸν</span> <span class='ocrx_word' id='word_1_298' title='bbox 750 3618 908 3672; x_wconf 81' lang='grc' dir='ltr'>αὐτὸν</span> <span class='ocrx_word' id='word_1_299' title='bbox 960 3618 1145 3694; x_wconf 82' lang='grc' dir='ltr'>λόγον·</span> <span class='ocrx_word' id='word_1_300' title='bbox 1203 3619 1280 3675; x_wconf 81' lang='grc' dir='ltr'>Οὐ</span> <span class='ocrx_word' id='word_1_301' title='bbox 1334 3622 1844 3696; x_wconf 73' lang='grc' dir='ltr'>μιαροφαγήσομεν,</span> <span class='ocrx_word' id='word_1_302' title='bbox 1893 3621 1991 3675; x_wconf 81' lang='grc' dir='ltr'>οὐκ</span> 
     </span>
    </p>
   </div>
   <div class='ocr_carea' id='block_1_41' title="bbox 336 3702 1985 3781">
    <p class='ocr_par' dir='ltr' id='par_1_41' title="bbox 336 3702 1985 3781">
     <span class='ocr_line' id='line_1_41' title="bbox 336 3702 1985 3781; baseline 0.001 -20"><span class='ocrx_word' id='word_1_303' title='bbox 336 3705 639 3780; x_wconf 80' lang='grc' dir='ltr'>ἐνδώσομεν</span> <span class='ocrx_word' id='word_1_304' title='bbox 668 3709 800 3781; x_wconf 86' lang='grc'>(26).</span> <span class='ocrx_word' id='word_1_305' title='bbox 834 3712 1034 3761; x_wconf 84' lang='grc' dir='ltr'>Θᾶττον</span> <span class='ocrx_word' id='word_1_306' title='bbox 1079 3706 1140 3760; x_wconf 79' lang='grc' dir='ltr'>σὺ</span> <span class='ocrx_word' id='word_1_307' title='bbox 1193 3702 1498 3779; x_wconf 72' lang='grc' dir='ltr'>σεϐασθήσῃ</span> <span class='ocrx_word' id='word_1_308' title='bbox 1544 3708 1610 3761; x_wconf 77' lang='grc' dir='ltr'>τὰ</span> <span class='ocrx_word' id='word_1_309' title='bbox 1657 3708 1919 3781; x_wconf 75' lang='grc' dir='ltr'>ἡμέτερα,</span> <span class='ocrx_word' id='word_1_310' title='bbox 1951 3709 1985 3777; x_wconf 68' lang='grc' dir='ltr'>ἢ</span> 
     </span>
    </p>
   </div>
   <div class='ocr_carea' id='block_1_42' title="bbox 334 3793 1986 3872">
    <p class='ocr_par' dir='ltr' id='par_1_42' title="bbox 334 3793 1986 3872">
     <span class='ocr_line' id='line_1_42' title="bbox 334 3793 1986 3872; baseline 0.001 -23"><span class='ocrx_word' id='word_1_311' title='bbox 334 3801 452 3858; x_wconf 89' lang='grc' dir='ltr'>τοῖς</span> <span class='ocrx_word' id='word_1_312' title='bbox 484 3802 598 3859; x_wconf 87' lang='grc' dir='ltr'>σοῖς</span> <span class='ocrx_word' id='word_1_313' title='bbox 639 3798 802 3869; x_wconf 82' lang='grc' dir='ltr'>ἡμεῖς</span> <span class='ocrx_word' id='word_1_314' title='bbox 850 3793 1076 3869; x_wconf 73' lang='grc' dir='ltr'>εἷ’ξωμεν</span> <span class='ocrx_word' id='word_1_315' title='bbox 1308 3797 1608 3872; x_wconf 77' lang='grc' dir='ltr'>Κεφάλαιον</span> <span class='ocrx_word' id='word_1_316' title='bbox 1657 3800 1752 3849; x_wconf 75' lang='grc' dir='ltr'>τοῦ</span> <span class='ocrx_word' id='word_1_317' title='bbox 1796 3795 1986 3871; x_wconf 73' lang='grc' dir='ltr'>λόγον’</span> 
     </span>
    </p>
   </div>
   <div class='ocr_carea' id='block_1_43' title="bbox 334 3884 1989 3962">
    <p class='ocr_par' dir='ltr' id='par_1_43' title="bbox 334 3884 1989 3962">
     <span class='ocr_line' id='line_1_43' title="bbox 334 3884 1989 3962; baseline -0.002 -20"><span class='ocrx_word' id='word_1_318' title='bbox 334 3892 400 3942; x_wconf 87' lang='grc' dir='ltr'>Ἢ</span> <span class='ocrx_word' id='word_1_319' title='bbox 430 3886 715 3962; x_wconf 82' lang='grc' dir='ltr'>καινότερα</span> <span class='ocrx_word' id='word_1_320' title='bbox 746 3885 1033 3957; x_wconf 77' lang='grc' dir='ltr'>ἐπινόησον</span> <span class='ocrx_word' id='word_1_321' title='bbox 1057 3884 1419 3960; x_wconf 76' lang='grc' dir='ltr'>κολαστήρια,</span> <span class='ocrx_word' id='word_1_322' title='bbox 1450 3886 1484 3953; x_wconf 74' lang='grc' dir='ltr'><strong>ἢ</strong></span> <span class='ocrx_word' id='word_1_323' title='bbox 1516 3885 1581 3939; x_wconf 76' lang='grc' dir='ltr'>τὰ</span> <span class='ocrx_word' id='word_1_324' title='bbox 1611 3884 1851 3960; x_wconf 83' lang='grc' dir='ltr'>παρόντα</span> <span class='ocrx_word' id='word_1_325' title='bbox 1876 3884 1989 3949; x_wconf 80' lang='grc' dir='ltr'>ἔσθι</span> 
     </span>
    </p>
   </div>
   <div class='ocr_carea' id='block_1_44' title="bbox 336 3973 905 4053">
    <p class='ocr_par' dir='ltr' id='par_1_44' title="bbox 336 3973 905 4053">
     <span class='ocr_line' id='line_1_44' title="bbox 336 3973 905 4053; baseline -0.007 -24"><span class='ocrx_word' id='word_1_326' title='bbox 336 3973 839 4053; x_wconf 75' lang='grc' dir='ltr'>καταφρονούμενα.</span> <span class='ocrx_word' id='word_1_327' title='bbox 878 3998 905 4025; x_wconf 72' lang='lat' dir='ltr'>n</span> 
     </span>
    </p>
   </div>
   <div class='ocr_carea' id='block_1_45' title="bbox 2082 588 3743 663">
    <p class='ocr_par' dir='ltr' id='par_1_45' title="bbox 2082 588 3743 663">
     <span class='ocr_line' id='line_1_45' title="bbox 2082 588 3743 663; baseline -0.001 -16"><span class='ocrx_word' id='word_1_328' title='bbox 2082 588 2536 663; x_wconf 87' lang='lat' dir='ltr'>negotiabimur.</span> <span class='ocrx_word' id='word_1_329' title='bbox 2554 589 2705 654; x_wconf 88' lang='lat' dir='ltr'>Quin</span> <span class='ocrx_word' id='word_1_330' title='bbox 2728 594 2787 645; x_wconf 92' lang='lat' dir='ltr'>tu</span> <span class='ocrx_word' id='word_1_331' title='bbox 2814 606 3049 662; x_wconf 92' lang='lat' dir='ltr'>quoque</span> <span class='ocrx_word' id='word_1_332' title='bbox 3072 590 3242 645; x_wconf 90' lang='lat' dir='ltr'>nobis</span> <span class='ocrx_word' id='word_1_333' title='bbox 3266 590 3478 644; x_wconf 88' lang='lat' dir='ltr'>minari</span> <span class='ocrx_word' id='word_1_334' title='bbox 3502 590 3704 645; x_wconf 87' lang='lat' dir='ltr'>desine</span> <span class='ocrx_word' id='word_1_335' title='bbox 3731 616 3743 652; x_wconf 81' lang='lat'><strong>;</strong></span> 
     </span>
    </p>
   </div>
   <div class='ocr_carea' id='block_1_46' title="bbox 2082 678 3743 745">
    <p class='ocr_par' dir='ltr' id='par_1_46' title="bbox 2082 678 3743 745">
     <span class='ocr_line' id='line_1_46' title="bbox 2082 678 3743 745; baseline -0.002 -9"><span class='ocrx_word' id='word_1_336' title='bbox 2082 680 2167 736; x_wconf 86' lang='lat' dir='ltr'>vel</span> <span class='ocrx_word' id='word_1_337' title='bbox 2200 684 2398 735; x_wconf 87' lang='lat' dir='ltr'>contra</span> <span class='ocrx_word' id='word_1_338' title='bbox 2430 680 2685 734; x_wconf 86' lang='lat' dir='ltr'>facturos</span> <span class='ocrx_word' id='word_1_339' title='bbox 2712 697 2816 735; x_wconf 91' lang='lat' dir='ltr'>nos</span> <span class='ocrx_word' id='word_1_340' title='bbox 2848 679 3230 745; x_wconf 89' lang='lat' dir='ltr'>minabimur,</span> <span class='ocrx_word' id='word_1_341' title='bbox 3266 684 3330 733; x_wconf 90' lang='lat' dir='ltr'>ut</span> <span class='ocrx_word' id='word_1_342' title='bbox 3374 678 3743 734; x_wconf 89' lang='lat' dir='ltr'>imbecillita-</span> 
     </span>
    </p>
   </div>
   <div class='ocr_carea' id='block_1_47' title="bbox 2080 768 3744 840">
    <p class='ocr_par' dir='ltr' id='par_1_47' title="bbox 2080 768 3744 840">
     <span class='ocr_line' id='line_1_47' title="bbox 2080 768 3744 840; baseline 0 -17"><span class='ocrx_word' id='word_1_343' title='bbox 2080 775 2198 824; x_wconf 90' lang='lat' dir='ltr'>tem</span> <span class='ocrx_word' id='word_1_344' title='bbox 2234 775 2391 823; x_wconf 87' lang='lat' dir='ltr'>tuam</span> <span class='ocrx_word' id='word_1_345' title='bbox 2426 770 2767 840; x_wconf 85' lang='lat' dir='ltr'>prodamus,</span> <span class='ocrx_word' id='word_1_346' title='bbox 2803 774 2978 840; x_wconf 87' lang='lat' dir='ltr'>atque</span> <span class='ocrx_word' id='word_1_347' title='bbox 3026 768 3269 840; x_wconf 81' lang='lat' dir='ltr'>insuper</span> <span class='ocrx_word' id='word_1_348' title='bbox 3318 772 3744 823; x_wconf 79' lang='lat' dir='ltr'>tormentorum</span> 
     </span>
    </p>
   </div>
   <div class='ocr_carea' id='block_1_48' title="bbox 2082 856 3739 927">
    <p class='ocr_par' dir='ltr' id='par_1_48' title="bbox 2082 856 3739 927">
     <span class='ocr_line' id='line_1_48' title="bbox 2082 856 3739 927; baseline -0.001 -15"><span class='ocrx_word' id='word_1_349' title='bbox 2082 864 2417 913; x_wconf 90' lang='lat' dir='ltr'>nostrorum</span> <span class='ocrx_word' id='word_1_350' title='bbox 2451 863 2674 912; x_wconf 91' lang='lat' dir='ltr'>metum</span> <span class='ocrx_word' id='word_1_351' title='bbox 2707 858 3085 912; x_wconf 87' lang='lat' dir='ltr'>intentemus.</span> <span class='ocrx_word' id='word_1_352' title='bbox 3116 858 3262 912; x_wconf 90' lang='lat' dir='ltr'>Nam</span> <span class='ocrx_word' id='word_1_353' title='bbox 3297 856 3467 911; x_wconf 91' lang='lat' dir='ltr'>nobis</span> <span class='ocrx_word' id='word_1_354' title='bbox 3494 872 3739 927; x_wconf 89' lang='lat' dir='ltr'>quoque,</span> 
     </span>
    </p>
   </div>
   <div class='ocr_carea' id='block_1_49' title="bbox 2083 946 3747 1018">
    <p class='ocr_par' dir='ltr' id='par_1_49' title="bbox 2083 946 3747 1018">
     <span class='ocr_line' id='line_1_49' title="bbox 2083 946 3747 1018; baseline -0.001 -17"><span class='ocrx_word' id='word_1_355' title='bbox 2083 964 2155 1001; x_wconf 92' lang='lat' dir='ltr'>ne</span> <span class='ocrx_word' id='word_1_356' title='bbox 2186 948 2265 1002; x_wconf 83' lang='lat' dir='ltr'>sis</span> <span class='ocrx_word' id='word_1_357' title='bbox 2297 946 2552 1011; x_wconf 89' lang='lat' dir='ltr'>nescius,</span> <span class='ocrx_word' id='word_1_358' title='bbox 2586 947 2742 1016; x_wconf 87' lang='lat' dir='ltr'>ignis</span> <span class='ocrx_word' id='word_1_359' title='bbox 2774 951 2881 1013; x_wconf 90' lang='lat' dir='ltr'>est,</span> <span class='ocrx_word' id='word_1_360' title='bbox 2917 963 3033 1017; x_wconf 89' lang='lat' dir='ltr'>quo</span> <span class='ocrx_word' id='word_1_361' title='bbox 3068 950 3474 1018; x_wconf 79' lang='lat' dir='ltr'>persecutores</span> <span class='ocrx_word' id='word_1_362' title='bbox 3516 950 3747 1000; x_wconf 90' lang='lat' dir='ltr'>nostros</span> 
     </span>
    </p>
   </div>
   <div class='ocr_carea' id='block_1_50' title="bbox 2082 1033 3744 1107">
    <p class='ocr_par' dir='ltr' id='par_1_50' title="bbox 2082 1033 3744 1107">
     <span class='ocr_line' id='line_1_50' title="bbox 2082 1033 3744 1107; baseline -0.002 -17"><span class='ocrx_word' id='word_1_363' title='bbox 2082 1035 2511 1091; x_wconf 83' lang='lat' dir='ltr'>excruciamus.</span> <span class='ocrx_word' id='word_1_364' title='bbox 2536 1041 2622 1089; x_wconf 84' lang='lat' dir='ltr'>An</span> <span class='ocrx_word' id='word_1_365' title='bbox 2647 1040 2707 1089; x_wconf 91' lang='lat' dir='ltr'>tu</span> <span class='ocrx_word' id='word_1_366' title='bbox 2733 1052 2866 1090; x_wconf 89' lang='lat' dir='ltr'>cum</span> <span class='ocrx_word' id='word_1_367' title='bbox 2890 1034 3165 1107; x_wconf 74' lang='lat' dir='ltr'>gentibus</span> <span class='ocrx_word' id='word_1_368' title='bbox 3188 1039 3244 1089; x_wconf 91' lang='lat' dir='ltr'>et</span> <span class='ocrx_word' id='word_1_369' title='bbox 3266 1033 3606 1089; x_wconf 80' lang='lat' dir='ltr'>civitatibus</span> <span class='ocrx_word' id='word_1_370' title='bbox 3638 1033 3744 1087; x_wconf 86' lang='lat' dir='ltr'>tibi</span> 
     </span>
    </p>
   </div>
   <div class='ocr_carea' id='block_1_51' title="bbox 2083 1123 3743 1196">
    <p class='ocr_par' dir='ltr' id='par_1_51' title="bbox 2083 1123 3743 1196">
     <span class='ocr_line' id='line_1_51' title="bbox 2083 1123 3743 1196; baseline -0.002 -15"><span class='ocrx_word' id='word_1_371' title='bbox 2083 1128 2375 1181; x_wconf 85' lang='lat' dir='ltr'>certamen</span> <span class='ocrx_word' id='word_1_372' title='bbox 2398 1141 2526 1179; x_wconf 80' lang='lat' dir='ltr'>esse</span> <span class='ocrx_word' id='word_1_373' title='bbox 2559 1128 2859 1195; x_wconf 88' lang='lat' dir='ltr'>putas,aut</span> <span class='ocrx_word' id='word_1_374' title='bbox 2890 1142 3023 1180; x_wconf 89' lang='lat' dir='ltr'>cum</span> <span class='ocrx_word' id='word_1_375' title='bbox 3055 1123 3456 1196; x_wconf 83' lang='lat' dir='ltr'>ignavissimis</span> <span class='ocrx_word' id='word_1_376' title='bbox 3481 1123 3743 1195; x_wconf 86' lang='lat' dir='ltr'>regibus,</span> 
     </span>
    </p>
   </div>
   <div class='ocr_carea' id='block_1_52' title="bbox 2086 1212 3747 1287">
    <p class='ocr_par' dir='ltr' id='par_1_52' title="bbox 2086 1212 3747 1287">
     <span class='ocr_line' id='line_1_52' title="bbox 2086 1212 3747 1287; baseline -0.002 -18"><span class='ocrx_word' id='word_1_377' title='bbox 2086 1232 2333 1287; x_wconf 90' lang='lat' dir='ltr'>quorum</span> <span class='ocrx_word' id='word_1_378' title='bbox 2368 1214 2467 1270; x_wconf 88' lang='lat' dir='ltr'>alii</span> <span class='ocrx_word' id='word_1_379' title='bbox 2499 1214 2831 1285; x_wconf 86' lang='lat' dir='ltr'>superiores</span> <span class='ocrx_word' id='word_1_380' title='bbox 2862 1214 3283 1282; x_wconf 86' lang='lat' dir='ltr'>discedere,alii</span> <span class='ocrx_word' id='word_1_381' title='bbox 3317 1214 3565 1269; x_wconf 81' lang='lat' dir='ltr'>fortasse</span> <span class='ocrx_word' id='word_1_382' title='bbox 3587 1212 3747 1267; x_wconf 91' lang='lat' dir='ltr'>vinci</span> 
     </span>
    </p>
   </div>
   <div class='ocr_carea' id='block_1_53' title="bbox 2085 1302 3746 1376">
    <p class='ocr_par' dir='ltr' id='par_1_53' title="bbox 2085 1302 3746 1376">
     <span class='ocr_line' id='line_1_53' title="bbox 2085 1302 3746 1376; baseline -0.002 -17"><span class='ocrx_word' id='word_1_383' title='bbox 2085 1303 2349 1376; x_wconf 82' lang='lat' dir='ltr'>queant?</span> <span class='ocrx_word' id='word_1_384' title='bbox 2377 1304 2492 1358; x_wconf 90' lang='lat' dir='ltr'>Nec</span> <span class='ocrx_word' id='word_1_385' title='bbox 2547 1304 2785 1371; x_wconf 82' lang='lat' dir='ltr'>mirum,</span> <span class='ocrx_word' id='word_1_386' title='bbox 2839 1320 2972 1359; x_wconf 89' lang='lat' dir='ltr'>cum</span> <span class='ocrx_word' id='word_1_387' title='bbox 3024 1320 3393 1376; x_wconf 83' lang='lat' dir='ltr'>nequaquam</span> <span class='ocrx_word' id='word_1_388' title='bbox 3442 1319 3545 1374; x_wconf 86' lang='lat' dir='ltr'>pro</span> <span class='ocrx_word' id='word_1_389' title='bbox 3594 1302 3746 1357; x_wconf 85' lang='lat' dir='ltr'>tanti</span> 
     </span>
    </p>
   </div>
   <div class='ocr_carea' id='block_1_54' title="bbox 2088 1391 3749 1463">
    <p class='ocr_par' dir='ltr' id='par_1_54' title="bbox 2088 1391 3749 1463">
     <span class='ocr_line' id='line_1_54' title="bbox 2088 1391 3749 1463; baseline -0.002 -15"><span class='ocrx_word' id='word_1_390' title='bbox 2088 1393 2368 1448; x_wconf 88' lang='lat' dir='ltr'>momenti</span> <span class='ocrx_word' id='word_1_391' title='bbox 2390 1393 2565 1447; x_wconf 92' lang='lat' dir='ltr'>rebus</span> <span class='ocrx_word' id='word_1_392' title='bbox 2588 1391 2913 1463; x_wconf 89' lang='lat' dir='ltr'>periculum</span> <span class='ocrx_word' id='word_1_393' title='bbox 2939 1394 3208 1449; x_wconf 86' lang='lat' dir='ltr'>subeant.</span> <span class='ocrx_word' id='word_1_394' title='bbox 3244 1394 3364 1447; x_wconf 91' lang='lat' dir='ltr'>Imo</span> <span class='ocrx_word' id='word_1_395' title='bbox 3384 1408 3517 1447; x_wconf 80' lang='lat' dir='ltr'>vero</span> <span class='ocrx_word' id='word_1_396' title='bbox 3541 1392 3749 1446; x_wconf 89' lang='lat' dir='ltr'>adver-</span> 
     </span>
    </p>
   </div>
   <div class='ocr_carea' id='block_1_55' title="bbox 2087 1480 3750 1554">
    <p class='ocr_par' dir='ltr' id='par_1_55' title="bbox 2087 1480 3750 1554">
     <span class='ocr_line' id='line_1_55' title="bbox 2087 1480 3750 1554; baseline -0.001 -17"><span class='ocrx_word' id='word_1_397' title='bbox 2087 1499 2191 1537; x_wconf 88' lang='lat' dir='ltr'>sus</span> <span class='ocrx_word' id='word_1_398' title='bbox 2220 1480 2407 1554; x_wconf 83' lang='lat' dir='ltr'>legem</span> <span class='ocrx_word' id='word_1_399' title='bbox 2442 1481 2543 1536; x_wconf 88' lang='lat' dir='ltr'>Dei</span> <span class='ocrx_word' id='word_1_400' title='bbox 2590 1481 2771 1536; x_wconf 90' lang='lat' dir='ltr'>aciem</span> <span class='ocrx_word' id='word_1_401' title='bbox 2824 1482 3088 1551; x_wconf 88' lang='lat' dir='ltr'>instruis,</span> <span class='ocrx_word' id='word_1_402' title='bbox 3123 1483 3401 1537; x_wconf 88' lang='lat' dir='ltr'>adversus</span> <span class='ocrx_word' id='word_1_403' title='bbox 3447 1480 3681 1536; x_wconf 88' lang='lat' dir='ltr'>tabulas</span> <span class='ocrx_word' id='word_1_404' title='bbox 3715 1497 3750 1535; x_wconf 88' lang='lat' dir='ltr'>a</span> 
     </span>
    </p>
   </div>
   <div class='ocr_carea' id='block_1_56' title="bbox 2088 1569 3751 1642">
    <p class='ocr_par' dir='ltr' id='par_1_56' title="bbox 2088 1569 3751 1642">
     <span class='ocr_line' id='line_1_56' title="bbox 2088 1569 3751 1642; baseline -0.001 -17"><span class='ocrx_word' id='word_1_405' title='bbox 2088 1570 2203 1626; x_wconf 92' lang='lat' dir='ltr'>Deo</span> <span class='ocrx_word' id='word_1_406' title='bbox 2236 1569 2589 1641; x_wconf 88' lang='lat' dir='ltr'>exsculptas,</span> <span class='ocrx_word' id='word_1_407' title='bbox 2623 1571 2903 1626; x_wconf 89' lang='lat' dir='ltr'>adversus</span> <span class='ocrx_word' id='word_1_408' title='bbox 2926 1571 3145 1642; x_wconf 86' lang='lat' dir='ltr'>patrios</span> <span class='ocrx_word' id='word_1_409' title='bbox 3167 1570 3338 1639; x_wconf 88' lang='lat' dir='ltr'>ritus,</span> <span class='ocrx_word' id='word_1_410' title='bbox 3362 1575 3419 1625; x_wconf 87' lang='lat' dir='ltr'>et</span> <span class='ocrx_word' id='word_1_411' title='bbox 3438 1569 3663 1625; x_wconf 83' lang='lat' dir='ltr'>ratione</span> <span class='ocrx_word' id='word_1_412' title='bbox 3692 1574 3751 1624; x_wconf 91' lang='lat' dir='ltr'>et</span> 
     </span>
    </p>
   </div>
   <div class='ocr_carea' id='block_1_57' title="bbox 2090 1659 3751 1731">
    <p class='ocr_par' dir='ltr' id='par_1_57' title="bbox 2090 1659 3751 1731">
     <span class='ocr_line' id='line_1_57' title="bbox 2090 1659 3751 1731; baseline -0.002 -15"><span class='ocrx_word' id='word_1_413' title='bbox 2090 1659 2440 1731; x_wconf 86' lang='lat' dir='ltr'>antiquitate</span> <span class='ocrx_word' id='word_1_414' title='bbox 2507 1664 2836 1728; x_wconf 87' lang='lat' dir='ltr'>coornatos,</span> <span class='ocrx_word' id='word_1_415' title='bbox 2906 1661 3187 1716; x_wconf 82' lang='lat' dir='ltr'>adversus</span> <span class='ocrx_word' id='word_1_416' title='bbox 3250 1662 3472 1730; x_wconf 89' lang='lat' dir='ltr'>septem</span> <span class='ocrx_word' id='word_1_417' title='bbox 3542 1659 3751 1713; x_wconf 83' lang='lat' dir='ltr'>fratres</span> 
     </span>
    </p>
   </div>
   <div class='ocr_carea' id='block_1_58' title="bbox 2090 1747 3755 1819">
    <p class='ocr_par' dir='ltr' id='par_1_58' title="bbox 2090 1747 3755 1819">
     <span class='ocr_line' id='line_1_58' title="bbox 2090 1747 3755 1819; baseline -0.001 -15"><span class='ocrx_word' id='word_1_418' title='bbox 2090 1750 2269 1804; x_wconf 92' lang='lat' dir='ltr'>unius</span> <span class='ocrx_word' id='word_1_419' title='bbox 2301 1750 2510 1804; x_wconf 71' lang='lat' dir='ltr'>animae</span> <span class='ocrx_word' id='word_1_420' title='bbox 2559 1749 2788 1804; x_wconf 90' lang='lat' dir='ltr'>vinculo</span> <span class='ocrx_word' id='word_1_421' title='bbox 2832 1748 3204 1813; x_wconf 87' lang='lat' dir='ltr'>constrictos,</span> <span class='ocrx_word' id='word_1_422' title='bbox 3242 1751 3465 1819; x_wconf 87' lang='lat' dir='ltr'>septem</span> <span class='ocrx_word' id='word_1_423' title='bbox 3516 1747 3755 1819; x_wconf 67' lang='lat' dir='ltr'>tropaeis</span> 
     </span>
    </p>
   </div>
   <div class='ocr_carea' id='block_1_59' title="bbox 2092 1835 3757 1908">
    <p class='ocr_par' dir='ltr' id='par_1_59' title="bbox 2092 1835 3757 1908">
     <span class='ocr_line' id='line_1_59' title="bbox 2092 1835 3757 1908; baseline -0.003 -14"><span class='ocrx_word' id='word_1_424' title='bbox 2092 1845 2366 1894; x_wconf 66' lang='lat' dir='ltr'>aeternam</span> <span class='ocrx_word' id='word_1_425' title='bbox 2393 1838 2614 1893; x_wconf 90' lang='lat' dir='ltr'>nomini</span> <span class='ocrx_word' id='word_1_426' title='bbox 2638 1842 2737 1893; x_wconf 88' lang='lat' dir='ltr'>tuo</span> <span class='ocrx_word' id='word_1_427' title='bbox 2758 1837 3061 1894; x_wconf 82' lang='lat' dir='ltr'>infamiam</span> <span class='ocrx_word' id='word_1_428' title='bbox 3083 1838 3390 1892; x_wconf 89' lang='lat' dir='ltr'>instituros</span> <span class='ocrx_word' id='word_1_429' title='bbox 3418 1853 3430 1891; x_wconf 92' lang='lat'>:</span> <span class='ocrx_word' id='word_1_430' title='bbox 3456 1852 3604 1908; x_wconf 91' lang='lat' dir='ltr'>quos</span> <span class='ocrx_word' id='word_1_431' title='bbox 3634 1835 3757 1889; x_wconf 90' lang='lat' dir='ltr'>vin-</span> 
     </span>
    </p>
   </div>
   <div class='ocr_carea' id='block_1_60' title="bbox 2092 1925 3759 1999">
    <p class='ocr_par' dir='ltr' id='par_1_60' title="bbox 2092 1925 3759 1999">
     <span class='ocr_line' id='line_1_60' title="bbox 2092 1925 3759 1999; baseline -0.002 -15"><span class='ocrx_word' id='word_1_432' title='bbox 2092 1946 2221 1985; x_wconf 87' lang='lat' dir='ltr'>cere</span> <span class='ocrx_word' id='word_1_433' title='bbox 2270 1928 2507 1999; x_wconf 89' lang='lat' dir='ltr'>quidem</span> <span class='ocrx_word' id='word_1_434' title='bbox 2561 1945 2769 1999; x_wconf 88' lang='lat' dir='ltr'>parum</span> <span class='ocrx_word' id='word_1_435' title='bbox 2820 1927 3084 1999; x_wconf 90' lang='lat' dir='ltr'>amplum</span> <span class='ocrx_word' id='word_1_436' title='bbox 3144 1931 3319 1997; x_wconf 88' lang='lat' dir='ltr'>atque</span> <span class='ocrx_word' id='word_1_437' title='bbox 3368 1925 3759 1982; x_wconf 84' lang='lat' dir='ltr'>honoriﬁcum</span> 
     </span>
    </p>
   </div>
   <div class='ocr_carea' id='block_1_61' title="bbox 2095 2016 3758 2088">
    <p class='ocr_par' dir='ltr' id='par_1_61' title="bbox 2095 2016 3758 2088">
     <span class='ocr_line' id='line_1_61' title="bbox 2095 2016 3758 2088; baseline -0.003 -15"><span class='ocrx_word' id='word_1_438' title='bbox 2095 2019 2288 2085; x_wconf 85' lang='lat' dir='ltr'>fuerit,</span> <span class='ocrx_word' id='word_1_439' title='bbox 2324 2018 2395 2072; x_wconf 91' lang='lat' dir='ltr'>ab</span> <span class='ocrx_word' id='word_1_440' title='bbox 2428 2017 2573 2088; x_wconf 89' lang='lat' dir='ltr'>ipsis</span> <span class='ocrx_word' id='word_1_441' title='bbox 2600 2021 2795 2071; x_wconf 90' lang='lat' dir='ltr'>autem</span> <span class='ocrx_word' id='word_1_442' title='bbox 2824 2016 2979 2072; x_wconf 87' lang='lat' dir='ltr'>vinci</span> <span class='ocrx_word' id='word_1_443' title='bbox 3012 2017 3329 2071; x_wconf 90' lang='lat' dir='ltr'>admodum</span> <span class='ocrx_word' id='word_1_444' title='bbox 3363 2019 3532 2086; x_wconf 88' lang='lat' dir='ltr'>turpe</span> <span class='ocrx_word' id='word_1_445' title='bbox 3564 2018 3621 2071; x_wconf 83' lang='lat' dir='ltr'>et</span> <span class='ocrx_word' id='word_1_446' title='bbox 3649 2030 3758 2085; x_wconf 90' lang='lat' dir='ltr'>pu-</span> 
     </span>
    </p>
   </div>
   <div class='ocr_carea' id='block_1_62' title="bbox 2094 2102 3758 2176">
    <p class='ocr_par' dir='ltr' id='par_1_62' title="bbox 2094 2102 3758 2176">
     <span class='ocr_line' id='line_1_62' title="bbox 2094 2102 3758 2176; baseline -0.003 -14"><span class='ocrx_word' id='word_1_447' title='bbox 2094 2108 2375 2162; x_wconf 90' lang='lat' dir='ltr'>dendum.</span> <span class='ocrx_word' id='word_1_448' title='bbox 2412 2106 2497 2159; x_wconf 81' lang='lat' dir='ltr'>Ah</span> <span class='ocrx_word' id='word_1_449' title='bbox 2527 2105 2643 2160; x_wconf 85' lang='lat' dir='ltr'>illis</span> <span class='ocrx_word' id='word_1_450' title='bbox 2675 2122 2861 2176; x_wconf 89' lang='lat' dir='ltr'>genus</span> <span class='ocrx_word' id='word_1_451' title='bbox 2894 2103 3445 2172; x_wconf 88' lang='lat' dir='ltr'>ducimus,illorum</span> <span class='ocrx_word' id='word_1_452' title='bbox 3478 2102 3758 2175; x_wconf 87' lang='lat' dir='ltr'>discipuli</span> 
     </span>
    </p>
   </div>
   <div class='ocr_carea' id='block_1_63' title="bbox 2097 2192 3754 2267">
    <p class='ocr_par' dir='ltr' id='par_1_63' title="bbox 2097 2192 3754 2267">
     <span class='ocr_line' id='line_1_63' title="bbox 2097 2192 3754 2267; baseline -0.004 -15"><span class='ocrx_word' id='word_1_453' title='bbox 2097 2214 2327 2265; x_wconf 89' lang='lat' dir='ltr'>sumus,</span> <span class='ocrx_word' id='word_1_454' title='bbox 2348 2195 2564 2267; x_wconf 91' lang='lat' dir='ltr'>quibus</span> <span class='ocrx_word' id='word_1_455' title='bbox 2596 2195 2751 2266; x_wconf 85' lang='lat' dir='ltr'>ignis</span> <span class='ocrx_word' id='word_1_456' title='bbox 2785 2194 3076 2265; x_wconf 90' lang='lat' dir='ltr'>nubisque</span> <span class='ocrx_word' id='word_1_457' title='bbox 3107 2192 3382 2248; x_wconf 90' lang='lat' dir='ltr'>columna</span> <span class='ocrx_word' id='word_1_458' title='bbox 3412 2193 3561 2248; x_wconf 84' lang='lat' dir='ltr'>viam</span> <span class='ocrx_word' id='word_1_459' title='bbox 3595 2208 3754 2247; x_wconf 87' lang='lat' dir='ltr'>com-</span> 
     </span>
    </p>
   </div>
   <div class='ocr_carea' id='block_1_64' title="bbox 2096 2281 3761 2352">
    <p class='ocr_par' dir='ltr' id='par_1_64' title="bbox 2096 2281 3761 2352">
     <span class='ocr_line' id='line_1_64' title="bbox 2096 2281 3761 2352; baseline -0.004 -11"><span class='ocrx_word' id='word_1_460' title='bbox 2096 2285 2462 2341; x_wconf 89' lang='lat' dir='ltr'>monstrabat</span> <span class='ocrx_word' id='word_1_461' title='bbox 2490 2285 2557 2351; x_wconf 73' lang='grc' dir='ltr'>δι,</span> <span class='ocrx_word' id='word_1_462' title='bbox 2592 2284 2805 2352; x_wconf 88' lang='lat' dir='ltr'>quibus</span> <span class='ocrx_word' id='word_1_463' title='bbox 2838 2300 2996 2338; x_wconf 87' lang='lat' dir='ltr'>mare</span> <span class='ocrx_word' id='word_1_464' title='bbox 3037 2282 3415 2337; x_wconf 86' lang='lat' dir='ltr'>scindebatur</span> <span class='ocrx_word' id='word_1_465' title='bbox 3442 2282 3514 2347; x_wconf 70' lang='grc' dir='ltr'>δ’,</span> <span class='ocrx_word' id='word_1_466' title='bbox 3546 2281 3761 2337; x_wconf 88' lang='lat' dir='ltr'>ﬂuvius</span> 
     </span>
    </p>
   </div>
   <div class='ocr_carea' id='block_1_65' title="bbox 2097 2370 3764 2442">
    <p class='ocr_par' dir='ltr' id='par_1_65' title="bbox 2097 2370 3764 2442">
     <span class='ocr_line' id='line_1_65' title="bbox 2097 2370 3764 2442; baseline -0.003 -13"><span class='ocrx_word' id='word_1_467' title='bbox 2097 2375 2414 2430; x_wconf 90' lang='lat' dir='ltr'>sistebatur</span> <span class='ocrx_word' id='word_1_468' title='bbox 2442 2373 2506 2440; x_wconf 79' lang='grc'>⁸³,</span> <span class='ocrx_word' id='word_1_469' title='bbox 2543 2372 2685 2427; x_wconf 91' lang='lat' dir='ltr'>solis</span> <span class='ocrx_word' id='word_1_470' title='bbox 2716 2389 2925 2427; x_wconf 88' lang='lat' dir='ltr'>cursus</span> <span class='ocrx_word' id='word_1_471' title='bbox 2958 2371 3387 2442; x_wconf 89' lang='lat' dir='ltr'>reprimebatur</span> <span class='ocrx_word' id='word_1_472' title='bbox 3412 2372 3477 2437; x_wconf 69' lang='grc'>⁸⁸,</span> <span class='ocrx_word' id='word_1_473' title='bbox 3498 2370 3667 2442; x_wconf 89' lang='lat' dir='ltr'>panis</span> <span class='ocrx_word' id='word_1_474' title='bbox 3698 2374 3764 2425; x_wconf 89' lang='lat' dir='ltr'>ut</span> 
     </span>
    </p>
   </div>
   <div class='ocr_carea' id='block_1_66' title="bbox 2097 2459 3763 2535">
    <p class='ocr_par' dir='ltr' id='par_1_66' title="bbox 2097 2459 3763 2535">
     <span class='ocr_line' id='line_1_66' title="bbox 2097 2459 3763 2535; baseline 0 -19"><span class='ocrx_word' id='word_1_475' title='bbox 2097 2462 2296 2535; x_wconf 85' lang='lat' dir='ltr'>pluvia</span> <span class='ocrx_word' id='word_1_476' title='bbox 2326 2463 2539 2517; x_wconf 85' lang='lat' dir='ltr'>ﬂuebat</span> <span class='ocrx_word' id='word_1_477' title='bbox 2562 2461 2917 2526; x_wconf 60' lang='lat' dir='ltr'>65,1rnanuum</span> <span class='ocrx_word' id='word_1_478' title='bbox 2951 2462 3211 2516; x_wconf 85' lang='lat' dir='ltr'>extensio</span> <span class='ocrx_word' id='word_1_479' title='bbox 3242 2459 3763 2516; x_wconf 84' lang='lat' dir='ltr'>numerosissimos</span> 
     </span>
    </p>
   </div>
   <div class='ocr_carea' id='block_1_67' title="bbox 2098 2548 3759 2621">
    <p class='ocr_par' dir='ltr' id='par_1_67' title="bbox 2098 2548 3759 2621">
     <span class='ocr_line' id='line_1_67' title="bbox 2098 2548 3759 2621; baseline -0.002 -15"><span class='ocrx_word' id='word_1_480' title='bbox 2098 2552 2383 2607; x_wconf 86' lang='lat' dir='ltr'>exercitus</span> <span class='ocrx_word' id='word_1_481' title='bbox 2416 2567 2519 2621; x_wconf 91' lang='lat' dir='ltr'>per</span> <span class='ocrx_word' id='word_1_482' title='bbox 2548 2550 2869 2605; x_wconf 89' lang='lat' dir='ltr'>orationem</span> <span class='ocrx_word' id='word_1_483' title='bbox 2925 2550 3226 2615; x_wconf 84' lang='lat' dir='ltr'>fundebat,</span> <span class='ocrx_word' id='word_1_484' title='bbox 3262 2554 3436 2619; x_wconf 85' lang='lat' dir='ltr'>atque</span> <span class='ocrx_word' id='word_1_485' title='bbox 3466 2549 3525 2603; x_wconf 92' lang='lat' dir='ltr'>in</span> <span class='ocrx_word' id='word_1_486' title='bbox 3560 2548 3759 2619; x_wconf 81' lang='lat' dir='ltr'>fugam</span> 
     </span>
    </p>
   </div>
   <div class='ocr_carea' id='block_1_68' title="bbox 2097 2637 3759 2711">
    <p class='ocr_par' dir='ltr' id='par_1_68' title="bbox 2097 2637 3759 2711">
     <span class='ocr_line' id='line_1_68' title="bbox 2097 2637 3759 2711; baseline -0.002 -16"><span class='ocrx_word' id='word_1_487' title='bbox 2097 2640 2357 2695; x_wconf 82' lang='lat' dir='ltr'>vertebat</span> <span class='ocrx_word' id='word_1_488' title='bbox 2385 2640 2428 2674; x_wconf 82' lang='grc'>⁶⁶</span> <span class='ocrx_word' id='word_1_489' title='bbox 2464 2655 2476 2693; x_wconf 87' lang='lat'>:</span> <span class='ocrx_word' id='word_1_490' title='bbox 2511 2640 2729 2711; x_wconf 86' lang='lat' dir='ltr'>quibus</span> <span class='ocrx_word' id='word_1_491' title='bbox 2760 2640 2890 2694; x_wconf 71' lang='lat' dir='ltr'>ferae</span> <span class='ocrx_word' id='word_1_492' title='bbox 2922 2639 3224 2705; x_wconf 89' lang='lat' dir='ltr'>cedebant,</span> <span class='ocrx_word' id='word_1_493' title='bbox 3252 2655 3355 2692; x_wconf 92' lang='lat' dir='ltr'>nec</span> <span class='ocrx_word' id='word_1_494' title='bbox 3390 2638 3475 2692; x_wconf 90' lang='lat' dir='ltr'>vis</span> <span class='ocrx_word' id='word_1_495' title='bbox 3507 2637 3759 2692; x_wconf 70' lang='lat' dir='ltr'>flammae</span> 
     </span>
    </p>
   </div>
   <div class='ocr_carea' id='block_1_69' title="bbox 2101 2725 3758 2800">
    <p class='ocr_par' dir='ltr' id='par_1_69' title="bbox 2101 2725 3758 2800">
     <span class='ocr_line' id='line_1_69' title="bbox 2101 2725 3758 2800; baseline -0.004 -15"><span class='ocrx_word' id='word_1_496' title='bbox 2101 2746 2198 2785; x_wconf 90' lang='lat' dir='ltr'>eos</span> <span class='ocrx_word' id='word_1_497' title='bbox 2230 2729 2575 2800; x_wconf 80' lang='lat' dir='ltr'>attingebat,</span> <span class='ocrx_word' id='word_1_498' title='bbox 2608 2745 2673 2783; x_wconf 91' lang='lat' dir='ltr'>ac</span> <span class='ocrx_word' id='word_1_499' title='bbox 2703 2744 2888 2799; x_wconf 88' lang='lat' dir='ltr'>reges,</span> <span class='ocrx_word' id='word_1_500' title='bbox 2921 2744 3117 2783; x_wconf 89' lang='lat' dir='ltr'>eorum</span> <span class='ocrx_word' id='word_1_501' title='bbox 3170 2728 3323 2783; x_wconf 68' lang='lat'>292</span> <span class='ocrx_word' id='word_1_502' title='bbox 3358 2725 3758 2781; x_wconf 86' lang='lat' dir='ltr'>fortitudinem</span> 
     </span>
    </p>
   </div>
   <div class='ocr_carea' id='block_1_70' title="bbox 2102 2814 3760 2888">
    <p class='ocr_par' dir='ltr' id='par_1_70' title="bbox 2102 2814 3760 2888">
     <span class='ocr_line' id='line_1_70' title="bbox 2102 2814 3760 2888; baseline -0.004 -13"><span class='ocrx_word' id='word_1_503' title='bbox 2102 2819 2481 2888; x_wconf 85' lang='lat' dir='ltr'>admirantes,</span> <span class='ocrx_word' id='word_1_504' title='bbox 2506 2817 2887 2873; x_wconf 88' lang='lat' dir='ltr'>discedebant</span> <span class='ocrx_word' id='word_1_505' title='bbox 2906 2818 2971 2871; x_wconf 77' lang='grc'>⁸⁷.</span> <span class='ocrx_word' id='word_1_506' title='bbox 3000 2820 3208 2888; x_wconf 88' lang='lat' dir='ltr'>Atque,</span> <span class='ocrx_word' id='word_1_507' title='bbox 3238 2821 3304 2870; x_wconf 90' lang='lat' dir='ltr'>ut</span> <span class='ocrx_word' id='word_1_508' title='bbox 3322 2814 3626 2887; x_wconf 84' lang='lat' dir='ltr'>quidpiam</span> <span class='ocrx_word' id='word_1_509' title='bbox 3660 2830 3760 2869; x_wconf 90' lang='lat' dir='ltr'>eo-</span> 
     </span>
    </p>
   </div>
   <div class='ocr_carea' id='block_1_71' title="bbox 2103 2902 3763 2979">
    <p class='ocr_par' dir='ltr' id='par_1_71' title="bbox 2103 2902 3763 2979">
     <span class='ocr_line' id='line_1_71' title="bbox 2103 2902 3763 2979; baseline -0.004 -16"><span class='ocrx_word' id='word_1_510' title='bbox 2103 2924 2391 2979; x_wconf 82' lang='lat' dir='ltr'>rum,quae</span> <span class='ocrx_word' id='word_1_511' title='bbox 2416 2907 2521 2961; x_wconf 86' lang='lat' dir='ltr'>tibi</span> <span class='ocrx_word' id='word_1_512' title='bbox 2540 2906 2770 2977; x_wconf 82' lang='lat' dir='ltr'>cognita</span> <span class='ocrx_word' id='word_1_513' title='bbox 2794 2906 3356 2977; x_wconf 85' lang='lat' dir='ltr'>sunt,proferamus,</span> <span class='ocrx_word' id='word_1_514' title='bbox 3390 2904 3641 2959; x_wconf 88' lang='lat' dir='ltr'>Eleazari</span> <span class='ocrx_word' id='word_1_515' title='bbox 3674 2902 3763 2957; x_wconf 91' lang='lat' dir='ltr'>di-</span> 
     </span>
    </p>
   </div>
   <div class='ocr_carea' id='block_1_72' title="bbox 2105 2993 3766 3068">
    <p class='ocr_par' dir='ltr' id='par_1_72' title="bbox 2105 2993 3766 3068">
     <span class='ocr_line' id='line_1_72' title="bbox 2105 2993 3766 3068; baseline -0.004 -16"><span class='ocrx_word' id='word_1_516' title='bbox 2105 2996 2315 3068; x_wconf 89' lang='lat' dir='ltr'>scipuli</span> <span class='ocrx_word' id='word_1_517' title='bbox 2348 3014 2577 3062; x_wconf 89' lang='lat' dir='ltr'>sumus,</span> <span class='ocrx_word' id='word_1_518' title='bbox 2612 2996 2783 3066; x_wconf 86' lang='lat' dir='ltr'>cujus</span> <span class='ocrx_word' id='word_1_519' title='bbox 2815 3000 2876 3049; x_wconf 91' lang='lat' dir='ltr'>tu</span> <span class='ocrx_word' id='word_1_520' title='bbox 2912 2995 3376 3066; x_wconf 87' lang='lat' dir='ltr'>magnitudinem</span> <span class='ocrx_word' id='word_1_521' title='bbox 3419 2993 3597 3048; x_wconf 90' lang='lat' dir='ltr'>animi</span> <span class='ocrx_word' id='word_1_522' title='bbox 3634 3009 3766 3064; x_wconf 90' lang='lat' dir='ltr'>per-</span> 
     </span>
    </p>
   </div>
   <div class='ocr_carea' id='block_1_73' title="bbox 2106 3082 3766 3157">
    <p class='ocr_par' dir='ltr' id='par_1_73' title="bbox 2106 3082 3766 3157">
     <span class='ocr_line' id='line_1_73' title="bbox 2106 3082 3766 3157; baseline -0.003 -15"><span class='ocrx_word' id='word_1_523' title='bbox 2106 3090 2367 3157; x_wconf 86' lang='lat' dir='ltr'>spectam</span> <span class='ocrx_word' id='word_1_524' title='bbox 2392 3090 2448 3140; x_wconf 89' lang='lat' dir='ltr'>et</span> <span class='ocrx_word' id='word_1_525' title='bbox 2468 3084 2828 3155; x_wconf 86' lang='lat' dir='ltr'>exploratam</span> <span class='ocrx_word' id='word_1_526' title='bbox 2861 3084 3043 3139; x_wconf 89' lang='lat' dir='ltr'>habes</span> <span class='ocrx_word' id='word_1_527' title='bbox 3074 3084 3137 3138; x_wconf 71' lang='lat'>6&#39;.</span> <span class='ocrx_word' id='word_1_528' title='bbox 3174 3084 3341 3137; x_wconf 80' lang='lat' dir='ltr'>Pater</span> <span class='ocrx_word' id='word_1_529' title='bbox 3372 3082 3534 3154; x_wconf 88' lang='lat' dir='ltr'>prius</span> <span class='ocrx_word' id='word_1_530' title='bbox 3567 3083 3766 3137; x_wconf 87' lang='lat' dir='ltr'>decer-</span> 
     </span>
    </p>
   </div>
   <div class='ocr_carea' id='block_1_74' title="bbox 2108 3170 3765 3245">
    <p class='ocr_par' dir='ltr' id='par_1_74' title="bbox 2108 3170 3765 3245">
     <span class='ocr_line' id='line_1_74' title="bbox 2108 3170 3765 3245; baseline -0.005 -14"><span class='ocrx_word' id='word_1_531' title='bbox 2108 3177 2272 3245; x_wconf 88' lang='lat' dir='ltr'>tavit,</span> <span class='ocrx_word' id='word_1_532' title='bbox 2308 3174 2411 3229; x_wconf 87' lang='lat' dir='ltr'>ﬁlii</span> <span class='ocrx_word' id='word_1_533' title='bbox 2471 3178 2672 3245; x_wconf 87' lang='lat' dir='ltr'>postea</span> <span class='ocrx_word' id='word_1_534' title='bbox 2728 3173 3054 3228; x_wconf 73' lang='lat' dir='ltr'>certabant.</span> <span class='ocrx_word' id='word_1_535' title='bbox 3116 3173 3401 3229; x_wconf 85' lang='lat' dir='ltr'>Sacerdos</span> <span class='ocrx_word' id='word_1_536' title='bbox 3456 3170 3765 3239; x_wconf 86' lang='lat' dir='ltr'>abscessit,</span> 
     </span>
    </p>
   </div>
   <div class='ocr_carea' id='block_1_75' title="bbox 2106 3262 3763 3334">
    <p class='ocr_par' dir='ltr' id='par_1_75' title="bbox 2106 3262 3763 3334">
     <span class='ocr_line' id='line_1_75' title="bbox 2106 3262 3763 3334; baseline -0.003 -14"><span class='ocrx_word' id='word_1_537' title='bbox 2106 3265 2356 3320; x_wconf 76' lang='lat' dir='ltr'>victimae</span> <span class='ocrx_word' id='word_1_538' title='bbox 2390 3267 2730 3334; x_wconf 88' lang='lat' dir='ltr'>sequentur.</span> <span class='ocrx_word' id='word_1_539' title='bbox 2763 3263 2938 3318; x_wconf 84' lang='lat' dir='ltr'>Multa</span> <span class='ocrx_word' id='word_1_540' title='bbox 2973 3263 3213 3334; x_wconf 91' lang='lat' dir='ltr'>quidem</span> <span class='ocrx_word' id='word_1_541' title='bbox 3264 3262 3533 3327; x_wconf 86' lang='lat' dir='ltr'>minaris,</span> <span class='ocrx_word' id='word_1_542' title='bbox 3564 3277 3763 3316; x_wconf 86' lang='lat' dir='ltr'>verum</span> 
     </span>
    </p>
   </div>
   <div class='ocr_carea' id='block_1_76' title="bbox 2106 3350 3769 3425">
    <p class='ocr_par' dir='ltr' id='par_1_76' title="bbox 2106 3350 3769 3425">
     <span class='ocr_line' id='line_1_76' title="bbox 2106 3350 3769 3425; baseline -0.002 -17"><span class='ocrx_word' id='word_1_543' title='bbox 2106 3357 2175 3409; x_wconf 88' lang='lat' dir='ltr'>ad</span> <span class='ocrx_word' id='word_1_544' title='bbox 2238 3355 2408 3425; x_wconf 86' lang='lat' dir='ltr'>plura</span> <span class='ocrx_word' id='word_1_545' title='bbox 2468 3352 2654 3423; x_wconf 84' lang='lat' dir='ltr'>parati</span> <span class='ocrx_word' id='word_1_546' title='bbox 2716 3369 2944 3407; x_wconf 89' lang='lat' dir='ltr'>sumus.</span> <span class='ocrx_word' id='word_1_547' title='bbox 2976 3351 3122 3415; x_wconf 91' lang='lat' dir='ltr'>Quid</span> <span class='ocrx_word' id='word_1_548' title='bbox 3184 3355 3380 3406; x_wconf 89' lang='lat' dir='ltr'>autem</span> <span class='ocrx_word' id='word_1_549' title='bbox 3440 3350 3630 3417; x_wconf 88' lang='lat' dir='ltr'>nobis,</span> <span class='ocrx_word' id='word_1_550' title='bbox 3680 3350 3769 3404; x_wconf 90' lang='lat' dir='ltr'>vir</span> 
     </span>
    </p>
   </div>
   <div class='ocr_carea' id='block_1_77' title="bbox 2104 3439 3769 3514">
    <p class='ocr_par' dir='ltr' id='par_1_77' title="bbox 2104 3439 3769 3514">
     <span class='ocr_line' id='line_1_77' title="bbox 2104 3439 3769 3514; baseline -0.004 -15"><span class='ocrx_word' id='word_1_551' title='bbox 2104 3443 2354 3514; x_wconf 87' lang='lat' dir='ltr'>superbe</span> <span class='ocrx_word' id='word_1_552' title='bbox 2387 3446 2562 3512; x_wconf 89' lang='lat' dir='ltr'>atque</span> <span class='ocrx_word' id='word_1_553' title='bbox 2596 3440 3064 3508; x_wconf 84' lang='lat' dir='ltr'>insolens,minis</span> <span class='ocrx_word' id='word_1_554' title='bbox 3095 3439 3224 3495; x_wconf 91' lang='lat' dir='ltr'>istis</span> <span class='ocrx_word' id='word_1_555' title='bbox 3257 3440 3373 3494; x_wconf 91' lang='lat' dir='ltr'>tuis</span> <span class='ocrx_word' id='word_1_556' title='bbox 3406 3439 3626 3494; x_wconf 79' lang='lat' dir='ltr'>facies?</span> <span class='ocrx_word' id='word_1_557' title='bbox 3653 3440 3769 3493; x_wconf 88' lang='lat' dir='ltr'>Aut</span> 
     </span>
    </p>
   </div>
   <div class='ocr_carea' id='block_1_78' title="bbox 2104 3526 3764 3604">
    <p class='ocr_par' dir='ltr' id='par_1_78' title="bbox 2104 3526 3764 3604">
     <span class='ocr_line' id='line_1_78' title="bbox 2104 3526 3764 3604; baseline -0.004 -17"><span class='ocrx_word' id='word_1_558' title='bbox 2104 3549 2219 3604; x_wconf 91' lang='lat' dir='ltr'>quo</span> <span class='ocrx_word' id='word_1_559' title='bbox 2249 3530 2509 3586; x_wconf 89' lang='lat' dir='ltr'>cruciatu</span> <span class='ocrx_word' id='word_1_560' title='bbox 2546 3529 2918 3585; x_wconf 81' lang='lat' dir='ltr'>aiﬁeiemur?</span> <span class='ocrx_word' id='word_1_561' title='bbox 2948 3527 3104 3582; x_wconf 85' lang='lat' dir='ltr'>Nihil</span> <span class='ocrx_word' id='word_1_562' title='bbox 3136 3528 3228 3583; x_wconf 91' lang='lat' dir='ltr'>his</span> <span class='ocrx_word' id='word_1_563' title='bbox 3278 3527 3617 3582; x_wconf 91' lang='lat' dir='ltr'>hominibus</span> <span class='ocrx_word' id='word_1_564' title='bbox 3650 3526 3764 3581; x_wconf 88' lang='lat' dir='ltr'>for-</span> 
     </span>
    </p>
   </div>
   <div class='ocr_carea' id='block_1_79' title="bbox 2102 3617 3766 3690">
    <p class='ocr_par' dir='ltr' id='par_1_79' title="bbox 2102 3617 3766 3690">
     <span class='ocr_line' id='line_1_79' title="bbox 2102 3617 3766 3690; baseline -0.003 -16"><span class='ocrx_word' id='word_1_565' title='bbox 2102 3620 2350 3690; x_wconf 85' lang='lat' dir='ltr'>tius,qui</span> <span class='ocrx_word' id='word_1_566' title='bbox 2384 3620 2453 3674; x_wconf 89' lang='lat' dir='ltr'>ad</span> <span class='ocrx_word' id='word_1_567' title='bbox 2487 3619 2719 3689; x_wconf 90' lang='lat' dir='ltr'>quidvis</span> <span class='ocrx_word' id='word_1_568' title='bbox 2748 3617 3153 3688; x_wconf 80' lang='lat' dir='ltr'>perferendum</span> <span class='ocrx_word' id='word_1_569' title='bbox 3180 3620 3449 3686; x_wconf 89' lang='lat' dir='ltr'>prompto</span> <span class='ocrx_word' id='word_1_570' title='bbox 3480 3618 3537 3670; x_wconf 85' lang='lat' dir='ltr'>et</span> <span class='ocrx_word' id='word_1_571' title='bbox 3566 3619 3766 3686; x_wconf 88' lang='lat' dir='ltr'>parato</span> 
     </span>
    </p>
   </div>
   <div class='ocr_carea' id='block_1_80' title="bbox 2103 3702 3763 3776">
    <p class='ocr_par' dir='ltr' id='par_1_80' title="bbox 2103 3702 3763 3776">
     <span class='ocr_line' id='line_1_80' title="bbox 2103 3702 3763 3776; baseline -0.002 -14"><span class='ocrx_word' id='word_1_572' title='bbox 2103 3708 2303 3762; x_wconf 88' lang='lat' dir='ltr'>animo</span> <span class='ocrx_word' id='word_1_573' title='bbox 2363 3712 2520 3762; x_wconf 91' lang='lat' dir='ltr'>sunt.</span> <span class='ocrx_word' id='word_1_574' title='bbox 2581 3706 2920 3772; x_wconf 83' lang='lat' dir='ltr'>Carnifices,</span> <span class='ocrx_word' id='word_1_575' title='bbox 2981 3706 3121 3776; x_wconf 90' lang='lat' dir='ltr'>quid</span> <span class='ocrx_word' id='word_1_576' title='bbox 3184 3702 3763 3767; x_wconf 82' lang='lat' dir='ltr'>cunctamini?Quid</span> 
     </span>
    </p>
   </div>
   <div class='ocr_carea' id='block_1_81' title="bbox 2105 3794 3766 3865">
    <p class='ocr_par' dir='ltr' id='par_1_81' title="bbox 2105 3794 3766 3865">
     <span class='ocr_line' id='line_1_81' title="bbox 2105 3794 3766 3865; baseline -0.002 -14"><span class='ocrx_word' id='word_1_577' title='bbox 2105 3813 2300 3851; x_wconf 86' lang='lat' dir='ltr'>moras</span> <span class='ocrx_word' id='word_1_578' title='bbox 2348 3795 2627 3849; x_wconf 82' lang='lat' dir='ltr'>nectitis?</span> <span class='ocrx_word' id='word_1_579' title='bbox 2657 3794 2803 3859; x_wconf 83' lang='lat' dir='ltr'>Quid</span> <span class='ocrx_word' id='word_1_580' title='bbox 2854 3794 3174 3865; x_wconf 87' lang='lat' dir='ltr'>benignum</span> <span class='ocrx_word' id='word_1_581' title='bbox 3208 3798 3266 3849; x_wconf 88' lang='lat' dir='ltr'>et</span> <span class='ocrx_word' id='word_1_582' title='bbox 3310 3810 3486 3848; x_wconf 85' lang='lat' dir='ltr'>suave</span> <span class='ocrx_word' id='word_1_583' title='bbox 3525 3795 3766 3864; x_wconf 85' lang='lat' dir='ltr'>jussum</span> 
     </span>
    </p>
   </div>
   <div class='ocr_carea' id='block_1_82' title="bbox 2100 3882 3766 3954">
    <p class='ocr_par' dir='ltr' id='par_1_82' title="bbox 2100 3882 3766 3954">
     <span class='ocr_line' id='line_1_82' title="bbox 2100 3882 3766 3954; baseline -0.002 -15"><span class='ocrx_word' id='word_1_584' title='bbox 2100 3883 2451 3954; x_wconf 80' lang='lat' dir='ltr'>exspectatis</span> <span class='ocrx_word' id='word_1_585' title='bbox 2471 3882 2499 3936; x_wconf 83' lang='lat'>‘?</span> <span class='ocrx_word' id='word_1_586' title='bbox 2530 3883 2636 3938; x_wconf 91' lang='lat' dir='ltr'>Ubi</span> <span class='ocrx_word' id='word_1_587' title='bbox 2671 3882 2899 3954; x_wconf 87' lang='lat' dir='ltr'>gladii?</span> <span class='ocrx_word' id='word_1_588' title='bbox 2930 3882 3034 3936; x_wconf 86' lang='lat' dir='ltr'>Ubi</span> <span class='ocrx_word' id='word_1_589' title='bbox 3089 3882 3321 3937; x_wconf 85' lang='lat' dir='ltr'>vincula</span> <span class='ocrx_word' id='word_1_590' title='bbox 3344 3882 3370 3936; x_wconf 87' lang='lat'>‘?</span> <span class='ocrx_word' id='word_1_591' title='bbox 3401 3882 3766 3937; x_wconf 88' lang='lat' dir='ltr'>Celeritatem</span> 
     </span>
    </p>
   </div>
   <div class='ocr_carea' id='block_1_83' title="bbox 2098 3970 3767 4045">
    <p class='ocr_par' dir='ltr' id='par_1_83' title="bbox 2098 3970 3767 4045">
     <span class='ocr_line' id='line_1_83' title="bbox 2098 3970 3767 4045; baseline -0.003 -16"><span class='ocrx_word' id='word_1_592' title='bbox 2098 3973 2352 4045; x_wconf 90' lang='lat' dir='ltr'>requiro.</span> <span class='ocrx_word' id='word_1_593' title='bbox 2405 3972 2564 4044; x_wconf 82' lang='lat' dir='ltr'>Ignis</span> <span class='ocrx_word' id='word_1_594' title='bbox 2612 3972 2864 4044; x_wconf 88' lang='lat' dir='ltr'>amplior</span> <span class='ocrx_word' id='word_1_595' title='bbox 2912 3973 3284 4039; x_wconf 87' lang='lat' dir='ltr'>accendatur,</span> <span class='ocrx_word' id='word_1_596' title='bbox 3333 3971 3588 4026; x_wconf 88' lang='lat' dir='ltr'>acriores</span> <span class='ocrx_word' id='word_1_597' title='bbox 3638 3970 3767 4025; x_wconf 75' lang='lat' dir='ltr'>ferae</span> 
     </span>
    </p>
   </div>
   <div class='ocr_carea' id='block_1_84' title="bbox 337 4059 3765 4137">
    <p class='ocr_par' dir='ltr' id='par_1_84' title="bbox 337 4059 3765 4137">
     <span class='ocr_line' id='line_1_84' title="bbox 337 4059 3765 4137; baseline -0.001 -19"><span class='ocrx_word' id='word_1_598' title='bbox 337 4065 761 4137; x_wconf 88' lang='lat' dir='ltr'>producantur,</span> <span class='ocrx_word' id='word_1_599' title='bbox 793 4063 1199 4137; x_wconf 82' lang='lat' dir='ltr'>exquisitioria</span> <span class='ocrx_word' id='word_1_600' title='bbox 1229 4068 1520 4119; x_wconf 86' lang='lat' dir='ltr'>tormenta</span> <span class='ocrx_word' id='word_1_601' title='bbox 1553 4063 1943 4135; x_wconf 88' lang='lat' dir='ltr'>proferantur,</span> <span class='ocrx_word' id='word_1_602' title='bbox 1978 4063 2097 4120; x_wconf 90' lang='lat' dir='ltr'>sint</span> <span class='ocrx_word' id='word_1_603' title='bbox 2134 4064 2332 4118; x_wconf 91' lang='lat' dir='ltr'>omnia</span> <span class='ocrx_word' id='word_1_604' title='bbox 2364 4061 2524 4133; x_wconf 89' lang='lat' dir='ltr'>regia</span> <span class='ocrx_word' id='word_1_605' title='bbox 2552 4066 2609 4117; x_wconf 91' lang='lat' dir='ltr'>et</span> <span class='ocrx_word' id='word_1_606' title='bbox 2638 4059 2967 4132; x_wconf 85' lang='lat' dir='ltr'>splendida.</span> <span class='ocrx_word' id='word_1_607' title='bbox 3003 4060 3234 4116; x_wconf 90' lang='lat' dir='ltr'>Primus</span> <span class='ocrx_word' id='word_1_608' title='bbox 3267 4067 3401 4115; x_wconf 84' lang='lat' dir='ltr'>natu</span> <span class='ocrx_word' id='word_1_609' title='bbox 3454 4075 3560 4131; x_wconf 85' lang='lat' dir='ltr'>ego</span> <span class='ocrx_word' id='word_1_610' title='bbox 3610 4075 3765 4128; x_wconf 88' lang='lat' dir='ltr'>sum,</span> 
     </span>
    </p>
   </div>
   <div class='ocr_carea' id='block_1_85' title="bbox 334 4146 3771 4226">
    <p class='ocr_par' dir='ltr' id='par_1_85' title="bbox 334 4146 3771 4226">
     <span class='ocr_line' id='line_1_85' title="bbox 334 4146 3771 4226; baseline -0.001 -18"><span class='ocrx_word' id='word_1_611' title='bbox 334 4154 594 4225; x_wconf 90' lang='lat' dir='ltr'>primum</span> <span class='ocrx_word' id='word_1_612' title='bbox 630 4171 721 4210; x_wconf 90' lang='lat' dir='ltr'>me</span> <span class='ocrx_word' id='word_1_613' title='bbox 752 4172 1051 4210; x_wconf 90' lang='lat' dir='ltr'>consecra.</span> <span class='ocrx_word' id='word_1_614' title='bbox 1090 4154 1204 4226; x_wconf 85' lang='lat' dir='ltr'>Ego</span> <span class='ocrx_word' id='word_1_615' title='bbox 1239 4158 1594 4225; x_wconf 80' lang='lat' dir='ltr'>postremus,</span> <span class='ocrx_word' id='word_1_616' title='bbox 1628 4153 1852 4209; x_wconf 90' lang='lat' dir='ltr'>ordinis</span> <span class='ocrx_word' id='word_1_617' title='bbox 1887 4153 2034 4208; x_wconf 88' lang='lat' dir='ltr'>ratio</span> <span class='ocrx_word' id='word_1_618' title='bbox 2068 4153 2413 4208; x_wconf 89' lang='lat' dir='ltr'>immutetur</span> <span class='ocrx_word' id='word_1_619' title='bbox 2440 4169 2452 4207; x_wconf 92' lang='lat'>:</span> <span class='ocrx_word' id='word_1_620' title='bbox 2480 4151 2559 4205; x_wconf 90' lang='lat' dir='ltr'>sit</span> <span class='ocrx_word' id='word_1_621' title='bbox 2588 4166 2822 4221; x_wconf 91' lang='lat' dir='ltr'>quoque</span> <span class='ocrx_word' id='word_1_622' title='bbox 2855 4149 3149 4221; x_wconf 89' lang='lat' dir='ltr'>quispiam</span> <span class='ocrx_word' id='word_1_623' title='bbox 3182 4165 3408 4214; x_wconf 88' lang='lat' dir='ltr'>eorum,</span> <span class='ocrx_word' id='word_1_624' title='bbox 3434 4148 3535 4219; x_wconf 91' lang='lat' dir='ltr'>qui</span> <span class='ocrx_word' id='word_1_625' title='bbox 3568 4146 3771 4203; x_wconf 68' lang='lat' dir='ltr'>mediae</span> 
     </span>
    </p>
   </div>
   <div class='ocr_carea' id='block_1_86' title="bbox 332 4238 3772 4317">
    <p class='ocr_par' dir='ltr' id='par_1_86' title="bbox 332 4238 3772 4317">
     <span class='ocr_line' id='line_1_86' title="bbox 332 4238 3772 4317; baseline -0.002 -19"><span class='ocrx_word' id='word_1_626' title='bbox 332 4247 473 4317; x_wconf 81' lang='lat' dir='ltr'>sunt</span> <span class='ocrx_word' id='word_1_627' title='bbox 502 4244 716 4310; x_wconf 70' lang='lat' dir='ltr'>aetatis,</span> <span class='ocrx_word' id='word_1_628' title='bbox 750 4244 807 4299; x_wconf 93' lang='lat' dir='ltr'>in</span> <span class='ocrx_word' id='word_1_629' title='bbox 843 4244 1169 4317; x_wconf 89' lang='lat' dir='ltr'>primorum</span> <span class='ocrx_word' id='word_1_630' title='bbox 1221 4240 1444 4309; x_wconf 89' lang='lat' dir='ltr'>ordine,</span> <span class='ocrx_word' id='word_1_631' title='bbox 1479 4247 1544 4297; x_wconf 93' lang='lat' dir='ltr'>ut</span> <span class='ocrx_word' id='word_1_632' title='bbox 1575 4242 1658 4298; x_wconf 87' lang='lat' dir='ltr'>sic</span> <span class='ocrx_word' id='word_1_633' title='bbox 1688 4260 1886 4314; x_wconf 80' lang='lat' dir='ltr'>aequas</span> <span class='ocrx_word' id='word_1_634' title='bbox 1938 4243 2180 4298; x_wconf 90' lang='lat' dir='ltr'>honoris</span> <span class='ocrx_word' id='word_1_635' title='bbox 2213 4241 2511 4313; x_wconf 89' lang='lat' dir='ltr'>portiones</span> <span class='ocrx_word' id='word_1_636' title='bbox 2562 4240 2955 4295; x_wconf 89' lang='lat' dir='ltr'>obtineamus.</span> <span class='ocrx_word' id='word_1_637' title='bbox 2990 4240 3137 4303; x_wconf 90' lang='lat' dir='ltr'>Quid</span> <span class='ocrx_word' id='word_1_638' title='bbox 3171 4238 3403 4310; x_wconf 83' lang='lat' dir='ltr'>parcis?</span> <span class='ocrx_word' id='word_1_639' title='bbox 3458 4238 3772 4309; x_wconf 81' lang='lat' dir='ltr'>Exspectas</span> 
     </span>
    </p>
   </div>
   <div class='ocr_carea' id='block_1_87' title="bbox 332 4316 3773 4405">
    <p class='ocr_par' dir='ltr' id='par_1_87' title="bbox 332 4316 3773 4405">
     <span class='ocr_line' id='line_1_87' title="bbox 332 4316 3773 4405; baseline -0.002 -17"><span class='ocrx_word' id='word_1_640' title='bbox 332 4316 584 4388; x_wconf 64' lang='lat' dir='ltr'>fortasse</span> <span class='ocrx_word' id='word_1_641' title='bbox 635 4316 860 4405; x_wconf 87' lang='lat' dir='ltr'>aliquid</span> <span class='ocrx_word' id='word_1_642' title='bbox 913 4332 1327 4389; x_wconf 83' lang='lat' dir='ltr'>contrarium?</span> <span class='ocrx_word' id='word_1_643' title='bbox 1362 4335 1481 4387; x_wconf 92' lang='lat' dir='ltr'>Imo</span> <span class='ocrx_word' id='word_1_644' title='bbox 1515 4349 1645 4389; x_wconf 89' lang='lat' dir='ltr'>vero</span> <span class='ocrx_word' id='word_1_645' title='bbox 1678 4332 1890 4387; x_wconf 88' lang='lat' dir='ltr'>iterum</span> <span class='ocrx_word' id='word_1_646' title='bbox 1939 4349 2005 4388; x_wconf 88' lang='lat' dir='ltr'>ac</span> <span class='ocrx_word' id='word_1_647' title='bbox 2052 4332 2228 4388; x_wconf 92' lang='lat' dir='ltr'>tertio</span> <span class='ocrx_word' id='word_1_648' title='bbox 2288 4330 2622 4403; x_wconf 65' lang='lat' dir='ltr'>saepiusque</span> <span class='ocrx_word' id='word_1_649' title='bbox 2680 4330 2953 4384; x_wconf 90' lang='lat' dir='ltr'>eumdem</span> <span class='ocrx_word' id='word_1_650' title='bbox 3002 4344 3331 4384; x_wconf 89' lang='lat' dir='ltr'>sermonem</span> <span class='ocrx_word' id='word_1_651' title='bbox 3391 4332 3773 4399; x_wconf 87' lang='lat' dir='ltr'>repetemus:</span> 
     </span>
    </p>
   </div>
   <div class='ocr_carea' id='block_1_88' title="bbox 402 4444 1983 4517">
    <p class='ocr_par' dir='ltr' id='par_1_88' title="bbox 402 4448 1983 4517">
     <span class='ocr_line' id='line_1_88' title="bbox 402 4448 1983 4517; baseline 0.001 -15"><span class='ocrx_word' id='word_1_652' title='bbox 402 4449 445 4482; x_wconf 72' lang='grc'>⁸1</span> <span class='ocrx_word' id='word_1_653' title='bbox 482 4448 657 4502; x_wconf 84' lang='lat' dir='ltr'>Exod.</span> <span class='ocrx_word' id='word_1_654' title='bbox 687 4465 812 4517; x_wconf 83' lang='lat' dir='ltr'>xm,</span> <span class='ocrx_word' id='word_1_655' title='bbox 843 4452 933 4503; x_wconf 93' lang='lat'>21.</span> <span class='ocrx_word' id='word_1_656' title='bbox 1009 4450 1054 4484; x_wconf 79' lang='grc'>⁶²</span> <span class='ocrx_word' id='word_1_657' title='bbox 1084 4449 1263 4503; x_wconf 85' lang='lat' dir='ltr'>Exod.</span> <span class='ocrx_word' id='word_1_658' title='bbox 1314 4465 1431 4515; x_wconf 72' lang='lat' dir='ltr'>xxv,</span> <span class='ocrx_word' id='word_1_659' title='bbox 1486 4451 1572 4503; x_wconf 87' lang='lat'>16.</span> <span class='ocrx_word' id='word_1_660' title='bbox 1651 4449 1697 4483; x_wconf 77' lang='grc'>⁸⁸</span> <span class='ocrx_word' id='word_1_661' title='bbox 1724 4450 1847 4503; x_wconf 91' lang='lat' dir='ltr'>Jos.</span> <span class='ocrx_word' id='word_1_662' title='bbox 1902 4466 1983 4513; x_wconf 84' lang='lat' dir='ltr'><strong>III,</strong></span> 
     </span>
    </p>
   </div>
   <div class='ocr_carea' id='block_1_89' title="bbox 2103 4444 3772 4517">
    <p class='ocr_par' dir='ltr' id='par_1_89' title="bbox 2103 4444 3772 4513">
     <span class='ocr_line' id='line_1_89' title="bbox 2103 4444 3772 4513; baseline -0.003 -8"><span class='ocrx_word' id='word_1_663' title='bbox 2103 4493 2109 4505; x_wconf 93' lang='lat'>.</span> <span class='ocrx_word' id='word_1_664' title='bbox 2189 4449 2234 4482; x_wconf 78' lang='lat'><strong>“</strong></span> <span class='ocrx_word' id='word_1_665' title='bbox 2262 4447 2384 4502; x_wconf 91' lang='lat' dir='ltr'>Jos.</span> <span class='ocrx_word' id='word_1_666' title='bbox 2437 4464 2499 4511; x_wconf 87' lang='lat' dir='ltr'>x,</span> <span class='ocrx_word' id='word_1_667' title='bbox 2550 4448 2636 4501; x_wconf 88' lang='grc'>13.</span> <span class='ocrx_word' id='word_1_668' title='bbox 2713 4446 2757 4481; x_wconf 74' lang='grc'>⁸⁵</span> <span class='ocrx_word' id='word_1_669' title='bbox 2792 4446 2965 4501; x_wconf 83' lang='lat' dir='ltr'>Exod.</span> <span class='ocrx_word' id='word_1_670' title='bbox 3018 4462 3159 4513; x_wconf 86' lang='lat' dir='ltr'>xvu,</span> <span class='ocrx_word' id='word_1_671' title='bbox 3210 4446 3296 4500; x_wconf 91' lang='lat'>11.</span> <span class='ocrx_word' id='word_1_672' title='bbox 3373 4445 3417 4479; x_wconf 82' lang='grc'>⁶⁶</span> <span class='ocrx_word' id='word_1_673' title='bbox 3450 4444 3625 4499; x_wconf 81' lang='lat' dir='ltr'>Exod.</span> <span class='ocrx_word' id='word_1_674' title='bbox 3658 4460 3772 4500; x_wconf 67' lang='grc' dir='ltr'>χνιν</span> 
     </span>
    </p>
   </div>
   <div class='ocr_carea' id='block_1_90' title="bbox 333 4518 1597 4592">
    <p class='ocr_par' dir='ltr' id='par_1_90' title="bbox 333 4518 1597 4592">
     <span class='ocr_line' id='line_1_90' title="bbox 333 4518 1597 4592; baseline 0.003 -21"><span class='ocrx_word' id='word_1_675' title='bbox 333 4518 395 4571; x_wconf 89' lang='grc'>11</span> <span class='ocrx_word' id='word_1_676' title='bbox 430 4534 594 4588; x_wconf 89' lang='lat' dir='ltr'>seqq.</span> <span class='ocrx_word' id='word_1_677' title='bbox 672 4519 714 4552; x_wconf 78' lang='grc'>⁸⁷</span> <span class='ocrx_word' id='word_1_678' title='bbox 746 4518 890 4573; x_wconf 89' lang='lat' dir='ltr'>Dan.</span> <span class='ocrx_word' id='word_1_679' title='bbox 922 4535 1037 4585; x_wconf 73' lang='lat' dir='ltr'>xvr,</span> <span class='ocrx_word' id='word_1_680' title='bbox 1068 4520 1180 4582; x_wconf 84' lang='lat'>30;</span> <span class='ocrx_word' id='word_1_681' title='bbox 1215 4536 1300 4586; x_wconf 88' lang='grc' dir='ltr'>ιιι,</span> <span class='ocrx_word' id='word_1_682' title='bbox 1336 4521 1405 4574; x_wconf 92' lang='grc'>15</span> <span class='ocrx_word' id='word_1_683' title='bbox 1433 4537 1597 4592; x_wconf 87' lang='lat' dir='ltr'>seqq.</span> 
     </span>
    </p>
   </div>
   <div class='ocr_carea' id='block_1_91' title="bbox 410 4640 1238 4767">
    <p class='ocr_par' dir='ltr' id='par_1_91' title="bbox 410 4640 1238 4767">
     <span class='ocr_line' id='line_1_91' title="bbox 410 4640 1238 4767; baseline -0.004 -69"><span class='ocrx_word' id='word_1_684' title='bbox 410 4643 519 4715; x_wconf 90' lang='lat'>(10)</span> <span class='ocrx_word' id='word_1_685' title='bbox 552 4640 675 4697; x_wconf 87' lang='grc' dir='ltr'>Καί.</span> <span class='ocrx_word' id='word_1_686' title='bbox 713 4642 886 4698; x_wconf 90' lang='lat' dir='ltr'>Deest</span> <span class='ocrx_word' id='word_1_687' title='bbox 914 4642 972 4697; x_wconf 92' lang='lat' dir='ltr'>in</span> <span class='ocrx_word' id='word_1_688' title='bbox 1007 4642 1146 4767; x_wconf 68' lang='lat' dir='ltr'>Reg.</span> <span class='ocrx_word' id='word_1_689' title='bbox 1180 4642 1238 4697; x_wconf 90' lang='lat' dir='ltr'>d.</span> 
     </span>
     <span class='ocr_line' id='line_1_92' title="bbox 410 4710 1238 4767; baseline 0 0"><span class='ocrx_word' id='word_1_690' title='bbox 410 4715 520 4767; x_wconf 78' lang='grc'>(11)</span> <span class='ocrx_word' id='word_1_691' title='bbox 552 4712 843 4767; x_wconf 73' lang='grc' dir='ltr'>Ἐλὲγέειν.</span> <span class='ocrx_word' id='word_1_692' title='bbox 879 4718 1068 4767; x_wconf 82' lang='lat' dir='ltr'>Pass..</span> <span class='ocrx_word' id='word_1_693' title='bbox 1131 4710 1238 4767; x_wconf 69' lang='grc' dir='ltr'>λέγὲ</span> 
     </span>
    </p>
   </div>
   <div class='ocr_carea' id='block_1_92' title="bbox 406 4710 1945 4803">
    <p class='ocr_par' dir='ltr' id='par_1_92' title="bbox 406 4710 1945 4803">
     <span class='ocr_line' id='line_1_93' title="bbox 406 4710 1945 4803; baseline -0.001 -35"><span class='ocrx_word' id='word_1_694' title='bbox 552 4712 1068 4803; x_wconf 51' lang='grc' dir='ltr'>’Ξλξγξειν.,Ρ8.88.,</span> <span class='ocrx_word' id='word_1_695' title='bbox 1094 4710 1315 4803; x_wconf 54' lang='grc' dir='ltr'>ἱλέγξαι</span> <span class='ocrx_word' id='word_1_696' title='bbox 1346 4713 1527 4803; x_wconf 70' lang='lat' dir='ltr'>[haud</span> <span class='ocrx_word' id='word_1_697' title='bbox 1560 4714 1800 4800; x_wconf 52' lang='lat' dir='ltr'>recte].~</span> <span class='ocrx_word' id='word_1_698' title='bbox 1920 4781 1945 4803; x_wconf 39' lang='grc'>,⁷</span> 
     </span>
    </p>
   </div>
   <div class='ocr_carea' id='block_1_93' title="bbox 390 4784 1997 4878">
    <p class='ocr_par' dir='ltr' id='par_1_93' title="bbox 390 4784 1997 4878">
     <span class='ocr_line' id='line_1_94' title="bbox 390 4784 1997 4878; baseline -0.003 -36"><span class='ocrx_word' id='word_1_699' title='bbox 390 4784 521 4878; x_wconf 69' lang='grc' dir='ltr'>Ι(12)</span> <span class='ocrx_word' id='word_1_700' title='bbox 568 4784 735 4861; x_wconf 74' lang='grc' dir='ltr'>Πρὸς</span> <span class='ocrx_word' id='word_1_701' title='bbox 768 4784 949 4857; x_wconf 75' lang='grc' dir='ltr'>τούτῳ</span> <span class='ocrx_word' id='word_1_702' title='bbox 1000 4784 1085 4840; x_wconf 89' lang='grc' dir='ltr'>τά.</span> <span class='ocrx_word' id='word_1_703' title='bbox 1146 4784 1320 4840; x_wconf 77' lang='lat' dir='ltr'>C0181.</span> <span class='ocrx_word' id='word_1_704' title='bbox 1382 4787 1432 4855; x_wconf 91' lang='lat'>1,</span> <span class='ocrx_word' id='word_1_705' title='bbox 1491 4784 1627 4857; x_wconf 84' lang='grc' dir='ltr'>πρὸς</span> <span class='ocrx_word' id='word_1_706' title='bbox 1706 4787 1868 4838; x_wconf 78' lang='grc' dir='ltr'>τοῦτο</span> <span class='ocrx_word' id='word_1_707' title='bbox 1920 4784 1997 4838; x_wconf 66' lang='grc' dir='ltr'>ἔτι</span> 
     </span>
    </p>
   </div>
   <div class='ocr_carea' id='block_1_94' title="bbox 338 4879 1305 5001">
    <p class='ocr_par' dir='ltr' id='par_1_94' title="bbox 338 4879 1305 5001">
     <span class='ocr_line' id='line_1_95' title="bbox 338 4879 1305 5001; baseline -0.009 -14"><span class='ocrx_word' id='word_1_708' title='bbox 338 4879 521 5001; x_wconf 69' lang='grc' dir='ltr'>τα(13)</span> <span class='ocrx_word' id='word_1_709' title='bbox 554 4935 673 5001; x_wconf 85' lang='grc' dir='ltr'>Σοι.</span> <span class='ocrx_word' id='word_1_710' title='bbox 707 4934 878 4983; x_wconf 85' lang='lat' dir='ltr'>Deest</span> <span class='ocrx_word' id='word_1_711' title='bbox 906 4928 966 5001; x_wconf 82' lang='lat' dir='ltr'>in</span> <span class='ocrx_word' id='word_1_712' title='bbox 1000 4928 1139 5001; x_wconf 79' lang='lat' dir='ltr'>Reg.</span> <span class='ocrx_word' id='word_1_713' title='bbox 1174 4944 1228 5001; x_wconf 79' lang='lat' dir='ltr'>a,</span> <span class='ocrx_word' id='word_1_714' title='bbox 1260 4944 1305 4982; x_wconf 91' lang='lat' dir='ltr'>c.</span> 
     </span>
    </p>
   </div>
   <div class='ocr_carea' id='block_1_95' title="bbox 409 4996 1638 5145">
    <p class='ocr_par' dir='ltr' id='par_1_95' title="bbox 409 4996 1638 5145">
     <span class='ocr_line' id='line_1_96' title="bbox 409 4996 1638 5075; baseline -0.003 -19"><span class='ocrx_word' id='word_1_715' title='bbox 409 4996 501 5069; x_wconf 83' lang='grc'>(14</span> <span class='ocrx_word' id='word_1_716' title='bbox 551 4999 733 5075; x_wconf 82' lang='grc' dir='ltr'>Λόγῳ.</span> <span class='ocrx_word' id='word_1_717' title='bbox 767 5005 890 5055; x_wconf 89' lang='lat' dir='ltr'>Duo</span> <span class='ocrx_word' id='word_1_718' title='bbox 924 4996 1122 5069; x_wconf 51' lang='lat' dir='ltr'>Cois];</span> <span class='ocrx_word' id='word_1_719' title='bbox 1156 4996 1332 5071; x_wconf 82' lang='grc' dir='ltr'>νόμῳ,</span> <span class='ocrx_word' id='word_1_720' title='bbox 1368 5020 1395 5049; x_wconf 88' lang='grc'>‹‹</span> <span class='ocrx_word' id='word_1_721' title='bbox 1428 4999 1552 5071; x_wconf 89' lang='lat' dir='ltr'>lege</span> <span class='ocrx_word' id='word_1_722' title='bbox 1592 5020 1638 5052; x_wconf 75' lang='grc' dir='ltr'>ιι.</span> 
     </span>
     <span class='ocr_line' id='line_1_97' title="bbox 409 5002 1638 5145; baseline -0.002 -18"><span class='ocrx_word' id='word_1_723' title='bbox 409 5002 520 5145; x_wconf 75' lang='lat'>(15)</span> <span class='ocrx_word' id='word_1_724' title='bbox 550 5069 790 5145; x_wconf 78' lang='grc' dir='ltr'>Ὡδήγει.</span> <span class='ocrx_word' id='word_1_725' title='bbox 825 5072 1088 5143; x_wconf 85' lang='lat' dir='ltr'>Quinque</span> <span class='ocrx_word' id='word_1_726' title='bbox 1116 5072 1281 5143; x_wconf 85' lang='lat' dir='ltr'>Reg.,</span> <span class='ocrx_word' id='word_1_727' title='bbox 1314 5070 1488 5127; x_wconf 87' lang='lat' dir='ltr'>Coisl.</span> <span class='ocrx_word' id='word_1_728' title='bbox 1524 5072 1578 5138; x_wconf 86' lang='lat'>1,</span> <span class='ocrx_word' id='word_1_729' title='bbox 1602 5070 1638 5125; x_wconf 89' lang='grc' dir='ltr'>Ο</span> 
     </span>
    </p>
   </div>
   <div class='ocr_carea' id='block_1_96' title="bbox 351 5069 1995 5166">
    <p class='ocr_par' dir='ltr' id='par_1_96' title="bbox 351 5069 1995 5166">
     <span class='ocr_line' id='line_1_98' title="bbox 351 5069 1995 5166; baseline -0.014 -19"><span class='ocrx_word' id='word_1_730' title='bbox 351 5144 367 5166; x_wconf 44' lang='grc' dir='ltr'><strong>ι</strong></span> <span class='ocrx_word' id='word_1_731' title='bbox 390 5069 519 5166; x_wconf 43' lang='grc'>,(15)</span> <span class='ocrx_word' id='word_1_732' title='bbox 550 5069 790 5147; x_wconf 66' lang='grc' dir='ltr'>Ὧδῆγει-</span> <span class='ocrx_word' id='word_1_733' title='bbox 825 5072 1088 5143; x_wconf 83' lang='lat' dir='ltr'>Quinque</span> <span class='ocrx_word' id='word_1_734' title='bbox 1116 5069 1290 5143; x_wconf 41' lang='lat' dir='ltr'>Reg.,’</span> <span class='ocrx_word' id='word_1_735' title='bbox 1314 5069 1578 5138; x_wconf 62' lang='lat' dir='ltr'>Coislfi,</span> <span class='ocrx_word' id='word_1_736' title='bbox 1602 5070 1695 5125; x_wconf 92' lang='lat' dir='ltr'>0r.</span> <span class='ocrx_word' id='word_1_737' title='bbox 1735 5070 1785 5138; x_wconf 86' lang='lat'>1,</span> <span class='ocrx_word' id='word_1_738' title='bbox 1807 5069 1995 5139; x_wconf 87' lang='lat' dir='ltr'>Pass.,</span> 
     </span>
    </p>
   </div>
   <div class='ocr_carea' id='block_1_97' title="bbox 335 5140 2005 5301">
    <p class='ocr_par' dir='ltr' id='par_1_97' title="bbox 335 5140 2005 5301">
     <span class='ocr_line' id='line_1_99' title="bbox 335 5140 1275 5213; baseline -0.004 -14"><span class='ocrx_word' id='word_1_739' title='bbox 335 5140 454 5213; x_wconf 76' lang='grc' dir='ltr'>ὡδῆ</span> <span class='ocrx_word' id='word_1_740' title='bbox 502 5140 611 5198; x_wconf 82' lang='grc' dir='ltr'>ουν.</span> <span class='ocrx_word' id='word_1_741' title='bbox 669 5140 709 5147; x_wconf 40' lang='grc'>⁷’</span> <span class='ocrx_word' id='word_1_742' title='bbox 995 5140 1013 5143; x_wconf 63' lang='grc'><em>’</em></span> <span class='ocrx_word' id='word_1_743' title='bbox 1204 5140 1275 5143; x_wconf 52' lang='grc'><em>“’</em></span> 
     </span>
     <span class='ocr_line' id='line_1_100' title="bbox 406 5163 2005 5301; baseline -0.004 -30"><span class='ocrx_word' id='word_1_744' title='bbox 406 5163 521 5301; x_wconf 45' lang='grc' dir='ltr'>(μθ)</span> <span class='ocrx_word' id='word_1_745' title='bbox 574 5213 836 5301; x_wconf 50' lang='grc' dir='ltr'>Ποταμὲε</span> <span class='ocrx_word' id='word_1_746' title='bbox 896 5210 1114 5301; x_wconf 54' lang='grc' dir='ltr'>ἵστατο,</span> <span class='ocrx_word' id='word_1_747' title='bbox 1172 5216 1283 5269; x_wconf 90' lang='lat' dir='ltr'>etc.</span> <span class='ocrx_word' id='word_1_748' title='bbox 1365 5213 1547 5282; x_wconf 78' lang='lat' dir='ltr'>Pass.,</span> <span class='ocrx_word' id='word_1_749' title='bbox 1605 5232 1744 5266; x_wconf 88' lang='grc' dir='ltr'>ποτα</span> <span class='ocrx_word' id='word_1_750' title='bbox 1777 5212 1879 5285; x_wconf 84' lang='grc' dir='ltr'>μὸς</span> <span class='ocrx_word' id='word_1_751' title='bbox 1917 5210 2005 5266; x_wconf 85' lang='grc' dir='ltr'>ἆν-</span> 
     </span>
    </p>
   </div>
   <div class='ocr_carea' id='block_1_98' title="bbox 339 5281 1174 5353">
    <p class='ocr_par' dir='ltr' id='par_1_98' title="bbox 339 5281 1174 5353">
     <span class='ocr_line' id='line_1_101' title="bbox 339 5281 1174 5353; baseline -0.001 -13"><span class='ocrx_word' id='word_1_752' title='bbox 339 5281 622 5352; x_wconf 76' lang='grc' dir='ltr'>εκὸπτέτο,</span> <span class='ocrx_word' id='word_1_753' title='bbox 654 5281 743 5339; x_wconf 82' lang='grc' dir='ltr'><strong>καῖ</strong></span> <span class='ocrx_word' id='word_1_754' title='bbox 773 5283 934 5353; x_wconf 73' lang='grc' dir='ltr'>ἥλιος</span> <span class='ocrx_word' id='word_1_755' title='bbox 958 5281 1147 5337; x_wconf 65' lang='grc' dir='ltr'>’ἕστατο</span> <span class='ocrx_word' id='word_1_756' title='bbox 1164 5328 1174 5340; x_wconf 93' lang='grc'>.</span> 
     </span>
    </p>
   </div>
   <div class='ocr_carea' id='block_1_99' title="bbox 410 5352 1999 5430">
    <p class='ocr_par' dir='ltr' id='par_1_99' title="bbox 410 5352 1999 5430">
     <span class='ocr_line' id='line_1_102' title="bbox 410 5352 1999 5430; baseline -0.002 -18"><span class='ocrx_word' id='word_1_757' title='bbox 410 5360 521 5427; x_wconf 87' lang='grc'>(17)</span> <span class='ocrx_word' id='word_1_758' title='bbox 553 5352 905 5430; x_wconf 78' lang='grc' dir='ltr'>Ἐτροποῦτο.</span> <span class='ocrx_word' id='word_1_759' title='bbox 956 5357 1099 5430; x_wconf 70' lang='lat' dir='ltr'>Duo</span> <span class='ocrx_word' id='word_1_760' title='bbox 1134 5358 1297 5430; x_wconf 61' lang='lat' dir='ltr'>Reg,</span> <span class='ocrx_word' id='word_1_761' title='bbox 1346 5356 1520 5413; x_wconf 90' lang='lat' dir='ltr'>Coisl.</span> <span class='ocrx_word' id='word_1_762' title='bbox 1575 5357 1599 5410; x_wconf 89' lang='lat'>1</span> <span class='ocrx_word' id='word_1_763' title='bbox 1642 5361 1699 5411; x_wconf 88' lang='lat' dir='ltr'>et</span> <span class='ocrx_word' id='word_1_764' title='bbox 1745 5359 1799 5424; x_wconf 88' lang='lat'>2,</span> <span class='ocrx_word' id='word_1_765' title='bbox 1852 5352 1999 5427; x_wconf 80' lang='grc' dir='ltr'>ἐτρὲ-</span> 
     </span>
    </p>
   </div>
   <div class='ocr_carea' id='block_1_100' title="bbox 340 5427 1736 5503">
    <p class='ocr_par' dir='ltr' id='par_1_100' title="bbox 340 5427 1736 5503">
     <span class='ocr_line' id='line_1_103' title="bbox 340 5427 1736 5503; baseline 0.001 -23"><span class='ocrx_word' id='word_1_766' title='bbox 340 5427 880 5503; x_wconf 71' lang='grc' dir='ltr'>πτετο[ωοόὀοεε].</span> <span class='ocrx_word' id='word_1_767' title='bbox 913 5428 1051 5503; x_wconf 64' lang='lat' dir='ltr'>Alii,</span> <span class='ocrx_word' id='word_1_768' title='bbox 1083 5427 1337 5503; x_wconf 59' lang='grc' dir='ltr'>ἐτρέπετο</span> <span class='ocrx_word' id='word_1_769' title='bbox 1366 5430 1736 5503; x_wconf 69' lang='lat' dir='ltr'>[perperam].</span> 
     </span>
    </p>
   </div>
   <div class='ocr_carea' id='block_1_101' title="bbox 413 5494 2001 5574">
    <p class='ocr_par' dir='ltr' id='par_1_101' title="bbox 413 5494 2001 5574">
     <span class='ocr_line' id='line_1_104' title="bbox 413 5494 2001 5574; baseline -0.002 -20"><span class='ocrx_word' id='word_1_770' title='bbox 413 5494 650 5571; x_wconf 51' lang='grc' dir='ltr'>(18)“Δι’</span> <span class='ocrx_word' id='word_1_771' title='bbox 708 5494 906 5574; x_wconf 75' lang='grc' dir='ltr'>εὗχῶν.</span> <span class='ocrx_word' id='word_1_772' title='bbox 960 5494 1151 5556; x_wconf 41' lang='lat' dir='ltr'>Coit-51..</span> <span class='ocrx_word' id='word_1_773' title='bbox 1190 5503 1245 5568; x_wconf 83' lang='grc'>2,</span> <span class='ocrx_word' id='word_1_774' title='bbox 1307 5494 1405 5555; x_wconf 59' lang='lat' dir='ltr'>OE:</span> <span class='ocrx_word' id='word_1_775' title='bbox 1461 5494 1511 5567; x_wconf 66' lang='grc'>1,</span> <span class='ocrx_word' id='word_1_776' title='bbox 1565 5494 1719 5571; x_wconf 52' lang='lat' dir='ltr'>Palu,</span> <span class='ocrx_word' id='word_1_777' title='bbox 1781 5494 1849 5551; x_wconf 84' lang='grc' dir='ltr'>δι’</span> <span class='ocrx_word' id='word_1_778' title='bbox 1910 5496 2001 5552; x_wconf 78' lang='grc' dir='ltr'>εὐ-</span> 
     </span>
    </p>
   </div>
   <div class='ocr_carea' id='block_1_102' title="bbox 391 5591 475 5636">
    <p class='ocr_par' dir='ltr' id='par_1_102' title="bbox 391 5591 475 5636">
     <span class='ocr_line' id='line_1_105' title="bbox 391 5591 475 5636; baseline -0.143 1"><span class='ocrx_word' id='word_1_779' title='bbox 391 5591 475 5636; x_wconf 82' lang='grc' dir='ltr'>ης.</span> 
     </span>
    </p>
   </div>
   <div class='ocr_carea' id='block_1_103' title="bbox 348 5589 1995 5716">
    <p class='ocr_par' dir='ltr' id='par_1_103' title="bbox 348 5589 1995 5716">
     <span class='ocr_line' id='line_1_106' title="bbox 348 5589 1995 5716; baseline 0.003 -20"><span class='ocrx_word' id='word_1_780' title='bbox 348 5589 526 5716; x_wconf 48' lang='grc' dir='ltr'>Ἡδὲ)</span> <span class='ocrx_word' id='word_1_781' title='bbox 559 5640 848 5716; x_wconf 17' lang='grc' dir='ltr'>’,Ατεῄεσαψ</span> <span class='ocrx_word' id='word_1_782' title='bbox 884 5642 1010 5716; x_wconf 14' lang='lat' dir='ltr'>Sic;</span> <span class='ocrx_word' id='word_1_783' title='bbox 1028 5642 1221 5716; x_wconf 71' lang='lat' dir='ltr'>plures</span> <span class='ocrx_word' id='word_1_784' title='bbox 1254 5643 1417 5716; x_wconf 73' lang='lat' dir='ltr'>Reg,</span> <span class='ocrx_word' id='word_1_785' title='bbox 1469 5642 1778 5716; x_wconf 80' lang='lat' dir='ltr'>Chrysan.,</span> <span class='ocrx_word' id='word_1_786' title='bbox 1824 5641 1995 5701; x_wconf 82' lang='lat' dir='ltr'>Cois].</span> 
     </span>
    </p>
   </div>
   <div class='ocr_carea' id='block_1_104' title="bbox 337 5712 1459 5789">
    <p class='ocr_par' dir='ltr' id='par_1_104' title="bbox 337 5712 1459 5789">
     <span class='ocr_line' id='line_1_107' title="bbox 337 5712 1459 5789; baseline 0.001 -20"><span class='ocrx_word' id='word_1_787' title='bbox 337 5715 394 5783; x_wconf 88' lang='lat'>2,</span> <span class='ocrx_word' id='word_1_788' title='bbox 422 5712 525 5771; x_wconf 59' lang='lat' dir='ltr'>&#39;Or.</span> <span class='ocrx_word' id='word_1_789' title='bbox 558 5714 610 5783; x_wconf 90' lang='lat'>1,</span> <span class='ocrx_word' id='word_1_790' title='bbox 642 5712 797 5781; x_wconf 67' lang='lat' dir='ltr'>Pan,</span> <span class='ocrx_word' id='word_1_791' title='bbox 828 5717 937 5771; x_wconf 89' lang='lat' dir='ltr'>etc.</span> <span class='ocrx_word' id='word_1_792' title='bbox 972 5714 1147 5784; x_wconf 81' lang='lat' dir='ltr'>Editi,</span> <span class='ocrx_word' id='word_1_793' title='bbox 1178 5712 1459 5789; x_wconf 70' lang='grc' dir='ltr'>ἀνῄνεῖταν.</span> 
     </span>
    </p>
   </div>
   <div class='ocr_carea' id='block_1_105' title="bbox 1678 4520 2515 4590">
    <p class='ocr_par' dir='ltr' id='par_1_105' title="bbox 1678 4520 2515 4590">
     <span class='ocr_line' id='line_1_108' title="bbox 1678 4520 2515 4590; baseline -0.004 -15"><span class='ocrx_word' id='word_1_794' title='bbox 1678 4521 1721 4554; x_wconf 73' lang='grc'>⁸⁸</span> <span class='ocrx_word' id='word_1_795' title='bbox 1754 4521 1802 4575; x_wconf 91' lang='grc' dir='ltr'>ΙΙ</span> <span class='ocrx_word' id='word_1_796' title='bbox 1834 4520 2104 4576; x_wconf 87' lang='lat' dir='ltr'>Machab.</span> <span class='ocrx_word' id='word_1_797' title='bbox 2137 4537 2212 4590; x_wconf 82' lang='lat' dir='ltr'>v1,</span> <span class='ocrx_word' id='word_1_798' title='bbox 2246 4521 2312 4573; x_wconf 89' lang='lat'>18</span> <span class='ocrx_word' id='word_1_799' title='bbox 2346 4535 2515 4589; x_wconf 90' lang='lat' dir='ltr'>seqq.</span> 
     </span>
    </p>
   </div>
   <div class='ocr_carea' id='block_1_106' title="bbox 2025 4648 2073 4712">
    <p class='ocr_par' dir='ltr' id='par_1_106' title="bbox 2025 4648 2073 4712">
     <span class='ocr_line' id='line_1_109' title="bbox 2025 4648 2073 4712; baseline 0 0"><span class='ocrx_word' id='word_1_800' title='bbox 2025 4648 2073 4712; x_wconf 91' lang='lat' dir='ltr'>D</span> 
     </span>
    </p>
   </div>
   <div class='ocr_carea' id='block_1_107' title="bbox 2174 4636 3770 4729">
    <p class='ocr_par' dir='ltr' id='par_1_107' title="bbox 2174 4636 3770 4729">
     <span class='ocr_line' id='line_1_110' title="bbox 2174 4636 3770 4729; baseline -0.003 -33"><span class='ocrx_word' id='word_1_801' title='bbox 2174 4642 2288 4713; x_wconf 85' lang='grc'>(20)</span> <span class='ocrx_word' id='word_1_802' title='bbox 2306 4636 2618 4729; x_wconf 35' lang='grc' dir='ltr'>θ’λξνδρείαν.</span> <span class='ocrx_word' id='word_1_803' title='bbox 2650 4641 2741 4695; x_wconf 88' lang='lat' dir='ltr'>Sic</span> <span class='ocrx_word' id='word_1_804' title='bbox 2789 4641 3051 4713; x_wconf 88' lang='lat' dir='ltr'>quinque</span> <span class='ocrx_word' id='word_1_805' title='bbox 3096 4641 3235 4711; x_wconf 81' lang='lat' dir='ltr'>Reg.</span> <span class='ocrx_word' id='word_1_806' title='bbox 3290 4644 3346 4695; x_wconf 91' lang='lat' dir='ltr'>et</span> <span class='ocrx_word' id='word_1_807' title='bbox 3398 4640 3492 4694; x_wconf 87' lang='lat' dir='ltr'>0r.</span> <span class='ocrx_word' id='word_1_808' title='bbox 3528 4640 3580 4693; x_wconf 93' lang='lat'>1.</span> <span class='ocrx_word' id='word_1_809' title='bbox 3616 4638 3770 4694; x_wconf 87' lang='lat' dir='ltr'>Editi</span> 
     </span>
    </p>
   </div>
   <div class='ocr_carea' id='block_1_108' title="bbox 2108 4708 3767 4858">
    <p class='ocr_par' dir='ltr' id='par_1_108' title="bbox 2108 4708 3767 4858">
     <span class='ocr_line' id='line_1_111' title="bbox 2108 4708 3209 4786; baseline -0.005 -16"><span class='ocrx_word' id='word_1_810' title='bbox 2108 4708 2535 4786; x_wconf 41' lang='lat' dir='ltr'>maenaa...</span> <span class='ocrx_word' id='word_1_811' title='bbox 2806 4708 2822 4711; x_wconf 73' lang='grc'><strong><em>“</em></strong></span> <span class='ocrx_word' id='word_1_812' title='bbox 2954 4708 2971 4713; x_wconf 70' lang='grc'>⁷</span> <span class='ocrx_word' id='word_1_813' title='bbox 3184 4708 3209 4711; x_wconf 65' lang='grc'>⁷</span> 
     </span>
     <span class='ocr_line' id='line_1_112' title="bbox 2181 4779 3767 4858; baseline -0.002 -21"><span class='ocrx_word' id='word_1_814' title='bbox 2181 4785 2293 4857; x_wconf 84' lang='grc'>(21)</span> <span class='ocrx_word' id='word_1_815' title='bbox 2326 4782 2807 4858; x_wconf 36' lang='grc' dir='ltr'>Ὑπερήφανεηεὶο.</span> <span class='ocrx_word' id='word_1_816' title='bbox 2830 4781 3029 4858; x_wconf 82' lang='lat' dir='ltr'>plures</span> <span class='ocrx_word' id='word_1_817' title='bbox 3058 4786 3219 4852; x_wconf 81' lang='lat' dir='ltr'>Reg.,</span> <span class='ocrx_word' id='word_1_818' title='bbox 3250 4781 3556 4852; x_wconf 68' lang='lat' dir='ltr'>Chrysan,</span> <span class='ocrx_word' id='word_1_819' title='bbox 3589 4779 3767 4835; x_wconf 87' lang='lat' dir='ltr'>Coisl.</span> 
     </span>
    </p>
   </div>
   <div class='ocr_carea' id='block_1_109' title="bbox 2112 4852 3058 4929">
    <p class='ocr_par' dir='ltr' id='par_1_109' title="bbox 2112 4852 3058 4929">
     <span class='ocr_line' id='line_1_113' title="bbox 2112 4852 3058 4929; baseline -0.003 -18"><span class='ocrx_word' id='word_1_820' title='bbox 2112 4858 2137 4912; x_wconf 88' lang='lat'>1</span> <span class='ocrx_word' id='word_1_821' title='bbox 2172 4852 2229 4911; x_wconf 77' lang='lat' dir='ltr'>et</span> <span class='ocrx_word' id='word_1_822' title='bbox 2260 4852 2317 4922; x_wconf 85' lang='grc'>2,</span> <span class='ocrx_word' id='word_1_823' title='bbox 2349 4858 2510 4929; x_wconf 78' lang='lat' dir='ltr'>Pass.</span> <span class='ocrx_word' id='word_1_824' title='bbox 2541 4852 2605 4911; x_wconf 79' lang='lat' dir='ltr'>In</span> <span class='ocrx_word' id='word_1_825' title='bbox 2630 4856 2753 4929; x_wconf 6' lang='lat' dir='ltr'>(ed.,</span> <span class='ocrx_word' id='word_1_826' title='bbox 2789 4852 3058 4929; x_wconf 56' lang='grc' dir='ltr'>ὑπερήφα.</span> 
     </span>
    </p>
   </div>
   <div class='ocr_carea' id='block_1_110' title="bbox 2182 4922 3769 4999">
    <p class='ocr_par' dir='ltr' id='par_1_110' title="bbox 2182 4922 3769 4999">
     <span class='ocr_line' id='line_1_114' title="bbox 2182 4922 3769 4999; baseline -0.003 -17"><span class='ocrx_word' id='word_1_827' title='bbox 2182 4929 2294 4998; x_wconf 84' lang='grc'>(22)</span> <span class='ocrx_word' id='word_1_828' title='bbox 2330 4928 2551 4999; x_wconf 60' lang='lat' dir='ltr'>Amnon.</span> <span class='ocrx_word' id='word_1_829' title='bbox 2586 4927 2678 4981; x_wconf 90' lang='lat' dir='ltr'>Sic</span> <span class='ocrx_word' id='word_1_830' title='bbox 2712 4922 2812 4999; x_wconf 78' lang='lat' dir='ltr'>sex</span> <span class='ocrx_word' id='word_1_831' title='bbox 2843 4922 3008 4997; x_wconf 49' lang='lat' dir='ltr'>Regi,</span> <span class='ocrx_word' id='word_1_832' title='bbox 3040 4924 3345 4999; x_wconf 79' lang='lat' dir='ltr'>Chrysan.,</span> <span class='ocrx_word' id='word_1_833' title='bbox 3368 4922 3540 4978; x_wconf 87' lang='lat' dir='ltr'>Coisl.</span> <span class='ocrx_word' id='word_1_834' title='bbox 3576 4923 3601 4976; x_wconf 92' lang='lat'>1</span> <span class='ocrx_word' id='word_1_835' title='bbox 3636 4927 3695 4977; x_wconf 90' lang='lat' dir='ltr'>et</span> <span class='ocrx_word' id='word_1_836' title='bbox 3712 4926 3769 4991; x_wconf 88' lang='lat'>2,</span> 
     </span>
    </p>
   </div>
   <div class='ocr_carea' id='block_1_111' title="bbox 2108 4994 3326 5069">
    <p class='ocr_par' dir='ltr' id='par_1_111' title="bbox 2108 4994 3326 5069">
     <span class='ocr_line' id='line_1_115' title="bbox 2108 4994 3326 5069; baseline -0.009 -14"><span class='ocrx_word' id='word_1_837' title='bbox 2108 4994 2308 5056; x_wconf 84' lang='lat' dir='ltr'>Comb.</span> <span class='ocrx_word' id='word_1_838' title='bbox 2344 4994 2485 5069; x_wconf 76' lang='lat' dir='ltr'>Male</span> <span class='ocrx_word' id='word_1_839' title='bbox 2516 4999 2575 5054; x_wconf 91' lang='lat' dir='ltr'>in</span> <span class='ocrx_word' id='word_1_840' title='bbox 2609 4999 2725 5069; x_wconf 89' lang='lat' dir='ltr'>ed.,</span> <span class='ocrx_word' id='word_1_841' title='bbox 2758 4994 2955 5068; x_wconf 59' lang='grc' dir='ltr'>δῆμοι,</span> <span class='ocrx_word' id='word_1_842' title='bbox 2986 5018 3014 5048; x_wconf 75' lang='grc'><em>‹‹</em></span> <span class='ocrx_word' id='word_1_843' title='bbox 3048 4994 3267 5069; x_wconf 78' lang='lat' dir='ltr'>populi.</span> <span class='ocrx_word' id='word_1_844' title='bbox 3305 5017 3326 5044; x_wconf 76' lang='grc' dir='ltr'>ι</span> 
     </span>
    </p>
   </div>
   <div class='ocr_carea' id='block_1_112' title="bbox 2145 5066 3771 5197">
    <p class='ocr_par' dir='ltr' id='par_1_112' title="bbox 2145 5066 3771 5197">
     <span class='ocr_line' id='line_1_116' title="bbox 2145 5066 3771 5197; baseline -0.004 -70"><span class='ocrx_word' id='word_1_845' title='bbox 2145 5068 2423 5197; x_wconf 60' lang='grc' dir='ltr'>ἀ(;ἒ3)Τά.</span> <span class='ocrx_word' id='word_1_846' title='bbox 2474 5071 2567 5126; x_wconf 87' lang='lat' dir='ltr'>Sic</span> <span class='ocrx_word' id='word_1_847' title='bbox 2619 5066 2758 5143; x_wconf 83' lang='lat' dir='ltr'>Reg.</span> <span class='ocrx_word' id='word_1_848' title='bbox 2810 5066 2863 5135; x_wconf 84' lang='lat' dir='ltr'>a,</span> <span class='ocrx_word' id='word_1_849' title='bbox 2915 5087 2964 5137; x_wconf 81' lang='grc' dir='ltr'>ο,</span> <span class='ocrx_word' id='word_1_850' title='bbox 3012 5066 3071 5138; x_wconf 61' lang='grc'>(1⁷,</span> <span class='ocrx_word' id='word_1_851' title='bbox 3131 5074 3187 5123; x_wconf 94' lang='lat' dir='ltr'>et</span> <span class='ocrx_word' id='word_1_852' title='bbox 3234 5066 3434 5122; x_wconf 87' lang='lat' dir='ltr'>Comb.</span> <span class='ocrx_word' id='word_1_853' title='bbox 3492 5070 3664 5123; x_wconf 90' lang='lat' dir='ltr'>Deest</span> <span class='ocrx_word' id='word_1_854' title='bbox 3715 5067 3771 5122; x_wconf 91' lang='lat' dir='ltr'>in</span> 
     </span>
     <span class='ocr_line' id='line_1_117' title="bbox 2186 5161 2249 5197; baseline 0 0"><span class='ocrx_word' id='word_1_855' title='bbox 2186 5161 2201 5197; x_wconf 90' lang='lat'>1</span> <span class='ocrx_word' id='word_1_856' title='bbox 2237 5184 2249 5197; x_wconf 93' lang='lat'>.</span> 
     </span>
    </p>
   </div>
   <div class='ocr_carea' id='block_1_113' title="bbox 2111 5143 2249 5197">
    <p class='ocr_par' dir='ltr' id='par_1_113' title="bbox 2111 5143 2249 5197">
     <span class='ocr_line' id='line_1_118' title="bbox 2111 5143 2249 5197; baseline 0 0"><span class='ocrx_word' id='word_1_857' title='bbox 2111 5143 2249 5197; x_wconf 90' lang='lat' dir='ltr'>edit.</span> 
     </span>
    </p>
   </div>
   <div class='ocr_carea' id='block_1_114' title="bbox 2183 5203 3566 5286">
    <p class='ocr_par' dir='ltr' id='par_1_114' title="bbox 2183 5203 3566 5286">
     <span class='ocr_line' id='line_1_119' title="bbox 2183 5203 3566 5286; baseline -0.004 -18"><span class='ocrx_word' id='word_1_858' title='bbox 2183 5214 2296 5286; x_wconf 83' lang='grc'>(24)</span> <span class='ocrx_word' id='word_1_859' title='bbox 2330 5210 2776 5286; x_wconf 44' lang='grc' dir='ltr'>ῙΙεριε-ργότεραι.</span> <span class='ocrx_word' id='word_1_860' title='bbox 2812 5212 2951 5286; x_wconf 75' lang='lat' dir='ltr'>Reg.</span> <span class='ocrx_word' id='word_1_861' title='bbox 2982 5211 3105 5277; x_wconf 85' lang='lat' dir='ltr'>bm,</span> <span class='ocrx_word' id='word_1_862' title='bbox 3130 5203 3566 5286; x_wconf 56' lang='grc' dir='ltr'>ξτεριεργότεροι.</span> 
     </span>
    </p>
   </div>
   <div class='ocr_carea' id='block_1_115' title="bbox 2181 5281 3768 5357">
    <p class='ocr_par' dir='ltr' id='par_1_115' title="bbox 2181 5281 3768 5357">
     <span class='ocr_line' id='line_1_120' title="bbox 2181 5281 3768 5357; baseline -0.001 -17"><span class='ocrx_word' id='word_1_863' title='bbox 2181 5281 2295 5357; x_wconf 83' lang='grc'>(25)</span> <span class='ocrx_word' id='word_1_864' title='bbox 2332 5281 2731 5357; x_wconf 81' lang='grc' dir='ltr'>ΙΙροσδο’κᾷς’τι</span> <span class='ocrx_word' id='word_1_865' title='bbox 2764 5281 3089 5357; x_wconf 33' lang='grc' dir='ltr'>τυχόν,-εῐο.</span> <span class='ocrx_word' id='word_1_866' title='bbox 3124 5282 3220 5357; x_wconf 82' lang='lat' dir='ltr'>Sic</span> <span class='ocrx_word' id='word_1_867' title='bbox 3250 5281 3563 5357; x_wconf 7' lang='lat' dir='ltr'>tregsgﬁegq</span> <span class='ocrx_word' id='word_1_868' title='bbox 3596 5281 3768 5338; x_wconf 86' lang='lat' dir='ltr'>Coisl.</span> 
     </span>
    </p>
   </div>
   <div class='ocr_carea' id='block_1_116' title="bbox 2109 5352 3772 5427">
    <p class='ocr_par' dir='ltr' id='par_1_116' title="bbox 2109 5352 3772 5427">
     <span class='ocr_line' id='line_1_121' title="bbox 2109 5352 3772 5427; baseline -0.002 -16"><span class='ocrx_word' id='word_1_869' title='bbox 2109 5358 2163 5424; x_wconf 86' lang='lat'>2,</span> <span class='ocrx_word' id='word_1_870' title='bbox 2198 5352 2349 5423; x_wconf 81' lang='lat' dir='ltr'>Par.,</span> <span class='ocrx_word' id='word_1_871' title='bbox 2384 5352 2609 5422; x_wconf 81' lang='lat' dir='ltr'>Comb.,</span> <span class='ocrx_word' id='word_1_872' title='bbox 2642 5363 2750 5412; x_wconf 89' lang='lat' dir='ltr'>etc.</span> <span class='ocrx_word' id='word_1_873' title='bbox 2788 5352 3045 5425; x_wconf 57' lang='lat' dir='ltr'>In&#39;edit”</span> <span class='ocrx_word' id='word_1_874' title='bbox 3076 5352 3286 5427; x_wconf 84' lang='grc' dir='ltr'>τυχών.</span> <span class='ocrx_word' id='word_1_875' title='bbox 3321 5352 3524 5409; x_wconf 87' lang='lat' dir='ltr'>Billius</span> <span class='ocrx_word' id='word_1_876' title='bbox 3564 5369 3575 5406; x_wconf 88' lang='lat'>:</span> <span class='ocrx_word' id='word_1_877' title='bbox 3617 5376 3638 5404; x_wconf 83' lang='grc' dir='ltr'>ι</span> <span class='ocrx_word' id='word_1_878' title='bbox 3674 5370 3772 5409; x_wconf 83' lang='lat' dir='ltr'>ex-</span> 
     </span>
    </p>
   </div>
   <div class='ocr_carea' id='block_1_117' title="bbox 2111 5427 3539 5501">
    <p class='ocr_par' dir='ltr' id='par_1_117' title="bbox 2111 5427 3539 5501">
     <span class='ocr_line' id='line_1_122' title="bbox 2111 5427 3539 5501; baseline -0.006 -16"><span class='ocrx_word' id='word_1_879' title='bbox 2111 5435 2341 5501; x_wconf 83' lang='lat' dir='ltr'>spectas</span> <span class='ocrx_word' id='word_1_880' title='bbox 2376 5430 2642 5501; x_wconf 77' lang='lat' dir='ltr'>fortasse,</span> <span class='ocrx_word' id='word_1_881' title='bbox 2678 5434 2740 5483; x_wconf 90' lang='lat' dir='ltr'>ut</span> <span class='ocrx_word' id='word_1_882' title='bbox 2770 5427 3093 5501; x_wconf 84' lang='lat' dir='ltr'>orationem</span> <span class='ocrx_word' id='word_1_883' title='bbox 3127 5431 3539 5501; x_wconf 42' lang='lat' dir='ltr'>remigamus.)</span> 
     </span>
    </p>
   </div>
   <div class='ocr_carea' id='block_1_118' title="bbox 2180 5494 3767 5574">
    <p class='ocr_par' dir='ltr' id='par_1_118' title="bbox 2180 5494 3767 5574">
     <span class='ocr_line' id='line_1_123' title="bbox 2180 5494 3767 5574; baseline -0.006 -18"><span class='ocrx_word' id='word_1_884' title='bbox 2180 5502 2289 5574; x_wconf 91' lang='lat'>(26)</span> <span class='ocrx_word' id='word_1_885' title='bbox 2324 5494 2682 5573; x_wconf 59' lang='grc' dir='ltr'>Ἐπιδῴσομεν.</span> <span class='ocrx_word' id='word_1_886' title='bbox 2710 5500 2824 5574; x_wconf 62' lang='grc' dir='ltr'>εἰς</span> <span class='ocrx_word' id='word_1_887' title='bbox 2870 5504 3005 5574; x_wconf 83' lang='lat' dir='ltr'>Reg.</span> <span class='ocrx_word' id='word_1_888' title='bbox 3060 5516 3110 5574; x_wconf 71' lang='grc' dir='ltr'>ο,</span> <span class='ocrx_word' id='word_1_889' title='bbox 3156 5500 3219 5574; x_wconf 57' lang='grc' dir='ltr'>εἰ.</span> <span class='ocrx_word' id='word_1_890' title='bbox 3266 5496 3438 5553; x_wconf 87' lang='lat' dir='ltr'>Coisl.</span> <span class='ocrx_word' id='word_1_891' title='bbox 3482 5497 3538 5561; x_wconf 80' lang='grc'>2,</span> <span class='ocrx_word' id='word_1_892' title='bbox 3585 5494 3679 5550; x_wconf 89' lang='lat' dir='ltr'>Or.</span> <span class='ocrx_word' id='word_1_893' title='bbox 3710 5495 3767 5561; x_wconf 91' lang='grc'>2,</span> 
     </span>
    </p>
   </div>
   <div class='ocr_carea' id='block_1_119' title="bbox 2114 5566 3417 5641">
    <p class='ocr_par' dir='ltr' id='par_1_119' title="bbox 2114 5566 3417 5641">
     <span class='ocr_line' id='line_1_124' title="bbox 2114 5566 3417 5641; baseline -0.006 -12"><span class='ocrx_word' id='word_1_894' title='bbox 2114 5566 2439 5641; x_wconf 46' lang='grc' dir='ltr'>ΡΠΤἾᾌΙΘΒἾ</span> <span class='ocrx_word' id='word_1_895' title='bbox 2475 5566 2532 5628; x_wconf 72' lang='lat' dir='ltr'>et</span> <span class='ocrx_word' id='word_1_896' title='bbox 2562 5566 2761 5628; x_wconf 87' lang='lat' dir='ltr'>Comb.</span> <span class='ocrx_word' id='word_1_897' title='bbox 2799 5571 2859 5625; x_wconf 88' lang='lat' dir='ltr'>In</span> <span class='ocrx_word' id='word_1_898' title='bbox 2892 5566 3054 5634; x_wconf 65' lang='lat' dir='ltr'>edit...</span> <span class='ocrx_word' id='word_1_899' title='bbox 3090 5566 3417 5641; x_wconf 77' lang='grc' dir='ltr'>ἐκδώσομεν.</span> 
     </span>
    </p>
   </div>
   <div class='ocr_carea' id='block_1_120' title="bbox 2183 5638 3644 5717">
    <p class='ocr_par' dir='ltr' id='par_1_120' title="bbox 2183 5638 3644 5717">
     <span class='ocr_line' id='line_1_125' title="bbox 2183 5638 3644 5717; baseline -0.007 -17"><span class='ocrx_word' id='word_1_900' title='bbox 2183 5638 2295 5717; x_wconf 76' lang='grc'>(27)</span> <span class='ocrx_word' id='word_1_901' title='bbox 2326 5638 2592 5715; x_wconf 65' lang='grc' dir='ltr'>Εἴξωμεν.</span> <span class='ocrx_word' id='word_1_902' title='bbox 2627 5644 2894 5715; x_wconf 89' lang='lat' dir='ltr'>Quinque</span> <span class='ocrx_word' id='word_1_903' title='bbox 2924 5643 3087 5715; x_wconf 81' lang='lat' dir='ltr'>Reg.,</span> <span class='ocrx_word' id='word_1_904' title='bbox 3119 5638 3330 5715; x_wconf 70' lang='grc' dir='ltr'>εἴξομεν</span> <span class='ocrx_word' id='word_1_905' title='bbox 3360 5638 3644 5713; x_wconf 85' lang='lat' dir='ltr'>[rectius].</span> 
     </span>
    </p>
   </div>
  </div>
