4090 6404
388 358 507 420 925

1219 360 1508 423 ORATIO
1552 362 1682 423 XV.
1718 394 1795 406 -
1825 360 1904 422 IN
1952 358 2585 422 MACHABEORUM
2629 356 2978 422 LAUDEM.

3685 359 3804 420 926

388 505 799 562 appareamus.
832 490 1049 547 Omnes
1080 496 1364 564 tanquam
1396 509 1573 560 unus,
1600 497 1657 549 et
1686 491 1904 565 singuli
1934 496 2215 562 tanquam
2249 507 2455 546 omnes
2485 490 2810 563 periculum
2842 491 3184 547 subeamus.
3209 491 3499 562 Eleazare,
3531 491 3801 563 suscipe;

389 583 594 649 mater,
628 596 900 649 sequere;
931 580 1279 647 Jerusalem,
1315 586 1573 637 mortuos
1622 586 1754 637 tuos
1804 580 2119 651 magnifica
2149 579 2452 651 sepultura
2500 580 2687 649 afﬁce,
2722 580 2772 635 si
2821 579 2963 652 quid
3013 583 3210 634 tamen
3264 578 3553 651 reliquum
3603 580 3800 643 fuerit,

387 669 543 740 quod
585 668 901 741 sepulturae
952 670 1219 725 mandari
1271 672 1476 742 possit.
1508 672 1620 726 Res
1669 674 1901 727 nostras
1949 685 2363 736 commemora,
2398 670 2792 741 posterisque,
2820 685 2885 725 ac
2935 669 3021 724 tui
3071 668 3379 736 studiosis,
3411 669 3572 739 pium
3622 670 3801 725 unius

384 757 605 811 ventris
636 758 1019 828 sepulcretum
1048 760 1309 814 ostende.
1341 782 1368 809 ››

454 845 534 898 Η’.
571 846 632 897 Οἱ
685 846 779 917 μὶν
812 843 876 913 δὴ
910 850 1076 900 ταῦτα
1105 846 1193 899 καὶ
1245 846 1506 913 εἰπόντες,
1564 848 1653 901 καὶ
1710 846 2026 921 πράξατνες,

2214 847 2360 902 νΙΙΙ.
2394 850 2528 914 Quae
2561 865 2695 903 cum
2727 848 3015 903 dixissent
3045 864 3109 903 ac
3158 848 3437 919 egissent,
3471 863 3672 918 seque,
3702 864 3801 904 ve-

384 932 473 986 καὶ
505 932 579 994 ὡς
608 938 746 987 συῶν
781 931 995 997 ὀδόντες
1026 934 1312 1005 ἀλλήλους
1344 937 1596 1006 θήξαντες
1653 935 1702 990 ἐν
1762 934 1905 1005 τάξει
1934 942 2034 1003 τῆς

383 1018 624 1090 ἡλικίας,
685 1022 773 1075 καὶ
837 1022 1044 1093 ἰσότητι
1091 1031 1193 1092 τῆς
1234 1024 1566 1098 προθυμίας,
1634 1021 2033 1098 διεκαρτέρουν.

381 1106 573 1178 Ἡδονή
606 1109 693 1163 καῖ
724 1115 903 1183 θαῦμα
941 1117 1057 1173 τοῖς
1094 1112 1402 1190 ὁμοφύλοις
1428 1133 1439 1145 ⁸
1502 1108 1670 1186 φόϐος
1729 1112 1817 1167 καὶ
1877 1112 2037 1165 κατά-

381 1196 583 1270 πληξις
612 1201 723 1272 (39)
754 1205 869 1261 τοῖς
902 1198 1213 1273 διώκουσιν,
1249 1202 1301 1256 οἳ
1330 1204 1465 1257 κατὰ
1493 1203 1687 1263 παντὸς
1711 1200 1811 1256 τοῖ’)
1850 1198 2032 1262 ἔθνους

384 1288 817 1362 στρατεύσαντες,
850 1286 1098 1366 ἀδελφῶν
1142 1290 1275 1345 ἆπτὰ
1332 1291 1647 1365 συμψυχίας
1700 1292 1832 1366 ὑπὲρ
1883 1289 2034 1345 εὐσε-

383 1372 531 1438 ϐείας
555 1378 971 1451 ἀγωνιζομένων
1011 1383 1142 1453 (40),
1196 1386 1451 1435 τοσοῦτον
1501 1383 1837 1450 ἡττήθησαν,
1896 1378 2034 1434 ὥστε

386 1463 527 1538 μηδὲ
570 1467 692 1541 περὶ
722 1472 829 1521 τῶν
863 1467 1047 1524 ἄλλων
1080 1467 1225 1544 ἔχειν
1258 1469 1334 1524 ἔτι
1368 1470 1611 1545 χρηστὰς
1640 1471 1735 1531 τὰς
1781 1466 2028 1530 ἐλπίδας.

381 1555 445 1611 Ἠ
473 1552 529 1609 δὶ
554 1556 770 1629 γενναία
822 1558 1027 1631 μήτηρ,
1078 1558 1167 1612 καὶ
1218 1554 1388 1621 ὅντως
1428 1558 1643 1613 ἐκείνων
1696 1563 1801 1613 τῶν
1834 1556 2030 1612 τοσού-

2147 934 2237 990 lut
2267 952 2542 1006 aprorum
2575 938 2799 1007 dentes,
2832 936 3079 991 invicem
3127 936 3444 1001 acuissent,
3478 952 3581 1008 pro
3613 936 3804 991 aetatis

2145 1024 2349 1079 ordine
2399 1026 2670 1097 quisque.
2724 1026 2783 1080 in
2833 1027 3038 1081 eadem
3096 1025 3278 1081 animi
3338 1024 3806 1097 promptitudine

2145 1115 2612 1184 perseverabant.
2646 1118 2834 1186 Atque
2861 1131 2929 1171 ea
2956 1131 3048 1170 res
3080 1120 3145 1170 ut
3174 1113 3606 1170 contribulibus
3646 1114 3807 1170 volu.

2144 1206 2364 1273 ptatem
2396 1208 2454 1258 et
2485 1203 2932 1260 admirationem
2982 1204 3295 1271 ailerebat;
3327 1203 3408 1259 ita
3441 1209 3597 1260 metu
3630 1207 3807 1276 atque

2143 1296 2362 1347 terrore
2391 1298 2826 1365 persecutorum
2852 1294 3079 1349 animos
3101 1292 3646 1364 consternabat,qui
3668 1309 3804 1349 cum

2143 1382 2570 1452 expeditionem
2596 1382 2995 1454 suscepissent
3023 1382 3303 1437 adversus
3326 1380 3659 1437 universam
3696 1398 3802 1437 na-

2142 1470 2383 1539 tionem,
2429 1488 2463 1526 a
2511 1477 2733 1544 septem
2785 1472 3083 1538 fratribus,
3133 1472 3406 1527 concordi
3456 1472 3653 1527 animo
3699 1488 3807 1543 pro

2142 1560 2356 1631 pietate
2410 1560 2851 1631 dimicantibus,
2884 1562 2965 1616 ita
3008 1560 3177 1616 facile
3231 1559 3490 1632 superati
3539 1564 3700 1626 sunt,
3741 1564 3810 1615 ut

378 1665 485 1698 των
536 1644 625 1698 καὶ
684 1644 947 1700 τοιούτων
998 1648 1096 1715 τὴν
1147 1646 1365 1723 ἀρετὴν,
1423 1649 1514 1702 τὸν
1569 1648 1703 1723 μέγα
1731 1651 1828 1701 τοῦ
1858 1646 2031 1719 νόμου

2148 1651 2260 1721 iam
2294 1667 2365 1705 ne
2391 1651 2462 1706 de
2507 1650 2732 1706 caeteris
2762 1651 3001 1722 quidem
3053 1667 3217 1721 spem
3250 1649 3441 1704 latam
3492 1648 3805 1706 baberent-

379 1732 597 1808 θρέμμα
627 1735 715 1789 καὶ
772 1733 1183 1812 μεγαλόψυχον,
1230 1739 1366 1800 τὲως
1419 1738 1511 1810 μὲν
1562 1742 1708 1812 χαρᾷ
1756 1736 1844 1791 καὶ
1874 1732 2030 1814 φόϐῳ

379 1820 687 1894 σύμμικτος
742 1826 832 1894 ἦν,
890 1826 979 1878 καὶ
1038 1823 1133 1880 δύο
1190 1828 1302 1899 (41)
1349 1829 1533 1881 παθῶν
1583 1827 1634 1881 ἐν
1674 1826 2027 1900 μεταιχμίῳ’

378 1916 544 1986 χαρᾷ,
579 1908 667 1965 διὰ
694 1913 794 1981 τὴν
848 1910 1091 1988 ἀνδρείαν
1144 1914 1229 1968 καὶ
1276 1917 1342 1969 τὰ
1400 1915 1652 1991 ὁρώμενα
1679 1934 1691 1946 ·
1735 1909 1911 1993 φόϐῳ,
1945 1912 2033 1969 διὰ

377 1999 439 2052 τὸ
472 1996 703 2071 μέλλον,
734 2001 822 2054 καὶ
851 2002 951 2069 τὴν
984 1998 1295 2078 ὑπερϐολὴν
1327 2009 1434 2058 τῶν
1468 2002 1746 2059 κολάσεων
1780 2023 1792 2036 ⁸
1833 2004 1920 2059 καὶ
1956 2004 2031 2065 ὡς

378 2086 630 2149 νεοσσοὺς
662 2090 771 2161 (42)
802 2087 972 2164 ὅρνις,
1022 2085 1198 2169 ὄφεως
1243 2092 1738 2169 προσερπύζοντος,
1788 2090 1825 2161 ἤ
1883 2114 2030 2155 τινος

381 2173 557 2230 δίλλου
587 2180 695 2231 τῶν
726 2174 1059 2247 ἐπιϐούλων,
1092 2181 1434 2256 περιίπτατο,
1477 2185 1838 2258 περιέτρυζεν,
1884 2184 2033 2251 ἠντι-

382 2258 561 2333 ϐόλει,
609 2267 1027 2341 συνηγωνίζετο,
1082 2269 1135 2322 τί
1198 2271 1291 2342 μὶν
1353 2271 1413 2325 οὐ
1469 2270 1736 2347 λέγουσα;
1796 2272 1847 2325 τί
1880 2269 1937 2325 δὲ
1968 2270 2029 2325 οὗ

381 2352 689 2429 πράττουσα
741 2360 849 2410 τῶν
910 2358 1046 2432 πρὸς
1104 2358 1256 2429 νίκην
1313 2359 1754 2437 ὲπαλειφόντων;
1788 2362 2030 2434 Ἣρπαζε

380 2442 474 2504 τὰς
534 2442 747 2519 ῥανίδας
798 2450 896 2500 τοῦ
954 2444 1204 2519 αἵματος,
1266 2446 1570 2524 ὑπεδάχετο
1626 2449 1691 2503 τὰ
1725 2448 2033 2521 λακίσματα

382 2536 487 2585 τῶν
549 2532 754 2605 μελῶν,
812 2535 1127 2609 προσεκύνει
1184 2539 1252 2591 τὰ
1311 2535 1574 2611 λείψανον
1634 2538 1725 2593 τὸν
1780 2538 1875 2611 μὲν
1910 2558 2032 2591 συν-

385 2618 557 2697 έλεγε,
602 2624 693 2678 τὸν
745 2621 802 2677 δὲ
848 2622 1161 2697 παρεδίδου,
1213 2626 1305 2679 τὸν
1358 2624 1414 2680 δὲ
1456 2629 1867 2703 παρεσκεύαζεν.
1904 2628 2033 2681 Ἐπ-

384 2712 572 2787 εφώνει
603 2718 785 2770 πᾶσιν.
823 2736 850 2765 (ί
902 2714 1057 2789 Εὖγε,
1101 2715 1145 2769 ὦ
1174 2713 1383 2784 παῖδες,
1418 2714 1559 2793 εὖγε,
1591 2717 1827 2792 ἀριστεῖς
1886 2716 2032 2789 ἐμοὶ,

383 2798 521 2875 εὖγε,
552 2801 835 2875 ἀσώματοι
866 2801 1061 2879 σχεδὸν
1117 2804 1167 2859 ἐν
1228 2805 1491 2876 σώμασιν,
1549 2806 1687 2882 εὖγε,
1737 2807 2032 2880 προστάται

381 2894 477 2943 τοῦ
508 2890 716 2963 Νόμου,
747 2891 836 2946 καὶ
866 2899 967 2962 τῆς
998 2892 1135 2966 ἐμῆς
1167 2892 1390 2965 πολιᾶς,
1422 2895 1512 2950 καὶ
1537 2903 1635 2965 τῆς
1687 2895 2030 2971 θρεψαμένης

384 2976 522 3049 ὑμᾶς
584 2982 695 3052 (43)
754 2979 969 3043 πόλεως
1026 2983 1115 3036 καὶ
1176 2983 1251 3045 εἷς
1323 2982 1449 3039 τόδε
1508 2986 1705 3060 ἀρετῆς
1764 2984 2035 3060 προαγού-

381 3085 480 3135 σης
514 3069 648 3139 (44).
695 3073 811 3123 "Eu
865 3071 1078 3146 μικρὸν,
1131 3072 1219 3125 καὶ
1264 3075 1643 3146 νενικήκαμεν.
1687 3077 2031 3146 Κεκμήκασιν

380 3154 432 3208 ol
477 3156 809 3230 βασανισταὶ,
860 3164 1021 3214 τοῦτο
1073 3156 1349 3239 φοϐοῦμαι
1404 3162 1590 3235 μόνον.
1640 3166 1760 3218 Ἔτι
1816 3163 2032 3239 μικρὸν,

376 3245 466 3299 καὶ
502 3248 736 3323 μακαρία
772 3248 866 3321 μὲν
903 3249 953 3304 ἐν
988 3252 1253 3327 μητράσιν
1284 3252 1409 3330 ἐγὼ,
1449 3256 1705 3329 μακάριοι
1764 3252 1820 3309 δὶ
1879 3255 2035 3328 ὑμεῖς

378 3334 429 3391 ἐν
460 3337 623 3400 νέοις.
659 3337 837 3394 Ἀλλὰ
864 3342 1080 3396 ποθεῖτε
1110 3344 1207 3411 τήν
1244 3346 1455 3419 μητερα
1482 3366 1494 3415 ;
1520 3345 1629 3400 Ούκ
1658 3344 2033 3419 ἀπολείψομαι

381 3424 532 3497 ὑμῶν
564 3427 691 3500 (45),
721 3424 883 3481 τοῦτο
919 3428 1044 3501 ὑμῖν
1080 3429 1468 3506 ἑπισχνοῦμαυ
1504 3433 1566 3487 οὐ
1600 3433 1772 3495 οὕτως
1805 3432 1910 3509 ἐγὼ
1945 3456 2034 3507 μι-

382 3533 652 3573 σοτεκνος.
690 3536 717 3563 ››

2062 2228 2110 2293 Β

2139 1741 2212 1794 At
2258 1755 2393 1795 vero
2442 1744 2684 1795 strenua
2732 1745 2939 1806 mater,
2973 1743 3030 1795 et
3076 1754 3208 1794 vere
3257 1737 3493 1793 illorum
3544 1742 3709 1793 tanta
3748 1742 3807 1794 et

2141 1828 2242 1884 tali
2275 1829 2488 1884 virtute
2519 1830 2897 1900 praeditorum
2927 1845 3158 1899 parens,
3200 1826 3319 1899 illa,
3357 1828 3623 1898 inquam,
3658 1844 3805 1899 prai-

2142 1916 2299 1973 clara
2330 1921 2385 1972 et
2438 1918 2813 1989 magnanima
2864 1916 3008 1989 legis
3056 1915 3321 1981 alumna,
3357 1917 3519 1987 prius
3565 1915 3806 1987 quidem

2140 2007 2353 2079 gaudio
2384 2008 2560 2062 simul
2594 2024 2661 2062 ac
2691 2008 2901 2063 timore
2933 2006 3322 2073 afﬁciebatur,
3357 2010 3413 2061 et
3444 2004 3614 2061 anxia
3653 2005 3805 2062 ducs

2142 2094 2293 2151 inter
2325 2096 2565 2151 affectus
2596 2095 2872 2151 haerebat.
2907 2095 3055 2149 Nam
3089 2098 3153 2149 ut
3181 2110 3385 2149 eorum
3435 2092 3801 2162 fortitudine,

2144 2189 2319 2255 atque
2378 2185 2450 2239 iis
2508 2201 2636 2256 quae
2693 2184 2967 2240 cernebat
3024 2183 3179 2239 294
3235 2182 3672 2249 delectabatur;
3724 2182 3807 2238 ita

2140 2291 2371 2339 rursus,
2402 2290 2537 2329 cum
2591 2274 2880 2328 incertum
2914 2288 3123 2344 pugnae
3172 2276 3444 2328 eventum
3489 2271 3804 2327 incredibi-

2140 2362 2371 2434 lemque
2403 2367 2829 2418 tormentorum
2883 2361 3349 2433 magnitudinem
3384 2377 3583 2417 secum
3631 2376 3804 2433 repu-

2145 2457 2311 2521 taret,
2345 2453 2554 2507 timore
2602 2452 2965 2523 angebatur;
2999 2467 3063 2505 ac
3097 2449 3343 2523 proinde
3396 2449 3589 2521 pullos
3640 2467 3805 2507 suos,

2145 2559 2256 2596 non
2293 2558 2461 2596 secus
2494 2548 2669 2611 atque
2700 2539 2947 2605 avicula,
2983 2544 3287 2611 arrepente
3317 2555 3525 2609 angue,
3560 2542 3661 2593 aut
3692 2536 3807 2593 alia

2144 2631 2422 2702 quapiam
2472 2630 2758 2685 insidiosa
2806 2630 2945 2693 fera,
2980 2627 3459 2696 circumvolabat,
3494 2627 3799 2683 stridebat.

2144 2721 2635 2785 obsecrabat,una
2660 2735 2793 2773 cum
2823 2718 2971 2790 ipsis
3002 2718 3281 2773 certabat.
3308 2716 3454 2782 Quid
3490 2716 3645 2772 enim
3678 2720 3806 2771 tum

2142 2811 2337 2880 verbo,
2372 2815 2497 2864 tum
2546 2824 2721 2879 opere
2751 2824 2867 2863 non
2914 2808 3050 2879 egit,
3087 2811 3151 2861 ut
3197 2806 3329 2861 illos
3377 2807 3449 2861 ad
3500 2805 3807 2861 victoriam

2144 2900 2465 2972 paratiores
2514 2897 2943 2969 alacrioresque
2995 2895 3307 2951 redderet?
3337 2896 3573 2952 Cruoris
3609 2898 3810 2967 guttas

2144 2988 2427 3060 rapiebat,
2464 2988 2793 3058 fragmenta
2846 2985 3246 3040 membrorum
3294 2983 3636 3055 excipiebat,
3669 2981 3806 3038 reli-

2145 3077 2316 3148 quies
2347 3075 2770 3140 venerabatur;
2794 3073 2953 3128 hunc
2982 3071 3312 3144 colligebat,
3348 3070 3513 3126 illum
3548 3070 3804 3143 porrige-

2143 3166 2264 3235 bat,
2298 3164 2477 3219 alium
2511 3164 2770 3235 parabat.
2805 3162 3095 3218 Omnibus
3124 3161 3485 3218 acclamabat
3516 3178 3527 3216 :
3562 3182 3591 3209 ‹‹
3626 3160 3806 3231 Euge,

2144 3254 2250 3311 ﬁlii
2282 3254 2419 3316 mei.
2452 3269 2618 3325 euge,
2652 3252 2875 3309 strenui
2909 3252 3022 3307 mei
3057 3250 3295 3317 milites,
3328 3267 3495 3322 euge,
3516 3250 3575 3304 in
3611 3266 3815 3321 corpo-

2146 3345 2311 3400 ribus
2341 3344 2521 3398 ferme
2552 3341 3079 3412 inccrporei,euge,
3115 3339 3276 3412 legis,
3300 3355 3575 3410 cauasque
3606 3354 3811 3394 senec-

2146 3434 2290 3489 tutis
2342 3450 2505 3495 meae,
2538 3436 2714 3501 atque
2762 3430 3033 3496 civitatis,
3081 3445 3210 3500 quis
3257 3444 3358 3483 vos
3408 3427 3579 3492 aluit,
3634 3433 3691 3481 et
3739 3427 3811 3482 ad

2146 3538 2276 3577 eam
2306 3520 2538 3575 virtutis
2584 3518 3054 3590 magnitudinem
3110 3516 3319 3585 evexit,
3374 3515 3713 3586 praesidium
3745 3531 3811 3571 ac

381 3604 914 3675 propugnaculum.
951 3608 1262 3664 Paululum
1310 3612 1513 3681 adhuc,
1548 3617 1606 3667 et
1634 3613 1904 3668 vicimus.
1940 3613 2342 3685 Defatigantur
2369 3611 2693 3673 carnifices,
2727 3610 2836 3665 hoc
2888 3625 3071 3663 unum
3122 3606 3461 3662 extimesco.
3494 3604 3806 3661 Paululum

382 3692 595 3760 adhuc,
630 3697 687 3747 et
716 3709 821 3765 ego
858 3694 1007 3749 inter
1037 3696 1311 3753 mulieres
1361 3700 1550 3765 beata,
1586 3705 1642 3755 et
1671 3718 1771 3757 vos
1820 3702 1972 3756 inter
2000 3702 2401 3757 adolescentes
2432 3699 2606 3754 beati.
2640 3703 2711 3752 At
2744 3699 2990 3753 fortasse
3044 3696 3250 3751 matris
3302 3711 3401 3750 vos
3448 3694 3807 3750 desiderium

381 3781 586 3854 angit?
616 3783 999 3855 Nequaquam
1030 3802 1130 3840 vos
1162 3787 1452 3855 deseram,
1517 3790 1620 3844 hoc
1679 3792 1839 3847 vobis
1874 3790 2149 3861 polliceor
2183 3809 2195 3845 :
2236 3807 2348 3845 non
2384 3794 2505 3843 tam
2536 3787 2752 3842 liberos
2784 3802 2946 3841 meos
2977 3786 3094 3841 odi.
3131 3807 3158 3833 »

452 3872 524 3927 Θ’.
557 3871 706 3925 Ἐπεὶ
740 3867 797 3925 δὲ
842 3869 1204 3936 τελεωθέντας
1253 3873 1389 3929 εἶδεν
1439 3877 1572 3949 (46),
1619 3877 1708 3931 καὶ
1757 3879 1824 3932 τὸ
1859 3878 2027 3955 ἀσφα-

2216 3878 2305 3933 ΙΧ.
2343 3878 2657 3948 Postquam
2691 3880 2888 3930 autem
2921 3891 3124 3930 omnes
3158 3873 3437 3945 martyrio
3470 3873 3812 3945 perfunctos

378 3958 469 4023 λὶς
502 3959 645 4035 εἶχεν
681 3959 732 4015 ἐν
762 3968 863 4031 τῆς
894 3960 1368 4040 συμπληρώσεως,
1404 3964 1630 4041 διάρασα
1656 3968 1756 4036 τήν
1786 3965 2030 4045 κεφαλὴν

2148 3982 2474 4037 ssse,seque
2505 3966 2577 4021 ob
2610 3981 2811 4021 eorum
2846 3968 3093 4019 mortem
3129 3968 3290 4018 metu
3319 3962 3477 4017 omni
3503 3961 3810 4017 liberatam

379 4046 528 4121 μάλα
585 4047 849 4127 φαιδρῶς,
908 4050 1088 4127 ὥσπερ
1145 4074 1228 4114 τις
1285 4056 1398 4127 (47)
1455 4054 1916 4129 Ὀλυμπιονίκης,
1976 4056 2028 4111 ὲν

2148 4057 2303 4122 vidit,
2335 4060 2459 4111 tum
2510 4071 2643 4110 vero
2674 4059 2866 4110 erecto
2910 4054 3122 4124 capite,
3160 4052 3389 4124 ingenti
3439 4068 3573 4106 cum
3607 4050 3813 4106 hilari-

378 4135 578 4212 ὑψηλῷ
623 4143 702 4211 τῷ
749 4142 1055 4217 φρονήματι
1100 4146 1233 4217 (48),
1266 4143 1355 4198 καί
1385 4146 1480 4208 τὰς
1511 4152 1701 4222 χεῖρας
1732 4146 2029 4220 ἐκτείνασα,

2148 4151 2279 4217 tate,
2311 4162 2428 4201 non
2478 4160 2649 4201 secus
2698 4160 2764 4200 ac
2812 4142 3108 4215 quispiam
3165 4141 3225 4196 in
3281 4140 3567 4214 Olympiis
3609 4140 3813 4206 victor,

380 4225 589 4305 μεγάλῃ
644 4230 734 4284 καὶ
794 4228 1022 4307 λαμπρᾷ
1096 4236 1164 4306 τῇ
1220 4237 1396 4311 φωνῆ·
1458 4260 1484 4287 ‹‹
1546 4235 1875 4313 Εὐχαριστῶ
1923 4258 2029 4308 σοι,

380 4317 535 4393 φησὶ,
594 4320 767 4393 Πάτερ
826 4320 961 4397 ἅγιε,
1019 4322 1109 4376 καὶ
1169 4323 1276 4393 σοὶ,
1308 4322 1571 4380 παιδευτᾶ
1601 4326 1755 4400 νόμε,
1805 4327 1893 4382 καὶ
1948 4326 2033 4382 σοὶ

380 4408 548 4479 πάτερ
578 4410 738 4478 ἡμῶν
797 4410 887 4463 καὶ
918 4416 1297 4486 προαγωνιστά
1354 4419 1461 4468 τῶν
1517 4417 1716 4470 τέκνων
1768 4421 1874 4471 τῶν
1925 4421 2032 4471 σῶν

382 4492 668 4582 Ἐλεάζαρ,
720 4495 802 4549 ὅτι
858 4499 948 4551 τὸν
1008 4503 1115 4551 τῶν
1178 4499 1323 4571 ἐμῶν
1372 4501 1581 4557 ὠδίνων
1638 4506 1843 4578 καρπὸν
1903 4527 2037 4582 παρ-

383 4579 647 4655 εδέξασθε,
716 4583 805 4637 καὶ
854 4582 935 4638 ὅτι
989 4588 1173 4659 μήτηρ
1224 4588 1489 4662 ἐγενόμην
1536 4598 1719 4647 πασῶν
1786 4579 2035 4669 μητέρων

380 4670 662 4749 ἱερωτέρα.
714 4671 881 4731 Οὐδὲν
912 4673 1261 4749 ὑπελιπόμην
1289 4680 1400 4751 (49)
1446 4678 1661 4754 κόσμῳ,
1693 4681 1865 4737 πάντα
1922 4687 2038 4755 Θεῷ

595 4831 1062 4913 βατάπληξιξ..ῐη
1096 4834 1248 4913 aliis,
1276 4836 1644 4913 παράπληξις.

594 4906 753 4981 Ὑπὲρ
785 4900 1052 4981 εὐσεϐείαις
1101 4900 1708 4981 ἀγωνιζομένων-,Ἠῶ
1738 4914 1953 4969 desunt
1982 4912 2041 4968 in

381 4978 653 5051 pluribus
676 4978 849 5051 Reg,
881 4980 1052 5034 Coisl.
1086 4978 1271 5045 2,'Or.
1303 4978 1426 5039 Zlet
1457 4984 1583 5039 Par.

454 5051 562 5121 (41)
592 5049 691 5103 Καὶ
716 5048 840 5128 δύο,
868 5054 975 5106 etc.
1010 5051 1236 5128 Billius,
1272 5076 1299 5104 «
1331 5061 1508 5128 atque
1540 5057 1600 5112 in
1632 5057 1880 5113 duorum
1905 5056 2040 5113 affe-

383 5126 585 5177 ctuum
620 5124 874 5178 confinio
907 5123 1098 5194 posita
1129 5130 1272 5180 erat.
1308 5148 1336 5175 ››

455 5194 571 5265 (42)
601 5194 699 5247 Καὶ
750 5195 824 5256 ὡς
868 5193 1302 5271 νεοσσούςηθῐς).
1338 5198 1539 5255 Billius
1574 5216 1586 5254 :
1622 5222 1651 5249 «
1684 5216 1751 5256 ac
1801 5199 2046 5271 proinde

387 5263 661 5335 illos,non
696 5284 864 5342 secus
886 5272 1063 5342 atque
1090 5263 1333 5342 avicula,
1351 5272 1543 5342 pullos
1565 5289 1705 5328 suos
1730 5263 2047 5342 arripiente

389 5352 660 5417 angue,_»_
678 5346 782 5417 etc.
818 5340 979 5417 Hanc
1008 5339 1457 5417 similitudinem
1491 5346 1804 5417 Gregorius
1836 5339 2044 5415 sump-

390 5408 539 5483 sisse
569 5408 811 5483 videtur
831 5411 901 5464 ab
934 5411 1205 5480 Homero,
1237 5414 1395 5483 Iliad.
1435 5432 1495 5483 ιι,
1528 5408 1677 5473 vers.
1711 5417 1817 5473 315
1850 5433 1863 5470 :

391 5478 587 5550 Μήτηρ
671 5479 716 5535 δ’
794 5482 1147 5557 ἀμφεποτᾶτο
1194 5478 1543 5560 τάδυρομένη
1624 5485 1761 5564 φίλα
1842 5483 2048 5564 τέκνα,

1936 5562 2045 5613 etc.

393 5623 571 5675 Mater
627 5627 817 5678 autem
872 5625 1323 5700 circumvolabat,
1358 5630 1547 5701 lugens
1603 5631 1825 5687 dilectos
1883 5559 2045 5701 1ίὲθέ

1913 5704 2045 5771 leta.

2142 4236 2382 4295 sublimi
2441 4235 2658 4301 animo,
2705 4234 3077 4303 extensisque
3132 4231 3429 4299 manibus,
3478 4245 3693 4301 magna
3748 4232 3807 4285 et

2143 4326 2301 4383 clara
2342 4341 2479 4381 voce
2536 4324 2657 4379 haec
2706 4324 2884 4379 verba
2932 4321 3142 4377 habuit
3176 4336 3189 4375 :
3223 4343 3253 4370 «
3286 4319 3515 4375 Gratias
3543 4318 3651 4374 tibi
3682 4334 3811 4391 ago,

2144 4417 2316 4472 Pater
2354 4419 2577 4483 sancte,
2611 4419 2671 4469 et
2698 4413 2827 4479 tibi,
2860 4411 3148 4484 magistra
3179 4410 3289 4479 lex,
3322 4409 3570 4481 tibique,
3605 4423 3817 4479 parens

2145 4510 2346 4562 noster
2373 4510 2426 4560 et
2462 4503 2718 4559 ﬁliorum
2750 4509 2986 4558 tuorum
3019 4502 3078 4556 in
3111 4499 3433 4556 certamine
3483 4503 3817 4553 antecessor

2149 4595 2439 4658 Eleazaro,
2474 4595 2754 4664 quoniam
2805 4606 3072 4645 meorum
3110 4589 3166 4644 in
3216 4588 3497 4658 pariendo
3548 4585 3813 4640 dolorum

2147 4684 2403 4738 fructum
2436 4679 2766 4750 accepistis,
2800 4684 2977 4748 atque
3027 4680 3214 4731 mater
3243 4676 3509 4731 omnium
3559 4679 3814 4728 matrum

2224 4840 2333 4910 (43)
2361 4838 2549 4910 Ὑμᾶς.
2581 4837 2675 4910 Sic
2708 4836 2973 4910 plerique
3004 4834 3176 4910 codd.
3220 4833 3282 4888 In
3314 4831 3631 4910 ed.,_1‘,p'_aic.

2226 4903 2750 5000 (44)111ροαγούσηξ.
2802 4903 3063 4972 Quatuor
3111 4906 3251 4977 Reg.
3309 4908 3366 4960 et
3412 4903 3639 4972 Comb.,
3680 4920 3814 4975 προ-

2154 5002 2491 5058 αγαγουσης·
3422 5044 3455 5056 ..
3773 5044 3783 5054 .

2224 5056 2337 5127 (45)
2363 5055 2559 5125 Ὑμῶν.
2594 5052 2767 5107 Deest
2799 5050 2857 5105 in
2891 5050 3154 5123 quinque
3188 5048 3325 5119 Reg.
3360 5044 3609 5116 aliisque
3632 5042 3818 5115 pluri-

2152 5129 2345 5267 bu(84.6)
2375 5191 2551 5251 Είδεν.
2606 5194 2843 5249 Addunt
2892 5191 3181 5260 nonnulli,
3212 5187 3339 5250 τοὺς
3386 5183 3606 5253 παῖδας,
3661 5208 3688 5239 ι(
3747 5188 3820 5241 ﬁ-

2154 5271 2349 5414 “0&7?
2370 5340 2489 5414 Tm,
2532 5337 2614 5393 Ita
2645 5353 2745 5394 sex
2777 5338 2937 5409 Reg,
2967 5334 3139 5392 Coisl.
3174 5336 3229 5403 2,
3261 5332 3427 5403 Or.2,
3463 5331 3591 5386 Par.
3625 5332 3681 5386 et
3698 5329 3817 5385 Jes.

2157 5411 2381 5470 InVPar.
2418 5411 2533 5476 ed.,
2567 5429 2641 5465 τι.

2204 5473 2715 5567 ,(48)Φρον’ήματι.
2787 5480 2927 5551 Reg.
2996 5496 3048 5545 c,
3114 5473 3447 5551 κηρύγματι,
3523 5494 3546 5523 ε
3612 5487 3819 5544 praeco-

2158 5575 2341 5701 ἑιῗᾷέ)
2370 5622 2769 5701 Ἰςπελιπόμηω
2819 5622 2913 5681 Sic
2943 5622 3081 5696 Reg.
3116 5638 3167 5693 c,
3218 5621 3276 5692 d,
3328 5622 3385 5677 et
3432 5618 3531 5676 Or.
3577 5615 3631 5671 2.
3681 5612 3816 5681 Alii,

2159 5696 2561 5771 ὑπελειπόμην.
