4090 6416
348 458 467 519 929

1177 448 1467 512 ORATIO
1511 448 1643 510 XV.
1681 480 1753 492 ——-
1782 448 1859 508 IN
1910 444 2541 508 MACHABEORUM
2594 446 2938 509 LAUDEM.

3648 446 3771 510 930

348 587 575 662 ἷχῶρσι,
607 583 697 638 καὶ
730 586 848 643 ταῖς
879 580 1029 657 σαρξὶ
1073 581 1169 643 τὰς
1217 579 1446 657 γηραιὰς
1494 577 1707 653 σάρκας.
1772 579 1997 654 Ἀγαπῶ

2132 582 2321 634 :ontra
2350 582 2574 649 septem
2606 578 2783 650 viros,
2816 596 3033 652 eosque
3070 579 3331 636 volentes
3389 582 3505 637 Deo
3561 598 3771 638 conse-

345 674 436 731 διὰ
486 672 616 735 τοὺς
662 668 859 733 παῖδας
910 670 999 724 καὶ
1048 671 1113 723 τά
1141 668 1511 745 κολαστήρια·
1547 668 1591 723 εἱ
1625 665 1681 722 δὲ
1717 668 1791 740 μὴ
1818 671 2002 737 τοῦτο,

346 764 493 819 ἀλλά
516 765 615 833 τήν
647 783 710 836 γε
740 761 887 815 κόνιν
920 764 988 833 τῇ
1038 759 1206 829 κόνει,
1258 758 1347 813 καὶ
1376 760 1545 835 τάφος
1578 760 1653 819 εἷς
1684 760 1832 829 ἡμᾶς
1869 758 2004 809 ὑπο-

350 852 567 926 δὲξηται
618 853 749 923 (63).
798 850 885 917 Μὴ
938 851 1210 925 φθονήσῃς
1257 848 1515 917 τελευτῆς
1556 846 1854 919 ὁμοτίμου.
1885 850 2007 905 τοῖς

354 943 649 1015 ὀμοτιμοις
675 940 774 1008 τὴν
812 940 1025 1013 ἀρετήν.
1059 938 1301 1013 Χαίρετε,
1336 939 1381 991 ὦ
1406 935 1655 1012 μητέρες,
1692 934 1933 1009 χαίρετε,
1959 931 2004 987 ὦ

350 1029 565 1098 παῖδες,
598 1028 783 1089 Οὕτως
817 1027 1095 1105 ἐκτρέφετε
1124 1026 1249 1088 τοὺς
1284 1026 1334 1097 ἐξ
1387 1026 1538 1098 ὑμῶν
1598 1021 1962 1099 προελθόντας
1990 1044 2003 1057 ’

352 1119 524 1179 οὕτως
557 1116 895 1193 ἐκτρέφεσθε.
932 1116 1106 1171 Καλὸν
1154 1113 1461 1189 ὑπόδειγμα
1491 1112 1802 1185 δεδώκαμεν
1837 1112 1965 1183 ὑμῖν
1993 1129 2005 1141 ⁸

2116 668 2290 723 cravi.
2315 669 2523 738 Atque,
2548 673 2614 722 ut
2633 669 2920 725 Jeremias
2946 686 3177 740 quoque
3200 671 3325 741 ipse
3346 670 3490 723 mihi
3509 669 3763 742 elogium

2117 756 2360 811 funebre
2394 756 2723 823 concludat,
2760 775 2874 813 non
2919 758 3151 831 lugens,
3213 759 3313 813 sed
3368 757 3644 814 laudibus
3705 776 3770 813 ac

2118 846 2330 900 faustis
2352 845 2648 900 ominibus
2674 847 2976 916 piumvitae
3001 849 3221 902 exitum
3247 863 3635 919 prosequens.
3660 847 3735 901 Su
3754 878 3772 887 ο

2120 950 2221 1006 per
2243 933 2435 989 nivem
2470 934 2878 1005 splenduistis,
2904 954 3084 1008 super
3113 936 3202 991 lac
3255 936 3549 1007 coagulati
3606 936 3772 1002 estis,

2120 1040 2300 1092 super
2329 1022 2675 1094 sapphirum
2708 1030 2889 1079 coetus
2920 1029 3109 1080 vester
3139 1029 3227 1082 est
3274 1026 3341 1091 τί,
3403 1024 3620 1096 quippe
3673 1023 3773 1095 qui

2121 1112 2236 1166 Deo
2260 1111 2548 1182 progeniti
2577 1118 2752 1183 atque
2774 1113 2951 1168 oblati
2975 1114 3298 1179 estis.Quid
3317 1115 3444 1184 jam
3461 1112 3778 1185 superest?

349 1208 675 1285 ἀγωνίζεσθε
705 1208 842 1279 (64)·
880 1229 907 1256 n

2132 1200 2389 1271 Adjunge
2421 1216 2532 1269 me,
2567 1217 2785 1272 quaeso,
2823 1202 2980 1267 ﬁliis,
3017 1219 3048 1257 0
3071 1210 3338 1275 tyranne,
3368 1202 3417 1257 si
3442 1202 3575 1273 quis
3616 1201 3773 1273 apud

350 1301 550 1356 hostes
583 1313 816 1369 quoque
850 1296 1047 1366 gratim
1078 1295 1240 1350 locus
1269 1300 1378 1359 est,
1410 1299 1476 1349 ut
1505 1292 1796 1348 illustrius
1828 1291 1934 1347 tibi
1985 1291 2093 1345 hoc
2125 1295 2418 1344 certamen
2450 1290 2672 1345 evadat.
2708 1293 2894 1363 Atque
2938 1293 3164 1346 utinam
3222 1291 3364 1346 mihi
3420 1307 3524 1362 per
3576 1292 3779 1347 omnia

354 1408 420 1444 ea
451 1387 764 1459 supplicia,
799 1385 1013 1456 quibus
1044 1384 1126 1439 illi
1159 1385 1346 1441 affecti
1398 1389 1557 1451 sunt,
1592 1383 1844 1455 grassari
1879 1380 2203 1451 contingat,
2239 1383 2296 1433 ut
2330 1377 2554 1432 saniem
2591 1396 2779 1433 meam
2833 1397 2966 1435 cum
3014 1398 3217 1435 eorum
3267 1380 3449 1448 sanie,
3483 1384 3541 1435 et
3571 1396 3782 1435 carnes

352 1482 519 1532 aetate
551 1476 844 1531 confectas
875 1491 1007 1529 cum
1041 1474 1316 1529 carnibus
1348 1474 1785 1528 commisceam.
1820 1471 1964 1525 Nam
2011 1468 2141 1539 ipsa
2175 1482 2410 1538 quoque
2441 1465 2862 1537 suppliciorum
2895 1469 3294 1525 instrumenta
3344 1473 3579 1540 propter
3627 1468 3782 1524 ﬁlios

354 1584 511 1622 amo.
545 1566 707 1627 Quod
742 1564 790 1619 si
822 1563 966 1617 mihi
1012 1580 1125 1618 non
1155 1564 1529 1629 concedatur,
1563 1566 1622 1616 at
1664 1560 1808 1615 illud
1854 1562 2008 1613 certe
2038 1556 2312 1628 Optarim,
2346 1560 2409 1610 ut
2440 1556 2665 1611 cineres
2695 1574 2827 1611 cum
2862 1558 3157 1613 cineribus
3188 1559 3642 1629 conjungantur,
3673 1574 3779 1612 no-

355 1672 501 1727 sque
534 1655 687 1711 296
720 1670 903 1708 unum
953 1653 1227 1723 idemque
1279 1655 1728 1707 monumentum
1776 1647 2046 1719 excipiat.
2080 1645 2208 1701 Noli
2257 1644 2331 1700 iis
2382 1645 2481 1715 qui
2536 1645 2659 1716 pari
2689 1646 2905 1702 virtute
2953 1648 3177 1717 praediti
3223 1651 3380 1715 sunt,
3416 1664 3520 1719 par
3568 1646 3779 1701 mortis

356 1761 542 1817 genus
573 1743 851 1797 invidere.
884 1741 1102 1808 Valete,
1134 1747 1372 1806 matres,
1396 1740 1600 1808 valete,
1634 1739 1762 1793 ﬁlii.
1796 1739 1888 1793 Sic
1920 1754 1953 1791 a
1980 1735 2147 1791 vobis
2180 1738 2497 1806 prognatos
2528 1736 2770 1791 educate
2796 1753 2808 1791 :
2835 1735 2918 1791 sic
2950 1736 3062 1808 ipsi
3094 1736 3427 1791 elucemini.
3462 1734 3778 1791 Pulchrum

352 1833 519 1889 vobis
552 1832 881 1903 exemplum
917 1832 1224 1893 dedimus;
1259 1835 1492 1885 certate.
1523 1853 1548 1877 η

430 1922 481 1977 1’.
517 1923 696 1977 Ταῦτα
752 1918 928 1993 ἔλεγε,
988 1918 1076 1972 καὶ
1133 1918 1439 1989 προσετίθει
1496 1920 1613 1987 (65)
1668 1922 1785 1977 τοῖς
1833 1914 2014 1969 παισὶν

2194 1912 2257 1967 Χ.
2292 1913 2407 1969 Hac
2438 1914 2702 1969 oratione
2752 1914 2971 1983 habita,
3046 1916 3183 1971 ﬁliis
3238 1916 3493 1988 seipsam
3552 1914 3783 1985 adjecit.

358 2010 573 2077 ἑαυτήν.
632 2008 757 2061 Τίνα
805 2007 1005 2082 τρόπον
1035 2026 1048 2073 ;
1092 2013 1178 2067 Ὡς
1206 2006 1292 2060 ἐπὶ
1324 2011 1587 2083 νυμφῶνα
1618 2006 1715 2072 τὴν
1750 2003 2015 2077 π·)ρκαῖάν

356 2096 637 2173 δραμοῦσα
702 2096 922 2169 (ταύτην
984 2097 1084 2171 γάρ
1144 2095 1480 2170 κατεκρίθη),
1543 2094 1632 2148 καὶ
1691 2094 1813 2147 ούθὲ
1888 2091 2017 2153 τοὺς

360 2189 588 2263 ἄγοντας
649 2185 992 2257 ἀναμείνασα,
1048 2182 1138 2239 ⁸ίνα
1200 2182 1340 2257 μηδὲ
1398 2189 1557 2256 σῶμα
1618 2182 1864 2237 ψαύσειεν
1924 2182 2014 2235 ἄν·

357 2294 517 2348 αγνον
550 2270 711 2348 ἁγνοῦ
744 2271 831 2325 καὶ
860 2271 1107 2345 γενναίου
1166 2272 1439 2342 σώματος.
1502 2270 1691 2331 Οὕτως
1747 2268 2018 2323 ἀπέλαυσε

365 2368 464 2429 τῆς
526 2360 838 2433 ἱερωσύνης.
902 2358 1183 2433 Ἐλεάζαρ,
1247 2359 1470 2431 μυηθεὶς
1530 2358 1617 2412 καὶ
1682 2360 1893 2429 μυήσας
1952 2357 2019 2409 τά

364 2448 673 2523 ἰπουράνια,
706 2449 793 2502 καὶ
846 2448 906 2502 ού
954 2453 1070 2509 τοῖς
1103 2446 1291 2517 ἔξωθεν
1327 2448 1640 2522 ῥαντισμοῖς
1668 2446 1759 2501 τὸν
1796 2442 2017 2520 Ἰσραὴλ

365 2538 613 2613 ἁγιάσας,
666 2537 792 2592 ἀλλ’
848 2537 1071 2598 οἷ’κείοις
1130 2534 1341 2609 αἶ’μασι,
1400 2536 1489 2590 καὶ
1529 2537 1762 2605 ποιήσας
1790 2536 1887 2603 τὴν
1941 2554 2020 2588 τερ

372 2627 568 2695 λευτήν
615 2626 924 2681 τελευταῖον
964 2628 1259 2700 μυστήριον
1288 2629 1402 2698 (66)
1430 2666 1442 2679 .
1496 2624 1638 2679 οὕτω
1670 2632 1771 2693 τῆς
1829 2623 2019 2693 νεότη-

371 2736 464 2777 τος
522 2717 573 2769 οἱ
633 2712 843 2784 παῖδες,
906 2715 967 2769 ού
1024 2721 1143 2777 ταῖς
1174 2712 1399 2785 ἡδοναῖς
1432 2712 1840 2786 δουλεύσαντες,
1875 2711 2020 2768 ἀλλὰ

368 2808 475 2859 τῶν
509 2807 693 2858 παθῶν
750 2804 1143 2881 κυριεύσαντες,
1210 2805 1299 2858 καὶ
1354 2804 1418 2859 τὸ
1478 2809 1636 2876 σῶμα
1672 2802 2019 2879 καθαγνίσαν-

370 2913 483 2959 τες,
534 2893 621 2946 καὶ
683 2894 819 2969 πρὸς
878 2894 975 2961 τὴν
1029 2894 1203 2962 ἀπαθῆ
1243 2894 1385 2962 ζωὴν
1423 2893 1791 2966 μεταθέμενοι.
1837 2892 2019 2954 Οὕτως

370 2979 641 3036 ἀπέλαυσε
682 2990 781 3052 τῆς
828 2982 1185 3045 πολυτεκνίας
1228 2986 1262 3052 ἡ
1321 2985 1526 3055 μήτηρ’
1562 2982 1704 3036 οὕτω
1735 2983 1823 3036 καὶ
1859 2986 2017 3050 ζῶσιν

369 3068 806 3143 ἐκαλλωπίσατο,
857 3072 946 3126 καὶ
1010 3071 1303 3127 ἀπελθοῦσι
1381 3071 1852 3126 συνανεπαύσατο’
1926 3070 2018 3133 οὕς

368 3158 625 3233 ἐγέννησε
680 3160 894 3233 κόσμῳ,
966 3159 1083 3233 Θεῷ
1138 3163 1547 3237 παραστήσασα,
1604 3158 1690 3215 καί
1748 3162 1846 3222 τὰς
1904 3160 2020 3214 ἑαυ-

360 3256 464 3318 τῆς
515 3248 714 3310 ὠδῖνας
764 3256 879 3311 τοῖς
928 3250 1117 3312 ἄθλοις
1152 3251 1578 3326 ἀπαριθμήσασα
1608 3252 1742 3323 (67),
1801 3250 2016 3304 καὶτοῦ
2048 3284 2089 3350 C

360 3337 525 3391 τόκου
556 3339 653 3406 τήν
687 3339 1013 3393 ἀκολουθίαν
1062 3346 1178 3401 τοῖς
1210 3341 1458 3403 θανάτοις
1489 3338 1818 3413 γνωρίσασα,
1878 3340 2015 3393 Ἀπὸ

363 3426 466 3498 γάρ
512 3432 608 3479 τοῦ
666 3428 887 3501 πρώτου
942 3432 1048 3480 τῶν
1109 3426 1317 3481 παίδων
1381 3428 1673 3502 μέγριτοῦ
1702 3428 2018 3482 τελευταίου

362 3516 430 3568 τὰ
467 3518 565 3582 τῆς
618 3516 920 3583 ἀθλήσεως,
975 3516 1063 3568 καὶ
1118 3514 1296 3588 ὣσπερ
1330 3515 1381 3569 ἐν
1410 3520 1663 3587 κυμάτων
1726 3515 2016 3570 ἐπαναστά-

366 3622 532 3670 σεσιν,
594 3600 761 3662 ἄλλος
818 3602 899 3654 ἐπ’
949 3602 1107 3673 ἄλλῳ
1153 3603 1251 3669 τήν
1286 3603 1479 3677 ἀρετὴν
1516 3601 1871 3670 ἐπεδείκνυτο,
1929 3605 2017 3659 καὶ

368 3686 444 3749 εἷς
476 3688 536 3741 τὸ
569 3690 799 3764 πάσχειν
831 3692 940 3761 (68)
972 3693 1035 3757 ἦν
1070 3690 1501 3764 προθυμότερος,
1546 3696 1663 3751 τοῖς
1710 3694 1807 3744 τοῦ
1839 3712 2021 3765 προει-

370 3775 610 3852 ληφότος
657 3775 929 3838 κινδύνοις
983 3776 1395 3849 στομούμενος·
1460 3775 1597 3832 ὥστε
1652 3778 1862 3852 ἀγαπᾷν
1923 3780 2015 3834 τὸν

363 3865 641 3940 τύραννον,
694 3866 774 3921 ὅτι
836 3868 909 3938 μή
964 3865 1231 3920 πλειόνων
1282 3866 1515 3941 ἐγεγόνει
1553 3869 1772 3939 μήτηρ·
1803 3867 2014 3939 μᾶλλον

364 3955 469 4029 γὰρ
530 3954 588 4009 ἂν
641 3955 854 4025 ἀπῆλθε
901 3956 1382 4030 κατῃσχυμμένος,
1415 3956 1502 4010 καὶ
1536 3957 1866 4028 ἡττημένος.
1921 3957 2019 4010 Καὶ

361 4043 487 4098 τότε
518 4049 734 4119 πρῶτον
795 4044 955 4120 ἔγνω,
1016 4046 1089 4117 μὴ
1152 4044 1323 4099 πάντα
1362 4050 1477 4106 τοῖς
1533 4043 1728 4106 ὅπλοις
1789 4045 2018 4119 ἰσχύων,

370 4131 534 4185 ὁπότε
581 4134 763 4185 παισὶν
797 4132 1030 4194 ἀόπλοις
1062 4128 1417 4207 προσέϐαλεν,
1454 4134 1529 4187 ὲνὶ
1569 4133 1738 4205 μόνῳ,
1772 4137 1840 4206 τῇ
1874 4132 2017 4187 εὐσε-

360 4213 502 4289 ϐεία,
564 4221 1058 4293 καθωπλισμένοις,
1118 4221 1207 4275 καὶ
1267 4220 1345 4294 τῷ
1402 4223 1575 4277 πάντα
1623 4223 1850 4299 πάσχειν
1884 4244 2021 4297 προ-

361 4310 691 4385 θυμοτέροις
768 4315 901 4383 (69),
961 4310 995 4381 ἥ
1056 4309 1182 4387 δρᾷν
1230 4312 1402 4367 ἐκεῖνο
1460 4317 1567 4385 (70)
1630 4314 2019 4385 παρεσκευάζε-

358 4418 448 4452 το.

2132 2002 2394 2065 Quonam
2443 2008 2609 2074 pacto
2629 2003 2655 2056 ?
2686 2003 2780 2059 Sic
2804 2021 3033 2076 nempe,
3063 2010 3124 2059 ut
3151 2006 3219 2059 ad
3247 2022 3450 2077 rogum
3475 2006 3605 2076 (hoc
3626 2004 3784 2059 enim

2129 2091 2403 2163 supplicii
2427 2108 2639 2163 genere
2672 2091 2921 2147 multata
2953 2093 3187 2162 fuerat),
3234 2110 3348 2147 non
3381 2110 3550 2147 secus
3601 2097 3782 2163 atque

2128 2181 2199 2235 ad
2233 2179 2555 2251 nuptialem
2590 2180 2917 2235 thalamum
2949 2187 3225 2248 curreret,
3271 2198 3336 2237 ac
3365 2198 3436 2236 ne
3475 2182 3781 2236 carnifices

2134 2269 2373 2339 quidem
2401 2273 2786 2339 exspectaret,
2812 2286 2883 2325 ne
2906 2276 3173 2325 sanctum
3201 2275 3258 2324 et
3282 2286 3628 2342 generosum
3658 2287 3781 2325 cor-

2130 2374 2239 2427 pus
2262 2356 2486 2428 profani
2514 2356 2783 2412 homines
2808 2359 3232 2429 contingerent.
3268 2359 3433 2414 Hunc
3463 2359 3775 2414 sacerdotii

2130 2445 2387 2499 fructum
2421 2446 2572 2517 cepit
2602 2444 2935 2515 Eleazarus,
2968 2448 3063 2518 qui
3096 2447 3354 2503 caelestia
3386 2447 3664 2520 mysteria
3688 2448 3778 2503 di-

2132 2534 2350 2589 dicerat
2379 2550 2444 2589 ac
2476 2536 2772 2603 docuerat,
2807 2540 2983 2606 atque
3013 2536 3286 2592 Israelem
3348 2554 3462 2592 non
3518 2538 3777 2592 externis

2132 2623 2594 2694 aspersionibus,
2628 2625 2727 2679 sed
2762 2626 2996 2696 proprio
3045 2642 3249 2680 cruore
3308 2626 3673 2692 lustraverat,
3724 2629 3783 2681 et

2134 2717 2380 2768 mortem
2402 2717 2729 2769 extremum
2754 2716 3097 2785 mysterium
3123 2715 3354 2770 fecerat.
3389 2714 3554 2769 Hunc
3570 2716 3781 2785 juven-

2131 2801 2275 2857 tutis
2307 2802 2564 2857 fructum
2598 2800 2862 2858 tulerunt
2892 2802 3015 2872 ﬁlii,
3048 2803 3148 2874 qui
3207 2820 3321 2859 non
3380 2803 3781 2875 voluptatibus

2133 2891 2542 2955 inservierunt,
2567 2892 2668 2946 sed
2692 2891 3066 2948 turbulentos
3089 2893 3270 2947 animi
3296 2897 3489 2949 motus
3530 2892 3777 2948 rationis

2132 2979 2377 3051 imperio
2409 2985 2904 3050 compresserunt,
2946 2997 3275 3053 corpusque
3306 2998 3339 3037 a
3369 2982 3591 3053 peccati
3648 2998 3774 3035 sor-

2130 3069 2303 3122 dibus
2335 3085 2547 3139 purum
2580 3075 2906 3136 servarunt,
2941 3074 3114 3141 atque
3146 3071 3215 3124 ad
3275 3070 3455 3125 vitam
3490 3088 3521 3125 a
3552 3071 3778 3127 vitiosis

2129 3158 2464 3213 animorum
2496 3159 2961 3229 permotionibus
2991 3159 3234 3215 liberam
3294 3158 3564 3215 translati
3614 3165 3774 3215 sunt.

2130 3246 2246 3302 Hoc
2277 3247 2566 3301 commodi
2600 3262 2668 3301 ex
2701 3246 3010 3318 multiplici
3043 3247 3242 3303 sobole
3273 3248 3425 3320 cepit
3447 3254 3661 3304 mater:
3692 3250 3779 3305 sic

2128 3341 2184 3390 et
2207 3336 2349 3391 vivis
2377 3336 2622 3407 gloriata
2647 3340 2818 3407 est,et
2838 3353 2971 3391 cum
3000 3338 3145 3409 ipsis
3168 3338 3323 3393 diem
3346 3338 3476 3391 vitae
3499 3337 3775 3393 ultimum

2129 3424 2339 3480 clausit
2370 3443 2383 3493 ;
2413 3441 2528 3479 non
2561 3430 2694 3479 ante
2725 3430 2943 3493 tamen,
2979 3442 3179 3497 quam,
3210 3442 3357 3497 quos
3388 3428 3612 3481 mundo
3637 3443 3781 3497 pro-

2129 3518 2442 3581 creaverat,
2487 3514 2599 3567 Deo
2621 3513 3003 3584 exhibuisset,
3030 3515 3382 3585 doloresque
3403 3531 3554 3584 quos
3599 3516 3652 3569 in
3682 3532 3782 3586 pa-

2129 3602 2329 3656 riendo
2350 3602 3082 3673 pertulerat,certaminum
3101 3619 3345 3656 numero
3362 3618 3526 3658 recen
3537 3605 3779 3670 suisset,

2129 3694 2519 3761 partuumque
2550 3689 2759 3743 seriem
2794 3707 2863 3744 ex
2887 3690 3148 3761 ipsorum
3186 3696 3370 3746 morte
3400 3692 3775 3763 recognovis-

2129 3783 2236 3833 set.
2261 3784 2306 3831 Α
2331 3779 2519 3848 primo
2550 3778 2707 3832 enim
2741 3779 2810 3832 ad
2846 3780 3123 3834 ultimum
3149 3797 3359 3852 usque,
3380 3798 3586 3837 omnes
3610 3782 3783 3836 dimi-

2128 3872 2359 3932 carunt,
2391 3867 2661 3937 aliusque
2691 3867 2809 3933 alii,
2844 3867 2999 3922 velut
3029 3868 3086 3923 in
3122 3868 3780 3941 ﬂuctuumjactatione,

2129 3957 2469 4023 succedens,
2502 3957 2735 4011 virtutis
2766 3974 2885 4011 suae
2917 3958 3211 4028 specimen
3237 3959 3574 4026 exhibebat,
3598 3961 3781 4030 majo-

2130 4062 2366 4117 remque
2398 4046 2469 4099 ad
2504 4044 2876 4116 perferendos
2908 4045 3136 4101 dolores
3169 4046 3530 4102 alacritatem
3576 4050 3783 4103 affere-

2131 4136 2250 4199 bat,
2282 4135 2410 4205 ejus
2442 4134 2745 4205 nimirum,
2779 4136 2877 4205 qui
2906 4140 3301 4206 praecesserat,
3333 4136 3607 4207 periculis
3644 4137 3784 4192 inci-

2131 4228 2287 4279 tatus
2304 4228 2358 4276 et
2376 4227 2684 4277 exacutus:
2713 4224 2854 4277 adeo
2878 4228 3240 4295 uttyrannus
3263 4227 3569 4279 commode
3586 4242 3782 4281 secum

2132 4313 2223 4384 agi
2247 4313 2503 4379 duceret,
2529 4315 2685 4383 quod
2712 4330 2826 4366 non
2852 4314 3051 4383 plures
3081 4312 3413 4369 illaliberos
3430 4316 3784 4386 peperisset;

2133 4402 2216 4457 sic
2234 4402 2389 4457 enim
2418 4402 2627 4471 majori
2651 4418 2784 4456 cum
2808 4402 3092 4458 dedecore
3113 4408 3171 4458 et
3193 4402 3357 4458 clade
3395 4402 3784 4459 discessisset.

354 4488 438 4541 Ac
468 4492 592 4541 tum
631 4489 888 4551 primum
924 4506 985 4543 se
1019 4507 1132 4545 non
1166 4493 1366 4547 omnia
1396 4494 1445 4546 vi
1482 4498 1654 4565 atque
1688 4494 1868 4548 armis
1898 4494 2175 4563 consequi
2224 4507 2395 4561 posse
2428 4492 2718 4562 cognovit,
2753 4508 2885 4546 cum
2920 4492 3174 4547 inermes
3205 4509 3416 4564 pueros
3447 4510 3788 4565 oppugnare

357 4591 676 4645 aggressus
709 4581 817 4642 est,
854 4576 996 4631 solis
1031 4579 1263 4647 pietatis
1295 4581 1477 4635 armis
1539 4582 1882 4650 instructos,
1915 4587 2093 4652 atque
2136 4581 2217 4635 ita
2272 4580 2531 4644 affectos,
2561 4584 2626 4635 ut
2655 4580 2728 4634 ad
2760 4581 2977 4650 quaevis
3037 4585 3329 4636 tormenta
3383 4583 3783 4653 perpetienda,

357 4678 541 4734 quam
569 4662 667 4717 ille
696 4664 767 4717 ad
802 4664 1125 4734 inferenda,
1160 4667 1482 4735 paratiores
1514 4675 1730 4723 essent.

436 4750 543 4807 ΙΑ’.
609 4753 778 4804 Τοῦτο
817 4756 916 4819 τῆς
954 4752 1157 4827 Ἰεφθάε
1214 4751 1395 4813 θυσίας
1450 4751 1870 4830 ἀσφαλέστερον,
1927 4753 2014 4810 καὶ

2200 4756 2289 4811 ΧΙ.
2323 4756 2441 4811 Hoc
2473 4754 2727 4823 facinus,
2756 4755 2969 4829 Jephte
3024 4756 3311 4814 sacriﬁcio
3344 4758 3392 4798 ⁷³
3428 4756 3660 4813 cautius
3692 4762 3782 4813 at-

434 4868 476 4902 τί
510 4866 723 4924 Thren.
760 4886 834 4937 ιν,
866 4869 920 4924 7.
998 4869 1043 4903 ⁷³
1073 4868 1259 4925 Judic.
1298 4886 1375 4938 x1,
1406 4870 1477 4925 3O
1508 4886 1672 4942 seqq.

360 4984 549 5126 aé£63)
606 4980 959 5055 Ὑποδὲξηται
1018 4986 1114 5043 Or.
1174 4986 1229 5057 2,
1292 4987 1473 5053 Pass.,
1533 4986 1819 5059 Combet‘.,
1884 4986 2015 5040 ὑπο-

459 5075 592 5110 εται.

459 5075 592 5110 εται.

434 5123 546 5200 (64]
602 5123 920 5202 Δεδώκαμεν
982 5127 1131 5202 ύμῖν·
1197 5126 1542 5202 ἀγωνίζεσθε.
1636 5130 1729 5185 Sic
1816 5128 2015 5202 plures

356 5202 566 5272 Regg.,
599 5201 875 5255 tredecim
906 5201 1091 5268 Colh.,
1128 5200 1298 5272 Cois1.
1336 5203 1360 5255 1
1395 5208 1450 5256 et
1478 5204 1534 5269 2,
1583 5209 1715 5272 etc.,
1753 5200 2015 5272 omissis

356 5270 749 5354 hiis‘vocibu‘s,
781 5273 917 5345 πρὸς
974 5272 1066 5354 τὸν
1123 5270 1305 5345 ἀγῶνα
1360 5272 1455 5354 τὸυ
1513 5271 1681 5327 καλὸν
1742 5270 2011 5354 ἀγωνίςε-

354 5342 499 5415 σθαι,
526 5365 553 5391 ‹‹
589 5348 649 5396 ut
682 5342 901 5400 bonum
933 5342 1225 5399 certamen
1258 5345 1510 5411 certetis,
1547 5367 1575 5394 ››
1607 5363 1730 5415 qua:
1784 5342 1841 5399 in
1890 5346 2012 5399 edi-

355 5413 438 5466 tis
466 5412 760 5484 leguntur.

574 5484 900 5561 Προσετίθει.
938 5486 1077 5561 Reg,
1112 5487 1231 5551 bm,
1264 5486 1580 5561 προσετίθη.

429 5553 542 5625 (66)
602 5553 873 5633 Τελευτὴν
911 5553 1265 5633 ᾲτελὲυταῖονᾹ
1306 5553 1623 5633 μυστήριον.
1688 5560 1781 5633 Sic
1870 5560 2005 5633 Reg.

346 5623 572 5753 plures,
610 5628 876 5682 undecim
902 5628 1083 5711 Colbt,
1116 5623 1378 5713 Coisl.'2,
1538 5634 1572 5685 2
1604 5636 1660 5686 et
1690 5632 1854 5686 Pass.
1887 5623 2011 5718 βίῘ-

376 5713 473 5753 lus
504 5714 606 5753 Dro
636 5699 919 5753 τελευτήν.
952 5698 1092 5753 legit
1122 5719 1256 5753 cum
1290 5705 1481 5753 editis-
1515 5699 1826 5753 τελευταίαν
1878 5702 2010 5753 ηαξ-

376 5698 473 5753 ius
503 5714 606 5771 pro
636 5699 919 5776 τελευτήν,
952 5698 1256 5776 l_egit_cum
1290 5703 1483 5774 editis,
1515 5699 1826 5757 τελευταίαν
1878 5702 2010 5776 ἠμε-

347 5788 475 5855 ραν,
503 5793 530 5821 ‹‹
563 5774 892 5828 extremum
924 5771 1053 5828 vitae
1086 5774 1265 5831 diem.
1300 5796 1329 5825 »

2344 4986 2824 5064 ’Δπαριθμήσασα.
2859 4994 2999 5063 Reg.
3032 4990 3089 5060 d,
3124 4985 3490 5064 ἀριθμήσασα.

2198 5061 2310 5131 (68)
2346 5058 2446 5114 Καὶ
2480 5058 2555 5119 εἷς
2584 5058 2647 5137 τὸ
2678 5058 3103 5137 πάσχεινξ-οιο.
3135 5058 3326 5117 υθθέι
3364 5061 3479 5137 είς,⁸
3520 5065 3580 5119 in
3641 5082 3782 5137 qua~

2124 5134 2259 5185 tuor
2290 5138 2491 5203 Regg.,
2526 5137 2581 5186 et
2611 5133 2667 5187 in
2700 5133 2880 5189 Oti—2.
2918 5134 3018 5188 Alii
3053 5134 3277 5205 legunt,
3308 5134 3403 5187 κπὶ
3437 5133 3514 5195 εἷς
3541 5138 3621 5206 τῷ
3662 5133 3780 5191 ’πάι

2125 5220 2275 5278 σχειν
2313 5206 2681 5276 [perperam].
2717 5206 2949 5278 Nicetes
2982 5206 3039 5278 in
3100 5207 3498 5278 expositione:
3560 5206 3653 5268 Εἷς
3713 5210 3776 5266 τὸ

2126 5273 2355 5349 πάσχειν
2399 5279 2516 5334 τοῖς
2548 5273 2659 5327 τού
2698 5273 3103 5350 προειληφότος
3151 5273 3423 5339 κινδύνοις
3469 5278 3779 5350 στομούμε-

2122 5366 2239 5406 νος.
2266 5348 2305 5396 ⁷‹‹
2333 5348 2805 5420 Praecedentibus
2838 5348 3112 5420 periculis
3144 5352 3475 5418 roboratus,
3504 5348 3779 5408 obﬁrma-

2123 5422 2238 5487 tus,
2274 5419 2343 5474 ad
2382 5420 2724 5489 perferanda
2755 5419 3020 5476 alacrior.
3058 5443 3086 5469 ››

2195 5491 2306 5564 (69)
2344 5489 2803 5564 ΙΙροθυμοτὲροις.
2838 5493 2928 5564 Sic
2987 5491 3157 5547 Coisl.
3218 5494 3273 5564 2,
3335 5498 3393 5548 et
3448 5495 3544 5549 Or.
3601 5497 3656 5549 2.
3718 5497 3779 5550 In

2123 5561 2279 5639 aliis,
2310 5561 2760 5639 προθυμοτὲρως.
2795 5563 2967 5639 Editi,
3002 5561 3433 5639 προθυμότερον.

2194 5633 2732 5709 (70)]ᾒκεῄῖνοςςὲἱο
2763 5652 2864 5690 sex
2895 5633 3058 5709 363.,
3104 5633 3275 5693 Coisl.
3319 5633 3389 5707 ’1,
3449 5636 3544 5692 0r.
3605 5639 3661 5706 2,
3721 5643 3779 5694 et

2120 5702 2299 5762 Pass.
2320 5706 2496 5776 Editi,
2528 5703 2780 5769 ἐκείνοις.
