4090 6466
387 507 508 575 933

1309 498 1598 565 ORATIO
1642 501 1898 563 XVl.—
1926 498 2005 560 IN
2054 498 2373 560 PATREM
2420 494 2874 563 TACENTEM.

3680 506 3803 565 934

394 639 611 711 ζόμενοι
670 640 799 690 πᾶσι
860 631 1047 707 μέλεσι
1104 630 1451 703 πολεμοῦντα
1506 632 1640 703 (82),
1700 628 1787 683 καὶ
1846 624 2101 709 Starpd-A

2153 626 2705 698 cupiditatibus,sed
2735 628 2793 683 in
2826 627 3249 684 certaminibus
3283 627 3566 686 adversus
3588 646 3797 701 pravas

394 749 503 804 ρως
555 726 667 797 (83)
717 721 1001 778 διώκοντα.
1049 724 1209 784 Ποθῶ
1260 719 1363 795 γὰρ
1414 717 1650 787 ἀθλητὰς
1699 716 1867 792 ἔχειν,
1900 716 2036 804 κατὰ

2152 716 2477 771 affectiones
2500 719 2795 788 susceptis
2818 717 2970 773 298
2995 723 3798 791 consumentes,strenueque

392 802 567 871 πάντα
597 813 783 889 καιρὸν
813 812 901 866 καὶ
953 804 1179 886 τρὸπον,
1231 807 1319 862 καί
1366 809 1523 883 γένος
1574 809 1733 875 ἅπαν,
1780 805 1868 860 καὶ
1916 802 2042 874 ἡλι-

393 902 513 957 κίαν
548 901 771 972 ἅπασαν,
819 899 907 953 καὶ
957 900 1201 975 φανερῶς
1250 894 1673 968 πολεμουμὲνην
1715 940 1729 963 ,
1773 892 1860 946 καὶ
1912 893 2043 969 ἀφα-

393 995 500 1052 νῶς
552 984 1080 1059 ἐπιϐουλευομένην⁶
1128 985 1217 1039 καὶ
1274 986 1588 1059 βοηθεῖσθαι
1643 983 1734 1056 μὲν
1784 986 1901 1043 τοῖς
1947 1001 2044 1034 πα-

399 1081 574 1141 λαιοῖς
626 1075 956 1152 διηγήμασι,
1011 1076 1319 1150 βοηθεῖσθαι
1370 1070 1428 1127 δὲ
1457 1073 1546 1127 καὶ
1594 1077 1710 1133 τοῖς
1756 1072 1921 1140 νὲοις,
1952 1069 2042 1123 καὶ

396 1162 750 1242 πανταχόθεν,
797 1160 977 1239 ὥσπερ
1027 1165 1082 1218 αἱ
1139 1162 1410 1237 μέλισσαι,
1465 1160 1750 1235 συλλέγειν
1810 1162 1921 1233 (84)
1978 1158 2045 1212 τὰ

396 1257 798 1332 χρησιμώτατα
843 1253 917 1315 εἰς
965 1254 1081 1314 ἑνὸς
1129 1252 1325 1327 κηρίου
1374 1249 1727 1328 φιλοτεχνίαν
1776 1249 1864 1302 καὶ
1918 1245 2047 1323 γλυ-

394 1346 625 1419 κασμὸν,
652 1342 747 1398 ’ἱνα
775 1343 864 1398 καὶ
913 1340 1001 1397 διὰ
1043 1340 1284 1403 Παλαιᾶς
1334 1340 1424 1394 καὶ
1462 1342 1597 1401 Νέας
1630 1336 1896 1410 εὐδοκιμῇ
1931 1339 2044 1411 (85)

394 1435 525 1496 Θεὸς
576 1433 627 1487 ἐν
658 1435 814 1505 ἡμῖν,
858 1433 886 1487 ὁ
935 1431 986 1486 ἐν
1041 1432 1151 1503 Υἱῷ
1198 1430 1287 1484 καὶ
1339 1430 1610 1502 Πνεύματι
1660 1425 2041 1498 δοξαζόμενος,

391 1523 480 1578 καὶ
508 1522 791 1597 γινώσκων
823 1519 949 1581 τοὺς
983 1516 1178 1586 ἰδίους,
1209 1518 1299 1573 καὶ
1329 1517 1736 1593 γινωσκόμενος
1784 1516 1887 1570 ὑπὸ
1934 1518 2042 1568 τῶν

393 1610 568 1681 ἰδίων,
603 1608 1054 1685 ὁμολογούμενός
1084 1628 1143 1663 τε
1188 1608 1278 1662 καὶ
1329 1606 1647 1682 ὁμολογῶν,
1684 1602 2043 1678 δοξαζόμενος

389 1723 446 1756 τε
471 1700 561 1755 καὶ
594 1697 853 1769 δοξάζων,
887 1699 939 1753 ἐν
967 1697 1113 1769 αὖτῷ
1145 1699 1223 1769 τῷ
1248 1701 1484 1772 Χριστῷ,
1516 1697 1561 1769 ᾧ
1592 1698 1627 1765 ἡ
1662 1692 1788 1765 δόξα
1819 1696 1934 1767 (86)
1968 1692 2042 1753 εἷς

389 1790 516 1852 τοὺς
547 1788 745 1849 αἰῶνας
776 1792 883 1841 τῶν
915 1787 1126 1841 αἰώνων
1161 1789 1294 1860 (87).
1328 1788 1525 1858 Ἀμήν.

2148 821 2283 859 cum
2315 806 2659 876 quotidiano
2692 813 2892 861 nostro
2925 807 3209 861 Antiocho
3242 807 3643 879 conﬂigentes,
3698 810 3798 879 qui

2151 895 2432 949 membris
2456 894 2730 949 omnibus
2764 896 2981 950 bellum
3014 894 3209 966 infert,
3238 912 3420 966 eaque
3451 896 3627 951 variis
3676 914 3800 953 mo-

2150 982 2241 1037 dis
2273 985 2662 1053 persequitur.
2697 984 2963 1038 Athletas
2995 983 3151 1038 enim
3187 985 3392 1054 quovis
3425 990 3687 1057 tempore
3736 1002 3802 1040 ac

2153 1071 2345 1137 modo,
2372 1087 2440 1125 ex
2462 1072 2622 1125 omni
2656 1089 2794 1127 sexu
2830 1078 2887 1126 et
2919 1076 3107 1139 atate,
3144 1072 3262 1126 sive
3287 1078 3491 1143 aperto
3526 1073 3680 1129 bello
3712 1073 3801 1129 la-

2151 1160 2607 1227 cessantur,sive
2638 1161 2883 1215 occultis
2915 1160 3147 1216 insidiis
3178 1148 3551 1231 appetuntur,
3586 1161 3802 1218 habere

2153 1248 2357 1318 cupio;
2383 1264 2450 1303 ac
2481 1253 2606 1303 tum
2632 1250 2840 1320 priscis
2874 1255 2997 1304 tum
3032 1251 3368 1304 recentibus
3400 1250 3661 1306 historiis
3694 1253 3804 1307 ad-

2153 1337 2359 1406 iuvari,
2411 1342 2584 1407 atque
2631 1355 2809 1409 apum
2865 1339 2979 1393 ritu
3028 1339 3099 1392 ad
3132 1338 3401 1393 solertem
3464 1341 3642 1395 unius
3692 1340 3805 1395 favi

2153 1425 2593 1495 coniectionem,
2625 1433 2681 1481 et
2730 1428 3101 1496 suavitatem,
3181 1427 3496 1483 utilissime
3558 1445 3809 1500 quaque

2155 1513 2448 1585 colligere,
2472 1519 2535 1569 ut
2565 1520 2622 1569 et
2655 1531 2756 1586 per
2784 1519 2964 1570 Vetus
2996 1521 3054 1570 et
3084 1532 3186 1587 per
3206 1516 3431 1571 Novum
3463 1518 3812 1573 Testamen-

2155 1608 2282 1657 tum
2307 1608 2457 1658 Deus
2488 1603 2547 1657 in
2582 1604 2751 1659 nobis
2783 1604 3127 1672 celebretur,
3161 1605 3256 1673 qui
3279 1604 3339 1659 in
3375 1606 3539 1673 Filio,
3564 1607 3812 1678 Spiritu-

2156 1708 2269 1763 que
2300 1696 2501 1747 sancto
2534 1692 2979 1763 gloriﬁcatur,et
3006 1694 3306 1765 cognoscit
3337 1711 3496 1763 suos,
3531 1700 3588 1750 et
3619 1714 3652 1751 a
3682 1696 3808 1753 suis

2155 1781 2529 1852 cognoscitur
2552 1782 2680 1849 ",et
2708 1782 3053 1837 conﬁtentes
3086 1799 3147 1837 se
3179 1784 3488 1839 confitetur
3509 1785 3573 1852 ⁷⁸,
3605 1789 3661 1839 et
3679 1784 3808 1857 glo-

389 1883 690 1938 riﬁcantes
721 1879 1092 1953 glorificat",
1124 1878 1181 1933 in
1214 1879 1343 1949 ipso
1374 1876 1623 1944 Christo,
1657 1876 1748 1930 cui
1783 1873 1972 1946 gloria
2000 1873 2061 1927 in
2092 1870 2305 1928 saecula
2337 1870 2703 1927 saculorum.
2740 1876 2934 1927 Amen.

461 2026 504 2060 ⁷⁷
534 2024 703 2080 Joan.
736 2040 792 2093 x,
826 2023 913 2077 14.
990 2023 1034 2057 ⁷⁸
1066 2021 1273 2077 Matth.
1305 2038 1361 2086 x,
1393 2022 1482 2075 32.
1560 2022 1604 2055 7°
1638 2022 1657 2074 Ι
1693 2020 1832 2091 Reg.
1862 2035 1925 2088 ιι,
1957 2017 2049 2072 30.

464 2167 575 2239 (82)
608 2161 964 2239 Πολεμοῦντα
994 2165 1114 2239 Jes.
1148 2167 1532 2239 τυραννοῦντα.

626 2229 929 2327 ΔΙιαφὶίρως.
976 2229 1255 2308 Chrysan.
1318 2241 1375 2292 et
1404 2236 1547 2305 Jes.,
1588 2231 1795 2289 ἄλλοτε
1853 2229 2041 2293 ἄλλως

389 2306 923 2453 κα(8ἒ)αέᾔςιίλ³ἔγειν.
960 2380 1017 2432 In
1051 2378 1425 2449 quibusdam,
1460 2376 1727 2450 συνάγειν.

2232 2163 2345 2233 (85)
2378 2156 2680 2233 Εῷδοκιμῇ.
2716 2160 2899 2231 Pass.,
2933 2155 3288 2233 εὐδοκιμήσῃ.

2189 2308 2200 2320 _
2224 2230 2336 2305 (86)
2373 2230 2527 2301 Δόξα.
2561 2230 2653 2286 0r.
2682 2233 2717 2285 2
2743 2233 2925 2299 addit,
2949 2230 3038 2284 καὶ
3070 2230 3131 2284 τὸ
3162 2230 3381 2306 κράτος.
3416 2257 3444 2284 ‹‹

2153 2323 2338 2450 mith
2369 2324 2492 2431 'i‘c‘bv
2524 2372 2760 2427 αἰώνων.
2793 2374 2883 2428 Sic
2916 2374 3055 2446 Reg.
3090 2376 3212 2431 bm.
3248 2377 3421 2432 Deest
3450 2378 3507 2433 in
3542 2379 3630 2435 ed.

3505 2240 3562 2288 et
3620 2238 3804 2310 impe-

1106 2613 1258 2670 ²⁹⁹
1318 2623 1876 2710 MONITUM
1934 2624 2049 2710 IN
2106 2620 2802 2709 ORATIONEM
2859 2620 3100 2705 XVI.

470 2914 516 2972 1.
566 2916 717 2972 Cum
776 2911 1071 2972 Tiberina
1122 2910 1315 2989 regio,
1377 2909 1485 2969 ubi
1542 2909 1791 2969 Arianzi
1849 2927 2097 2990 pagus,
2134 2908 2418 2987 Gregorii
2474 2908 2683 2968 natale
2730 2906 2971 2990 solum,
3033 2907 3321 2987 plurimis
3380 2928 3453 2971 ac
3514 2910 3811 2990 gravissi-

397 2993 512 3051 mis
587 2994 889 3052 afﬂictata
964 2998 1126 3052 esset
1200 2988 1702 3061 calamitatibus,
1778 2988 1861 3049 in,
1902 2989 2163 3049 miseria
2239 2989 2607 3062 cumulum,
2686 2988 2899 3048 vineas
2953 2995 3017 3049 et
3072 2996 3350 3050 maturas
3403 2988 3537 3069 jam
3596 2995 3807 3068 fruges

394 3073 585 3131 tristis
642 3074 883 3149 grando
939 3074 1389 3133 demessuerat.
1452 3074 1567 3131 Tot
1627 3072 1941 3148 tantisque
1996 3071 2212 3130 territa
2271 3070 2562 3148 periculis
2632 3070 3021 3128 Nazianzena
3095 3070 3270 3147 plebs
3330 3073 3409 3130 ad
3470 3080 3810 3150 utrumque

394 3154 785 3230 Gregorium,
850 3160 1151 3233 tanquam
1205 3154 1285 3213 ad
1342 3151 1727 3233 tutissimum
1776 3158 2058 3233 portum,
2120 3151 2500 3233 convolavit.
2562 3152 2687 3233 Has
2742 3158 2952 3233 autem
3012 3151 3404 3211 calamitates
3459 3171 3601 3213 cum
3659 3156 3809 3233 Gre-

394 3235 608 3311 gorius
664 3235 916 3305 senior,
980 3230 1076 3295 _ob
1148 3234 1365 3313 populi
1422 3231 1697 3305 scelera,
1770 3232 2085 3291 immissas
2140 3232 2423 3303 doleret,
2500 3230 2757 3291 studens
2813 3231 2946 3307 ipse
3015 3249 3149 3370 Era
3211 3233 3507 3294 maestitia
3563 3232 3808 3293 silebat.

395 3314 755 3370 'l‘heoloa‘us
812 3333 1001 3370 vero.
1083 3316 1226 3370 licet
1281 3313 1550 3370 invitus.
1633 3312 1834 3370 nlebis
1890 3332 2079 3370 suasu
2138 3312 2203 3370 in
2265 3312 2539 3370 medium
2600 3312 2935 3370 nrodiens.
3062 3329 3179 3370 anc
3237 3313 3318 3370 ad
3390 3315 3808 3370 Nazianzenos

395 3314 755 3392 'l‘heologus
812 3333 1001 3387 vero,
1082 3316 1226 3374 licet
1281 3313 1550 3387 invitus,
1633 3312 1834 3391 plebis
1890 3332 2079 3373 suasu
2138 3312 2203 3371 in
2265 3312 2539 3372 medium
2598 3312 2935 3392 prodiens,
3015 3312 3179 3371 hanc
3237 3313 3318 3372 ad
3390 3315 3815 3375 Nazianzenos

392 3391 743 3455 orationem
803 3395 1046 3455 habuit.
1123 3400 1415 3473 Optasset
1474 3392 1726 3471 quidem
1805 3393 2029 3461 silere,
2108 3399 2350 3469 patrem
2428 3398 2643 3473 autem
2718 3391 2893 3473 loqui
2946 3410 2961 3462 ;
3007 3392 3245 3473 idque
3299 3393 3435 3471 ipso
3512 3394 3814 3454 orationis

393 3477 651 3534 exordio
712 3477 1061 3551 profitetur.
1123 3471 1394 3545 verum,
1464 3473 1570 3532 ubi
1628 3476 1860 3532 frustra
1918 3473 2221 3547 tentavit,
2300 3473 2433 3551 ipse
2492 3471 2572 3531 ad
2630 3471 3099 3549 investigandas
3155 3471 3533 3533 calamitatis
3589 3492 3811 3534 causas

393 3550 818 3623 convertitur,
881 3572 1111 3631 easque
1170 3556 1359 3631 longa
1416 3570 1489 3610 ac
1549 3553 1881 3629 multiplici
1940 3550 2375 3631 peccatorum,
2438 3570 2580 3628 qua
2640 3551 2748 3610 Dei
2802 3552 2960 3611 iram
3022 3550 3485 3624 excitaverant,
3547 3572 3807 3614 enume-

395 3634 668 3699 ratione,
731 3630 1027 3709 exponit.’
1076 3634 1309 3691 Deinde
1368 3631 1791 3691 Nazianzenos
1848 3630 2173 3704 hortatur,
2239 3638 2336 3703 ut,
2398 3631 2636 3709 peccati
2693 3631 2871 3707 fuga,
2936 3630 3262 3709 lacrymis,
3323 3634 3809 3710 compunctione

396 3712 603 3771 cordis
661 3729 733 3769 ac
812 3713 1100 3789 precibus
1174 3714 1253 3770 ad
1311 3711 1587 3769 divinam
1663 3711 2120 3787 benignitatem
2196 3711 2589 3787 confugiant.
2652 3713 2981 3791 Demum,
3029 3730 3333 3771 conversa
3404 3716 3481 3771 ad
3565 3720 3808 3791 patrem

397 3792 705 3861 oratione,
768 3809 913 3852 eum
975 3797 1188 3869 rogat,
1255 3797 1321 3850 ut
1376 3791 1509 3868 ipse
1568 3791 1870 3868 p0pulum
1928 3791 2206 3859 erudiat,
2267 3792 2618 3867 doceatque
2680 3813 2709 3844 «
2759 3791 2869 3849 illa
2926 3790 3176 3867 pietatis
3235 3810 3306 3851 ac
3365 3790 3808 3854 misericordia

397 3873 628 3943 ofﬁcia,
688 3872 920 3949 quibus
978 3875 1142 3933 Deus
1202 3872 1400 3948 magis
1456 3889 1649 3947 quam
1707 3870 1995 3949 pluribus
2052 3870 2477 3931 oblationibus
2531 3871 2880 3929 delectatur
2936 3870 3022 3947 (n.
3084 3871 3207 3950 20).
3256 3895 3285 3927 ι

477 3952 553 4012 ΙΙ.
621 3952 875 4012 Moralis
932 3958 1024 4012 est
1080 3958 1143 4013 et
1216 3951 1500 4012 suasoria
1576 3950 1710 4011 hac
1767 3952 1992 4011 oratio.
2054 3953 2211 4011 Mira
2274 3953 2336 4009 in
2394 3969 2469 4011 ea
2515 3950 2747 4032 gelucet
2820 3952 3067 4010 dicendi
3124 3953 3347 4030 copia,
3422 3952 3813 4032 eximiusque

396 4032 732 4091 verborum
794 4040 855 4095 et
902 4032 1357 4093 sententiarum
1406 4032 1469 4089 in
1522 4049 1652 4091 rem
1703 4050 1880 4091 suam
1929 4050 2006 4092 ex
2051 4032 2390 4109 Scripturis
2433 4030 2733 4091 delectus.
2785 4032 2965 4091 Dicta
3012 4032 3259 4092 videtur
3311 4034 3517 4093 medio
3567 4030 3815 4094 circiter

399 4129 565 4192 anno
623 4115 741 4173 373
804 4133 816 4174 :
896 4114 1133 4192 quippe
1190 4131 1331 4191 qua
1390 4110 1640 4189 incepto
1709 4113 1844 4190 jam
1903 4113 2122 4173 eodem
2184 4130 2393 4187 anno,
2474 4118 2535 4171 et
2599 4113 2819 4171 saltem
2896 4116 3041 4171 ante
3112 4113 3387 4172 medium
3447 4115 3595 4174 anni
3651 4118 3807 4187 374,

397 4190 617 4274 haberi
675 4190 933 4254 debuit.’
976 4190 1311 4273 Gregorius
1366 4193 1672 4271 siquidem
1736 4194 2063 4274 posterrin
2123 4192 2242 4251 hac
2298 4193 2579 4252 oratione
2650 4192 3012 4274 episcopum
3087 4201 3301 4272 aperte
3375 4212 3439 4254 se
3523 4195 3733 4274 prodit
3794 4214 3809 4257 :

400 4272 743 4354 «loquere,
780 4298 809 4329 »
862 4274 1071 4353 inquit
1099 4262 1365 4334 vPatrem
1411 4262 1755 4351 a'lloquens’
1788 4274 1877 4352 (n.
1929 4273 2014 4353 4),
2070 4274 2408 4354 «loquere,
2461 4262 2707 4350 quaso:
2750 4262 2880 4331 etsi'
2920 4262 3222 4351 paucai...
3276 4275 3454 4335 Hunc
3504 4262 3808 4354 populum

399 4353 551 4413 mihi
623 4372 970 4432 compone,
1049 4355 1307 4415 alumno
1364 4355 1711 4432 disciplina
1771 4362 1933 4426 tua,
2021 4353 2247 4413 deinde
2306 4356 2587 4431 pastori,
2666 4371 2832 4412 nunc
2887 4360 3099 4413 autem
3179 4353 3515 4432 pastorum
3563 4353 3817 4434 quoque

399 4434 755 4510 principi.»
812 4436 989 4496 Unde
1046 4437 1327 4513 profecto
1386 4436 1789 4495 manifestum
1848 4440 1979 4515 est,
2014 4433 2179 4494 hanc
2238 4451 2276 4493 a
2325 4434 3391 4515 Gregoriowscriptamdictamque
3439 4433 3813 4509 orationem,

394 4530 516 4569 non
584 4519 827 4572 tantum
911 4520 1245 4591 postquam
1308 4522 1708 4574 consecratus
1763 4524 1855 4574 est
1888 4514 2257 4592 episcopus,
2332 4532 2499 4574 anno
2555 4514 2793 4573 scilicet
2851 4514 3055 4574 medio
3112 4514 3303 4586 372(
3348 4535 3563 4576 verum
3624 4519 3813 4577 etiam

408 4597 551 4674 post
605 4600 957 4674 susceptam
1015 4593 1095 4651 ab
1152 4613 1227 4653 eo
1284 4595 1687 4653 Nazianzena
1748 4595 2039 4654 Ecclesia
2099 4611 2225 4652 una
2278 4610 2418 4651 cum
2482 4600 2656 4670 patre
2714 4594 3365 4668 administrationem,
3446 4597 3615 4673 quod
3675 4598 3815 4674 qui-

394 4671 535 4732 dem
598 4672 859 4750 contigit
911 4679 1180 4732 exeunte
1238 4691 1404 4732 anno
1459 4677 1617 4745 3'12,
1698 4674 1796 4732 vel
1854 4674 2062 4751 potius
2120 4674 2374 4731 ineunte
2433 4674 2573 4731 373.
2634 4676 2769 4731 Non
2844 4680 3049 4749 potest
3106 4676 3294 4735 etiam
3354 4671 3589 4735 diil‘erri
3649 4671 3817 4736 ultra

398 4752 668 4812 medium
729 4771 963 4812 annum
1023 4753 1162 4812 374.
1226 4754 1469 4812 Etenim
1530 4754 1853 4833 Gregorio,
1888 4754 2016 4833 filio
2074 4752 2305 4833 dicenti
2354 4752 3039 4833 interfuit_Gregorius
3097 4762 3298 4832 pater,
3361 4756 3471 4832 qui
3526 4758 3813 4833 sequenti

396 4850 610 4893 mense
686 4836 907 4893 Martio
984 4833 1080 4893 vel
1154 4833 1353 4911 Aprili
1423 4832 1573 4892 anni
1628 4836 1745 4893 374
1801 4832 1977 4893 obiit.
2058 4834 2206 4892 Hac
2280 4831 2475 4909 igitur
2531 4831 2733 4892 oratio
2792 4835 2871 4891 ad
2938 4831 3174 4893 annum
3231 4831 3477 4895 circiter
3534 4831 3811 4896 medium

392 4914 511 4973 373
572 4913 795 4975 merito
854 4914 1165 4993 pertinere
1223 4913 1490 4973 videtur.

2570 5208 3035 5304 ORATIO
3121 5212 3338 5307 XVI
3361 5226 3418 5305 ⁸.

2250 5408 2312 5463 In
2340 5411 2555 5479 patrem
2584 5414 2852 5464 tacentem
2879 5411 3105 5480 propter
3126 5411 3350 5481 plagam
3384 5411 3691 5481 grandinis.

913 5235 1316 5332 ΛΟΓΟΣ
1421 5220 1534 5332 Ιζ.

512 5402 606 5468 Εἷς
633 5408 724 5462 τὸν
901 5407 1106 5481 πατέρα
1136 5412 1427 5486 σιωπῶντα
1460 5405 1550 5465 διὰ
1578 5409 1678 5480 τήν
1708 5408 1928 5486 πληγὴν
2076 5416 2123 5481 Β

1011 5480 1112 5549 τῆς
1145 5480 1418 5557 χαλάζης.

474 5585 553 5638 Λ¹.
585 5580 646 5637 Τί
676 5578 831 5638 λύετε
851 5584 995 5654 τάξιν
1028 5586 1425 5661 ἂπαινουμὲνην
1458 5605 1473 5658 ;
1506 5587 1559 5643 τί
1595 5587 1842 5663 βιάζεσθε
1871 5586 2057 5664 γλῶσ-

2244 5588 2287 5642 Ι.
2319 5586 2468 5653 Quid
2490 5584 2846 5641 laudabilem
2868 5588 3133 5644 ordinem
3167 5590 3578 5659 solvitis?Quid
3600 5591 3816 5664 lingua

469 5742 689 5819 «ﬁlias
748 5745 870 5819 X_V,
932 5764 1061 5819 qua
1117 5755 1314 5807 autem
1364 5751 1433 5807 46
1491 5754 1634 5819 erat,
1678 5768 1758 5807 nu
1875 5751 1961 5808 14.
1993 5782 2065 5795 --

2244 5749 2357 5823 (88)
2389 5745 2483 5810 Εἷς
2515 5743 2627 5818 τόν,
2659 5750 2772 5804 etc.
2809 5747 2905 5805 Sic
2927 5748 3066 5825 Reg.
3098 5752 3223 5827 bm,
3255 5752 3357 5828 ph.

405 5813 620 5875 Habita
651 5817 845 5878 medio
877 5813 1109 5879 circiter
1132 5840 1289 5881 anno
1310 5823 1437 5885 373.
