4090 6416
328 415 445 476 937

1258 391 1555 456 ORATIO
1598 388 1757 449 XVI.
1783 418 1857 432 —
1885 386 1964 446 ΙΝ
2008 382 2334 446 PATREM
2379 386 2823 450 TACENTEM.

3630 388 3751 450 938

325 550 433 602 τῶν
480 542 687 620 τάφων,
755 535 873 592 ὅσοι
936 534 1005 588 τὰ
1069 528 1257 601 ἔξωθεν
1331 522 1479 587 ὄντες
1549 522 1835 597 εὐπρεπεῖς
1890 518 2019 601 καὶλ

2117 518 2389 593 ιερὶθηῐὶει
2419 526 2675 593 praestat,
2720 524 2814 579 hic
2865 526 3011 581 mihi
3062 526 3297 598 sapiens
3347 529 3459 592 est,
3510 540 3616 581 nec
3648 523 3748 597 qui

325 606 785 711 ὡραῖοι,⁸μυδῶσι
839 628 1052 701 νεκροῖς
1104 622 1171 675 τὰ
1217 615 1388 685 ἔνδον,
1439 616 1527 670 καὶ
1587 609 1804 680 πολλὴν
1856 606 1981 711 δυσῑ

323 697 490 780 ωέίαν
528 697 1065 796 ’περικαλύπτουσιν
1127 708 1253 765 ἀλλ’
1311 705 1460 767 ὅστις
1512 700 1678 777 ὀλίγα
1856 697 1981 773 περὶ

323 814 519 891 ἀρετῆς
559 788 868 889 φθέγγεται,
922 800 1104 891 πολλᾲ
1138 797 1202 891 ,δὲ
1228 798 1308 891 οἷς
1342 788 1982 891 ένεργεῖἠπαραδείκνυσι,

326 879 416 960 καὶ
462 879 525 957 τὸ
572 879 889 971 ’ἀξιοπιστον
947 897 1025 965 τῷ
1084 888 1234 965 λόγῳ
1285 885 1374 942 διὰ
1410 888 1507 941 τοῦ
1544 883 1663 959 βίου
1693 879 1986 958 προστίθη-

326 1014 429 1049 σιν.

2093 611 2239 665 301
2282 609 2591 667 volubilem
2616 614 3500 689 quidcmlinguam,instabilem
3530 632 3666 671 vero
3694 616 3751 670 et

2092 699 2434 772 imperitum
2458 700 2724 759 animum
2741 703 2939 774 habet,
2957 705 3075 763 illis
3095 707 3297 779 utique
3329 704 3615 778 sepulcris
3632 721 3749 760 non

2094 788 2706 862 absimilis,quaa,cum
2730 794 2870 851 foris
2884 796 3129 867 pulchra
3140 801 3197 853 et
3217 798 3427 854 decora
3443 795 3749 862 sint,intus

2092 883 2291 936 tamen
2318 881 2696 939 cadaveribus
2736 887 2962 941 scatent
2982 888 3047 953 87,
3070 892 3246 957 atque
3284 888 3583 958 ingentem
3610 883 3752 939 feto-

2094 988 2218 1028 rem
2250 972 2531 1046 obtegunt
2560 990 2573 1030 :
2604 991 2806 1031 verum
2839 978 2913 1046 is,
2945 979 3043 1049 qui
3066 996 3253 1051 pauca
3283 979 3520 1050 quidem
3536 978 3607 1033 de
3639 974 3750 1031 vir-

330 1090 454 1142 tute
485 1083 661 1139 verba
692 1079 850 1147 facit,
884 1075 1071 1133 multa
1099 1088 1233 1129 vero
1264 1068 1539 1142 operibus
1569 1066 1820 1135 exhibet,
1854 1065 2032 1120 ﬁdem
2062 1066 2118 1119 et
2148 1066 2553 1122 auctoritatem
2584 1068 2841 1124 sermoni
2872 1086 2977 1125 suo
3002 1086 3105 1141 per
3132 1071 3310 1125 vitam
3346 1068 3640 1125 conciliat.

396 1180 467 1229 1".
554 1169 823 1247 Κρείσσων
918 1162 1041 1237 ἐμοὶ
1118 1158 1421 1247 εὐμορφίαν
1464 1153 1978 1247 θεωρουμένηῌ

324 1261 378 1318 ἐν
426 1265 505 1335 (1)
576 1240 731 1332 λόγῳ
802 1250 1289 1328 ζωγραιρουμένης⁸
1332 1246 1431 1335 ,καὶ
1489 1247 1749 1335 πλοῦτος,
1809 1240 1865 1297 ὅν
1914 1242 1980 1335 ἀἱ

323 1331 505 1428 χεῖρες
538 1331 781 1424 ἔχουσιν,
812 1345 847 1413 ἢ
881 1344 937 1397 δν
972 1342 1025 1395 οἱ
1055 1338 1255 1413 ὄνειροι
1287 1334 1634 1391 πλάττουσιν·
1668 1332 1757 1388 καὶ
1798 1331 1978 1408 σοφία,

324 1420 434 1515 eux:
462 1442 497 1507 ἡ
528 1420 606 1508 si};
653 1434 805 1510 λόγῳ
850 1434 924 1506 (2)
976 1426 1426 1504 λαμπρυνομένη,
1459 1423 1603 1515 ,ἀλλ’
1650 1426 1686 1493 ἡ
1729 1420 1818 1477 διὰ
1872 1424 1978 1475 τῶν

323 1528 493 1604 ἔργων
552 1523 918 1599 ἐλεγχομένη,
980 1519 1200 1579 Σύνεσις
1268 1517 1371 1592 γὰρ
1446 1514 1623 1590 ἀγαθή
1682 1517 1813 1604 πᾶσι
1862 1516 1982 1572 τοῖς

323 1601 570 1672 ποιοῦσιν
623 1613 813 1681 αὐτὴν,
867 1609 1052 1688 φησὶν,
1116 1605 1241 1662 ἀλλ’
1300 1604 1366 1659 οὐ
1422 1610 1540 1665 τοῖς
1590 1601 1980 1679 κηρύττουσινο

324 1706 525 1776 ταύτης
576 1701 634 1757 δὲ
681 1700 911 1776 βάσανος
961 1692 1323 1774 ἀκριϐεστάτη
1373 1701 1473 1763 τῆς
1524 1692 1713 1770 σοφίας
1756 1690 1983 1767 χρόνος,

325 1792 416 1849 καὶ
474 1792 731 1868 στέφανος
791 1782 960 1848 ὅντως
1015 1792 1191 1859 γῆρας
1248 1784 1596 1857 καυχήσεως.
1659 1779 1719 1835 Εἰ
1759 1780 1863 1855 γὰρ
1922 1777 1983 1833 οὐ

328 1884 441 1958 χρὴ
506 1866 817 1955 μακαρίζειν
870 1876 976 1951 πρὸ
1032 1872 1291 1941 τελευτῆς
1337 1873 1639 1947 ἄνθρωπον,
1674 1869 1749 1931 ὡς
1810 1866 1985 1923 Σολο-

333 1974 501 2046 μῶντι
531 1969 700 2043 κάμοὶ
746 1966 914 2037 δοκεῖ,
966 1966 1054 2019 καὶ
1104 1961 1312 2034 ἄδηλον
1360 1961 1389 2017 6'
1427 1962 1573 2037 παρὰ
1599 1963 1697 2028 τῆς
1732 1958 1989 2029 ἐπιούσης

329 2064 678 2139 τεχθήσεται,
706 2056 923 2119 πολλὰς
957 2058 1190 2133 στροφὰς
1222 2053 1456 2130 ἐχούσης
1504 2056 1664 2127 ἡμῶν
1712 2056 1811 2121 τῆς
1842 2050 1989 2106 κάτω

335 2158 507 2222 ζωῆς,
559 2150 649 2205 καὶ
702 2149 799 2204 τοῦ
856 2154 957 2217 τῆς
1010 2145 1388 2206 ταπεινώσεως
1450 2144 1703 2216 σώματος
1736 2143 1843 2196 ἄνω
1899 2140 1989 2195 καὶ

330 2243 477 2298 κάτω
527 2238 851 2313 κινουμένου
896 2240 975 2311 (3)
1027 2236 1117 2290 καὶ
1167 2234 1637 2308 μεταπίπτοντος·
1692 2237 1809 2295 πῶς
1861 2231 1989 2306 οὐχὶ

332 2333 423 2386 καὶ
456 2334 484 2385 6
514 2332 575 2385 τὸ
631 2329 776 2384 πολὺ
822 2332 923 2382 τοῦ
977 2327 1097 2402 βίου
1136 2329 1216 2397 (4)
1274 2325 1512 2386 κενώσας
1546 2321 1865 2397 ἀμέμπτως,
1900 2320 1989 2375 καὶ

333 2423 445 2476 οἷον
478 2418 588 2491 ἤδη
615 2419 752 2494 πρὸς
785 2416 1000 2491 λιμέσιν
1036 2414 1107 2469 ὥν
1134 2419 1231 2469 τοῦ
1260 2418 1445 2470 κοινοῦ
1473 2420 1573 2483 τῆς
1618 2418 1761 2481 ζωῆς
1820 2408 1989 2465 πελά-

330 2531 480 2586 γους,
510 2513 608 2564 τοῦ
638 2506 811 2563 πολὺν
838 2505 1063 2581 ἔχοντος
1097 2501 1173 2559 ἔτι
1206 2506 1295 2559 τὸν
1342 2502 1516 2559 πλοῦν
1573 2501 1990 2580 ἀσφαλέστερος,

331 2598 423 2654 καὶ
457 2597 547 2655 διὰ
573 2602 736 2655 τοῦτο
773 2596 1180 2671 μακαριώτερος
1207 2612 1220 2664 ;

407 2871 603 2938 Δ’.Μή
661 2867 842 2923 τοίνυν
918 2861 1246 2937 ἀποκλείσῃς
1321 2861 1569 2938 γλῶσσαν
1655 2861 1755 2931 τὴν
1808 2859 1996 2915 πολλά

341 2959 707 3036 φθεγξαμένην
740 2955 946 3026 καλῶς,
996 2956 1064 3023 ἧς
1099 2954 1150 3007 οἱ
1179 2952 1379 3029 καρποὲ
1403 2950 1631 3022 πολλοὶ,
1671 2950 1761 3005 καὶ
1811 2950 1998 3005 πολλὰ

335 3048 402 3102 τὰ
430 3051 529 3118 τῆς
562 3045 908 3114 δικαιοσύνης
938 3046 1247 3120 γεννήματα
1275 3061 1286 3073 ·
1322 3043 1388 3112 ἧς
1430 3042 1572 3095 πόσα
1600 3042 1668 3096 τὰ
1694 3040 1874 3111 τέκνα,
1908 3040 1997 3095 καὶ

333 3136 476 3200 τίνες
537 3138 589 3192 οἱ
643 3134 929 3209 Θησαυροὶ,
1012 3136 1161 3211 ἆρον.
1238 3130 1428 3187 κύκλω
1501 3130 1631 3193 τοὺς
1679 3129 1999 3207 ὀφθαλμούς

336 3248 453 3299 σου,
485 3226 574 3282 καὶ
616 3224 714 3280 ἴδε·
749 3230 852 3279 πᾶς
897 3224 924 3277 6
973 3222 1104 3285 λαὸς
1158 3220 1339 3290 οὗτος,
1373 3221 1429 3276 ὅν
1460 3221 1509 3276 ἐν
1538 3223 1755 3297 Χριστῷ
1787 3218 1875 3275 διὰ
1902 3224 1999 3275 τοῦ

2163 1156 2257 1209 ΙΙΙ.
2290 1156 2680 1226 Praestantior,
2735 1175 2863 1214 meo
2920 1159 3157 1230 quidem
3200 1159 3447 1231 judicio,
3491 1162 3581 1214 est
3610 1157 3748 1230 pul-

2092 1244 2361 1301 chritudo
2390 1263 2457 1301 ea
2488 1264 2614 1319 quas
2638 1248 2823 1303 oculis
2855 1249 3316 1321 cernitur,quam
3330 1265 3455 1320 quis
3478 1264 3751 1303 sermone

2092 1334 2386 1407 pingitur;
2421 1342 2477 1392 et
2503 1337 2716 1393 divitiae
2750 1356 2896 1410 quas
2929 1356 3140 1395 manus
3171 1342 3589 1410 tenent,quam
3623 1354 3750 1409 quas

2093 1438 2196 1493 per
2225 1426 2455 1480 somnia
2484 1426 2848 1497 effinguntur
2872 1444 2884 1494 ;
2919 1431 2975 1482 et
3004 1426 3293 1499 sapientia
3316 1443 3441 1499 quae
3456 1443 3559 1499 per
3576 1439 3753 1498 opera

2094 1512 2552 1582 demonstratur,
2587 1533 2765 1586 quam
2798 1533 2926 1588 quae
2952 1532 3225 1573 sermone
3248 1516 3395 1572 nitet
3451 1532 3516 1572 ac
3554 1514 3752 1587 splen-

2097 1604 2296 1660 descit.
2330 1605 2644 1661 Intellectus
2670 1606 2829 1661 enim
2860 1609 3049 1678 bonus,
3083 1607 3277 1679 inquit
3336 1605 3455 1675 ille,
3497 1605 3753 1663 omnibus

2092 1696 2429 1766 facientibus
2456 1712 2581 1751 eum
2602 1696 2666 1767 ⁸⁸,
2694 1713 2808 1752 non
2829 1701 3026 1753 autem
3051 1697 3525 1769 praedicantibus.
3560 1696 3752 1767 Hujus

2096 1802 2267 1858 porro
2300 1786 2600 1858 sapientiae
2632 1786 3001 1844 certissimus
3032 1787 3362 1860 explorator
3390 1790 3627 1859 tempus
3642 1788 3751 1857 est,

2020 1916 2069 1984 Β
2099 1892 2165 1931 ac
2196 1892 2325 1933 vere
2356 1877 2723 1948 gloriationis
2765 1895 2977 1934 corona
3006 1882 3276 1935 senectus
3305 1877 3370 1933 3°.
3403 1877 3551 1934 Nam
3584 1875 3654 1945 si,
3690 1878 3757 1932 ut

2100 1983 2237 2039 ergo
2268 1982 2405 2022 cum
2421 1966 2729 2024 Salomone
2760 1968 2968 2036 sentio,
3002 1967 3302 2024 hominem
3338 1971 3469 2024 ante
3502 1970 3754 2022 mortem

2099 2058 2339 2113 beatum
2360 2058 2673 2129 praedicare
2705 2076 2819 2114 non
2848 2061 3074 2130 oportet
3122 2059 3184 2127 9°,
3226 2058 3637 2129 incertumque
3669 2058 3758 2111 est

2101 2147 2242 2219 quid
2274 2152 2695 2220 superventura
2726 2148 2849 2204 dies
2899 2148 3163 2220 paritura
3221 2148 3298 2204 sit
3327 2148 3392 2219 οι,
3453 2150 3760 2219 propterea

2100 2238 2255 2308 quod
2280 2241 2510 2293 terrena
2541 2242 2741 2293 nostra
2770 2238 2888 2293 vita
2938 2237 3155 2294 multas
3206 2237 3614 2294 conversiones
3652 2236 3757 2291 ha-

2100 2328 2252 2394 beat,
2296 2331 2470 2398 atque
2501 2326 2853 2384 humilitatis
2884 2344 3095 2400 corpus
3128 2344 3364 2384 sursum
3396 2330 3453 2383 et
3482 2328 3760 2382 deorsum

2103 2420 2407 2471 moveatur
2436 2433 2501 2472 ac
2535 2416 2784 2473 subinde
2834 2417 3223 2486 immutetur;
3256 2418 3397 2489 quid
3430 2416 3621 2473 afferri
3654 2431 3762 2488 po-

2102 2510 2235 2574 test,
2260 2507 2400 2577 quin
2435 2506 2508 2573 is,
2539 2506 2641 2579 qui
2666 2523 2943 2579 magnam
2988 2507 3116 2563 vitae
3147 2511 3373 2580 partem
3406 2506 3532 2562 sine
3565 2520 3761 2578 repre-

2103 2594 2389 2651 hensione
2420 2595 2688 2665 confecit,
2746 2601 2803 2652 et
2826 2597 2954 2667 jam
3004 2596 3337 2654 communis
3392 2596 3575 2667 hujus
3632 2594 3763 2649 vitae

2105 2685 2286 2740 maris
2316 2684 2480 2740 velut
2506 2686 2565 2739 in
2588 2688 2759 2753 portu
2792 2690 2899 2753 est,
2934 2685 3117 2743 tutior
3171 2703 3237 2741 ae
3270 2684 3512 2758 proinde
3542 2683 3767 2740 beatior

2105 2774 2203 2842 sit,
2237 2791 2415 2846 quam
2447 2775 2495 2829 is
2528 2774 2620 2829 cui
2646 2776 2820 2847 longa
2849 2776 3040 2831 adhuc
3099 2775 3392 2847 navigatio
3452 2771 3768 2846 superest?

2178 2863 2270 2918 IV.
2297 2864 2378 2919 Ne
2409 2864 2590 2936 igitur
2618 2863 2882 2937 linguam
2915 2864 3176 2933 claudas,
3220 2882 3347 2937 quae
3396 2863 3586 2919 multa
3614 2867 3767 2918 recte

2104 2952 2301 3008 locuta
2330 2958 2439 3022 est,
2471 2971 2600 3025 quas
2630 2955 2857 3009 fructus
2891 2953 3132 3024 multos,
3162 2970 3229 3010 ac
3260 2953 3476 3010 multos
3518 2951 3769 3024 justitiaa

2108 3044 2263 3099 fetus
2296 3042 2515 3111 edidit;
2552 3044 2721 3115 cujus
2754 3048 2896 3115 quot
2944 3043 3069 3112 ﬁlii,
3106 3048 3161 3099 et
3218 3044 3463 3115 quinam
3504 3041 3771 3099 thesauri

2110 3137 2269 3203 sunt,
2304 3133 2423 3188 leva.
2452 3134 2510 3187 in
2543 3135 2778 3189 circuitu
2809 3135 2994 3189 oculos
3022 3138 3166 3205 tuos,
3222 3138 3271 3188 et
3324 3135 3457 3189 vide
3488 3133 3553 3201 99,
3614 3136 3772 3187 totus

2112 3222 2206 3278 hic
2237 3227 2325 3279 est
2359 3222 2634 3294 populus,
2667 3242 2843 3295 quem
2897 3224 2956 3279 in
2990 3224 3221 3279 Christo
3264 3241 3365 3295 per
3396 3221 3776 3295 Evangelium

339 3315 675 3392 Εὐαγγελίου
735 3314 1037 3390 ἐγέννησας.
1100 3314 1187 3381 Μὴ
1253 3310 1318 3381 δὴ
1379 3313 1648 3389 φθονήσῃς
1696 3312 1834 3384 ἡμῖν
1893 3315 2001 3365 τῶν

2118 3313 2375 3385 genuisti
2408 3314 2471 3367 93.
2506 3314 2787 3378 Quocirca
2816 3330 2918 3369 sne
2978 3315 3169 3380 nobis,
3230 3330 3345 3369 non
3377 3318 3499 3368 tam
3535 3327 3776 3385 paucos,

343 3410 603 3482 χρηστῶν
636 3405 805 3460 πλέον
834 3403 868 3472 ἦ
907 3402 1110 3477 ὀλίγων
1148 3402 1431 3477 ῥημάτων,
1468 3399 1608 3475 μηδὲ
1637 3407 1739 3469 τῆς
1771 3398 2007 3474 μελλού·

340 3516 441 3566 σης
476 3493 676 3566 ζημίας
708 3496 783 3565 (5)
813 3490 921 3562 ἤδη
962 3497 1068 3562 ζῷς
1098 3491 1160 3545 τὸ
1192 3490 1505 3565 προοίμιον.
1556 3488 1807 3566 Φθέγξαι,
1875 3492 2005 3565 βρα-

343 3584 600 3658 χὲα³μὶν,
633 3580 757 3635 ἀλλ’
788 3580 912 3651 ἐμοὶ
956 3579 1090 3654 φίλα
1137 3579 1225 3632 καὶ
1274 3576 1469 3647 ἥδιστα
1695 3578 1794 3633 οὐκ
1841 3578 2003 3632 ἀκου-

347 3669 446 3723 στὰ
475 3670 554 3741 (³7)
589 3668 705 3739 μὶν,
757 3665 903 3720 ἀλλὰ
951 3669 1016 3738 τῇ
1066 3669 1407 3737 πνευματικῇ
1470 3667 1571 3740 βοῇ
1620 3668 1694 3737 (8)
1739 3665 2004 3739 γινωσκό-

356 3776 507 3829 μενα,
538 3756 656 3819 καθ’
685 3757 752 3824 ἢν
783 3754 873 3808 καὶ
907 3758 1223 3815 σιωπῶντος
1254 3753 1441 3809 ἀκούει
1475 3754 1714 3816 Μωσέως
1745 3754 1875 3815 Θεός
1906 3756 2009 3828 (9)’

351 3845 462 3918 καὶ,
489 3846 549 3900 Τί
582 3847 711 3919 βοᾳς
744 3845 878 3919 πρὸς
908 3844 973 3917 μέ
1017 3846 1128 3917 (10)
1161 3863 1173 3913 ;
1233 3848 1311 3916 τῷ
1362 3848 1567 3917 νοερῶς
1627 3842 2009 3919 ἐντυγχάνοντι

348 3932 587 4009 λέγεται.
641 3932 967 4009 Κατάρτισαί
1012 3953 1103 4007 μοι
1152 3933 1243 3987 τὸν
1296 3930 1426 3986 λαὸν
1475 3932 1701 4005 (11)τῷ
1731 3938 1807 4005 σῷ
1838 3932 2011 4009 θρέμ-

353 4044 503 4095 ματι,
534 4023 623 4077 καὶ
661 4023 795 4096 μετὰ
840 4027 1003 4077 τοῦτο
1044 4022 1287 4095 ποιμένι,
1320 4026 1411 4075 νῦν
1447 4019 1503 4075 δὲ
1533 4021 1621 4076 καὶ
1656 4020 2012 4098 ἀρχιποιμένι

349 4113 484 4185 (12).
520 4110 738 4185 Δίδαξον
774 4111 871 4185 ἐμέ
901 4134 952 4167 τι
985 4111 1107 4185 περὶ
1139 4112 1624 4185 ποιμαντικῆς,τὸν
1658 4111 1787 4167 λαὸν
1818 4117 2010 4167 τοῦτον

349 4202 474 4279 περὶ
520 4201 838 4265 εὐπειθείας
886 4201 1010 4277 περὶ
1057 4203 1157 4270 τῆς
1204 4199 1486 4277 παρούσης
1533 4222 1586 4255 τι
1617 4199 1845 4278 πληγῆς
1902 4204 2016 4277 (13)

352 4290 753 4369 φιλοσόφησον,
804 4292 928 4367 περὶ
979 4295 1086 4346 τῶν
1140 4288 1361 4347 δικαίων
1392 4296 1490 4345 τοῦ
1522 4296 1655 4347 Θεοῦ
1713 4293 2016 4368 κριμάτων,

350 4379 437 4435 ἆοὶν
458 4402 517 4436 τε
543 4376 947 4455 καταλαμϐάνω
957 4403 1051 4454 μεν
1074 4380 1357 4455 ἡμεῖς,ἐάν
1378 4403 1438 4436 τε
1450 4382 1735 4456 ἀγνοῶμεν
1760 4384 1856 4453 τὴν
1882 4381 2018 4437 πολ-

351 4470 457 4537 λὴν
490 4465 876 4531 ἄϐυσσον-Πῶς
903 4469 993 4524 καὶ
1020 4472 1055 4538 ἡ
1089 4468 1430 4543 ἐλεημοσύνη
1468 4470 1544 4532 εἰς
1578 4471 1851 4545 σταθμοὺς
1879 4474 2017 4546 (14),

426 4591 470 4627 ⁸⁷
501 4596 706 4651 Matth.
758 4613 922 4665 nm,
981 4596 1071 4651 27.
1133 4595 1178 4629 ⁸⁸
1210 4595 1481 4665 Psal.cx,
1544 4598 1628 4651 10.
1690 4598 1735 4632 ⁸9
1767 4598 1929 4655 Prov.
1990 4616 2108 4669 xvr,

363 4698 516 4750 XLIX,
549 4683 636 4738 18.
666 4686 711 4721 ⁸³
744 4684 767 4741 Ι
798 4684 929 4741 Cor.
963 4701 1038 4740 1v.
1074 4684 1160 4739 15.
1193 4685 1237 4719 ⁹⁴
1266 4685 1441 4740 Exod.
1466 4702 1583 4753 xiv,
1618 4687 1706 4743 15.

431 4825 507 4897 (1)
538 4824 775 4899 Ἐνκὲἱο
807 4831 945 4899 Reg.
980 4828 1079 4899 ph,
1114 4827 1287 4899 Deest
1315 4826 1374 4882 in
1408 4828 1500 4883 ed.

431 4889 509 4970 (2)
541 4898 610 4975 Q't
641 4890 863 4975 6vezp0}.
884 4889 922 4955 Γ.
949 4889 1030 4975 fni?)
1063 4896 1238 4975 λόγῳ.
1274 4901 1360 4956 Ita
1400 4898 1669 4955 nonnulli
1701 4889 1870 4956 codd.
1904 4901 2022 4957 De-

362 4969 504 5028 sunt
534 4969 585 5023 οἱ
616 4974 673 5025 et
699 4969 786 5043 τῷ
809 4971 869 5026 in
899 4972 989 5028 ed.

432 5043 515 5117 (3)7
560 5039 915 5116 Κινουμὲνου.
966 5045 1107 5117 Reg.
1140 5044 1261 5113 bm,
1295 5043 1390 5100 0r.
1428 5046 1481 5115 1,
1510 5046 1627 5102 Jes.
1671 5039 2025 5117 δονουμένου,

364 5139 393 5168 (ί
428 5116 699 5171 agitetur.
721 5137 749 5166 »

438 5186 513 5260 (ᾖ)
548 5186 700 5260 Βίου.
735 5188 829 5260 Or.
870 5189 892 5243 1
927 5187 1110 5260 addit,
1140 5187 1356 5256 τούτου,
1391 5212 1418 5239 ‹‹
1452 5189 1583 5244 vitae
1618 5189 1820 5260 hujus.
1850 5210 1877 5239 »

440 5255 516 5333 i5)
546 5255 870 5329 Μελλούσης
926 5255 1146 5331 ζημίας.
1192 5261 1317 5331 Hic,
1351 5277 1454 5333 per
1485 5284 1512 5311 «
1546 5255 1892 5330 impendens
1925 5262 2025 5316 de-

371 5326 743 5405 trimentum,
768 5353 795 5380 ››
828 5326 945 5386 seu
971 5326 1009 5381 ἶ
1046 5326 1394 5404 periculum,
1426 5356 1455 5383 »
1485 5326 1761 5405 intelligit
1810 5334 2026 5405 Grego-

372 5397 495 5453 rius
522 5406 772 5477 _mortem
806 5405 1010 5477 patris,
1045 5397 1171 5476 quas
1204 5397 1390 5477 longe
1415 5406 1620 5461 abesse
1652 5397 1767 5461 nvon
1800 5397 2029 5477 poterat

375 5470 782 5545 praelongas-va
806 5470 939 5545 ejus
970 5470 1290 5533 senectute.

446 5542 522 5611 (6)
555 5542 655 5622 113::
705 5542 919 5609 ἥδιστα.
954 5549 1047 5603 Sic
1098 5549 1278 5622 Regii,
1313 5548 1527 5619 plures.
1561 5548 1735 5622 Coisl.
1790 5566 1922 5605 vero
1972 5551 2027 5617 2,

372 5612 517 5695 J9?”
555 5613 939 5695 aliiqpemQQn
984 5612 1475 5693 ῃειιοί,”πλὲῖστα,
1510 5645 1538 5671 ‹‹
1572 5620 1848 5694 plurima.
1878 5645 1899 5671 υ
1936 5612 2031 5677 Sic

380 5684 745 5757 etiam_l_egit
758 5684 984 5757 Billius.

447 5757 525 5833 (7)
556 5754 674 5814 Odi
725 5755 978 5814 ἀκουστά.
1031 5760 1172 5834 Reg.
1225 5762 1326 5835 ph,
1377 5764 1551 5822 Coisl.
1586 5764 1637 5837 1,
1679 5765 1776 5822 Or.
1829 5766 1880 5839 1,
1934 5762 2035 5821 οὐκ

702 5887 969 5953 Paeon.
1014 5889 1127 5953 Gs.
1171 5890 1417 5956 XXXV.

2120 3420 2295 3475 quam
2323 3420 2532 3459 suaves
2565 3419 2867 3459 sermones
2916 3403 3200 3472 invideas,
3255 3419 3357 3457 nec
3390 3402 3517 3473 jam
3552 3402 3777 3473 impen-

2118 3493 2310 3547 dentis
2364 3492 2701 3547 detrimenti
2750 3493 3101 3564 praeludium
3160 3493 3440 3563 praebeas.
3496 3492 3777 3561 Loquere,

2118 3598 2334 3651 quasso,
2370 3581 2477 3635 etsi
2503 3598 2709 3651 pauca,
2750 3585 2811 3635 at
2850 3581 2996 3636 mihi
3054 3581 3228 3635 chara
3284 3584 3340 3635 et
3395 3578 3776 3646 dulcissima;

2119 3670 2226 3723 etsi
2273 3670 2472 3724 minus
2530 3669 2721 3724 audiri
2780 3669 3029 3741 possint,
3074 3674 3134 3724 at
3209 3686 3335 3739 quae
3404 3671 3602 3724 tamen
3678 3683 3781 3738 per

2120 3757 2488 3828 spiritualem
2546 3757 2864 3814 clamorem
2941 3762 3391 3830 cognoscantur,
3454 3774 3557 3830 per
3604 3773 3777 3828 quem

2119 3848 2274 3902 Deus
2308 3851 2598 3902 tacentem
2631 3863 2865 3919 quoque
2891 3846 3145 3917 Moysem
3178 3848 3398 3903 audivit
3432 3866 3444 3915 ;
3480 3846 3571 3903 cui
3602 3845 3778 3902 etiam

2122 3936 2243 3991 sola
2302 3941 2491 3990 mente
2541 3934 2896 4008 colloquenti
2954 3936 3180 3991 dictum
3231 3940 3354 4005 est;
3391 3937 3534 4005 Quid
3578 3936 3652 3991 ad
3699 3950 3787 3991 me

2122 4027 2326 4081 clamas
2357 4025 2449 4079 9"?
2480 4025 2645 4079 Hunc
2678 4026 2959 4097 populum
2996 4025 3140 4081 mihi
3197 4041 3503 4097 compone,
3536 4025 3644 4081 hoc
3675 4029 3783 4096 est,

2125 4115 2365 4171 alumno
2386 4114 2715 4186 disciplinae
2745 4120 2878 4183 tuae,
2914 4116 3127 4171 deinde
3148 4116 3557 4188 pastori,nunc
3588 4119 3786 4170 autem

2127 4209 2431 4278 pastorum
2463 4220 2697 4277 quoque
2720 4205 2996 4277 principi.
3047 4209 3134 4261 Me
3165 4206 3235 4261 de
3287 4204 3568 4277 pascendi
3599 4203 3789 4277 gregis

2128 4294 2373 4363 ratione,
2410 4294 2695 4366 populum
2728 4293 2883 4349 hunc
2904 4296 2974 4351 de
3005 4295 3340 4351 obedientia
3372 4293 3594 4366 aliquid
3628 4294 3789 4349 doce:

2129 4384 2434 4457 quidpiam
2467 4386 2538 4440 de
2564 4386 2835 4457 praesenti
2860 4385 3034 4458 plaga
3062 4385 3501 4459 philosophers,
3535 4384 3689 4441 302
3722 4384 3792 4440 de

2130 4474 2306 4543 iustis
2338 4474 2438 4530 Dei
2459 4474 2741 4545 judiciis;
2776 4476 2897 4531 sive
2941 4492 3047 4531 nos
3100 4491 3167 4533 ea
3198 4475 3790 4549 comprehendamus,

2168 4600 2261 4653 31.
2318 4600 2361 4633 ⁰⁰
2391 4597 2566 4654 Eccli.
2621 4616 2699 4669 x1,
2758 4600 2849 4654 31.
2908 4601 2951 4635 9³
3004 4605 3173 4658 Prov.
3232 4619 3412 4671 XXVII,
3472 4602 3522 4656 1.
3582 4600 3626 4636 ⁹²
3676 4601 3794 4659 Isa.

2131 4827 2442 4897 ἐξάκουστα.

2204 4903 2281 4973 (8)
2312 4904 2443 4975 Βοῇ.
2476 4900 2647 4957 Coisl.
2707 4905 2762 4973 2,
2825 4899 2950 4976 ῥοῇ,
3011 4923 3033 4952 α
3084 4920 3188 4976 per
3244 4903 3551 4978 spirituale
3604 4903 3794 4961 ﬂuen-

2133 4977 2281 5118 ωῗξλ)
2312 4996 2552 5118 bimatum
2580 5042 2739 5118 θεός.
2769 5045 2905 5118 Reg.
2942 5047 3039 5118 ph,
3073 5046 3101 5101 6
3134 5046 3263 5109 Θεὸς
3293 5047 3588 5110 Μωυσέως.

2352 5116 2497 5195 [Ιρὸς
2531 5115 2614 5195 μέ.
2649 5117 2821 5195 qusl.
2858 5119 2912 5185 1,
2942 5115 3127 5195 edidit,
3163 5117 3314 5195 φησί.

2234 5191 2318 5259 11)
2349 5187 2446 5243 Τὸν
2483 5187 2632 5259 λαόν.
2670 5191 2920 5245 Montac.
2958 5187 3139 5257 addit,
3172 5187 3385 5249 τοῦτον.

2352 5264 2455 5313 Νῦν
2491 5258 2675 5339 δὲ-καῖ
2710 5262 3085 5339 ἀρχιποιμένι.
3121 5264 3214 5320 Sic
3246 5265 3484 5339 exponit
3512 5262 3748 5322 Nicetes
3777 5279 3791 5322 2

2140 5356 2167 5408 ις
2229 5334 2310 5387 Ex
2376 5335 2677 5408 sacerdote
2734 5334 2860 5406 jam
2926 5334 3267 5408 episcopus,
3318 5334 3394 5394 -et
3459 5342 3560 5395 tuo
3625 5339 3797 5408 iussu

2141 5405 2563 5488 ἀρχιερατεύων,
2588 5405 2860 5462 summus
2891 5405 3162 5465 sacerdos
3196 5410 3569 5469 Nazianzenus
3602 5405 3798 5468 Eccle-

2250 5500 2316 5529 ,1)

2141 5495 2322 5633 fligi-ii;
2356 5548 2640 5622 Παροῦσης
2668 5570 2720 5604 τι
2752 5547 2993 5625 πληγῆς.
3026 5553 3120 5610 Sic
3162 5554 3340 5629 Regg.
3377 5572 3430 5626 a,
3463 5572 3515 5613 ο.
3548 5556 3719 5612 Deest
3746 5573 3799 5607 τι

2141 5624 2327 5773 magis
2371 5691 2475 5773 ΔΕἷς
2531 5692 2825 5768 σταθμούς.
2887 5695 3062 5755 Coisl.
3122 5700 3173 5767 1,
3232 5696 3283 5754 ἑν
3356 5699 3647 5773 σταθμοῖς,
3707 5692 3800 5750 καὶ

2141 5763 2313 5839 κατά,
2330 5769 2442 5823 etc.

3403 5898 3483 5962 30
