4090 6406
319 348 435 409 939

1569 354 1635 413 S.
1683 348 2059 412 GREGOHII
2102 348 2499 409 THEOLOGI

3624 352 3747 413 940

319 484 439 540 sive
470 482 767 556 ingentem
814 500 1018 540 eorum
1068 485 1348 558 abyssum
1402 486 1761 557 ignoremus.
1820 484 1957 540 Doce

2083 481 2218 536 κατὰ
2268 478 2359 534 τὸν
2420 482 2572 555 ἅγιον
2631 476 2851 537 Ἡσαΐαν
2906 478 3057 555 (οὐδὶ
3095 481 3197 557 γὰρ
3234 481 3298 536 τὸ
3345 479 3541 557 ἀγαθὸν
3590 482 3747 562 ἄκρι-

318 575 611 646 quomodo
641 579 699 631 et
746 574 1171 642 misericordia,
1235 581 1299 631 ut
1349 579 1439 631 est
1486 576 1641 647 apud
1700 579 1975 631 sanctum

316 664 555 733 Isaiam,
587 666 661 721 ad
693 665 907 721 libram
966 667 1331 737 expendatur
1360 668 1403 701 95
1454 668 1660 738 (neque
1700 665 1858 720 enim
1892 664 1976 719 in-

316 755 570 811 discreta
590 756 821 811 bonitas
854 760 961 827 est,
992 756 1131 811 licet
1159 757 1231 813 iis
1278 756 1450 812 aliter
1498 756 1690 812 visum
1740 756 1838 822 sit,
1871 755 1986 826 qui

315 846 543 917 priores
568 845 629 899 in
653 846 821 901 vinea
848 846 1190 901 laborarunt
1211 846 1273 913 9⁵,
1315 863 1421 901 nec
1458 846 1519 901 in
1553 845 1839 901 mercedis
1866 861 1973 915 pa-

316 933 555 1005 rilitate,
617 935 903 1006 imparem
961 934 1267 991 laborandi
1318 935 1607 991 rationem
1667 934 1973 990 intellexe-

317 1028 501 1093 runt),
531 1028 589 1079 et
641 1026 934 1095 quomodo
970 1026 1077 1091 ira,
1137 1042 1263 1096 quae
1322 1025 1653 1097 appellatur
1708 1023 1859 1079 calix
1911 1023 1969 1079 in

316 1128 497 1168 manu
526 1113 758 1169 Domini
779 1116 968 1183 “Met,
1028 1114 1179 1170 calix
1208 1116 1389 1170 ruints
1442 1115 1543 1187 qui
1599 1114 1858 1171 ebibitur
1904 1114 1969 1181 9°,

312 1203 565 1272 peccatis
595 1204 970 1275 proportione
1016 1206 1386 1277 respondeat,
1420 1204 1658 1261 tametsi
1691 1204 1969 1259 omnibus

313 1291 384 1346 de
416 1292 635 1348 meritas
666 1311 851 1365 poenas
882 1296 1184 1350 atrocitate
1215 1294 1439 1366 aliquid
1472 1294 1762 1362 detrahat,
1793 1299 1968 1366 atque

311 1381 407 1437 ira
432 1399 731 1441 meracum
757 1384 1118 1456 benignitate
1148 1389 1437 1457 temperet
1469 1403 1483 1453 ;
1515 1386 1598 1440 ita
1647 1390 1712 1440 ut
1764 1401 1834 1440 ex
1880 1401 1967 1440 se-

305 1472 548 1529 veritate
577 1474 651 1529 ad
682 1473 982 1530 lenitatem
1030 1479 1087 1529 et
1139 1475 1383 1544 gratiam
1416 1474 1488 1529 iis
1546 1474 1805 1543 inclinet,
1861 1473 1961 1545 qui

308 1566 464 1617 metu
499 1563 931 1633 erudiuntur,et
955 1579 1024 1619 ex
1044 1581 1221 1635 parva
1249 1563 1584 1620 calamitate
1602 1563 1960 1635 concipiunt,

306 1667 372 1706 ac
402 1667 635 1707 morum
668 1654 1087 1709 correctionem
1131 1654 1487 1726 parturiunt,
1521 1654 1964 1726 perfectumque

305 1738 519 1797 salutis
548 1742 826 1814 spiritum
847 1743 1088 1815 pariunt
1116 1745 1192 1799 ονε
1225 1745 1424 1799 faecem
1456 1749 1676 1813 autem,
1708 1744 1818 1799 hoc
1850 1750 1959 1813 est,

303 1828 363 1884 id
396 1832 552 1900 quod
582 1831 641 1885 in
675 1831 759 1887 ira
784 1837 1109 1888 extremum
1141 1838 1249 1899 est,
1274 1838 1552 1899 asservet,
1601 1844 1666 1889 ut
1712 1850 1841 1889 eam
1870 1837 1959 1888 to-

2083 590 2195 638 τον,
2278 569 2323 623 εἶ’
2391 570 2479 624 καὶ
2538 573 2652 632 τοῖς
2731 569 2781 625 ἰν
2846 574 2923 642 τῷ
2998 570 3289 645 ἀμπελῶνι
3357 573 3746 647 προκεκμηκό-

2084 680 2165 713 σιν
2228 657 2398 730 ἔδοξε,
2463 659 2539 733 μὴ
2598 665 2821 715 συνιεῖσι
2878 660 2989 735 (45)
3038 660 3100 715 τὸ
3152 657 3203 716 ἂν
3378 660 3591 730 ἰσότητι
3649 661 3746 719 ἅν-

2089 752 2248 823 ισον),
2307 749 2396 803 καὶ
2475 750 2509 818 ἡ
2585 749 2720 826 ὀργὴ
2797 750 2933 804 κατά
3009 748 3171 827 λόγον
3248 755 3355 807 τῶν
3416 754 3746 829 ἁμαρτημά-

2083 860 2209 912 των,
2281 841 2545 915 ποτήριον
2624 838 2676 894 ἐν
2738 840 2885 916 χειρὶ
2944 839 3148 916 Κυρίου
3202 844 3741 919 προσαγορευομένη,

2082 930 2170 983 καὶ
2197 927 2361 985 κόνδυ
2391 931 2651 992 πτώσεως
2681 932 2727 1001 (ί
2740 933 2795 1005 6)
2820 929 3196 1005 ὶκπινόμενον,
3220 931 3357 987 εἶκαὶ
3389 939 3549 989 πᾶσιν
3585 934 3743 1012 ὑφαι-

2083 1020 2253 1096 ρεῖταί
2284 1041 2333 1074 τι
2365 1027 2464 1089 τῆς
2497 1018 2667 1092 ἀξίας,
2701 1020 2790 1075 καὶ
2818 1021 2883 1075 τὸ
2912 1028 3012 1091 τῆς
3045 1021 3211 1098 ὀργῆς
3268 1020 3497 1097 ἄκρατον
3550 1021 3739 1102 φιλαν-

2082 1109 2296 1185 θρωπίᾳ
2344 1110 2613 1185 κίρνησιψ
2666 1108 2870 1165 κλίνων
2926 1110 3020 1183 μὶν
3059 1110 3118 1165 ὲκ
3163 1116 3262 1168 τοῦ
3310 1116 3424 1187 (17)
3455 1113 3736 1187 ἀποτόμου

2078 1200 2214 1272 πρὸς
2244 1199 2306 1253 τὸ
2339 1196 2621 1272 ἐνδόσιμον
2650 1205 2765 1261 τοῖς
2791 1196 2946 1278 φόϐῳ
2965 1199 3409 1275 παιδευομένοις,
3433 1203 3655 1266 καὶτοῖς
3675 1203 3732 1259 ἐκ

2075 1295 2174 1357 τῆς
2208 1295 2406 1365 μικρᾶς
2438 1287 2675 1362 θλίψεως
2708 1291 2821 1363 (18)
2853 1285 3298 1365 συλλαμϐάνουσι
3330 1292 3420 1347 καὶ
3450 1290 3726 1349 ὠδίνουσιν

2077 1376 2431 1456 ἐπιστροφὴν,
2465 1378 2552 1433 καὶ
2607 1382 2821 1453 πνεῦμα
2869 1379 3143 1455 σωτηρίας
3173 1377 3383 1437 τέλειον
3412 1381 3732 1439 ἀποτίκτου-

2079 1487 2181 1523 σιν·
2217 1468 2506 1541 ὑποτηρῶν
2541 1466 2598 1523 δὲ
2627 1467 2781 1543 ὅμως
2808 1470 3052 1546 τρυγίαν,
3092 1470 3155 1526 τὸ
3200 1477 3301 1542 τῆς
3356 1470 3529 1548 ὀργῆς
3576 1470 3736 1549 ἔσχα-

2073 1580 2190 1633 τον,
2234 1559 2307 1613 ’ἶν’
2356 1559 2486 1615 ὅλον
2535 1561 2744 1635 κενώοῃ
2784 1566 2901 1624 τοῖς
2954 1564 3031 1635 μὴ
3062 1562 3517 1639 θεραπευομένοις
3545 1563 3605 1620 ἐκ
3634 1572 3735 1637 τῆς

2074 1648 2473 1726 χρηστότητος,
2509 1647 2655 1705 ἀλλά
2685 1650 2774 1706 καὶ
2806 1653 2918 1725 (19)
2969 1651 3432 1729 σκληρυνομᾶνοις
3481 1654 3616 1710 κατά
3643 1655 3737 1711 τὸν

2076 1736 2437 1817 βαρυκάρδιον
2471 1740 2696 1813 Φαραὼ,
2728 1740 2816 1795 καὶ
2843 1743 3035 1817 πικρὸν
3070 1740 3387 1819 ἰργοδότην,
3419 1742 3495 1806 εἷς
3539 1740 3738 1822 δεῖγμα

2069 1830 2427 1904 ταμιευθὲντα
2455 1836 2554 1899 τῆς
2587 1835 2683 1884 τοῦ
2714 1835 2847 1885 Θεοῦ
2875 1834 3012 1886 κατὰ
3040 1836 3148 1887 τῶν
3175 1828 3383 1888 ἀσεϐῶν
3429 1830 3730 1908 δυνάμεως.

303 1922 425 1973 tam
469 1920 527 1975 in
562 1919 696 1975 illos
757 1923 1041 1990 effundat,
1102 1924 1202 1994 qui
1255 1923 1616 1994 benignitate
1666 1928 1842 1993 atque
1907 1921 2221 1977 clementia
2274 1920 2519 1977 minime
2568 1927 2872 1993 sanantur,
2930 1922 3048 1978 imo
3106 1923 3283 1979 etiam
3340 1925 3732 1998 obdurantur,

304 2010 807 2079 quemadmodum
846 2011 943 2067 ille
1001 2012 1194 2068 cordis
1248 2012 1466 2067 duritia
1519 2012 1793 2068 laborans
1841 2012 2115 2078 Pharao‘,
2175 2016 2232 2067 et
2286 2011 2345 2065 in
2400 2010 2676 2081 operibus
2728 2012 3057 2069 indicendis
3092 2014 3382 2083 acerbus',
3451 2016 3525 2071 ad
3582 2016 3730 2071 divi-

303 2115 389 2154 nae
421 2100 705 2155 adversus
728 2100 943 2173 impios
975 2102 1245 2173 potentiae
1276 2103 1573 2173 specimen
1597 2103 1889 2158 edendum
1922 2102 2293 2158 reservatus".

372 2187 440 2243 V.
491 2189 745 2261 Expone,
809 2192 965 2247 unde
1033 2192 1377 2262 hujusmodi
1438 2192 1621 2265 plagae
1673 2198 1729 2247 et
1787 2193 1957 2265 ﬂagra

2146 2191 2221 2246 E'.
2258 2188 2409 2263 Εἰπὲ,
2440 2190 2600 2246 πόθεν
2632 2190 2687 2244 αἱ
2734 2193 2981 2245 τοιαῦται
3028 2186 3240 2266 πληγαὶ
3283 2191 3373 2245 καὶ
3428 2190 3715 2268 μάστιγεςς

302 2276 587 2349 oriantur,
642 2282 698 2335 et
728 2295 857 2350 qua)
913 2281 991 2336 sit
1019 2298 1221 2337 eorum
1276 2282 1469 2337 ratio?
1503 2282 1709 2337 Utrum
1742 2283 1959 2337 inordi-

301 2370 476 2421 natus
502 2366 743 2438 quidam
775 2386 841 2423 ac
872 2376 1262 2441 praeposterus
1283 2377 1338 2427 et
1366 2372 1812 2443 gubernationis
1833 2389 1958 2427 om-

298 2455 391 2511 nis
423 2473 629 2528 expers
660 2458 1060 2515 universitatis
1092 2466 1308 2529 motus,
1346 2478 1412 2516 ac
1455 2479 1605 2517 caeca
1636 2462 1956 2529 temeritas,

294 2546 580 2615 tanquam
611 2545 878 2602 videlicet
909 2565 1078 2605 nemo
1105 2553 1183 2604 sit
1213 2551 1313 2621 qui
1351 2553 1527 2607 rebus
1583 2551 1958 2607 moderandis

294 2632 512 2705 praesit,
547 2639 603 2689 et
631 2636 884 2707 denique
907 2653 1081 2693 casus
1111 2638 1232 2693 haec
1290 2640 1457 2711 ferat,
1510 2645 1575 2695 ut
1631 2640 1820 2712 placet
1850 2640 1953 2696 ho-

294 2722 558 2779 minibus
590 2724 768 2781 stulte
797 2726 1186 2798 sapientibus,
1222 2734 1279 2783 et
1316 2729 1409 2797 iis,
1471 2730 1572 2801 qui
1615 2729 1955 2802 apraacipiti

294 2815 353 2867 et
383 2814 692 2871 tenebroso
746 2816 958 2886 spiritu
1007 2820 1227 2873 temere
1276 2820 1595 2887 feruntur;
1632 2836 1704 2875 an
1760 2819 1954 2891 potius

294 2901 569 2959 universa
599 2902 722 2959 haec
752 2922 948 2960 rerum
995 2906 1200 2975 moles,
1237 2913 1301 2963 ut
1332 2909 1554 2964 ratione
1585 2915 1763 2979 atque
1792 2910 1952 2965 ordi-

295 3005 367 3045 ne
398 2991 658 3062 primum
688 2998 903 3062 creata,
937 2999 1107 3065 atque
1165 2996 1448 3052 concinne
1477 3001 1535 3053 et
1583 3002 1784 3053 ornate
1814 3003 1956 3054 tem-

294 3084 516 3151 perata,
550 3085 607 3137 et
636 3081 929 3155 colligata,
962 3090 1018 3139 et
1047 3088 1205 3140 mota
1229 3089 1336 3155 est,
1368 3086 1526 3142 velut
1571 3086 1623 3142 is
1656 3086 1817 3142 solus
1849 3104 1951 3143 no-

294 3170 396 3236 vit,
457 3171 557 3242 qui
616 3174 844 3227 motum
901 3172 1124 3239 attulit,
1181 3174 1265 3229 sic
1316 3175 1516 3246 etiam,
1575 3176 1953 3232 Providentia:

293 3258 459 3314 freno
486 3276 617 3315 eam
675 3262 944 3331 ducente,
977 3264 1037 3317 in
1079 3262 1376 3319 diversum
1409 3272 1727 3334 moveatur,
1755 3272 1813 3321 et
1840 3266 1953 3321 col-

294 3346 565 3403 locetur?
594 3348 756 3406 Unde
787 3350 1147 3421 sterilitates,
1177 3358 1234 3409 et
1280 3372 1313 3409 a
1372 3356 1560 3410 ventis
1592 3355 1832 3411 invectae
1861 3356 1950 3411 la-

292 3436 418 3503 bes,
451 3442 508 3493 et
536 3439 875 3512 grandines,
908 3458 1165 3513 praesens
1211 3448 1412 3499 nostra
1459 3444 1633 3517 plaga
1655 3450 1713 3500 et
1742 3447 1952 3501 admo-

291 3526 486 3583 nitio?
519 3528 677 3584 Unde
706 3529 858 3585 aeris
881 3531 1306 3601 corruptiones,
1332 3536 1387 3588 et
1402 3534 1675 3602 morbi,et
1696 3538 1949 3589 aestuan-
1983 3570 2026 3638 Ο

291 3614 365 3638 ιε-
396 3621 555 3638 1____
596 3634 643 3638 ..Α
699 3624 731 3638 ι.
770 3636 788 3638 -
846 3623 885 3638 γι
945 3636 972 3638 --
1061 3620 1070 3629 ·
1185 3637 1189 3638 ,
1323 3622 1333 3632 -
1446 3621 1481 3638 ιι
1670 3628 1702 3638 Α.
1753 3622 1788 3638 ιι
1879 3623 1914 3638 .-

288 3614 367 3670 tis
396 3621 561 3672 terrae
594 3624 809 3686 motis,
836 3623 891 3673 et
930 3620 1106 3675 maris
1138 3637 1267 3677 sese
1320 3622 1375 3676 in
1410 3621 1595 3678 altum
1629 3622 1951 3679 attollentis

291 3705 569 3776 impetus,
602 3713 657 3762 et
678 3708 907 3764 cmlitus
937 3709 1049 3764 orti
1082 3715 1333 3767 terrores
1355 3710 1382 3765 ?
1413 3717 1752 3783 thuonam
1786 3720 1955 3785 pacto

291 3800 580 3868 creatura,
616 3798 685 3853 ad
750 3798 1061 3855 hominum
1124 3819 1299 3857 usum
1361 3807 1418 3858 et
1474 3804 1956 3859 commoditatem

290 3884 515 3955 effecta,
563 3904 931 3959 communes,
976 3889 1243 3962 inquam,
1296 3898 1352 3947 et
1406 3894 1659 3964 aequales
1714 3894 1956 3961 deliciis,

291 3974 371 4029 ad
402 3975 721 4048 impiorum
766 3996 1000 4050 pennam
1031 3980 1396 4053 immutetur,
1444 3988 1527 4053 ut,
1555 3983 1769 4054 quibus
1801 3985 1955 4039 302

290 4064 482 4120 ornati
512 4065 732 4135 gratias
768 4083 885 4121 non
919 4067 1170 4138 egimus,
1232 4069 1304 4125 iis
1352 4069 1527 4125 etiam
1586 4070 1948 4141 erudiamur,

290 4157 468 4224 atque
516 4171 585 4209 ex
614 4154 707 4209 his
768 4173 898 4226 quae
956 4158 1237 4228 patimur,
1290 4159 1612 4229 potentiam
1672 4177 1953 4231 agnosca-

289 4257 445 4310 mus,
503 4244 984 4315 quandoquidem
1041 4262 1110 4301 ex
1170 4249 1424 4319 acceptis
1475 4249 1778 4304 beneficiis
1824 4266 1953 4305 eam

288 4330 755 4402 haudquaquam
781 4333 1129 4405 agnovimus
1158 4336 1185 4389 ‘I
1214 4338 1479 4399 Quonam
1514 4339 1686 4393 modo
1719 4337 1851 4393 aliis
1881 4340 1953 4395 de

291 4435 472 4474 manu
505 4420 735 4476 Domini
767 4422 1027 4494 duplicia
1044 4429 1282 4496 peccata
1310 4425 1658 4481 tribuuntur
1677 4433 1718 4495 ‘,
1744 4443 1808 4482 ac
1824 4427 1951 4483 vitii

289 4524 568 4567 mensura
598 4527 702 4583 per
730 4512 980 4585 duplum
1037 4512 1336 4587 impletur,
1384 4517 1710 4573 secundum
1766 4534 1946 4590 quam

358 4682 402 4717 9‘
431 4687 546 4738 Isa.
633 4700 833 4752 xxvm,

2066 2278 2156 2334 καὶ
2188 2278 2268 2342 τίς
2302 2280 2329 2332 ὁ
2360 2280 2483 2353 περὶ
2512 2284 2680 2335 ταῦτα
2706 2277 2917 2354 λόγος,
2967 2278 3202 2352 Πότερον
3254 2279 3466 2351 κίνησίς
3505 2302 3581 2345 τις
3620 2288 3716 2337 τοῦ

2066 2369 2265 2430 παντὸς
2300 2370 2548 2442 ἄτακτος,
2581 2369 2669 2424 καὶ
2702 2368 3018 2443 ἀνώμαλος,
3046 2369 3136 2423 καὶ
3170 2364 3535 2447 ἀκυϐέρνητος
3584 2374 3721 2450 φορά

2064 2479 2124 2513 τε
2153 2457 2241 2513 καὶ
2290 2457 2506 2535 ἀλογία,
2558 2460 2631 2520 ὡς
2682 2456 2901 2521 οὐδενὸς
2947 2465 3063 2521 τοῖς
3113 2458 3261 2514 οὖσιν
3294 2459 3725 2535 ἐπιστατοῦντος,

2065 2548 2155 2601 καὶ
2187 2548 2248 2602 τὸ
2280 2548 2583 2622 αὐτόματον
2628 2554 2798 2604 ταῦτα
2837 2549 3007 2626 φέρει,
3058 2549 3133 2611 ὡς
3183 2545 3335 2604 δοκεῖ
3361 2556 3477 2613 τοῖς
3509 2550 3727 2630 ἀσόφως

2068 2642 2282 2715 σοφοῖς,
2331 2639 2421 2693 καὶ
2470 2644 2588 2700 τοῖς
2638 2637 2756 2707 εἷ’κῆ
2818 2638 3137 2716 φερομίνοις
3185 2638 3289 2693 ὑπὸ
3335 2644 3434 2695 τοῦ
3492 2640 3728 2697 ἀτάκτου

2066 2727 2155 2782 καὶ
2213 2732 2486 2783 σκοτεινοῦ
2544 2728 2887 2801 πνεύματος·
2946 2728 2981 2797 ἣ
3035 2724 3191 2804 λόγῳ
3244 2728 3353 2783 τινὶ
3408 2729 3498 2784 καὶ
3556 2733 3727 2805 τάξει,

2068 2816 2247 2892 ὥσπερ
2282 2817 2482 2887 ὑπέστη
2514 2817 2578 2872 τὸ
2608 2822 2711 2871 πᾶν
2745 2817 2836 2872 ἀπ’
2868 2818 3067 2893 ἀρχῆς,
3118 2817 3208 2872 καὶ
3240 2816 3438 2895 ἐκράθη
3471 2822 3605 2894 (2Ο(,
3636 2821 3726 2876 καὶ

2066 2906 2344 2977 συνεδέθη,
2394 2906 2484 2961 καὶ
2533 2907 2755 2977 ἐκινήθη
2805 2907 3074 2981 κοσμίως.
3126 2906 3201 2970 ὠς
3236 2907 3389 2982 μόνῳ
3438 2913 3517 2981 τῷ
3568 2913 3724 2981 κινή-

2066 3016 2215 3050 σαντι
2268 2997 2569 3072 γνώριμον,
2625 2995 2769 3052 οὕτω
2822 2995 2911 3051 καὶ
2970 3002 3332 3071 μετακινεῖται
3382 2998 3471 3053 καὶ
3506 3000 3725 3072 μετατί-

2065 3086 2209 3140 θεται
2245 3085 2507 3161 Προνοίας
2538 3086 2793 3163 χαλινοῖς
2827 3083 3239 3162 όδηγούμενον;
3272 3087 3437 3143 Πόθεν
3472 3090 3723 3167 ἀφορίαι,

2061 3173 2152 3229 καὶ
2182 3174 2595 3253 ἀνεμοφθορίαι,
2625 3175 2715 3230 καὶ
2746 3174 3009 3252 χάλαζαι,
3041 3176 3076 3245 ἡ
3107 3179 3198 3231 νῦν
3240 3178 3480 3253 ἡμετέρα
3525 3175 3717 3254 πληγή

2060 3264 2151 3319 καὶ
2199 3263 2485 3335 νουθεσία;
2538 3264 2707 3329 Πόθεν
2756 3264 2930 3342 ἀέρων
2981 3264 3199 3341 φθοραὶ,
3248 3265 3337 3320 καὶ
3402 3265 3573 3338 νόσοι,
3624 3267 3713 3321 καὶ

2067 3352 2306 3429 βρασμοὶ
2352 3360 2473 3429 γῆς,
2523 3353 2612 3408 καὶ
2664 3351 2939 3425 Θαλάσσης
2988 3351 3384 3425 ἐπαναστάσεις,
3432 3355 3522 3408 καὶ
3567 3356 3636 3411 τὰ
3663 3354 3716 3426 ἐξ

2062 3441 2294 3519 οὐρανοῦ
2353 3440 2583 3517 δείματα
2611 3444 2764 3519 (21);
2826 3443 2923 3498 Καὶ
2975 3447 3092 3507 πῶς
3148 3445 3183 3513 ἡ
3260 3442 3335 3505 εἷς
3413 3442 3717 3499 ἀπόλαυσιν

2062 3532 2362 3609 ἀνθρώπων
2407 3530 2879 3609 δημιουργηθεῖσα
2932 3532 3127 3603 κτίσις,
3182 3532 3246 3588 τὸ
3301 3532 3481 3588 κοινὸν
3541 3533 3728 3612 ὶντρύ-

2064 3643 2223 3697 φημα
2254 3626 2364 3696 (22)
2395 3622 2483 3677 καὶ
2523 3622 2790 3696 ἰσότιμον,
2842 3621 2919 3684 εἰς
2968 3623 3066 3691 τὴν
3114 3625 3221 3677 τῶν
3266 3616 3474 3677 ἀσεϐῶν
3502 3620 3730 3679 κόλασιν

2073 3706 2495 3785 μεταϐάλλεται,
2522 3709 2595 3766 ἵν’
2628 3713 2710 3774 οἷς
2740 3709 3059 3785 τιμηθέντες
3086 3710 3187 3766 οὐκ
3215 3710 3727 3789 ηὐχαριστήσαμεν,

2065 3800 2281 3864 τούτοις
2308 3801 2399 3856 καὶ
2430 3798 2831 3876 παιδευθῶμεν,
2868 3822 2957 3856 και
2983 3805 3198 3877 γνῶμεν
3246 3802 3348 3871 τὴν
3400 3799 3628 3877 δύναμιν
3678 3801 3730 3874 ἐξ

2067 3889 2139 3946 ὧν
2173 3891 2482 3966 πάσχομεν,
2530 3889 2717 3961 ἐπειδὴ
2773 3892 2847 3964 μὴ
2901 3889 3144 3966 ἔγνωμεν
3190 3893 3306 3965 (23)
3354 3890 3405 3962 ἐξ
3438 3893 3511 3946 ὧν
3546 3889 3603 3947 εὗ
3633 3913 3731 3947 πε-

2066 3980 2335 4054 πόνθαμεν
2365 4001 2378 4050 ;
2412 3986 2536 4043 Πῶς
2565 3986 2680 4045 τοῖς
2714 3982 2808 4055 μὲν
2845 3983 2954 4055 (24)
2987 3980 3047 4037 ἐκ
3075 3981 3264 4058 χειρὸς
3305 3981 3512 4058 Κυρίου
3562 3979 3731 4037 διπλᾶ

2063 4072 2131 4125 τὰ
2175 4073 2544 4147 ἁμαρτήματα
2591 4074 2707 4143 (25)
2769 4068 3000 4138 δίδοται,
3050 4070 3138 4126 καὶ
3196 4069 3611 4147 ἀναπληροῦται
3665 4072 3725 4125 τὸ

2062 4163 2161 4229 τῆς
2213 4160 2401 4223 κακίας
2455 4162 2650 4237 μέτρον
2700 4164 2770 4235 τῇ
2824 4158 3085 4232 διπλασία
3132 4164 3267 4235 (26),
3318 4162 3437 4216 καθ’
3484 4163 3547 4230 ἢν
3577 4161 3722 4216 καὶὸ

2062 4248 2279 4323 Ἰσραὴλ
2329 4250 2751 4327 σωφρονίζεται’
2804 4258 2923 4313 τοῖς
2968 4247 3045 4319 δὲ,
3099 4247 3189 4305 διὰ
3217 4256 3319 4319 τῆς
3352 4249 3722 4311 ἒπταπλασίας

2063 4338 2141 4400 είς
2170 4341 2260 4393 τὸν
2306 4336 2514 4394 κόλπον
2562 4336 2991 4413 ἀποδιδομένης,
3022 4344 3270 4395 ηνοῦται
3298 4340 3365 4394 τὰ
3394 4341 3718 4416 ἁμαρτήμα-

2060 4448 2124 4483 τα
2154 4456 2168 4497 ς
2203 4428 2301 4483 Καὶ
2352 4428 2403 4483 τί
2449 4428 2513 4484 τὸ
2550 4433 2657 4484 τῶν
2709 4428 3054 4505 ’Δμοῤῥαίων
3093 4430 3287 4504 μὲτρον
3321 4424 3475 4485 οὔπω
3507 4426 3722 4499 πεπλη-

2061 4516 2307 4593 ρωμένον
2334 4537 2348 4589 ;
2399 4518 2497 4573 Καὶ
2548 4524 2666 4583 πῶς
2716 4520 2744 4576 ὁ
2792 4518 3123 4596 ἁμαρτωλὸς
3154 4518 3189 4590 ἢ
3222 4517 3458 4598 ἀφίεται,
3488 4520 3525 4590 ἢ
3556 4517 3725 4575 κολά-

924 4686 1025 4762 17.
1060 4688 1114 4762 ξε
1146 4687 1351 4762 Matth.
1439 4706 1532 4759 xx,
1595 4690 1682 4745 12.
1744 4691 1967 4749 “Psal.
2052 4708 2239 4762 Lxxrv,
2299 4693 2354 4748 9.
2439 4690 2485 4729 ⁸⁸
2514 4692 2721 4749 Ezech.
2780 4695 2943 4762 xxxii,
3002 4693 3092 4750 33.
3174 4689 3361 4752 “Isa.
3419 4704 3577 4760 XXVI,
3633 4686 3723 4743 48.

288 4754 305 4789 ¹
339 4755 517 4812 Exod.
549 4772 604 4825 v,
635 4756 708 4825 6;
743 4774 853 4825 v11,
886 4758 974 4813 22.
1009 4760 1030 4793 ²
1059 4760 1238 4816 Exod.
1272 4778 1312 4831 ι,
1342 4762 1397 4817 9.
1431 4762 1453 4795 ³
1484 4754 1648 4818 Rom.
1684 4781 1762 4835 Ix,
1798 4764 1886 4819 17.
1917 4765 1939 4799 ⁴
1970 4764 2083 4821 Isa.
2114 4754 2294 4833 xr,'2.

359 4920 470 4997 (15)
502 4918 590 4987 Μὴ
626 4924 868 4997 σμνιεῖσι,
902 4925 1011 4977 etc.
1055 4923 1150 4979 Sic
1189 4923 1697 4997 exponitNicetas
1733 4943 1745 4982 :
1773 4949 1801 4976 «
1832 4927 1953 4983 Etsi

288 4992 560 5071 iniquum
614 4992 921 5071 videbatur
979 4992 1307 5066 postremos
1364 4996 1571 5068 primis
1629 5013 1949 5071 exaequare,

288 5079 409 5140 non
453 5068 650 5140 tamen
686 5064 957 5140 iniquum
981 5064 1145 5137 erat;
1184 5064 1618 5140 postrémorum
1651 5064 1809 5127 enim
1854 5064 1950 5127 vol

287 5130 488 5213 lunias
505 5130 1008 5213 1d,.quod'labori
1041 5130 1257 5213 deerat,
1296 5140 1608 5213 supplevit.
1637 5162 1664 5190 »

388 5207 475 5279 16)
505 5205 790 5279 Πτώσεως.
828 5211 924 5265 Or.
956 5214 1010 5279 2,
1046 5205 1278 5274 πόσεως.

507 5277 601 5353 :ng
627 5282 743 5335 τοῦ.
905 5285 959 5353 2,
993 5277 1098 5337 ἀπὸ
1129 5288 1245 5340 τοῦ.

359 5348 480 5425 (18).
507 5348 716 5425 Μικρᾶς
766 5348 1024 5424 θλίψεως.
1061 5358 1235 5413 Coisl.
1287 5357 1337 5424 1,
1388 5358 1618 5425 μακρᾶς,
1652 5378 1679 5404 ‹‹
1716 5355 1951 5413 diutur-

288 5436 368 5549 ἓὲ
396 5419 752 5478 calamitate.
775 5445 803 5474 »
841 5419 1012 5483 Coisl.
1047 5433 1101 5499 2,
1137 5419 1334 5502 μικρᾶς
1367 5419 1622 5495 πίστεως,
1660 5450 1687 5479 ι(
1720 5430 1951 5487 modica

374 5509 425 5548 e.
454 5514 480 5540 »

374 5509 425 5548 θ,
454 5514 480 5540 )›

359 5558 625 5644 (19)‘§2‘-
664 5566 920 5644 peestjn
954 5571 1092 5644 Rcs-
1130 5588 1182 5628 ει.

359 5631 473 5716 (20)
519 5631 776 5707 Ἐκράθη.
831 5636 924 5709 Sic
983 5631 1162 5716 Regg.
1222 5644 1345 5711 bm,
1404 5642 1507 5715 ph,
1566 5646 1677 5702 etc.
1732 5644 1795 5699 In
1854 5647 1945 5704 ed.

290 5697 486 5780 ἰκράτη
497 5740 508 5753 .

2136 4930 2249 5003 (21)
2270 4924 2668 5003 ,Διίλμαζταε-Ξίο
2704 4926 2896 5003 _Regg.
2930 4928 3054 5003 bm,
3090 4926 3218 5001 ph.,
3249 4926 3345 4985 0r.
3376 4922 3432 4995 2,
3466 4927 3575 5003 etc.
3628 4918 3725 4978 Sic

2126 4944 2249 5012 .(151)
2286 4944 2540 5011 nupera.
2573 4944 2668 4983 sic
2722 4944 2896 5055 uegg.
2931 4944 3054 5000 nm,
3090 4944 3218 5001 pn.,
3249 4944 3345 4985 ur.
3377 4944 3432 4995 ι,
3466 4944 3575 4980 ειο.
3630 4944 3649 4978 ε

2064 5007 2235 5076 etiam
2269 5001 2413 5071 legit
2444 4998 2667 5076 Billius.
2686 5000 2765 5076 in
2798 5017 2855 5076 e_
2878 5041 2892 5055 .
2926 4995 3210 5076 δείγματα,
3246 5020 3283 5076 «_
3305 4994 3649 5076 exempla.)

2133 5074 2247 5147 (2:)
2280 5067 2649 5147 Ἐντρκξφημω
2681 5071 2775 5128 Sic
2826 5067 3205 5146 Reggfbm,
3229 5070 3331 5144 ph,
3374 5067 3556 5136 Or._2,
3591 5067 3720 5123 Par.

2064 5142 2547 5220 Ῑηίοᾱδηάντρύίρη
2560 5142 2654 5220 μοι.

2278 5214 2460 5290 Ἔγνω
2469 5214 2581 5291 μεν.
2618 5215 2868 5291 Montac.
2902 5214 3107 5291 ἑγνῴκα
3115 5234 3209 5287 μεν
3220 5258 3233 5271 .

2134 5276 2247 5361 (24)
2279 5276 2402 5350 Τοῖς
2453 5276 2570 5361 μέν.
2608 5288 2704 5363 Sic
2752 5276 2952 5361 plures
3002 5276 3207 5363 Regg.,
3240 5284 3415 5343 Coisl.
3450 5285 3501 5353 1,
3536 5277 3633 5335 Or.
3664 5276 3722 5345 2,

2061 5356 2189 5417 Par.
2224 5356 2288 5418 In
2320 5356 2585 5429 εᾶητοῖς
2617 5356 2699 5415 ἂν.

2132 5436 2244 5507 (25)
2277 5426 2456 5487 Διπλᾶ
2479 5429 2558 5507 ⁸τὰ
2607 5431 2823 5505 ἁμαρτή
2835 5452 2996 5505 ματα.
3034 5456 3064 5486 ‹‹
3094 5429 3363 5506 Duplicia
3412 5426 3668 5499 peccata,
3696 5442 3718 5472 ι

2058 5506 2117 5560 id
2150 5504 2258 5582 est,
2294 5530 2322 5557 (ι
2355 5504 2633 5582 d_upl_ices_
2648 5504 2755 5582 pro
2788 5507 3042 5577 peccatis
3073 5504 3348 5582 pcenas.__n

2133 5565 2256 5651 (26)
2276 5565 2563 5648 Διπλοῖσίᾳ.
2598 5565 2807 5651 Billiqé
2833 5596 2901 5651 :_«
2934 5596 3039 5651 per
3074 5565 3565 5651 ‘dupjioitate‘mg
3597 5565 3723 5651 Y0!

2059 5639 2151 5705 hic
2204 5639 2695 5723 aéquivoca,'quia
2751 5639 3010 5705 διπλαᾶία
3061 5639 3223 5712 aliud
3279 5644 3453 5703 sonat
3511 5639 3724 5699 Latine

2058 5738 2238 5801 quam
2270 5738 2484 5783 uresce.
