4090 6420
329 389 443 451 9H

1253 379 1549 442 ORATIO
1591 380 1854 442 XVl.-—
1881 379 1963 441 IN
2007 380 2331 443 PATREM
2377 382 2822 445 TAGENTEM.

3628 386 3748 448 942

336 525 478 589 ζεται
511 514 698 572 πάλιν·
729 513 794 570 τὸ
855 513 972 588 μὲν,
1033 511 1229 567 ἰκεῖθεν
1283 510 1452 586 τυχὸν
1502 509 1862 587 τηρούμενος,
1919 510 1982 566 τὸ

2096 515 2273 571 etiam
2304 515 2483 573 Israel
2513 519 2873 589 castigatur;
2898 515 3030 573 aliis
3052 533 3261 573 rursus
3289 533 3392 590 per
3406 518 3748 590 septuplum

331 607 409 679 δὲ,
444 607 678 663 ἰντεῦθεν
731 602 1150 681 ἰατρευόμενος;
1202 601 1304 659 Καὶ
1355 606 1468 663 πῶς
1500 603 1527 656 ὁ
1561 599 1788 672 δίκαιος,
1820 603 1855 670 ἢ
1887 623 1981 656 κα-

329 701 557 761 κοπαθεῖ
603 693 996 770 πειραζόμενος
1048 688 1200 763 ἴσως,
1255 690 1291 759 ἢ
1342 689 1563 746 εὐπαθεῖ
1608 689 1985 767 συντηρούμε-

326 808 442 859 νος,
501 784 664 859 ἄνπερ
726 783 762 859 ᾖ
812 783 1035 858 πτωχὸς
1081 782 1182 852 τὴν
1226 776 1489 852 διάνοιαν,
1534 779 1623 836 καὶ
1661 783 1734 853 μὴ
1779 777 1987 858 σφόδρα

331 877 580 952 ὑπεράνω
636 876 743 946 (27)
801 877 909 928 τῶν
966 870 1285 947 ὁρωμένων,
1344 868 1435 923 καὶ
1494 870 1567 931 ὡς
1621 870 1684 925 τὸ
1743 867 1984 931 συνειδὸς

330 962 567 1020 διδάσκει
625 962 830 1018 τούτων
891 960 1160 1038 ἑκάτερον,
1232 958 1294 1015 τὸ
1354 958 1554 1015 οἰκεῖον
1614 959 1701 1014 καὶ
1758 955 1985 1032 ἀψευδὲς

326 1056 609 1130 κριτήριον
641 1071 654 1123 ;
690 1052 786 1114 Τίς
819 1053 853 1121 ἡ
882 1049 1098 1127 πληγὴ,
1133 1049 1222 1104 καὶ
1256 1048 1415 1104 πόθεν
1443 1068 1456 1120 ;
1511 1047 1745 1122 Πότερον
1789 1048 1986 1124 ἀρετῆς

328 1142 586 1219 ἔλεγχος,
700 1139 890 1204 κακίας
925 1141 1176 1218 βάσανος,
1209 1140 1298 1194 καὶ
1329 1139 1412 1195 δτι
1444 1144 1685 1216 κρεῖττον
1720 1139 1793 1201 ὡς
1824 1137 1990 1194 κολά-

326 1254 403 1289 σει
455 1234 793 1306 κάμπτεσθαι
847 1231 943 1286 κᾶν
1007 1232 1082 1304 μὴ
1143 1229 1316 1292 οὕτως
1375 1225 1498 1304 ἔχῃ,
1574 1229 1662 1283 καὶ
1725 1227 1828 1284 ὑπὸ
1887 1229 1984 1298 τὴν

325 1324 582 1397 κραταιὰν
610 1326 707 1376 τοῦ
741 1325 873 1376 Θεοῦ
905 1326 1067 1396 χεῖρα
1105 1320 1503 1389 ταπεινοῦσθαι,
1552 1319 1586 1388 ἣ
1632 1318 1708 1381 ὡς
1757 1316 1986 1392 δοκιμα-

324 1411 411 1482 σίᾳ
483 1410 920 1484 μετεωρίζεσθαι.
981 1414 1159 1465 Ταῦτα
1225 1406 1436 1479 δίδαξον
1490 1406 1580 1462 καὶ
1637 1409 1985 1480 νουθετησον,

328 1501 403 1572 μὴ
458 1501 665 1578 σφόδρα
710 1501 782 1572 τῇ
827 1499 1073 1576 παρούσῃ
1112 1497 1302 1575 πληγῇ
1349 1495 1634 1576 δυσφορεῖν
1667 1501 1815 1573 ἡμᾶς
1850 1500 1983 1572 (28),

325 1591 360 1658 ἣ
436 1590 511 1652 εἷς
575 1594 756 1644 κακῶν
830 1588 993 1665 βάθος
1061 1588 1389 1662 ἐμπεσόντας
1451 1590 1568 1662 (29)
1632 1589 1984 1667 καταφρονεῖν

325 1675 459 1752 (ἔστι
494 1682 596 1756 γάρ
627 1701 680 1734 τι
710 1679 799 1734 καὶ
829 1683 1045 1735 τοιοῦτο
1077 1681 1188 1752 (30)
1214 1679 1357 1751 πάθη
1370 1700 1444 1753 μα
1473 1676 1525 1733 ἒν
1557 1683 1678 1733 τοῖσ
1706 1677 1986 1751 πολλοῖς),

325 1767 471 1825 ἀλλὰ
529 1768 826 1847 σωφρόνως
871 1763 1018 1844 ἔχειν
1071 1770 1202 1845 πρὸς
1249 1770 1348 1839 τὴν
1391 1769 1692 1841 νουθεσίαν,
1765 1768 1854 1823 καὶ
1907 1768 1984 1841 μὴ

321 1860 422 1928 τὴν
459 1858 628 1932 μείζω
676 1857 1093 1935 προκαλεῖσθαι,
1147 1856 1235 1913 διὰ
1279 1865 1379 1928 τῆς
1428 1859 1566 1934 πρὸς
1598 1856 1799 1929 ταύτην
1837 1858 1987 1912 ἀναι-

325 1946 553 2018 σθησίας
585 1950 719 2022 (31).

2094 604 2153 658 ln
2187 605 2318 660 sinu
2356 606 2650 661 redditum
2675 611 2914 678 peccata
2937 605 3364 662 exhauriuntur
3382 607 3402 641 ⁵
3423 607 3452 660 ?
3471 609 3750 673 Quaenam

2092 694 2560 750 Amorrhaaorum
2595 711 2877 751 mensura
2904 695 3170 751 nondum
3194 695 3493 751 cumulata
3511 697 3532 732 ⁸
3550 695 3578 750 ‘I
3598 698 3752 762 Quo-

2095 799 2232 838 nam
2280 788 2450 856 pacto
2499 787 2787 856 peccator,
2843 788 2944 840 aut
2991 783 3327 854 dimittitur,
3375 787 3476 840 aut
3513 801 3752 840 rursum

2095 871 2382 945 supplicio
2414 873 2706 942 afﬁcitur;
2741 873 2912 943 illud,
2945 874 3080 946 quia
3112 874 3360 931 fortasse
3408 874 3477 930 ad
3509 873 3753 930 alteram

2094 962 2270 1017 vitam
2304 968 2654 1035 reservatur,
2685 963 2797 1019 hoc
2841 968 2907 1019 ut
2944 979 3013 1019 ea
3060 964 3283 1020 ratione
3313 965 3385 1019 ad
3438 964 3754 1020 sanitatem

2096 1054 2442 1108 revocetur?
2499 1054 2759 1118 Quonam
2821 1052 2959 1108 item
3020 1059 3189 1125 pacto
3248 1053 3337 1107 vir
3383 1054 3608 1124 justus,
3665 1050 3756 1109 vel

2096 1143 2379 1198 aerumnis
2422 1144 2730 1214 premitur,
2783 1146 2850 1198 ut
2897 1143 3148 1198 fortasse
3196 1147 3445 1211 tenetur,
3503 1142 3590 1197 vel
3622 1141 3756 1198 laeta

2098 1232 2297 1287 omnia
2327 1231 2522 1303 habet,
2557 1237 2623 1288 ut
2650 1237 3043 1301 conservetur,
3077 1233 3251 1287 modo
3278 1231 3354 1288 sit
3383 1232 3581 1288 animo
3609 1247 3754 1304 pau-

2097 1337 2218 1393 per,
2245 1337 2348 1376 nec
2369 1338 2549 1393 supra
2569 1338 2655 1391 ea,
2685 1338 2812 1393 quas
2836 1321 2895 1376 in
2918 1320 3223 1377 oculorum
3246 1337 3484 1377 sensum
3511 1321 3750 1392 cadunt,

2097 1410 2410 1466 admodum
2445 1415 2701 1483 evectus,
2727 1411 2881 1466 sicut
2902 1411 3076 1466 etiam
3101 1411 3478 1481 conscientia,
3510 1409 3619 1465 hoc
3642 1413 3751 1480 est,

2097 1500 2484 1556 domesticum
2506 1504 2561 1556 et
2581 1500 3073 1570 verumtribunal,
3089 1499 3298 1556 horum
3313 1503 3633 1572 utrumque
3651 1499 3754 1554 do-

2099 1593 2188 1646 cet
2202 1589 2516 1654 ?Quaanam
2532 1589 2654 1646 haec
2668 1589 2860 1662 plaga,
2876 1595 2932 1646 et
2944 1589 3137 1645 unde?
3151 1589 3359 1645 Utrum
3374 1588 3635 1645 utvirtus
3647 1604 3758 1646 no-

2098 1682 2221 1736 stra
2250 1680 2603 1752 exploretur,
2628 1698 2700 1736 an
2725 1686 2791 1736 ut
2809 1679 3158 1752 improbitas
3178 1677 3504 1734 vindicetur
3521 1677 3550 1733 ?
3571 1695 3758 1750 quan-

2097 1786 2276 1842 quam
2309 1773 2550 1842 praestat
2576 1769 2736 1826 velut
2765 1770 2838 1825 ob
2870 1785 3103 1842 poenam
3135 1768 3333 1837 (etiam
3376 1767 3424 1824 si
3463 1766 3633 1823 aliter
3663 1781 3758 1824 res

2097 1877 2162 1916 se
2190 1859 2425 1932 habeat)
2453 1859 2683 1916 animos
2713 1858 3040 1928 demittere,
3075 1875 3141 1915 ac
3171 1857 3284 1914 sub
3327 1859 3550 1930 potenti
3579 1873 3760 1913 manu

2097 1950 2192 2006 Dei
2217 1949 2520 2006 humiliari
2541 1950 2582 2021 ⁷,
2603 1965 2780 2022 quam
2797 1947 2955 2005 velut
2970 1948 3044 2005 ob
3066 1947 3471 2021 probationem
3491 1947 3550 2002 in
3571 1945 3758 2003 altum

326 2038 537 2094 efferri.
563 2037 691 2095 Haec
706 2039 866 2107 doce,
887 2043 1054 2110 atque
1073 2040 1341 2109 admone,
1365 2055 1435 2095 ne
1453 2039 1525 2095 ob
1539 2041 1886 2111 praesentem
1901 2038 2136 2112 plagam
2155 2040 2395 2113 gravius
2415 2039 2862 2103 discruciemur,
2882 2039 3054 2095 autin
3069 2037 3430 2110 profundum
3463 2035 3756 2092 malorum

326 2126 610 2200 prolapsi,
641 2144 770 2184 eam
803 2132 1252 2184 contemnamus
1285 2127 1364 2199 (id
1395 2129 1552 2184 enim
1579 2127 1877 2202 plerisque
1899 2128 1984 2184 ita
2007 2129 2186 2185 etiam
2208 2128 2445 2201 evenit),
2463 2145 2666 2184 verum
2690 2128 3009 2200 prudenter
3031 2127 3092 2182 in
3116 2126 3226 2183 hac
3247 2125 3626 2198 castigatione
3647 2140 3755 2181 nos

316 2233 615 2289 geramus,
647 2217 956 2290 ne,:animi
986 2217 1329 2290 stupiditate
1360 2235 1427 2274 ac
1458 2218 1586 2274 sine
1615 2235 1794 2274 sensu
1827 2234 1956 2274 eam
1990 2218 2349 2291 excipiendo,
2385 2219 2670 2289 majorem
2704 2233 3099 2274 accersamus.

398 2307 456 2374 ζ’.
491 2306 672 2362 Δεινὸν
731 2305 928 2383 ἀφορία
972 2308 1099 2381 γῆς,
1146 2307 1237 2360 καὶ
1286 2311 1508 2382 καρπῶν
1561 2306 1828 2362 ἀπώλεια·
1863 2310 1982 2368 πῶς

322 2391 378 2449 δὲ
431 2393 514 2467 οὕ,
563 2393 673 2465 ἤδη
745 2400 864 2458 ταῖς
931 2394 1146 2450 ἐλπίσιν
1223 2394 1642 2472 εὖφραινὸντων,
1711 2395 1800 2450 καὶ
1861 2400 1983 2458 ταῖς

319 2484 621 2556 ἀποθήκαις
651 2482 1067 2554 πλησιαζόντων
1095 2504 1109 2554 ;
1144 2484 1241 2539 Καὶ
1273 2482 1446 2540 δεινὸν
1500 2482 1678 2560 ἄωρος
1725 2486 1982 2561 θερισμὸς

319 2572 408 2628 καὶ
456 2573 697 2649 γεωργοὶ
741 2579 859 2637 τοῖς
910 2573 1099 2637 πόνοις
1167 2574 1668 2650 ἐπιστυγνάζοντες,
1726 2575 1816 2630 καὶ
1867 2574 1979 2628 οἷον

317 2668 526 2736 νεκροῖς
737 2665 1184 2740 παρακαθήμενοι
1232 2669 1346 2726 τοῖς
1389 2667 1735 2741 γεννήμασιν,
1766 2663 1798 2719 ἃ
1829 2663 1979 2726 ὑετὸς

318 2749 589 2829 ἐξέθρεψεν
657 2751 886 2830 ἥμερος,
946 2753 1036 2807 καὶ
1107 2751 1295 2830 ἄγριος
1371 2752 1675 2830 ἒξεθὲρισεν·
1751 2755 1824 2809 ὧν
1884 2753 1982 2808 οὐκ

320 2837 613 2918 ιπλήρωσε
641 2843 740 2912 τήν
773 2847 935 2918 χεῖρα
963 2841 1126 2897 αὐτοῦ
1159 2844 1185 2898 ὁ
1219 2843 1468 2918 θερίζων,
1524 2845 1613 2898 καὶ
1651 2845 1742 2898 τὸν
1770 2843 1977 2899 κόλπον

321 2929 484 2984 αὐτοῦ
535 2932 561 2985 ὁ
608 2931 674 2986 τὰ
727 2929 1008 3009 δράγματα
1055 2930 1359 3009 συλλέγων·
1410 2931 1535 2988 οιῖδὲ
1579 2940 1679 3004 τῆς
1729 2931 1979 3010 εὐλογίας

323 3017 405 3073 ἐπ’
455 3019 640 3083 αὐτοῖς
696 3017 908 3098 ἔτυχεν,
956 3023 1018 3092 ἣν
1067 3023 1385 3099 χαρίζονται
1433 3028 1705 3100 γεωργοῖς
1755 3024 1808 3078 οἱ
1836 3043 1980 3099 παρ-

319 3108 560 3183 άγοντες.
616 3110 714 3165 Καὶ
769 3111 942 3183 θέαμα
990 3111 1243 3184 ἐλεεινὸν,
1295 3119 1366 3187 γῆ
1417 3109 1844 3188 καθυϐρισμὲνη,
1887 3113 1978 3166 καὶ

321 3198 749 3275 ἀποκειραμένη,
800 3200 889 3255 καὶ
937 3201 1030 3256 τὸν
1080 3201 1275 3272 ἑαυτῆς
1326 3198 1528 3276 κόσμον
1588 3202 1686 3258 οὐκ
1752 3201 1975 3278 ἔχουσα.

315 3288 380 3341 Ὅ
430 3296 619 3365 θρηνεῖ
670 3292 762 3364 μὲν
809 3291 836 3347 ὁ
892 3291 1156 3368 μακάριος
1201 3291 1389 3363 Ἰωήλ,
1440 3300 1543 3370 γῆς
1611 3295 1976 3372 καταφθορὰν,

2163 2308 2258 2364 VI.
2291 2309 2512 2364 Acerba
2541 2323 2633 2363 res
2675 2312 2785 2377 est,
2812 2311 2978 2363 terrae
3029 2305 3332 2372 sterilitas,
3363 2309 3422 2362 et
3450 2305 3752 2361 fructuum

2085 2398 2360 2469 jactura;
2395 2397 2603 2469 quidni
2633 2401 2853 2468 autem,
2890 2413 3024 2452 cum
3062 2397 3189 2468 jam
3239 2412 3342 2468 spe
3373 2392 3753 2466 oblectarent,

2093 2491 2267 2559 atque
2296 2487 2524 2543 horreis
2575 2485 3165 2560 appropinquarent?
3213 2484 3432 2541 Acerba
3460 2499 3574 2556 res,
3606 2500 3756 2555 prae-

2093 2581 2326 2632 matura
2370 2578 2601 2647 messis,
2663 2581 2722 2634 et
2778 2576 3048 2650 agricolas
3104 2574 3337 2632 labores
3393 2591 3534 2631 suos
3590 2573 3755 2630 luctu

2090 2669 2534 2738 prosequentes,
2592 2683 2657 2722 ac
2712 2665 3102 2739 germinibus,
3158 2668 3441 2736 tanquam
3501 2661 3754 2719 mortuis

2092 2755 2439 2825 assidentes,
2469 2773 2596 2828 quae
2631 2755 2792 2810 mitis
2830 2755 3021 2810 imber
3051 2753 3216 2821 aluit,
3249 2769 3317 2809 ac
3363 2752 3522 2808 ferus
3546 2755 3606 2807 et
3635 2752 3752 2806 im-

2091 2845 2285 2900 manis
2333 2845 2698 2913 demessuit;
2757 2843 2973 2916 quibus
3018 2861 3136 2899 non
3195 2841 3458 2914 implevit
3506 2857 3750 2897 manum

2091 2951 2254 2990 suam
2289 2934 2387 3005 qui
2418 2935 2606 3006 metit,
2639 2937 2694 2990 et
2716 2935 2913 2990 sinum
2945 2949 3121 2989 suum
3147 2932 3245 3004 qui
3270 2930 3604 3004 manipulos
3627 2929 3750 2985 col-

2088 3023 2293 3096 ligits;
2330 3041 2434 3079 nec
2473 3028 2782 3096 propterea
2829 3021 3297 3079 benedictionem
3345 3036 3499 3089 eam,
3543 3035 3748 3091 quam,

2091 3115 2190 3186 qui
2222 3119 2594 3187 praetereunt,
2637 3112 2909 3185 agricolis
2957 3111 3257 3184 impertire
3300 3110 3510 3178 solent,
3543 3124 3750 3165 conse-

2091 3209 2264 3260 cutus
2282 3210 2387 3260 est.
2415 3204 2691 3259 Miserum
2720 3202 3144 3274 spectaculum,
3164 3205 3317 3256 terra
3341 3199 3504 3255 clade
3520 3199 3746 3268 affecta,

2091 3299 2148 3349 et
2180 3295 2447 3362 detonsa,
2477 3310 2701 3365 suoque
2748 3297 2958 3348 ornatu
3012 3291 3280 3363 spoliata.
3332 3291 3494 3355 Quod
3527 3291 3583 3344 et
3613 3288 3748 3343 bea-

315 3379 405 3432 καὶ
438 3376 609 3454 λιμοῦ
644 3380 895 3455 βάσανον,
931 3381 975 3435 εί
1008 3381 1095 3435 καί
1144 3403 1228 3443 τις
1274 3380 1468 3449 ἄλλος,
1529 3379 1971 3459 ἐκτραγῳδήσας·

2093 3387 2184 3440 tus
2213 3382 2340 3439 Joel
2373 3384 2637 3455 deplorat
2657 3383 2696 3452 θ,
2733 3386 2910 3438 cantu
2942 3381 3201 3454 lugubri,
3232 3384 3298 3435 ut
3328 3379 3374 3435 si
3409 3379 3543 3451 quis
3571 3377 3745 3444 alius,

315 3467 505 3543 θρηνεῖ
556 3465 614 3522 δὶ
662 3471 953 3545 προφήτης
999 3470 1181 3545 ἓτερος
1235 3473 1366 3544 (33),
1424 3475 1494 3545 τῇ
1560 3472 1823 3548 πρότερον
1884 3471 1975 3526 εὖ·

311 3555 515 3626 κοσμίᾳ
568 3557 665 3622 τὴν
725 3555 1034 3610 τελευταίαν
1087 3558 1349 3630 ἀκοσμίαν
1407 3559 1712 3630 ἀντιτιθεὶς,
1765 3559 1816 3614 ἐν
1892 3559 1975 3621 οἶς

313 3663 444 3717 φησι
503 3643 626 3717 περὶ
693 3643 865 3719 ὀργῆς
940 3644 1139 3719 Κυρίου
1207 3643 1616 3721 διαλεγόμενος,
1677 3648 1972 3722 θραύοντος

314 3736 438 3806 γῆν·
530 3733 608 3786 Τά
701 3729 1002 3808 ἔμπροσθεν
1088 3733 1252 3788 αὐτοῦ
1337 3733 1662 3810 παράδεισος
1737 3743 1969 3814 τρυφῆς,

311 3820 402 3874 καὶ
452 3822 519 3876 τὰ
594 3816 810 3878 ὄπισθεν
863 3824 976 3897 (34)
1025 3821 1208 3878 πεδίον
1274 3825 1601 3902 ἀφανισμοῦ.
1663 3828 1819 3879 Δεινὰ
1875 3826 1969 3898 μὲν

313 3907 378 3978 δὴ
410 3915 598 3986 ταῦτα,
626 3911 715 3966 καὶ
756 3912 895 3990 πὲρα
943 3910 1154 3986 δεινῶν,
1199 3909 1304 3977 ἕως
1362 3915 1495 3988 μόνα
1541 3914 1700 3970 λι)πεὶ
1751 3916 1816 3970 τὰ
1857 3917 1971 3989 (35)

309 3999 573 4076 παρόντα,
631 4001 720 4057 καὶ
778 4002 931 4058 οῧπω
989 4001 1394 4080 χαλεπωτέρας,
1438 4004 1558 4076 ἀνιᾷ
1612 4003 1838 4080 πληγῆς
1890 4002 1970 4060 αἶ’-

314 4091 520 4160 σθησις·
558 4089 768 4165 ἐπειδὴ,
801 4095 1040 4167 καθάπερ
1073 4093 1124 4148 ἐν
1151 4099 1267 4157 τοῖς
1318 4097 1615 4168 νοσήμασι,
1647 4095 1709 4150 τὸ
1761 4095 1968 4150 λυποῦν

313 4176 395 4233 ἀεῖ
454 4180 625 4245 πάθος
666 4186 762 4236 τοῦ
816 4185 890 4256 μή
945 4183 1214 4260 παρόντος
1264 4184 1646 4260 ἀνιαρώτερον·
1701 4182 1972 4262 δεινότερα

314 4263 360 4320 δ’
392 4266 468 4324 ἔτι
501 4269 709 4326 τούτων
773 4272 824 4327 οἱ
876 4275 972 4342 τῆς
1022 4272 1189 4350 ὀργῆς
1236 4279 1334 4329 τοῦ
1385 4279 1518 4329 Θεοῦ
1550 4275 1814 4349 θησαυροὶ
1844 4274 1972 4351 παρ’

310 4356 524 4422 ἑαυτοῖς
572 4359 922 4437 κατέχουσιν,
972 4364 1046 4418 ὧν
1101 4365 1177 4437 μὴ
1221 4364 1434 4439 γένοιτο
1465 4370 1654 4441 πεῖραν
1686 4365 1827 4438 ὑμᾶς
1858 4366 1972 4439 (36)

309 4442 519 4502 λαϐεῖν·
577 4447 703 4505 οὐδὲ
747 4472 807 4525 γε
855 4451 1096 4524 λήψεσθε
1145 4453 1280 4528 πρὸς
1326 4453 1451 4516 τοὺς
1505 4454 1827 4529 οἷκτιρμοὺς
1875 4458 1972 4509 τοῦ

309 4540 442 4590 Θεοῦ
472 4537 918 4614 καταφεύγοντες,
950 4540 1039 4593 καὶ
1069 4541 1159 4594 τὸν
1191 4541 1428 4611 θελητήν
1472 4545 1587 4616 (37)
1633 4547 1731 4598 τοῦ
1782 4541 1972 4605 ἐλέους

305 4628 423 4686 τοῖς
473 4623 722 4700 δάγρυσιν
771 4624 1044 4694 ἕλκοντες,
1095 4629 1186 4682 καὶ
1235 4629 1297 4682 τὸ
1347 4631 1470 4699 ἑξῆς
1520 4637 1621 4699 τῆς
1679 4631 1851 4706 ὀργῆς
1884 4629 1974 4686 διὰ

307 4715 408 4779 τῆς
458 4710 791 4791 ἐπιστροφῆς
838 4714 1291 4792 ἀποστρέφοντες.
1341 4718 1463 4789 ’Ἑρι
1506 4718 1752 4792 πραότης
1780 4724 1969 4792 ταῦτα,

313 4799 403 4855 καὶ
435 4800 840 4879 φιλανθρωπία,
871 4810 964 4858 καῖ
991 4802 1270 4868 παίδευσις
1301 4807 1530 4882 ἥμερος,
1579 4807 1670 4862 καὶ
1719 4813 1974 4884 στοιχεῖα

2085 3478 2252 3529 terras
2275 3473 2712 3544 corruptionem
2735 3477 2794 3527 et
2816 3471 2987 3526 famis
3011 3469 3335 3526 cruciatum
3355 3482 3747 3539 exaggerans;

2086 3567 2142 3617 et
2171 3563 2310 3617 item
2344 3562 2491 3617 alter
2511 3561 2799 3633 propheta
2823 3560 3004 3632 luget,
3031 3557 3286 3629 pristina)
3319 3554 3747 3628 pulchritudini

2085 3651 2468 3722 posteriorem
2500 3649 2928 3705 deformitatem
2950 3663 3270 3720 opponens,
3305 3661 3439 3700 cum
3471 3642 3747 3700 videlicet

2085 3740 2155 3794 de
2184 3738 2416 3794 Domini
2465 3738 2553 3792 ira
2578 3742 2794 3792 terram
2845 3736 2999 3792 δοκι
3029 3732 3406 3806 percutientis
3449 3732 3532 3788 ita
3567 3731 3746 3787 verba

2087 3828 2325 3896 faciens,
2359 3827 2418 3881 in
2452 3827 2610 3882 hunc
2637 3825 2879 3881 modum
2929 3823 3226 3896 loquitur:
3277 3823 3570 3878 Anteriora
3599 3821 3740 3891 ejus,

2081 3921 2266 3972 hortus
2313 3916 2630 3986 voluptatis,
2676 3916 2987 3986 posteriora
3033 3917 3241 3978 autem,
3289 3927 3516 3982 campus
3561 3914 3742 3966 exter-

2083 4008 2332 4064 mini-£10.
2385 4005 2596 4062 Gravia
2643 4005 2880 4077 quidem
2934 4003 3058 4060 haec
3113 4006 3272 4074 sunt,
3306 4018 3372 4058 ac
3419 4001 3741 4075 plusquam

2083 4097 2301 4171 gravia,
2336 4095 2599 4170 quandiu
2623 4093 2933 4168 praesentia
2955 4092 3082 4148 sola
3111 4090 3443 4148 molestiam
3465 4091 3738 4160 afferunt,

2083 4204 2190 4243 nec
2220 4183 2528 4243 atrocioris
2551 4184 2733 4257 plagae
2755 4201 2967 4240 sensus
2987 4197 3237 4238 maerore
3257 4181 3450 4236 adhuc
3471 4179 3738 4236 animum

2083 4276 2279 4347 pulsat
2309 4293 2322 4345 ;
2356 4273 2860 4346 quandoquidem,
2884 4290 2999 4329 non
3023 4287 3193 4328 secus
3218 4276 3390 4342 atque
3409 4269 3470 4325 in
3494 4268 3739 4335 morbis,

2083 4366 2392 4423 calamitas
2423 4381 2682 4438 praesens
2714 4379 2946 4436 semper
2975 4360 3278 4418 molestior
3307 4364 3414 4429 est,
3440 4375 3618 4432 quam
3649 4374 3741 4430 ea,

2083 4473 2211 4529 quae
2245 4455 2449 4528 procul
2497 4456 2684 4511 abest.
2733 4455 2806 4508 At
2848 4452 2942 4509 his
2988 4453 3179 4510 adhuc
3230 4450 3494 4524 graviora
3535 4448 3742 4505 divinas

2082 4545 2184 4599 iraa
2233 4542 2492 4599 thesauri
2545 4543 2701 4613 apud
2759 4556 2820 4597 se
2865 4541 3169 4597 continent
3219 4543 3286 4606 ίί,
3332 4555 3461 4612 quae
3513 4537 3743 4595 utinam

2080 4631 2247 4688 vobis
2279 4630 2527 4702 experiri
2572 4631 2817 4684 minime
2865 4632 3206 4701 contingat:
3259 4645 3364 4684 nec
3406 4643 3544 4684 vero
3574 4641 3743 4698 expe-

2084 4719 2338 4789 riemini,
2390 4718 2565 4772 modo
2615 4717 2687 4774 ad
2748 4717 2852 4772 Dei
2905 4717 3317 4774 miserationes
3363 4715 3740 4787 confugiatis,

2084 4823 2359 4880 eumque,
2394 4805 2496 4878 qui
2524 4805 2649 4862 vult
2698 4805 3166 4863 misericordiam
3198 4807 3267 4878 1',
3299 4803 3576 4879 lacrymis
3604 4820 3743 4876 per-

382 4942 588 5020 :PsaL
648 4964 876 5016 Lxxvm,
939 4950 1026 5006 12.
1087 4949 1281 5005 6Gen.
1358 4965 1451 5018 xv,
1509 4949 1597 5005 l6.
1660 4950 1737 5004 ⁷Ι
1794 4951 1944 5008 Petr.
2005 4968 2061 5020 v,
2116 4951 2170 5004 6.
2203 4949 2224 4984 ⁸
2258 4949 2406 5006 Psal.
2461 4964 2694 5020 cxxvm,
2751 4948 2808 5004 7.
2866 4948 3036 5007 °Joel
3069 4965 3109 5020 ι,
3167 4947 3256 5006 lO.
3319 4947 3625 5020 10.106111,
3681 4949 3738 5006 3.

307 5016 346 5050 ¹¹
380 5015 551 5074 Deut.
582 5035 761 5089 χχχιι,
793 5021 883 5077 34.
918 5022 960 5056 ⁸³
989 5021 1119 5078 Ose.
1151 5039 1233 5089 v1,
1263 5023 1318 5078 6.

388 5160 818 5246 (27))Υπεράνω.
853 5164 947 5224 Sic
993 5171 1110 5222 tres
1162 5166 1338 5239 Regg.
1374 5167 1437 5221 In
1485 5165 1660 5222 editis
1708 5165 1967 5236 divisim,

314 5247 514 5443 υττῗὲθῖ
527 5252 726 5373 1ῗίίλιεις.
761 5306 855 5390 Sic
885 5307 1084 5380 plures
1113 5309 1282 5365 codd.
1318 5309 1485 5365 Deest
1514 5308 1574 5364 in
1602 5310 1692 5366 ed.

314 5406 338 5418 λ
385 5374 473 5443 (29
551 5371 936 5443 Ἐμπεσόντας.
993 5383 1191 5437 Comb.
1253 5381 1436 5438 addit.
1499 5378 1529 5434 ὅ
1588 5377 1654 5443 δὴ

314 5406 338 5418 ~
385 5371 936 5458 (29)”Ιξμπεσόντας.
993 5383 1191 5437 Comb.
1253 5381 1436 5438 addit.
1499 5378 1529 5434 ὅ
1588 5377 1654 5449 δὴ
1727 5379 1965 5456 λέγεται,

317 5467 345 5495 ‹‹
377 5445 533 5518 quod
566 5445 675 5502 dici
711 5451 876 5508 solet.
906 5476 927 5502 ι

382 5516 495 5589 (30)
524 5519 768 5578 Τοιοῦτο.
801 5524 895 5581 Sic
944 5524 1114 5582 Coisl.
1152 5527 1203 5597 1,
1235 5529 1293 5581 et
1340 5529 1470 5580 Par.
1518 5525 1579 5579 in
1631 5525 1746 5594 ed.,
1781 5528 1965 5579 τοιοῦ-

310 5607 497 5736 Tﬁnitivi)
529 5659 627 5715 Καὶ
675 5661 839 5734 μὴ...
881 5663 1253 5735 ἀναισθησίας.
1287 5667 1515 5736 Billius,
1544 5691 1566 5720 ι
1601 5684 1674 5726 ne
1708 5670 1782 5731 ad
1814 5670 1969 5729 hanc

312 5732 816 5810 obstupescentes,
848 5732 1136 5812 majorem
1164 5732 1610 5802 accersamus.»

2152 5166 2265 5238 (32)
2297 5167 2548 5238 Νεκροῖς.
2582 5165 2722 5238 Reg.
2758 5164 2856 5237 ph,
2885 5166 3070 5238 addit,
3102 5185 3232 5238 non.

2162 5235 2243 5292 '33
2296 5235 2422 5291 Ἕτε
2462 5255 2541 5298 ος.
2587 5258 2614 5286 ‹‹
2645 5235 2826 5292 Alter.
2861 5259 2890 5287 ιδ
2924 5237 3110 5304 Forte,
3159 5235 3378 5313 ἑτέρως,
3410 5260 3439 5289 ‹‹
3475 5237 3678 5296 aliter°
3706 5259 3735 5294 ι)

2152 5244 2194 5364 l.
2245 5235 2486 5364 ἐτέρωθί
2521 5331 2549 5360 ‹‹
2583 5307 2744 5364 alibi.
2774 5331 2794 5358 ι
2845 5307 2992 5364 Nam
3041 5313 3218 5364 verba
3275 5316 3416 5364 sunt
3469 5287 3732 5364 eiusde’m

2078 5305 2203 5438 Evcl,1
2245 5305 2486 5434 i‘iépéuilt',
2521 5331 2549 5360 «
2583 5307 2744 5364 alibi.
2774 5331 2794 5358 ι
2845 5307 2992 5365 Nam
3041 5313 3218 5366 verba
3249 5305 3416 5368 'sunt
3469 5305 3734 5384 ejusdem

2117 5399 2182 5438 oe
2215 5423 2226 5434 .
2261 5399 2279 5436 1
2310 5423 2322 5438 .
2353 5418 2365 5432 .
2397 5424 2408 5434 .
3728 5397 3730 5402 '

2117 5397 2226 5439 oel.
2261 5397 2322 5448 ιι,
2353 5397 2408 5434 ὅ.
2528 5444 2552 5448 Α
3728 5397 3730 5402 ’

2300 5444 2398 5528 Καὶ
2425 5449 2494 5528 Eii
2524 5444 2774 5528 ὄπισθεν..
2795 5450 2970 5528 Co_isl.
3005 5455 3064 5528 1,
3087 5452 3178 5507 καὶ
3208 5453 3281 5509 τι⁹
3311 5452 3510 5513 ὀπίσω.

2153 5523 2265 5596 (35)
2294 5523 2514 5588 Τά.,8ἰο
2545 5523 2686 5594 Reg.
2719 5523 2819 5596 ph.
2844 5523 3022 5596 Deest
3043 5523 3110 5581 in
3143 5529 3234 5583 ed.

2173 5595 2264 5668 36)
2293 5600 2476 5668 'l‘pac.
2494 5599 2682 5668 ,Deest
2710 5595 2769 5651 in
2801 5595 3092 5668 pluribus.

2173 5662 2265 5742 37)
2294 5662 2398 5724 Τόν
2433 5662 2694 5739 θελητήν.
2729 5662 2825 5725 Οιῆ
2857 5671 2914 5738 2,
2937 5668 3029 5725 τὸν
3059 5666 3306 5746 τελέτην.
