4090 6432
335 439 455 499 945

1259 431 1551 493 ORATIO
1595 431 1756 494 XVI.
1792 466 1869 477 —
1900 432 1980 493 IN
2023 431 2347 493 PATREM
2390 431 2842 493 TACENTEM.

3650 429 3768 492 946

341 564 492 629 ἱστὰς
519 561 588 621 τὰ
609 562 1001 639 ἁμαρτήματα,
1038 562 1169 624 τοὺς
1216 560 1446 637 πικροὺς
1493 561 1854 638 κατηγόρους,
1904 562 1995 618 καὶ

2111 565 2217 621 hos
2247 569 2306 620 et
2350 563 2750 621 amarulentos
2810 569 3203 632 accusatores,
3236 562 3404 619 nobis
3456 562 3518 618 in
3557 562 3763 619 faciem

342 655 422 718 οῖς
466 652 522 711 εὖ
569 652 935 727 πεπόνθαμεν,
986 651 1019 707 ἃ
1091 652 1450 725 ἠνομήσαμεν
1523 653 1843 729 ἆντεξάγων,
1911 653 2002 709 καὶ

343 744 601 820 λογισμῷ
649 743 915 819 λογισμὸν
967 739 1254 813 πλήσσων,
1303 740 1393 795 καὶ
1442 742 1629 818 πράξει
1670 744 1861 818 πρᾶξιν
1912 743 2001 798 εύ-

343 834 538 905 θύνων,
573 833 662 889 καὶ
693 834 756 887 τὸ
804 839 905 902 τῆς
957 830 1164 893 εἰκόνος
1194 831 1433 885 ἀπαιτῶν
1468 830 1700 905 ἀξίωμα,
1731 834 1811 904 τῷ
1843 832 2004 904 κακίᾳ

342 921 780 993 συνθολωθείσης
840 922 929 976 καὶ
985 919 1368 996 συγχυθείσης,
1422 921 1485 975 τὸ
1540 920 1848 976 τελευταῖον
1899 922 2002 976 ἀπ-

338 1011 458 1089 άγει
500 1014 609 1087 (51)
643 1008 839 1073 αὐτοὺς
870 1010 955 1089 ὑφ’
988 1011 1189 1065 ἑαυτῶν
1239 1009 1736 1087 κατεγνωσμένους,
1768 1012 1858 1065 καὶ
1905 1032 1999 1065 κα-

334 1102 781 1179 τακεκριμένους,
830 1102 919 1156 καὶ
966 1098 1092 1156 οὐδὲ
1140 1101 1214 1163 ὡς
1264 1098 1423 1155 ἄδικα
1454 1102 1741 1177 πάσχομεν
1775 1103 1889 1177 (52)
1921 1101 2001 1157 εἰ-

334 1196 455 1247 πεῖν
485 1186 738 1267 ἔχοντας,
772 1188 903 1266 ὅπερ
937 1189 1161 1246 ἐνταῦθα
1200 1194 1318 1252 τοῖς
1369 1189 1673 1266 πάσχουσιν
1722 1188 1861 1247 ἔστιν
1911 1188 2000 1245 ὅτε

333 1279 513 1337 ἰκανὸν
550 1281 625 1344 εἰς
654 1280 998 1356 παραμυθίαν
1020 1282 1119 1349 τῆς
1148 1277 1516 1355 κατακρίσεως
1540 1297 1554 1349 ;

2114 659 2381 711 statuens
2410 656 2477 725 ²²,
2510 657 2863 725 acceptaque
2891 652 3175 709 beneficia
3206 669 3339 707 cum
3362 652 3455 724 iis,
3483 670 3610 725 quae
3654 653 3767 708 ini-

2114 762 2228 819 que
2266 744 2639 812 admisimus,
2688 760 2756 799 ex
2789 744 3029 798 adverso
3063 742 3386 812 conferens,
3439 746 3495 797 et
3552 742 3766 814 cogita-

2110 837 2270 890 tione
2301 833 2737 905 cogitationem,
2771 832 3105 900 verberans,
3140 836 3197 886 et
3226 830 3451 886 actione
3480 831 3764 886 actionem

2112 925 2440 995 exquirens,
2504 927 2562 977 et
2610 922 2750 977 vitio
2805 922 3216 976 contaminata:
3283 924 3457 991 atque
3514 920 3767 975 confusa:

2112 1013 2388 1085 imaginis
2410 1012 2757 1083 dignitatem
2780 1028 2813 1066 a
2834 1011 3005 1066 nobis
3029 1026 3370 1082 exposcens,
3394 1026 3501 1065 nos
3526 1009 3766 1065 demum

2112 1105 2378 1169 abducet,
2407 1100 2899 1172 anobismetipsis
2920 1100 3219 1171 judicatos
3250 1103 3306 1153 et
3321 1100 3762 1168 condemnatos,

2110 1193 2345 1265 hucque
2376 1192 2681 1258 abductos,
2700 1194 2765 1244 ut
2785 1206 2857 1245 ne
2886 1189 2944 1244 id
2979 1190 3217 1260 quidem
3241 1188 3433 1244 dicere
3450 1205 3761 1260 queamus,

2110 1299 2216 1337 nos
2248 1281 2449 1353 inique
2471 1279 2759 1352 supplicio
2792 1279 2984 1334 afﬁci?
3004 1280 3165 1343 Quod
3198 1279 3434 1351 quidem
3474 1278 3571 1333 hic
3603 1279 3762 1350 apud

327 1386 450 1442 eos,
491 1371 591 1443 qui
637 1386 841 1442 poenas
887 1369 1079 1440 luunt,
1132 1387 1561 1442 nonnunquam
1612 1370 1762 1426 hanc
1820 1371 1937 1427 vim
1987 1370 2184 1439 habet,
2238 1374 2302 1426 ut
2347 1385 2549 1425 eorum
2594 1368 3140 1424 condemnationem
3190 1371 3247 1422 et
3294 1367 3621 1423 cruciatum
3672 1367 3759 1423 le-

371 1461 455 1516 iat

329 1478 455 1517 1118.3

401 1548 473 1602 8"
509 1548 655 1603 Ἐκεῖ
689 1543 747 1601 δὶ
770 1538 859 1609 τίς
892 1548 1238 1622 συνήγοροςς
1272 1551 1406 1602 ποῖα
1452 1549 1691 1622 σκῆψις;
1741 1546 1824 1609 τίς
1871 1549 1996 1622 ψευ-

2177 1549 2268 1605 ΙΧ.
2305 1547 2429 1603 lllic
2462 1550 2660 1603 autem
2714 1546 2845 1618 quis
2904 1545 3231 1617 patronus?
3286 1544 3420 1616 quis
3453 1546 3758 1617 speciosus

331 1632 430 1705 δής
467 1634 771 1713 ἀπολογία;
820 1635 953 1690 ποία
1001 1634 1293 1707 πιθανότης
1344 1635 1591 1713 ἔντεχνος
1619 1655 1632 1705 ;
1663 1636 1749 1699 τίς
1782 1635 1993 1691 ἐπίνοια

2103 1638 2311 1695 titulus
2335 1642 2357 1694 Ρ
2378 1655 2507 1709 quae
2539 1638 2735 1692 fucata
2765 1636 3026 1691 defensio
3047 1636 3075 1690 ‘I
3106 1651 3233 1706 quae
3274 1634 3591 1691 artiﬁciosa
3636 1635 3756 1691 veri

328 1726 465 1780 κατὰ
520 1728 620 1794 τῆς
682 1723 942 1796 ἀληθείας
1000 1725 1416 1802 παραλογιεῖται
1488 1727 1552 1781 τὸ
1617 1723 1990 1802 δικαστήριον,

2102 1728 2427 1784 similitudo
2449 1727 2476 1781 ?
2506 1728 2641 1791 Quae
2671 1725 2900 1781 consilii
2920 1726 3203 1780 adversus
3231 1724 3537 1780 veritatem
3570 1724 3757 1781 soler-

327 1813 418 1869 καὶ
468 1811 697 1889 κλέάψει
737 1815 837 1884 τὴν
903 1813 1068 1892 ὀρθὴν
1126 1814 1299 1891 κρίσιν
1364 1819 1483 1878 τοῖς
1528 1820 1660 1870 πᾶσι
1710 1816 1885 1870 πάντα
1938 1814 1988 1869 ἐν

2101 1818 2182 1874 tia
2210 1816 2467 1872 tribunal
2490 1815 2635 1870 illud
2660 1815 3096 1880 circumveniet,
3129 1830 3194 1869 ac
3212 1818 3434 1868 rectum
3460 1813 3755 1883 judicium

331 1907 476 1981 ζυγῷ
505 1905 762 1972 τιθεῖσαν,
792 1902 883 1959 καὶ
922 1903 1139 1981 πρᾶξιν,
1170 1903 1259 1959 καὶ
1309 1902 1499 1980 λόγον,
1550 1904 1641 1960 καὶ
1692 1902 1987 1978 διανόημα,

2101 1907 2315 1978 eludet,
2349 1907 2548 1962 omnia
2577 1905 2853 1961 omnibus
2878 1903 2937 1958 in
2969 1907 3190 1959 statera
3223 1902 3540 1971 collocans,
3573 1904 3755 1958 actio-

324 1992 415 2047 καὶ
447 1995 837 2064 ἀντισηκοῦσαν
868 1994 983 2067 (53)
1011 1998 1129 2056 τοῖς
1162 1999 1430 2068 πονηροῖς
1457 1995 1525 2048 τὰ
1578 1992 1852 2068 βελτίονα,
1898 1992 1990 2049 ’ίνα

2101 2015 2256 2065 nem,
2308 2012 2665 2062 sermonem,
2724 1993 3158 2066 cogitationem,
3190 1992 3559 2063 virtutesque
3617 2009 3751 2049 cum

320 2078 383 2136 τὸ
419 2079 584 2158 ῥέπον
615 2082 830 2156 νικήσῃ,
860 2081 950 2136 καὶ
985 2082 1119 2155 μετὰ
1145 2086 1242 2136 τοῦ
1291 2081 1545 2145 πλείονος
1590 2086 1624 2152 ἡ
1674 2085 1857 2162 ψῆφος
1897 2084 1983 2159 γέ-

2101 2088 2247 2143 vitiis
2268 2104 2337 2142 ex
2367 2102 2531 2155 aequo
2561 2086 2910 2157 rependens,
2952 2087 3034 2150 ut,
3070 2083 3225 2154 quod
3258 2083 3601 2153 propendet,
3658 2082 3749 2136 vi-

317 2191 499 2243 νηται,
537 2171 656 2246 μεθ’
688 2172 749 2241 ἣν
794 2170 891 2225 οὐκ
919 2168 1119 2251 ἔφεσις,
1148 2172 1210 2226 οὗ
1240 2173 1432 2249 κριτὴς
1466 2160 1831 2250 ὑψηλότερος,
1884 2173 1983 2229 οὐκ

2101 2178 2335 2235 ctoriam
2370 2176 2653 2243 obtineat,
2683 2179 2859 2245 atque
2890 2173 2961 2229 ab
2992 2171 3273 2244 ampliore
3313 2175 3478 2243 parte
3511 2175 3745 2227 senten-

317 2258 594 2336 ἀπολογία
643 2258 713 2315 δι’
763 2258 936 2335 ἔργων
990 2258 1278 2333 δευτέρων,
1328 2260 1427 2316 οὐκ
1455 2257 1637 2317 ἔλαιον
1670 2262 1816 2335 παρὰ
1871 2267 1977 2317 τῶν

317 2350 597 2428 φρονίμων
647 2349 952 2424 παρθένων,
1001 2349 1037 2419 ἢ
1067 2354 1176 2404 τῶν
1230 2348 1589 2423 πωλούντων,
1639 2356 1758 2413 ταῖς
1805 2350 1979 2407 ἐκλει-

317 2439 544 2501 πούσαις
596 2437 895 2512 λαμπάσιν,
948 2439 1008 2493 οὗ
1080 2439 1412 2512 μεταμέλεια
1477 2439 1748 2495 πλουσίου
1815 2440 1978 2519 φλογὶ

316 2526 646 2602 τηκομένου,
677 2528 767 2582 καὶ
798 2532 916 2590 τοῖς
961 2527 1186 2591 οἰκείοις
1231 2528 1617 2597 ἐπιζητοῦντος
1667 2527 1977 2606 διόρθωσιν,

320 2618 381 2675 οὗ
439 2617 743 2696 προθεσμία
805 2620 1240 2691 μεταποιήσεως.
1299 2617 1447 2674 ἀλλά
1500 2619 1591 2674 καὶ
1647 2620 1838 2693 μόνον,
1890 2620 1980 2675 καὶ

317 2706 654 2778 τελευταῖον,
712 2704 804 2761 καὶ
853 2701 1084 2785 φοϐερὸν
1136 2707 1197 2761 τὸ
1247 2709 1556 2783 κριτήριον,
1621 2709 1709 2763 καὶ
1774 2707 1978 2764 δίκαιον

319 2796 485 2853 πλέον
519 2798 555 2868 ἢ
589 2795 711 2852 ὅσον
746 2791 1027 2875 ἐπίφοϐον,
1065 2794 1278 2870 μᾶλλον
1313 2795 1371 2851 δὲ
1401 2797 1490 2852 διὰ
1517 2802 1679 2853 τοῦτο
1728 2799 1817 2853 καὶ
1866 2801 1979 2873 (54)

321 2881 718 2964 φοϐερώτερον,
751 2884 835 2941 ὅτι
871 2886 962 2940 καὶ
996 2883 1200 2941 δίκαιον
1231 2904 1245 2955 ;
1296 2885 1482 2943 Ἡνίκα
1540 2887 1727 2960 θρόνοι
1785 2887 1980 2963 προτί-

326 2976 523 3049 θενται,
544 2975 633 3031 καὶ
665 2975 907 3038 Παλαιὸς
934 2978 1180 3050 ἡμερῶν,
1208 2976 1611 3052 πρεκαθέζεται,
1645 2977 1734 3033 καὶ
1792 2973 1980 3053 βίϐλοι

324 3062 631 3141 ἀνοίγονται
665 3067 799 3139 (55),
839 3065 929 3119 καὶ
974 3066 1222 3140 ποταμὸς
1271 3068 1441 3143 πυρὸς
1490 3066 1728 3138 ἓλκεται,
1781 3067 1869 3122 καὶ
1918 3068 1980 3121 τὸ

317 3158 433 3233 φῶς
493 3152 817 3231 ἔμπροσθεν,
876 3155 967 3210 καὶ
1024 3156 1087 3211 τὸ
1144 3156 1335 3219 σκότος
1403 3158 1832 3231 ἡτοιμασμένον·
1891 3158 1980 3212 καὶ

315 3243 673 3321 πορεύσονται
901 3246 952 3300 οἱ
1000 3246 1069 3300 τὰ
1140 3245 1312 3323 ἀγαθὰ
1358 3248 1684 3318 ποιήσαντες
1730 3247 1806 3309 εἷς
1857 3246 1980 3301 ἀνά-

318 3354 499 3389 στασιν
546 3339 713 3406 ζῶῆς,
760 3337 860 3404 τῆς
914 3335 967 3390 ἐν
1016 3338 1239 3411 Χριστῷ
1285 3341 1377 3393 νῦν
1426 3337 1833 3413 κρυπτομένης,
1892 3337 1982 3391 καὶ

318 3422 539 3501 ὕστερον
591 3424 738 3496 αότῷ
794 3425 1332 3503 συμφανερουμένηςο
1410 3428 1467 3480 οἱ
1535 3425 1592 3481 δὲ
1660 3427 1728 3482 τὰ
1802 3426 1982 3505 φαῦλα

314 3512 607 3588 πράξαντες
662 3512 739 3573 εἷς
783 3513 1067 3568 ἀνάστασιν
1116 3514 1368 3587 κρίσεως,
1417 3516 1478 3584 ἦν
1524 3515 1632 3585 ἢδη
1686 3515 1832 3592 παρᾶ
1884 3520 1982 3570 τοῦ

315 3600 596 3676 κρίνοντος
671 3598 867 3661 αὐτοὺς
935 3598 1105 3677 λόγου
1187 3603 1237 3656 οἱ
1298 3604 1374 3675 μὴ
1435 3603 1807 3665 πιστεύσαντες
1868 3606 1979 3677 (57)

317 3686 709 3764 κατεκρίθησαν
740 3709 752 3722 ·
822 3690 913 3743 καὶ
953 3688 1084 3753 τοὺς
1136 3691 1229 3763 μὲν
1279 3690 1341 3745 τὸ
1387 3688 1657 3770 ἄφραστον
1707 3697 1820 3769 φῶς
1871 3690 1980 3746 δια-

319 3775 523 3848 δέξεται
557 3779 689 3851 (58),
735 3776 823 3833 καὶ
863 3780 898 3848 ἡ
960 3784 1058 3849 τῆς
1108 3778 1261 3856 ἁγίας
1302 3779 1392 3834 καὶ
1446 3780 1733 3856 βασιλικῆς
1780 3780 1979 3857 θεωρία

317 3865 552 3944 Τριάδος
584 3865 986 3943 ἐλλαμπούσης
1023 3870 1361 3947 τρανώτερόν
1410 3891 1469 3925 τε
1523 3869 1612 3925 καὶ
1668 3872 1975 3947 καθαρώτε-

2088 2268 2172 2323 tia
2203 2270 2333 2332 stet,
2370 2268 2502 2336 post
2534 2280 2712 2335 quam
2756 2280 2871 2317 non
2907 2264 3033 2332 jam
3069 2261 3397 2331 provocatio
3453 2267 3744 2334 superest,

2092 2373 2209 2411 non
2240 2353 2768 2422 sublimiorjudex,
2804 2368 2918 2406 non
2943 2350 3058 2405 alia
3089 2366 3284 2422 opera,
3311 2367 3413 2422 per
3442 2366 3569 2421 quae
3592 2350 3749 2422 quis-

2092 2446 2249 2517 piam
2278 2459 2512 2515 pcenam
2545 2443 2908 2511 deprecetur,
2947 2456 3085 2509 non,
3135 2438 3543 2494 deﬁcientibus
3601 2438 3748 2495 lam-

2092 2533 2363 2606 padibus,
2424 2531 2643 2599 oleum,
2675 2547 2707 2585 a
2738 2529 3130 2606 prudentibus
3178 2528 3527 2600 virginibus,
3562 2533 3663 2583 aut
3719 2547 3753 2583 a

2088 2603 2478 2679 vendentibus
2511 2625 2815 2692 acceptum
2837 2603 3043 2690 ’3an
3069 2618 3267 2673 divitis
3292 2618 3452 2673 illius
3467 2620 3751 2689 paeniten-

2089 2713 2191 2783 tia,
2216 2712 2467 2767 ﬂammas
2501 2710 2763 2766 cruciatu
2796 2708 3177 2779 liquescentis
3209 2708 3273 2777 2‘,
3307 2724 3372 2763 ac
3403 2708 3753 2779 propinquis

2093 2802 2215 2859 suis
2246 2801 2664 2856 correctionem
2695 2799 3069 2869 requirentis,
3104 2815 3219 2852 non
3254 2797 3506 2868 denique
3524 2798 3722 2870 praesti

2092 2896 2288 2947 tutum
2314 2892 2444 2946 vitae
2473 2890 2531 2943 in
2566 2889 2780 2944 melius
2813 2889 3238 2943 commutanda)
3270 2891 3543 2958 tempus;
3570 2888 3671 2943 sed
3695 2891 3754 2943 et

2092 2981 2308 3048 solum,
2339 2985 2396 3036 et
2419 2984 2807 3052 postremum,
2843 2995 2909 3032 ac
2941 2976 3311 3032 formidabile
3353 2974 3499 3031 illud
3557 2976 3750 3032 tribu-

2091 3070 2187 3126 nal
2211 3070 2338 3138 erit,
2364 3069 2672 3142 magisque
2693 3068 3114 3137 etiamjustum
3136 3082 3315 3137 quam
3338 3065 3746 3134 formidabile;

2093 3161 2232 3228 imo,
2266 3163 2331 3215 ut
2365 3158 2581 3215 rectius
2611 3159 2824 3225 dicam,
2858 3156 3075 3211 idcirco
3107 3155 3561 3223 formidabilius,
3614 3157 3753 3227 quia

2091 3251 2319 3322 justum
2342 3249 2369 3303 ?
2397 3251 2519 3315 Quo
2552 3248 2789 3319 quidem
2816 3251 3076 3318 tempore
3107 3244 3304 3300 throni
3326 3250 3749 3317 proponentur,

2093 3345 2150 3396 et
2181 3340 2471 3409 Antiquus
2503 3339 2730 3393 dierum
2755 3336 3001 3406 sedebit,
3050 3339 3107 3391 et
3142 3333 3277 3389 libri
3309 3335 3663 3406 aperientur,
3697 3340 3756 3391 et

2094 3429 2249 3483 300
2280 3427 2490 3499 igneus
2522 3425 2733 3481 ﬂuvius
2778 3423 3062 3489 volvetur,
3117 3427 3174 3478 et
3208 3422 3308 3477 lux
3354 3439 3388 3478 a
3436 3422 3647 3493 fronte,
3699 3428 3757 3479 et

2096 3520 2311 3589 paratae
2341 3516 2593 3571 tenebrae
2617 3515 2662 3549 ²¹⁵
2685 3531 2698 3570 :
2725 3530 2791 3569 ac
2825 3512 3259 3584 procedentqui
3282 3512 3435 3568 bona
3464 3513 3753 3580 fecerunt,

2091 3606 2150 3660 in
2181 3605 2667 3661 resurrectionem
2697 3604 2827 3657 vita;
2858 3604 2924 3669 ’⁸,
2956 3618 3113 3657 nunc
3147 3601 3386 3672 quidem
3415 3600 3475 3654 in
3520 3600 3752 3657 Christo

2090 3693 2445 3749 absconditis
2475 3694 2539 3760 ’7,
2572 3707 2773 3746 verum
2800 3694 3003 3761 postea
3031 3689 3211 3743 simul
3244 3705 3378 3744 cum
3400 3688 3528 3760 ipso
3562 3690 3751 3746 mani-

2090 3782 2369 3836 festandae
2398 3797 2409 3835 :
2435 3780 2536 3851 qui
2560 3784 2755 3834 autem
2788 3778 2943 3833 mala
2992 3782 3240 3847 egerunt
3279 3778 3339 3832 in
3371 3778 3750 3834 resurrectio-

2088 3888 2222 3927 nem
2249 3870 2459 3941 judicii
2488 3870 2554 3939 ’3,
2588 3884 2703 3939 quo
2753 3867 2930 3922 etiam
2982 3867 3023 3920 ii
3068 3866 3168 3937 qui
3229 3883 3345 3923 non
3394 3869 3661 3935 credunt,
3715 3886 3750 3925 a

317 3977 432 4033 ρον,
466 3957 556 4012 καὶ
588 3955 725 4027 ὅλης
774 3956 892 4031 ’ὀλῳ
939 3956 1026 4013 νοΐ
1080 3960 1440 4037 μιγνυμένης,
1490 3962 1551 4030 ἣν
1583 3957 1648 4030 δὴ
1682 3960 1770 4015 καὶ
1804 3959 1975 4033 μόνην

2101 3961 2261 4017 verbo
2292 3976 2389 4015 eos
2413 3957 2721 4030 judicante
2766 3959 2889 4028 jam
2922 3956 3297 4012 condemnati
3329 3960 3465 4012 sunt
3495 3973 3507 4011 :
3572 3962 3749 4029 atque

318 4043 556 4120 μάλιστα
591 4045 869 4122 βασιλείαν
918 4046 1161 4125 οὐρανῶν
1202 4047 1315 4124 ἐγὼ
1344 4048 1556 4123 τίθεμαι
1584 4069 1595 4081 ·
1628 4055 1746 4112 τοῖς
1776 4052 1887 4123 (59)
1922 4048 1978 4104 δὲ

318 4136 454 4209 μετὰ
479 4139 587 4191 τῶν
621 4132 808 4191 ἄλλων
847 4136 1105 4213 βάσανος,
1136 4136 1348 4211 μᾶλλον
1385 4135 1441 4193 δὲ
1470 4138 1577 4215 πρὸ
1605 4143 1712 4193 τῶν
1764 4137 1974 4207 ἄλλων,

312 4224 375 4280 τὸ
404 4224 730 4304 ἀπεῤῥίφθαι
780 4230 935 4301 Θεοῦ,
985 4226 1075 4281 καὶ
1116 4228 1152 4298 ἡ
1204 4226 1255 4282 ἰν
1314 4232 1392 4300 τῷ
1443 4226 1710 4283 συνειδότι
1740 4227 1972 4303 αἰσχύνη

313 4315 483 4391 πέρας
517 4314 616 4370 οὐκ
645 4313 870 4391 ἔχουσα.
902 4316 1003 4372 Καὶ
1035 4320 1205 4373 ταῦτα
1237 4319 1331 4392 μὲν
1362 4316 1605 4396 ὕστερον.

2087 4049 2219 4105 illos
2252 4050 2489 4120 quidem
2521 4048 2621 4103 lux
2651 4048 2811 4102 omni
2846 4063 3114 4102 sermone
3170 4046 3541 4116 prastantior
3595 4046 3747 4103 exci-

2088 4142 2224 4214 piet,
2255 4145 2310 4195 et
2341 4143 2556 4195 sanctae
2616 4137 2905 4210 regiaeque
2949 4136 3257 4191 Trinitatis
3288 4136 3494 4208 purius
3520 4137 3644 4207 jam
3693 4140 3751 4192 et

2087 4230 2306 4287 clarius
2338 4226 2755 4291 illuminantis,
2786 4230 3090 4297 totamque
3122 4241 3185 4281 se
3214 4241 3349 4280 cum
3403 4229 3523 4281 tota
3554 4230 3749 4281 mente

2093 4319 2421 4383 miscentis,
2450 4315 2887 4388 contemplatio,
2920 4315 2983 4370 in
3028 4330 3143 4386 qua
3173 4329 3301 4386 ego,
3332 4313 3419 4369 vel
3451 4315 3576 4370 sola
3605 4331 3749 4386 pree-

315 4406 507 4479 cipue,
539 4422 789 4479 regnum
815 4408 1094 4465 caelorum
1117 4409 1376 4482 positum
1402 4427 1564 4467 essse
1592 4425 1837 4473 censeo;
1870 4410 1979 4466 hos
2007 4412 2227 4474 autem,
2260 4407 2440 4464 simul
2472 4424 2607 4463 cum
2669 4406 2823 4477 aliis,
2855 4404 2945 4460 vel
2986 4403 3184 4477 potius
3234 4407 3370 4460 ante
3425 4404 3559 4475 alia,
3592 4403 3751 4460 istud

316 4496 704 4565 excruciabit,
736 4498 891 4569 quod
925 4514 959 4553 a
990 4499 1104 4554 Deo
1135 4500 1380 4571 projecti
1413 4500 1556 4570 sint,
1587 4504 1765 4574 atque
1794 4500 2058 4556 inustam
2081 4498 2142 4553 in
2165 4497 2524 4557 conscientia
2546 4495 2915 4568 sempiternae
2943 4493 3278 4567 ignominiaa
3304 4496 3504 4550 notam
3522 4498 3750 4567 gerant.

315 4586 536 4644 Verum
567 4587 689 4643 haec
719 4587 1033 4660 posterius.

385 4674 443 4731 I'.
476 4677 583 4729 Νῦν
616 4671 674 4729 δὲ
701 4673 753 4729 τί
796 4675 1123 4748 ποιήσωμεν
1182 4677 1316 4749 (60),
1364 4673 1617 4753 ἀδελφοὶ,
1668 4695 1980 4750 συντετριμ-

322 4759 499 4835 μένοι,
551 4762 643 4817 καὶ
684 4764 1172 4838 τεταπεινωμένοι,
1215 4764 1307 4817 καὶ
1368 4764 1677 4837 μεθύοντες,
1737 4764 1836 4818 οὐκ
1872 4763 1977 4817 ἀπὸ

2159 4680 2223 4731 X.
2257 4676 2425 4730 Nunc
2455 4677 2651 4729 autem
2683 4673 2826 4745 quid
2857 4672 3162 4740 faciemus,
3198 4672 3427 4740 fratres,
3488 4673 3746 4742 contriti,

2087 4768 2144 4821 et
2172 4764 2490 4831 humiliati,
2559 4766 2616 4817 et
2660 4762 2827 4829 ebrii,
2865 4778 2981 4817 non
3007 4778 3041 4817 a
3070 4761 3277 4829 sicera,
3311 4776 3418 4817 nec
3450 4776 3484 4817 a
3511 4762 3648 4817 vino
3679 4762 3743 4829 ’9,

315 4850 522 4927 σίκερα,
555 4850 681 4909 οὐδὶ
709 4853 816 4910 ἀπὸ
875 4850 1046 4929 oi’vou,
1094 4858 1193 4910 τοῦ
1244 4854 1381 4932 πρὸς
1433 4852 1621 4931 ὀλίγον
1651 4854 1978 4915 σαλεύοντος

2101 4854 2246 4927 quod
2279 4854 2349 4908 ad
2384 4854 2556 4909 breve
2584 4856 2821 4924 tempus
2852 4852 3121 4907 animum
3152 4850 3354 4923 agitat,
3389 4850 3560 4923 eique
3591 4854 3747 4907 tene-

314 4940 407 4997 καὶ
442 4941 810 5017 σκοτίζοντος,
842 4945 971 5001 ἀλλ’
1026 4944 1135 5000 ἀπὸ
1182 4950 1283 5016 τῆς
1340 4943 1565 5021 πληγῆς
1621 4947 1682 5016 ἢν
1732 4942 1978 5021 ἐπήγαγε

2101 4959 2225 4999 aras
2255 4942 2523 5011 offundit,
2558 4943 2659 4998 sed
2684 4958 2718 4997 ο.
2738 4940 3128 5014 plaga,quam
3159 4939 3446 4996 Dominus
3480 4938 3701 4997 invexit
3730 4958 3743 5009 ;

388 5136 459 5219 ιζ
494 5138 661 5219 Ριῃι]ὲ
683 5155 836 5213 xm,
865 5141 987 5219 21..Δ
1013 5141 1059 5179 ³³
1085 5141 1288 5219 κελαι).
1320 5158 1449 5211 xxv,
1472 5142 1506 5197 8
1536 5159 1668 5219 sqq.
1744 5143 1790 5179 ²⁴
1815 5142 1948 5199 Luc.
1980 5157 2006 5196 ι

2116 5147 2208 5205 24.
2288 5147 2333 5183 ³⁵
2363 5146 2509 5205 Dan.
2530 5163 2633 5216 vn,
2658 5148 2693 5203 9
2722 5162 2854 5219 sqq.
2932 5146 2975 5182 ³⁸
2996 5146 3164 5203 Joan.
3196 5161 3250 5216 v,
3278 5145 3368 5203 29.
3448 5145 3493 5181 9"
3525 5144 3746 5204 Coloss.

317 5223 405 5281 In,
426 5210 481 5267 3.
558 5212 606 5248 ³⁸
632 5213 800 5272 Joan.
821 5210 893 5283 7v,
923 5214 1015 5272 29.
1092 5215 1139 5252 ³⁸
1169 5215 1280 5273 Isa.
1311 5210 1504 5288 xxxix,
1532 5210 1588 5272 9.

384 5430 501 5512 (ἓξ)
532 5430 761 5512 ἐπάγει·
794 5434 1056 5512 Ross-1.
1102 5450 1154 5503 ο,
1198 5435 1321 5512 διη,
1362 5434 1463 5506 ph,
1496 5435 1604 5512 Or._
1652 5436 1709 5503 2,
1748 5434 1970 5512 ﬁm’rm.

527 5503 847 5584 ῌάσχομεν,
879 5503 988 5565 ἑῖῦ.
1017 5508 1175 5564 Pass.
1191 5551 1205 5576 ,
1230 5503 1541 5584 πάσχοντας
1563 5506 1729 5561 εἷπεῖν
1746 5503 1968 5584 ἔχομεν.

527 5572 970 5654 ’ᾼντξισηκοῢσαψ
1005 5572 1273 5654 Montem,
1315 5572 1754 5654 ἀντεισάγουσαν.
1776 5572 1814 5584 Ν

410 5646 506 5721 54)
558 5646 858 5721 Καί.1)οθει
882 5650 942 5705 in
974 5646 1265 5721 pluribus.

550 5718 910 5816 ἓνοίγονται.
942 5718 1219 5816 Μιρρίὶοη
1281 5720 1763 5816 διανοίγοντατιύῳ

414 5792 508 5865 56)
547 5792 934 5870 Πορεύσονται.
991 5796 1086 5856 Sio
1112 5799 1294 5871 Regg.
1326 5814 1382 5871 οι,
1440 5792 1561 5856 om.
1612 5795 1765 5856 Editi
1818 5814 1973 5868 vero,

2079 5459 2151 5493 πο
2192 5439 2424 5495 εύονται.

2154 5458 2265 5582 £37)
2300 5518 2339 5565 Il
2352 5533 2424 5565 ιστ

2179 5514 2265 5583 :37)
2300 5510 2702 5583 Πιστεύσαντες.
2740 5511 2917 5582 Regg.
2954 5506 3542 5583 0,Ρ11,πιστεύοοντες.

2156 5578 2269 5655 (58)
2328 5581 2650 5653 Διαδέξεται.
2706 5583 2800 5638 Sic
2825 5578 3201 5653 “duo'Regg.
3260 5586 3325 5637 In
3385 5585 3502 5655 ed.,
3572 5578 3747 5637 διαδι-

2086 5674 2263 5729 χεται,

2160 5728 2271 5798 (59)
2303 5731 2445 5788 Τοῖς.
2488 5733 2644 5798 Bas.,
2664 5724 2815 5785 τούς.

2160 5729 2251 5796 (59
2303 5731 2445 5788 Τοῖς.
2488 5728 2815 5798 Βαε.,τούς.

2159 5728 2271 5874 (col
2302 5802 2651 5874 Ποιήσωμεν.
2682 5800 2823 5872 Reg.
2858 5796 2959 5871 ph.
2991 5796 3318 5872 ποιήσομεν.
