  <div class='ocr_page' id='page_1' title='image "/cluster/home/n/w/nwhite01/storage/ocr_20150623/35:no.1/coo.31924054869320/480.png"; bbox 0 0 4090 6412; ppageno 0'>
   <div class='ocr_carea' id='block_1_1' title="bbox 337 482 457 543">
    <p class='ocr_par' dir='ltr' id='par_1_1' title="bbox 337 482 457 543">
     <span class='ocr_line' id='line_1_1' title="bbox 337 482 457 543; baseline -0.008 -2"><span class='ocrx_word' id='word_1_1' title='bbox 337 482 457 543; x_wconf 73' lang='lat'>949</span> 
     </span>
    </p>
   </div>
   <div class='ocr_carea' id='block_1_2' title="bbox 1265 468 2843 535">
    <p class='ocr_par' dir='ltr' id='par_1_2' title="bbox 1265 468 2843 535">
     <span class='ocr_line' id='line_1_2' title="bbox 1265 468 2843 535; baseline 0 -2"><span class='ocrx_word' id='word_1_2' title='bbox 1265 468 1557 533; x_wconf 76' lang='lat' dir='ltr'>ORATIO</span> <span class='ocrx_word' id='word_1_3' title='bbox 1601 470 1764 533; x_wconf 82' lang='lat' dir='ltr'>XVI.</span> <span class='ocrx_word' id='word_1_4' title='bbox 1790 501 1865 515; x_wconf 92' lang='lat'><em>—</em></span> <span class='ocrx_word' id='word_1_5' title='bbox 1894 469 1973 530; x_wconf 85' lang='lat' dir='ltr'>IN</span> <span class='ocrx_word' id='word_1_6' title='bbox 2020 470 2347 532; x_wconf 79' lang='lat' dir='ltr'>PATREM</span> <span class='ocrx_word' id='word_1_7' title='bbox 2394 471 2843 535; x_wconf 83' lang='lat' dir='ltr'>TACENTEM.</span> 
     </span>
    </p>
   </div>
   <div class='ocr_carea' id='block_1_3' title="bbox 3655 478 3773 539">
    <p class='ocr_par' dir='ltr' id='par_1_3' title="bbox 3655 478 3773 539">
     <span class='ocr_line' id='line_1_3' title="bbox 3655 478 3773 539; baseline -0.008 -1"><span class='ocrx_word' id='word_1_8' title='bbox 3655 478 3773 539; x_wconf 82' lang='lat'>950</span> 
     </span>
    </p>
   </div>
   <div class='ocr_carea' id='block_1_4' title="bbox 341 593 2020 689">
    <p class='ocr_par' dir='ltr' id='par_1_4' title="bbox 341 593 2000 689">
     <span class='ocr_line' id='line_1_4' title="bbox 341 593 2000 689; baseline -0.005 -24"><span class='ocrx_word' id='word_1_9' title='bbox 341 607 663 689; x_wconf 84' lang='grc' dir='ltr'>ρουμένους,</span> <span class='ocrx_word' id='word_1_10' title='bbox 695 604 786 661; x_wconf 84' lang='grc' dir='ltr'>καὶ</span> <span class='ocrx_word' id='word_1_11' title='bbox 834 603 1391 675; x_wconf 73' lang='grc' dir='ltr'>συναποθνήσκοντας,</span> <span class='ocrx_word' id='word_1_12' title='bbox 1439 599 1576 658; x_wconf 84' lang='grc' dir='ltr'>ὥστε</span> <span class='ocrx_word' id='word_1_13' title='bbox 1622 603 1711 657; x_wconf 82' lang='grc' dir='ltr'>καὶ</span> <span class='ocrx_word' id='word_1_14' title='bbox 1772 593 2000 657; x_wconf 64' lang='lat' dir='ltr'>enimva-</span> 
     </span>
    </p>
   </div>
   <div class='ocr_carea' id='block_1_5' title="bbox 2120 593 3769 689">
    <p class='ocr_par' dir='ltr' id='par_1_5' title="bbox 2120 604 3769 681">
     <span class='ocr_line' id='line_1_5' title="bbox 2120 604 3769 681; baseline 0.004 -23"><span class='ocrx_word' id='word_1_15' title='bbox 2120 604 2471 660; x_wconf 86' lang='lat' dir='ltr'>Testamenti</span> <span class='ocrx_word' id='word_1_16' title='bbox 2506 606 2815 679; x_wconf 86' lang='lat' dir='ltr'>sanguine,</span> <span class='ocrx_word' id='word_1_17' title='bbox 2849 606 3091 662; x_wconf 86' lang='lat' dir='ltr'>unxisse</span> <span class='ocrx_word' id='word_1_18' title='bbox 3130 607 3317 662; x_wconf 84' lang='lat' dir='ltr'>satius</span> <span class='ocrx_word' id='word_1_19' title='bbox 3366 607 3560 679; x_wconf 87' lang='lat' dir='ltr'>fuerit,</span> <span class='ocrx_word' id='word_1_20' title='bbox 3594 612 3769 681; x_wconf 89' lang='lat' dir='ltr'>atque</span> 
     </span>
    </p>
   </div>
   <div class='ocr_carea' id='block_1_6' title="bbox 344 687 1998 773">
    <p class='ocr_par' dir='ltr' id='par_1_6' title="bbox 344 687 1998 773">
     <span class='ocr_line' id='line_1_6' title="bbox 344 687 1998 773; baseline -0.006 -16"><span class='ocrx_word' id='word_1_21' title='bbox 344 687 555 773; x_wconf 73' lang='grc' dir='ltr'>στῆναι,</span> <span class='ocrx_word' id='word_1_22' title='bbox 616 696 705 753; x_wconf 80' lang='grc' dir='ltr'>καὶ</span> <span class='ocrx_word' id='word_1_23' title='bbox 766 693 1205 767; x_wconf 78' lang='grc' dir='ltr'>συνδοξασθῆναι,</span> <span class='ocrx_word' id='word_1_24' title='bbox 1256 694 1346 747; x_wconf 86' lang='grc' dir='ltr'>καὶ</span> <span class='ocrx_word' id='word_1_25' title='bbox 1395 687 1823 767; x_wconf 74' lang='grc' dir='ltr'>συμϐασιλεῦσαι</span> <span class='ocrx_word' id='word_1_26' title='bbox 1865 693 1998 765; x_wconf 88' lang='grc'>(73),</span> 
     </span>
    </p>
   </div>
   <div class='ocr_carea' id='block_1_7' title="bbox 340 781 2000 858">
    <p class='ocr_par' dir='ltr' id='par_1_7' title="bbox 340 781 2000 858">
     <span class='ocr_line' id='line_1_7' title="bbox 340 781 2000 858; baseline -0.007 -12"><span class='ocrx_word' id='word_1_27' title='bbox 340 794 432 847; x_wconf 74' lang='grc' dir='ltr'>νῦν</span> <span class='ocrx_word' id='word_1_28' title='bbox 492 808 549 844; x_wconf 88' lang='grc' dir='ltr'>τε</span> <span class='ocrx_word' id='word_1_29' title='bbox 605 787 695 843; x_wconf 83' lang='grc' dir='ltr'>καὶ</span> <span class='ocrx_word' id='word_1_30' title='bbox 753 787 889 841; x_wconf 76' lang='grc' dir='ltr'>κατὰ</span> <span class='ocrx_word' id='word_1_31' title='bbox 942 786 1041 854; x_wconf 84' lang='grc' dir='ltr'>τὴν</span> <span class='ocrx_word' id='word_1_32' title='bbox 1090 781 1403 839; x_wconf 77' lang='grc' dir='ltr'>τελευταίαν</span> <span class='ocrx_word' id='word_1_33' title='bbox 1463 782 1628 837; x_wconf 77' lang='grc' dir='ltr'>αὐτοῦ</span> <span class='ocrx_word' id='word_1_34' title='bbox 1679 782 2000 858; x_wconf 76' lang='grc' dir='ltr'>φανέρωσινο</span> 
     </span>
    </p>
   </div>
   <div class='ocr_carea' id='block_1_8' title="bbox 342 868 2003 952">
    <p class='ocr_par' dir='ltr' id='par_1_8' title="bbox 342 868 2003 952">
     <span class='ocr_line' id='line_1_8' title="bbox 342 868 2003 952; baseline -0.007 -17"><span class='ocrx_word' id='word_1_35' title='bbox 342 878 490 936; x_wconf 74' lang='grc' dir='ltr'>ἀλλὰ</span> <span class='ocrx_word' id='word_1_36' title='bbox 548 879 623 951; x_wconf 78' lang='grc' dir='ltr'>μὴ</span> <span class='ocrx_word' id='word_1_37' title='bbox 686 877 1031 952; x_wconf 78' lang='grc' dir='ltr'>θραυσθῆναι,</span> <span class='ocrx_word' id='word_1_38' title='bbox 1097 871 1239 947; x_wconf 72' lang='grc' dir='ltr'>μηδὲ</span> <span class='ocrx_word' id='word_1_39' title='bbox 1287 868 1658 947; x_wconf 76' lang='grc' dir='ltr'>συντριϐῆναι,</span> <span class='ocrx_word' id='word_1_40' title='bbox 1705 869 1844 944; x_wconf 80' lang='grc' dir='ltr'>μηδὶ</span> <span class='ocrx_word' id='word_1_41' title='bbox 1874 872 2003 944; x_wconf 87' lang='grc' dir='ltr'>θρη-</span> 
     </span>
    </p>
   </div>
   <div class='ocr_carea' id='block_1_9' title="bbox 341 961 2003 1041">
    <p class='ocr_par' dir='ltr' id='par_1_9' title="bbox 341 961 2003 1041">
     <span class='ocr_line' id='line_1_9' title="bbox 341 961 2003 1041; baseline -0.007 -17"><span class='ocrx_word' id='word_1_42' title='bbox 341 975 521 1041; x_wconf 86' lang='grc' dir='ltr'>νῆσαι,</span> <span class='ocrx_word' id='word_1_43' title='bbox 573 964 918 1037; x_wconf 83' lang='grc' dir='ltr'>πλήσσοντος</span> <span class='ocrx_word' id='word_1_44' title='bbox 967 966 1117 1037; x_wconf 76' lang='grc' dir='ltr'>ἡμᾶς</span> <span class='ocrx_word' id='word_1_45' title='bbox 1163 963 1357 1039; x_wconf 77' lang='grc' dir='ltr'>ἀωρίᾳ,</span> <span class='ocrx_word' id='word_1_46' title='bbox 1418 963 1508 1017; x_wconf 83' lang='grc' dir='ltr'>καὶ</span> <span class='ocrx_word' id='word_1_47' title='bbox 1554 961 1712 1034; x_wconf 84' lang='grc' dir='ltr'>έντῴ</span> <span class='ocrx_word' id='word_1_48' title='bbox 1744 965 2003 1032; x_wconf 86' lang='grc' dir='ltr'>σκοτεινῷ</span> 
     </span>
    </p>
   </div>
   <div class='ocr_carea' id='block_1_10' title="bbox 340 1052 2001 1133">
    <p class='ocr_par' dir='ltr' id='par_1_10' title="bbox 340 1052 2001 1133">
     <span class='ocr_line' id='line_1_10' title="bbox 340 1052 2001 1133; baseline -0.004 -20"><span class='ocrx_word' id='word_1_49' title='bbox 340 1060 524 1132; x_wconf 76' lang='grc' dir='ltr'>τούτῳ</span> <span class='ocrx_word' id='word_1_50' title='bbox 561 1058 664 1133; x_wconf 87' lang='grc' dir='ltr'>βίῳ</span> <span class='ocrx_word' id='word_1_51' title='bbox 694 1062 791 1112; x_wconf 75' lang='grc' dir='ltr'>τοῦ</span> <span class='ocrx_word' id='word_1_52' title='bbox 822 1056 1097 1132; x_wconf 77' lang='grc' dir='ltr'>Πονηροῦ,</span> <span class='ocrx_word' id='word_1_53' title='bbox 1142 1054 1233 1110; x_wconf 88' lang='grc' dir='ltr'>καὶ</span> <span class='ocrx_word' id='word_1_54' title='bbox 1269 1054 1658 1126; x_wconf 84' lang='grc' dir='ltr'>ὀλυθρεύοντος</span> <span class='ocrx_word' id='word_1_55' title='bbox 1686 1053 1752 1108; x_wconf 75' lang='grc' dir='ltr'>τὰ</span> <span class='ocrx_word' id='word_1_56' title='bbox 1784 1052 2001 1128; x_wconf 82' lang='grc' dir='ltr'>πρωτό-</span> 
     </span>
    </p>
   </div>
   <div class='ocr_carea' id='block_1_11' title="bbox 337 1144 2000 1221">
    <p class='ocr_par' dir='ltr' id='par_1_11' title="bbox 337 1144 2000 1221">
     <span class='ocr_line' id='line_1_11' title="bbox 337 1144 2000 1221; baseline -0.005 -18"><span class='ocrx_word' id='word_1_57' title='bbox 337 1154 492 1219; x_wconf 76' lang='grc' dir='ltr'>τοκα,</span> <span class='ocrx_word' id='word_1_58' title='bbox 541 1147 633 1202; x_wconf 89' lang='grc' dir='ltr'>καὶ</span> <span class='ocrx_word' id='word_1_59' title='bbox 682 1150 798 1220; x_wconf 86' lang='grc' dir='ltr'>Θεῷ</span> <span class='ocrx_word' id='word_1_60' title='bbox 835 1144 1209 1221; x_wconf 74' lang='grc' dir='ltr'>καθιερωμένα</span> <span class='ocrx_word' id='word_1_61' title='bbox 1240 1147 1352 1219; x_wconf 80' lang='grc'>(74)</span> <span class='ocrx_word' id='word_1_62' title='bbox 1380 1150 1483 1212; x_wconf 83' lang='grc' dir='ltr'>τῆς</span> <span class='ocrx_word' id='word_1_63' title='bbox 1518 1148 1660 1213; x_wconf 83' lang='grc' dir='ltr'>ζωῆς</span> <span class='ocrx_word' id='word_1_64' title='bbox 1694 1145 1853 1216; x_wconf 84' lang='grc' dir='ltr'>ἡμῶν</span> <span class='ocrx_word' id='word_1_65' title='bbox 1886 1162 2000 1219; x_wconf 86' lang='grc' dir='ltr'>γεν-</span> 
     </span>
    </p>
   </div>
   <div class='ocr_carea' id='block_1_12' title="bbox 337 1237 1008 1312">
    <p class='ocr_par' dir='ltr' id='par_1_12' title="bbox 337 1237 1008 1312">
     <span class='ocr_line' id='line_1_12' title="bbox 337 1237 1008 1312; baseline 0 -19"><span class='ocrx_word' id='word_1_66' title='bbox 337 1240 558 1312; x_wconf 80' lang='grc' dir='ltr'>νήματα</span> <span class='ocrx_word' id='word_1_67' title='bbox 587 1237 677 1292; x_wconf 81' lang='grc' dir='ltr'>καὶ</span> <span class='ocrx_word' id='word_1_68' title='bbox 709 1238 1008 1310; x_wconf 77' lang='grc' dir='ltr'>κινήματα.</span> 
     </span>
    </p>
   </div>
   <div class='ocr_carea' id='block_1_13' title="bbox 410 1409 2001 1492">
    <p class='ocr_par' dir='ltr' id='par_1_13' title="bbox 410 1409 2001 1492">
     <span class='ocr_line' id='line_1_13' title="bbox 410 1409 2001 1492; baseline -0.006 -18"><span class='ocrx_word' id='word_1_69' title='bbox 410 1417 509 1474; x_wconf 88' lang='grc' dir='ltr'>ΙΒ’.</span> <span class='ocrx_word' id='word_1_70' title='bbox 546 1416 633 1486; x_wconf 72' lang='grc' dir='ltr'>Μή</span> <span class='ocrx_word' id='word_1_71' title='bbox 691 1436 785 1487; x_wconf 87' lang='grc' dir='ltr'>μοι</span> <span class='ocrx_word' id='word_1_72' title='bbox 828 1415 1042 1492; x_wconf 89' lang='grc' dir='ltr'>γένοιτο</span> <span class='ocrx_word' id='word_1_73' title='bbox 1093 1414 1226 1487; x_wconf 85' lang='grc' dir='ltr'>μετὰ</span> <span class='ocrx_word' id='word_1_74' title='bbox 1271 1416 1377 1467; x_wconf 89' lang='grc' dir='ltr'>τῶν</span> <span class='ocrx_word' id='word_1_75' title='bbox 1410 1410 1596 1467; x_wconf 76' lang='grc' dir='ltr'>ἄλλων</span> <span class='ocrx_word' id='word_1_76' title='bbox 1626 1409 1879 1487; x_wconf 78' lang='grc' dir='ltr'>πληγῶν,</span> <span class='ocrx_word' id='word_1_77' title='bbox 1911 1413 2001 1466; x_wconf 82' lang='grc' dir='ltr'>καὶ</span> 
     </span>
    </p>
   </div>
   <div class='ocr_carea' id='block_1_14' title="bbox 336 1501 2000 1579">
    <p class='ocr_par' dir='ltr' id='par_1_14' title="bbox 336 1501 2000 1579">
     <span class='ocr_line' id='line_1_14' title="bbox 336 1501 2000 1579; baseline -0.004 -17"><span class='ocrx_word' id='word_1_78' title='bbox 336 1510 504 1561; x_wconf 76' lang='grc' dir='ltr'>ταῦτα</span> <span class='ocrx_word' id='word_1_79' title='bbox 559 1502 917 1573; x_wconf 77' lang='grc' dir='ltr'>ὀνειδισθῆναι</span> <span class='ocrx_word' id='word_1_80' title='bbox 968 1502 1115 1579; x_wconf 67' lang='grc' dir='ltr'>παρὰ</span> <span class='ocrx_word' id='word_1_81' title='bbox 1161 1505 1257 1557; x_wconf 79' lang='grc' dir='ltr'>τοῦ</span> <span class='ocrx_word' id='word_1_82' title='bbox 1312 1504 1567 1578; x_wconf 74' lang='grc' dir='ltr'>Ἀγαθοῦ,</span> <span class='ocrx_word' id='word_1_83' title='bbox 1627 1501 2000 1579; x_wconf 71' lang='grc' dir='ltr'>πορευομένου</span> 
     </span>
    </p>
   </div>
   <div class='ocr_carea' id='block_1_15' title="bbox 339 1590 2002 1670">
    <p class='ocr_par' dir='ltr' id='par_1_15' title="bbox 339 1590 2002 1670">
     <span class='ocr_line' id='line_1_15' title="bbox 339 1590 2002 1670; baseline -0.002 -20"><span class='ocrx_word' id='word_1_84' title='bbox 339 1595 476 1670; x_wconf 87' lang='grc' dir='ltr'>πρὸς</span> <span class='ocrx_word' id='word_1_85' title='bbox 512 1594 579 1667; x_wconf 74' lang='grc' dir='ltr'>μὶ</span> <span class='ocrx_word' id='word_1_86' title='bbox 627 1595 783 1667; x_wconf 79' lang='grc' dir='ltr'>θυμῷ</span> <span class='ocrx_word' id='word_1_87' title='bbox 830 1590 1054 1669; x_wconf 84' lang='grc' dir='ltr'>πλαγίῳ</span> <span class='ocrx_word' id='word_1_88' title='bbox 1096 1590 1185 1647; x_wconf 79' lang='grc' dir='ltr'>διὰ</span> <span class='ocrx_word' id='word_1_89' title='bbox 1213 1593 1313 1661; x_wconf 76' lang='grc' dir='ltr'>τὴν</span> <span class='ocrx_word' id='word_1_90' title='bbox 1345 1591 1483 1665; x_wconf 76' lang='grc' dir='ltr'>ἐμὴν</span> <span class='ocrx_word' id='word_1_91' title='bbox 1512 1591 1858 1665; x_wconf 80' lang='grc' dir='ltr'>πλαγιότητα</span> <span class='ocrx_word' id='word_1_92' title='bbox 1890 1594 2002 1666; x_wconf 85' lang='grc'>(75)</span> 
     </span>
    </p>
   </div>
   <div class='ocr_carea' id='block_1_16' title="bbox 340 1680 2002 1758">
    <p class='ocr_par' dir='ltr' id='par_1_16' title="bbox 340 1680 2002 1758">
     <span class='ocr_line' id='line_1_16' title="bbox 340 1680 2002 1758; baseline -0.003 -20"><span class='ocrx_word' id='word_1_93' title='bbox 340 1682 607 1754; x_wconf 78' lang='grc' dir='ltr'>Ἐπάταξα</span> <span class='ocrx_word' id='word_1_94' title='bbox 685 1683 826 1756; x_wconf 79' lang='grc' dir='ltr'>ὑμᾶς</span> <span class='ocrx_word' id='word_1_95' title='bbox 897 1680 948 1736; x_wconf 78' lang='grc' dir='ltr'>έν</span> <span class='ocrx_word' id='word_1_96' title='bbox 1015 1680 1235 1758; x_wconf 80' lang='grc' dir='ltr'>ἶκτέρῳ,</span> <span class='ocrx_word' id='word_1_97' title='bbox 1297 1680 1386 1736; x_wconf 83' lang='grc' dir='ltr'>καὶ</span> <span class='ocrx_word' id='word_1_98' title='bbox 1454 1680 1505 1736; x_wconf 70' lang='grc' dir='ltr'>ἰν</span> <span class='ocrx_word' id='word_1_99' title='bbox 1578 1681 1840 1757; x_wconf 84' lang='grc' dir='ltr'>πυρώσει,</span> <span class='ocrx_word' id='word_1_100' title='bbox 1912 1681 2002 1734; x_wconf 84' lang='grc' dir='ltr'>καὶ</span> 
     </span>
    </p>
   </div>
   <div class='ocr_carea' id='block_1_17' title="bbox 342 1769 2003 1852">
    <p class='ocr_par' dir='ltr' id='par_1_17' title="bbox 342 1769 2003 1852">
     <span class='ocr_line' id='line_1_17' title="bbox 342 1769 2003 1852; baseline -0.002 -24"><span class='ocrx_word' id='word_1_101' title='bbox 342 1771 700 1852; x_wconf 80' lang='grc' dir='ltr'>σφακελισμῷ</span> <span class='ocrx_word' id='word_1_102' title='bbox 767 1774 904 1845; x_wconf 86' lang='grc'>(76)·</span> <span class='ocrx_word' id='word_1_103' title='bbox 960 1771 1050 1826; x_wconf 88' lang='grc' dir='ltr'>καὶ</span> <span class='ocrx_word' id='word_1_104' title='bbox 1109 1769 1263 1825; x_wconf 72' lang='grc' dir='ltr'>οὐδὲν</span> <span class='ocrx_word' id='word_1_105' title='bbox 1322 1769 1513 1827; x_wconf 81' lang='grc' dir='ltr'>πλέον.</span> <span class='ocrx_word' id='word_1_106' title='bbox 1574 1771 1808 1841; x_wconf 77' lang='grc' dir='ltr'>’Έξωθεν</span> <span class='ocrx_word' id='word_1_107' title='bbox 1868 1770 2003 1840; x_wconf 78' lang='grc' dir='ltr'>ἡτέ-</span> 
     </span>
    </p>
   </div>
   <div class='ocr_carea' id='block_1_18' title="bbox 336 1858 2001 1938">
    <p class='ocr_par' dir='ltr' id='par_1_18' title="bbox 336 1858 2001 1938">
     <span class='ocr_line' id='line_1_18' title="bbox 336 1858 2001 1938; baseline -0.002 -20"><span class='ocrx_word' id='word_1_108' title='bbox 336 1884 505 1918; x_wconf 89' lang='grc' dir='ltr'>νωσεν</span> <span class='ocrx_word' id='word_1_109' title='bbox 588 1863 727 1936; x_wconf 81' lang='grc' dir='ltr'>ὑμᾶς</span> <span class='ocrx_word' id='word_1_110' title='bbox 797 1863 1062 1938; x_wconf 81' lang='grc' dir='ltr'>μάχαιρα,</span> <span class='ocrx_word' id='word_1_111' title='bbox 1161 1860 1250 1916; x_wconf 81' lang='grc' dir='ltr'>καὶ</span> <span class='ocrx_word' id='word_1_112' title='bbox 1319 1859 1432 1916; x_wconf 79' lang='grc' dir='ltr'>οὐδ’</span> <span class='ocrx_word' id='word_1_113' title='bbox 1524 1859 1597 1923; x_wconf 80' lang='grc' dir='ltr'>ὥς</span> <span class='ocrx_word' id='word_1_114' title='bbox 1677 1858 2001 1937; x_wconf 74' lang='grc' dir='ltr'>ἐπεστρέψα-</span> 
     </span>
    </p>
   </div>
   <div class='ocr_carea' id='block_1_19' title="bbox 334 1949 1999 2028">
    <p class='ocr_par' dir='ltr' id='par_1_19' title="bbox 334 1949 1999 2028">
     <span class='ocr_line' id='line_1_19' title="bbox 334 1949 1999 2028; baseline -0.002 -20"><span class='ocrx_word' id='word_1_115' title='bbox 334 1974 393 2009; x_wconf 88' lang='grc' dir='ltr'>τε</span> <span class='ocrx_word' id='word_1_116' title='bbox 426 1955 541 2027; x_wconf 88' lang='lat'>(77)</span> <span class='ocrx_word' id='word_1_117' title='bbox 568 1953 707 2028; x_wconf 87' lang='grc' dir='ltr'>πρὸς</span> <span class='ocrx_word' id='word_1_118' title='bbox 752 1951 838 2025; x_wconf 72' lang='grc' dir='ltr'>μὶ,</span> <span class='ocrx_word' id='word_1_119' title='bbox 892 1951 1041 2027; x_wconf 87' lang='grc' dir='ltr'>Λέγει</span> <span class='ocrx_word' id='word_1_120' title='bbox 1092 1950 1306 2027; x_wconf 83' lang='grc' dir='ltr'>Κύριος.</span> <span class='ocrx_word' id='word_1_121' title='bbox 1359 1952 1451 2020; x_wconf 81' lang='grc' dir='ltr'>Μὴ</span> <span class='ocrx_word' id='word_1_122' title='bbox 1512 1949 1774 2026; x_wconf 80' lang='grc' dir='ltr'>γενοίμην</span> <span class='ocrx_word' id='word_1_123' title='bbox 1826 1951 1999 2023; x_wconf 83' lang='grc' dir='ltr'>ἀμπε-</span> 
     </span>
    </p>
   </div>
   <div class='ocr_carea' id='block_1_20' title="bbox 337 2039 2001 2118">
    <p class='ocr_par' dir='ltr' id='par_1_20' title="bbox 337 2039 2001 2118">
     <span class='ocr_line' id='line_1_20' title="bbox 337 2039 2001 2118; baseline -0.002 -21"><span class='ocrx_word' id='word_1_124' title='bbox 337 2040 449 2098; x_wconf 88' lang='grc' dir='ltr'>λὼν</span> <span class='ocrx_word' id='word_1_125' title='bbox 481 2045 578 2097; x_wconf 82' lang='grc' dir='ltr'>τοῦ</span> <span class='ocrx_word' id='word_1_126' title='bbox 610 2039 993 2118; x_wconf 79' lang='grc' dir='ltr'>ἠγαπημένου,</span> <span class='ocrx_word' id='word_1_127' title='bbox 1039 2042 1173 2115; x_wconf 84' lang='grc' dir='ltr'>μετὰ</span> <span class='ocrx_word' id='word_1_128' title='bbox 1200 2040 1263 2094; x_wconf 84' lang='grc' dir='ltr'>τὸ</span> <span class='ocrx_word' id='word_1_129' title='bbox 1308 2042 1633 2118; x_wconf 79' lang='grc' dir='ltr'>φυτευθῆναι</span> <span class='ocrx_word' id='word_1_130' title='bbox 1686 2040 1775 2094; x_wconf 84' lang='grc' dir='ltr'>καὶ</span> <span class='ocrx_word' id='word_1_131' title='bbox 1827 2059 2001 2116; x_wconf 87' lang='grc' dir='ltr'>χαρα-</span> 
     </span>
    </p>
   </div>
   <div class='ocr_carea' id='block_1_21' title="bbox 338 2126 2003 2208">
    <p class='ocr_par' dir='ltr' id='par_1_21' title="bbox 338 2126 2003 2208">
     <span class='ocr_line' id='line_1_21' title="bbox 338 2126 2003 2208; baseline -0.003 -22"><span class='ocrx_word' id='word_1_132' title='bbox 338 2132 604 2204; x_wconf 75' lang='grc' dir='ltr'>κωθῆναι,</span> <span class='ocrx_word' id='word_1_133' title='bbox 662 2129 751 2185; x_wconf 78' lang='grc' dir='ltr'>καὶ</span> <span class='ocrx_word' id='word_1_134' title='bbox 796 2132 1051 2208; x_wconf 80' lang='grc' dir='ltr'>φραγμῷ,</span> <span class='ocrx_word' id='word_1_135' title='bbox 1099 2126 1190 2182; x_wconf 75' lang='grc' dir='ltr'>καί</span> <span class='ocrx_word' id='word_1_136' title='bbox 1238 2126 1452 2204; x_wconf 80' lang='grc' dir='ltr'>πύργῳ,</span> <span class='ocrx_word' id='word_1_137' title='bbox 1503 2128 1592 2182; x_wconf 76' lang='grc' dir='ltr'>καὶ</span> <span class='ocrx_word' id='word_1_138' title='bbox 1622 2133 1781 2183; x_wconf 79' lang='grc' dir='ltr'>πᾶσιν</span> <span class='ocrx_word' id='word_1_139' title='bbox 1832 2127 2003 2202; x_wconf 83' lang='grc' dir='ltr'>ἀσφα-</span> 
     </span>
    </p>
   </div>
   <div class='ocr_carea' id='block_1_22' title="bbox 339 2216 2006 2293">
    <p class='ocr_par' dir='ltr' id='par_1_22' title="bbox 339 2216 2006 2293">
     <span class='ocr_line' id='line_1_22' title="bbox 339 2216 2006 2293; baseline -0.003 -17"><span class='ocrx_word' id='word_1_140' title='bbox 339 2219 611 2293; x_wconf 79' lang='grc' dir='ltr'>λισθῆναι,</span> <span class='ocrx_word' id='word_1_141' title='bbox 652 2220 729 2282; x_wconf 83' lang='grc' dir='ltr'>ὡς</span> <span class='ocrx_word' id='word_1_142' title='bbox 779 2218 902 2289; x_wconf 77' lang='grc' dir='ltr'>ἐνῆν</span> <span class='ocrx_word' id='word_1_143' title='bbox 976 2216 1230 2292; x_wconf 82' lang='grc' dir='ltr'>μάλιστα,</span> <span class='ocrx_word' id='word_1_144' title='bbox 1298 2217 1658 2293; x_wconf 75' lang='grc' dir='ltr'>χὶρσομανῶν</span> <span class='ocrx_word' id='word_1_145' title='bbox 1708 2216 1797 2272; x_wconf 84' lang='grc' dir='ltr'>καὶ</span> <span class='ocrx_word' id='word_1_146' title='bbox 1851 2217 2006 2272; x_wconf 84' lang='grc' dir='ltr'>ἀκαν-</span> 
     </span>
    </p>
   </div>
   <div class='ocr_carea' id='block_1_23' title="bbox 345 2304 2001 2387">
    <p class='ocr_par' dir='ltr' id='par_1_23' title="bbox 345 2304 2001 2387">
     <span class='ocr_line' id='line_1_23' title="bbox 345 2304 2001 2387; baseline -0.002 -22"><span class='ocrx_word' id='word_1_147' title='bbox 345 2312 617 2387; x_wconf 87' lang='grc' dir='ltr'>θοφορῶν,</span> <span class='ocrx_word' id='word_1_148' title='bbox 664 2307 755 2365; x_wconf 84' lang='grc' dir='ltr'>καὶ</span> <span class='ocrx_word' id='word_1_149' title='bbox 797 2304 886 2363; x_wconf 79' lang='grc' dir='ltr'>διὰ</span> <span class='ocrx_word' id='word_1_150' title='bbox 936 2310 1097 2363; x_wconf 78' lang='grc' dir='ltr'>τοῦτο</span> <span class='ocrx_word' id='word_1_151' title='bbox 1146 2306 1675 2385; x_wconf 75' lang='grc' dir='ltr'>καταφρονούμενος,</span> <span class='ocrx_word' id='word_1_152' title='bbox 1706 2306 1780 2369; x_wconf 81' lang='grc' dir='ltr'>ὡς</span> <span class='ocrx_word' id='word_1_153' title='bbox 1814 2318 2001 2371; x_wconf 89' lang='grc' dir='ltr'>καθαι-</span> 
     </span>
    </p>
   </div>
   <div class='ocr_carea' id='block_1_24' title="bbox 346 2397 2002 2477">
    <p class='ocr_par' dir='ltr' id='par_1_24' title="bbox 346 2397 2002 2477">
     <span class='ocr_line' id='line_1_24' title="bbox 346 2397 2002 2477; baseline -0.002 -23"><span class='ocrx_word' id='word_1_154' title='bbox 346 2401 567 2477; x_wconf 87' lang='grc' dir='ltr'>ρεθῆναι</span> <span class='ocrx_word' id='word_1_155' title='bbox 614 2398 705 2454; x_wconf 86' lang='grc' dir='ltr'>τὸν</span> <span class='ocrx_word' id='word_1_156' title='bbox 756 2397 986 2474; x_wconf 88' lang='grc' dir='ltr'>πύργον,</span> <span class='ocrx_word' id='word_1_157' title='bbox 1036 2397 1125 2452; x_wconf 84' lang='grc' dir='ltr'>καὶ</span> <span class='ocrx_word' id='word_1_158' title='bbox 1154 2398 1561 2473; x_wconf 80' lang='grc' dir='ltr'>περιαιρεθῆναι</span> <span class='ocrx_word' id='word_1_159' title='bbox 1592 2397 1682 2451; x_wconf 87' lang='grc' dir='ltr'>τὸν</span> <span class='ocrx_word' id='word_1_160' title='bbox 1727 2397 2002 2475; x_wconf 80' lang='grc' dir='ltr'>φραγμὸν,</span> 
     </span>
    </p>
   </div>
   <div class='ocr_carea' id='block_1_25' title="bbox 347 2484 2004 2565">
    <p class='ocr_par' dir='ltr' id='par_1_25' title="bbox 347 2484 2004 2565">
     <span class='ocr_line' id='line_1_25' title="bbox 347 2484 2004 2565; baseline -0.001 -22"><span class='ocrx_word' id='word_1_161' title='bbox 347 2489 437 2544; x_wconf 83' lang='grc' dir='ltr'>καὶ</span> <span class='ocrx_word' id='word_1_162' title='bbox 500 2490 575 2563; x_wconf 82' lang='grc' dir='ltr'>μὴ</span> <span class='ocrx_word' id='word_1_163' title='bbox 624 2494 927 2561; x_wconf 82' lang='grc' dir='ltr'>τμηθῆναι,</span> <span class='ocrx_word' id='word_1_164' title='bbox 991 2484 1131 2561; x_wconf 76' lang='grc' dir='ltr'>μηδὶ</span> <span class='ocrx_word' id='word_1_165' title='bbox 1197 2493 1485 2565; x_wconf 83' lang='grc' dir='ltr'>σκαφῆναι,</span> <span class='ocrx_word' id='word_1_166' title='bbox 1545 2485 1689 2541; x_wconf 78' lang='grc' dir='ltr'>ἀλλᾶ</span> <span class='ocrx_word' id='word_1_167' title='bbox 1759 2485 2004 2562; x_wconf 74' lang='grc' dir='ltr'>γενέσθαι</span> 
     </span>
    </p>
   </div>
   <div class='ocr_carea' id='block_1_26' title="bbox 346 2571 2003 2654">
    <p class='ocr_par' dir='ltr' id='par_1_26' title="bbox 346 2571 2003 2654">
     <span class='ocr_line' id='line_1_26' title="bbox 346 2571 2003 2654; baseline -0.002 -21"><span class='ocrx_word' id='word_1_168' title='bbox 346 2583 508 2633; x_wconf 80' lang='grc' dir='ltr'>πᾶσιν</span> <span class='ocrx_word' id='word_1_169' title='bbox 540 2578 617 2640; x_wconf 84' lang='grc' dir='ltr'>εἷς</span> <span class='ocrx_word' id='word_1_170' title='bbox 667 2575 997 2654; x_wconf 71' lang='grc' dir='ltr'>διαρπαγὴν,</span> <span class='ocrx_word' id='word_1_171' title='bbox 1035 2575 1125 2630; x_wconf 84' lang='grc' dir='ltr'>καὶ</span> <span class='ocrx_word' id='word_1_172' title='bbox 1177 2577 1362 2644; x_wconf 69' lang='grc' dir='ltr'>κοινὴν</span> <span class='ocrx_word' id='word_1_173' title='bbox 1414 2571 1593 2652; x_wconf 75' lang='grc' dir='ltr'>ὕϐριν,</span> <span class='ocrx_word' id='word_1_174' title='bbox 1643 2576 1731 2630; x_wconf 87' lang='grc' dir='ltr'>καὶ</span> <span class='ocrx_word' id='word_1_175' title='bbox 1763 2577 2003 2630; x_wconf 78' lang='grc' dir='ltr'>καταπά-</span> 
     </span>
    </p>
   </div>
   <div class='ocr_carea' id='block_1_27' title="bbox 341 2660 2003 2741">
    <p class='ocr_par' dir='ltr' id='par_1_27' title="bbox 341 2660 2003 2741">
     <span class='ocr_line' id='line_1_27' title="bbox 341 2660 2003 2741; baseline -0.002 -18"><span class='ocrx_word' id='word_1_176' title='bbox 341 2688 512 2741; x_wconf 90' lang='grc' dir='ltr'>τημα.</span> <span class='ocrx_word' id='word_1_177' title='bbox 546 2671 720 2722; x_wconf 77' lang='grc' dir='ltr'>Ταῦτα</span> <span class='ocrx_word' id='word_1_178' title='bbox 754 2668 846 2741; x_wconf 70' lang='grc' dir='ltr'>μὲν</span> <span class='ocrx_word' id='word_1_179' title='bbox 898 2668 926 2720; x_wconf 86' lang='grc' dir='ltr'><strong>ὁ</strong></span> <span class='ocrx_word' id='word_1_180' title='bbox 974 2666 1104 2739; x_wconf 74' lang='grc' dir='ltr'>ἐμὸς</span> <span class='ocrx_word' id='word_1_181' title='bbox 1149 2660 1318 2741; x_wconf 73' lang='grc' dir='ltr'>φόϐος</span> <span class='ocrx_word' id='word_1_182' title='bbox 1363 2665 1451 2720; x_wconf 87' lang='grc' dir='ltr'>καὶ</span> <span class='ocrx_word' id='word_1_183' title='bbox 1486 2665 1672 2741; x_wconf 77' lang='grc' dir='ltr'>λόγος·</span> <span class='ocrx_word' id='word_1_184' title='bbox 1706 2665 1795 2719; x_wconf 82' lang='grc' dir='ltr'>καὶ</span> <span class='ocrx_word' id='word_1_185' title='bbox 1832 2663 2003 2727; x_wconf 71' lang='grc' dir='ltr'>οὕτως</span> 
     </span>
    </p>
   </div>
   <div class='ocr_carea' id='block_1_28' title="bbox 348 2752 2003 2836">
    <p class='ocr_par' dir='ltr' id='par_1_28' title="bbox 348 2752 2003 2836">
     <span class='ocr_line' id='line_1_28' title="bbox 348 2752 2003 2836; baseline -0.002 -24"><span class='ocrx_word' id='word_1_186' title='bbox 348 2757 454 2835; x_wconf 77' lang='grc' dir='ltr'>ἐγὼ</span> <span class='ocrx_word' id='word_1_187' title='bbox 486 2755 739 2836; x_wconf 76' lang='grc' dir='ltr'>δυσφορῶ</span> <span class='ocrx_word' id='word_1_188' title='bbox 786 2755 923 2833; x_wconf 83' lang='grc' dir='ltr'>πρὸς</span> <span class='ocrx_word' id='word_1_189' title='bbox 971 2756 1071 2826; x_wconf 78' lang='grc' dir='ltr'>τὴν</span> <span class='ocrx_word' id='word_1_190' title='bbox 1124 2754 1371 2830; x_wconf 77' lang='grc' dir='ltr'>πληγὴν,</span> <span class='ocrx_word' id='word_1_191' title='bbox 1420 2754 1509 2810; x_wconf 78' lang='grc' dir='ltr'>καὶ</span> <span class='ocrx_word' id='word_1_192' title='bbox 1546 2754 1801 2825; x_wconf 85' lang='grc' dir='ltr'>τοιαύτην</span> <span class='ocrx_word' id='word_1_193' title='bbox 1837 2752 2003 2830; x_wconf 67' lang='grc' dir='ltr'>εὔχο-</span> 
     </span>
    </p>
   </div>
   <div class='ocr_carea' id='block_1_29' title="bbox 350 2843 2001 2923">
    <p class='ocr_par' dir='ltr' id='par_1_29' title="bbox 350 2843 2001 2923">
     <span class='ocr_line' id='line_1_29' title="bbox 350 2843 2001 2923; baseline -0.003 -21"><span class='ocrx_word' id='word_1_194' title='bbox 350 2868 444 2920; x_wconf 89' lang='grc' dir='ltr'>μαι</span> <span class='ocrx_word' id='word_1_195' title='bbox 488 2849 588 2917; x_wconf 81' lang='grc' dir='ltr'>τὴν</span> <span class='ocrx_word' id='word_1_196' title='bbox 641 2846 830 2923; x_wconf 81' lang='grc' dir='ltr'>εὐχὴν,</span> <span class='ocrx_word' id='word_1_197' title='bbox 884 2848 951 2916; x_wconf 80' lang='grc' dir='ltr'>ἢν</span> <span class='ocrx_word' id='word_1_198' title='bbox 1010 2843 1100 2900; x_wconf 86' lang='grc' dir='ltr'>καὶ</span> <span class='ocrx_word' id='word_1_199' title='bbox 1151 2846 1449 2919; x_wconf 79' lang='grc' dir='ltr'>προσθήσω</span> <span class='ocrx_word' id='word_1_200' title='bbox 1497 2849 1614 2907; x_wconf 81' lang='grc' dir='ltr'>τοῖς</span> <span class='ocrx_word' id='word_1_201' title='bbox 1666 2844 2001 2918; x_wconf 57' lang='grc' dir='ltr'>εἰρημένοις</span> 
     </span>
    </p>
   </div>
   <div class='ocr_carea' id='block_1_30' title="bbox 343 2930 2002 3010">
    <p class='ocr_par' dir='ltr' id='par_1_30' title="bbox 343 2930 2002 3010">
     <span class='ocr_line' id='line_1_30' title="bbox 343 2930 2002 3010; baseline -0.002 -19"><span class='ocrx_word' id='word_1_202' title='bbox 343 2935 712 3010; x_wconf 82' lang='grc' dir='ltr'>Ἦμάρτομεν,</span> <span class='ocrx_word' id='word_1_203' title='bbox 778 2937 1158 3009; x_wconf 75' lang='grc' dir='ltr'>ἠνομήσαμεν,</span> <span class='ocrx_word' id='word_1_204' title='bbox 1262 2930 1633 3008; x_wconf 74' lang='grc' dir='ltr'>ἡσεϐήσαμεν,</span> <span class='ocrx_word' id='word_1_205' title='bbox 1711 2933 1794 2989; x_wconf 77' lang='grc' dir='ltr'>ὅτι</span> <span class='ocrx_word' id='word_1_206' title='bbox 1882 2933 2002 2989; x_wconf 77' lang='grc' dir='ltr'>ἒπε-</span> 
     </span>
    </p>
   </div>
   <div class='ocr_carea' id='block_1_31' title="bbox 342 3021 2005 3099">
    <p class='ocr_par' dir='ltr' id='par_1_31' title="bbox 342 3021 2005 3099">
     <span class='ocr_line' id='line_1_31' title="bbox 342 3021 2005 3099; baseline -0.001 -20"><span class='ocrx_word' id='word_1_207' title='bbox 342 3021 617 3099; x_wconf 81' lang='grc' dir='ltr'>λαθόμεθα</span> <span class='ocrx_word' id='word_1_208' title='bbox 666 3028 778 3099; x_wconf 87' lang='grc'>(78)</span> <span class='ocrx_word' id='word_1_209' title='bbox 825 3029 933 3080; x_wconf 88' lang='grc' dir='ltr'>τῶν</span> <span class='ocrx_word' id='word_1_210' title='bbox 987 3024 1223 3080; x_wconf 75' lang='grc' dir='ltr'>ἐντολῶν</span> <span class='ocrx_word' id='word_1_211' title='bbox 1261 3047 1379 3094; x_wconf 89' lang='grc' dir='ltr'>σου,</span> <span class='ocrx_word' id='word_1_212' title='bbox 1426 3025 1514 3078; x_wconf 79' lang='grc' dir='ltr'>καὶ</span> <span class='ocrx_word' id='word_1_213' title='bbox 1549 3024 1724 3079; x_wconf 83' lang='grc' dir='ltr'>ὀπίσω</span> <span class='ocrx_word' id='word_1_214' title='bbox 1753 3031 1852 3094; x_wconf 85' lang='grc' dir='ltr'>τῆς</span> <span class='ocrx_word' id='word_1_215' title='bbox 1888 3021 2005 3078; x_wconf 83' lang='grc' dir='ltr'>δια-</span> 
     </span>
    </p>
   </div>
   <div class='ocr_carea' id='block_1_32' title="bbox 338 3113 2003 3192">
    <p class='ocr_par' dir='ltr' id='par_1_32' title="bbox 338 3113 2003 3192">
     <span class='ocr_line' id='line_1_32' title="bbox 338 3113 2003 3192; baseline -0.001 -23"><span class='ocrx_word' id='word_1_216' title='bbox 338 3114 489 3178; x_wconf 84' lang='grc' dir='ltr'>νοίας</span> <span class='ocrx_word' id='word_1_217' title='bbox 540 3117 705 3188; x_wconf 84' lang='grc' dir='ltr'>ἡμῶν</span> <span class='ocrx_word' id='word_1_218' title='bbox 750 3120 852 3184; x_wconf 87' lang='grc' dir='ltr'>τῆς</span> <span class='ocrx_word' id='word_1_219' title='bbox 901 3120 1151 3192; x_wconf 77' lang='grc' dir='ltr'>πονηρᾶς</span> <span class='ocrx_word' id='word_1_220' title='bbox 1196 3114 1588 3189; x_wconf 71' lang='grc' dir='ltr'>ἐπορεύθημενο</span> <span class='ocrx_word' id='word_1_221' title='bbox 1638 3113 1718 3168; x_wconf 80' lang='grc' dir='ltr'>ὅτι</span> <span class='ocrx_word' id='word_1_222' title='bbox 1775 3113 2003 3185; x_wconf 81' lang='grc' dir='ltr'>ἀναξίως</span> 
     </span>
    </p>
   </div>
   <div class='ocr_carea' id='block_1_33' title="bbox 334 3202 2002 3281">
    <p class='ocr_par' dir='ltr' id='par_1_33' title="bbox 334 3202 2002 3281">
     <span class='ocr_line' id='line_1_33' title="bbox 334 3202 2002 3281; baseline 0 -23"><span class='ocrx_word' id='word_1_223' title='bbox 334 3206 435 3274; x_wconf 73' lang='grc' dir='ltr'>τῆς</span> <span class='ocrx_word' id='word_1_224' title='bbox 488 3204 741 3276; x_wconf 77' lang='grc' dir='ltr'>κλήσεως</span> <span class='ocrx_word' id='word_1_225' title='bbox 794 3204 883 3259; x_wconf 75' lang='grc' dir='ltr'>καὶ</span> <span class='ocrx_word' id='word_1_226' title='bbox 935 3208 1031 3259; x_wconf 76' lang='grc' dir='ltr'>τοῦ</span> <span class='ocrx_word' id='word_1_227' title='bbox 1088 3203 1431 3280; x_wconf 79' lang='grc' dir='ltr'>Εὗαγγελίου</span> <span class='ocrx_word' id='word_1_228' title='bbox 1488 3202 1584 3258; x_wconf 74' lang='grc' dir='ltr'>τοῦ</span> <span class='ocrx_word' id='word_1_229' title='bbox 1624 3206 1860 3281; x_wconf 76' lang='grc' dir='ltr'>Χριστοῦ</span> <span class='ocrx_word' id='word_1_230' title='bbox 1909 3226 2002 3258; x_wconf 82' lang='grc' dir='ltr'>σου</span> 
     </span>
    </p>
   </div>
   <div class='ocr_carea' id='block_1_34' title="bbox 331 3292 2001 3371">
    <p class='ocr_par' dir='ltr' id='par_1_34' title="bbox 331 3292 2001 3371">
     <span class='ocr_line' id='line_1_34' title="bbox 331 3292 2001 3371; baseline -0.001 -23"><span class='ocrx_word' id='word_1_231' title='bbox 331 3292 802 3368; x_wconf 83' lang='grc' dir='ltr'>πεπολιτεύμεθα,</span> <span class='ocrx_word' id='word_1_232' title='bbox 864 3294 955 3349; x_wconf 85' lang='grc' dir='ltr'>καὶ</span> <span class='ocrx_word' id='word_1_233' title='bbox 1013 3298 1120 3349; x_wconf 89' lang='grc' dir='ltr'>τῶν</span> <span class='ocrx_word' id='word_1_234' title='bbox 1180 3293 1345 3371; x_wconf 79' lang='grc' dir='ltr'>ἁγίων</span> <span class='ocrx_word' id='word_1_235' title='bbox 1401 3293 1565 3348; x_wconf 75' lang='grc' dir='ltr'>αὐτοῦ</span> <span class='ocrx_word' id='word_1_236' title='bbox 1639 3295 2001 3367; x_wconf 80' lang='grc' dir='ltr'>παθημάτων,</span> 
     </span>
    </p>
   </div>
   <div class='ocr_carea' id='block_1_35' title="bbox 2035 1996 2083 2061">
    <p class='ocr_par' dir='ltr' id='par_1_35' title="bbox 2035 1996 2083 2061">
     <span class='ocr_line' id='line_1_35' title="bbox 2035 1996 2083 2061; baseline 0 0"><span class='ocrx_word' id='word_1_237' title='bbox 2035 1996 2083 2061; x_wconf 92' lang='grc' dir='ltr'><strong>Β</strong></span> 
     </span>
    </p>
   </div>
   <div class='ocr_carea' id='block_1_36' title="bbox 2113 693 3769 767">
    <p class='ocr_par' dir='ltr' id='par_1_36' title="bbox 2113 693 3769 767">
     <span class='ocr_line' id='line_1_36' title="bbox 2113 693 3769 767; baseline 0.002 -18"><span class='ocrx_word' id='word_1_238' title='bbox 2113 711 2231 749; x_wconf 86' lang='lat' dir='ltr'>una</span> <span class='ocrx_word' id='word_1_239' title='bbox 2260 710 2392 749; x_wconf 90' lang='lat' dir='ltr'>cum</span> <span class='ocrx_word' id='word_1_240' title='bbox 2425 693 2654 751; x_wconf 83' lang='lat' dir='ltr'>Christo</span> <span class='ocrx_word' id='word_1_241' title='bbox 2687 695 2973 767; x_wconf 81' lang='lat' dir='ltr'>cruciﬁgi,</span> <span class='ocrx_word' id='word_1_242' title='bbox 3007 714 3071 751; x_wconf 89' lang='lat' dir='ltr'>ac</span> <span class='ocrx_word' id='word_1_243' title='bbox 3102 700 3351 752; x_wconf 89' lang='lat' dir='ltr'>mortem</span> <span class='ocrx_word' id='word_1_244' title='bbox 3383 697 3561 763; x_wconf 89' lang='lat' dir='ltr'>obire,</span> <span class='ocrx_word' id='word_1_245' title='bbox 3590 702 3655 753; x_wconf 87' lang='lat' dir='ltr'>ut</span> <span class='ocrx_word' id='word_1_246' title='bbox 3686 700 3769 753; x_wconf 86' lang='lat' dir='ltr'>si-</span> 
     </span>
    </p>
   </div>
   <div class='ocr_carea' id='block_1_37' title="bbox 2112 783 3767 857">
    <p class='ocr_par' dir='ltr' id='par_1_37' title="bbox 2112 783 3767 857">
     <span class='ocr_line' id='line_1_37' title="bbox 2112 783 3767 857; baseline 0.004 -19"><span class='ocrx_word' id='word_1_247' title='bbox 2112 783 2234 839; x_wconf 92' lang='lat' dir='ltr'>mul</span> <span class='ocrx_word' id='word_1_248' title='bbox 2266 801 2496 855; x_wconf 90' lang='lat' dir='ltr'>quoque</span> <span class='ocrx_word' id='word_1_249' title='bbox 2530 801 2663 839; x_wconf 90' lang='lat' dir='ltr'>cum</span> <span class='ocrx_word' id='word_1_250' title='bbox 2692 801 2778 852; x_wconf 89' lang='lat' dir='ltr'>eo,</span> <span class='ocrx_word' id='word_1_251' title='bbox 2806 788 2863 840; x_wconf 91' lang='lat' dir='ltr'>et</span> <span class='ocrx_word' id='word_1_252' title='bbox 2892 802 3048 840; x_wconf 89' lang='lat' dir='ltr'>nunc</span> <span class='ocrx_word' id='word_1_253' title='bbox 3080 790 3135 839; x_wconf 90' lang='lat' dir='ltr'>et</span> <span class='ocrx_word' id='word_1_254' title='bbox 3162 786 3219 841; x_wconf 90' lang='lat' dir='ltr'>in</span> <span class='ocrx_word' id='word_1_255' title='bbox 3255 790 3551 857; x_wconf 88' lang='lat' dir='ltr'>postrema</span> <span class='ocrx_word' id='word_1_256' title='bbox 3580 788 3767 857; x_wconf 84' lang='lat' dir='ltr'>ipsius</span> 
     </span>
    </p>
   </div>
   <div class='ocr_carea' id='block_1_38' title="bbox 2113 874 3767 947">
    <p class='ocr_par' dir='ltr' id='par_1_38' title="bbox 2113 874 3767 947">
     <span class='ocr_line' id='line_1_38' title="bbox 2113 874 3767 947; baseline 0.002 -20"><span class='ocrx_word' id='word_1_257' title='bbox 2113 874 2476 946; x_wconf 81' lang='lat' dir='ltr'>apparitione</span> <span class='ocrx_word' id='word_1_258' title='bbox 2510 879 2983 946; x_wconf 87' lang='lat' dir='ltr'>resurgamus,et</span> <span class='ocrx_word' id='word_1_259' title='bbox 3017 874 3201 947; x_wconf 79' lang='lat' dir='ltr'>gloria</span> <span class='ocrx_word' id='word_1_260' title='bbox 3234 875 3583 945; x_wconf 82' lang='lat' dir='ltr'>efﬁciamur,</span> <span class='ocrx_word' id='word_1_261' title='bbox 3603 882 3659 932; x_wconf 88' lang='lat' dir='ltr'>et</span> <span class='ocrx_word' id='word_1_262' title='bbox 3689 878 3767 933; x_wconf 91' lang='lat' dir='ltr'>si-</span> 
     </span>
    </p>
   </div>
   <div class='ocr_carea' id='block_1_39' title="bbox 2114 963 3769 1037">
    <p class='ocr_par' dir='ltr' id='par_1_39' title="bbox 2114 963 3769 1037">
     <span class='ocr_line' id='line_1_39' title="bbox 2114 963 3769 1037; baseline 0.002 -20"><span class='ocrx_word' id='word_1_263' title='bbox 2114 963 2237 1017; x_wconf 90' lang='lat' dir='ltr'>mul</span> <span class='ocrx_word' id='word_1_264' title='bbox 2270 979 2613 1035; x_wconf 88' lang='lat' dir='ltr'>regnemus;</span> <span class='ocrx_word' id='word_1_265' title='bbox 2652 980 2765 1019; x_wconf 89' lang='lat' dir='ltr'>non</span> <span class='ocrx_word' id='word_1_266' title='bbox 2799 968 2995 1020; x_wconf 87' lang='lat' dir='ltr'>autem</span> <span class='ocrx_word' id='word_1_267' title='bbox 3042 965 3496 1037; x_wconf 83' lang='lat' dir='ltr'>perfringamur,</span> <span class='ocrx_word' id='word_1_268' title='bbox 3521 970 3577 1022; x_wconf 89' lang='lat' dir='ltr'>et</span> <span class='ocrx_word' id='word_1_269' title='bbox 3606 967 3769 1022; x_wconf 90' lang='lat' dir='ltr'>obte-</span> 
     </span>
    </p>
   </div>
   <div class='ocr_carea' id='block_1_40' title="bbox 2112 1053 3771 1129">
    <p class='ocr_par' dir='ltr' id='par_1_40' title="bbox 2112 1053 3771 1129">
     <span class='ocr_line' id='line_1_40' title="bbox 2112 1053 3771 1129; baseline 0.003 -22"><span class='ocrx_word' id='word_1_270' title='bbox 2112 1069 2331 1120; x_wconf 90' lang='lat' dir='ltr'>ramur,</span> <span class='ocrx_word' id='word_1_271' title='bbox 2357 1070 2422 1108; x_wconf 88' lang='lat' dir='ltr'>ac</span> <span class='ocrx_word' id='word_1_272' title='bbox 2468 1053 2796 1125; x_wconf 83' lang='lat' dir='ltr'>lugeamus,</span> <span class='ocrx_word' id='word_1_273' title='bbox 2831 1071 2962 1108; x_wconf 91' lang='lat' dir='ltr'>cum</span> <span class='ocrx_word' id='word_1_274' title='bbox 2997 1055 3214 1109; x_wconf 88' lang='lat' dir='ltr'>Pravus</span> <span class='ocrx_word' id='word_1_275' title='bbox 3266 1054 3380 1123; x_wconf 89' lang='lat' dir='ltr'>ille,</span> <span class='ocrx_word' id='word_1_276' title='bbox 3415 1056 3771 1129; x_wconf 78' lang='lat' dir='ltr'>intempesta</span> 
     </span>
    </p>
   </div>
   <div class='ocr_carea' id='block_1_41' title="bbox 2112 1142 3771 1218">
    <p class='ocr_par' dir='ltr' id='par_1_41' title="bbox 2112 1142 3771 1218">
     <span class='ocr_line' id='line_1_41' title="bbox 2112 1142 3771 1218; baseline 0.002 -21"><span class='ocrx_word' id='word_1_277' title='bbox 2112 1147 2300 1208; x_wconf 90' lang='lat' dir='ltr'>nocte,</span> <span class='ocrx_word' id='word_1_278' title='bbox 2325 1147 2381 1198; x_wconf 88' lang='lat' dir='ltr'>et</span> <span class='ocrx_word' id='word_1_279' title='bbox 2408 1144 2466 1197; x_wconf 88' lang='lat' dir='ltr'>in</span> <span class='ocrx_word' id='word_1_280' title='bbox 2500 1142 2822 1215; x_wconf 88' lang='lat' dir='ltr'>caliginosa</span> <span class='ocrx_word' id='word_1_281' title='bbox 2849 1143 2988 1205; x_wconf 87' lang='lat' dir='ltr'>vita,</span> <span class='ocrx_word' id='word_1_282' title='bbox 3023 1160 3129 1198; x_wconf 90' lang='lat' dir='ltr'>nos</span> <span class='ocrx_word' id='word_1_283' title='bbox 3161 1144 3535 1215; x_wconf 78' lang='lat' dir='ltr'>percusserit,</span> <span class='ocrx_word' id='word_1_284' title='bbox 3560 1162 3623 1199; x_wconf 88' lang='lat' dir='ltr'>ac</span> <span class='ocrx_word' id='word_1_285' title='bbox 3655 1146 3771 1218; x_wconf 91' lang='lat' dir='ltr'>pri-</span> 
     </span>
    </p>
   </div>
   <div class='ocr_carea' id='block_1_42' title="bbox 2113 1232 3769 1303">
    <p class='ocr_par' dir='ltr' id='par_1_42' title="bbox 2113 1232 3769 1303">
     <span class='ocr_line' id='line_1_42' title="bbox 2113 1232 3769 1303; baseline 0.004 -17"><span class='ocrx_word' id='word_1_286' title='bbox 2113 1232 2461 1303; x_wconf 89' lang='lat' dir='ltr'>mogenitos,</span> <span class='ocrx_word' id='word_1_287' title='bbox 2496 1237 2553 1287; x_wconf 90' lang='lat' dir='ltr'>et</span> <span class='ocrx_word' id='word_1_288' title='bbox 2589 1235 2697 1288; x_wconf 90' lang='lat' dir='ltr'>Deo</span> <span class='ocrx_word' id='word_1_289' title='bbox 2747 1238 3120 1289; x_wconf 87' lang='lat' dir='ltr'>consecratos</span> <span class='ocrx_word' id='word_1_290' title='bbox 3163 1233 3294 1288; x_wconf 85' lang='lat' dir='ltr'>vitae</span> <span class='ocrx_word' id='word_1_291' title='bbox 3344 1237 3558 1290; x_wconf 61' lang='lat' dir='ltr'>nostra:</span> <span class='ocrx_word' id='word_1_292' title='bbox 3618 1235 3769 1291; x_wconf 81' lang='lat' dir='ltr'>fetus</span> 
     </span>
    </p>
   </div>
   <div class='ocr_carea' id='block_1_43' title="bbox 2115 1318 2766 1390">
    <p class='ocr_par' dir='ltr' id='par_1_43' title="bbox 2115 1318 2766 1390">
     <span class='ocr_line' id='line_1_43' title="bbox 2115 1318 2766 1390; baseline 0.003 -17"><span class='ocrx_word' id='word_1_293' title='bbox 2115 1324 2428 1390; x_wconf 88' lang='lat' dir='ltr'>motusque</span> <span class='ocrx_word' id='word_1_294' title='bbox 2469 1318 2766 1375; x_wconf 88' lang='lat' dir='ltr'>deleverit.</span> 
     </span>
    </p>
   </div>
   <div class='ocr_carea' id='block_1_44' title="bbox 2184 1408 3770 1483">
    <p class='ocr_par' dir='ltr' id='par_1_44' title="bbox 2184 1408 3770 1483">
     <span class='ocr_line' id='line_1_44' title="bbox 2184 1408 3770 1483; baseline 0.004 -21"><span class='ocrx_word' id='word_1_295' title='bbox 2184 1408 2301 1464; x_wconf 86' lang='lat' dir='ltr'>XII.</span> <span class='ocrx_word' id='word_1_296' title='bbox 2336 1409 2523 1476; x_wconf 87' lang='lat' dir='ltr'>Absit,</span> <span class='ocrx_word' id='word_1_297' title='bbox 2555 1412 2620 1465; x_wconf 91' lang='lat' dir='ltr'>ut</span> <span class='ocrx_word' id='word_1_298' title='bbox 2650 1427 2765 1465; x_wconf 88' lang='lat' dir='ltr'>una</span> <span class='ocrx_word' id='word_1_299' title='bbox 2806 1426 2937 1465; x_wconf 87' lang='lat' dir='ltr'>cum</span> <span class='ocrx_word' id='word_1_300' title='bbox 2986 1409 3117 1464; x_wconf 88' lang='lat' dir='ltr'>aliis</span> <span class='ocrx_word' id='word_1_301' title='bbox 3151 1409 3359 1483; x_wconf 82' lang='lat' dir='ltr'>plagis,</span> <span class='ocrx_word' id='word_1_302' title='bbox 3386 1411 3503 1465; x_wconf 66' lang='lat' dir='ltr'>haec</span> <span class='ocrx_word' id='word_1_303' title='bbox 3536 1428 3770 1483; x_wconf 86' lang='lat' dir='ltr'>quoque</span> 
     </span>
    </p>
   </div>
   <div class='ocr_carea' id='block_1_45' title="bbox 2113 1497 3771 1572">
    <p class='ocr_par' dir='ltr' id='par_1_45' title="bbox 2113 1497 3771 1572">
     <span class='ocr_line' id='line_1_45' title="bbox 2113 1497 3771 1572; baseline 0.003 -19"><span class='ocrx_word' id='word_1_304' title='bbox 2113 1514 2145 1553; x_wconf 89' lang='lat' dir='ltr'>a</span> <span class='ocrx_word' id='word_1_305' title='bbox 2178 1498 2334 1554; x_wconf 92' lang='lat' dir='ltr'>Bono</span> <span class='ocrx_word' id='word_1_306' title='bbox 2376 1497 2495 1567; x_wconf 91' lang='lat' dir='ltr'>illo,</span> <span class='ocrx_word' id='word_1_307' title='bbox 2532 1499 2603 1555; x_wconf 92' lang='lat' dir='ltr'>ob</span> <span class='ocrx_word' id='word_1_308' title='bbox 2648 1516 2839 1555; x_wconf 85' lang='lat' dir='ltr'>meam</span> <span class='ocrx_word' id='word_1_309' title='bbox 2886 1499 3293 1571; x_wconf 85' lang='lat' dir='ltr'>obliquitatem</span> <span class='ocrx_word' id='word_1_310' title='bbox 3327 1500 3385 1555; x_wconf 91' lang='lat' dir='ltr'>in</span> <span class='ocrx_word' id='word_1_311' title='bbox 3418 1500 3505 1556; x_wconf 87' lang='lat' dir='ltr'>ira</span> <span class='ocrx_word' id='word_1_312' title='bbox 3533 1500 3771 1572; x_wconf 87' lang='lat' dir='ltr'>obliqua</span> 
     </span>
    </p>
   </div>
   <div class='ocr_carea' id='block_1_46' title="bbox 2113 1589 3769 1661">
    <p class='ocr_par' dir='ltr' id='par_1_46' title="bbox 2113 1589 3769 1661">
     <span class='ocr_line' id='line_1_46' title="bbox 2113 1589 3769 1661; baseline 0.002 -18"><span class='ocrx_word' id='word_1_313' title='bbox 2113 1589 2422 1643; x_wconf 87' lang='lat' dir='ltr'>adversum</span> <span class='ocrx_word' id='word_1_314' title='bbox 2455 1605 2548 1642; x_wconf 87' lang='lat' dir='ltr'>me</span> <span class='ocrx_word' id='word_1_315' title='bbox 2588 1589 2907 1661; x_wconf 75' lang='lat' dir='ltr'>gradiente,</span> <span class='ocrx_word' id='word_1_316' title='bbox 2944 1589 3086 1643; x_wconf 90' lang='lat' dir='ltr'>mihi</span> <span class='ocrx_word' id='word_1_317' title='bbox 3135 1590 3554 1660; x_wconf 76' lang='lat' dir='ltr'>exprobrentur</span> <span class='ocrx_word' id='word_1_318' title='bbox 3588 1607 3599 1645; x_wconf 94' lang='lat'>:</span> <span class='ocrx_word' id='word_1_319' title='bbox 3635 1593 3769 1645; x_wconf 85' lang='lat' dir='ltr'>Per-</span> 
     </span>
    </p>
   </div>
   <div class='ocr_carea' id='block_1_47' title="bbox 2110 1679 3767 1751">
    <p class='ocr_par' dir='ltr' id='par_1_47' title="bbox 2110 1679 3767 1751">
     <span class='ocr_line' id='line_1_47' title="bbox 2110 1679 3767 1751; baseline 0.003 -19"><span class='ocrx_word' id='word_1_320' title='bbox 2110 1680 2260 1733; x_wconf 80' lang='lat' dir='ltr'>cussi</span> <span class='ocrx_word' id='word_1_321' title='bbox 2294 1694 2389 1733; x_wconf 87' lang='lat' dir='ltr'>vos</span> <span class='ocrx_word' id='word_1_322' title='bbox 2434 1679 2716 1750; x_wconf 81' lang='lat' dir='ltr'>aurigine,</span> <span class='ocrx_word' id='word_1_323' title='bbox 2748 1684 2801 1734; x_wconf 86' lang='lat' dir='ltr'>et</span> <span class='ocrx_word' id='word_1_324' title='bbox 2844 1680 3307 1751; x_wconf 79' lang='lat' dir='ltr'>inﬂammatione,</span> <span class='ocrx_word' id='word_1_325' title='bbox 3340 1684 3391 1735; x_wconf 73' lang='lat' dir='ltr'>rt</span> <span class='ocrx_word' id='word_1_326' title='bbox 3432 1681 3731 1751; x_wconf 81' lang='lat' dir='ltr'>putredine</span> <span class='ocrx_word' id='word_1_327' title='bbox 3746 1698 3767 1743; x_wconf 87' lang='grc'>.·</span> 
     </span>
    </p>
   </div>
   <div class='ocr_carea' id='block_1_48' title="bbox 2110 1769 3765 1841">
    <p class='ocr_par' dir='ltr' id='par_1_48' title="bbox 2110 1769 3765 1841">
     <span class='ocr_line' id='line_1_48' title="bbox 2110 1769 3765 1841; baseline 0.002 -19"><span class='ocrx_word' id='word_1_328' title='bbox 2110 1783 2210 1823; x_wconf 77' lang='lat' dir='ltr'>nec</span> <span class='ocrx_word' id='word_1_329' title='bbox 2239 1769 2541 1840; x_wconf 79' lang='lat' dir='ltr'>quidquam</span> <span class='ocrx_word' id='word_1_330' title='bbox 2567 1769 2797 1841; x_wconf 82' lang='lat' dir='ltr'>profeci.</span> <span class='ocrx_word' id='word_1_331' title='bbox 2833 1772 3086 1824; x_wconf 75' lang='lat' dir='ltr'>Externe</span> <span class='ocrx_word' id='word_1_332' title='bbox 3127 1769 3259 1829; x_wconf 78' lang='lat' dir='ltr'>ﬁliis</span> <span class='ocrx_word' id='word_1_333' title='bbox 3290 1785 3378 1825; x_wconf 89' lang='lat' dir='ltr'>vos</span> <span class='ocrx_word' id='word_1_334' title='bbox 3408 1772 3620 1825; x_wconf 80' lang='lat' dir='ltr'>orbavit</span> <span class='ocrx_word' id='word_1_335' title='bbox 3645 1772 3765 1839; x_wconf 82' lang='lat' dir='ltr'>gla-</span> 
     </span>
    </p>
   </div>
   <div class='ocr_carea' id='block_1_49' title="bbox 2110 1857 3768 1928">
    <p class='ocr_par' dir='ltr' id='par_1_49' title="bbox 2110 1857 3768 1928">
     <span class='ocr_line' id='line_1_49' title="bbox 2110 1857 3768 1928; baseline 0.002 -16"><span class='ocrx_word' id='word_1_336' title='bbox 2110 1857 2273 1925; x_wconf 87' lang='lat' dir='ltr'>dius;</span> <span class='ocrx_word' id='word_1_337' title='bbox 2302 1874 2401 1914; x_wconf 77' lang='lat' dir='ltr'>nec</span> <span class='ocrx_word' id='word_1_338' title='bbox 2440 1862 2520 1914; x_wconf 75' lang='lat' dir='ltr'>sic</span> <span class='ocrx_word' id='word_1_339' title='bbox 2548 1864 2737 1914; x_wconf 82' lang='lat' dir='ltr'>tamen</span> <span class='ocrx_word' id='word_1_340' title='bbox 2776 1858 2846 1914; x_wconf 88' lang='lat' dir='ltr'>ad</span> <span class='ocrx_word' id='word_1_341' title='bbox 2892 1875 2980 1915; x_wconf 84' lang='lat' dir='ltr'>me</span> <span class='ocrx_word' id='word_1_342' title='bbox 3025 1860 3274 1915; x_wconf 85' lang='lat' dir='ltr'>conversi</span> <span class='ocrx_word' id='word_1_343' title='bbox 3313 1860 3465 1928; x_wconf 80' lang='lat' dir='ltr'>estis,</span> <span class='ocrx_word' id='word_1_344' title='bbox 3498 1859 3629 1915; x_wconf 86' lang='lat' dir='ltr'>dicit</span> <span class='ocrx_word' id='word_1_345' title='bbox 3661 1862 3768 1915; x_wconf 89' lang='lat' dir='ltr'>Do-</span> 
     </span>
    </p>
   </div>
   <div class='ocr_carea' id='block_1_50' title="bbox 2113 1947 3767 2021">
    <p class='ocr_par' dir='ltr' id='par_1_50' title="bbox 2113 1947 3767 2021">
     <span class='ocr_line' id='line_1_50' title="bbox 2113 1947 3767 2021; baseline 0.001 -18"><span class='ocrx_word' id='word_1_346' title='bbox 2113 1950 2307 2004; x_wconf 82' lang='lat' dir='ltr'>minus</span> <span class='ocrx_word' id='word_1_347' title='bbox 2328 1949 2391 2003; x_wconf 73' lang='grc'>⁴².</span> <span class='ocrx_word' id='word_1_348' title='bbox 2424 1948 2593 2005; x_wconf 82' lang='lat' dir='ltr'>Absit</span> <span class='ocrx_word' id='word_1_349' title='bbox 2625 1951 2690 2003; x_wconf 90' lang='lat' dir='ltr'>ut</span> <span class='ocrx_word' id='word_1_350' title='bbox 2738 1947 2932 2004; x_wconf 83' lang='lat' dir='ltr'>dilecti</span> <span class='ocrx_word' id='word_1_351' title='bbox 2982 1948 3143 2003; x_wconf 85' lang='lat' dir='ltr'>illius</span> <span class='ocrx_word' id='word_1_352' title='bbox 3191 1948 3361 2003; x_wconf 86' lang='lat' dir='ltr'>vinea</span> <span class='ocrx_word' id='word_1_353' title='bbox 3408 1948 3521 2004; x_wconf 87' lang='lat' dir='ltr'>sim</span> <span class='ocrx_word' id='word_1_354' title='bbox 3542 1949 3607 2018; x_wconf 73' lang='lat'>‘3,</span> <span class='ocrx_word' id='word_1_355' title='bbox 3640 1966 3767 2021; x_wconf 75' lang='lat' dir='ltr'>quae</span> 
     </span>
    </p>
   </div>
   <div class='ocr_carea' id='block_1_51' title="bbox 2115 2036 3769 2111">
    <p class='ocr_par' dir='ltr' id='par_1_51' title="bbox 2115 2036 3769 2111">
     <span class='ocr_line' id='line_1_51' title="bbox 2115 2036 3769 2111; baseline 0 -18"><span class='ocrx_word' id='word_1_356' title='bbox 2115 2041 2496 2111; x_wconf 81' lang='lat' dir='ltr'>posteaquam</span> <span class='ocrx_word' id='word_1_357' title='bbox 2530 2038 2794 2111; x_wconf 90' lang='lat' dir='ltr'>plantata</span> <span class='ocrx_word' id='word_1_358' title='bbox 2843 2038 2974 2105; x_wconf 86' lang='lat' dir='ltr'>fuit,</span> <span class='ocrx_word' id='word_1_359' title='bbox 3006 2042 3062 2092; x_wconf 89' lang='lat' dir='ltr'>et</span> <span class='ocrx_word' id='word_1_360' title='bbox 3088 2036 3241 2093; x_wconf 91' lang='lat' dir='ltr'>vallo</span> <span class='ocrx_word' id='word_1_361' title='bbox 3290 2039 3543 2106; x_wconf 89' lang='lat' dir='ltr'>munita,</span> <span class='ocrx_word' id='word_1_362' title='bbox 3577 2055 3769 2093; x_wconf 82' lang='lat' dir='ltr'>mace-</span> 
     </span>
    </p>
   </div>
   <div class='ocr_carea' id='block_1_52' title="bbox 2116 2126 3767 2199">
    <p class='ocr_par' dir='ltr' id='par_1_52' title="bbox 2116 2126 3767 2199">
     <span class='ocr_line' id='line_1_52' title="bbox 2116 2126 3767 2199; baseline -0.001 -15"><span class='ocrx_word' id='word_1_363' title='bbox 2116 2128 2317 2199; x_wconf 86' lang='lat' dir='ltr'>riaque</span> <span class='ocrx_word' id='word_1_364' title='bbox 2374 2126 2527 2183; x_wconf 78' lang='lat'>308</span> <span class='ocrx_word' id='word_1_365' title='bbox 2585 2131 2643 2183; x_wconf 91' lang='lat' dir='ltr'>et</span> <span class='ocrx_word' id='word_1_366' title='bbox 2700 2128 2869 2193; x_wconf 90' lang='lat' dir='ltr'>turri,</span> <span class='ocrx_word' id='word_1_367' title='bbox 2930 2127 3272 2197; x_wconf 83' lang='lat' dir='ltr'>caeterisque</span> <span class='ocrx_word' id='word_1_368' title='bbox 3330 2128 3527 2195; x_wconf 84' lang='lat' dir='ltr'>rebus,</span> <span class='ocrx_word' id='word_1_369' title='bbox 3576 2128 3767 2199; x_wconf 87' lang='lat' dir='ltr'>quoad</span> 
     </span>
    </p>
   </div>
   <div class='ocr_carea' id='block_1_53' title="bbox 2114 2216 3769 2290">
    <p class='ocr_par' dir='ltr' id='par_1_53' title="bbox 2114 2216 3769 2290">
     <span class='ocr_line' id='line_1_53' title="bbox 2114 2216 3769 2290; baseline 0 -18"><span class='ocrx_word' id='word_1_370' title='bbox 2114 2218 2242 2288; x_wconf 84' lang='lat' dir='ltr'>ejus</span> <span class='ocrx_word' id='word_1_371' title='bbox 2273 2218 2396 2274; x_wconf 79' lang='lat' dir='ltr'>fieri</span> <span class='ocrx_word' id='word_1_372' title='bbox 2428 2218 2640 2290; x_wconf 86' lang='lat' dir='ltr'>potuit,</span> <span class='ocrx_word' id='word_1_373' title='bbox 2662 2216 2913 2287; x_wconf 81' lang='lat' dir='ltr'>ﬁrmata,</span> <span class='ocrx_word' id='word_1_374' title='bbox 2939 2216 3208 2272; x_wconf 81' lang='lat' dir='ltr'>vastitate</span> <span class='ocrx_word' id='word_1_375' title='bbox 3232 2220 3434 2288; x_wconf 90' lang='lat' dir='ltr'>postea</span> <span class='ocrx_word' id='word_1_376' title='bbox 3461 2217 3769 2285; x_wconf 87' lang='lat' dir='ltr'>horrescit,</span> 
     </span>
    </p>
   </div>
   <div class='ocr_carea' id='block_1_54' title="bbox 2114 2306 3773 2378">
    <p class='ocr_par' dir='ltr' id='par_1_54' title="bbox 2114 2306 3773 2378">
     <span class='ocr_line' id='line_1_54' title="bbox 2114 2306 3773 2378; baseline 0.001 -17"><span class='ocrx_word' id='word_1_377' title='bbox 2114 2312 2171 2361; x_wconf 91' lang='lat' dir='ltr'>et</span> <span class='ocrx_word' id='word_1_378' title='bbox 2199 2306 2401 2378; x_wconf 91' lang='lat' dir='ltr'>spinas</span> <span class='ocrx_word' id='word_1_379' title='bbox 2429 2308 2670 2378; x_wconf 79' lang='lat' dir='ltr'>profert,</span> <span class='ocrx_word' id='word_1_380' title='bbox 2703 2307 2775 2362; x_wconf 94' lang='lat' dir='ltr'>ob</span> <span class='ocrx_word' id='word_1_381' title='bbox 2807 2323 3052 2376; x_wconf 88' lang='lat' dir='ltr'>eamque</span> <span class='ocrx_word' id='word_1_382' title='bbox 3074 2322 3315 2361; x_wconf 87' lang='lat' dir='ltr'>causam</span> <span class='ocrx_word' id='word_1_383' title='bbox 3347 2306 3407 2361; x_wconf 88' lang='lat' dir='ltr'>in</span> <span class='ocrx_word' id='word_1_384' title='bbox 3436 2306 3494 2361; x_wconf 87' lang='lat' dir='ltr'>id</span> <span class='ocrx_word' id='word_1_385' title='bbox 3518 2311 3773 2363; x_wconf 86' lang='lat' dir='ltr'>contem-</span> 
     </span>
    </p>
   </div>
   <div class='ocr_carea' id='block_1_55' title="bbox 2114 2395 3768 2469">
    <p class='ocr_par' dir='ltr' id='par_1_55' title="bbox 2114 2395 3768 2469">
     <span class='ocr_line' id='line_1_55' title="bbox 2114 2395 3768 2469; baseline 0.001 -19"><span class='ocrx_word' id='word_1_386' title='bbox 2114 2402 2250 2469; x_wconf 88' lang='lat' dir='ltr'>ptus</span> <span class='ocrx_word' id='word_1_387' title='bbox 2282 2398 2457 2465; x_wconf 82' lang='lat' dir='ltr'>venit,</span> <span class='ocrx_word' id='word_1_388' title='bbox 2493 2402 2558 2451; x_wconf 91' lang='lat' dir='ltr'>ut</span> <span class='ocrx_word' id='word_1_389' title='bbox 2610 2400 2666 2451; x_wconf 88' lang='lat' dir='ltr'>et</span> <span class='ocrx_word' id='word_1_390' title='bbox 2703 2396 2885 2451; x_wconf 90' lang='lat' dir='ltr'>turris</span> <span class='ocrx_word' id='word_1_391' title='bbox 2913 2395 3241 2467; x_wconf 86' lang='lat' dir='ltr'>dejiciatur,</span> <span class='ocrx_word' id='word_1_392' title='bbox 3275 2402 3331 2452; x_wconf 90' lang='lat' dir='ltr'>et</span> <span class='ocrx_word' id='word_1_393' title='bbox 3377 2397 3632 2453; x_wconf 90' lang='lat' dir='ltr'>maceria</span> <span class='ocrx_word' id='word_1_394' title='bbox 3682 2398 3768 2453; x_wconf 90' lang='lat' dir='ltr'>di-</span> 
     </span>
    </p>
   </div>
   <div class='ocr_carea' id='block_1_56' title="bbox 2114 2485 3770 2558">
    <p class='ocr_par' dir='ltr' id='par_1_56' title="bbox 2114 2485 3770 2558">
     <span class='ocr_line' id='line_1_56' title="bbox 2114 2485 3770 2558; baseline 0.001 -17"><span class='ocrx_word' id='word_1_395' title='bbox 2114 2489 2338 2557; x_wconf 86' lang='lat' dir='ltr'>ruatur,</span> <span class='ocrx_word' id='word_1_396' title='bbox 2365 2502 2471 2541; x_wconf 90' lang='lat' dir='ltr'>nec</span> <span class='ocrx_word' id='word_1_397' title='bbox 2496 2486 2620 2556; x_wconf 87' lang='lat' dir='ltr'>jam</span> <span class='ocrx_word' id='word_1_398' title='bbox 2647 2490 2886 2558; x_wconf 84' lang='lat' dir='ltr'>putetur</span> <span class='ocrx_word' id='word_1_399' title='bbox 2908 2496 3080 2557; x_wconf 79' lang='lat' dir='ltr'>atque</span> <span class='ocrx_word' id='word_1_400' title='bbox 3104 2485 3379 2551; x_wconf 86' lang='lat' dir='ltr'>fodiatur,</span> <span class='ocrx_word' id='word_1_401' title='bbox 3403 2486 3504 2541; x_wconf 90' lang='lat' dir='ltr'>sed</span> <span class='ocrx_word' id='word_1_402' title='bbox 3528 2486 3629 2541; x_wconf 81' lang='lat' dir='ltr'>ﬁat</span> <span class='ocrx_word' id='word_1_403' title='bbox 3650 2504 3770 2543; x_wconf 90' lang='lat' dir='ltr'>om-</span> 
     </span>
    </p>
   </div>
   <div class='ocr_carea' id='block_1_57' title="bbox 2115 2576 3765 2648">
    <p class='ocr_par' dir='ltr' id='par_1_57' title="bbox 2115 2576 3765 2648">
     <span class='ocr_line' id='line_1_57' title="bbox 2115 2576 3765 2648; baseline 0 -17"><span class='ocrx_word' id='word_1_404' title='bbox 2115 2576 2291 2632; x_wconf 86' lang='lat' dir='ltr'>nibus</span> <span class='ocrx_word' id='word_1_405' title='bbox 2319 2576 2378 2630; x_wconf 91' lang='lat' dir='ltr'>in</span> <span class='ocrx_word' id='word_1_406' title='bbox 2412 2576 2823 2648; x_wconf 83' lang='lat' dir='ltr'>direptionem,</span> <span class='ocrx_word' id='word_1_407' title='bbox 2856 2580 2913 2631; x_wconf 88' lang='lat' dir='ltr'>et</span> <span class='ocrx_word' id='word_1_408' title='bbox 2942 2591 3313 2632; x_wconf 87' lang='lat' dir='ltr'>communem</span> <span class='ocrx_word' id='word_1_409' title='bbox 3346 2576 3765 2631; x_wconf 84' lang='lat' dir='ltr'>contumeliam</span> 
     </span>
    </p>
   </div>
   <div class='ocr_carea' id='block_1_58' title="bbox 2113 2664 3765 2733">
    <p class='ocr_par' dir='ltr' id='par_1_58' title="bbox 2113 2664 3765 2733">
     <span class='ocr_line' id='line_1_58' title="bbox 2113 2664 3765 2733; baseline 0.001 -12"><span class='ocrx_word' id='word_1_410' title='bbox 2113 2670 2170 2721; x_wconf 90' lang='lat' dir='ltr'>et</span> <span class='ocrx_word' id='word_1_411' title='bbox 2200 2664 2719 2721; x_wconf 88' lang='lat' dir='ltr'>conculcationem.</span> <span class='ocrx_word' id='word_1_412' title='bbox 2744 2666 2847 2721; x_wconf 87' lang='lat' dir='ltr'>Hic</span> <span class='ocrx_word' id='word_1_413' title='bbox 2879 2682 3046 2720; x_wconf 91' lang='lat' dir='ltr'>meus</span> <span class='ocrx_word' id='word_1_414' title='bbox 3078 2665 3253 2720; x_wconf 83' lang='lat' dir='ltr'>timor</span> <span class='ocrx_word' id='word_1_415' title='bbox 3274 2669 3383 2733; x_wconf 87' lang='lat' dir='ltr'>est,</span> <span class='ocrx_word' id='word_1_416' title='bbox 3410 2666 3502 2720; x_wconf 89' lang='lat' dir='ltr'>hic</span> <span class='ocrx_word' id='word_1_417' title='bbox 3534 2682 3725 2721; x_wconf 88' lang='lat' dir='ltr'>sermo</span> <span class='ocrx_word' id='word_1_418' title='bbox 3752 2684 3765 2722; x_wconf 88' lang='lat'><strong>:</strong></span> 
     </span>
    </p>
   </div>
   <div class='ocr_carea' id='block_1_59' title="bbox 2113 2754 3762 2827">
    <p class='ocr_par' dir='ltr' id='par_1_59' title="bbox 2113 2754 3762 2827">
     <span class='ocr_line' id='line_1_59' title="bbox 2113 2754 3762 2827; baseline 0.001 -17"><span class='ocrx_word' id='word_1_419' title='bbox 2113 2757 2197 2810; x_wconf 89' lang='lat' dir='ltr'>sic</span> <span class='ocrx_word' id='word_1_420' title='bbox 2229 2756 2301 2811; x_wconf 91' lang='lat' dir='ltr'>ad</span> <span class='ocrx_word' id='word_1_421' title='bbox 2350 2756 2499 2810; x_wconf 90' lang='lat' dir='ltr'>hanc</span> <span class='ocrx_word' id='word_1_422' title='bbox 2530 2754 2763 2827; x_wconf 84' lang='lat' dir='ltr'>plagam</span> <span class='ocrx_word' id='word_1_423' title='bbox 2797 2755 3142 2821; x_wconf 90' lang='lat' dir='ltr'>discrucior,</span> <span class='ocrx_word' id='word_1_424' title='bbox 3174 2759 3349 2826; x_wconf 86' lang='lat' dir='ltr'>atque</span> <span class='ocrx_word' id='word_1_425' title='bbox 3404 2755 3511 2811; x_wconf 90' lang='lat' dir='ltr'>has</span> <span class='ocrx_word' id='word_1_426' title='bbox 3562 2772 3762 2826; x_wconf 87' lang='lat' dir='ltr'>preces</span> 
     </span>
    </p>
   </div>
   <div class='ocr_carea' id='block_1_60' title="bbox 2115 2843 3764 2915">
    <p class='ocr_par' dir='ltr' id='par_1_60' title="bbox 2115 2843 3764 2915">
     <span class='ocr_line' id='line_1_60' title="bbox 2115 2843 3764 2915; baseline 0 -16"><span class='ocrx_word' id='word_1_427' title='bbox 2115 2844 2385 2909; x_wconf 89' lang='lat' dir='ltr'>adhibeo,</span> <span class='ocrx_word' id='word_1_428' title='bbox 2412 2861 2556 2915; x_wconf 88' lang='lat' dir='ltr'>quas</span> <span class='ocrx_word' id='word_1_429' title='bbox 2607 2844 2782 2899; x_wconf 83' lang='lat' dir='ltr'>etiam</span> <span class='ocrx_word' id='word_1_430' title='bbox 2826 2844 2893 2898; x_wconf 89' lang='lat' dir='ltr'>ad</span> <span class='ocrx_word' id='word_1_431' title='bbox 2929 2860 3016 2914; x_wconf 88' lang='lat' dir='ltr'>ea,</span> <span class='ocrx_word' id='word_1_432' title='bbox 3051 2861 3176 2915; x_wconf 84' lang='lat' dir='ltr'>quae</span> <span class='ocrx_word' id='word_1_433' title='bbox 3211 2861 3241 2899; x_wconf 90' lang='lat' dir='ltr'>a</span> <span class='ocrx_word' id='word_1_434' title='bbox 3275 2860 3367 2898; x_wconf 90' lang='lat' dir='ltr'>me</span> <span class='ocrx_word' id='word_1_435' title='bbox 3399 2843 3555 2898; x_wconf 88' lang='lat' dir='ltr'>dicta</span> <span class='ocrx_word' id='word_1_436' title='bbox 3603 2849 3764 2914; x_wconf 89' lang='lat' dir='ltr'>sunt,</span> 
     </span>
    </p>
   </div>
   <div class='ocr_carea' id='block_1_61' title="bbox 2114 2934 3769 3005">
    <p class='ocr_par' dir='ltr' id='par_1_61' title="bbox 2114 2934 3769 3005">
     <span class='ocr_line' id='line_1_61' title="bbox 2114 2934 3769 3005; baseline 0 -17"><span class='ocrx_word' id='word_1_437' title='bbox 2114 2935 2437 3004; x_wconf 86' lang='lat' dir='ltr'>adjungam</span> <span class='ocrx_word' id='word_1_438' title='bbox 2472 2950 2483 2987; x_wconf 88' lang='lat'><strong>:</strong></span> <span class='ocrx_word' id='word_1_439' title='bbox 2520 2934 2889 3003; x_wconf 76' lang='lat' dir='ltr'>Peccavimus,</span> <span class='ocrx_word' id='word_1_440' title='bbox 2924 2934 3114 3005; x_wconf 83' lang='lat' dir='ltr'>inique</span> <span class='ocrx_word' id='word_1_441' title='bbox 3153 2934 3384 3003; x_wconf 81' lang='lat' dir='ltr'>egimus,</span> <span class='ocrx_word' id='word_1_442' title='bbox 3431 2935 3769 3005; x_wconf 76' lang='lat' dir='ltr'>impietatem</span> 
     </span>
    </p>
   </div>
   <div class='ocr_carea' id='block_1_62' title="bbox 2111 3021 3768 3093">
    <p class='ocr_par' dir='ltr' id='par_1_62' title="bbox 2111 3021 3768 3093">
     <span class='ocr_line' id='line_1_62' title="bbox 2111 3021 3768 3093; baseline -0.001 -16"><span class='ocrx_word' id='word_1_443' title='bbox 2111 3024 2340 3093; x_wconf 80' lang='lat' dir='ltr'>fecimus</span> <span class='ocrx_word' id='word_1_444' title='bbox 2360 3024 2426 3088; x_wconf 79' lang='lat'>“,</span> <span class='ocrx_word' id='word_1_445' title='bbox 2455 3024 2731 3093; x_wconf 89' lang='lat' dir='ltr'>quoniam</span> <span class='ocrx_word' id='word_1_446' title='bbox 2764 3021 2926 3076; x_wconf 87' lang='lat' dir='ltr'>obliti</span> <span class='ocrx_word' id='word_1_447' title='bbox 2960 3038 3167 3076; x_wconf 90' lang='lat' dir='ltr'>sumus</span> <span class='ocrx_word' id='word_1_448' title='bbox 3198 3021 3613 3076; x_wconf 89' lang='lat' dir='ltr'>mandatorum</span> <span class='ocrx_word' id='word_1_449' title='bbox 3644 3024 3768 3076; x_wconf 90' lang='lat' dir='ltr'>tuo-</span> 
     </span>
    </p>
   </div>
   <div class='ocr_carea' id='block_1_63' title="bbox 2114 3110 3769 3183">
    <p class='ocr_par' dir='ltr' id='par_1_63' title="bbox 2114 3110 3769 3183">
     <span class='ocr_line' id='line_1_63' title="bbox 2114 3110 3769 3183; baseline -0.001 -16"><span class='ocrx_word' id='word_1_450' title='bbox 2114 3129 2267 3181; x_wconf 90' lang='lat' dir='ltr'>rum,</span> <span class='ocrx_word' id='word_1_451' title='bbox 2302 3115 2359 3167; x_wconf 92' lang='lat' dir='ltr'>et</span> <span class='ocrx_word' id='word_1_452' title='bbox 2387 3117 2518 3183; x_wconf 88' lang='lat' dir='ltr'>post</span> <span class='ocrx_word' id='word_1_453' title='bbox 2570 3111 2951 3183; x_wconf 82' lang='lat' dir='ltr'>cogitationes</span> <span class='ocrx_word' id='word_1_454' title='bbox 2999 3116 3230 3165; x_wconf 88' lang='lat' dir='ltr'>nostras</span> <span class='ocrx_word' id='word_1_455' title='bbox 3262 3127 3472 3183; x_wconf 75' lang='lat' dir='ltr'>pravas</span> <span class='ocrx_word' id='word_1_456' title='bbox 3503 3110 3769 3165; x_wconf 88' lang='lat' dir='ltr'>ambula-</span> 
     </span>
    </p>
   </div>
   <div class='ocr_carea' id='block_1_64' title="bbox 2112 3199 3772 3272">
    <p class='ocr_par' dir='ltr' id='par_1_64' title="bbox 2112 3199 3772 3272">
     <span class='ocr_line' id='line_1_64' title="bbox 2112 3199 3772 3272; baseline -0.001 -16"><span class='ocrx_word' id='word_1_457' title='bbox 2112 3202 2305 3257; x_wconf 89' lang='lat' dir='ltr'>vimus</span> <span class='ocrx_word' id='word_1_458' title='bbox 2326 3202 2399 3270; x_wconf 67' lang='lat'>‘5;</span> <span class='ocrx_word' id='word_1_459' title='bbox 2433 3202 2713 3272; x_wconf 89' lang='lat' dir='ltr'>quoniam</span> <span class='ocrx_word' id='word_1_460' title='bbox 2757 3218 2893 3269; x_wconf 89' lang='lat' dir='ltr'>non,</span> <span class='ocrx_word' id='word_1_461' title='bbox 2929 3204 2993 3255; x_wconf 89' lang='lat' dir='ltr'>ut</span> <span class='ocrx_word' id='word_1_462' title='bbox 3022 3199 3234 3255; x_wconf 89' lang='lat' dir='ltr'>Christi</span> <span class='ocrx_word' id='word_1_463' title='bbox 3266 3199 3352 3254; x_wconf 88' lang='lat' dir='ltr'>tui</span> <span class='ocrx_word' id='word_1_464' title='bbox 3382 3200 3682 3255; x_wconf 87' lang='lat' dir='ltr'>vocatione</span> <span class='ocrx_word' id='word_1_465' title='bbox 3712 3205 3772 3255; x_wconf 90' lang='lat' dir='ltr'>et</span> 
     </span>
    </p>
   </div>
   <div class='ocr_carea' id='block_1_65' title="bbox 2114 3288 3769 3365">
    <p class='ocr_par' dir='ltr' id='par_1_65' title="bbox 2114 3288 3769 3365">
     <span class='ocr_line' id='line_1_65' title="bbox 2114 3288 3769 3365; baseline -0.002 -18"><span class='ocrx_word' id='word_1_466' title='bbox 2114 3291 2427 3365; x_wconf 77' lang='lat' dir='ltr'>Evangelia</span> <span class='ocrx_word' id='word_1_467' title='bbox 2460 3291 2701 3363; x_wconf 89' lang='lat' dir='ltr'>dignum</span> <span class='ocrx_word' id='word_1_468' title='bbox 2746 3295 2889 3355; x_wconf 87' lang='lat' dir='ltr'>erat,</span> <span class='ocrx_word' id='word_1_469' title='bbox 2924 3291 3259 3361; x_wconf 86' lang='lat' dir='ltr'>sanctisque</span> <span class='ocrx_word' id='word_1_470' title='bbox 3306 3288 3495 3361; x_wconf 90' lang='lat' dir='ltr'>ipsius</span> <span class='ocrx_word' id='word_1_471' title='bbox 3544 3290 3769 3344; x_wconf 88' lang='lat' dir='ltr'>crucia-</span> 
     </span>
    </p>
   </div>
   <div class='ocr_carea' id='block_1_66' title="bbox 331 3367 2020 3461">
    <p class='ocr_par' dir='ltr' id='par_1_66' title="bbox 331 3367 2002 3461">
     <span class='ocr_line' id='line_1_66' title="bbox 331 3367 2002 3461; baseline -0.001 -23"><span class='ocrx_word' id='word_1_472' title='bbox 331 3383 422 3438; x_wconf 84' lang='grc' dir='ltr'>καὶ</span> <span class='ocrx_word' id='word_1_473' title='bbox 462 3391 562 3455; x_wconf 85' lang='grc' dir='ltr'>τῆς</span> <span class='ocrx_word' id='word_1_474' title='bbox 599 3367 729 3461; x_wconf 71' lang='grc' dir='ltr'>ὑπὲρ</span> <span class='ocrx_word' id='word_1_475' title='bbox 779 3386 939 3457; x_wconf 86' lang='grc' dir='ltr'>ἡμῶν</span> <span class='ocrx_word' id='word_1_476' title='bbox 990 3367 1298 3447; x_wconf 81' lang='grc' dir='ltr'>κενώσεως’</span> <span class='ocrx_word' id='word_1_477' title='bbox 1359 3379 1441 3439; x_wconf 68' lang='grc' dir='ltr'>ὅτι</span> <span class='ocrx_word' id='word_1_478' title='bbox 1492 3383 1821 3460; x_wconf 72' lang='grc' dir='ltr'>ἐγενήθημεν</span> <span class='ocrx_word' id='word_1_479' title='bbox 1869 3379 2002 3437; x_wconf 68' lang='grc' dir='ltr'>ὄνει-</span> 
     </span>
    </p>
   </div>
   <div class='ocr_carea' id='block_1_67' title="bbox 2120 3367 3766 3461">
    <p class='ocr_par' dir='ltr' id='par_1_67' title="bbox 2120 3380 3766 3452">
     <span class='ocr_line' id='line_1_67' title="bbox 2120 3380 3766 3452; baseline -0.001 -15"><span class='ocrx_word' id='word_1_480' title='bbox 2120 3382 2291 3448; x_wconf 87' lang='lat' dir='ltr'>tibus,</span> <span class='ocrx_word' id='word_1_481' title='bbox 2326 3386 2382 3436; x_wconf 88' lang='lat' dir='ltr'>et</span> <span class='ocrx_word' id='word_1_482' title='bbox 2411 3398 2477 3437; x_wconf 92' lang='lat' dir='ltr'>ea</span> <span class='ocrx_word' id='word_1_483' title='bbox 2509 3380 2918 3449; x_wconf 89' lang='lat' dir='ltr'>exinanitione,</span> <span class='ocrx_word' id='word_1_484' title='bbox 2955 3397 3134 3452; x_wconf 90' lang='lat' dir='ltr'>quam</span> <span class='ocrx_word' id='word_1_485' title='bbox 3180 3383 3381 3435; x_wconf 87' lang='lat' dir='ltr'>nostra</span> <span class='ocrx_word' id='word_1_486' title='bbox 3419 3396 3599 3434; x_wconf 90' lang='lat' dir='ltr'>causa</span> <span class='ocrx_word' id='word_1_487' title='bbox 3627 3380 3766 3435; x_wconf 88' lang='lat' dir='ltr'>sub-</span> 
     </span>
    </p>
   </div>
   <div class='ocr_carea' id='block_1_68' title="bbox 336 3469 1998 3547">
    <p class='ocr_par' dir='ltr' id='par_1_68' title="bbox 336 3469 1998 3547">
     <span class='ocr_line' id='line_1_68' title="bbox 336 3469 1998 3547; baseline 0 -20"><span class='ocrx_word' id='word_1_488' title='bbox 336 3469 427 3534; x_wconf 83' lang='grc' dir='ltr'>δος</span> <span class='ocrx_word' id='word_1_489' title='bbox 473 3477 553 3545; x_wconf 76' lang='grc' dir='ltr'>τῷ</span> <span class='ocrx_word' id='word_1_490' title='bbox 572 3472 844 3547; x_wconf 81' lang='grc' dir='ltr'>ἀγαπητῷ</span> <span class='ocrx_word' id='word_1_491' title='bbox 883 3493 1000 3528; x_wconf 89' lang='grc' dir='ltr'>σου.</span> <span class='ocrx_word' id='word_1_492' title='bbox 1050 3472 1244 3547; x_wconf 79' lang='grc' dir='ltr'>Ἰερεὺς</span> <span class='ocrx_word' id='word_1_493' title='bbox 1278 3473 1367 3527; x_wconf 77' lang='grc' dir='ltr'>καὶ</span> <span class='ocrx_word' id='word_1_494' title='bbox 1400 3472 1531 3534; x_wconf 87' lang='grc' dir='ltr'>λαὸς</span> <span class='ocrx_word' id='word_1_495' title='bbox 1566 3472 1744 3542; x_wconf 75' lang='grc' dir='ltr'>ἐξέστη</span> <span class='ocrx_word' id='word_1_496' title='bbox 1759 3493 1852 3545; x_wconf 81' lang='grc' dir='ltr'>μεν</span> <span class='ocrx_word' id='word_1_497' title='bbox 1886 3474 1998 3545; x_wconf 84' lang='grc'>(79)</span> 
     </span>
    </p>
   </div>
   <div class='ocr_carea' id='block_1_69' title="bbox 338 3557 1987 3634">
    <p class='ocr_par' dir='ltr' id='par_1_69' title="bbox 338 3557 1987 3634">
     <span class='ocr_line' id='line_1_69' title="bbox 338 3557 1987 3634; baseline -0.001 -19"><span class='ocrx_word' id='word_1_498' title='bbox 338 3559 426 3615; x_wconf 73' lang='grc' dir='ltr'>ἐπὶ</span> <span class='ocrx_word' id='word_1_499' title='bbox 454 3561 518 3614; x_wconf 85' lang='grc' dir='ltr'>τὸ</span> <span class='ocrx_word' id='word_1_500' title='bbox 559 3559 708 3614; x_wconf 73' lang='grc' dir='ltr'>αὗτόο</span> <span class='ocrx_word' id='word_1_501' title='bbox 768 3557 962 3619; x_wconf 86' lang='grc' dir='ltr'>πάντες</span> <span class='ocrx_word' id='word_1_502' title='bbox 1011 3558 1380 3631; x_wconf 82' lang='grc' dir='ltr'>έξεκλίναμεν,</span> <span class='ocrx_word' id='word_1_503' title='bbox 1429 3559 1540 3633; x_wconf 73' lang='grc' dir='ltr'>ἅμα</span> <span class='ocrx_word' id='word_1_504' title='bbox 1569 3560 1987 3634; x_wconf 78' lang='grc' dir='ltr'>ἡχρειώθημεν.</span> 
     </span>
    </p>
   </div>
   <div class='ocr_carea' id='block_1_70' title="bbox 338 3645 1993 3721">
    <p class='ocr_par' dir='ltr' id='par_1_70' title="bbox 338 3645 1993 3721">
     <span class='ocr_line' id='line_1_70' title="bbox 338 3645 1993 3721; baseline -0.002 -17"><span class='ocrx_word' id='word_1_505' title='bbox 338 3647 452 3706; x_wconf 76' lang='grc' dir='ltr'>Οὔκ</span> <span class='ocrx_word' id='word_1_506' title='bbox 517 3646 628 3702; x_wconf 69' lang='grc' dir='ltr'>ἔστι</span> <span class='ocrx_word' id='word_1_507' title='bbox 687 3650 862 3701; x_wconf 86' lang='grc' dir='ltr'>ποιῶν</span> <span class='ocrx_word' id='word_1_508' title='bbox 932 3651 1104 3721; x_wconf 84' lang='grc' dir='ltr'>κρῖμα</span> <span class='ocrx_word' id='word_1_509' title='bbox 1156 3648 1246 3702; x_wconf 88' lang='grc' dir='ltr'>καὶ</span> <span class='ocrx_word' id='word_1_510' title='bbox 1299 3645 1666 3718; x_wconf 81' lang='grc' dir='ltr'>δικαιοσύνην,</span> <span class='ocrx_word' id='word_1_511' title='bbox 1709 3648 1808 3702; x_wconf 77' lang='grc' dir='ltr'>οὐκ</span> <span class='ocrx_word' id='word_1_512' title='bbox 1854 3646 1993 3703; x_wconf 75' lang='grc' dir='ltr'>ἔστιν</span> 
     </span>
    </p>
   </div>
   <div class='ocr_carea' id='block_1_71' title="bbox 336 3734 1998 3812">
    <p class='ocr_par' dir='ltr' id='par_1_71' title="bbox 336 3734 1998 3812">
     <span class='ocr_line' id='line_1_71' title="bbox 336 3734 1998 3812; baseline -0.002 -19"><span class='ocrx_word' id='word_1_513' title='bbox 336 3734 444 3799; x_wconf 68' lang='grc' dir='ltr'>ἕως</span> <span class='ocrx_word' id='word_1_514' title='bbox 502 3735 642 3799; x_wconf 68' lang='grc' dir='ltr'>ἑνός.</span> <span class='ocrx_word' id='word_1_515' title='bbox 703 3734 1130 3810; x_wconf 83' lang='grc' dir='ltr'>Ἀπεκλείσαμεν</span> <span class='ocrx_word' id='word_1_516' title='bbox 1187 3734 1313 3798; x_wconf 78' lang='grc' dir='ltr'>τοὺς</span> <span class='ocrx_word' id='word_1_517' title='bbox 1369 3735 1686 3812; x_wconf 78' lang='grc' dir='ltr'>οἰκτιρμούς</span> <span class='ocrx_word' id='word_1_518' title='bbox 1734 3757 1849 3806; x_wconf 84' lang='grc' dir='ltr'>σου,</span> <span class='ocrx_word' id='word_1_519' title='bbox 1908 3735 1998 3791; x_wconf 83' lang='grc' dir='ltr'>καὶ</span> 
     </span>
    </p>
   </div>
   <div class='ocr_carea' id='block_1_72' title="bbox 337 3823 1998 3905">
    <p class='ocr_par' dir='ltr' id='par_1_72' title="bbox 337 3823 1998 3905">
     <span class='ocr_line' id='line_1_72' title="bbox 337 3823 1998 3905; baseline -0.001 -25"><span class='ocrx_word' id='word_1_520' title='bbox 337 3828 438 3895; x_wconf 80' lang='grc' dir='ltr'>τήν</span> <span class='ocrx_word' id='word_1_521' title='bbox 490 3823 899 3905; x_wconf 85' lang='grc' dir='ltr'>φιλανθρωπίαν</span> <span class='ocrx_word' id='word_1_522' title='bbox 952 3846 1070 3899; x_wconf 90' lang='grc' dir='ltr'>σου,</span> <span class='ocrx_word' id='word_1_523' title='bbox 1120 3825 1208 3880; x_wconf 73' lang='grc' dir='ltr'>καὶ</span> <span class='ocrx_word' id='word_1_524' title='bbox 1271 3826 1559 3902; x_wconf 70' lang='grc' dir='ltr'>σπλέγχνα</span> <span class='ocrx_word' id='word_1_525' title='bbox 1619 3823 1805 3887; x_wconf 79' lang='grc' dir='ltr'>ἐλέους</span> <span class='ocrx_word' id='word_1_526' title='bbox 1865 3830 1998 3880; x_wconf 76' lang='grc' dir='ltr'>Θεοῦ</span> 
     </span>
    </p>
   </div>
   <div class='ocr_carea' id='block_1_73' title="bbox 338 3912 1996 3991">
    <p class='ocr_par' dir='ltr' id='par_1_73' title="bbox 338 3912 1996 3991">
     <span class='ocr_line' id='line_1_73' title="bbox 338 3912 1996 3991; baseline -0.001 -20"><span class='ocrx_word' id='word_1_527' title='bbox 338 3918 522 3989; x_wconf 83' lang='grc' dir='ltr'>ἡμῶν,</span> <span class='ocrx_word' id='word_1_528' title='bbox 576 3913 665 3970; x_wconf 76' lang='grc' dir='ltr'>διὰ</span> <span class='ocrx_word' id='word_1_529' title='bbox 711 3916 811 3984; x_wconf 71' lang='grc' dir='ltr'>τὴν</span> <span class='ocrx_word' id='word_1_530' title='bbox 856 3912 1045 3970; x_wconf 77' lang='grc' dir='ltr'>κακίαν</span> <span class='ocrx_word' id='word_1_531' title='bbox 1096 3918 1277 3989; x_wconf 87' lang='grc' dir='ltr'>ἡμῶν,</span> <span class='ocrx_word' id='word_1_532' title='bbox 1326 3916 1415 3970; x_wconf 76' lang='grc' dir='ltr'>καὶ</span> <span class='ocrx_word' id='word_1_533' title='bbox 1457 3916 1555 3984; x_wconf 73' lang='grc' dir='ltr'>τὴν</span> <span class='ocrx_word' id='word_1_534' title='bbox 1590 3915 1855 3991; x_wconf 85' lang='grc' dir='ltr'>πονηρίαν</span> <span class='ocrx_word' id='word_1_535' title='bbox 1888 3919 1996 3969; x_wconf 88' lang='grc' dir='ltr'>τῶν</span> 
     </span>
    </p>
   </div>
   <div class='ocr_carea' id='block_1_74' title="bbox 339 4003 1994 4079">
    <p class='ocr_par' dir='ltr' id='par_1_74' title="bbox 339 4003 1994 4079">
     <span class='ocr_line' id='line_1_74' title="bbox 339 4003 1994 4079; baseline 0 -18"><span class='ocrx_word' id='word_1_536' title='bbox 339 4003 786 4079; x_wconf 71' lang='grc' dir='ltr'>ἐπιτηδευμάτων</span> <span class='ocrx_word' id='word_1_537' title='bbox 847 4006 1032 4079; x_wconf 87' lang='grc' dir='ltr'>ἡμῶν,</span> <span class='ocrx_word' id='word_1_538' title='bbox 1097 4006 1210 4079; x_wconf 86' lang='grc' dir='ltr'>μεθ’</span> <span class='ocrx_word' id='word_1_539' title='bbox 1266 4008 1335 4074; x_wconf 70' lang='grc' dir='ltr'>ἧς</span> <span class='ocrx_word' id='word_1_540' title='bbox 1392 4004 1800 4079; x_wconf 74' lang='grc' dir='ltr'>ἀνεστράφημεν</span> <span class='ocrx_word' id='word_1_541' title='bbox 1862 4007 1994 4079; x_wconf 80' lang='lat'>(80).</span> 
     </span>
    </p>
   </div>
   <div class='ocr_carea' id='block_1_75' title="bbox 340 4091 1996 4172">
    <p class='ocr_par' dir='ltr' id='par_1_75' title="bbox 340 4091 1996 4172">
     <span class='ocr_line' id='line_1_75' title="bbox 340 4091 1996 4172; baseline -0.001 -22"><span class='ocrx_word' id='word_1_542' title='bbox 340 4095 415 4150; x_wconf 77' lang='grc' dir='ltr'>Σὺ</span> <span class='ocrx_word' id='word_1_543' title='bbox 445 4095 713 4172; x_wconf 80' lang='grc' dir='ltr'>χρηστὸς,</span> <span class='ocrx_word' id='word_1_544' title='bbox 745 4091 874 4149; x_wconf 81' lang='grc' dir='ltr'>ἀλλ’</span> <span class='ocrx_word' id='word_1_545' title='bbox 900 4097 1066 4168; x_wconf 88' lang='grc' dir='ltr'>ἡμεῖς</span> <span class='ocrx_word' id='word_1_546' title='bbox 1096 4096 1476 4168; x_wconf 73' lang='grc' dir='ltr'>ἡνομήσαμενο</span> <span class='ocrx_word' id='word_1_547' title='bbox 1510 4094 1572 4149; x_wconf 80' lang='grc' dir='ltr'>σὺ</span> <span class='ocrx_word' id='word_1_548' title='bbox 1625 4094 1996 4168; x_wconf 80' lang='grc' dir='ltr'>μακρὸθυμος,</span> 
     </span>
    </p>
   </div>
   <div class='ocr_carea' id='block_1_76' title="bbox 339 4182 2000 4261">
    <p class='ocr_par' dir='ltr' id='par_1_76' title="bbox 339 4182 2000 4261">
     <span class='ocr_line' id='line_1_76' title="bbox 339 4182 2000 4261; baseline -0.001 -21"><span class='ocrx_word' id='word_1_549' title='bbox 339 4182 466 4240; x_wconf 86' lang='grc' dir='ltr'>ἀλλ’</span> <span class='ocrx_word' id='word_1_550' title='bbox 494 4187 659 4259; x_wconf 79' lang='grc' dir='ltr'>ἡμεῖς</span> <span class='ocrx_word' id='word_1_551' title='bbox 692 4184 927 4261; x_wconf 79' lang='grc' dir='ltr'>πληγῶν</span> <span class='ocrx_word' id='word_1_552' title='bbox 958 4183 1114 4256; x_wconf 77' lang='grc' dir='ltr'>ἄξιοι.</span> <span class='ocrx_word' id='word_1_553' title='bbox 1164 4185 1508 4259; x_wconf 79' lang='grc' dir='ltr'>Γινώσκομέν</span> <span class='ocrx_word' id='word_1_554' title='bbox 1535 4207 1629 4239; x_wconf 91' lang='grc' dir='ltr'>σου</span> <span class='ocrx_word' id='word_1_555' title='bbox 1670 4186 1769 4253; x_wconf 73' lang='grc' dir='ltr'>τὴν</span> <span class='ocrx_word' id='word_1_556' title='bbox 1806 4183 2000 4260; x_wconf 82' lang='grc' dir='ltr'>ἀγαθό-</span> 
     </span>
    </p>
   </div>
   <div class='ocr_carea' id='block_1_77' title="bbox 337 4273 2000 4351">
    <p class='ocr_par' dir='ltr' id='par_1_77' title="bbox 337 4273 2000 4351">
     <span class='ocr_line' id='line_1_77' title="bbox 337 4273 2000 4351; baseline -0.001 -20"><span class='ocrx_word' id='word_1_557' title='bbox 337 4296 497 4346; x_wconf 82' lang='grc' dir='ltr'>τητα,</span> <span class='ocrx_word' id='word_1_558' title='bbox 575 4274 768 4350; x_wconf 88' lang='grc' dir='ltr'>καίπερ</span> <span class='ocrx_word' id='word_1_559' title='bbox 842 4275 1240 4338; x_wconf 77' lang='grc' dir='ltr'>ἀσυνετοῦντες’</span> <span class='ocrx_word' id='word_1_560' title='bbox 1322 4273 1481 4351; x_wconf 87' lang='grc' dir='ltr'>ὀλίγα</span> <span class='ocrx_word' id='word_1_561' title='bbox 1552 4277 1625 4329; x_wconf 84' lang='grc' dir='ltr'>ὧν</span> <span class='ocrx_word' id='word_1_562' title='bbox 1680 4274 2000 4350; x_wconf 75' lang='grc' dir='ltr'>ἡμάρτομεν</span> 
     </span>
    </p>
   </div>
   <div class='ocr_carea' id='block_1_78' title="bbox 346 4359 2007 4442">
    <p class='ocr_par' dir='ltr' id='par_1_78' title="bbox 346 4359 2007 4442">
     <span class='ocr_line' id='line_1_78' title="bbox 346 4359 2007 4442; baseline 0 -23"><span class='ocrx_word' id='word_1_563' title='bbox 346 4365 828 4440; x_wconf 83' lang='grc' dir='ltr'>μεμαστιγώμεθα.</span> <span class='ocrx_word' id='word_1_564' title='bbox 923 4364 997 4419; x_wconf 82' lang='grc' dir='ltr'>Σὺ</span> <span class='ocrx_word' id='word_1_565' title='bbox 1067 4359 1324 4442; x_wconf 75' lang='grc' dir='ltr'>φοϐερὸς,</span> <span class='ocrx_word' id='word_1_566' title='bbox 1388 4364 1477 4420; x_wconf 79' lang='grc' dir='ltr'>καὶ</span> <span class='ocrx_word' id='word_1_567' title='bbox 1547 4364 1630 4427; x_wconf 88' lang='grc' dir='ltr'>τίς</span> <span class='ocrx_word' id='word_1_568' title='bbox 1698 4363 2007 4435; x_wconf 71' lang='grc' dir='ltr'>ἀντιστήσε-</span> 
     </span>
    </p>
   </div>
   <div class='ocr_carea' id='block_1_79' title="bbox 342 4450 2006 4530">
    <p class='ocr_par' dir='ltr' id='par_1_79' title="bbox 342 4450 2006 4530">
     <span class='ocr_line' id='line_1_79' title="bbox 342 4450 2006 4530; baseline 0 -22"><span class='ocrx_word' id='word_1_569' title='bbox 342 4454 431 4509; x_wconf 90' lang='grc' dir='ltr'>ταί</span> <span class='ocrx_word' id='word_1_570' title='bbox 481 4471 605 4524; x_wconf 87' lang='grc' dir='ltr'>σοι;</span> <span class='ocrx_word' id='word_1_571' title='bbox 649 4452 856 4530; x_wconf 84' lang='grc' dir='ltr'>τρόμος</span> <span class='ocrx_word' id='word_1_572' title='bbox 901 4452 1136 4527; x_wconf 72' lang='grc' dir='ltr'>λήψεται</span> <span class='ocrx_word' id='word_1_573' title='bbox 1183 4455 1289 4509; x_wconf 81' lang='grc' dir='ltr'>ἀπὸ</span> <span class='ocrx_word' id='word_1_574' title='bbox 1340 4460 1435 4509; x_wconf 80' lang='grc' dir='ltr'>σοῦ</span> <span class='ocrx_word' id='word_1_575' title='bbox 1479 4450 1605 4529; x_wconf 71' lang='grc' dir='ltr'>ὄρη,</span> <span class='ocrx_word' id='word_1_576' title='bbox 1654 4454 1743 4508; x_wconf 81' lang='grc' dir='ltr'>καὶ</span> <span class='ocrx_word' id='word_1_577' title='bbox 1798 4453 2006 4530; x_wconf 82' lang='grc' dir='ltr'>μεγέθει</span> 
     </span>
    </p>
   </div>
   <div class='ocr_carea' id='block_1_80' title="bbox 351 4540 2005 4620">
    <p class='ocr_par' dir='ltr' id='par_1_80' title="bbox 351 4540 2005 4620">
     <span class='ocr_line' id='line_1_80' title="bbox 351 4540 2005 4620; baseline 0.001 -23"><span class='ocrx_word' id='word_1_578' title='bbox 351 4542 643 4620; x_wconf 84' lang='grc' dir='ltr'>βραχίονός</span> <span class='ocrx_word' id='word_1_579' title='bbox 693 4563 789 4597; x_wconf 90' lang='grc' dir='ltr'>σου</span> <span class='ocrx_word' id='word_1_580' title='bbox 834 4540 917 4603; x_wconf 89' lang='grc' dir='ltr'>τίς</span> <span class='ocrx_word' id='word_1_581' title='bbox 968 4541 1233 4615; x_wconf 82' lang='grc' dir='ltr'>ἀντερίσει</span> <span class='ocrx_word' id='word_1_582' title='bbox 1283 4546 1432 4616; x_wconf 89' lang='grc'>(81);</span> <span class='ocrx_word' id='word_1_583' title='bbox 1486 4545 1605 4598; x_wconf 73' lang='grc' dir='ltr'>Ἐὰν</span> <span class='ocrx_word' id='word_1_584' title='bbox 1650 4544 1871 4617; x_wconf 74' lang='grc' dir='ltr'>κΛείσῃς</span> <span class='ocrx_word' id='word_1_585' title='bbox 1914 4544 2005 4598; x_wconf 85' lang='grc' dir='ltr'>τὸν</span> 
     </span>
    </p>
   </div>
   <div class='ocr_carea' id='block_1_81' title="bbox 350 4627 2007 4707">
    <p class='ocr_par' dir='ltr' id='par_1_81' title="bbox 350 4627 2007 4707">
     <span class='ocr_line' id='line_1_81' title="bbox 350 4627 2007 4707; baseline 0.001 -23"><span class='ocrx_word' id='word_1_586' title='bbox 350 4629 599 4706; x_wconf 80' lang='grc' dir='ltr'>οὐρανὸν,</span> <span class='ocrx_word' id='word_1_587' title='bbox 629 4627 713 4692; x_wconf 87' lang='grc' dir='ltr'>τίς</span> <span class='ocrx_word' id='word_1_588' title='bbox 747 4628 979 4699; x_wconf 72' lang='grc' dir='ltr'>ἀνοίξεις</span> <span class='ocrx_word' id='word_1_589' title='bbox 1006 4630 1097 4682; x_wconf 84' lang='grc' dir='ltr'>καὶ</span> <span class='ocrx_word' id='word_1_590' title='bbox 1130 4629 1217 4685; x_wconf 79' lang='grc' dir='ltr'>ἐὰν</span> <span class='ocrx_word' id='word_1_591' title='bbox 1252 4628 1417 4703; x_wconf 81' lang='grc' dir='ltr'>λύσῃς</span> <span class='ocrx_word' id='word_1_592' title='bbox 1453 4630 1580 4693; x_wconf 83' lang='grc' dir='ltr'>τοὺς</span> <span class='ocrx_word' id='word_1_593' title='bbox 1636 4629 2007 4707; x_wconf 73' lang='grc' dir='ltr'>καταρράκτας</span> 
     </span>
    </p>
   </div>
   <div class='ocr_carea' id='block_1_82' title="bbox 351 4717 2009 4796">
    <p class='ocr_par' dir='ltr' id='par_1_82' title="bbox 351 4717 2009 4796">
     <span class='ocr_line' id='line_1_82' title="bbox 351 4717 2009 4796; baseline -0.001 -21"><span class='ocrx_word' id='word_1_594' title='bbox 351 4740 470 4790; x_wconf 85' lang='grc' dir='ltr'>σου,</span> <span class='ocrx_word' id='word_1_595' title='bbox 503 4718 589 4781; x_wconf 89' lang='grc' dir='ltr'>τίς</span> <span class='ocrx_word' id='word_1_596' title='bbox 620 4717 820 4791; x_wconf 80' lang='grc' dir='ltr'>συνέξει</span> <span class='ocrx_word' id='word_1_597' title='bbox 853 4719 1005 4791; x_wconf 83' lang='grc'>(82);</span> <span class='ocrx_word' id='word_1_598' title='bbox 1042 4722 1253 4789; x_wconf 77' lang='grc' dir='ltr'>Κοῢφον</span> <span class='ocrx_word' id='word_1_599' title='bbox 1288 4718 1342 4773; x_wconf 70' lang='grc' dir='ltr'>ἰν</span> <span class='ocrx_word' id='word_1_600' title='bbox 1378 4717 1687 4796; x_wconf 87' lang='grc' dir='ltr'>ὀφθαλμοῖς</span> <span class='ocrx_word' id='word_1_601' title='bbox 1734 4740 1831 4773; x_wconf 88' lang='grc' dir='ltr'>σου</span> <span class='ocrx_word' id='word_1_602' title='bbox 1861 4740 2009 4773; x_wconf 86' lang='grc' dir='ltr'>πτω-</span> 
     </span>
    </p>
   </div>
   <div class='ocr_carea' id='block_1_83' title="bbox 2112 3467 3763 3541">
    <p class='ocr_par' dir='ltr' id='par_1_83' title="bbox 2112 3467 3763 3541">
     <span class='ocr_line' id='line_1_83' title="bbox 2112 3467 3763 3541; baseline -0.001 -17"><span class='ocrx_word' id='word_1_603' title='bbox 2112 3472 2212 3541; x_wconf 90' lang='lat' dir='ltr'>iit,</span> <span class='ocrx_word' id='word_1_604' title='bbox 2269 3471 2399 3527; x_wconf 69' lang='lat' dir='ltr'>vita:</span> <span class='ocrx_word' id='word_1_605' title='bbox 2458 3474 2671 3525; x_wconf 61' lang='lat' dir='ltr'>nostra;</span> <span class='ocrx_word' id='word_1_606' title='bbox 2730 3471 2988 3526; x_wconf 89' lang='lat' dir='ltr'>rationes</span> <span class='ocrx_word' id='word_1_607' title='bbox 3046 3468 3349 3523; x_wconf 86' lang='lat' dir='ltr'>institutas</span> <span class='ocrx_word' id='word_1_608' title='bbox 3407 3467 3763 3536; x_wconf 83' lang='lat' dir='ltr'>habuimus;</span> 
     </span>
    </p>
   </div>
   <div class='ocr_carea' id='block_1_84' title="bbox 2109 3556 3764 3632">
    <p class='ocr_par' dir='ltr' id='par_1_84' title="bbox 2109 3556 3764 3632">
     <span class='ocr_line' id='line_1_84' title="bbox 2109 3556 3764 3632; baseline -0.003 -17"><span class='ocrx_word' id='word_1_609' title='bbox 2109 3560 2391 3632; x_wconf 88' lang='lat' dir='ltr'>quoniam</span> <span class='ocrx_word' id='word_1_610' title='bbox 2424 3560 2632 3615; x_wconf 89' lang='lat' dir='ltr'>dilecto</span> <span class='ocrx_word' id='word_1_611' title='bbox 2681 3563 2781 3614; x_wconf 92' lang='lat' dir='ltr'>tuo</span> <span class='ocrx_word' id='word_1_612' title='bbox 2840 3560 3052 3630; x_wconf 91' lang='lat' dir='ltr'>probro</span> <span class='ocrx_word' id='word_1_613' title='bbox 3102 3573 3168 3611; x_wconf 88' lang='lat' dir='ltr'>ac</span> <span class='ocrx_word' id='word_1_614' title='bbox 3215 3557 3481 3612; x_wconf 87' lang='lat' dir='ltr'>dedecori</span> <span class='ocrx_word' id='word_1_615' title='bbox 3543 3556 3764 3612; x_wconf 84' lang='lat' dir='ltr'>exstiti-</span> 
     </span>
    </p>
   </div>
   <div class='ocr_carea' id='block_1_85' title="bbox 2108 3645 3762 3718">
    <p class='ocr_par' dir='ltr' id='par_1_85' title="bbox 2108 3645 3762 3718">
     <span class='ocr_line' id='line_1_85' title="bbox 2108 3645 3762 3718; baseline -0.002 -14"><span class='ocrx_word' id='word_1_616' title='bbox 2108 3667 2270 3716; x_wconf 90' lang='lat' dir='ltr'>mus;</span> <span class='ocrx_word' id='word_1_617' title='bbox 2306 3650 2579 3704; x_wconf 85' lang='lat' dir='ltr'>sacerdos</span> <span class='ocrx_word' id='word_1_618' title='bbox 2629 3647 2805 3702; x_wconf 81' lang='lat' dir='ltr'>simul</span> <span class='ocrx_word' id='word_1_619' title='bbox 2838 3651 2894 3702; x_wconf 91' lang='lat' dir='ltr'>et</span> <span class='ocrx_word' id='word_1_620' title='bbox 2932 3645 3185 3718; x_wconf 88' lang='lat' dir='ltr'>populus</span> <span class='ocrx_word' id='word_1_621' title='bbox 3220 3650 3338 3701; x_wconf 87' lang='lat' dir='ltr'>ate</span> <span class='ocrx_word' id='word_1_622' title='bbox 3386 3646 3762 3711; x_wconf 85' lang='lat' dir='ltr'>descivimus,</span> 
     </span>
    </p>
   </div>
   <div class='ocr_carea' id='block_1_86' title="bbox 2109 3734 3759 3802">
    <p class='ocr_par' dir='ltr' id='par_1_86' title="bbox 2109 3734 3759 3802">
     <span class='ocr_line' id='line_1_86' title="bbox 2109 3734 3759 3802; baseline -0.001 -9"><span class='ocrx_word' id='word_1_623' title='bbox 2109 3755 2311 3793; x_wconf 89' lang='lat' dir='ltr'>omnes</span> <span class='ocrx_word' id='word_1_624' title='bbox 2342 3737 2796 3802; x_wconf 86' lang='lat' dir='ltr'>declinavimus,</span> <span class='ocrx_word' id='word_1_625' title='bbox 2830 3736 3007 3791; x_wconf 89' lang='lat' dir='ltr'>simul</span> <span class='ocrx_word' id='word_1_626' title='bbox 3050 3734 3292 3790; x_wconf 85' lang='lat' dir='ltr'>inutiles</span> <span class='ocrx_word' id='word_1_627' title='bbox 3343 3734 3477 3791; x_wconf 86' lang='lat' dir='ltr'>facti</span> <span class='ocrx_word' id='word_1_628' title='bbox 3510 3751 3713 3790; x_wconf 89' lang='lat' dir='ltr'>sumus</span> <span class='ocrx_word' id='word_1_629' title='bbox 3746 3754 3759 3792; x_wconf 89' lang='lat'><strong>:</strong></span> 
     </span>
    </p>
   </div>
   <div class='ocr_carea' id='block_1_87' title="bbox 2110 3823 3766 3897">
    <p class='ocr_par' dir='ltr' id='par_1_87' title="bbox 2110 3823 3766 3897">
     <span class='ocr_line' id='line_1_87' title="bbox 2110 3823 3766 3897; baseline -0.001 -15"><span class='ocrx_word' id='word_1_630' title='bbox 2110 3844 2221 3882; x_wconf 86' lang='lat' dir='ltr'>non</span> <span class='ocrx_word' id='word_1_631' title='bbox 2255 3831 2342 3881; x_wconf 89' lang='lat' dir='ltr'>est</span> <span class='ocrx_word' id='word_1_632' title='bbox 2390 3828 2489 3897; x_wconf 89' lang='lat' dir='ltr'>qui</span> <span class='ocrx_word' id='word_1_633' title='bbox 2534 3826 2825 3896; x_wconf 84' lang='lat' dir='ltr'>judicium</span> <span class='ocrx_word' id='word_1_634' title='bbox 2862 3828 2918 3879; x_wconf 90' lang='lat' dir='ltr'>et</span> <span class='ocrx_word' id='word_1_635' title='bbox 2940 3823 3236 3895; x_wconf 85' lang='lat' dir='ltr'>justitiam</span> <span class='ocrx_word' id='word_1_636' title='bbox 3286 3823 3478 3893; x_wconf 85' lang='lat' dir='ltr'>faciat,</span> <span class='ocrx_word' id='word_1_637' title='bbox 3511 3842 3625 3881; x_wconf 90' lang='lat' dir='ltr'>non</span> <span class='ocrx_word' id='word_1_638' title='bbox 3675 3829 3766 3881; x_wconf 89' lang='lat' dir='ltr'>est</span> 
     </span>
    </p>
   </div>
   <div class='ocr_carea' id='block_1_88' title="bbox 2108 3913 3764 3988">
    <p class='ocr_par' dir='ltr' id='par_1_88' title="bbox 2108 3913 3764 3988">
     <span class='ocr_line' id='line_1_88' title="bbox 2108 3913 3764 3988; baseline -0.001 -18"><span class='ocrx_word' id='word_1_639' title='bbox 2108 3932 2295 3988; x_wconf 88' lang='lat' dir='ltr'>usque</span> <span class='ocrx_word' id='word_1_640' title='bbox 2341 3916 2409 3971; x_wconf 90' lang='lat' dir='ltr'>ad</span> <span class='ocrx_word' id='word_1_641' title='bbox 2464 3930 2644 3970; x_wconf 88' lang='lat' dir='ltr'>unum</span> <span class='ocrx_word' id='word_1_642' title='bbox 2668 3915 2728 3968; x_wconf 56' lang='grc' dir='ltr'>ιθ.</span> <span class='ocrx_word' id='word_1_643' title='bbox 2768 3914 3173 3969; x_wconf 86' lang='lat' dir='ltr'>Miserationes</span> <span class='ocrx_word' id='word_1_644' title='bbox 3224 3916 3381 3980; x_wconf 85' lang='lat' dir='ltr'>tuas,</span> <span class='ocrx_word' id='word_1_645' title='bbox 3409 3918 3465 3968; x_wconf 91' lang='lat' dir='ltr'>et</span> <span class='ocrx_word' id='word_1_646' title='bbox 3512 3913 3764 3969; x_wconf 88' lang='lat' dir='ltr'>clemen-</span> 
     </span>
    </p>
   </div>
   <div class='ocr_carea' id='block_1_89' title="bbox 2108 4002 3765 4073">
    <p class='ocr_par' dir='ltr' id='par_1_89' title="bbox 2108 4002 3765 4073">
     <span class='ocr_line' id='line_1_89' title="bbox 2108 4002 3765 4073; baseline 0 -14"><span class='ocrx_word' id='word_1_647' title='bbox 2108 4004 2250 4060; x_wconf 91' lang='lat' dir='ltr'>tiam</span> <span class='ocrx_word' id='word_1_648' title='bbox 2302 4008 2485 4073; x_wconf 88' lang='lat' dir='ltr'>tuam,</span> <span class='ocrx_word' id='word_1_649' title='bbox 2522 4008 2579 4059; x_wconf 91' lang='lat' dir='ltr'>et</span> <span class='ocrx_word' id='word_1_650' title='bbox 2608 4004 2831 4059; x_wconf 82' lang='lat' dir='ltr'>viscera</span> <span class='ocrx_word' id='word_1_651' title='bbox 2871 4002 3287 4058; x_wconf 69' lang='lat' dir='ltr'>misericordiae</span> <span class='ocrx_word' id='word_1_652' title='bbox 3319 4003 3420 4057; x_wconf 89' lang='lat' dir='ltr'>Dei</span> <span class='ocrx_word' id='word_1_653' title='bbox 3454 4003 3660 4068; x_wconf 88' lang='lat' dir='ltr'>nostri,</span> <span class='ocrx_word' id='word_1_654' title='bbox 3692 4004 3765 4059; x_wconf 90' lang='lat' dir='ltr'>ob</span> 
     </span>
    </p>
   </div>
   <div class='ocr_carea' id='block_1_90' title="bbox 2112 4090 3767 4166">
    <p class='ocr_par' dir='ltr' id='par_1_90' title="bbox 2112 4090 3767 4166">
     <span class='ocr_line' id='line_1_90' title="bbox 2112 4090 3767 4166; baseline -0.002 -16"><span class='ocrx_word' id='word_1_655' title='bbox 2112 4093 2549 4166; x_wconf 82' lang='lat' dir='ltr'>improbitatem</span> <span class='ocrx_word' id='word_1_656' title='bbox 2597 4095 2882 4159; x_wconf 89' lang='lat' dir='ltr'>nostram,</span> <span class='ocrx_word' id='word_1_657' title='bbox 2916 4096 2972 4147; x_wconf 89' lang='lat' dir='ltr'>et</span> <span class='ocrx_word' id='word_1_658' title='bbox 3001 4090 3379 4146; x_wconf 88' lang='lat' dir='ltr'>consiliorum</span> <span class='ocrx_word' id='word_1_659' title='bbox 3430 4094 3767 4146; x_wconf 89' lang='lat' dir='ltr'>nostrorum</span> 
     </span>
    </p>
   </div>
   <div class='ocr_carea' id='block_1_91' title="bbox 2110 4179 3769 4256">
    <p class='ocr_par' dir='ltr' id='par_1_91' title="bbox 2110 4179 3769 4256">
     <span class='ocr_line' id='line_1_91' title="bbox 2110 4179 3769 4256; baseline -0.002 -19"><span class='ocrx_word' id='word_1_660' title='bbox 2110 4182 2570 4256; x_wconf 89' lang='lat' dir='ltr'>perversitatem,</span> <span class='ocrx_word' id='word_1_661' title='bbox 2605 4198 2719 4252; x_wconf 90' lang='lat' dir='ltr'>quo</span> <span class='ocrx_word' id='word_1_662' title='bbox 2769 4185 2925 4235; x_wconf 88' lang='lat' dir='ltr'>retro</span> <span class='ocrx_word' id='word_1_663' title='bbox 2978 4180 3216 4250; x_wconf 81' lang='lat' dir='ltr'>ivimus,</span> <span class='ocrx_word' id='word_1_664' title='bbox 3250 4181 3421 4235; x_wconf 85' lang='lat' dir='ltr'>nobis</span> <span class='ocrx_word' id='word_1_665' title='bbox 3471 4179 3769 4251; x_wconf 60' lang='lat' dir='ltr'>praeclusi-</span> 
     </span>
    </p>
   </div>
   <div class='ocr_carea' id='block_1_92' title="bbox 2114 4270 3774 4342">
    <p class='ocr_par' dir='ltr' id='par_1_92' title="bbox 2114 4270 3774 4342">
     <span class='ocr_line' id='line_1_92' title="bbox 2114 4270 3774 4342; baseline -0.002 -15"><span class='ocrx_word' id='word_1_666' title='bbox 2114 4290 2268 4328; x_wconf 91' lang='lat' dir='ltr'>mus.</span> <span class='ocrx_word' id='word_1_667' title='bbox 2304 4274 2389 4328; x_wconf 93' lang='lat' dir='ltr'>Tu</span> <span class='ocrx_word' id='word_1_668' title='bbox 2423 4274 2634 4339; x_wconf 89' lang='lat' dir='ltr'>bonus,</span> <span class='ocrx_word' id='word_1_669' title='bbox 2668 4275 2727 4327; x_wconf 88' lang='lat' dir='ltr'>at</span> <span class='ocrx_word' id='word_1_670' title='bbox 2759 4287 2866 4326; x_wconf 91' lang='lat' dir='ltr'>nos</span> <span class='ocrx_word' id='word_1_671' title='bbox 2898 4270 3098 4342; x_wconf 87' lang='lat' dir='ltr'>inique</span> <span class='ocrx_word' id='word_1_672' title='bbox 3125 4270 3376 4341; x_wconf 89' lang='lat' dir='ltr'>egimus.</span> <span class='ocrx_word' id='word_1_673' title='bbox 3401 4271 3488 4325; x_wconf 92' lang='lat' dir='ltr'>Tu</span> <span class='ocrx_word' id='word_1_674' title='bbox 3521 4270 3690 4341; x_wconf 89' lang='lat' dir='ltr'>lenis,</span> <span class='ocrx_word' id='word_1_675' title='bbox 3716 4273 3774 4325; x_wconf 89' lang='lat' dir='ltr'>at</span> 
     </span>
    </p>
   </div>
   <div class='ocr_carea' id='block_1_93' title="bbox 2115 4359 3772 4433">
    <p class='ocr_par' dir='ltr' id='par_1_93' title="bbox 2115 4359 3772 4433">
     <span class='ocr_line' id='line_1_93' title="bbox 2115 4359 3772 4433; baseline -0.002 -16"><span class='ocrx_word' id='word_1_676' title='bbox 2115 4380 2223 4419; x_wconf 86' lang='lat' dir='ltr'>nos</span> <span class='ocrx_word' id='word_1_677' title='bbox 2253 4362 2592 4417; x_wconf 88' lang='lat' dir='ltr'>verberibus</span> <span class='ocrx_word' id='word_1_678' title='bbox 2620 4359 2802 4433; x_wconf 90' lang='lat' dir='ltr'>digni.</span> <span class='ocrx_word' id='word_1_679' title='bbox 2832 4360 3159 4415; x_wconf 85' lang='lat' dir='ltr'>Bonitatem</span> <span class='ocrx_word' id='word_1_680' title='bbox 3182 4362 3345 4414; x_wconf 91' lang='lat' dir='ltr'>tuam</span> <span class='ocrx_word' id='word_1_681' title='bbox 3374 4359 3772 4431; x_wconf 86' lang='lat' dir='ltr'>agnoscimus,</span> 
     </span>
    </p>
   </div>
   <div class='ocr_carea' id='block_1_94' title="bbox 2114 4450 3778 4523">
    <p class='ocr_par' dir='ltr' id='par_1_94' title="bbox 2114 4450 3778 4523">
     <span class='ocr_line' id='line_1_94' title="bbox 2114 4450 3778 4523; baseline -0.002 -15"><span class='ocrx_word' id='word_1_682' title='bbox 2114 4453 2348 4508; x_wconf 88' lang='lat' dir='ltr'>tametsi</span> <span class='ocrx_word' id='word_1_683' title='bbox 2383 4451 2750 4523; x_wconf 88' lang='lat' dir='ltr'>insipientes,</span> <span class='ocrx_word' id='word_1_684' title='bbox 2779 4450 2981 4505; x_wconf 86' lang='lat' dir='ltr'>Paucis</span> <span class='ocrx_word' id='word_1_685' title='bbox 3011 4466 3115 4521; x_wconf 89' lang='lat' dir='ltr'>pro</span> <span class='ocrx_word' id='word_1_686' title='bbox 3147 4452 3519 4520; x_wconf 87' lang='lat' dir='ltr'>peccatorum</span> <span class='ocrx_word' id='word_1_687' title='bbox 3555 4452 3778 4505; x_wconf 89' lang='lat' dir='ltr'>nostro-</span> 
     </span>
    </p>
   </div>
   <div class='ocr_carea' id='block_1_95' title="bbox 2117 4538 3782 4610">
    <p class='ocr_par' dir='ltr' id='par_1_95' title="bbox 2117 4538 3782 4610">
     <span class='ocr_line' id='line_1_95' title="bbox 2117 4538 3782 4610; baseline -0.002 -14"><span class='ocrx_word' id='word_1_688' title='bbox 2117 4559 2248 4596; x_wconf 90' lang='lat' dir='ltr'>rum</span> <span class='ocrx_word' id='word_1_689' title='bbox 2282 4541 2585 4595; x_wconf 85' lang='lat' dir='ltr'>atrocitate</span> <span class='ocrx_word' id='word_1_690' title='bbox 2605 4539 3037 4610; x_wconf 89' lang='lat' dir='ltr'>vapulavimus.</span> <span class='ocrx_word' id='word_1_691' title='bbox 3064 4539 3135 4592; x_wconf 86' lang='lat' dir='ltr'>Tu</span> <span class='ocrx_word' id='word_1_692' title='bbox 3157 4538 3447 4604; x_wconf 82' lang='lat' dir='ltr'>terribilis,</span> <span class='ocrx_word' id='word_1_693' title='bbox 3473 4546 3524 4593; x_wconf 78' lang='lat' dir='ltr'>et</span> <span class='ocrx_word' id='word_1_694' title='bbox 3547 4540 3671 4609; x_wconf 78' lang='lat' dir='ltr'>quis</span> <span class='ocrx_word' id='word_1_695' title='bbox 3700 4555 3782 4593; x_wconf 85' lang='lat' dir='ltr'>re-</span> 
     </span>
    </p>
   </div>
   <div class='ocr_carea' id='block_1_96' title="bbox 2117 4626 3775 4685">
    <p class='ocr_par' dir='ltr' id='par_1_96' title="bbox 2117 4626 3775 4685">
     <span class='ocr_line' id='line_1_96' title="bbox 2117 4626 3775 4685; baseline -0.001 0"><span class='ocrx_word' id='word_1_696' title='bbox 2117 4633 2271 4685; x_wconf 77' lang='lat' dir='ltr'>sistet</span> <span class='ocrx_word' id='word_1_697' title='bbox 2300 4630 2405 4683; x_wconf 83' lang='lat' dir='ltr'>tibi</span> <span class='ocrx_word' id='word_1_698' title='bbox 2425 4628 2510 4682; x_wconf 69' lang='lat'>‘7?</span> <span class='ocrx_word' id='word_1_699' title='bbox 2552 4630 2593 4683; x_wconf 82' lang='lat' dir='ltr'><strong>A</strong></span> <span class='ocrx_word' id='word_1_700' title='bbox 2624 4628 2834 4682; x_wconf 86' lang='lat' dir='ltr'>timore</span> <span class='ocrx_word' id='word_1_701' title='bbox 2865 4632 2965 4683; x_wconf 88' lang='lat' dir='ltr'>tuo</span> <span class='ocrx_word' id='word_1_702' title='bbox 2997 4630 3228 4681; x_wconf 84' lang='lat' dir='ltr'>montes</span> <span class='ocrx_word' id='word_1_703' title='bbox 3276 4626 3729 4683; x_wconf 87' lang='lat' dir='ltr'>contremiseent</span> <span class='ocrx_word' id='word_1_704' title='bbox 3763 4644 3775 4683; x_wconf 93' lang='lat'><strong>:</strong></span> 
     </span>
    </p>
   </div>
   <div class='ocr_carea' id='block_1_97' title="bbox 2122 4714 3779 4788">
    <p class='ocr_par' dir='ltr' id='par_1_97' title="bbox 2122 4714 3779 4788">
     <span class='ocr_line' id='line_1_97' title="bbox 2122 4714 3779 4788; baseline -0.003 -14"><span class='ocrx_word' id='word_1_705' title='bbox 2122 4723 2177 4775; x_wconf 85' lang='lat' dir='ltr'>et</span> <span class='ocrx_word' id='word_1_706' title='bbox 2209 4716 2601 4788; x_wconf 81' lang='lat' dir='ltr'>magnitudini</span> <span class='ocrx_word' id='word_1_707' title='bbox 2648 4715 2873 4771; x_wconf 87' lang='lat' dir='ltr'>brachii</span> <span class='ocrx_word' id='word_1_708' title='bbox 2926 4715 3009 4769; x_wconf 91' lang='lat' dir='ltr'>tui</span> <span class='ocrx_word' id='word_1_709' title='bbox 3044 4714 3180 4785; x_wconf 90' lang='lat' dir='ltr'>quis</span> <span class='ocrx_word' id='word_1_710' title='bbox 3237 4714 3514 4770; x_wconf 85' lang='lat' dir='ltr'>resistet?</span> <span class='ocrx_word' id='word_1_711' title='bbox 3558 4715 3615 4769; x_wconf 90' lang='lat' dir='ltr'>Si</span> <span class='ocrx_word' id='word_1_712' title='bbox 3665 4732 3779 4770; x_wconf 84' lang='lat' dir='ltr'>oce-</span> 
     </span>
    </p>
   </div>
   <div class='ocr_carea' id='block_1_98' title="bbox 421 4812 2020 4891">
    <p class='ocr_par' dir='ltr' id='par_1_98' title="bbox 421 4816 2017 4891">
     <span class='ocr_line' id='line_1_98' title="bbox 421 4816 2017 4891; baseline -0.001 -15"><span class='ocrx_word' id='word_1_713' title='bbox 421 4821 467 4854; x_wconf 75' lang='lat'>&quot;</span> <span class='ocrx_word' id='word_1_714' title='bbox 495 4821 693 4876; x_wconf 86' lang='lat' dir='ltr'>Amos.</span> <span class='ocrx_word' id='word_1_715' title='bbox 728 4835 803 4889; x_wconf 89' lang='lat' dir='ltr'>1v,</span> <span class='ocrx_word' id='word_1_716' title='bbox 833 4816 870 4872; x_wconf 84' lang='lat'>9</span> <span class='ocrx_word' id='word_1_717' title='bbox 895 4834 1027 4890; x_wconf 86' lang='lat' dir='ltr'>sqq.</span> <span class='ocrx_word' id='word_1_718' title='bbox 1104 4818 1151 4853; x_wconf 68' lang='grc'>⁸³</span> <span class='ocrx_word' id='word_1_719' title='bbox 1180 4819 1291 4876; x_wconf 84' lang='lat' dir='ltr'>Isa.</span> <span class='ocrx_word' id='word_1_720' title='bbox 1322 4836 1379 4875; x_wconf 91' lang='lat' dir='ltr'>v.</span> <span class='ocrx_word' id='word_1_721' title='bbox 1415 4820 1465 4874; x_wconf 90' lang='grc'>1.</span> <span class='ocrx_word' id='word_1_722' title='bbox 1542 4820 1588 4854; x_wconf 74' lang='grc'><strong>⁴⁴</strong></span> <span class='ocrx_word' id='word_1_723' title='bbox 1618 4819 1863 4875; x_wconf 86' lang='lat' dir='ltr'>Baruch.</span> <span class='ocrx_word' id='word_1_724' title='bbox 1897 4836 1956 4891; x_wconf 78' lang='grc' dir='ltr'>ιι,</span> <span class='ocrx_word' id='word_1_725' title='bbox 1992 4821 2017 4874; x_wconf 91' lang='grc'>1</span> 
     </span>
    </p>
   </div>
   <div class='ocr_carea' id='block_1_99' title="bbox 2120 4812 3730 4891">
    <p class='ocr_par' dir='ltr' id='par_1_99' title="bbox 2154 4812 3730 4883">
     <span class='ocr_line' id='line_1_99' title="bbox 2154 4812 3730 4883; baseline -0.001 -14"><span class='ocrx_word' id='word_1_726' title='bbox 2154 4818 2198 4852; x_wconf 71' lang='grc'>⁴⁶</span> <span class='ocrx_word' id='word_1_727' title='bbox 2232 4818 2342 4871; x_wconf 89' lang='lat' dir='ltr'>Isa.</span> <span class='ocrx_word' id='word_1_728' title='bbox 2382 4832 2508 4883; x_wconf 87' lang='lat' dir='ltr'>va,</span> <span class='ocrx_word' id='word_1_729' title='bbox 2537 4817 2591 4869; x_wconf 89' lang='lat'>2.</span> <span class='ocrx_word' id='word_1_730' title='bbox 2672 4814 2713 4848; x_wconf 50' lang='grc' dir='ltr'>ιδ</span> <span class='ocrx_word' id='word_1_731' title='bbox 2748 4814 2903 4870; x_wconf 89' lang='lat' dir='ltr'>Psal.</span> <span class='ocrx_word' id='word_1_732' title='bbox 2935 4829 3061 4879; x_wconf 81' lang='lat' dir='ltr'>xm,</span> <span class='ocrx_word' id='word_1_733' title='bbox 3093 4813 3145 4868; x_wconf 89' lang='lat'>3.</span> <span class='ocrx_word' id='word_1_734' title='bbox 3224 4814 3266 4847; x_wconf 73' lang='lat'>‘7</span> <span class='ocrx_word' id='word_1_735' title='bbox 3298 4812 3453 4868; x_wconf 89' lang='lat' dir='ltr'>Psal.</span> <span class='ocrx_word' id='word_1_736' title='bbox 3487 4829 3645 4881; x_wconf 80' lang='lat' dir='ltr'>Lxxv,</span> <span class='ocrx_word' id='word_1_737' title='bbox 3678 4814 3730 4869; x_wconf 87' lang='lat'>8.</span> 
     </span>
    </p>
   </div>
   <div class='ocr_carea' id='block_1_100' title="bbox 424 4910 2020 4991">
    <p class='ocr_par' dir='ltr' id='par_1_100' title="bbox 424 4910 2013 4991">
     <span class='ocr_line' id='line_1_100' title="bbox 424 4910 2013 4991; baseline 0.001 -20"><span class='ocrx_word' id='word_1_738' title='bbox 424 4918 539 4989; x_wconf 91' lang='lat'>(73)</span> <span class='ocrx_word' id='word_1_739' title='bbox 561 4914 668 4991; x_wconf 17' lang='grc' dir='ltr'>,Καὶ</span> <span class='ocrx_word' id='word_1_740' title='bbox 700 4910 1179 4991; x_wconf 19' lang='grc' dir='ltr'>,συμϐασιλεῦσαμ</span> <span class='ocrx_word' id='word_1_741' title='bbox 1235 4919 1328 4973; x_wconf 88' lang='lat' dir='ltr'>Sic</span> <span class='ocrx_word' id='word_1_742' title='bbox 1375 4918 1554 4975; x_wconf 83' lang='lat' dir='ltr'>Coisl.</span> <span class='ocrx_word' id='word_1_743' title='bbox 1600 4920 1651 4989; x_wconf 90' lang='grc'>1,</span> <span class='ocrx_word' id='word_1_744' title='bbox 1701 4924 1754 4973; x_wconf 86' lang='lat' dir='ltr'>et</span> <span class='ocrx_word' id='word_1_745' title='bbox 1803 4918 1898 4975; x_wconf 91' lang='lat' dir='ltr'>Or.</span> <span class='ocrx_word' id='word_1_746' title='bbox 1958 4918 2013 4973; x_wconf 81' lang='grc'>2.</span> 
     </span>
    </p>
   </div>
   <div class='ocr_carea' id='block_1_101' title="bbox 2120 4910 3780 4991">
    <p class='ocr_par' dir='ltr' id='par_1_101' title="bbox 2123 4911 3780 4991">
     <span class='ocr_line' id='line_1_101' title="bbox 2123 4911 3780 4991; baseline 0 -24"><span class='ocrx_word' id='word_1_747' title='bbox 2123 4911 2335 4991; x_wconf 65' lang='grc' dir='ltr'>λισμῑμἶ</span> <span class='ocrx_word' id='word_1_748' title='bbox 2369 4915 2431 4970; x_wconf 93' lang='lat' dir='ltr'>Id</span> <span class='ocrx_word' id='word_1_749' title='bbox 2472 4932 2505 4971; x_wconf 86' lang='lat' dir='ltr'>a</span> <span class='ocrx_word' id='word_1_750' title='bbox 2548 4914 2824 4991; x_wconf 80' lang='lat' dir='ltr'>Gregorio</span> <span class='ocrx_word' id='word_1_751' title='bbox 2876 4911 3366 4991; x_wconf 69' lang='lat' dir='ltr'>additumverbis</span> <span class='ocrx_word' id='word_1_752' title='bbox 3412 4913 3613 4991; x_wconf 54' lang='lat' dir='ltr'>{\mos.</span> <span class='ocrx_word' id='word_1_753' title='bbox 3645 4912 3780 4991; x_wconf 84' lang='lat' dir='ltr'>Plu-</span> 
     </span>
    </p>
   </div>
   <div class='ocr_carea' id='block_1_102' title="bbox 352 4989 740 5047">
    <p class='ocr_par' dir='ltr' id='par_1_102' title="bbox 352 4989 740 5047">
     <span class='ocr_line' id='line_1_102' title="bbox 352 4989 740 5047; baseline -0.008 0"><span class='ocrx_word' id='word_1_754' title='bbox 352 4991 528 5047; x_wconf 85' lang='lat' dir='ltr'>Deest</span> <span class='ocrx_word' id='word_1_755' title='bbox 554 4990 617 5044; x_wconf 87' lang='lat' dir='ltr'>in</span> <span class='ocrx_word' id='word_1_756' title='bbox 647 4989 740 5045; x_wconf 85' lang='lat' dir='ltr'>ed.</span> 
     </span>
    </p>
   </div>
   <div class='ocr_carea' id='block_1_103' title="bbox 423 5057 1633 5203">
    <p class='ocr_par' dir='ltr' id='par_1_103' title="bbox 423 5057 1633 5203">
     <span class='ocr_line' id='line_1_103' title="bbox 423 5057 1633 5134; baseline 0 -17"><span class='ocrx_word' id='word_1_757' title='bbox 423 5063 517 5129; x_wconf 84' lang='grc'>(74</span> <span class='ocrx_word' id='word_1_758' title='bbox 569 5066 732 5123; x_wconf 81' lang='grc' dir='ltr'>Καθιε</span> <span class='ocrx_word' id='word_1_759' title='bbox 771 5060 975 5133; x_wconf 82' lang='grc' dir='ltr'>ωμένα.</span> <span class='ocrx_word' id='word_1_760' title='bbox 1008 5061 1104 5119; x_wconf 87' lang='lat' dir='ltr'>Or.</span> <span class='ocrx_word' id='word_1_761' title='bbox 1136 5062 1192 5130; x_wconf 89' lang='grc'>2,</span> <span class='ocrx_word' id='word_1_762' title='bbox 1223 5057 1633 5134; x_wconf 85' lang='grc' dir='ltr'>καθιερούμενα.</span> 
     </span>
     <span class='ocr_line' id='line_1_104' title="bbox 424 5064 1633 5203; baseline 0 -14"><span class='ocrx_word' id='word_1_763' title='bbox 424 5064 540 5203; x_wconf 67' lang='lat'>(75)</span> <span class='ocrx_word' id='word_1_764' title='bbox 573 5130 672 5186; x_wconf 83' lang='grc' dir='ltr'>Διὰ</span> <span class='ocrx_word' id='word_1_765' title='bbox 697 5079 797 5203; x_wconf 48' lang='lat' dir='ltr'>civ</span> <span class='ocrx_word' id='word_1_766' title='bbox 850 5131 986 5203; x_wconf 72' lang='grc' dir='ltr'>ἰμὴν</span> <span class='ocrx_word' id='word_1_767' title='bbox 1035 5128 1404 5203; x_wconf 85' lang='grc' dir='ltr'>πλαγιὸτητα.</span> <span class='ocrx_word' id='word_1_768' title='bbox 1435 5156 1457 5184; x_wconf 75' lang='grc' dir='ltr'><strong><em>α</em></strong></span> <span class='ocrx_word' id='word_1_769' title='bbox 1491 5134 1576 5191; x_wconf 90' lang='lat' dir='ltr'>Ob</span> <span class='ocrx_word' id='word_1_770' title='bbox 1624 5152 1633 5189; x_wconf 87' lang='lat'><strong>1</strong></span> 
     </span>
    </p>
   </div>
   <div class='ocr_carea' id='block_1_104' title="bbox 424 5136 520 5203">
    <p class='ocr_par' dir='ltr' id='par_1_104' title="bbox 424 5136 520 5203">
     <span class='ocr_line' id='line_1_105' title="bbox 424 5136 520 5203; baseline 0 -14"><span class='ocrx_word' id='word_1_771' title='bbox 424 5136 520 5203; x_wconf 84' lang='lat'>(75</span> 
     </span>
    </p>
   </div>
   <div class='ocr_carea' id='block_1_105' title="bbox 573 5128 2011 5208">
    <p class='ocr_par' dir='ltr' id='par_1_105' title="bbox 573 5128 2011 5208">
     <span class='ocr_line' id='line_1_106' title="bbox 573 5128 2011 5208; baseline 0.001 -22"><span class='ocrx_word' id='word_1_772' title='bbox 573 5130 672 5186; x_wconf 81' lang='grc' dir='ltr'>Διό.</span> <span class='ocrx_word' id='word_1_773' title='bbox 697 5128 797 5208; x_wconf 62' lang='grc' dir='ltr'>τὴν</span> <span class='ocrx_word' id='word_1_774' title='bbox 825 5128 989 5208; x_wconf 64' lang='grc' dir='ltr'>’ἱμὴν</span> <span class='ocrx_word' id='word_1_775' title='bbox 1010 5128 1457 5208; x_wconf 43' lang='grc' dir='ltr'>Δζιτλαγιὸτητᾳίεβι</span> <span class='ocrx_word' id='word_1_776' title='bbox 1484 5128 1576 5208; x_wconf 72' lang='grc' dir='ltr'>Ὀὶ)</span> <span class='ocrx_word' id='word_1_777' title='bbox 1624 5149 1817 5190; x_wconf 87' lang='lat' dir='ltr'>meam</span> <span class='ocrx_word' id='word_1_778' title='bbox 1866 5133 2011 5189; x_wconf 86' lang='lat' dir='ltr'>obli-</span> 
     </span>
    </p>
   </div>
   <div class='ocr_carea' id='block_1_106' title="bbox 355 5205 2014 5289">
    <p class='ocr_par' dir='ltr' id='par_1_106' title="bbox 355 5205 2014 5289">
     <span class='ocr_line' id='line_1_107' title="bbox 355 5205 2014 5289; baseline 0 -28"><span class='ocrx_word' id='word_1_779' title='bbox 355 5207 663 5289; x_wconf 72' lang='lat' dir='ltr'>quitatem.</span> <span class='ocrx_word' id='word_1_780' title='bbox 693 5228 721 5255; x_wconf 89' lang='grc'><strong>››</strong></span> <span class='ocrx_word' id='word_1_781' title='bbox 752 5207 928 5289; x_wconf 82' lang='lat' dir='ltr'>Juxta</span> <span class='ocrx_word' id='word_1_782' title='bbox 956 5205 1221 5289; x_wconf 72' lang='lat' dir='ltr'>Billium,</span> <span class='ocrx_word' id='word_1_783' title='bbox 1253 5228 1284 5256; x_wconf 85' lang='grc'>‹‹</span> <span class='ocrx_word' id='word_1_784' title='bbox 1315 5205 1633 5289; x_wconf 51' lang='lat' dir='ltr'>obliquitas</span> <span class='ocrx_word' id='word_1_785' title='bbox 1666 5229 1693 5257; x_wconf 83' lang='lat'><strong>»</strong></span> <span class='ocrx_word' id='word_1_786' title='bbox 1725 5210 1816 5263; x_wconf 84' lang='lat' dir='ltr'>est</span> <span class='ocrx_word' id='word_1_787' title='bbox 1853 5224 2014 5289; x_wconf 86' lang='lat' dir='ltr'>aver-</span> 
     </span>
    </p>
   </div>
   <div class='ocr_carea' id='block_1_107' title="bbox 2122 4983 3780 5057">
    <p class='ocr_par' dir='ltr' id='par_1_107' title="bbox 2122 4983 3780 5057">
     <span class='ocr_line' id='line_1_108' title="bbox 2122 4983 3780 5057; baseline -0.002 -14"><span class='ocrx_word' id='word_1_788' title='bbox 2122 4983 2376 5043; x_wconf 24' lang='lat' dir='ltr'>rim&#39;a‘de</span> <span class='ocrx_word' id='word_1_789' title='bbox 2406 5004 2472 5043; x_wconf 90' lang='lat' dir='ltr'>eo</span> <span class='ocrx_word' id='word_1_790' title='bbox 2505 4983 2707 5043; x_wconf 74' lang='lat' dir='ltr'>morbo</span> <span class='ocrx_word' id='word_1_791' title='bbox 2740 5003 2807 5042; x_wconf 81' lang='lat' dir='ltr'>ex</span> <span class='ocrx_word' id='word_1_792' title='bbox 2838 4985 3083 5042; x_wconf 89' lang='lat' dir='ltr'>medicis</span> <span class='ocrx_word' id='word_1_793' title='bbox 3114 4989 3169 5041; x_wconf 88' lang='lat' dir='ltr'>et</span> <span class='ocrx_word' id='word_1_794' title='bbox 3201 4983 3388 5040; x_wconf 84' lang='lat' dir='ltr'>Plinio</span> <span class='ocrx_word' id='word_1_795' title='bbox 3417 4983 3695 5057; x_wconf 85' lang='lat' dir='ltr'>leguntur</span> <span class='ocrx_word' id='word_1_796' title='bbox 3723 4986 3780 5040; x_wconf 91' lang='lat' dir='ltr'>in</span> 
     </span>
    </p>
   </div>
   <div class='ocr_carea' id='block_1_108' title="bbox 2124 5059 3783 5258">
    <p class='ocr_par' dir='ltr' id='par_1_108' title="bbox 2124 5059 3783 5258">
     <span class='ocr_line' id='line_1_109' title="bbox 2124 5059 3783 5258; baseline -0.001 -74"><span class='ocrx_word' id='word_1_797' title='bbox 2124 5059 2490 5258; x_wconf 50' lang='grc' dir='ltr'>Τὴξθξῖνούδτ</span> <span class='ocrx_word' id='word_1_798' title='bbox 2550 5126 2623 5191; x_wconf 77' lang='grc' dir='ltr'>ὥς</span> <span class='ocrx_word' id='word_1_799' title='bbox 2681 5127 3054 5257; x_wconf 49' lang='grc' dir='ltr'>ἐπεστρέφνῗτε.</span> <span class='ocrx_word' id='word_1_800' title='bbox 3117 5126 3294 5209; x_wconf 67' lang='lat' dir='ltr'>Coisl.</span> <span class='ocrx_word' id='word_1_801' title='bbox 3353 5130 3391 5183; x_wconf 85' lang='lat'><strong>2</strong></span> <span class='ocrx_word' id='word_1_802' title='bbox 3445 5130 3504 5183; x_wconf 90' lang='lat' dir='ltr'>et</span> <span class='ocrx_word' id='word_1_803' title='bbox 3570 5128 3667 5185; x_wconf 89' lang='lat' dir='ltr'>Or.</span> <span class='ocrx_word' id='word_1_804' title='bbox 3726 5131 3783 5197; x_wconf 87' lang='lat'>2,</span> 
     </span>
     <span class='ocr_line' id='line_1_110' title="bbox 2125 5199 3783 5258; baseline -0.002 -1"><span class='ocrx_word' id='word_1_805' title='bbox 2125 5202 2186 5257; x_wconf 81' lang='grc' dir='ltr'>οὐ</span> <span class='ocrx_word' id='word_1_806' title='bbox 2228 5206 2239 5223; x_wconf 87' lang='grc'><em>’</em></span> <span class='ocrx_word' id='word_1_807' title='bbox 2274 5223 2446 5258; x_wconf 73' lang='grc' dir='ltr'>ουτως</span> <span class='ocrx_word' id='word_1_808' title='bbox 2491 5200 2865 5258; x_wconf 67' lang='grc' dir='ltr'>ἐπεστρέψατε.</span> <span class='ocrx_word' id='word_1_809' title='bbox 2980 5203 3316 5258; x_wconf 80' lang='lat' dir='ltr'>ontacutlus</span> <span class='ocrx_word' id='word_1_810' title='bbox 3366 5199 3621 5258; x_wconf 72' lang='lat' dir='ltr'>praefert.</span> <span class='ocrx_word' id='word_1_811' title='bbox 3657 5199 3783 5254; x_wconf 85' lang='grc' dir='ltr'>ὑπε-</span> 
     </span>
    </p>
   </div>
   <div class='ocr_carea' id='block_1_109' title="bbox 2125 5225 2186 5257">
    <p class='ocr_par' dir='ltr' id='par_1_109' title="bbox 2125 5225 2186 5257">
     <span class='ocr_line' id='line_1_111' title="bbox 2125 5225 2186 5257; baseline 0 0"><span class='ocrx_word' id='word_1_812' title='bbox 2125 5225 2186 5257; x_wconf 84' lang='lat' dir='ltr'>OU</span> 
     </span>
    </p>
   </div>
   <div class='ocr_carea' id='block_1_110' title="bbox 2228 5199 3784 5277">
    <p class='ocr_par' dir='ltr' id='par_1_110' title="bbox 2228 5199 3784 5277">
     <span class='ocr_line' id='line_1_112' title="bbox 2228 5199 3784 5277; baseline -0.002 -20"><span class='ocrx_word' id='word_1_813' title='bbox 2228 5199 2446 5277; x_wconf 53' lang='grc' dir='ltr'>ξοῦτως</span> <span class='ocrx_word' id='word_1_814' title='bbox 2491 5199 2865 5277; x_wconf 75' lang='grc' dir='ltr'>ἐπεστρέψατε.</span> <span class='ocrx_word' id='word_1_815' title='bbox 2918 5199 3316 5258; x_wconf 86' lang='lat' dir='ltr'>Montacutius</span> <span class='ocrx_word' id='word_1_816' title='bbox 3366 5199 3621 5273; x_wconf 72' lang='lat' dir='ltr'>praefert,</span> <span class='ocrx_word' id='word_1_817' title='bbox 3657 5199 3784 5254; x_wconf 85' lang='grc' dir='ltr'>ὑπε-</span> 
     </span>
    </p>
   </div>
   <div class='ocr_carea' id='block_1_111' title="bbox 355 5275 2020 5351">
    <p class='ocr_par' dir='ltr' id='par_1_111' title="bbox 355 5275 2015 5351">
     <span class='ocr_line' id='line_1_113' title="bbox 355 5275 2015 5351; baseline -0.001 -17"><span class='ocrx_word' id='word_1_818' title='bbox 355 5275 699 5351; x_wconf 18' lang='lat' dir='ltr'>s&#39;ioa‘recta</span> <span class='ocrx_word' id='word_1_819' title='bbox 754 5278 847 5334; x_wconf 88' lang='lat' dir='ltr'>via</span> <span class='ocrx_word' id='word_1_820' title='bbox 903 5280 1316 5335; x_wconf 85' lang='lat' dir='ltr'>mandatorum</span> <span class='ocrx_word' id='word_1_821' title='bbox 1376 5275 1495 5333; x_wconf 84' lang='lat' dir='ltr'>Dei.</span> <span class='ocrx_word' id='word_1_822' title='bbox 1527 5303 1568 5351; x_wconf 52' lang='grc' dir='ltr'>ες</span> <span class='ocrx_word' id='word_1_823' title='bbox 1601 5279 1694 5335; x_wconf 86' lang='lat' dir='ltr'>Ira</span> <span class='ocrx_word' id='word_1_824' title='bbox 1740 5300 1770 5329; x_wconf 84' lang='lat'><strong>»</strong></span> <span class='ocrx_word' id='word_1_825' title='bbox 1821 5288 2015 5351; x_wconf 85' lang='lat' dir='ltr'>autem</span> 
     </span>
    </p>
   </div>
   <div class='ocr_carea' id='block_1_112' title="bbox 2120 5275 2414 5351">
    <p class='ocr_par' dir='ltr' id='par_1_112' title="bbox 2127 5275 2414 5351">
     <span class='ocr_line' id='line_1_114' title="bbox 2127 5275 2414 5351; baseline 0 -20"><span class='ocrx_word' id='word_1_826' title='bbox 2127 5275 2414 5351; x_wconf 76' lang='grc' dir='ltr'>στρέψατο.</span> 
     </span>
    </p>
   </div>
   <div class='ocr_carea' id='block_1_113' title="bbox 356 5349 2013 5425">
    <p class='ocr_par' dir='ltr' id='par_1_113' title="bbox 356 5349 2013 5425">
     <span class='ocr_line' id='line_1_115' title="bbox 356 5349 2013 5425; baseline 0.001 -22"><span class='ocrx_word' id='word_1_827' title='bbox 356 5372 387 5403; x_wconf 75' lang='grc' dir='ltr'>κ</span> <span class='ocrx_word' id='word_1_828' title='bbox 426 5349 669 5425; x_wconf 82' lang='lat' dir='ltr'>obliqua</span> <span class='ocrx_word' id='word_1_829' title='bbox 698 5370 727 5425; x_wconf 59' lang='grc' dir='ltr'>ξ)</span> <span class='ocrx_word' id='word_1_830' title='bbox 759 5351 1278 5425; x_wconf 35' lang='grc' dir='ltr'>ΘΒῐΑΥΘῘΙθῐΠΘΠῒίΟΓ</span> <span class='ocrx_word' id='word_1_831' title='bbox 1305 5366 1496 5425; x_wconf 67' lang='lat' dir='ltr'>poena.</span> <span class='ocrx_word' id='word_1_832' title='bbox 1524 5350 1710 5419; x_wconf 88' lang='lat' dir='ltr'>Unde,</span> <span class='ocrx_word' id='word_1_833' title='bbox 1741 5352 1840 5425; x_wconf 83' lang='lat' dir='ltr'>qui</span> <span class='ocrx_word' id='word_1_834' title='bbox 1868 5350 2013 5425; x_wconf 81' lang='lat' dir='ltr'>obli-</span> 
     </span>
    </p>
   </div>
   <div class='ocr_carea' id='block_1_114' title="bbox 359 5421 2016 5497">
    <p class='ocr_par' dir='ltr' id='par_1_114' title="bbox 359 5421 2016 5497">
     <span class='ocr_line' id='line_1_116' title="bbox 359 5421 2016 5497; baseline -0.001 -18"><span class='ocrx_word' id='word_1_835' title='bbox 359 5439 476 5497; x_wconf 83' lang='lat' dir='ltr'>quo</span> <span class='ocrx_word' id='word_1_836' title='bbox 508 5422 668 5478; x_wconf 84' lang='lat' dir='ltr'>ensis</span> <span class='ocrx_word' id='word_1_837' title='bbox 699 5421 818 5478; x_wconf 87' lang='lat' dir='ltr'>ictu</span> <span class='ocrx_word' id='word_1_838' title='bbox 850 5422 1089 5497; x_wconf 80' lang='lat' dir='ltr'>feriunt,</span> <span class='ocrx_word' id='word_1_839' title='bbox 1120 5421 1323 5481; x_wconf 81' lang='lat' dir='ltr'>acrius</span> <span class='ocrx_word' id='word_1_840' title='bbox 1345 5421 1655 5497; x_wconf 79' lang='lat' dir='ltr'>vulnerant</span> <span class='ocrx_word' id='word_1_841' title='bbox 1681 5429 1776 5497; x_wconf 86' lang='lat' dir='ltr'>:et</span> <span class='ocrx_word' id='word_1_842' title='bbox 1805 5424 1894 5480; x_wconf 89' lang='lat' dir='ltr'>leo</span> <span class='ocrx_word' id='word_1_843' title='bbox 1926 5423 2016 5477; x_wconf 86' lang='lat' dir='ltr'>fu-</span> 
     </span>
    </p>
   </div>
   <div class='ocr_carea' id='block_1_115' title="bbox 363 5496 2018 5567">
    <p class='ocr_par' dir='ltr' id='par_1_115' title="bbox 363 5496 2018 5567">
     <span class='ocr_line' id='line_1_117' title="bbox 363 5496 2018 5567; baseline -0.001 -16"><span class='ocrx_word' id='word_1_844' title='bbox 363 5496 493 5551; x_wconf 83' lang='lat' dir='ltr'>rore</span> <span class='ocrx_word' id='word_1_845' title='bbox 524 5510 847 5550; x_wconf 88' lang='lat' dir='ltr'>succensus</span> <span class='ocrx_word' id='word_1_846' title='bbox 886 5496 1118 5566; x_wconf 89' lang='lat' dir='ltr'>oblique</span> <span class='ocrx_word' id='word_1_847' title='bbox 1167 5497 1451 5567; x_wconf 80' lang='lat' dir='ltr'>impetum</span> <span class='ocrx_word' id='word_1_848' title='bbox 1504 5496 1663 5552; x_wconf 87' lang='lat' dir='ltr'>facit.</span> <span class='ocrx_word' id='word_1_849' title='bbox 1699 5496 1792 5551; x_wconf 89' lang='lat' dir='ltr'>Sic</span> <span class='ocrx_word' id='word_1_850' title='bbox 1840 5497 2018 5561; x_wconf 87' lang='lat' dir='ltr'>Deus,</span> 
     </span>
    </p>
   </div>
   <div class='ocr_carea' id='block_1_116' title="bbox 366 5567 2019 5640">
    <p class='ocr_par' dir='ltr' id='par_1_116' title="bbox 366 5567 2019 5640">
     <span class='ocr_line' id='line_1_118' title="bbox 366 5567 2019 5640; baseline -0.002 -16"><span class='ocrx_word' id='word_1_851' title='bbox 366 5582 639 5640; x_wconf 10' lang='lat' dir='ltr'>cuminos</span> <span class='ocrx_word' id='word_1_852' title='bbox 682 5582 725 5640; x_wconf 80' lang='lat' dir='ltr'>a</span> <span class='ocrx_word' id='word_1_853' title='bbox 763 5572 921 5623; x_wconf 88' lang='lat' dir='ltr'>recta</span> <span class='ocrx_word' id='word_1_854' title='bbox 950 5568 1361 5624; x_wconf 82' lang='lat' dir='ltr'>mandatorum</span> <span class='ocrx_word' id='word_1_855' title='bbox 1419 5567 1606 5640; x_wconf 87' lang='lat' dir='ltr'>ipsius</span> <span class='ocrx_word' id='word_1_856' title='bbox 1656 5569 1866 5623; x_wconf 83' lang='lat' dir='ltr'>semita</span> <span class='ocrx_word' id='word_1_857' title='bbox 1917 5568 2019 5622; x_wconf 91' lang='lat' dir='ltr'>de—</span> 
     </span>
    </p>
   </div>
   <div class='ocr_carea' id='block_1_117' title="bbox 366 5637 2022 5710">
    <p class='ocr_par' dir='ltr' id='par_1_117' title="bbox 366 5637 2022 5710">
     <span class='ocr_line' id='line_1_119' title="bbox 366 5637 2022 5710; baseline -0.001 -15"><span class='ocrx_word' id='word_1_858' title='bbox 366 5639 679 5703; x_wconf 84' lang='lat' dir='ltr'>ﬂectimur,</span> <span class='ocrx_word' id='word_1_859' title='bbox 711 5637 837 5710; x_wconf 84' lang='lat' dir='ltr'>ipse</span> <span class='ocrx_word' id='word_1_860' title='bbox 866 5655 1099 5710; x_wconf 91' lang='lat' dir='ltr'>quoque</span> <span class='ocrx_word' id='word_1_861' title='bbox 1136 5657 1198 5695; x_wconf 89' lang='lat' dir='ltr'>se</span> <span class='ocrx_word' id='word_1_862' title='bbox 1236 5637 1465 5709; x_wconf 70' lang='lat' dir='ltr'>avertit,</span> <span class='ocrx_word' id='word_1_863' title='bbox 1499 5644 1556 5695; x_wconf 90' lang='lat' dir='ltr'>et</span> <span class='ocrx_word' id='word_1_864' title='bbox 1585 5640 1644 5695; x_wconf 88' lang='lat' dir='ltr'>in</span> <span class='ocrx_word' id='word_1_865' title='bbox 1677 5658 1783 5695; x_wconf 89' lang='lat' dir='ltr'>nos</span> <span class='ocrx_word' id='word_1_866' title='bbox 1813 5640 2022 5695; x_wconf 88' lang='lat' dir='ltr'>visita-</span> 
     </span>
    </p>
   </div>
   <div class='ocr_carea' id='block_1_118' title="bbox 368 5709 2022 5784">
    <p class='ocr_par' dir='ltr' id='par_1_118' title="bbox 368 5709 2022 5784">
     <span class='ocr_line' id='line_1_120' title="bbox 368 5709 2022 5784; baseline -0.002 -17"><span class='ocrx_word' id='word_1_867' title='bbox 368 5710 562 5784; x_wconf 84' lang='lat' dir='ltr'>tionis</span> <span class='ocrx_word' id='word_1_868' title='bbox 596 5709 833 5765; x_wconf 88' lang='lat' dir='ltr'>oculum</span> <span class='ocrx_word' id='word_1_869' title='bbox 867 5709 1097 5782; x_wconf 79' lang='lat' dir='ltr'>oblique</span> <span class='ocrx_word' id='word_1_870' title='bbox 1138 5717 1404 5784; x_wconf 87' lang='lat' dir='ltr'>torquet;</span> <span class='ocrx_word' id='word_1_871' title='bbox 1438 5713 1591 5783; x_wconf 92' lang='lat' dir='ltr'>quod</span> <span class='ocrx_word' id='word_1_872' title='bbox 1642 5712 2022 5769; x_wconf 88' lang='lat' dir='ltr'>irascentium</span> 
     </span>
    </p>
   </div>
   <div class='ocr_carea' id='block_1_119' title="bbox 370 5782 813 5858">
    <p class='ocr_par' dir='ltr' id='par_1_119' title="bbox 370 5782 813 5858">
     <span class='ocr_line' id='line_1_121' title="bbox 370 5782 813 5858; baseline -0.011 -17"><span class='ocrx_word' id='word_1_873' title='bbox 370 5782 676 5858; x_wconf 80' lang='lat' dir='ltr'>proprium</span> <span class='ocrx_word' id='word_1_874' title='bbox 702 5785 813 5858; x_wconf 80' lang='lat' dir='ltr'>est.</span> 
     </span>
    </p>
   </div>
   <div class='ocr_carea' id='block_1_120' title="bbox 448 5849 2029 5935">
    <p class='ocr_par' dir='ltr' id='par_1_120' title="bbox 448 5849 2029 5935">
     <span class='ocr_line' id='line_1_122' title="bbox 448 5849 2029 5935; baseline -0.003 -24"><span class='ocrx_word' id='word_1_875' title='bbox 448 5849 561 5929; x_wconf 80' lang='lat'>(76)</span> <span class='ocrx_word' id='word_1_876' title='bbox 621 5851 719 5909; x_wconf 76' lang='grc' dir='ltr'>Καὶ</span> <span class='ocrx_word' id='word_1_877' title='bbox 786 5849 1164 5935; x_wconf 79' lang='grc' dir='ltr'>σφακελισμῷ.</span> <span class='ocrx_word' id='word_1_878' title='bbox 1232 5856 1329 5915; x_wconf 90' lang='lat' dir='ltr'>Or.</span> <span class='ocrx_word' id='word_1_879' title='bbox 1394 5858 1465 5927; x_wconf 85' lang='lat'>2,</span> <span class='ocrx_word' id='word_1_880' title='bbox 1534 5854 1621 5912; x_wconf 84' lang='grc' dir='ltr'>καὶ</span> <span class='ocrx_word' id='word_1_881' title='bbox 1700 5853 1752 5913; x_wconf 74' lang='grc' dir='ltr'>ἰν</span> <span class='ocrx_word' id='word_1_882' title='bbox 1835 5871 2029 5933; x_wconf 77' lang='grc' dir='ltr'>σφακε-</span> 
     </span>
    </p>
   </div>
   <div class='ocr_carea' id='block_1_121' title="bbox 2198 5342 3788 5420">
    <p class='ocr_par' dir='ltr' id='par_1_121' title="bbox 2198 5342 3788 5420">
     <span class='ocr_line' id='line_1_123' title="bbox 2198 5342 3788 5420; baseline -0.003 -16"><span class='ocrx_word' id='word_1_883' title='bbox 2198 5342 2311 5420; x_wconf 72' lang='lat'>(78)</span> <span class='ocrx_word' id='word_1_884' title='bbox 2343 5345 2776 5420; x_wconf 73' lang='grc' dir='ltr'>Ἐπελαθόμεθα.</span> <span class='ocrx_word' id='word_1_885' title='bbox 2804 5346 2898 5402; x_wconf 90' lang='lat' dir='ltr'>Sic</span> <span class='ocrx_word' id='word_1_886' title='bbox 2930 5345 3044 5400; x_wconf 93' lang='lat' dir='ltr'>duo</span> <span class='ocrx_word' id='word_1_887' title='bbox 3079 5344 3260 5415; x_wconf 84' lang='lat' dir='ltr'>Regg.</span> <span class='ocrx_word' id='word_1_888' title='bbox 3286 5346 3344 5399; x_wconf 90' lang='lat' dir='ltr'>et</span> <span class='ocrx_word' id='word_1_889' title='bbox 3366 5342 3462 5400; x_wconf 90' lang='lat' dir='ltr'>Or.</span> <span class='ocrx_word' id='word_1_890' title='bbox 3486 5344 3540 5400; x_wconf 85' lang='lat'>2.</span> <span class='ocrx_word' id='word_1_891' title='bbox 3572 5344 3638 5400; x_wconf 90' lang='lat' dir='ltr'>In</span> <span class='ocrx_word' id='word_1_892' title='bbox 3668 5346 3788 5415; x_wconf 92' lang='lat' dir='ltr'>ed.,</span> 
     </span>
    </p>
   </div>
   <div class='ocr_carea' id='block_1_122' title="bbox 2127 5418 3463 5563">
    <p class='ocr_par' dir='ltr' id='par_1_122' title="bbox 2127 5418 3463 5563">
     <span class='ocr_line' id='line_1_124' title="bbox 2127 5418 2629 5481; baseline -0.006 -6"><span class='ocrx_word' id='word_1_893' title='bbox 2127 5418 2369 5475; x_wconf 82' lang='grc' dir='ltr'>ἀπελαθό</span> <span class='ocrx_word' id='word_1_894' title='bbox 2422 5428 2534 5481; x_wconf 89' lang='grc' dir='ltr'>εθα.</span> <span class='ocrx_word' id='word_1_895' title='bbox 2624 5418 2629 5420; x_wconf 43' lang='grc'>⁷</span> 
     </span>
     <span class='ocr_line' id='line_1_125' title="bbox 2203 5441 3463 5563; baseline -0.008 -18"><span class='ocrx_word' id='word_1_896' title='bbox 2203 5493 2314 5563; x_wconf 83' lang='grc'>(79)</span> <span class='ocrx_word' id='word_1_897' title='bbox 2344 5441 2557 5560; x_wconf 46' lang='grc' dir='ltr'>’ἐξέστη</span> <span class='ocrx_word' id='word_1_898' title='bbox 2570 5509 2686 5563; x_wconf 82' lang='grc' dir='ltr'>μεν.</span> <span class='ocrx_word' id='word_1_899' title='bbox 2720 5511 2749 5538; x_wconf 83' lang='grc'>‹‹</span> <span class='ocrx_word' id='word_1_900' title='bbox 2782 5485 3159 5563; x_wconf 71' lang='lat' dir='ltr'>Praevaricati</span> <span class='ocrx_word' id='word_1_901' title='bbox 3177 5501 3408 5543; x_wconf 89' lang='lat' dir='ltr'>sumus.</span> <span class='ocrx_word' id='word_1_902' title='bbox 3434 5507 3463 5537; x_wconf 84' lang='lat'><strong>»</strong></span> 
     </span>
    </p>
   </div>
   <div class='ocr_carea' id='block_1_123' title="bbox 2203 5557 3788 5636">
    <p class='ocr_par' dir='ltr' id='par_1_123' title="bbox 2203 5557 3788 5636">
     <span class='ocr_line' id='line_1_126' title="bbox 2203 5557 3788 5636; baseline -0.002 -21"><span class='ocrx_word' id='word_1_903' title='bbox 2203 5557 2315 5636; x_wconf 61' lang='grc' dir='ltr'>(ΒΟ)</span> <span class='ocrx_word' id='word_1_904' title='bbox 2350 5557 2475 5617; x_wconf 61' lang='grc' dir='ltr'>Μεθ’</span> <span class='ocrx_word' id='word_1_905' title='bbox 2502 5557 2579 5628; x_wconf 62' lang='grc' dir='ltr'>ἦς’</span> <span class='ocrx_word' id='word_1_906' title='bbox 2618 5559 3046 5636; x_wconf 67' lang='grc' dir='ltr'>ἀνεστράφημεν.</span> <span class='ocrx_word' id='word_1_907' title='bbox 3079 5585 3095 5605; x_wconf 78' lang='grc' dir='ltr'><em>υ</em></span> <span class='ocrx_word' id='word_1_908' title='bbox 3137 5561 3259 5625; x_wconf 86' lang='lat' dir='ltr'>Qua</span> <span class='ocrx_word' id='word_1_909' title='bbox 3307 5557 3633 5636; x_wconf 74' lang='lat' dir='ltr'>cpnversati</span> <span class='ocrx_word' id='word_1_910' title='bbox 3678 5573 3788 5636; x_wconf 81' lang='lat' dir='ltr'>su-</span> 
     </span>
    </p>
   </div>
   <div class='ocr_carea' id='block_1_124' title="bbox 2134 5629 3786 5701">
    <p class='ocr_par' dir='ltr' id='par_1_124' title="bbox 2134 5629 3786 5701">
     <span class='ocr_line' id='line_1_127' title="bbox 2134 5629 3786 5701; baseline -0.005 -11"><span class='ocrx_word' id='word_1_911' title='bbox 2134 5629 2378 5701; x_wconf 42' lang='lat' dir='ltr'>musfin</span> <span class='ocrx_word' id='word_1_912' title='bbox 2422 5629 2785 5689; x_wconf 82' lang='lat' dir='ltr'>contrarium</span> <span class='ocrx_word' id='word_1_913' title='bbox 2831 5629 2939 5686; x_wconf 80' lang='lat' dir='ltr'>acti</span> <span class='ocrx_word' id='word_1_914' title='bbox 2990 5648 3271 5685; x_wconf 85' lang='lat' dir='ltr'>sumus.»</span> <span class='ocrx_word' id='word_1_915' title='bbox 3310 5631 3439 5686; x_wconf 56' lang='lat' dir='ltr'>Hace</span> <span class='ocrx_word' id='word_1_916' title='bbox 3487 5631 3559 5687; x_wconf 86' lang='lat' dir='ltr'>ab</span> <span class='ocrx_word' id='word_1_917' title='bbox 3609 5629 3786 5684; x_wconf 86' lang='lat' dir='ltr'>inter-</span> 
     </span>
    </p>
   </div>
   <div class='ocr_carea' id='block_1_125' title="bbox 2133 5708 2561 5781">
    <p class='ocr_par' dir='ltr' id='par_1_125' title="bbox 2133 5708 2561 5781">
     <span class='ocr_line' id='line_1_128' title="bbox 2133 5708 2561 5781; baseline 0 -19"><span class='ocrx_word' id='word_1_918' title='bbox 2133 5712 2292 5781; x_wconf 81' lang='lat' dir='ltr'>prete</span> <span class='ocrx_word' id='word_1_919' title='bbox 2324 5708 2561 5781; x_wconf 48' lang='lat' dir='ltr'>omissa:</span> 
     </span>
    </p>
   </div>
   <div class='ocr_carea' id='block_1_126' title="bbox 2206 5772 3512 5922">
    <p class='ocr_par' dir='ltr' id='par_1_126' title="bbox 2206 5772 3512 5922">
     <span class='ocr_line' id='line_1_129' title="bbox 2228 5772 3512 5849; baseline -0.005 -16"><span class='ocrx_word' id='word_1_920' title='bbox 2228 5780 2319 5849; x_wconf 84' lang='lat'>81)</span> <span class='ocrx_word' id='word_1_921' title='bbox 2350 5777 2662 5849; x_wconf 81' lang='grc' dir='ltr'>Ἀντερίσει.</span> <span class='ocrx_word' id='word_1_922' title='bbox 2697 5775 2867 5832; x_wconf 78' lang='lat' dir='ltr'>Coisl.</span> <span class='ocrx_word' id='word_1_923' title='bbox 2898 5777 2934 5831; x_wconf 79' lang='grc'>2</span> <span class='ocrx_word' id='word_1_924' title='bbox 2964 5779 3021 5830; x_wconf 90' lang='lat' dir='ltr'>et</span> <span class='ocrx_word' id='word_1_925' title='bbox 3047 5775 3166 5831; x_wconf 87' lang='lat' dir='ltr'>Jes.</span> <span class='ocrx_word' id='word_1_926' title='bbox 3200 5772 3512 5847; x_wconf 83' lang='grc' dir='ltr'>ἀντερεισει.</span> 
     </span>
     <span class='ocr_line' id='line_1_130' title="bbox 2206 5782 3512 5922; baseline -0.002 -17"><span class='ocrx_word' id='word_1_927' title='bbox 2206 5782 2322 5922; x_wconf 63' lang='grc'>(82)</span> <span class='ocrx_word' id='word_1_928' title='bbox 2357 5849 2455 5907; x_wconf 79' lang='grc' dir='ltr'>Καὶ</span> <span class='ocrx_word' id='word_1_929' title='bbox 2487 5849 2645 5910; x_wconf 66' lang='grc' dir='ltr'>ἐὰν...</span> <span class='ocrx_word' id='word_1_930' title='bbox 2678 5846 2897 5920; x_wconf 75' lang='grc' dir='ltr'>συνέξει.</span> <span class='ocrx_word' id='word_1_931' title='bbox 2932 5847 3061 5907; x_wconf 60' lang='lat' dir='ltr'>Haec</span> <span class='ocrx_word' id='word_1_932' title='bbox 3097 5848 3311 5905; x_wconf 79' lang='lat' dir='ltr'>desunt</span> <span class='ocrx_word' id='word_1_933' title='bbox 3338 5845 3399 5903; x_wconf 87' lang='lat' dir='ltr'>in</span> <span class='ocrx_word' id='word_1_934' title='bbox 3429 5848 3512 5903; x_wconf 88' lang='lat' dir='ltr'>Or.</span> 
     </span>
    </p>
   </div>
   <div class='ocr_carea' id='block_1_127' title="bbox 2231 5842 3609 5923">
    <p class='ocr_par' dir='ltr' id='par_1_127' title="bbox 2231 5842 3609 5923">
     <span class='ocr_line' id='line_1_131' title="bbox 2231 5842 3609 5923; baseline -0.005 -18"><span class='ocrx_word' id='word_1_935' title='bbox 2231 5842 2322 5923; x_wconf 82' lang='grc'>82)</span> <span class='ocrx_word' id='word_1_936' title='bbox 2357 5849 2455 5907; x_wconf 79' lang='grc' dir='ltr'>Καὶ</span> <span class='ocrx_word' id='word_1_937' title='bbox 2487 5842 2645 5910; x_wconf 62' lang='grc' dir='ltr'>εὰν...</span> <span class='ocrx_word' id='word_1_938' title='bbox 2678 5846 2897 5920; x_wconf 83' lang='grc' dir='ltr'>συνέξει.</span> <span class='ocrx_word' id='word_1_939' title='bbox 2932 5847 3061 5907; x_wconf 60' lang='lat' dir='ltr'>Haec</span> <span class='ocrx_word' id='word_1_940' title='bbox 3097 5848 3311 5905; x_wconf 79' lang='lat' dir='ltr'>desunt</span> <span class='ocrx_word' id='word_1_941' title='bbox 3328 5842 3399 5903; x_wconf 76' lang='lat' dir='ltr'>in</span> <span class='ocrx_word' id='word_1_942' title='bbox 3429 5848 3523 5904; x_wconf 88' lang='lat' dir='ltr'>Or.</span> <span class='ocrx_word' id='word_1_943' title='bbox 3555 5842 3609 5901; x_wconf 81' lang='grc'>2.</span> 
     </span>
    </p>
   </div>
  </div>
