4090 6404
405 418 523 484 953

1329 417 1619 479 ORATIO
1663 414 2028 480 XVI.—IN
2074 410 2402 475 PATREM
2445 411 2899 472 TACENTEM.

3703 414 3824 477 954

409 549 608 627 Κυρίου
662 553 759 605 τοῦ
820 550 1153 621 ποιήσαντος
1227 551 1398 622 ἡμᾶς.
1465 549 1802 622 Στησώμεθα
1874 547 2055 602 κοινὸν

2167 548 2243 601 cit
2269 561 2368 601 nos
2387 543 2452 600 ⁵⁸.
2486 543 2592 600 Pro
2642 545 2880 600 mtatum
2913 557 2978 599 ac
3006 557 3286 616 generum
3335 544 3560 601 ratione
3607 545 3826 602 distin-

406 640 618 709 πένθος,
667 637 803 694 κατά
847 660 906 694 τε
953 637 1174 709 ἡλικίας
1227 639 1334 712 (93)
1383 639 1471 693 καὶ
1503 637 1630 713 γένη
1668 635 2045 712 διαιρεθέντες.

401 730 730 803 Ὑψώσωμεν
779 729 876 798 τὴν
937 730 1122 807 φωνὴν
1181 735 1281 798 τῆς
1341 728 1542 790 ἱκεσίας
1603 730 1733 800 (94)⁰
1796 725 1910 782 ἀντὶ
1957 732 2056 794 τῆς

412 819 747 892 μισουμένης
797 817 942 890 αὐτῷ
1000 824 1263 894 κραυγῆς,
1320 817 1518 888 ταύτην
1580 818 1653 878 εἷς
1702 818 1769 871 τὰ
1815 817 1925 870 ὦτα
1957 821 2058 869 Κυ-

407 906 528 984 ρίου
583 903 810 962 Σαϐαὼθ
859 906 1228 984 ἀνενέγκωμεν
1295 910 1428 981 (95)⁶
1498 907 1906 983 Προφθάσωμεν
1962 904 2055 959 αὖ·

398 1000 497 1050 τοῦ
557 997 655 1064 τήν
714 995 882 1071 ὀργὴν
946 996 997 1051 ἐν
1057 996 1472 1072 ἐξομολογήσει.
1549 995 1914 1068 Βουληθῶμεν
1965 993 2057 1047 αύ-

401 1086 494 1140 τὸν
555 1083 710 1152 ἰδεῖν,
785 1085 965 1162 ὣσπερ
1028 1085 1388 1163 ὠργισμένον,
1441 1085 1584 1140 οὕτω
1635 1085 1724 1140 καὶ
1783 1081 2058 1158 μετατιθέ-

404 1194 581 1247 μενον.
643 1175 742 1237 Τίς
803 1173 937 1246 οἶδε,
1001 1174 1184 1254 φησὶν,
1245 1176 1291 1231 εἶ
1359 1175 1690 1252 ἐπιστρέψει,
1754 1173 1843 1229 καὶ
1899 1193 2061 1247 μετα-

397 1266 585 1334 νοήσει
636 1266 772 1338 (96),
821 1265 910 1320 καὶ
971 1264 1322 1340 ὑπολείψεται
1377 1267 1491 1339 (97)
1559 1263 1855 1340 εὐλογίαν;
1929 1260 2061 1316 Οἶδα

398 1357 560 1408 τοῦτο
592 1357 776 1430 σαρῶς
810 1353 914 1430 ἐγὼ
962 1361 1061 1423 τῆς
1107 1359 1203 1409 τοῦ
1247 1359 1380 1410 Θεοῦ
1425 1353 1834 1432 φιλανθρωπίας
1865 1351 2058 1428 ἐγγυη-

398 1443 522 1512 τής.
575 1442 672 1496 Καὶ
721 1441 751 1498 ὅ
796 1443 942 1519 παρὰ
972 1443 1126 1522 φύσιν
1161 1444 1300 1499 ἐστὶν
1350 1444 1515 1517 αὐτῷ,
1547 1451 1647 1514 τῆς
1681 1443 1849 1520 ὀργῆς
1881 1441 2055 1521 ἀφεὶς,

398 1528 485 1586 ἐπὶ
517 1532 580 1587 τὸ
627 1533 761 1586 κατὰ
814 1532 966 1610 φύσιν
1028 1535 1298 1609 χωρήσει,
1345 1535 1434 1588 τὸν
1498 1531 1671 1590 ἔλεον.
1730 1533 1826 1595 Εἷς
1883 1532 2056 1587 έκεῖνο

402 1620 498 1694 μὲν
527 1620 629 1698 γὰρ
662 1623 747 1700 ὑφ’
776 1623 936 1695 ἡμῶν
984 1623 1244 1698 βιοὶζεται⁸
1295 1624 1432 1702 πρὸς
1484 1621 1540 1678 δὲ
1587 1628 1746 1678 τοῦτο
1802 1624 1901 1692 τὴν
1963 1623 2055 1698 ὁρ-

400 1711 508 1782 μὴν
582 1709 719 1787 ἔχει.
795 1712 892 1766 Καὶ
963 1712 1010 1767 εἷ’
1063 1712 1317 1768 πατάσσει
1378 1713 1722 1790 βιαζόμενος,
1779 1716 1897 1774 πῶς
1958 1711 2056 1765 οὐκ

395 1796 582 1869 ἄνήσει
615 1801 726 1874 (98)
757 1805 824 1875 τῇ
859 1800 1010 1879 φύσει
1055 1804 1382 1878 χρώμενος;
1433 1803 1609 1857 Μόνον
1659 1805 1806 1874 ἡμᾶς
1857 1799 2051 1863 αὐτοὺς

395 1885 733 1962 ἐλεήσωμεν,
767 1895 884 1953 τοῖς
918 1889 1148 1954 δικαίοις
1178 1897 1274 1947 τοῦ
1309 1894 1518 1968 Πατρὸς
1553 1895 1660 1966 (99)
1712 1890 2050 1967 σπλάγχνοις
2081 1929 2130 1994 Β

401 1973 480 1994 η..
570 1977 716 1994 ...ς
799 1979 836 1994 ι..
1071 1981 1201 1994 _.
1442 1981 1455 1994 .
1555 1979 1609 1994 ι..

383 1973 518 2047 ,ὁδὸν
565 1979 642 2051 (1)
692 1977 1013 2049 ἀνοίξαντες.
1069 1981 1387 2058 Σπείρωμεν
1439 1981 1489 2036 έν
1552 1979 1828 2056 δάκρυσιν,
1881 1979 1954 2034 τἶν’
1996 1979 2046 2034 ἐν

386 2063 713 2142 ’ἀγαλλιάσει
769 2069 1090 2144 θερίσωμεν.
1144 2071 1432 2144 Γενώμεθα
1481 2071 1766 2140 Νινευῖται,
1822 2072 1897 2144 μή
1944 2076 2047 2124 Σο-

395 2151 618 2228 δομῖται
643 2175 655 2188 ·
691 2155 1103 2231 όεραπεύσωμεν
1133 2159 1231 2227 τήν
1273 2158 1488 2230 κακίαν,
1523 2162 1597 2233 μὴ
1630 2164 1698 2234 τῇ
1729 2159 1889 2231 κακίᾳ
1933 2180 2050 2214 συν-

390 2242 749 2318 τελεσθῶμεν,
819 2245 1167 2320 Ἀκούσωμεν
1252 2250 1410 2304 Ἰωνᾶ
1499 2250 1888 2324 κηρύσσοντος,
1971 2250 2047 2323 μὴ

393 2333 522 2406 πυρὶ
579 2333 669 2388 καὶ
727 2334 852 2408 θείῳ
909 2337 1390 2411 κατακλυσθῶμεν.
1453 2340 1554 2393 Κᾶν
1616 2339 1918 2412 ἐξέλθωμεν
1970 2342 2046 2411 (2)

395 2418 639 2495 Σόδομα,
673 2419 1000 2499 προσϐῶμεν
1029 2431 1106 2497 τῷ
1133 2423 1270 2502 ὄρει,
1310 2427 1708 2507 καταφύγωμεν
1736 2427 1810 2490 εἷς
1861 2428 2045 2504 Σεγὼρ

392 2513 485 2585 (3),
520 2512 796 2588 ἀνίσχοντι
830 2515 1254 2589 συνεισέλθωμεν
1285 2520 1361 2590 (4)
1388 2523 1467 2590 τῷ
1497 2517 1664 2591 ἡλίῳ.
1693 2525 1780 2586 Μή
1831 2523 2045 2592 στῶμεν

387 2599 439 2655 ἐν
474 2600 616 2676 πάσῃ
644 2602 714 2678 τῇ
746 2606 1066 2681 περιχώρῳο
1107 2607 1182 2679 μὴ
1215 2602 1675 2683 περιϐλεψώμεθα
1703 2610 1804 2680 (5),
1843 2609 1916 2681 μὴ
1949 2629 2047 2662 πα-

388 2691 570 2766 γῶμεν
603 2691 680 2754 εἷς
709 2692 919 2765 στήλην
955 2694 1108 2766 ἆλὸς,
1143 2695 1353 2767 στήλην
1404 2693 1574 2760 ὅντως
1623 2697 1901 2772 ἀθάνατον,
1955 2699 2045 2753 καὶ

385 2781 716 2857 κατηγορίαν
750 2784 937 2860 ψυχῆς
963 2783 1038 2848 εἷς
1069 2785 1256 2841 κακίαν
1289 2786 1737 2866 έπιστρεφούσης.

462 2960 563 3015 ΙΕ’.
597 2964 842 3032 Γνῶμεν,
875 2961 958 3018 δτι
987 2965 1050 3019 τὸ
1085 2965 1180 3038 μὲν
1219 2963 1387 3038 μηδὲν
1439 2967 1696 3041 ἁμαρτεῖν
1732 2970 1828 3038 (6),
1877 2961 2048 3029 ὅντως

388 3044 523 3123 ὖπὶρ
556 3049 860 3125 ἄνθρωπον,
909 3053 999 3106 καὶ
1053 3053 1219 3126 μόνου
1268 3059 1422 3110 Θεοῦο
1467 3055 1538 3110 ἐῶ
1587 3056 1690 3131 γὰρ
1729 3055 1852 3131 περὶ
1881 3055 2043 3132 ἀγγέ-

387 3133 500 3190 λων
558 3158 610 3192 τι
672 3136 872 3215 λέγειν,
939 3143 1013 3215 μὴ
1077 3139 1258 3217 δῶμεν
1314 3145 1500 3220 καιρὸν
1557 3150 1673 3207 τοῖς
1714 3145 1924 3216 πάθεσι,
1957 3147 2046 3201 καὶ

383 3223 546 3302 θύραν
580 3230 656 3301 (7)
688 3236 958 3301 πονηραῖς
991 3231 1358 3310 ἀντιρῥήσεσι·
1403 3234 1466 3289 τό
1516 3231 1572 3290 δὲ
1622 3238 1697 3309 (8)
1749 3235 2044 3310 ἀθεράπευ-

2168 636 2266 705 oti,
2320 633 2770 706 supplicationis
2819 650 3017 688 vocem
3077 633 3444 702 attollamus;
3479 651 3582 707 pro
3631 636 3820 692 inviso

2165 724 2279 797 ipsi
2311 723 2563 779 clamore
2595 724 2752 778 hunc
2778 724 2850 779 ad
2882 739 3052 778 aures
3078 722 3306 778 Domini
3336 723 3588 780 Sabaoth
3618 724 3823 782 eveha-

2169 830 2302 868 mus
2337 829 2349 866 :
2387 814 2534 867 Iram
2579 813 2736 866 illius
2784 813 2840 866 in
2889 813 3229 882 confessione
3264 814 3774 884 prwoccupemus“
3805 829 3819 870 :

2165 901 2362 972 ipsum
2412 901 2684 972 denique,
2719 905 2782 956 ut
2811 901 3049 971 iratum,
3083 902 3165 956 ita
3211 901 3388 956 etiam
3441 905 3734 957 mutatum
3768 906 3822 958 et

2168 992 2439 1046 sedatum
2487 990 2701 1046 intueri
2732 990 3002 1046 velimus.
3038 993 3179 1063 Quis
3208 994 3330 1055 scit,
3365 991 3561 1064 inquit
3598 990 3716 1059 ille,
3749 1007 3822 1047 an

2168 1087 2517 1136 convertetur
2544 1089 2596 1135 et
2622 1083 2947 1149 paenitentia
2989 1081 3238 1149 ducetur,
3273 1097 3338 1136 ac
3388 1081 3822 1138 benedictionem

2169 1171 2486 1242 relinquet?
2515 1171 2630 1241 Ego
2660 1187 2792 1226 vero
2830 1171 2887 1226 id
2937 1170 3108 1243 plane
3158 1171 3298 1242 scio,
3332 1187 3439 1243 ego
3468 1171 3677 1227 divinae
3709 1172 3821 1228 mi-

2170 1259 2498 1316 sericordiae
2521 1277 2789 1332 sponsor.
2814 1261 2958 1316 Nam
2985 1265 3138 1316 certe
3162 1261 3346 1316 missa
3377 1260 3531 1316 facta
3560 1262 3668 1332 ira,
3692 1279 3820 1334 qua

2167 1349 2359 1421 ipsius
2403 1353 2625 1405 natura:
2672 1354 2979 1423 repugnat,
3032 1350 3103 1405 ad
3154 1350 3637 1418 misericordiam,
3693 1367 3820 1422 qua

2165 1438 2355 1510 ipsius
2404 1445 2623 1495 naturae
2677 1444 3071 1495 consentanea
3100 1440 3255 1495 310
3286 1444 3394 1506 est,
3429 1457 3491 1496 se
3537 1441 3816 1497 conferet.

2166 1529 2255 1584 Ad
2287 1528 2430 1584 illud
2462 1529 2618 1584 enim
2669 1547 2702 1584 a
2749 1529 2918 1585 nobis
2945 1529 3000 1584 vi
3031 1529 3306 1601 adigitur,
3341 1529 3411 1585 ad
3461 1528 3571 1585 hoc
3619 1534 3819 1586 autem

2166 1623 2374 1692 suapte
2392 1625 2604 1674 natura
2625 1619 2828 1674 fertur.
2845 1619 3006 1686 Quod
3031 1618 3080 1674 si
3107 1619 3157 1674 vi
3181 1620 3252 1675 ad
3272 1619 3331 1674 id
3355 1621 3598 1676 adactus
3620 1637 3822 1692 percu-

2164 1709 2255 1778 tit,
2273 1709 2565 1782 quomodo
2588 1709 3040 1782 prOpensionem
3063 1713 3302 1765 secutus
3327 1726 3444 1765 non
3467 1711 3724 1766 remittet
3739 1709 3821 1766 5'?

2163 1800 2421 1855 Tantum
2449 1816 2557 1855 nos
2587 1800 2748 1873 ipsos
2779 1798 3320 1868 commisereamur,
3345 1799 3460 1872 piis
3491 1799 3678 1856 Patris
3698 1798 3818 1854 vis-

2163 1889 2397 1945 ceribus
2423 1889 2580 1944 viam
2629 1888 2975 1962 aperientes.
3009 1889 3074 1944 In
3104 1887 3383 1962 lacrymis
3433 1889 3820 1956 seminemus,

2161 1984 2227 2035 ut
2257 1981 2316 2035 in
2348 1979 2736 2036 exsultatione
2761 1984 3056 2036 metamus
3079 1979 3142 2035 ⁵⁷.
3172 1979 3463 2035 Ninivitas
3495 1979 3818 2047 imitemur,

2161 2085 2278 2124 non
2321 2068 2675 2124 Sodomitas.
2718 2068 3087 2139 Improbitati
3139 2068 3492 2124 medicinam
3541 2067 3818 2124 adhibea-

2160 2175 2317 2226 mus,
2343 2175 2413 2214 ne
2434 2175 2568 2214 cum
2594 2158 2969 2230 improbitate
2987 2174 3427 2213 consumamur.
3451 2158 3663 2213 Jonam
3687 2175 3822 2214 con.

2161 2249 2493 2304 cionantem
2513 2247 2848 2314 audiamus,
2864 2265 2936 2303 ne
2952 2247 3086 2320 igne
3103 2255 3156 2302 et
3173 2247 3458 2320 sulphure
3473 2246 3631 2303 velut
3646 2247 3817 2320 aquis

2160 2338 2501 2393 obruamur.
2549 2338 2712 2404 Quod
2766 2337 2814 2393 si
2865 2354 2896 2392 e
2942 2336 3215 2392 Sodomis
3261 2336 3710 2409 excesserimus,
3744 2338 3816 2394 ad

2158 2431 2416 2483 montem
2449 2427 2860 2498 ascendamus,
2885 2427 2957 2482 ad
2987 2427 3270 2498 oppidum
3303 2427 3485 2498 Segor
3513 2426 3818 2499 confugia-

2161 2534 2316 2585 mus,
2351 2517 2423 2572 ad
2477 2515 2620 2571 solis
2667 2520 2864 2571 ortum
2916 2515 3057 2571 illuc
3108 2515 3509 2588 ingrediamur
3528 2516 3592 2571 ⁸⁸.
3625 2515 3708 2570 Ne
3756 2515 3815 2570 in

2158 2606 2280 2662 ulla
2309 2607 2511 2661 vicinae
2544 2606 2798 2678 regionis
2849 2609 3011 2677 parte
3045 2607 3249 2678 pedem
3285 2607 3566 2678 figamus;
3595 2621 3668 2660 ne
3697 2604 3812 2660 cir-

2156 2697 2640 2769 cumspiciemus,
2675 2712 2746 2751 ne
2776 2695 2994 2768 alioqui
3027 2696 3087 2750 in
3129 2695 3272 2751 salis
3301 2695 3640 2752 columnam
3671 2711 3816 2751 con-

2157 2802 2513 2855 crescamus,
2547 2784 2906 2856 columnam,
2937 2785 3203 2856 inquam,
3227 2800 3360 2840 vere
3391 2783 3811 2855 immortalem,

2157 2875 2484 2948 animaeque
2514 2875 2574 2930 in
2606 2875 2816 2930 vitium
2850 2873 3167 2930 relabentis
3195 2874 3637 2930 accusatricem.

2228 2965 2346 3020 XV.
2378 2965 2527 3020 Illud
2573 2964 2874 3036 cognitum
2917 2963 3263 3031 habeamus,
3296 2963 3452 3034 quod
3483 2962 3645 3018 omni
3671 2961 3812 3018 vitio

2158 3071 2376 3120 carere,
2407 3072 2538 3110 vere
2569 3054 2826 3109 hominis
2877 3052 3184 3109 modulum
3233 3051 3478 3119 excedit,
3512 3051 3813 3123 soliusque

2159 3144 2259 3200 Dei
2293 3149 2402 3201 est.
2444 3144 2600 3199 Nihil
2660 3144 2818 3198 enim
2869 3144 2940 3197 de
2987 3141 3212 3215 angelis
3260 3141 3412 3211 dico,
3455 3158 3527 3196 ne
3581 3141 3812 3197 vitiosis

2158 3234 2565 3290 affectionibus
2614 3233 2977 3288 occasionem
3027 3232 3258 3298 demus,
3303 3235 3480 3302 atque
3527 3229 3813 3302 improbis

379 3334 496 3388 τον,
547 3324 647 3387 τῆς
697 3327 944 3394 πονηρᾶς
994 3320 1083 3377 καί
1139 3324 1517 3397 ἀντικειμένης
1557 3324 1667 3380 ἔστι
1699 3328 1773 3399 (9)
1807 3326 2039 3403 φύσεως,

2164 3323 2636 3381 contentionibus
2676 3323 2926 3393 januam
2957 3322 3312 3392 aperiamus.
3338 3319 3567 3375 Perdite
3616 3324 3810 3375 autem

377 3404 470 3458 καὶ
517 3410 626 3460 τῶν
682 3406 773 3463 ὐπ’
833 3409 1037 3480 ἐκείνης
1097 3412 1518 3488 ἐνεργουμένων.
1569 3417 1638 3468 Τὸ
1694 3412 1750 3468 δὲ
1801 3414 2044 3489 ἁμαρτά-

376 3513 567 3554 νοντας
623 3493 975 3573 ἒριστρέφειν,
1050 3500 1348 3575 ἀνθρώπων
1409 3504 1528 3574 μὶν,
1581 3502 1708 3558 ἀλλ’
1765 3503 2040 3577 ἐπιεικῶν,

373 3579 464 3633 καὶ
509 3588 611 3650 τῆς
658 3586 976 3656 σωζομένης
1025 3589 1140 3659 (10)
1191 3589 1431 3660 μερίδος.
1473 3589 1535 3644 El
1568 3593 1671 3665 γὰρ
1701 3591 1790 3644 καὶ
1821 3592 1848 3644 ὁ
1902 3596 2040 3666 χοῦς

375 3666 683 3746 ἐπισύρεταί
712 3690 764 3725 τι
794 3679 895 3741 τῆς
947 3674 1157 3743 κακίας,
1207 3676 1298 3731 καὶ
1343 3678 1406 3731 τὸ
1453 3675 1654 3752 γεῶδες
1685 3686 1882 3747 σκῆνος
1919 3681 2041 3755 βρί-

375 3767 457 3822 θει
487 3759 578 3813 τὸν
631 3765 756 3815 νοῦν
816 3759 927 3817 ἄνω
985 3764 1304 3840 φερόμενον,
1355 3767 1390 3836 ἣ
1450 3764 1561 3821 ἄνω
1593 3769 1844 3843 φέρεσθαι
1877 3766 2038 3839 δεδη-

379 3851 805 3926 μιουργημένον·
856 3850 981 3908 ἀλλ’
1031 3856 1066 3922 ἡ
1118 3857 1230 3928 (11)
1281 3855 1439 3911 εἰκὼν
1490 3857 1892 3931 ἀνακαθαιρέτω
1933 3859 2032 3926 τὴν

375 3935 520 4010 ἰλὺν,
569 3941 660 3994 καὶ
728 3939 839 3996 ἅνω
893 3943 1090 4007 τιθέτω
1130 3947 1241 4018 (12)
1274 3947 1370 4014 τήν
1401 3947 1668 4023 ὁμόζυγον
1696 3948 1885 4022 σάρκα,
1915 3952 2037 4009 τοῖς

371 4032 468 4082 τοῦ
529 4025 703 4106 λόγου
761 4037 982 4108 πτεροῖς
1036 4034 1355 4112 κουφίουσα.
1420 4037 1521 4094 Καὶ
1602 4039 1716 4111 (13)
1790 4042 2034 4112 κρεῖττον

376 4117 494 4191 μὶν,
551 4122 690 4192 μήτε
738 4119 996 4192 δεηθῆναι
1040 4123 1302 4195 τοιαύτης
1345 4125 1676 4204 καθάρσεως,
1731 4128 1871 4200 μήτε
1901 4127 2030 4181 καθ-

371 4209 622 4283 αρθῆναι,
689 4215 788 4266 τοῦ
861 4213 1084 4288 πρώτου
1156 4214 1411 4288 μένοντος
1485 4218 1620 4290 ἡμῖν
1699 4217 2029 4290 ἀξιώματος,

2154 3419 2211 3470 et
2239 3413 2645 3470 incurabiliter
2688 3417 2988 3485 aegrotare,
3023 3427 3211 3482 pravae
3258 3409 3418 3464 illius
3449 3415 3506 3465 et
3537 3409 3809 3464 adversa-

2154 3504 2252 3558 riae
2283 3508 2504 3558 naturai
2537 3507 2645 3570 est,
2680 3507 2855 3572 atque
2902 3504 3127 3567 eorum,
3161 3499 3258 3569 qui
3308 3499 3380 3554 ab
3411 3515 3479 3553 ea
3509 3498 3808 3554 afflantur.

2149 3595 2224 3647 At
2251 3609 2386 3647 vero
2427 3594 2558 3663 post
2601 3595 2904 3662 peccatum
2933 3590 3004 3644 ad
3040 3587 3341 3643 meliorem
3393 3591 3648 3643 mentem
3681 3587 3808 3642 red-

2150 3680 2256 3749 ire,
2289 3679 2597 3735 hominum
2629 3694 2778 3745 esse,
2812 3693 3012 3732 verum
3045 3676 3387 3748 proborum,
3420 3679 3478 3730 et
3508 3675 3607 3747 qui
3639 3693 3711 3730 ex
3742 3691 3809 3731 ea

2148 3768 2337 3824 classe
2379 3768 2520 3835 sint,
2571 3784 2699 3838 quae
2749 3765 3000 3821 salutem
3050 3763 3444 3835 consequitur.
3498 3765 3644 3819 Nam
3697 3765 3807 3819 etsi

2148 3857 2340 3929 pulvis
2380 3856 2472 3912 hic
2525 3854 2922 3928 improbitatis
2971 3853 3190 3926 aliquid
3242 3869 3445 3909 secum
3505 3853 3703 3924 trahit,
3739 3871 3805 3910 ac

2145 3951 2445 4002 terrenum
2477 3947 2585 4002 hoc
2617 3943 3065 4000 tabernaculum
3112 3948 3369 3999 mentem
3403 3960 3642 3999 sursum
3674 3947 3802 3998 ten-

2145 4037 2402 4103 dentem,
2438 4040 2538 4091 aut
2568 4039 2721 4091 certe
2749 4035 2820 4090 ad
2852 4033 2961 4089 hoc
2992 4037 3268 4104 creatam,
3301 4038 3367 4088 ut
3399 4050 3640 4089 sursum
3675 4037 3800 4088 ten-

2143 4127 2264 4194 dat,
2299 4125 2622 4198 deprimit:
2659 4128 2718 4180 at
2760 4125 2954 4196 imago
3002 4128 3198 4178 tamen
3245 4123 3453 4178 limum
3503 4127 3798 4195 repurget,

2145 4233 2211 4271 ac
2243 4215 2445 4272 sociali
2488 4217 2635 4288 jugo
2669 4215 3040 4286 conjunctam
3073 4229 3334 4286 carnem,
3367 4213 3612 4270 rationis
3659 4229 3800 4284 pen-

442 4343 488 4379 “
518 4345 673 4403 Psal.
705 4363 855 4418 χειν,
887 4348 943 4405 6.
1019 4349 1064 4384 ⁵⁸
1096 4350 1244 4408 Ibid.
1276 4352 1332 4408 7.
1409 4353 1452 4388 ⁵⁸
1480 4353 1627 4410 Joel.
1660 4370 1724 4422 ιι,
1761 4354 1848 4409 14.
1925 4354 1967 4388 ⁵⁷
2000 4352 2063 4408 Ps

2187 4367 2350 4422 cxxv,
2381 4350 2436 4408 5.
2512 4350 2554 4386 ⁸⁸
2587 4351 2727 4407 Gen.
2759 4367 2873 4418 nx,
2909 4350 2998 4421 17,
3027 4350 3119 4405 23.

442 4489 548 4571 (99)
581 4490 726 4571 Eafa
778 4509 838 4571 τι
893 4489 1138 4571 ἡλικίας.
1175 4496 1355 4571 Regg.
1410 4515 1463 4570 a,
1513 4499 1634 4567 bm,
1686 4499 1789 4570 ph,
1837 4504 2028 4571 Pass.,
2063 4501 2110 4566 D

368 4559 610 4629 ἠλικίαν.
645 4564 816 4619 Deest
842 4583 900 4617 τε
920 4559 990 4620 in
1023 4559 1350 4623 nonnullis.

462 4633 820 4709 91)‘_Ixcclac.
848 4635 942 4693 Or.
974 4638 1030 4706 2,
1063 4642 1120 4693 et
1151 4637 1271 4709 alii,
1305 4637 1556 4700 ἱκετείας.

587 4707 1005 4785 ᾉνενέγκῳμιν.
1039 4709 1180 4785 Reg.
1215 4706 1266 4779 8,
1300 4709 1677 4785 εἰσενέγκωμε.

464 4711 556 4851 95)
587 4711 1005 4782 Ἀνενέγκωμιν.
1039 4711 1180 4781 Reg.
1215 4727 1266 4779 8,
1300 4711 1677 4785 εἰσενέγκωμε.

464 4779 534 4834 96
586 4777 952 4869 Ἐπιστρέψει,
990 4779 1080 4835 καὶ
1131 4783 1469 4854 μετανοήσει.
1517 4785 1662 4854 Jes.,
1712 4781 2026 4860 ἐπιστρέψῃ,

371 4866 461 4902 και
497 4866 826 4922 μετανοησῃ.

441 4871 996 4996 (9ζςτξῗτῗέλῗῖίψεται.
1053 4924 1192 5018 Reg.
1284 4925 1344 4994 b,
1400 4923 1784 5000 ὑπολείψηται.
1838 4929 2026 4996 Pass.,

441 4989 757 5052 ὀλείπηται.
812 4997 1092 5052 Μοηῒιαο..
1126 4941 1472 5052 υποξίπεται.
1525 4999 1589 5052 Π.
1643 4996 2024 5052 ὑπολίπηταιῖ.

371 4989 785 5075 ἐπολρίπηται...
812 4989 1092 5065 Montem,
1126 4989 1478 5075 ggqilﬁstac,
1496 5072 1504 5075 _
1525 4999 1589 5070 (1'.
1611 4989 1619 5000 ’
1643 4989 2024 5075 ὗπολ-ίπηταιᾞ

368 5063 543 5149 Co_isl.
596 5063 648 5136 1,
690 5067 906 5141 aliique
959 5063 1252 5138 nonnulli,
1285 5063 1636 5146 ὑπολείψεται
1696 5063 1884 5127 ὀπίσω¹
1933 5063 2026 5128 αὗ-

367 5153 552 5294 τοξ98)
582 5211 707 5294 Πῶς
753 5208 852 5294 ο-ὗκ
896 5208 1108 5294 ῥνήσιι,
1141 5215 1248 5294 etc.
1284 5213 1493 5294 Billiue
1526 5232 1594 5294 :_«
1626 5216 1778 5294 Quid
1834 5217 2027 5274 aﬂ'erri

364 5285 580 5407 Botest,
604 5285 743 5363 quin
773 5285 920 5366 boni.
942 5289 1156 5341 natura
1175 5291 1369 5359 utens,
1396 5287 1802 5362 indulgentem
1833 5306 1896 5347 se
1926 5305 2028 5347 no-

408 5369 458 5408 is
490 5355 843 5411 praebiturus
875 5360 951 5411 ait
970 5356 999 5411 ?
1020 5379 1049 5407 »

490 5370 843 5424 praebiturus
875 5372 922 5411 ει

707 5425 937 5514 Πατρός.
970 5428 1064 5514 0r.
1098 5429 1152 5496 2,
1184 5429 1282 5514 τοῦ
1309 5431 1464 5501 Θεοῦ,
1502 5451 1531 5481 ιι
1560 5431 1683 5487 Dei.
1709 5454 1740 5483 »

437 5491 721 5636 (910ξὴ
759 5491 852 5555 Οί·
885 5501 940 5566 ἓν
975 5491 1163 5583 θύρανλ
1198 5491 1517 5573 “januam,
1550 5525 1576 5552 ››

368 5566 908 5691 ιξέίέηξξξθθωμα
940 5575 1031 5628 διο
1066 5573 1205 5645 Reg.
1238 5574 1360 5640 bm,
1393 5575 1488 5630 Or.
1521 5575 1577 5643 2,
1612 5575 1771 5632 Pass.
1811 5577 1874 5632 In
1907 5577 2023 5649 ed.,

395 5635 686 5710 ξέλθημέν.
792 5635 802 5642 ’
1149 5635 1182 5645 ν
1348 5635 1356 5640 ’
1566 5635 1576 5643 ⁷

443 5713 517 5792 13)
551 5711 920 5792 ἓεγώρεριιο
952 5713 1133 5792 Reee-
1166 5720 1224 5792 ει
1252 5717 1347 5773 οτι
1381 5719 1693 5792 2.2.31:va-

465 5721 517 5776 3)
551 5721 764 5788 Σεγώρ.
797 5721 920 5769 Duo
952 5721 1032 5771 Re
1076 5730 1133 5788 ε.
1166 5721 1224 5773 et
1252 5721 1347 5773 0r.
1381 5721 1418 5772 2
1472 5721 1690 5792 Σηγωρ.

443 5721 521 5858 (4)
549 5781 1010 5860 Συνιισιλθωμεν.
1036 5730 1140 5848 Dr.
1169 5791 1227 5862 2,
1259 5761 1690 5864 συνανέλθωμεν.

2211 4498 2288 4570 (5)
2321 4490 2808 4570 Περιϐλεψώμεθα.
2844 4497 3016 4553 Coisl.
3061 4497 3086 4552 1
3142 4496 3324 4565 addit,
3358 4495 3434 4558 είς
3482 4495 3550 4550 τὰ
3600 4492 3794 4553 ὀπίσω.

2141 4567 2364 4635 Coinb.,
2398 4567 2478 4629 είς
2506 4567 2774 4622 τούπίσω.

2210 4641 2288 4711 (6)
2319 4635 2501 4712 Μηδέν
2535 4639 2962 4712 spumantem.
2991 4659 3020 4688 ‹‹
3045 4639 3240 4712 Solius
3271 4639 3371 4694 Dei
3403 4643 3493 4695 est
3521 4656 3636 4696 non
3671 4655 3799 4712 pec-

2139 4710 2290 4784 care.
2318 4733 2346 4760 »
2381 4710 2584 4784 Solon,
2630 4710 2786 4784 apud
2833 4711 3134 4784 Demosth.
3167 4729 3255 4784 or.
3286 4713 3361 4784 De
3409 4727 3631 4778 corona,
3663 4710 3746 4768 ait
3779 4728 3792 4768 :

2135 4779 2320 4852 Μηδὲν
2382 4779 2641 4855 ἁμαρτεῖν
2667 4779 2808 4856 ’ἐστι
2877 4782 3034 4848 θεῶν,
3093 4783 3182 4835 καὶ
3237 4781 3417 4856 πάντα,
3466 4785 3791 4856 κατορθοῦν·

2140 4878 2168 4907 ‹‹
2200 4856 2454 4910 Deorum
2500 4853 2797 4927 ‘est__nihil
2856 4870 3115 4926 peccare,
3149 4857 3208 4910 et
3261 4854 3461 4910 omnia
3517 4853 3795 4927 praeclare

2139 4944 2326 5000 agere.
2354 4949 2384 5000 υ
2414 4927 2589 4983 Deest
2613 4920 2783 5000 ὅντως
2816 4920 2874 4982 iri
2904 4927 3048 5000 (Reg.
3083 4920 3182 4998 ph.

2208 5001 2284 5074 (7)
2317 4999 2512 5074 Θύραν.
2548 4999 2756 5074 Billius
2790 5015 2802 5055 :
2829 5021 2857 5051 «
2890 4997 3227 5074 fenestram.
3254 4997 3574 5074 s_Combef.
3608 4997 3793 5074 addit,

2137 5069 2459 5144 ἀνοίξωμέν,
2519 5091 2540 5121 ι
2593 5072 2810 5129 ostium
2860 5071 3211 5145 aperiamus.
3239 5093 3268 5121 »
3300 5071 3460 5140 Ruﬁ,
3492 5092 3520 5121 ‹‹
3566 5070 3793 5127 aditum

2137 5161 2490 5202 reseramus.
2516 5165 2537 5198 ι

2183 5218 2285 5344 ἑ(8)
2314 5215 2385 5270 Τὸ
2419 5213 2494 5272 δὲ.
2530 5216 2624 5273 Sic
2684 5216 2865 5289 Regg.
2897 5215 3021 5282 bm,
3069 5215 3171 5287 ph,
3204 5215 3300 5272 Or.
3349 5217 3404 5270 2.
3455 5215 3517 5271 In
3566 5215 3682 5281 ed.,
3731 5211 3793 5268 τὸ

2210 5309 2252 5343 ν.

2210 5309 2236 5343 ν

2206 5336 2282 5433 (9)
2315 5357 2482 5414 Ἐστί.
2515 5359 2608 5415 Sio
2637 5358 2732 5414 Or.
2750 5359 2799 5433 _2
2821 5362 2885 5433 et
2913 5357 3116 5433 Gomb.
3150 5358 3325 5433 Deest
3355 5357 3416 5416 in
3447 5359 3542 5415 ed.

2233 5429 2322 5504 10)
2353 5433 2706 5502 Σωζομένης.
2737 5429 2997 5504 ΟοίεΙη1,
3035 5429 3378 5504 σωζομένων.

2233 5435 2300 5488 10
2353 5433 2706 5502 Σωζομένης.
2737 5433 2910 5486 Coisl.
2947 5433 2997 5498 1,
3035 5433 3378 5504 σωζομένων.

2207 5433 2322 5578 (11)
2351 5504 2434 5559 Ἦ.
2485 5505 2575 5558 Sic
2623 5504 2800 5575 Regg.
2835 5520 2887 5573 a,
2920 5502 3042 5571 bm,
3077 5503 3178 5576 ph,
3211 5509 3270 5560 et
3298 5504 3392 5560 Or.
3420 5503 3475 5560 2.
3509 5503 3684 5560 Deest
3730 5503 3790 5558 in

2138 5577 2316 5718 θᾱ(12)
2349 5646 2498 5698 ’Δνω
2526 5645 2753 5718 τιθέτω.)
2775 5647 3027 5718 Montac.
3061 5644 3370 5701 ἀνατιθέτω.

2207 5713 2321 5790 (13)
2353 5719 2714 5795 Κᾳυ-φιζρυσοε.
2741 5716 2863 5774 Καί.
2890 5719 2955 5774 In
2986 5720 3364 5792 quibusdam,
3398 5714 3788 5792 κοφιζομένην.

2135 5789 2311 5862 Deest
2338 5789 2428 5844 καί
2457 5789 2516 5846 in
2546 5789 2641 5847 Or.
2673 5789 2728 5844 2.
