4090 6462
267 491 386 553 955

1513 488 1581 549 S.
1630 487 2005 550 GREGORII
2048 487 2447 551 THEOLOGI

3579 490 3715 553 956

270 624 362 680 nis
392 624 785 691 sublevatam,
809 622 865 677 in
890 621 1131 679 sublimi
1164 620 1425 678 collocet.
1451 620 1659 677 Melius
1691 622 1927 694 quidem

2057 620 2120 683 εἰς
2171 618 2201 675 ὅ
2242 618 2332 675 καὶ
2384 618 2685 695 σπεύδομεν
2740 620 2800 676 ἐκ
2844 623 2943 690 τῆς
2995 619 3222 675 ἐνταῦθα
3259 623 3372 692 (14)
3418 618 3721 699 παιδαγω-

270 714 578 770 nobiscum
631 716 922 786 ageretur,
958 711 1007 767 si
1040 728 1142 767 nec
1191 712 1533 783 huiusmodi
1584 713 1933 784 purgatione

269 820 415 876 opus
462 804 840 869 haberemus,
874 818 979 857 nec
1029 802 1268 857 omnino
1302 803 1530 874 purgati
1585 802 1929 873 fuissemus,

270 893 500 966 integra
528 893 798 949 videlicet
821 896 995 965 atque
1026 891 1305 948 incolumi
1337 892 1506 948 nobis
1541 897 1813 948 manente
1845 892 1931 948 di-

272 985 492 1058 gnitate
534 982 654 1052 illa,
688 983 759 1038 ad
812 999 987 1053 quam
1022 982 1199 1037 etiam
1231 999 1332 1051 per
1366 983 1609 1053 hujusce
1634 982 1761 1037 vitae
1811 983 1931 1037 dis-

272 1073 553 1146 ciplinam
612 1089 1031 1146 properamus;
1069 1089 1173 1127 nec
1226 1089 1328 1145 per
1384 1088 1652 1128 amarum
1711 1071 1933 1145 peccati

271 1168 513 1236 gustum
546 1179 577 1219 a
606 1163 732 1219 vitae
784 1162 943 1235 ligno
996 1162 1446 1219 excidissemus.
1484 1165 1552 1218 At
1596 1162 1739 1218 illud
1790 1162 1931 1218 item

274 1251 487 1308 melius
519 1268 584 1307 ac
629 1252 1007 1325 praestantius
1056 1257 1163 1319 est,
1198 1257 1283 1324 ut,
1316 1269 1451 1310 cum
1503 1269 1837 1326 peccamus,
1870 1253 1929 1307 in

2043 712 2184 788 γίας,
2249 708 2391 785 μηδὶ
2449 712 2561 785 (15)
2619 715 2717 765 τοῦ
2767 709 2930 781 ξύλου
2976 716 3078 780 τῆς
3131 715 3276 780 ζωῆς
3328 709 3569 767 ἐκπεσειν
3631 714 3713 786 τῇ

2041 806 2210 878 πικρᾷ
2239 801 2420 877 γεύσει
2468 808 2569 871 τῆς
2622 800 2909 876 ἁμαρτίας
2945 804 3192 877 κρεῖσσον
3225 797 3304 870 δὲ,
3334 805 3430 856 τοῦ
3466 802 3541 875 μὴ
3587 803 3713 874 (16)

2042 889 2385 946 παιδεύεσθαι
2432 890 2745 959 πταίοντας,
2793 890 2855 945 τὸ
2928 890 3329 965 ἁμαρτάνοντας
3398 889 3721 967 ἐπιστρέφε-

2042 984 2183 1039 σθαι.
2236 983 2330 1037 "Ov
2386 982 2478 1054 μὶν
2531 981 2634 1057 γὰρ
2686 981 2869 1055 ἀγαπᾷ
2916 979 3114 1055 Κύριος
3163 977 3429 1052 παιδεύει,
3477 979 3567 1035 καὶ
3598 1002 3713 1035 πα-

2042 1070 2227 1147 τρικὸν
2268 1072 2330 1126 τὸ
2380 1078 2480 1140 τῆς
2512 1068 2907 1143 ἐπιτιμήσεως·
2942 1070 3097 1145 ψυχὴ
3131 1066 3189 1125 δὲ
3240 1075 3384 1124 πᾶσα
3415 1070 3711 1140 ἀνουθέτη-

2042 1182 2158 1230 τος,
2238 1159 2619 1237 ἀθεράπευτος,
2697 1158 2901 1214 Οὐκοῦν
2982 1159 3044 1214 οὐ
3111 1156 3398 1235 πληγῆναι
3462 1158 3715 1235 χαλεπὸν

2046 1248 2192 1307 ἀλλὰ
2221 1252 2295 1325 μὴ
2332 1256 2767 1329 σωφρονισθῆναι
2813 1250 2923 1323 (17)
2952 1247 3020 1323 τῇ
3050 1249 3245 1325 πληγῇ
3296 1248 3718 1326 χαλεπώτερον.

273 1358 379 1398 nos
414 1343 562 1397 3“
601 1342 1123 1411 animadvertatur,
1143 1359 1319 1414 quam
1356 1345 1420 1397 ut
1460 1342 1722 1399 labentes
1755 1342 1931 1397 mini-

2057 1339 2194 1412 Φησί
2236 1362 2318 1403 τις
2367 1345 2474 1396 τῶν
2526 1342 2846 1418 προφητῶν,
2895 1339 3020 1415 περὶ
3065 1343 3164 1394 τοῦ
3213 1339 3434 1416 Ἰσραὴλ
3504 1338 3717 1416 λέγων,

274 1447 367 1486 me
396 1432 778 1503 castigemur.
813 1434 996 1498 Quem
1036 1431 1192 1486 enim
1225 1437 1386 1488 amat
1420 1433 1725 1499 Dominus,
1762 1432 1934 1488 casti-

2057 1436 2142 1486 τοῦ
2185 1429 2431 1507 σκληροῦ
2476 1430 2566 1485 καὶ
2615 1430 2995 1505 ἀπεριτμήτου
3046 1430 3143 1497 τὴν
3213 1426 3459 1505 καρδίαν·
3522 1429 3710 1504 Κύριε,

272 1526 372 1594 gat
392 1521 456 1589 5°,
492 1525 866 1593 paternasque
916 1521 1330 1577 benevolentiae
1381 1527 1797 1593 argumentum
1850 1526 1939 1578 est

2057 1521 2422 1598 ἑμαστίγωσας
2456 1518 2675 1589 αὐτοὺς,
2705 1518 2793 1575 καὶ
2827 1518 2926 1574 οὐκ
2957 1518 3230 1574 ἐπόνεσαψ
3279 1516 3594 1582 ἐπαίδευσας
3628 1521 3720 1576 αδ-

274 1610 634 1683 increpatio:
663 1614 866 1666 contra
889 1610 1084 1667 omnis
1108 1612 1327 1678 anima,
1352 1628 1482 1685 quae
1514 1611 1937 1667 admonitionis

2057 1612 2194 1677 τοὺς,
2226 1611 2315 1666 καὶ
2347 1610 2450 1666 ούκ
2479 1609 2756 1680 ἦθὲλησαν
2792 1607 3040 1681 δέξασθαι
3069 1604 3336 1663 παιδείαν’
3378 1609 3469 1663 καὶ
3520 1606 3710 1682 πάλιν,

273 1708 329 1757 et
359 1700 764 1773 castigationis
796 1718 1000 1772 expers
1031 1706 1140 1772 est,
1174 1702 1519 1757 incurabilis
1548 1705 1763 1757 manet.
1791 1702 1939 1765 Quo-

2057 1700 2152 1760 Καὶ
2186 1702 2213 1755 6
2268 1698 2401 1763 λαὸς
2453 1700 2552 1755 οὐκ
2596 1698 2901 1777 ἐπεστράφη
2953 1701 3089 1772 (18),
3139 1694 3245 1761 ἕως
3295 1696 3537 1775 ἐπλήγην
3598 1700 3710 1772 καὶ,

275 1791 430 1847 circa
461 1807 575 1846 non
627 1807 800 1863 grave
831 1796 919 1847 est
949 1791 1138 1865 plagis
1168 1792 1342 1860 afﬁci,
1378 1793 1479 1848 sed
1530 1792 1703 1865 plaga
1733 1792 1937 1848 melio-

2057 1790 2109 1846 I‘t
2160 1793 2272 1866 (19)
2324 1790 2407 1846 ὅτι
2458 1792 2771 1868 ἀπεστράφη
2808 1790 2836 1845 6
2873 1787 3007 1852 λαός
3068 1809 3172 1863 μου
3232 1788 3580 1866 ἀποστροφὴν
3612 1809 3712 1843 πο-

275 1897 399 1937 rem
432 1898 547 1936 non
582 1880 705 1936 ﬁeri
748 1881 1168 1952 gravissimum
1220 1886 1277 1937 et
1326 1882 1779 1938 acerbissimum
1830 1888 1937 1938 est.

2057 1882 2239 1955 νηράν,
2293 1880 2344 1952 ἐξ
2390 1884 2455 1950 ἧς
2502 1877 2692 1935 τέλεον
2748 1874 3182 1956 συντριϐήσεται,
3230 1878 3320 1933 καὶ
3368 1879 3712 1957 καταφθαρή-

274 1972 464 2043 Atque
494 1987 559 2027 eo
591 1971 828 2026 nomine
872 1971 1157 2044 propheta
1190 1972 1431 2044 quidam
1464 1973 1534 2028 de
1565 1973 1711 2028 duro
1742 1972 1841 2028 illo
1875 1989 1940 2029 ac
2054 1992 2197 2026 σεται
2233 1989 2247 2040 ;

280 2061 452 2116 corde
504 2060 914 2117 incircumciso
969 2061 1183 2117 Israele
1232 2063 1408 2117 verba
1454 2063 1694 2129 faciens,
1729 2062 1808 2118 ita
1863 2063 2256 2135 loquebatur:
2301 2062 2554 2127 Domine,
2582 2060 2902 2133 percussisti
2944 2074 3051 2127 eos,
3102 2065 3155 2115 et
3202 2073 3313 2113 non
3371 2057 3711 2115 doluerunt:

275 2150 602 2220 corripuisti
632 2166 739 2221 eos,
772 2158 827 2206 et
857 2156 1163 2207 renueru-nt
1208 2154 1456 2223 accipere
1503 2152 1861 2225 disciplinam
1890 2154 1954 2220 ⁸ο,
1987 2170 2053 2209 ac
2085 2169 2314 2223 rursus,
2344 2153 2408 2207 El
2453 2152 2689 2224 populus
2734 2164 2846 2206 non
2892 2156 2972 2205 est
3018 2164 3334 2216 conversus,
3366 2148 3536 2223 quoad
3574 2165 3702 2220 per-

276 2256 463 2295 cussus
494 2241 671 2307 est“;
707 2246 764 2296 et
792 2240 905 2297 alio
937 2240 1083 2311 loco,
1118 2245 1303 2312 Quare
1350 2260 1586 2299 aversus
1614 2251 1693 2299 est
1716 2244 1951 2315 populus
1990 2260 2145 2299 meus
2178 2243 2465 2300 aversione
2494 2257 2669 2314 prava
2692 2241 2757 2309 ⁶²,
2791 2240 2864 2297 ob
2895 2255 3075 2312 quam
3124 2255 3370 2311 prorsus
3411 2238 3698 2294 obteretur

284 2334 341 2385 et
370 2330 781 2401 exstinguetur
802 2330 829 2385 ?

352 2418 496 2475 XVI.
531 2419 899 2476 Horrendum
930 2424 1037 2488 est,
1063 2421 1296 2491 fratres,
1320 2422 1380 2477 in
1417 2423 1514 2478 Dei
1543 2423 1795 2480 viventis
1823 2440 1943 2479 ma-
1972 2426 2021 2492 B

279 2526 392 2565 nus
424 2508 679 2565 incidere
698 2510 763 2564 ⁸³.
786 2510 1124 2567 Horrendus
1154 2511 1353 2568 vultus
1385 2513 1614 2569 Domini
1647 2531 1824 2586 super
1853 2514 1933 2569 fa-

280 2600 501 2655 cientes
534 2599 690 2656 mala
710 2600 774 2667 5‘,
800 2600 1123 2673 vitiumque
1154 2601 1423 2659 funditus
1453 2608 1717 2660 evertens
1742 2621 1809 2660 ac
1839 2604 1928 2660 de-

275 2688 423 2745 lens.
449 2687 749 2745 Horrenda
778 2689 941 2745 auris
971 2690 1227 2759 Domini,
1249 2692 1436 2748 Abelis
1460 2709 1657 2749 vocem
1680 2694 1724 2728 ⁶⁵
1754 2694 1933 2749 etiam

277 2795 381 2850 per
393 2778 636 2834 tacitum
652 2796 917 2836 cruorem
932 2780 1503 2837 sentiens.Horrendi
1519 2783 1936 2856 pedes,impro-

277 2867 518 2923 bitatem
541 2885 717 2923 cursu
752 2873 1155 2941 assequentes.
1176 2869 1474 2927 Horrenda
1499 2873 1753 2929 universi
1777 2874 1936 2929 orbis

278 2957 563 3029 impletio.
579 2958 738 3014 itaut
755 2959 977 3015 nemini
995 2977 1249 3031 usquam
1268 2961 1369 3017 Dei
1388 2963 1844 3020 commotionem
1862 2963 1939 3020 ef-

278 3047 480 3118 fugere
501 3047 673 3103 liceat
687 3048 760 3115 65;
783 3066 898 3105 non
917 3049 965 3105 si
1011 3050 1067 3104 in
1091 3050 1300 3106 coelum
1320 3051 1655 3119 avolaverit,
1671 3070 1786 3108 non
1805 3053 1854 3108 si
1878 3053 1937 3108 in

279 3137 577 3192 infernum
602 3154 663 3193 se
686 3138 1023 3207 contulerit,
1048 3157 1162 3196 non
1190 3143 1239 3196 si
1264 3142 1335 3196 ad
1358 3141 1642 3197 orientem
1666 3143 1938 3215 profuge-

282 3226 378 3290 rit,
404 3242 517 3281 non
552 3227 602 3281 si
635 3227 691 3281 in
727 3228 1049 3298 profundos
1093 3234 1150 3285 et
1199 3235 1490 3286 extremos
1539 3232 1721 3288 maris
1774 3234 1940 3289 sinus

281 3330 411 3371 sese
433 3316 724 3371 abdiderit
744 3318 806 3371 ⁸⁷.
827 3318 979 3382 Quin
1001 3319 1175 3374 etiam
1200 3325 1335 3376 ante
1358 3337 1451 3376 me
1470 3320 1703 3377 Nahum
1726 3322 1821 3377 ille
1847 3322 1940 3377 E1-

281 3420 501 3461 cesasus
514 3404 904 3462 Ninivitarum
921 3425 1070 3464 onus
1089 3409 1411 3481 praedicans
1425 3411 1717 3479 “3,zeloten
1732 3412 1940 3483 Deum,

282 3497 337 3550 et
361 3494 677 3550 Dominum
710 3512 844 3552 cum
866 3496 1061 3553 furore
1090 3499 1453 3557 adversarios
1485 3518 1622 3557 suos
1653 3502 1941 3558 ulciscen-

279 3586 422 3653 tem,
441 3588 785 3657 tantamque
809 3587 1139 3644 severitatis
1164 3590 1631 3662 magnitudinem
1658 3593 1940 3649 adhiben-

281 3678 399 3730 tem
431 3674 847 3747 perhorrescit,
869 3680 1028 3733 utne
1054 3680 1373 3737 secundam
1400 3681 1637 3753 quidem
1661 3684 1942 3740 adversus

282 3763 599 3820 sceleratos
632 3764 914 3821 ultionem
946 3766 1058 3822 sibi
1090 3767 1375 3841 reliquam
1407 3771 1601 3827 faciat.
1624 3772 1771 3828 Nam
1802 3790 1939 3828 cum

283 3853 496 3909 Isaiam
554 3855 728 3911 audio
778 3856 1162 3914 Sodomorum
1221 3860 1437 3932 populo
1488 3878 1552 3916 ac
1602 3862 1937 3919 Gomorrhaa

282 3943 648 4016 principibus
681 3946 1073 4015 minitantem,
1103 3953 1159 4003 et
1186 3949 1477 4006 dicentem
1512 3968 1525 4007 :
1564 3953 1760 4024 thuid
1786 3952 1943 4009 ultra

276 4035 691 4107 pereuiiemini,
711 4036 963 4092 addentes
983 4041 1503 4108 prmvaricalionem
1524 4042 1605 4095 69‘?
1626 4042 1941 4098 minimum

286 4124 469 4191 abest,
491 4123 632 4195 quin
655 4127 775 4180 toto
800 4142 1041 4197 corpore
1064 4129 1533 4201 contremiscam,
1550 4130 1946 4205 lacrymisque

286 4214 627 4287 perfundar.
673 4214 946 4285 Sceleris,
985 4216 1198 4288 inquit,
1234 4220 1557 4276 accessioni
1610 4222 1774 4277 nulla
1817 4224 1944 4293 jam

288 4320 474 4375 poma:
525 4304 780 4360 accessio
838 4308 1150 4379 excogitari
1184 4312 1417 4380 potest:
1453 4309 1535 4365 ita
1593 4328 1696 4382 per
1752 4311 1949 4367 omnia

288 4392 541 4464 grassati
572 4392 732 4461 estis,
769 4398 943 4466 atque
974 4413 1147 4452 omne
1178 4397 1487 4470 plagarum
1518 4415 1707 4471 genus
1737 4401 1950 4457 exhau-

290 4482 479 4549 sistis,
521 4498 730 4537 novam
778 4485 1030 4541 subinde
1078 4503 1309 4557 poenam
1360 4506 1465 4561 per
1509 4490 1949 4562 improbitatem

289 4575 546 4628 vestram
580 4579 964 4631 accersentes.
990 4578 1113 4632 Non
1145 4585 1225 4635 est
1251 4578 1467 4652 vulnus,
1500 4598 1615 4636 non
1645 4582 1808 4651 livor,
1838 4600 1947 4640 non

288 4662 458 4733 plaga
494 4669 707 4717 tumens
736 4682 758 4718 .·
788 4668 893 4720 ιοιο
940 4681 1184 4738 corpore,
1216 4668 1427 4740 inquit,
1459 4673 1591 4742 fusa
1636 4676 1715 4729 est
1756 4674 1948 4745 plaga,

282 4765 624 4824 prorsusque
652 4755 1004 4810 incurabilis.
1033 4757 1154 4813 Non
1185 4761 1336 4815 enim
1365 4763 1645 4833 malagma
1672 4765 1952 4836 imponere

289 4850 389 4913 est,
422 4859 536 4898 non
590 4844 791 4913 oleum,
826 4861 935 4902 non
982 4847 1354 4916 alligaluram
1374 4851 1438 4905 ⁷ο.
1474 4856 1573 4921 Ac,
1610 4869 1736 4923 qua;
1787 4852 1953 4907 dein-

290 4947 427 5004 ceps
458 4932 517 4988 in
550 4948 619 4988 ea
656 4934 1114 4992 comminatione
1164 4943 1513 5011 sequuntur,
1548 4946 1846 5013 praetereo,
1880 4959 1953 4999 ne

289 5022 567 5092 praesenti
598 5021 774 5097 plaga
800 5025 967 5081 vobis
999 5026 1264 5083 acerbior
1292 5031 1595 5087 exsistam.

2123 2422 2215 2490 1ζ’.
2272 2414 2516 2494 Φοϐιρὸν
2579 2419 2671 2492 μὶν
2749 2414 2866 2489 οῦν,
2934 2414 3189 2495 ἀδελφοὶ,
3238 2415 3303 2472 τὸ
3334 2414 3578 2489 ἐμπεσεῖν
3630 2413 3707 2478 εἷς

2042 2515 2233 2588 γεῖρας
2268 2512 2400 2565 Θεοῦ
2436 2512 2654 2578 ζῶντος·
2692 2501 2922 2587 φοϐερὸν
2960 2503 3016 2561 δὲ
3063 2507 3124 2561 τὸ
3172 2504 3464 2581 πρόσωπον
3511 2503 3708 2580 Κυρίου

2043 2601 2131 2657 ἐπὶ
2198 2603 2487 2660 ποιοῦντας
2555 2599 2713 2670 κακὰ,
2791 2598 2881 2652 καὶ
2963 2595 3309 2672 πανωλεθρίᾳ
3358 2596 3459 2664 τὴν
3517 2593 3706 2649 κακίαν

2042 2690 2353 2770 ἐξαφανίζον
2380 2699 2393 2723 ⁶
2429 2682 2635 2767 φοϐερὰ
2664 2689 2775 2763 (20)
2808 2684 2865 2743 δὲ
2896 2687 3030 2756 ἀκοὴ
3061 2690 3216 2759 Θεοῦ,
3258 2684 3347 2741 καὶ
3377 2690 3478 2755 τῆς
3528 2679 3699 2770 ’Δᾷελ

2045 2768 2227 2861 φωνῆς
2270 2778 2631 2853 αἰσθανομένη
2687 2774 2775 2833 διὰ
2821 2781 2919 2832 τοῦ
2951 2780 3216 2853 σιγῶντος
3248 2774 3500 2850 αἵματος*
3536 2768 3699 2852 φοϐε-

2048 2859 2137 2949 ροὶ
2171 2867 2227 2925 δὲ
2256 2866 2421 2932 πόδες
2479 2869 2746 2945 πονηρίαν
2799 2860 3331 2941 καταλαμϐάνοντες’
3384 2859 3593 2942 φοϐερὰ
3646 2861 3703 2918 δὲ

2044 2965 2142 3017 τοῦ
2174 2960 2377 3022 παντὸς
2406 2957 2694 3035 πλήρωσις
2727 2960 2861 3032 (21),
2895 2959 2968 3020 ὡς
3004 2958 3078 3030 μή
3111 2956 3241 3011 εἶναι
3298 2951 3561 3029 μηδαμοῦ
3607 2976 3707 3031 φυ-

2047 3055 2156 3128 γεῖν
2192 3054 2325 3107 Θεοῦ
2354 3049 2591 3120 κίνησιν,
2629 3050 2703 3123 μή
2739 3048 2816 3110 εἷς
2848 3047 3073 3123 οὐρανὸν
3120 3046 3447 3117 ἀναπτάντα,
3507 3046 3582 3118 μή
3633 3043 3710 3104 εἷς

2048 3139 2182 3213 ᾅδου
2214 3141 2562 3216 χωρήσαντα,
2599 3139 2676 3212 μὴ
2707 3138 2844 3214 πρὸς
2894 3139 3008 3211 (22)
3061 3133 3329 3198 ἀνατολὰς
3378 3134 3713 3211 ἀποδράντα,

2054 3233 2130 3305 μὴ
2164 3229 2439 3300 θαλάσσης
2470 3223 2901 3305 ἐναποκρυϐἐντα
2935 3228 3121 3303 βυθοῖς
3153 3225 3188 3295 ἢ
3240 3225 3454 3300 πέρασι.
3510 3217 3713 3277 Φοϐεῖ-

2050 3343 2136 3377 ται
2193 3319 2249 3375 δὲ
2304 3320 2411 3395 πρὸ
2460 3319 2596 3393 ἐμοῦ
2640 3316 2729 3373 καῖ
2778 3316 2973 3390 Ναοὺμ
3003 3317 3030 3371 6
3062 3312 3393 3382 Ἑλκεσαῖος,
3426 3312 3477 3367 ἐν
3509 3312 3590 3374 οἷς
3646 3311 3709 3364 τὸ

2050 3412 2187 3467 κατὰ
2243 3407 2427 3466 Νινευΐ
2655 3405 2861 3481 λῆμμα
2912 3402 3251 3481 δημοσιεύει,
3306 3401 3396 3457 τὸν
3453 3399 3704 3471 ζηλωτὴν

2053 3502 2206 3572 Θεὸν,
2238 3500 2327 3556 καὶ
2358 3498 2675 3557 ἐκδικοῦντα
2716 3496 2912 3574 Κύριον
2970 3496 3105 3571 μετὰ
3154 3495 3326 3567 θυμοῦ
3373 3488 3503 3554 τοὺς
3549 3489 3709 3545 ὑπεν-

2052 3592 2291 3660 αντίους,
2331 3590 2421 3645 καὶ
2459 3589 2693 3664 τοσαύτῃ
2722 3588 3013 3664 χρώμενον
3058 3582 3360 3659 ἆποτομίας
3409 3578 3711 3658 περιουσίᾳ,

2052 3682 2129 3745 ὡς
2176 3678 2319 3754 μηδὶ
2366 3677 2614 3755 δευτέραν
2677 3675 3063 3734 ὑπολείπεσθαι
3112 3674 3249 3730 κατὰ
3295 3677 3403 3728 τῶν
3454 3673 3710 3746 πονηρῶν

2053 3769 2346 3843 ἐκδίκησιν.
2398 3767 2621 3824 Ἡσαΐου
2674 3768 2767 3842 μὶν
2827 3766 2930 3842 γὰρ
2991 3765 3142 3835 ὅταν,
3200 3761 3439 3835 ἀκούσω,
3485 3764 3566 3833 τῷ
3598 3758 3715 3831 λαῷ

2052 3859 2319 3935 Σοδόμων
2368 3862 2618 3922 καὶτοῖς
2675 3856 2906 3934 ἄρχουσι
2972 3852 3255 3932 Γομόρρας
3332 3848 3711 3919 ἀπειλοῦντος,

2052 3952 2142 4007 καὶ
2201 3950 2477 4025 λὲγοντοςο
2539 3948 2599 4003 Τί
2662 3946 2738 4003 ἔτι
2796 3944 3051 4023 πληγῆτε
3126 3946 3259 4018 (24),
3335 3938 3712 4018 προστιθέντες

2054 4040 2322 4115 ἀνομίαν;
2372 4042 2570 4116 μικροῦ
2618 4035 2708 4092 καί
2765 4035 2964 4116 φρίκης
3029 4033 3374 4107 πληροῦμαι,
3436 4030 3528 4085 καὶ
3586 4049 3709 4104 συγ-

2054 4130 2256 4207 χέομαι
2299 4126 2573 4205 δάκρυσιν.
2625 4126 2737 4182 Οὐκ
2782 4123 2916 4199 ἔστι,
2972 4124 3127 4203 φησὶ,
3174 4126 3243 4198 τῇ
3275 4122 3561 4197 προσθήκῃ
3608 4120 3712 4207 ,τῆς

2056 4206 2322 4294 ἁμαρτίας
2371 4218 2682 4294 κροσθήκην
2742 4214 2964 4291 πληγῆς
3025 4212 3290 4288 ἐξευρεῖν·
3354 4208 3498 4265 οὕτω
3546 4206 3719 4263 πάντα

2058 4306 2609 4380 διεξεληλύθατε,καὶ
2657 4310 2760 4361 πᾶν
2794 4302 2936 4367 εἶδος
2993 4301 3217 4379 πληγῆς
3269 4299 3586 4371 ἐκενώσατε,
3638 4294 3718 4351 ἀεί

2056 4420 2174 4456 τινα
2198 4400 2512 4471 καινοτέραν
2547 4394 2635 4452 διὰ
2663 4403 2763 4467 τῆς
2804 4394 2994 4457 κακίας
3039 4398 3141 4463 τῆς
3335 4390 3538 4446 ἑαυτῶν
3585 4406 3718 4459 προ-

2056 4490 2412 4564 καλούμενοι.
2439 4488 2553 4546 Οὐκ
2582 4486 2691 4543 ἔστι
2716 4490 2954 4563 τραῦμα,
2989 4481 3114 4540 οὐδὲ
3146 4479 3387 4558 μώλωψ,
3419 4476 3541 4535 οὕτε
3568 4476 3717 4549 πλη-

2056 4583 2126 4659 γὴ
2161 4578 2589 4659 φλεγμαίνουσα⁴
2628 4576 3012 4650 ὀλοσώματος,
3044 4571 3229 4653 φησὶν,
3262 4573 3298 4642 ἡ
3330 4568 3549 4646 πληγὴ,
3570 4565 3719 4659 ἀλλὰ

2060 4655 2147 4726 καὶ
2173 4655 2560 4746 ἰάθεράπευτος.
2592 4667 2664 4723 Οὗ
2696 4668 2800 4744 γὰρ
2832 4661 2945 4721 ἔστι
2982 4662 3250 4738 μάλαγμα
3276 4660 3561 4729 ἐπιθεῖναι,
3594 4655 3717 4712 οὕτε

2061 4758 2268 4833 ⁴ἔλαιον,
2321 4754 2445 4815 οῦτι
2490 4756 2883 4829 καταδέσμους.
2917 4752 3016 4809 Καὶ
3048 4751 3288 4829 παρίημι
3330 4749 3396 4805 τὰ
3444 4748 3569 4819 ἑξῆς
3613 4752 3714 4814 τῆς

2060 4847 2320 4920 ἀπειλῆς,
2382 4847 2476 4905 (ἱνα
2535 4850 2611 4923 μὴ
2671 4852 2772 4917 τῆς
2830 4842 3112 4921 παρούσης
3144 4842 3271 4917 ὑμῖν
3320 4841 3435 4914 (26)
3490 4834 3718 4911 πληγῆς

2066 4938 2362 5019 βαρύτερος
2420 4939 2559 5017 γένω
2569 4958 2663 5014 μα.

360 5122 406 5204 5:
434 5126 602 5178 Prov.
659 5140 744 5204 in,
795 5126 882 5204 1_2_.
904 5198 926 5204 _
959 5127 1006 5161 5°
1033 5126 1150 5182 Jer.
1181 5143 1238 5195 v,
1272 5129 1325 5204 3.
1401 5131 1449 5204 ἐξ
1480 5131 1608 5204 Isa._
1654 5148 1731 5200 Ix,
1793 5134 1881 5188 13.

2057 5137 2148 5190 "er.
2198 5140 2322 5204 V111,
2381 5132 2436 5187 5.
2513 5129 2882 5204 “Hebrqr,
2919 5127 3010 5184 31.
3079 5125 3131 5204 ξ⁴
3159 5121 3317 5204 Psal.
3369 5135 3570 5204 tum,
3629 5118 3723 5174 17.

288 5191 337 5226 ⁸⁸
366 5194 508 5250 Gen.
546 5209 623 5264 1v,
658 5196 745 5250 10.
821 5198 865 5232 ⁸⁸
894 5198 1013 5255 Jer.
1047 5191 1331 5270 xxm,'24.
1407 5203 1450 5236 ⁸⁷
1484 5202 1635 5261 Psal.
1669 5191 1937 5276 cmvm,

2057 5224 2165 5279 qu.
2242 5206 2287 5243 ⁸⁸
2308 5191 2549 5261 Nabum
2580 5219 2621 5275 1,
2656 5203 2707 5258 1.
2784 5201 2830 5236 θ’
2855 5191 2973 5257 lsa.
3005 5216 3044 5270 ι,
3077 5198 3133 5255 5.
3209 5197 3255 5233 7°
3283 5195 3396 5253 Isa.
3429 5210 3472 5265 ι,
3499 5192 3555 5248 6.

364 5301 474 5441 (14)
508 5301 783 5356 Ἐνταῦθα.
820 5304 997 5363 Coisl.
1037 5309 1087 5377 1,
1123 5312 1179 5363 et
1209 5306 1306 5364 Or.
1338 5310 1394 5379 2,
1428 5308 1681 5369 ἐντεῦθεν.

364 5374 452 5441 (15
504 5368 679 5438 Μηδὲ.
722 5374 859 5441 Reg.
892 5380 1013 5441 bm,
1050 5381 1233 5441 μήτε..

362 5368 471 5513 ἒ15)
504 5368 679 5438 Μηδὲ.
722 5374 859 5447 Reg.
892 5380 1013 5447 bm,
1050 5368 1233 5451 μήτε..

389 5444 477 5511 16)
509 5444 622 5513 Μή.
655 5444 829 5502 Deest
858 5448 917 5503 in
948 5450 1043 5506 Or.
1078 5453 1131 5507 2.

389 5444 477 5511 16)
509 5444 622 5513 Μή.
655 5444 833 5502 Deest
858 5448 917 5503 in
948 5444 1131 5507 oris:

365 5516 485 5605 (η)
515 5520 981 5605 Σωφρονισϐἧναι.
1014 5523 1193 5598 Regg.
1241 5526 1360 5596 bm,
1395 5526 1497 5599 ph,
1530 5527 1809 5597 Montac.,
1850 5548 1952 5582 σω-

292 5591 655 5654 φρονίζεσθαι.

510 5659 875 5783 ςΐιξπεστράφη.
914 5666 973 5717 In
1006 5667 1385 5738 quibusdam,
1421 5669 1755 5747 ἀπεστράφη.

556 5754 587 5785 ι.
629 5734 795 5789 Deest
827 5752 886 5788 1n
919 5735 1056 5790 Rea.
1091 5757 1144 5790 a-
1176 5746 1235 5790 at:
1265 5743 1362 5790 Or-
1393 5744 1446 5790 2-

394 5729 479 5810 19)
510 5729 801 5810 'fl.nl)eest'
827 5736 886 5788 in
919 5729 1056 5808 Reg.
1085 5757 1144 5810 ελ,
1176 5746 1235 5796 et
1265 5729 1447 5798 Or.'2.

512 5796 747 5935 Φοϐερά.
780 5810 972 5873 Pass.,
1002 5796 1256 5886 φοϐερόν.

385 5872 453 5928 υ1
508 5879 650 5935 Παντ
689 5899 713 5939 ς
751 5875 1066 5939 πλήρωσις.
1097 5885 1253 5939 Coisl

385 5869 478 5946 21)
508 5869 713 5944 Παντὸς
751 5869 1066 5955 πλήρωξηξ.
1097 5869 1274 5945 Cbisl.
1306 5886 1362 5958 2,
1396 5884 1614 5958 aliique
1656 5884 1953 5960 nonnulli,

2062 5312 2259 5376 παντὸς
2290 5310 2499 5385 κόσμου
2530 5306 2956 5385 συμπλήρωσις.

2154 5388 2246 5459 22)
2278 5381 2457 5459 Πρός..
2478 5385 2574 5441 Or.
2599 5381 2656 5459 2,
2690 5381 2790 5459 εἷς.

2154 5450 2245 5528 23)
2277 5450 2481 5512 Νινευῗ.
2516 5450 2659 5513 Reh.
2694 5456 2793 5528 ph,
2828 5450 3049 5521 Νινευή.

2155 5515 2247 5615 24)
2278 5528 2565 5605 Πληγῆτε.
2598 5515 2714 5586 Sic.
2743 5515 2923 5600 Regg.
2975 5515 3028 5593 a,
3070 5539 3121 5592 ο,
3173 5520 3276 5596 pb,
3322 5520 3441 5576 Jes.
3489 5517 3556 5575 In
3602 5515 3723 5587 ed.,

2059 5599 2251 5801 “2&3
2454 5673 2547 5730 Sic
2596 5671 2796 5745 plures
2845 5669 3027 5741 Regg.
3078 5670 3138 5723 et
3178 5666 3275 5721 Or.
3324 5664 3381 5719 2.
3430 5662 3604 5719 Deest
3657 5657 3723 5713 in

2060 5762 2091 5801 e
2139 5788 2151 5800 .

2060 5762 2091 5801 Θ

2134 5788 2246 5892 126)
2275 5814 2562 5899 Παρρύσης
2623 5814 2774 5891 ὑμῖν,
2823 5814 2932 5874 etc.
2962 5810 3089 5879 ,δίο
3140 5810 3322 5895 Regg.
3373 5824 3429 5877 α,
3487 5823 3538 5877 ο,
3593 5802 3721 5887 bm,

2133 5388 2149 5603 ἓ
