4090 6444
447 469 564 530 957

1374 464 1667 526 ORATIO
1709 462 1871 526 XVI.
1896 493 1972 508 —-
2000 463 2079 524 IN
2125 460 2449 525 PATREM
2491 461 2941 524 TACENTEM.

3750 463 3871 525 958

519 599 614 656 ΙΖ¹.
648 596 802 666 Πλὴν
835 597 1139 673 ἐπιγνῶμεν
1172 600 1268 652 τοῦ
1309 601 1477 652 κακοῦ
1522 597 1622 667 τὴν
1674 596 1944 653 ὑποθεσιν.
1998 593 2101 649 Πό-

2292 596 2445 652 312
2479 595 2646 652 XVII.
2700 596 2811 652 Sed
2858 599 3054 652 tamen
3104 595 3284 667 hujus
3332 594 3682 653 calamitatis
3730 613 3868 653 oau-

449 698 532 752 θεν
582 685 950 762 ἐξηράνθησαν
996 684 1254 762 γεωργίαι
1312 686 1443 758 (27),
1504 684 1849 760 ᾐσχύνθησαν
1897 683 2106 751 ἀποθῆ-

444 799 556 844 και,
599 777 687 831 καὶ
736 777 882 849 νομή
928 774 1203 847 ποιμνίων
1255 771 1517 844 ἐξέλιπεν,
1569 774 1832 849 ὠλιγώθη
1887 775 1996 846 (28)
2041 773 2108 826 τὰ

446 865 621 941 ὡραῖα
651 873 752 935 τῆς
781 868 902 940 γῆς,
939 864 1038 918 οὐκ
1079 863 1329 934 ἐπλήσθη
1363 863 1428 918 τὰ
1458 861 1618 918 πεδία
1644 863 1926 932 πιότητος,
1960 860 2107 917 ἀλλὰ

443 955 760 1034 κατηφείας’
816 957 916 1009 οὐκ
963 952 1274 1024 ἐπλήθυναν
1327 955 1381 1008 αἱ
1438 951 1692 1015 κοιλάδες
1742 959 1911 1021 σῖτον,
1979 949 2104 1006 ἀλλ’

443 1044 836 1112 ἐκλαῦσθησανσ
891 1043 991 1098 οὐκ
1034 1041 1287 1113 ἐστάλαξε
1337 1045 1449 1117 (29)
1497 1045 1564 1097 τὰ
1610 1037 1710 1118 ὅρη
1761 1041 2102 1117 γλυκασμὸν,

442 1133 518 1196 ὡς
549 1133 766 1208 ὕστερον
815 1138 931 1194 τοῖς
976 1131 1228 1200 δικαίοις,
1261 1129 1387 1188 ἀλλ’
1436 1133 1792 1205 ἀπεκοσμήθη
1843 1131 1932 1186 καὶ
1982 1134 2102 1202 ἠτι-

444 1224 647 1297 μάσθη,
705 1222 794 1277 καὶ
839 1223 937 1292 τὴν
986 1216 1224 1277 Γελϐουὲ
1270 1220 1502 1297 κατάραν
1555 1221 1614 1276 ἐκ
1673 1226 1779 1276 τῶν
1850 1220 2098 1276 ἐναντίων

440 1308 691 1382 ἐδέξατο;
744 1313 969 1388 Γέγονεν
1025 1311 1101 1373 ὡς
1151 1312 1211 1365 τὸ
1263 1313 1350 1365 ἀπ’
1397 1311 1576 1387 ἀρχῆς
1607 1316 1747 1373 nam
1777 1314 1810 1381 ἡ
1845 1318 1941 1386 γῆ,
1973 1311 2098 1387 πρὶν

440 1403 787 1474 κοσμηθῆναι
837 1407 954 1463 τοῖς
1005 1401 1200 1470 ἑαυτῆς
1261 1398 1545 1458 κάλλεσιν.
1630 1401 1939 1474 Ἐπεσκέψω
2005 1402 2097 1475 μὲν

435 1490 534 1558 τήν
611 1497 738 1563 γῆν,
806 1490 896 1544 καὶ
985 1489 1242 1562 ἐμέθυσας
1336 1489 1522 1558 αὐτὴν,
1599 1488 1725 1545 ἀλλ’
1801 1490 2101 1560 ἐπισκοπὴν

436 1581 677 1655 πονηρὰν
710 1579 798 1634 καὶ
840 1580 1009 1651 μέθην
1047 1578 1322 1657 ὀλέθφιον.
1378 1585 1487 1633 Φεῦ
1532 1577 1626 1633 τοῦ
1682 1578 1982 1652 θεάματοςί
2043 1580 2095 1634 ἐν

434 1666 656 1742 καλάμῃ
685 1668 752 1722 τὰ
778 1674 880 1737 τῆς
913 1666 1168 1746 εὖφορίας
1208 1671 1370 1742 ἡμῖν,
1422 1670 1509 1724 καί
1547 1675 1764 1746 μικροῖς
1817 1667 2094 1744 λειψάνοις

432 1759 467 1827 ἡ
513 1759 688 1833 σπορὰ
743 1756 1083 1834 γνωρίζεται,
1135 1757 1224 1812 καὶ
1280 1756 1444 1831 μόλις
1494 1760 1743 1834 ἀπαρχὰς
1794 1759 1976 1834 Κυρίῳ
2032 1759 2095 1813 τὸ

433 1846 590 1921 θέρος
621 1849 782 1920 ἡμῶν
838 1853 1193 1924 καρποφορεῖ,
1249 1848 1384 1920 μησὶ
1444 1847 1654 1920 μᾶλλον
1706 1850 1818 1922 (30)
1878 1848 1912 1916 ἢ
1966 1845 2093 1923 δρά-

430 1956 602 2010 γμασι
661 1931 1240 2010 καταλαμϐανόμενον.
1294 1941 1550 1999 Τοιοῦτος
1618 1938 1644 1990 ὁ
1694 1936 1936 1999 πλοῦτος
1982 1941 2090 1991 τῶν
2123 1979 2170 2044 Β

439 2024 454 2044 9
529 2020 594 2044 ρι’
844 2030 870 2040 υ
1041 2027 1056 2044 \
1155 2031 1182 2041 ειν
1382 2031 1408 2041 ~
1655 2027 1666 2044 Ι
1920 2028 1929 2042 '

429 2020 661 2098 ἀσεϐῶν,
719 2030 943 2080 τοιαῦτα
999 2027 1065 2079 τὰ
1117 2031 1225 2080 τῶν
1271 2031 1448 2088 κακῶς
1480 2027 1806 2102 σπειρόντων
1832 2028 2090 2104 γεώργιαν

429 2109 743 2189 ἐπιϐλέψαι,
805 2116 879 2176 ὡς
937 2117 972 2184 ἡ
1025 2113 1232 2170 παλαιὰ
1273 2117 1498 2193 κατάρα,
1551 2115 1801 2186 πλείονα,
1850 2116 1941 2171 καὶ
1988 2117 2092 2171 εἷσ-

429 2210 658 2280 ενεγκεῖν
720 2203 904 2279 ὀλίγα·
954 2210 1188 2281 σπεῖραι,
1239 2205 1328 2260 καὶ
1380 2207 1453 2279 μή
1525 2208 1752 2280 ἀμῆσαι·
1813 2211 2087 2282 φυτεῦσαι,

427 2292 516 2347 καὶ
579 2295 654 2366 μὴ
720 2293 995 2367 ἐκθλίψαι·
1071 2292 1133 2348 οὗ
1191 2293 1456 2370 ἐργῶνται
1514 2293 1640 2350 δέκα
1693 2294 1856 2370 ζεύγη
1919 2297 2086 2370 βοῶν,

426 2384 647 2450 ποι-ἧσαι
705 2382 964 2458 κεράμιον
1018 2380 1094 2438 ἕν’
1145 2383 1234 2438 καὶ
1288 2385 1415 2460 παρ’
1481 2381 1677 2446 ἄλλοις
1721 2383 1934 2438 ἀκούειν
1984 2386 2084 2452 τὴν

425 2469 737 2548 εὐκαρπίαν,
797 2472 992 2535 αὐτοὺς
1043 2470 1218 2544 ἐνδείᾳ
1283 2476 1395 2546 (31)
1460 2473 1838 2546 πιεζομένους.
1918 2473 2086 2539 Πόθεν

419 2565 608 2628 ταῦτα,
670 2560 757 2615 καὶ
816 2561 896 2624 τίς
949 2565 983 2632 ἡ
1047 2562 1192 2616 αἰτία
1247 2566 1344 2616 τοῦ
1375 2562 1756 2639 θραύσματος;
1817 2564 1906 2632 Μή
1963 2563 2085 2617 ἀνα-

425 2648 696 2724 μείνωμεν
732 2650 819 2705 ὑπ’
851 2650 1038 2707 ἄλλων
1065 2650 1426 2728 ἐλεγχθῆναι*
1472 2654 1633 2725 ἡμῶν
1688 2652 1859 2707 αὐτῶν
1907 2653 2080 2724 ἐξετα-

418 2739 535 2794 σταὶ
586 2741 885 2816 γενώμεθα.
936 2740 1088 2817 Μέγα
1134 2742 1324 2804 κακίας
1376 2743 1681 2820 φάρμακον,
1732 2741 1820 2796 καὶ
1871 2741 2081 2814 ὁμολο-

415 2827 526 2910 γία,
578 2829 668 2884 καὶ
718 2832 858 2907 φυγὴ
913 2835 1008 2885 τοῦ
1056 2830 1417 2906 πταίσματος.
1460 2833 1600 2908 Ἐγὼ
1629 2836 1866 2907 πρῶτος,
1899 2826 2079 2906 ὥσπερ

419 2911 720 2993 ἆνήγγιιλα
770 2922 888 2990 (32)
927 2924 1006 2992 τῷ
1059 2920 1177 2993 λαῷ
1223 2943 1326 2994 μου
1359 2919 1582 2992 ἄνωθεν,
1615 2923 1705 2976 καὶ
1734 2923 1796 2976 τὸ
1825 2926 1922 2976 τοῦ
1954 2943 2078 2977 σκο-

418 3010 524 3060 ποῦ
556 3005 710 3082 ἔργον
744 3008 1105 3081 πεπλήρωκα,
1142 3014 1254 3084 (33)
1287 3010 1371 3085 (οὐ
1404 3011 1506 3087 γὰρ
1541 3011 1746 3088 ἔκρυψα
1781 3012 1879 3079 τήν
1913 3011 2082 3088 ἐρχο-

423 3095 590 3168 μένην
649 3096 940 3175 ῥομφαίαν,
993 3096 1082 3153 τίνα
1136 3101 1225 3154 καὶ
1276 3101 1374 3169 τῆν
1436 3100 1673 3175 ἐμαυτοῦ
1732 3103 1941 3176 ψυχὴν,
1989 3100 2080 3155 καὶ

416 3186 511 3247 τὰς
543 3189 648 3240 τῶν
683 3186 990 3242 ἀκουόντων
1029 3192 1522 3266 περιποιήσωμαι)·
1577 3191 1747 3253 οὕτως
1789 3191 2080 3267 ἀναγγελῶ

415 3273 631 3329 καὶτοῦ
681 3275 816 3332 λαοῦ
869 3299 973 3349 μου
1004 3279 1102 3348 τὴν
1144 3279 1435 3352 ἀπείθειαν,
1478 3280 1713 3354 ἐμαυτοῦ
1759 3281 1827 3335 τὰ
1875 3281 2078 3338 ἐκείνου

2218 701 2342 741 sam
2377 702 2788 757 agnoscamus.
2823 687 2937 742 Cur
2983 690 3208 757 segetes
3239 690 3610 752 exaruerunt,
3659 686 3866 741 horrea

2216 776 2459 831 confusa
2491 779 2648 836 sunt.
2677 792 2896 847 pascua
2925 776 3120 831 ovium
3153 776 3510 840 defecerunt,
3560 780 3869 832 extenuata

2216 868 2355 920 sunt
2384 865 2648 935 Speciosa
2698 868 2882 933 terra},
2930 864 3123 936 campi
3174 881 3291 920 non
3341 863 3716 937 pinguedine,
3764 866 3866 920 sed

2217 969 2460 1009 moerere
2493 953 2711 1025 perfusi
2755 957 2930 1022 sunt;
2979 953 3160 1009 valles
3193 970 3308 1009 non
3357 954 3652 1010 frumento
3683 953 3866 1008 abun-

2215 1044 2448 1108 darunt,
2483 1043 2583 1098 sed
2619 1042 2928 1113 deploratae
2962 1047 3138 1112 sunt;
3175 1046 3400 1099 montes
3441 1043 3628 1109 nobis,
3662 1060 3866 1115 quem-

2215 1133 2534 1188 admodum
2563 1136 2762 1204 postea
2785 1132 2966 1203 justis
2997 1133 3156 1203 viris,
3191 1133 3561 1188 dulcedinem
3595 1149 3708 1188 non
3744 1133 3870 1188 stil-

2211 1221 2429 1293 larunt,
2463 1223 2560 1277 sed
2595 1225 2867 1277 ornatum
2898 1239 3070 1278 suum
3103 1226 3406 1288 exuerunt,
3430 1222 3870 1294 ignominiaque

2212 1312 2404 1367 affecti
2452 1316 2611 1378 sunt,
2665 1329 2729 1367 ac
2787 1311 3077 1367 montium
3131 1311 3345 1367 Gelboe
3395 1311 3869 1368 maledictionem

2211 1401 2503 1456 contrario
2535 1402 2708 1456 modo
2758 1405 3107 1473 acceperunt
3127 1401 3218 1454 7‘?
3249 1402 3420 1457 Facta
3467 1405 3556 1457 est
3594 1401 3870 1458 universa

2208 1493 2367 1545 terra
2397 1494 2524 1545 uta
2575 1490 2882 1562 principio,
2933 1507 3067 1544 cum
3121 1491 3383 1546 nondum
3428 1489 3868 1562 pulchritudine

2209 1596 2317 1633 sua
2349 1584 2628 1634 exornata
2685 1584 2859 1634 esset.
2921 1580 3168 1635 Visitasti
3222 1583 3431 1634 terram
3476 1584 3529 1634 et
3573 1580 3868 1634 inebriasti

2205 1685 2326 1723 eam
2346 1669 2430 1737 7’;
2465 1670 2565 1724 sed
2624 1668 2959 1724 visitatione
3020 1669 3195 1737 mala,
3243 1674 3300 1725 et
3350 1669 3624 1742 pestifera
3669 1669 3863 1724 ebrie-

2204 1761 2341 1814 tate.
2376 1759 2527 1814 Proh
2559 1759 2725 1814 triste
2775 1757 3209 1831 spectaculum!
3254 1759 3312 1813 in
3366 1759 3558 1814 culmo
3590 1758 3862 1815 fertilitas

2206 1846 2374 1902 nobis
2403 1852 2511 1915 est,
2547 1851 2604 1902 et
2634 1849 2916 1903 sementis
2944 1864 3009 1902 ex
3057 1846 3252 1920 parvis
3283 1847 3549 1920 reliquiis
3592 1847 3860 1919 agnosci-

2204 1943 2321 2005 tur,
2356 1954 2422 1993 ac
2450 1937 2546 1992 vix
2594 1935 2883 2010 primitias
2933 1937 3183 1993 Domino
3228 1939 3441 1993 messis
3487 1941 3689 1992 nostra
3717 1937 3857 2006 edit,

2202 2032 2378 2100 atque
2407 2043 2474 2081 ex
2502 2026 2807 2082 mensibus
2839 2026 3032 2100 potius
3065 2044 3242 2099 quam
3275 2042 3345 2082 ex
3380 2026 3698 2098 manipulis
3730 2041 3859 2098 per-

2203 2118 2437 2190 cipitur.
2472 2116 2644 2172 Tales
2685 2116 3006 2188 impiorum
3056 2116 3270 2172 divitiae
3319 2120 3476 2187 sunt,
3527 2115 3675 2172 tales
3709 2115 3860 2172 male

2201 2206 2624 2262 seminantium
2685 2222 2947 2261 messes:
3009 2206 3312 2273 nimirum,
3379 2207 3548 2278 juxta
3606 2209 3856 2262 veterem

2201 2296 2696 2365 maledictionem,
2730 2295 3019 2368 respicere
3050 2297 3120 2350 ad
3155 2294 3359 2366 multa,
3383 2299 3440 2350 et
3470 2311 3658 2368 pauca
3683 2295 3858 2351 infer-

2198 2401 2259 2439 re
2285 2387 2328 2423 ⁷³
2359 2401 2370 2439 :
2407 2383 2719 2452 seminare,
2754 2388 2812 2440 et
2859 2401 2974 2439 non
3026 2389 3278 2453 metere;
3313 2385 3599 2457 plantare,
3651 2388 3709 2440 et
3736 2401 3853 2440 non

2197 2473 2519 2545 exprimere
2540 2475 2620 2530 πε
2655 2473 2752 2528 ubi
2787 2474 2986 2529 decem
3014 2473 3160 2546 juga
3191 2475 3368 2530 boum
3398 2477 3736 2546 Operantur,
3771 2472 3856 2529 la-

2195 2563 2514 2636 gunculam
2549 2579 2729 2619 unam
2751 2564 2937 2618 facere
2958 2563 3030 2630 "'5;
3057 2569 3231 2635 atque
3259 2564 3412 2635 apud
3433 2563 3578 2618 alios
3610 2563 3849 2635 frugum

2193 2657 2520 2709 ubertatem
2553 2651 2777 2719 audire,
2812 2669 2945 2707 cum
2977 2651 3208 2706 interim
3237 2651 3347 2723 ipsi
3377 2668 3570 2706 rerum
3604 2650 3852 2724 penuria

2193 2747 2553 2815 premantur.
2587 2742 2750 2797 Unde
2779 2741 2900 2797 haec
2949 2741 3211 2805 tandem,
3260 2745 3316 2795 et
3363 2757 3490 2812 quae
3539 2740 3708 2796 nobis
3740 2740 3848 2795 hu-

2184 2834 2355 2904 jusce
2385 2832 2736 2888 calamitatis
2757 2849 2935 2888 causa
2956 2835 3044 2886 est
3068 2831 3095 2885 ?
3119 2835 3198 2887 Ne
3229 2834 3658 2903 exspectemus,
3688 2834 3754 2885 ut
3776 2831 3851 2885 ab

2193 2923 2324 2978 aliis
2356 2938 2780 2993 coarguamur:
2810 2920 3049 2992 ipsimet
3073 2921 3132 2974 in
3167 2937 3272 2976 nos
3295 2920 3690 2992 inquiramus.
3724 2920 3851 2976 Ma—

2191 3029 2306 3085 gna
2332 3013 2450 3067 vitii
2478 3011 2770 3067 medicina
2787 3015 2875 3066 est
2897 3010 3207 3081 confessio,
3233 3017 3289 3065 et
3310 3011 3527 3082 peccati
3554 3011 3710 3082 fuga.
3733 3011 3852 3064 Pri-

2192 3120 2327 3158 mus
2351 3119 2475 3175 ego,
2502 3101 2655 3157 sicut
2679 3100 2893 3174 populo
2917 3117 3045 3156 meo
3071 3105 3205 3156 ante
3255 3099 3613 3167 denuntiavi,
3633 3115 3700 3154 ac
3725 3116 3852 3171 spe-

2191 3193 2466 3248 culatoris
2518 3208 2760 3246 munere
2807 3193 3044 3246 functus
3089 3191 3389 3246 sum.Non
3409 3189 3566 3245 enim
3605 3189 3847 3245 venien-

2189 3285 2306 3337 tem
2332 3281 2595 3354 gladium
2627 3282 2802 3336 celavi
2825 3281 2892 3348 79,
2925 3284 2989 3335 ut
3019 3283 3075 3335 et
3107 3296 3296 3336 meam
3323 3279 3536 3352 ipsius,
3561 3283 3617 3335 et
3645 3296 3848 3336 eorum

413 3362 767 3438 ποιούμενος·
815 3363 868 3420 εἷ’
908 3388 1025 3429 πως
1066 3366 1126 3422 ἂν
1157 3368 1298 3423 οὕτω
1327 3368 1561 3445 τύχοιμί
1585 3392 1732 3433 τινος
1766 3368 2078 3448 φιλανθρω-

2199 3372 2292 3443 qui
2328 3371 2595 3437 audiunt,
2645 3371 2872 3426 animas
2920 3370 3231 3426 elucrarer.
3281 3370 3376 3425 Sic
3429 3387 3586 3426 nunc
3615 3387 3848 3442 quoque

412 3451 539 3514 πίας
569 3454 659 3507 καὶ
691 3453 1020 3527 ἀναψύξεως.

2187 3461 2385 3533 p0pu1i
2421 3460 2530 3514 mei
2563 3459 3024 3515 inobedientiam
3063 3475 3371 3531 exponam,
3422 3464 3658 3530 peccata
3690 3459 3848 3515 illius

411 3558 518 3613 pro
579 3544 724 3599 meis
757 3545 1027 3601 .ducens.
1064 3545 1159 3601 Sic
1216 3547 1374 3602 enim
1435 3549 1682 3605 fortasse
1741 3550 2008 3606 futurum
2068 3552 2177 3621 est,
2203 3554 2270 3605 ut
2299 3549 2762 3605 misericordiam
2788 3549 3046 3620 aliquam
3079 3552 3137 3603 et
3168 3564 3444 3604 aerumnae
3488 3548 3848 3604 levationem

419 3645 762 3704 consequar.

485 3719 678 3777 ΙΗ’.Ὁ
741 3718 833 3792 μέν
889 3741 974 3782 τις
1021 3722 1183 3793 ἡμῶν
1231 3721 1476 3796 ἐξέθλιψε
1543 3726 1658 3797 (34)
1725 3726 1929 3796 πένητα
1986 3725 2075 3781 καὶ

416 3812 608 3882 μοῖραν
659 3816 760 3885 γῆς
813 3811 1215 3886 παρεσπάσατο,
1266 3812 1356 3867 καὶ
1408 3811 1556 3888 ὅριον
1609 3810 1844 3889 ὑπερέϐη
1873 3820 2072 3886 κακῶς,

409 3895 445 3963 ἢ
497 3893 723 3970 κλέψας,
777 3898 812 3966 ἢ
858 3901 1215 3970 τυραννήσας,
1271 3900 1358 3954 καὶ
1413 3905 1644 3975 συνῆψεν
1708 3902 1876 3956 οῗκίαν
1938 3905 2076 3979 πρὸς

414 3984 607 4058 οἰκίαν,
654 3986 743 4041 καὶ
796 3987 961 4064 ἀγρὸν
1012 3989 1147 4065 πρὸς
1200 3989 1391 4066 ἀγρὸν,
1436 3989 1527 4045 ’ίνα
1583 4013 1633 4045 τι
1680 3996 1777 4046 τοῦ
1839 3990 2070 4063 κλησίον

410 4073 700 4152 ἀφέληται·
734 4077 822 4131 καὶ
857 4075 1062 4150 μηδένα
1096 4075 1239 4155 ἔχειν
1288 4077 1660 4157 ἐφιλονείκησε
1707 4081 1944 4156 γείτονα,
1998 4082 2073 4145 ὡς

411 4163 572 4237 μόνος
625 4166 864 4237 οἰκήσων
913 4165 998 4221 ἐπὶ
1047 4175 1147 4238 τῆς
1200 4176 1326 4245 γῆς.
1377 4176 1432 4223 Ὁ
1466 4167 1522 4224 δὲ
1551 4170 1732 4233 τόκοις
1761 4173 1851 4225 καὶ
1904 4187 2070 4226 πλεο-

405 4260 636 4328 νασμοῖς
687 4257 784 4324 τὴν
834 4263 937 4332 γῆν
989 4256 1174 4330 ἐμίανε
1223 4261 1356 4333 (35),
1408 4259 1497 4314 καὶ
1547 4261 1790 4334 συνάγων
1826 4259 1942 4315 ὅθεν
1976 4261 2073 4316 οὐκ

406 4340 639 4420 ἔσπειρε,
674 4345 763 4400 καὶ
796 4346 1022 4422 θερίζων
1068 4345 1205 4402 ὅπου
1260 4350 1334 4422 μὴ
1387 4346 1762 4424 διεσκόρπισεο
1814 4354 2069 4426 γεωργῶν

405 4433 467 4488 οὗ
514 4436 614 4504 τὴν
660 4442 780 4511 γῆν,
826 4434 972 4490 ἀλλὰ
1023 4439 1123 4506 τὴν
1169 4437 1358 4514 χρείαν
1406 4443 1512 4494 τῶν
1564 4436 1856 4511 δεομένων.
1919 4445 1958 4494 Ο
2017 4438 2072 4494 δὲ

405 4523 658 4600 ἀπαρχὰς
710 4523 918 4585 ἅλωνος
967 4523 1055 4578 καὶ
1108 4525 1280 4595 ληνοῦ
1309 4528 1400 4581 τὸν
1429 4529 1603 4582 πάντα
1635 4526 1910 4583 δεδωκότα
1940 4530 2069 4584 Θεὸν

2259 3729 2460 3783 XVIII.
2521 3725 2683 3782 Alius
2741 3729 3010 3782 nostrum
3060 3741 3376 3798 pauperem
3427 3727 3739 3799 oppressit,
3781 3745 3847 3784 ac

2185 3820 2351 3871 terrae
2365 3820 2586 3889 partem
2605 3816 2716 3888 ipsi
2729 3815 3421 3887 abstraxit,maleque,vel
3440 3831 3541 3887 per
3555 3817 3817 3872 fraudem
3830 3864 3844 3888 ,

2185 3906 2271 3960 vel
2305 3922 2408 3977 per
2437 3906 2577 3975 vim,
2604 3904 2920 3960 terminum
2956 3909 3364 3976 transgressus
3389 3909 3498 3973 est,
3524 3909 3577 3960 et
3601 3906 3842 3962 domum

2187 3995 2255 4050 ad
2293 3997 2533 4050 domum
2565 3995 2890 4065 conjunxit,
2924 3999 2980 4049 ct
3011 4010 3219 4067 agrum
3264 4010 3402 4065 agro
3435 3994 3745 4066 copulavit,
3781 4002 3847 4051 ut

2187 4085 2448 4155 proximo
2483 4084 2702 4156 aliquid
2737 4084 3022 4155 eriperet:
3075 4101 3140 4138 ac
3187 4083 3446 4138 vicinum
3479 4085 3708 4139 nullum
3741 4086 3842 4141 ba-

2185 4173 2319 4230 bcre
2353 4174 2601 4240 studuit,
2634 4174 2874 4246 perinde
2924 4190 2988 4228 ac
3021 4173 3182 4229 solus
3227 4173 3602 4230 habitaturus
3634 4174 3693 4228 in
3725 4180 3842 4230 ter-

2184 4280 2268 4319 ra.
2304 4263 2470 4318 Alius
2502 4264 2702 4318 usuris
2725 4267 2780 4316 et
2811 4263 3131 4318 fmnoribus
3156 4267 3366 4318 terram
3401 4264 3840 4335 contaminavit,

2185 4352 2463 4425 colligens
2495 4353 2599 4407 ubi
2647 4369 2762 4407 non
2806 4353 3151 4422 seminaret,
3209 4369 3276 4409 ac
3307 4342 3532 4410 metens
3589 4353 3690 4410 ubi
3722 4372 3837 4411 non

2183 4446 2518 4514 sparserat;
2552 4457 2668 4498 non
2699 4459 2769 4498 ex
2819 4448 2986 4498 terrae
3026 4445 3210 4510 cultu,
3261 4443 3361 4498 sed
3413 4459 3481 4498 ex
3511 4459 3836 4517 pauperum

2182 4532 2380 4604 inopia
2411 4535 2468 4587 et
2498 4533 2764 4603 penuria,
2798 4533 3106 4590 commoda
3135 4550 3242 4589 sua
3282 4534 3436 4588 313
3467 4550 3834 4606 comparans.

405 4597 755 4688 ἀπεστέρησε,
807 4611 1174 4687 καῖ’γέγονεν
1258 4615 1554 4689 ἀχάριστός
1628 4637 1687 4671 τε
1763 4619 1904 4690 ὁμοῦ
1980 4635 2069 4688 καὶ

2199 4621 2347 4676 \lius
2379 4637 2524 4676 areae
2555 4638 2618 4676 ac
2651 4622 2962 4678 torcularis
2986 4622 3263 4694 primitiis
3286 4627 3490 4691 Deum,
3518 4623 3620 4695 qui
3640 4625 3839 4680 omnia

404 4699 653 4772 ἀνόητος·
689 4699 812 4756 οὔτε
842 4700 975 4777 ὑπὲρ
1021 4702 1092 4755 ὧν
1144 4700 1300 4777 ἔσχεν
1365 4704 1785 4778 εὐχαριστήσας,
1836 4706 1959 4760 οὒτε
2005 4707 2067 4760 τὸ

408 4789 615 4863 μέλλον
675 4794 810 4864 (36),
861 4791 906 4845 εἷ
960 4792 1034 4863 μή
1085 4812 1136 4846 τι
1189 4790 1352 4862 ἄλλο,
1396 4789 1486 4848 διὰ
1512 4801 1613 4862 τῆς
1647 4793 2065 4870 εὐγνωμοσύνης

2179 4711 2520 4774 donaverat,
2555 4709 2863 4777 fraudavit,
2892 4711 3210 4782 simulque,
3245 4721 3301 4766 et
3324 4712 3621 4783 ingratum
3653 4717 3710 4767 et
3739 4714 3838 4768 de-

2179 4802 2438 4853 mentem
2469 4815 2532 4853 se
2563 4799 2852 4869 praebuit;
2888 4805 2953 4854 ut
3000 4801 3125 4871 qui,
3155 4817 3261 4855 nec
3310 4817 3411 4870 pro
3445 4800 3540 4866 iis,
3573 4818 3700 4870 quas
3733 4801 3837 4857 ha-

478 4977 523 5011 ’τι
561 4976 611 5033 Π
645 4977 859 5054 Regi,
890 4975 980 5032 21.
1059 4977 1105 5014 τ’
1162 4975 1314 5033 Psal.
1348 4992 1494 5049 LXIV,
1529 4978 1614 5034 10.
1675 4978 1721 5014 ⁷³
1775 4983 1923 5066 ᾼεεο
1956 4989 1997 5052 1,
2022 4981 2077 5034 9-

2226 4979 2602 5052 Soph.1,13.
2663 4979 2707 5015 ⁷⁵
2763 4981 2875 5037 Isa.
2907 4999 2962 5052 v,
3017 4982 3102 5037 10.
3161 4981 3206 5018 ⁷⁸
3262 4980 3464 5038 Ezech.
3515 4997 3718 5051 xxxm,
3750 4984 3803 5038 3.

400 5172 504 5251 p_h,
536 5177 644 5230 etc.
681 5173 742 5229 In
799 5174 918 5242 ed.,
968 5171 1251 5250 παρούσης
1297 5169 1524 5249 πληγῆς
1588 5174 1883 5251 βαρύτερος
1939 5177 2067 5251 ὑμῖν

399 5243 661 5321 γένωμαι.
1049 5243 1058 5250 ’
1210 5243 1214 5244 ν
1433 5243 1443 5249 ’
1588 5243 1598 5250 ’
1660 5243 1669 5251 ’
1789 5243 1798 5251 ’
1977 5243 1988 5251 ’

399 5317 586 5441 vo(.27)
627 5313 913 5412 Γεωργίαι.
975 5316 1116 5389 Reg.
1176 5333 1229 5383 a,
1292 5314 1467 5392 ἀγροί.
1531 5319 1672 5391 Reg.
1733 5336 1845 5390 cm,
1893 5339 2064 5396 γεωρ-

397 5408 582 5548 γοξέξ)
613 5457 918 5548 ξρλιγξῦθνη.
953 5463 1076 5548 Quo
1109 5459 1296 5531 Colb.,
1331 5456 1710 5548 ᾠλιχώθησαν.

473 5527 582 5604 (‘29)
613 5527 920 5604 Ἐστᾷλαξε.
954 5536 1130 5604 Regg.
1165 5551 1216 5601 a,
1251 5527 1300 5601 et,
1335 5527 1648 5602 ἐστάλαξαν.

471 5599 761 5679 (30)-Μησὶ
798 5599 1210 5674 μᾶλλονξῖδιο.
1259 5599 1394 5679 («Ex
1443 5599 1749 5662 mensibus
1780 5607 1994 5679 potius,
2029 5629 2058 5657 »

401 5679 514 5730 etc.
543 5693 557 5743 ;
584 5675 641 5728 id
675 5681 783 5744 est,
820 5694 847 5748 ιι
876 5691 991 5730 non
1025 5690 1093 5730 ex
1119 5677 1557 5747 manipulorum
1589 5675 1832 5748 acervis,
1860 5681 1959 5736 sed
1993 5697 2061 5736 ex

401 5747 700 5823 mensium
733 5747 977 5823 ratione,
1000 5749 1225 5823 messis
1253 5750 1542 5823 dignospi
1553 5754 1762 5823 potest.
1794 5747 1823 5803 ἡ

474 5819 587 5892 (31)
615 5819 722 5889 Τὴν
785 5816 1112 5896 εὐκαρπίαν,-
1155 5816 1353 5884 αὐτοὺς
1411 5816 1599 5897 ἐνδείᾷ.
1650 5821 1822 5883 Goisl.
1883 5824 1934 5896 1,
1993 5823 2066 5878 τὰ·

2174 5182 2275 5246 τῆς
2308 5174 2604 5250 εὐκαρπίας
2633 5175 2827 5250 αὐτοὺς
2859 5177 2911 5234 ἐν
2943 5175 3136 5250 ἐνδείᾳ.

2391 5247 2741 5327 ’Ᾱνήγγ-ειλα.
2777 5251 2916 5327 Reg.
2950 5269 3003 5319 a,
3037 5247 3368 5327 ἀπήγγειλα.

2245 5269 2357 5322 (.52)
2409 5269 2741 5326 ΑνηγγειΛα.
2778 5269 2916 5379 ηοξ,
2950 5269 3003 5319 ε,
3037 5269 3368 5327 ἀπηγγειλα.

2169 5321 2782 5447 ἐπλῗςέωὲῗπλήρωκα⁹
2895 5340 3022 5398 egg'
3085 5341 3140 5392 δ’
3200 5340 3252 5392 θ’
3303 5325 3422 5396 bm:
3469 5324 3571 5397 Ph.
3623 5324 3720 5381 0r.
3776 5327 3834 5396 2,

2195 5413 2309 5450 πλη
2321 5413 2488 5450 οωσα.

2263 5395 2488 5463 .ήοωσα.
2616 5395 2621 5396 ί
2934 5395 2955 5398 ⁷
2974 5395 2993 5397 ἡ

2263 5445 2354 5538 34)
2390 5463 2690 5538 Ἐξέθλιψε.
2716 5487 2744 5516 ‹‹
2777 5465 3015 5533 Afﬂixit,
3046 5467 3291 5538 vexavit.
3328 5488 3357 5518 »

2262 5537 2353 5609 35)
2383 5537 2644 5611 Ἐμίανεί
2661 5538 2940 5608 Sequitur
2985 5538 3045 5593 in
3077 5541 3170 5594 ed.
3201 5537 3312 5611 καί,
3363 5540 3517 5610 quod
3559 5540 3826 5596 codicum

2171 5610 2520 5666 auctoritate
2557 5610 2900 5665 delevimus.
2958 5627 2965 5634 '

2383 5681 2450 5733 Τὸ
2485 5678 2711 5755 μέλλον.
2761 5687 2825 5734 In
2849 5681 3031 5755 Δ(Ιιιξὶδι.
3086 5685 3106 5736 1
3145 5684 3433 5755 sequitur,
3478 5679 3625 5742 ὅπως
3655 5679 3824 5755 ἀσφα-

2171 5749 2284 5813 λῶς
2314 5749 2744 5828 ἓξῃξφρυντίσας,
2777 5751 2964 5828 καὶ-εἱ,
2992 5759 3125 5819 etc.,
3149 5780 3177 5806 ‹‹
3207 5749 3313 5812 nec
3337 5757 3531 5826 postea
3554 5749 3828 5824 cogitavit

2171 5825 2483 5896 quomodo
2497 5841 2700 5881 secure
2731 5825 3082 5896 possideret.
3119 5849 3149 5878 »
3341 5825 3348 5826 ⁷
3828 5862 3831 5864 -
