4090 6420
414 435 526 496 961

1338 430 1629 494 ORATIO
1670 430 1828 493 XVI.
1855 464 1934 476 —
1967 429 2048 491 IN
2091 427 2414 490 PATREM
2456 429 2906 492 TACENTEM.

3712 437 3833 499 962

415 566 504 621 καὶ
533 560 830 639 τυράννων,
862 561 953 616 καὶ
983 558 1231 616 κλεπτῶν
1287 559 1715 637 θησαυρίσματα·
1772 561 1826 616 οἱ
1866 560 2069 632 πλήθει

2190 561 2393 618 molles
2426 566 2481 617 et
2510 562 2866 619 difﬂuentes.
2902 579 3031 634 quae
3061 581 3095 619 a
3122 564 3296 620 tineis
3327 566 3741 636 absumuntur,
3775 574 3833 626 et

412 658 739 732 γαυριῶντες
812 647 1162 727 ἀνδραπόδων
1239 649 1330 705 καὶ
1399 649 1769 728 τετραπόδων·
1839 651 1889 705 oi
1959 656 2076 712 τοῖς

412 741 623 806 πεδίοις
680 740 1157 817 έμπλατυνόμενοι
1212 740 1303 795 καὶ
1359 746 1477 804 τοῖς
1536 736 1705 817 ὄρεσι,
1735 742 1825 796 καὶ
1880 742 1947 795 τὰ
1980 741 2072 813 μὶν

415 831 656 909 ἔχοντες,
713 832 781 887 τὰ
820 829 877 886 δέ
941 825 1477 906 προσλαμϐάνοντες,
1525 832 1593 885 τὰ
1643 828 1699 885 δὲ
1754 828 2072 903 μέλλοντες,

410 923 548 979 κατὰ
575 930 674 992 τὴν
727 919 1128 995 Σολομόντειον
1182 918 1417 995 βδέλλαν
1462 919 1847 993 ἐμπλησθῆναι
1883 921 1956 992 μὴ
1993 918 2080 973 δυ-

413 1011 675 1086 ναμένην,
737 1010 947 1084 ὁμοίως
998 1008 1122 1085 ᾇδῃ,
1170 1010 1259 1065 καὶ
1316 1013 1412 1085 γῇ,
1457 1010 1546 1066 καὶ
1590 1008 1744 1084 πυρὶ,
1777 1009 1867 1063 καὶ
1899 1006 2073 1081 ὕδατι,

410 1101 502 1160 καὶ
551 1105 840 1174 ζητοῦντες
892 1100 1222 1174 οἰκουμένην
1275 1100 1458 1175 ἑτέραν
1489 1099 1565 1162 εἷς
1596 1106 1808 1170 κτῆσιν,
1840 1099 1931 1153 καὶ
1958 1103 2075 1159 τοῖς

408 1195 507 1248 τοῦ
564 1195 696 1249 Θεοῦ
754 1191 928 1267 ὁρίοις
978 1189 1463 1265 καταμεμφόμενοι
1524 1189 1597 1251 ὡς
1645 1189 1989 1264 μικροτέροις
2038 1187 2075 1256 ἢ

410 1280 546 1337 κατὰ
621 1282 721 1350 τήν
800 1281 1002 1336 ἑαυτῶν
1080 1278 1366 1352 ἐπιθυμίαν
1444 1278 1535 1333 καὶ
1611 1276 1957 1348 ἀπληστίανς
2015 1274 2075 1329 Τί

412 1368 500 1425 δαὶ
561 1372 694 1444 (49),
751 1369 804 1425 οἱ
862 1374 979 1432 τοῖς
1040 1366 1280 1443 ὑψηλοῖς
1347 1367 1560 1442 θρόνοις
1636 1365 2073 1443 ἐγκαθεζόμενοι,

413 1460 504 1515 καὶ
557 1460 659 1528 τήν
716 1458 955 1535 ἀρχικήν
1014 1459 1216 1529 σκηνὴν
1272 1455 1538 1533 αἴροντες,
1596 1457 1688 1512 καὶ
1742 1458 1842 1525 τὴν
1907 1454 2073 1534 ὀφρὺν

410 1551 521 1603 τῶν
570 1549 807 1625 θεάτρων
874 1546 1243 1624 ὑψηλοτέραν,
1299 1546 1389 1602 καὶ
1458 1548 1533 1621 μὴ
1584 1542 1934 1622 λογιζόμενοι
1981 1545 2072 1601 τὸν

414 1636 503 1694 ἰπὶ
533 1643 663 1693 πᾶσι
711 1638 862 1711 Θεὸν,
906 1638 997 1694 καὶ
1051 1638 1114 1693 τὸ
1161 1637 1451 1714 ἀπρόσιτον
1486 1636 1623 1711 ὕψος
1650 1642 1748 1706 τῆς
1806 1635 2075 1705 ἀληθινῆς

416 1724 720 1803 βασιλείας,
764 1725 838 1782 ἵν’
887 1727 964 1790 ὡς
994 1723 1320 1801 ὁμοδούλων
1350 1731 1465 1782 τῶν
1499 1725 1754 1797 ὑπηκόων
1808 1723 2072 1801 ἄρχωσιν,

413 1816 465 1873 οἱ
493 1823 594 1887 τῆς
642 1814 767 1887 ἴσης
815 1814 1066 1891 δεόμενοι
1115 1814 1569 1895 φιλανθρωπίαςς
1627 1813 1827 1869 Σκόπει
1861 1811 1918 1868 δέ
1980 1834 2072 1888 μοι

417 1907 508 1962 καὶ
538 1906 669 1969 τοὺς
717 1904 1247 1969 κατασπαταλῶντας
1294 1906 1382 1961 ἐπὶ
1432 1904 1633 1960 κλινῶν
1686 1903 2071 1981 ἐλεφαντίνων,
2106 1934 2154 1999 Β

413 1997 489 2051 ὧν
548 1996 733 2059 καλῶς
788 1997 815 2050 ὁ
864 1998 1005 2059 θεῖος
1059 1997 1241 2069 Ἀμὼς
1292 1995 1642 2061 καθάπτεται,
1672 1994 1857 2048 καὶτὰ
1886 1998 2078 2069 πρῶτα

418 2084 562 2161 μύρα
590 2086 945 2161 χριομένους,
978 2084 1066 2139 καὶ
1096 2089 1164 2158 τῇ
1198 2088 1348 2162 φωνῇ
1397 2089 1505 2139 τῶν
1558 2084 1798 2159 ὀργάνων
1853 2082 2073 2159 ἐπικρο-

410 2179 657 2247 τοῦντας,
708 2174 797 2229 καὶ
843 2178 951 2228 τῶν
1008 2173 1313 2250 φευγόντων
1362 2174 1437 2235 ὡς
1486 2173 1789 2247 ἱσταμένων
1838 2172 2069 2248 ἐξηρτη-

418 2265 633 2338 μένους·
692 2261 840 2317 ἀλλά
906 2264 980 2337 μὴ
1036 2262 1106 2337 τῇ
1160 2259 1419 2337 συντριϐῇ
1474 2268 1573 2317 τοῦ
1616 2264 1819 2340 Ἰωσὴφ
1878 2261 2071 2316 συναλ-

410 2354 637 2431 γοῦντάς
693 2374 752 2407 τε
806 2354 896 2408 καὶ
955 2352 1397 2428 συμπάσχοντας·
1462 2349 1579 2407 δέον
1624 2351 1902 2427 χρηστοὺς
1937 2351 2068 2406 εἶναι

410 2447 527 2504 τοῖς
556 2447 1010 2519 [προεμπεσοῢσι,
1065 2442 1155 2497 καὶ
1198 2447 1276 2513 τῷ
1322 2440 1460 2514 ἐλέῳ
1502 2447 1725 2505 κτᾶσθαι
1775 2441 1867 2495 τὸν
1898 2438 2067 2496 ἔλεον·

416 2529 704 2601 ὀλολύζειν
732 2532 908 2606 πίτυν,
942 2530 1023 2586 ὅτι
1074 2532 1326 2587 πέπτωκε
1371 2528 1589 2607 κέδρος,
1649 2530 1739 2585 xui
1784 2533 1895 2605 (50)
1945 2552 2071 2585 νου-

415 2623 679 2678 θετεῖσθαι
752 2625 822 2697 τῇ
894 2626 1001 2677 τῶν
1077 2620 1328 2693 πλησίων
1397 2620 1610 2697 πληγῇ,
1669 2619 1758 2675 καὶ
1820 2618 1909 2675 διὰ
1965 2625 2069 2676 τῶν

412 2710 721 2789 ἀλλοτρίων
774 2717 953 2768 κακῶν
1006 2710 1075 2767 τὰ
1130 2711 1303 2767 οἰκεῖα
1361 2708 1417 2765 εὖ
1481 2710 1737 2782 τίθεσθαι,
1814 2714 2073 2765 τοσοῦτον

410 2799 578 2857 πλέον
620 2799 848 2878 ἔχοντας
906 2806 1013 2858 τῶν
1073 2799 1517 2879 προειληφότων,
1567 2800 1692 2854 ’ὀσον
1752 2797 1945 2861 αὐτοὺς
2003 2796 2075 2854 δι’

412 2890 630 2947 έκείνων
663 2899 904 2963 σωθῆναι
937 2893 1071 2966 (51),
1106 2890 1253 2947 ἀλλὰ
1286 2891 1362 2965 μὴ
1414 2887 1484 2945 δι’
1513 2888 1686 2945 αὐτῶν
1719 2888 1934 2966 ἑτέρους
1967 2910 2073 2944 σω-

413 2990 790 3059 φρονισθῆναι.

2182 651 2578 723 praedonibus,
2612 668 2677 706 ac
2697 654 2987 724 tyrannis,
3022 653 3217 709 furibu
3232 672 3377 727 sque
3408 659 3831 726 reconduntur,

2183 741 2282 812 qui
2311 741 2382 796 ob
2410 758 2712 797 servorum
2746 746 2803 797 et
2835 743 3285 817 quadrupedum
3306 762 3506 817 greges
3527 747 3829 805 insolesci-

2186 847 2318 886 mus
2355 848 2369 899 ;
2402 830 2501 902 qui
2523 831 2582 886 in
2615 832 2840 904 campis
2873 838 2928 889 et
2960 833 3262 889 montibus
3284 834 3623 907 dilatamur,
3659 843 3835 909 atque

2185 919 2436 991 aliajam
2471 920 2776 992 habemus,
2812 922 2927 977 alia
2949 924 3350 995 adjungimus,
3411 925 3636 995 aliaque
3682 929 3836 999 jam-

2178 1011 2305 1081 jam
2335 1010 2603 1081 adepturi
2636 1028 2864 1080 sumus,
2900 1012 3085 1068 instar
3116 1014 3274 1070 illius
3306 1016 3705 1089 sanguisuga,
3736 1033 3837 1072 cu-

2179 1100 2281 1170 jus
2299 1100 2567 1155 meminit
2600 1101 2872 1157 Salomon
2895 1102 2959 1167 33,
2986 1120 3111 1174 quae
3134 1104 3352 1175 expleri
3384 1106 3611 1178 nequit,
3636 1124 3839 1179 quem-

2187 1190 2505 1244 admodum
2538 1207 2639 1245 nec
2671 1190 2958 1263 infernus,
2992 1209 3096 1248 nec
3126 1197 3302 1261 terra,
3337 1212 3441 1251 nec
3500 1194 3678 1268 ignis,
3732 1213 3837 1252 nec

2187 1296 2377 1350 aqua;
2415 1295 2742 1350 novumque
2771 1282 2993 1353 orbem,
3020 1300 3191 1354 quem
3227 1284 3658 1355 possideamus,
3680 1304 3836 1358 quas-

2185 1370 2393 1437 rimus,
2428 1385 2493 1424 ac
2523 1370 2622 1423 Dei
2653 1371 2945 1441 terminis,
2980 1377 3043 1427 ut
3100 1372 3473 1429 insaturabili
3507 1380 3708 1431 nostra
3742 1393 3841 1431 cu-

2186 1458 2429 1531 piditate
2484 1458 2834 1525 minoribus,
2867 1468 3331 1519 succensemus?
3372 1463 3522 1529 Quid
3561 1481 3696 1521 vero
3725 1463 3837 1533 illi,

2186 1549 2287 1620 qui
2319 1548 2377 1604 in
2410 1548 2856 1605 sublimioribus
2885 1550 3114 1606 thronis
3135 1553 3363 1620 sedent,
3397 1559 3573 1625 atque
3602 1554 3837 1626 imperii

2186 1655 2422 1694 scenam
2454 1637 2752 1708 attollunt,
2784 1656 2849 1694 ac
2881 1640 3260 1711 supercilium
3295 1642 3540 1698 theatris
3570 1642 3719 1715 ipsis
3749 1644 3835 1699 al-

2184 1727 2303 1783 tius
2330 1746 2342 1796 ;
2376 1744 2481 1783 nec
2515 1733 2717 1799 Deum,
2751 1728 2852 1800 qui
2883 1746 3059 1800 super
3088 1731 3286 1786 omnia
3314 1738 3421 1799 est,
3453 1747 3560 1787 nec
3580 1732 3839 1789 inacces-

2184 1817 2353 1873 sibile
2382 1816 2529 1873 illud
2551 1818 2669 1873 veri
2696 1818 2855 1889 regni
2878 1818 3177 1891 fastigium
3200 1820 3593 1891 considerant,
3613 1822 3833 1877 utsuh-

2185 1907 2343 1978 ditis,
2378 1911 2665 1979 tanquam
2694 1908 3012 1971 conservis,
3047 1909 3356 1981 imperent,
3389 1910 3490 1982 qui
3514 1912 3718 1967 eadem
3740 1912 3838 1967 be-

2188 1997 2473 2070 nignitate
2535 2014 2682 2069 opus
2740 1997 3004 2053 habent?
3056 1999 3187 2054 Jam
3219 2016 3315 2055 eos
3349 2017 3580 2072 quoque
3603 2004 3831 2072 spectes

2185 2087 2381 2156 velim,
2435 2104 2582 2159 quos
2613 2087 2848 2141 divinus
2879 2089 3050 2142 Amos
3081 2087 3321 2159 pulchre
3346 2090 3707 2161 perstringit,
3732 2090 3835 2161 qui

2184 2177 2242 2232 in
2275 2176 2549 2232 eburneis
2573 2175 2738 2231 lectis
2760 2175 3091 2247 lasciviunt,
3126 2177 3690 2250 pretiosissimisque
3721 2196 3836 2234 un-

2181 2267 2413 2339 guentis
2445 2267 2900 2338 perfunduntur,
2926 2271 3102 2337 atque
3119 2268 3187 2321 ad
3222 2268 3583 2323 musicorum
3615 2269 3836 2324 instru-

2182 2360 2516 2411 mentorum
2531 2372 2705 2410 sonos
2725 2354 3109 2426 applaudunt,
3135 2357 3429 2428 rebusque
3452 2357 3832 2429 fugientibus,

2182 2450 2247 2500 ut
2276 2445 2461 2501 ﬁrmis
2492 2448 2547 2500 et
2578 2445 2913 2511 stabilibus,
2941 2445 3155 2500 addicti
3184 2451 3360 2517 sunt;
3389 2464 3503 2503 non
3532 2452 3729 2503 autem
3761 2448 3834 2502 ob

2180 2534 2421 2607 Josephi
2450 2534 2855 2591 contritionem
2890 2534 3151 2592 dolorem
3178 2553 3244 2591 ac
3275 2536 3604 2593 molestiam
3643 2537 3835 2592 concio

2183 2626 2353 2697 piunt
2379 2626 2445 2679 ³ο.
2478 2625 2654 2696 Atqui
2687 2625 3011 2697 oportebat,
3063 2629 3127 2680 ut
3178 2641 3299 2694 eos,
3360 2626 3461 2697 qui
3521 2626 3743 2699 priores
3773 2626 3835 2682 in

2184 2715 2578 2770 calamitatem
2610 2715 2960 2785 inciderant,
2992 2715 3352 2787 benignitate
3374 2716 3836 2788 complecteren-

2183 2808 2302 2871 tur,
2318 2821 2383 2859 ac
2403 2803 2802 2859 misericordia
2814 2803 3279 2860 misericordiam
3295 2804 3407 2861 sibi
3430 2804 3829 2862 conciliarent:

2185 2894 2509 2966 oportebat,
2542 2894 2806 2966 inquam,
2851 2894 3100 2950 abietem
3151 2893 3400 2963 ululare,
3435 2894 3575 2967 quia
3631 2895 3841 2950 cecidit

2186 2984 2396 3039 cedrus
2417 2985 2482 3050 9°,
2515 3000 2581 3039 ac
2638 2983 2970 3039 vicinorum
3030 2983 3201 3056 plaga
3254 2984 3495 3050 erudiri,
3529 2988 3705 3056 atque
3738 3000 3841 3056 per

418 3073 611 3130 aliena
664 3074 820 3131 mala
876 3074 1054 3131 rebus
1096 3075 1222 3131 suis
1277 3075 1458 3147 probe
1516 3072 1862 3141 consulere;
1913 3076 1979 3129 ut
2035 3073 2135 3144 qui
2168 3072 2277 3129 hoc
2309 3073 2514 3144 utique
2541 3072 2777 3128 nomine
2811 3072 3021 3144 potiori
3046 3072 3378 3129 conditione
3401 3077 3622 3141 essent,
3654 3091 3834 3145 quain

415 3165 477 3232 ii,
511 3163 612 3235 qui
647 3168 1092 3237 praecesserunt,
1126 3164 1286 3237 quod
1312 3164 1426 3237 ipsi
1459 3181 1562 3236 per
1591 3163 1739 3221 alios
1790 3162 2043 3219 salutem
2074 3163 2351 3235 consequi
2378 3162 2692 3235 potuerint,
2727 3178 2841 3217 non
2875 3167 3072 3218 autem
3105 3162 3203 3218 alii
3236 3181 3338 3237 per
3382 3163 3543 3236 ipsos
3599 3162 3837 3220 eruditi.

487 3256 567 3313 K'.
600 3258 783 3313 Ταῦτα
837 3252 1329 3332 συμφιλοσόφησον
1387 3255 1548 3326 ἡμῖν,
1595 3253 1640 3307 ὦ
1690 3251 1807 3316 θεία
1833 3252 1923 3307 καὶ
1954 3252 2075 3327 ἱερὰ

2257 3253 2375 3310 XX.
2411 3253 2541 3309 Haec
2572 3253 2881 3308 nobiscum
2916 3253 3351 3325 phiIOSOphare,
3385 3254 3472 3310 vir
3531 3254 3723 3310 divine
3781 3257 3840 3309 et

413 3345 648 3422 κεφαλὴ,
681 3344 772 3399 καὶ
803 3341 1024 3413 πολλὴν
1054 3342 1339 3417 ἐμπειρίαν
1368 3346 1449 3414 τῷ
1482 3345 1673 3417 μακρῷ
1723 3344 1835 3415 (52)
1885 3341 2075 3418 χρόνῳ

413 3431 811 3506 συλλεξαμένη,
870 3431 920 3506 ἐξ
969 3433 1037 3503 ἧς
1083 3432 1243 3511 σοφία
1294 3432 1520 3507 γίνεται.
1552 3429 1776 3493 Τούτοις
1820 3431 1911 3485 τὸν
1942 3429 2073 3485 λαόν

416 3542 511 3577 σου
567 3522 900 3597 κατάρτισαι.
980 3520 1198 3593 Δίδαξον
1276 3519 1618 3597 διαθρύπτειν
1676 3524 1903 3574 πεινῶσι
1960 3523 2076 3591 (53)

412 3610 504 3664 τὸν
562 3611 742 3684 ἄρτον,
803 3609 892 3664 καὶ
949 3608 1209 3684 πτωχοὺς
1286 3608 1541 3685 ἀστέγους
1619 3608 1865 3684 συνάγειν
1940 3610 2073 3681 (54),

412 3698 503 3754 xui
552 3698 868 3774 γυμνότητσ
916 3696 1319 3774 περιστέλλειν,
1365 3697 1454 3752 καὶ
1510 3700 1583 3771 μή
1635 3703 1891 3771 περιορᾷν
1945 3696 2072 3759 τοὺς

415 3786 504 3867 ἀφ’
533 3784 785 3861 α’ίματος·
821 3788 910 3843 καὶ
940 3791 1031 3845 νῦν
1070 3784 1329 3862 μάλιστα,
1354 3784 1428 3841 ’ἶν’
1550 3787 1612 3841 τὸ
1670 3786 1869 3862 ἀγαθὸν
1916 3789 2077 3858 ἡμῶν

412 3878 474 3935 ix
526 3878 628 3949 τῆς
687 3877 899 3954 χρείας,
965 3879 1039 3951 μὴ
1098 3881 1196 3932 τοῦ
1254 3876 1707 3953 περισσεύματος·
1760 3875 1797 3951 ᾖ
1861 3874 2074 3949 μᾶλλον

412 3966 758 4045 καρποφορίᾳ
822 3967 950 4029 Θεὸς
1025 3963 1384 4045 εὐφραίνεται,
1456 3967 1492 4035 ἢ
1552 3963 1755 4036 πλήθει
1811 3971 1914 4035 τῆς
1976 3963 2079 4019 εἷσ-

414 4061 585 4134 φορᾶς
616 4055 706 4110 καὶ
746 4056 958 4132 μεγέθει
989 4063 1091 4125 τῆς
1140 4050 1457 4113 ἐπιδόσεως.
1519 4055 1641 4112 Ἐπὶ
1691 4052 1930 4124 τούτοις,
1986 4054 2077 4108 καὶ

412 4142 522 4218 πρὸ
576 4143 803 4214 τούτων,
862 4149 1024 4221 γενοῦ
1088 4165 1181 4218 μοι
1240 4150 1468 4214 Μωσῆς,
1512 4145 1548 4213 ἢ
1601 4144 1786 4206 Φινεὲς
1816 4146 2076 4219 σήμερον.

419 4239 589 4303 Στῆθι
619 4233 744 4309 περὶ
775 4236 935 4307 ἡμῶν
970 4236 1101 4308 (55),
1136 4233 1224 4288 καὶ
1258 4232 1521 4305 ὲξίλασαι·
1550 4233 1641 4288 xui
1693 4234 1985 4288 κοπασάτω
2041 4233 2077 4302 ἡ

417 4322 656 4399 θραῦσις,
707 4320 813 4377 εἷίτε
862 4320 951 4377 διὰ
999 4323 1186 4385 θυσίας
1233 4330 1610 4397 πνευματικῆς
1664 4325 1797 4397 (56),
1858 4319 1964 4376 εἷίτε
2013 4320 2084 4377 δι’

414 4411 587 4488 εὐχῆς
655 4413 747 4469 καὶ
826 4412 1061 4490 λογικῆς
1144 4415 1429 4487 ἐντεύξεως
1484 4420 1619 4490 (57).
1679 4414 1936 4491 Ἐπίσχες
1982 4414 2083 4484 τὴν

419 4500 587 4579 ὀργὴν
641 4501 841 4579 Κυρίου
887 4507 956 4577 τῇ
1011 4504 1252 4577 μεσιτείᾳ
1469 4512 1666 4575 στῆσον
1711 4505 1810 4573 τὴν
1843 4503 2081 4559 ἀκολου-

416 4589 533 4654 θίαν
590 4598 689 4662 τῆς
749 4592 1027 4668 μάστιγος.
1088 4591 1245 4650 Οἶδεν
1296 4591 1559 4649 αἰδεῖσθαι
1616 4595 1820 4670 πατρὸς
1878 4591 2079 4648 πολιὰν

418 4680 550 4757 ὑπὲρ
593 4681 794 4737 τέκνων
852 4675 1277 4757 πρεσϐεύουσαν.
1329 4685 1567 4753 Δεήθητι
1612 4682 1737 4760 περὶ
1792 4689 1894 4751 τῆς
1951 4700 2084 4756 παρ-

418 4765 687 4842 ελθούσης
733 4768 945 4833 κακίας·
995 4769 1058 4826 τὸ
1129 4767 1335 4843 μέλλον
1404 4769 1693 4846 έγγύησαι.
1763 4772 2083 4847 Προσάγαγε

2185 3347 2579 3412 sacrosancte,
2614 3343 2831 3415 quippe
2861 3342 3035 3415 longo
3090 3343 3372 3415 temporis
3412 3344 3603 3415 spatio
3633 3344 3840 3415 ingen-

2184 3437 2303 3489 tem
2334 3449 2533 3488 rerum
2564 3450 2765 3499 usum,
2798 3449 2867 3488 ex
2888 3450 3005 3505 quo
3031 3434 3321 3505 sapientia
3350 3432 3635 3500 nascitur,
3664 3431 3841 3488 colle-

2187 3523 2344 3594 gisti.
2378 3523 2482 3577 His
2513 3522 2797 3593 populum
2829 3526 2997 3578 tuum
3031 3522 3272 3578 instrue.
3299 3528 3447 3578 Doce
3469 3538 3682 3594 panem
3704 3537 3838 3577 esu-

2187 3611 2359 3666 rienti
2383 3612 2649 3682 frangere
2682 3613 2750 3679 9‘,
2781 3616 2838 3666 et
2868 3627 3155 3682 pauperes
3207 3616 3357 3667 tecto
3389 3615 3653 3667 carentes
3677 3610 3840 3665 colli-

2187 3716 2342 3772 gere,
2366 3704 2425 3755 et
2445 3700 2770 3755 nuditatem
2792 3704 2999 3770 tegere,
3029 3717 3133 3755 nec
3152 3700 3621 3772 consanguineos
3644 3700 3839 3771 despi-

2187 3804 2352 3855 cere;
2387 3805 2451 3843 ac
2484 3805 2639 3843 nunc
2696 3789 3043 3858 praesertim,
3078 3794 3143 3843 ut
3198 3790 3419 3843 bonum
3453 3793 3723 3845 nostrum
3774 3806 3843 3844 ex

2187 3877 2435 3949 penuria
2464 3878 2560 3945 sit,
2594 3894 2709 3933 non
2741 3894 2810 3933 ex
2840 3878 3203 3934 abundantia
3227 3897 3239 3935 :
3262 3895 3377 3949 quo
3401 3895 3644 3934 munere
3666 3878 3845 3949 Deus,

2188 3967 2377 4039 magis
2408 3968 2558 4024 315
2597 3983 2774 4039 quam
2811 3966 3014 4021 multis
3046 3966 3445 4024 oblationibus
3497 3967 3849 4040 magnisque

2190 4055 2627 4127 largitionibus,
2652 4055 2996 4111 delectatur.
3039 4056 3176 4113 Post
3208 4056 3347 4124 haec,
3385 4057 3505 4111 imo
3538 4060 3674 4112 ante
3707 4055 3848 4127 haec,

2190 4150 2316 4202 esto
2348 4145 2496 4200 mihi
2527 4145 2811 4201 hodierno
2872 4145 2965 4200 die
3016 4145 3245 4216 Moyses
3296 4148 3352 4201 et
3380 4144 3717 4200 Phinees”.
3752 4144 3852 4199 Sta

2191 4253 2294 4308 pro
2322 4235 2513 4301 nobis,
2548 4240 2605 4291 et
2636 4235 2804 4307 placa
2832 4260 2846 4303 ;
2878 4239 2935 4290 et
2957 4240 3145 4291 cesset
3174 4235 3473 4305 quassatio
3495 4236 3562 4305 σει,
3595 4234 3717 4290 sive
3748 4250 3852 4305 per

2190 4324 2499 4397 spiritualc
2522 4324 2904 4391 sacrificium,
2928 4324 3047 4380 sive
3079 4342 3181 4396 per
3212 4325 3536 4381 orationem
3568 4340 3634 4380 ac
3675 4323 3850 4378 ratio-

2192 4414 2385 4471 nalem
2418 4414 2926 4471 intercessionem.
2980 4414 3214 4469 Domini
3264 4414 3631 4470 iracundiam
3679 4413 3855 4467 inter-

2189 4508 2367 4561 ventu
2388 4508 2489 4559 tuo
2513 4504 2765 4575 reprime
2789 4521 2803 4572 ;
2832 4503 3035 4576 plagas
3059 4505 3333 4577 deinceps
3356 4506 3670 4577 sequentes
3694 4518 3852 4558 com-

2192 4610 2383 4665 pesce.
2418 4593 2606 4647 Patris
2630 4593 2843 4649 canitie
2874 4610 2978 4665 pro
3011 4593 3151 4649 ﬁliis
3207 4594 3570 4650 obsecrantis
3620 4609 3853 4666 permo-

2190 4683 2311 4738 veri
2338 4681 2507 4737 solet.
2560 4681 2667 4736 Pro
2700 4682 2995 4753 praeterita
3026 4683 3401 4753 improbitate
3445 4700 3581 4751 ora;
3610 4683 3853 4739 meliora

2194 4773 2253 4827 in
2287 4775 2589 4844 posterum
2622 4770 2693 4828 de
2728 4770 2897 4827 nobis
2929 4770 3219 4843 pollicere.
3253 4772 3407 4828 Offer
3436 4771 3722 4845 populum
3754 4789 3850 4827 ca-

486 4912 531 4952 θθ
562 4916 727 4973 Prov.
758 4932 892 4986 xxx,
922 4915 1009 4972 15.
1086 4914 1131 4952 ⁸⁹
1168 4917 1347 4972 Amos
1376 4931 1455 4987 VI,
1505 4916 1539 4972 4
1586 4932 1716 4987 sqq.
1795 4916 1840 4951 ⁹⁰
1893 4915 2067 4973 Zach.

2192 4959 2208 4983 ,
2244 4919 2297 4971 2.
2351 4916 2394 4952 ⁰¹
2456 4915 2569 4972 Isa.
2603 4931 2760 4987 LVIII,
2793 4915 2848 4971 7.
2928 4916 2973 4951 ⁹²
3006 4916 3183 4972 Exod.
3236 4933 3415 4985 xxxn,
3450 4918 3537 4974 11.
3616 4916 3660 4955 ⁸³
3692 4917 3847 4974 Psal.

420 5020 511 5073 ev,
539 5005 633 5075 23,
664 5006 756 5061 30.

516 5148 606 5224 49)
632 5146 746 5224 Aul.
783 5150 962 5223 Regg.
996 5152 1119 5216 bm,
1145 5151 1223 5224 ph

638 5218 1267 5306 EugaDeestjnnRegg.
1303 5240 1356 5293 a,
1389 5239 1439 5289 c,
1472 5222 1744 5306 bm,‘ph,.
1777 5226 1837 5306 et
1892 5222 2001 5306 Οςζ
2022 5224 2077 5278 2.

512 5294 605 5362 51)
636 5298 911 5362 Σωθῆναι.
964 5294 1237 5352 Billius'i
1280 5317 1308 5346 «
1340 5294 1640 5350 consecuti
1698 5294 1839 5348 sint.
1876 5316 1905 5343 ››
1955 5295 2080 5349 Non

422 5369 616 5438 recte:
654 5366 908 5424 salutem
941 5368 1099 5424 enim
1132 5385 1246 5423 non
1289 5371 1429 5423 sunt
1458 5365 1777 5433 consecuti,
1812 5366 1912 5421 sed
1946 5383 2081 5438 per-

422 5435 635 5512 niciem
662 5463 676 5507 ;
710 5455 817 5512 nec
848 5457 918 5496 ex
946 5440 1194 5498 aliorum
1218 5439 1405 5512 pmnis
1420 5438 1636 5496 eruditi
1669 5441 1831 5508 sunt,
1863 5442 1926 5494 ut
1947 5435 2084 5495 mox

390 5556 395 5561 .
424 5510 662 5584 exponit
694 5511 1029 5584 Gregorius.

517 5582 608 5668 ξὲὶ
642 5579 868 5668 saxei-
902 5584 1041 5668 ξιξε-
1063 5579 1440 5668 smitam.-

498 5654 612 5724 (53)
642 5654 900 5713 Ηεινῶσι.
936 5654 1032 5713 Sic
1056 5660 1151 5714 Or.
1178 5654 1233 5712 2.
1270 5662 1336 5712 In
1368 5655 1483 5722 ed.,
1517 5654 1794 5710 πεινῶντι.

637 5726 1008 5811 Σ-υνάχειν.-ΙΠ
1035 5729 1420 5811 quibusdam,
1451 5728 1793 5811 ξυναγαγεῖν.

519 5728 590 5782 54
637 5728 916 5803 Συνάγειν.
941 5733 1008 5786 In
1080 5729 1397 5787 uibusdam
1451 5744 1631 5799 συναγι

496 5728 609 5871 (55)
661 5797 792 5878 Περὶ
823 5801 1009 5877 ἡμῶν.
1035 5746 1177 5876 Eqieg.
1210 5818 1263 5872 ο,
1298 5772 1420 5876 tuo:
1445 5799 1631 5875 ἡμῶν.

490 5149 509 5362 ἓ

592 5655 612 5871 ξ

2457 5147 2561 5224 Διᾷ
2615 5146 3315 5224 ῃθυσίας’-,πνευματικῆς
3397 5175 3425 5201 ‹‹
3501 5156 3641 5224 Ρθι·
3688 5152 3856 5224 spiri-

2190 5220 2757 5300 tuale'_s_acrificium.
2792 5243 2819 5271 »
2851 5220 3341 5300 Nicetasnexponit
3372 5241 3472 5296 per
3501 5223 3597 5291 τὴν
3632 5220 3853 5300 ἱερουρ-

2190 5293 2339 5369 γίαν,
2362 5294 2421 5369 id
2454 5299 2565 5357 est,
2603 5314 2630 5341 ‹‹
2662 5292 3284 5369 ωῖεεεεηεειοιτίῐῖοῇύω.
3321 5318 3348 5345 ››

2261 5368 2374 5438 (57)
2437 5370 2679 5439 Λογικῆς
2724 5362 3035 5439 έντεύξεως.
3098 5366 3189 5422 Sic
3250 5367 3851 5439 passim_Gregorius

2192 5435 2383 5513 mutat
2415 5435 2567 5513 quod
2602 5436 2838 5513 Paulus,
2873 5436 3040 5513 Rom.
3072 5454 3172 5513 XII,
3209 5435 3462 5513 1,—7vocat
3494 5435 3721 5513 λογικῆς
3756 5435 3851 5491 λαο

2189 5509 2393 5585 τρείας.
2420 5504 2707 5585 Caaterum
2737 5506 2939 5585 λογικὴ
2974 5504 3203 5579 ἔντευξις
3233 5504 3465 5567 videtur
3494 5504 3623 5585 esse
3665 5504 3693 5585 ιι
3722 5528 3850 5565 ora-

2189 5580 2293 5653 tio,
2328 5605 2357 5666 δ)
2389 5599 2517 5653 quas
2544 5581 2608 5635 fit
2637 5580 2829 5635 verbo
2862 5597 2929 5635 ac
2969 5588 3183 5654 mente,
3227 5605 3256 5635 ‹‹
3287 5583 3643 5657 deprecatio,
3670 5582 3848 5637 inter-

2194 5672 2400 5710 098910.
2435 5676 2462 5703 υ

2264 5728 2377 5809 (_5_8)
2406 5726 2481 5796 Τῇ
2520 5720 2779 5809 μεσιτείᾳ.
2814 5722 2905 5779 Sic
2937 5724 3116 5797 Regg.
3163 5743 3217 5795 a,
3279 5743 3331 5798 ο,
3392 5731 3548 5794 Par.,
3609 5728 3719 5779 etc.
3785 5724 3852 5783 In

2193 5792 2391 5869 editis,
2429 5792 2704 5870 μεσιταία.
