  <div class='ocr_page' id='page_1' title='image "/cluster/home/n/w/nwhite01/storage/ocr_20150623/35:no.1/coo.31924054869320/488.png"; bbox 0 0 4090 6422; ppageno 0'>
   <div class='ocr_carea' id='block_1_1' title="bbox 329 382 450 444">
    <p class='ocr_par' dir='ltr' id='par_1_1' title="bbox 329 382 450 444">
     <span class='ocr_line' id='line_1_1' title="bbox 329 382 450 444; baseline -0.017 0"><span class='ocrx_word' id='word_1_1' title='bbox 329 382 450 444; x_wconf 77' lang='grc'>966</span> 
     </span>
    </p>
   </div>
   <div class='ocr_carea' id='block_1_2' title="bbox 1213 355 2868 438">
    <p class='ocr_par' dir='ltr' id='par_1_2' title="bbox 1213 355 2868 438">
     <span class='ocr_line' id='line_1_2' title="bbox 1213 355 2868 438; baseline -0.002 -1"><span class='ocrx_word' id='word_1_2' title='bbox 1213 373 1508 438; x_wconf 77' lang='lat' dir='ltr'>O‘BATIO</span> <span class='ocrx_word' id='word_1_3' title='bbox 1550 370 1841 435; x_wconf 85' lang='lat' dir='ltr'>xv11.-</span> <span class='ocrx_word' id='word_1_4' title='bbox 1870 371 1975 433; x_wconf 86' lang='lat' dir='ltr'>AD</span> <span class='ocrx_word' id='word_1_5' title='bbox 2019 367 2245 434; x_wconf 83' lang='lat' dir='ltr'><strong>GIVES</strong></span> <span class='ocrx_word' id='word_1_6' title='bbox 2294 355 2868 436; x_wconf 73' lang='lat' dir='ltr'>NAziANZENos.</span> 
     </span>
    </p>
   </div>
   <div class='ocr_carea' id='block_1_3' title="bbox 3635 379 3753 443">
    <p class='ocr_par' dir='ltr' id='par_1_3' title="bbox 3635 379 3753 443">
     <span class='ocr_line' id='line_1_3' title="bbox 3635 379 3753 443; baseline 0.034 -4"><span class='ocrx_word' id='word_1_7' title='bbox 3635 379 3753 443; x_wconf 83' lang='lat'><strong>966</strong></span> 
     </span>
    </p>
   </div>
   <div class='ocr_carea' id='block_1_4' title="bbox 329 498 2010 580">
    <p class='ocr_par' dir='ltr' id='par_1_4' title="bbox 329 498 2010 580">
     <span class='ocr_line' id='line_1_4' title="bbox 329 498 2010 580; baseline -0.007 -16"><span class='ocrx_word' id='word_1_8' title='bbox 329 508 420 565; x_wconf 83' lang='grc' dir='ltr'>καὶ</span> <span class='ocrx_word' id='word_1_9' title='bbox 498 506 566 562; x_wconf 79' lang='grc' dir='ltr'>τὰ</span> <span class='ocrx_word' id='word_1_10' title='bbox 644 504 973 580; x_wconf 73' lang='grc' dir='ltr'>αῗσθητήρια</span> <span class='ocrx_word' id='word_1_11' title='bbox 1055 507 1156 572; x_wconf 83' lang='grc' dir='ltr'>τῆς</span> <span class='ocrx_word' id='word_1_12' title='bbox 1237 498 1457 578; x_wconf 79' lang='grc' dir='ltr'>καρδίας</span> <span class='ocrx_word' id='word_1_13' title='bbox 1544 520 1646 574; x_wconf 90' lang='grc' dir='ltr'>μου</span> <span class='ocrx_word' id='word_1_14' title='bbox 1735 498 2010 574; x_wconf 11' lang='grc' dir='ltr'>μαιμάσ-φ</span> 
     </span>
    </p>
   </div>
   <div class='ocr_carea' id='block_1_5' title="bbox 2106 498 3748 580">
    <p class='ocr_par' dir='ltr' id='par_1_5' title="bbox 2106 501 3748 577">
     <span class='ocr_line' id='line_1_5' title="bbox 2106 501 3748 577; baseline 0.006 -22"><span class='ocrx_word' id='word_1_15' title='bbox 2106 501 2272 558; x_wconf 78' lang='lat' dir='ltr'>:ordz&#39;s</span> <span class='ocrx_word' id='word_1_16' title='bbox 2300 502 2410 557; x_wconf 81' lang='lat' dir='ltr'>mei</span> <span class='ocrx_word' id='word_1_17' title='bbox 2439 502 2643 557; x_wconf 74' lang='lat' dir='ltr'>turbati</span> <span class='ocrx_word' id='word_1_18' title='bbox 2671 510 2801 557; x_wconf 86' lang='lat' dir='ltr'>sunt</span> <span class='ocrx_word' id='word_1_19' title='bbox 2848 503 2909 556; x_wconf 74' lang='lat' dir='ltr'>in</span> <span class='ocrx_word' id='word_1_20' title='bbox 2939 519 3044 571; x_wconf 87' lang='lat' dir='ltr'>me,</span> <span class='ocrx_word' id='word_1_21' title='bbox 3096 503 3176 560; x_wconf 88' lang='lat' dir='ltr'>ait</span> <span class='ocrx_word' id='word_1_22' title='bbox 3223 507 3477 577; x_wconf 86' lang='lat' dir='ltr'>quodam</span> <span class='ocrx_word' id='word_1_23' title='bbox 3527 525 3748 565; x_wconf 87' lang='lat' dir='ltr'>sermo-</span> 
     </span>
    </p>
   </div>
   <div class='ocr_carea' id='block_1_6' title="bbox 331 583 2010 676">
    <p class='ocr_par' dir='ltr' id='par_1_6' title="bbox 331 583 1984 676">
     <span class='ocr_line' id='line_1_6' title="bbox 331 583 1984 676; baseline -0.005 -22"><span class='ocrx_word' id='word_1_24' title='bbox 331 620 412 654; x_wconf 77' lang='grc' dir='ltr'>σει</span> <span class='ocrx_word' id='word_1_25' title='bbox 461 599 595 673; x_wconf 91' lang='grc'>(65),</span> <span class='ocrx_word' id='word_1_26' title='bbox 646 594 778 676; x_wconf 87' lang='grc' dir='ltr'>φησί</span> <span class='ocrx_word' id='word_1_27' title='bbox 826 583 930 650; x_wconf 83' lang='grc' dir='ltr'>που</span> <span class='ocrx_word' id='word_1_28' title='bbox 978 597 1084 648; x_wconf 87' lang='grc' dir='ltr'>τῶν</span> <span class='ocrx_word' id='word_1_29' title='bbox 1146 593 1336 647; x_wconf 66' lang='grc' dir='ltr'>ἑαυτοῦ</span> <span class='ocrx_word' id='word_1_30' title='bbox 1385 589 1566 666; x_wconf 83' lang='grc' dir='ltr'>λόγων</span> <span class='ocrx_word' id='word_1_31' title='bbox 1613 590 1894 666; x_wconf 86' lang='grc' dir='ltr'>Ἰερεμίας,</span> <span class='ocrx_word' id='word_1_32' title='bbox 1956 590 1984 646; x_wconf 88' lang='grc' dir='ltr'>ὁ</span> 
     </span>
    </p>
   </div>
   <div class='ocr_carea' id='block_1_7' title="bbox 2106 583 3750 676">
    <p class='ocr_par' dir='ltr' id='par_1_7' title="bbox 2106 589 3750 666">
     <span class='ocr_line' id='line_1_7' title="bbox 2106 589 3750 666; baseline 0.005 -20"><span class='ocrx_word' id='word_1_33' title='bbox 2106 607 2239 647; x_wconf 91' lang='lat' dir='ltr'>num</span> <span class='ocrx_word' id='word_1_34' title='bbox 2272 607 2516 646; x_wconf 90' lang='lat' dir='ltr'>suorum</span> <span class='ocrx_word' id='word_1_35' title='bbox 2570 589 2696 646; x_wconf 92' lang='lat' dir='ltr'>loco</span> <span class='ocrx_word' id='word_1_36' title='bbox 2743 590 3029 648; x_wconf 89' lang='lat' dir='ltr'>Jeremias</span> <span class='ocrx_word' id='word_1_37' title='bbox 3059 593 3124 663; x_wconf 70' lang='grc'>³⁸,</span> <span class='ocrx_word' id='word_1_38' title='bbox 3160 595 3576 666; x_wconf 85' lang='lat' dir='ltr'>prophetarum</span> <span class='ocrx_word' id='word_1_39' title='bbox 3625 614 3750 654; x_wconf 88' lang='lat' dir='ltr'>om-</span> 
     </span>
    </p>
   </div>
   <div class='ocr_carea' id='block_1_8' title="bbox 328 678 2010 768">
    <p class='ocr_par' dir='ltr' id='par_1_8' title="bbox 328 678 1985 768">
     <span class='ocr_line' id='line_1_8' title="bbox 328 678 1985 768; baseline -0.005 -23"><span class='ocrx_word' id='word_1_40' title='bbox 328 693 436 744; x_wconf 87' lang='grc' dir='ltr'>τῶν</span> <span class='ocrx_word' id='word_1_41' title='bbox 482 691 779 768; x_wconf 79' lang='grc' dir='ltr'>προφητῶν</span> <span class='ocrx_word' id='word_1_42' title='bbox 841 683 1303 759; x_wconf 86' lang='grc' dir='ltr'>συμπαθέστατος,</span> <span class='ocrx_word' id='word_1_43' title='bbox 1363 678 1796 754; x_wconf 77' lang='grc' dir='ltr'>ἀποκλαιὸμενος</span> <span class='ocrx_word' id='word_1_44' title='bbox 1873 683 1985 754; x_wconf 86' lang='grc'>(66)</span> 
     </span>
    </p>
   </div>
   <div class='ocr_carea' id='block_1_9' title="bbox 2106 678 3751 768">
    <p class='ocr_par' dir='ltr' id='par_1_9' title="bbox 2106 680 3751 758">
     <span class='ocr_line' id='line_1_9' title="bbox 2106 680 3751 758; baseline 0.005 -22"><span class='ocrx_word' id='word_1_45' title='bbox 2106 680 2260 736; x_wconf 87' lang='lat' dir='ltr'>nium</span> <span class='ocrx_word' id='word_1_46' title='bbox 2292 682 2363 736; x_wconf 89' lang='lat' dir='ltr'>ad</span> <span class='ocrx_word' id='word_1_47' title='bbox 2395 681 2967 738; x_wconf 84' lang='lat' dir='ltr'>commiserationem</span> <span class='ocrx_word' id='word_1_48' title='bbox 3000 685 3522 758; x_wconf 88' lang='lat' dir='ltr'>propensissimus,</span> <span class='ocrx_word' id='word_1_49' title='bbox 3543 692 3751 745; x_wconf 89' lang='lat' dir='ltr'>contu-</span> 
     </span>
    </p>
   </div>
   <div class='ocr_carea' id='block_1_10' title="bbox 328 769 1984 854">
    <p class='ocr_par' dir='ltr' id='par_1_10' title="bbox 328 769 1984 854">
     <span class='ocr_line' id='line_1_10' title="bbox 328 769 1984 854; baseline -0.006 -21"><span class='ocrx_word' id='word_1_50' title='bbox 328 780 418 835; x_wconf 86' lang='grc' dir='ltr'>τὸν</span> <span class='ocrx_word' id='word_1_51' title='bbox 445 776 667 854; x_wconf 83' lang='grc' dir='ltr'>Ἰσραὴλ</span> <span class='ocrx_word' id='word_1_52' title='bbox 717 777 1060 844; x_wconf 82' lang='grc' dir='ltr'>ἀπειθοῦντα,</span> <span class='ocrx_word' id='word_1_53' title='bbox 1111 772 1202 828; x_wconf 84' lang='grc' dir='ltr'>καὶ</span> <span class='ocrx_word' id='word_1_54' title='bbox 1250 775 1348 843; x_wconf 77' lang='grc' dir='ltr'>τῆς</span> <span class='ocrx_word' id='word_1_55' title='bbox 1378 776 1474 828; x_wconf 89' lang='grc' dir='ltr'>τοῦ</span> <span class='ocrx_word' id='word_1_56' title='bbox 1506 776 1639 827; x_wconf 88' lang='grc' dir='ltr'>Θεοῦ</span> <span class='ocrx_word' id='word_1_57' title='bbox 1675 769 1984 849; x_wconf 80' lang='grc' dir='ltr'>φιλανθρω-</span> 
     </span>
    </p>
   </div>
   <div class='ocr_carea' id='block_1_11' title="bbox 2098 770 3752 846">
    <p class='ocr_par' dir='ltr' id='par_1_11' title="bbox 2098 770 3752 846">
     <span class='ocr_line' id='line_1_11' title="bbox 2098 770 3752 846; baseline 0.004 -20"><span class='ocrx_word' id='word_1_58' title='bbox 2098 787 2324 826; x_wconf 88' lang='lat' dir='ltr'>macem</span> <span class='ocrx_word' id='word_1_59' title='bbox 2357 770 2652 840; x_wconf 87' lang='lat' dir='ltr'>Israelem,</span> <span class='ocrx_word' id='word_1_60' title='bbox 2688 775 2861 843; x_wconf 89' lang='lat' dir='ltr'>atque</span> <span class='ocrx_word' id='word_1_61' title='bbox 2895 789 2928 827; x_wconf 93' lang='lat' dir='ltr'>a</span> <span class='ocrx_word' id='word_1_62' title='bbox 2959 772 3059 828; x_wconf 87' lang='lat' dir='ltr'>Dei</span> <span class='ocrx_word' id='word_1_63' title='bbox 3106 773 3465 846; x_wconf 80' lang='lat' dir='ltr'>benignitate</span> <span class='ocrx_word' id='word_1_64' title='bbox 3497 793 3558 832; x_wconf 90' lang='lat' dir='ltr'>se</span> <span class='ocrx_word' id='word_1_65' title='bbox 3591 794 3752 833; x_wconf 90' lang='lat' dir='ltr'>aver-</span> 
     </span>
    </p>
   </div>
   <div class='ocr_carea' id='block_1_12' title="bbox 327 860 2010 944">
    <p class='ocr_par' dir='ltr' id='par_1_12' title="bbox 327 860 1986 944">
     <span class='ocr_line' id='line_1_12' title="bbox 327 860 1986 944; baseline -0.007 -20"><span class='ocrx_word' id='word_1_66' title='bbox 327 869 456 932; x_wconf 91' lang='grc' dir='ltr'>πίας</span> <span class='ocrx_word' id='word_1_67' title='bbox 505 865 998 944; x_wconf 85' lang='grc' dir='ltr'>ἀλλοτριούμενον,</span> <span class='ocrx_word' id='word_1_68' title='bbox 1057 862 1272 919; x_wconf 81' lang='grc' dir='ltr'>κοιλίαν</span> <span class='ocrx_word' id='word_1_69' title='bbox 1337 863 1430 936; x_wconf 74' lang='grc' dir='ltr'>μὲν</span> <span class='ocrx_word' id='word_1_70' title='bbox 1469 864 1582 935; x_wconf 88' lang='grc'>(67)</span> <span class='ocrx_word' id='word_1_71' title='bbox 1637 861 1734 930; x_wconf 73' lang='grc' dir='ltr'>τὴν</span> <span class='ocrx_word' id='word_1_72' title='bbox 1795 860 1986 914; x_wconf 67' lang='grc' dir='ltr'>ἑαυτοῦ</span> 
     </span>
    </p>
   </div>
   <div class='ocr_carea' id='block_1_13' title="bbox 2106 860 3752 944">
    <p class='ocr_par' dir='ltr' id='par_1_13' title="bbox 2106 861 3752 936">
     <span class='ocr_line' id='line_1_13' title="bbox 2106 861 3752 936; baseline 0.004 -21"><span class='ocrx_word' id='word_1_73' title='bbox 2106 864 2316 916; x_wconf 82' lang='lat' dir='ltr'>Lentem</span> <span class='ocrx_word' id='word_1_74' title='bbox 2349 861 2754 930; x_wconf 89' lang='lat' dir='ltr'>deplorans,et</span> <span class='ocrx_word' id='word_1_75' title='bbox 2778 878 2945 917; x_wconf 88' lang='lat' dir='ltr'>suam</span> <span class='ocrx_word' id='word_1_76' title='bbox 2980 862 3217 934; x_wconf 89' lang='lat' dir='ltr'>quidem</span> <span class='ocrx_word' id='word_1_77' title='bbox 3250 864 3438 935; x_wconf 79' lang='lat' dir='ltr'>ipsius</span> <span class='ocrx_word' id='word_1_78' title='bbox 3469 866 3752 936; x_wconf 88' lang='lat' dir='ltr'>animam,</span> 
     </span>
    </p>
   </div>
   <div class='ocr_carea' id='block_1_14' title="bbox 330 949 1990 1035">
    <p class='ocr_par' dir='ltr' id='par_1_14' title="bbox 330 949 1990 1035">
     <span class='ocr_line' id='line_1_14' title="bbox 330 949 1990 1035; baseline -0.007 -22"><span class='ocrx_word' id='word_1_79' title='bbox 330 959 516 1035; x_wconf 73' lang='grc' dir='ltr'>ψυχὴν</span> <span class='ocrx_word' id='word_1_80' title='bbox 547 957 854 1032; x_wconf 76' lang='grc' dir='ltr'>ὀνομάζων,</span> <span class='ocrx_word' id='word_1_81' title='bbox 913 954 1049 1010; x_wconf 87' lang='grc' dir='ltr'>κατᾶ</span> <span class='ocrx_word' id='word_1_82' title='bbox 1093 952 1221 1015; x_wconf 80' lang='grc' dir='ltr'>τοὺς</span> <span class='ocrx_word' id='word_1_83' title='bbox 1267 958 1368 1022; x_wconf 84' lang='grc' dir='ltr'>τῆς</span> <span class='ocrx_word' id='word_1_84' title='bbox 1397 957 1608 1022; x_wconf 83' lang='grc' dir='ltr'>τροπῆς</span> <span class='ocrx_word' id='word_1_85' title='bbox 1637 949 1859 1022; x_wconf 88' lang='grc' dir='ltr'>νόμους.</span> <span class='ocrx_word' id='word_1_86' title='bbox 1893 949 1990 1002; x_wconf 63' lang='lat' dir='ltr'>Oti-</span> 
     </span>
    </p>
   </div>
   <div class='ocr_carea' id='block_1_15' title="bbox 328 1039 1990 1124">
    <p class='ocr_par' dir='ltr' id='par_1_15' title="bbox 328 1039 1990 1124">
     <span class='ocr_line' id='line_1_15' title="bbox 328 1039 1990 1124; baseline -0.006 -22"><span class='ocrx_word' id='word_1_87' title='bbox 328 1069 408 1103; x_wconf 91' lang='grc' dir='ltr'>τω</span> <span class='ocrx_word' id='word_1_88' title='bbox 440 1049 552 1124; x_wconf 88' lang='grc'>(68)</span> <span class='ocrx_word' id='word_1_89' title='bbox 602 1049 705 1123; x_wconf 79' lang='grc' dir='ltr'>γὰρ</span> <span class='ocrx_word' id='word_1_90' title='bbox 761 1045 993 1121; x_wconf 78' lang='grc' dir='ltr'>εὐρίσκω</span> <span class='ocrx_word' id='word_1_91' title='bbox 1037 1041 1331 1118; x_wconf 86' lang='grc' dir='ltr'>πολλαχοῦ</span> <span class='ocrx_word' id='word_1_92' title='bbox 1376 1048 1476 1110; x_wconf 79' lang='grc' dir='ltr'>τῆς</span> <span class='ocrx_word' id='word_1_93' title='bbox 1509 1045 1747 1117; x_wconf 84' lang='grc' dir='ltr'>Γραφῆς,</span> <span class='ocrx_word' id='word_1_94' title='bbox 1782 1039 1886 1093; x_wconf 75' lang='grc' dir='ltr'>εἷ’τε</span> <span class='ocrx_word' id='word_1_95' title='bbox 1914 1039 1990 1100; x_wconf 87' lang='grc' dir='ltr'>ὡς</span> 
     </span>
    </p>
   </div>
   <div class='ocr_carea' id='block_1_16' title="bbox 333 1127 1988 1215">
    <p class='ocr_par' dir='ltr' id='par_1_16' title="bbox 333 1127 1988 1215">
     <span class='ocr_line' id='line_1_16' title="bbox 333 1127 1988 1215; baseline -0.007 -23"><span class='ocrx_word' id='word_1_96' title='bbox 333 1137 643 1215; x_wconf 75' lang='grc' dir='ltr'>ἀπόκρυφον</span> <span class='ocrx_word' id='word_1_97' title='bbox 690 1135 780 1190; x_wconf 82' lang='grc' dir='ltr'>καὶ</span> <span class='ocrx_word' id='word_1_98' title='bbox 828 1129 1056 1211; x_wconf 79' lang='grc' dir='ltr'>ἆὸρατον</span> <span class='ocrx_word' id='word_1_99' title='bbox 1107 1133 1192 1208; x_wconf 89' lang='grc' dir='ltr'>(τὸ</span> <span class='ocrx_word' id='word_1_100' title='bbox 1241 1131 1345 1207; x_wconf 80' lang='grc' dir='ltr'>γὰρ</span> <span class='ocrx_word' id='word_1_101' title='bbox 1380 1128 1508 1186; x_wconf 75' lang='grc' dir='ltr'>αὐτὸ</span> <span class='ocrx_word' id='word_1_102' title='bbox 1539 1129 1628 1184; x_wconf 84' lang='grc' dir='ltr'>καὶ</span> <span class='ocrx_word' id='word_1_103' title='bbox 1661 1132 1845 1205; x_wconf 61' lang='grc' dir='ltr'>ψυχῆς</span> <span class='ocrx_word' id='word_1_104' title='bbox 1900 1127 1988 1182; x_wconf 87' lang='grc' dir='ltr'>καὶ</span> 
     </span>
    </p>
   </div>
   <div class='ocr_carea' id='block_1_17' title="bbox 330 1217 1990 1304">
    <p class='ocr_par' dir='ltr' id='par_1_17' title="bbox 330 1217 1990 1304">
     <span class='ocr_line' id='line_1_17' title="bbox 330 1217 1990 1304; baseline -0.007 -22"><span class='ocrx_word' id='word_1_105' title='bbox 330 1227 561 1304; x_wconf 84' lang='grc' dir='ltr'>γαστρὸς</span> <span class='ocrx_word' id='word_1_106' title='bbox 589 1227 652 1281; x_wconf 86' lang='grc' dir='ltr'>τὸ</span> <span class='ocrx_word' id='word_1_107' title='bbox 698 1224 1067 1302; x_wconf 83' lang='grc' dir='ltr'>κρύπτεσθαι).</span> <span class='ocrx_word' id='word_1_108' title='bbox 1119 1218 1224 1276; x_wconf 66' lang='grc' dir='ltr'>εἷίτε</span> <span class='ocrx_word' id='word_1_109' title='bbox 1268 1221 1342 1282; x_wconf 85' lang='grc' dir='ltr'>ὡς</span> <span class='ocrx_word' id='word_1_110' title='bbox 1387 1220 1711 1296; x_wconf 76' lang='grc' dir='ltr'>χωρητικὴν</span> <span class='ocrx_word' id='word_1_111' title='bbox 1743 1217 1832 1273; x_wconf 80' lang='grc' dir='ltr'>καὶ</span> <span class='ocrx_word' id='word_1_112' title='bbox 1863 1217 1990 1272; x_wconf 85' lang='grc' dir='ltr'>ἀνα-</span> 
     </span>
    </p>
   </div>
   <div class='ocr_carea' id='block_1_18' title="bbox 335 1303 1988 1388">
    <p class='ocr_par' dir='ltr' id='par_1_18' title="bbox 335 1303 1988 1388">
     <span class='ocr_line' id='line_1_18' title="bbox 335 1303 1988 1388; baseline -0.007 -16"><span class='ocrx_word' id='word_1_113' title='bbox 335 1303 577 1388; x_wconf 84' lang='grc' dir='ltr'>δοτικήν,</span> <span class='ocrx_word' id='word_1_114' title='bbox 603 1314 678 1370; x_wconf 68' lang='grc' dir='ltr'>⁸ίν¹</span> <span class='ocrx_word' id='word_1_115' title='bbox 710 1314 882 1377; x_wconf 73' lang='grc' dir='ltr'>οὕτως</span> <span class='ocrx_word' id='word_1_116' title='bbox 936 1310 1096 1382; x_wconf 82' lang='grc' dir='ltr'>εἷ’πω,</span> <span class='ocrx_word' id='word_1_117' title='bbox 1138 1315 1246 1366; x_wconf 91' lang='grc' dir='ltr'>τῶν</span> <span class='ocrx_word' id='word_1_118' title='bbox 1297 1309 1357 1365; x_wconf 74' lang='grc' dir='ltr'>ἐκ</span> <span class='ocrx_word' id='word_1_119' title='bbox 1402 1313 1500 1364; x_wconf 90' lang='grc' dir='ltr'>τοῦ</span> <span class='ocrx_word' id='word_1_120' title='bbox 1532 1303 1703 1384; x_wconf 75' lang='grc' dir='ltr'>Αὸγου</span> <span class='ocrx_word' id='word_1_121' title='bbox 1730 1311 1946 1386; x_wconf 85' lang='grc' dir='ltr'>τροφῶν</span> <span class='ocrx_word' id='word_1_122' title='bbox 1976 1326 1988 1339; x_wconf 90' lang='grc'><strong>·</strong></span> 
     </span>
    </p>
   </div>
   <div class='ocr_carea' id='block_1_19' title="bbox 334 1391 1989 1483">
    <p class='ocr_par' dir='ltr' id='par_1_19' title="bbox 334 1391 1989 1483">
     <span class='ocr_line' id='line_1_19' title="bbox 334 1391 1989 1483; baseline -0.006 -22"><span class='ocrx_word' id='word_1_123' title='bbox 334 1405 365 1461; x_wconf 78' lang='grc' dir='ltr'>ὅ</span> <span class='ocrx_word' id='word_1_124' title='bbox 391 1407 491 1483; x_wconf 88' lang='grc' dir='ltr'>γάρ</span> <span class='ocrx_word' id='word_1_125' title='bbox 525 1405 666 1460; x_wconf 74' lang='grc' dir='ltr'>ἐστιν</span> <span class='ocrx_word' id='word_1_126' title='bbox 695 1403 746 1461; x_wconf 69' lang='grc' dir='ltr'>ἐν</span> <span class='ocrx_word' id='word_1_127' title='bbox 776 1405 992 1477; x_wconf 85' lang='grc' dir='ltr'>σώματι</span> <span class='ocrx_word' id='word_1_128' title='bbox 1023 1403 1136 1476; x_wconf 88' lang='grc'>(69)</span> <span class='ocrx_word' id='word_1_129' title='bbox 1190 1400 1388 1480; x_wconf 80' lang='grc' dir='ltr'>τροφὴ,</span> <span class='ocrx_word' id='word_1_130' title='bbox 1417 1404 1579 1454; x_wconf 89' lang='grc' dir='ltr'>τοῦτο</span> <span class='ocrx_word' id='word_1_131' title='bbox 1621 1397 1672 1453; x_wconf 78' lang='grc' dir='ltr'>ἐν</span> <span class='ocrx_word' id='word_1_132' title='bbox 1705 1401 1858 1474; x_wconf 76' lang='grc' dir='ltr'>ψυχῇ</span> <span class='ocrx_word' id='word_1_133' title='bbox 1891 1391 1989 1452; x_wconf 80' lang='grc' dir='ltr'>λὸ-</span> 
     </span>
    </p>
   </div>
   <div class='ocr_carea' id='block_1_20' title="bbox 333 1489 1992 1570">
    <p class='ocr_par' dir='ltr' id='par_1_20' title="bbox 333 1489 1992 1570">
     <span class='ocr_line' id='line_1_20' title="bbox 333 1489 1992 1570; baseline -0.005 -20"><span class='ocrx_word' id='word_1_134' title='bbox 333 1517 453 1570; x_wconf 82' lang='grc' dir='ltr'>γος.</span> <span class='ocrx_word' id='word_1_135' title='bbox 485 1493 827 1570; x_wconf 76' lang='grc' dir='ltr'>Αἶσθητήρια</span> <span class='ocrx_word' id='word_1_136' title='bbox 856 1489 915 1548; x_wconf 75' lang='grc' dir='ltr'>δὲ</span> <span class='ocrx_word' id='word_1_137' title='bbox 944 1491 1088 1569; x_wconf 83' lang='grc' dir='ltr'>τάχα</span> <span class='ocrx_word' id='word_1_138' title='bbox 1121 1490 1216 1565; x_wconf 73' lang='grc' dir='ltr'>μὶν</span> <span class='ocrx_word' id='word_1_139' title='bbox 1248 1490 1315 1544; x_wconf 78' lang='grc' dir='ltr'>τὰ</span> <span class='ocrx_word' id='word_1_140' title='bbox 1369 1495 1471 1560; x_wconf 78' lang='grc' dir='ltr'>τῆς</span> <span class='ocrx_word' id='word_1_141' title='bbox 1503 1491 1687 1564; x_wconf 81' lang='grc' dir='ltr'>ψυχῆς</span> <span class='ocrx_word' id='word_1_142' title='bbox 1716 1489 1992 1560; x_wconf 74' lang='grc' dir='ltr'>κινήματα</span> 
     </span>
    </p>
   </div>
   <div class='ocr_carea' id='block_1_21' title="bbox 333 1574 1990 1657">
    <p class='ocr_par' dir='ltr' id='par_1_21' title="bbox 333 1574 1990 1657">
     <span class='ocr_line' id='line_1_21' title="bbox 333 1574 1990 1657; baseline -0.006 -17"><span class='ocrx_word' id='word_1_143' title='bbox 333 1582 423 1640; x_wconf 86' lang='grc' dir='ltr'>καί</span> <span class='ocrx_word' id='word_1_144' title='bbox 464 1581 830 1657; x_wconf 78' lang='grc' dir='ltr'>διανοήματα,</span> <span class='ocrx_word' id='word_1_145' title='bbox 861 1583 952 1638; x_wconf 82' lang='grc' dir='ltr'>καὶ</span> <span class='ocrx_word' id='word_1_146' title='bbox 981 1580 1187 1637; x_wconf 87' lang='grc' dir='ltr'>τούτων</span> <span class='ocrx_word' id='word_1_147' title='bbox 1225 1576 1482 1654; x_wconf 86' lang='grc' dir='ltr'>μάλιστα,</span> <span class='ocrx_word' id='word_1_148' title='bbox 1516 1576 1614 1633; x_wconf 76' lang='grc' dir='ltr'>ὅσα</span> <span class='ocrx_word' id='word_1_149' title='bbox 1672 1577 1731 1632; x_wconf 69' lang='grc' dir='ltr'>ἐκ</span> <span class='ocrx_word' id='word_1_150' title='bbox 1775 1582 1876 1645; x_wconf 86' lang='grc' dir='ltr'>τῆς</span> <span class='ocrx_word' id='word_1_151' title='bbox 1909 1574 1990 1631; x_wconf 77' lang='grc' dir='ltr'>αἶ’-</span> 
     </span>
    </p>
   </div>
   <div class='ocr_carea' id='block_1_22' title="bbox 333 1665 1991 1745">
    <p class='ocr_par' dir='ltr' id='par_1_22' title="bbox 333 1665 1991 1745">
     <span class='ocr_line' id='line_1_22' title="bbox 333 1665 1991 1745; baseline -0.005 -16"><span class='ocrx_word' id='word_1_152' title='bbox 333 1675 595 1745; x_wconf 75' lang='grc' dir='ltr'>σθήσεως,</span> <span class='ocrx_word' id='word_1_153' title='bbox 645 1672 726 1737; x_wconf 73' lang='grc' dir='ltr'>οἷς</span> <span class='ocrx_word' id='word_1_154' title='bbox 777 1673 807 1729; x_wconf 86' lang='grc' dir='ltr'>ὁ</span> <span class='ocrx_word' id='word_1_155' title='bbox 852 1669 1061 1735; x_wconf 81' lang='grc' dir='ltr'>δίκαιος</span> <span class='ocrx_word' id='word_1_156' title='bbox 1112 1671 1492 1745; x_wconf 84' lang='grc' dir='ltr'>σπαράσσεται,</span> <span class='ocrx_word' id='word_1_157' title='bbox 1551 1667 1642 1722; x_wconf 85' lang='grc' dir='ltr'>καὶ</span> <span class='ocrx_word' id='word_1_158' title='bbox 1703 1665 1991 1742; x_wconf 82' lang='grc' dir='ltr'>θερμαίνε-</span> 
     </span>
    </p>
   </div>
   <div class='ocr_carea' id='block_1_23' title="bbox 332 1752 1994 1839">
    <p class='ocr_par' dir='ltr' id='par_1_23' title="bbox 332 1752 1994 1839">
     <span class='ocr_line' id='line_1_23' title="bbox 332 1752 1994 1839; baseline -0.005 -21"><span class='ocrx_word' id='word_1_159' title='bbox 332 1784 444 1835; x_wconf 90' lang='grc' dir='ltr'>ται,</span> <span class='ocrx_word' id='word_1_160' title='bbox 472 1764 563 1819; x_wconf 87' lang='grc' dir='ltr'>καὶ</span> <span class='ocrx_word' id='word_1_161' title='bbox 593 1763 913 1839; x_wconf 80' lang='grc' dir='ltr'>ὁρμητικῶς</span> <span class='ocrx_word' id='word_1_162' title='bbox 961 1759 1100 1838; x_wconf 72' lang='grc' dir='ltr'>ἔχει,</span> <span class='ocrx_word' id='word_1_163' title='bbox 1155 1759 1245 1815; x_wconf 81' lang='grc' dir='ltr'>καὶ</span> <span class='ocrx_word' id='word_1_164' title='bbox 1295 1755 1420 1815; x_wconf 72' lang='grc' dir='ltr'>οὐδὲ</span> <span class='ocrx_word' id='word_1_165' title='bbox 1456 1755 1713 1819; x_wconf 89' lang='grc' dir='ltr'>καθεκτός</span> <span class='ocrx_word' id='word_1_166' title='bbox 1736 1755 1845 1811; x_wconf 76' lang='grc' dir='ltr'>ἐστι</span> <span class='ocrx_word' id='word_1_167' title='bbox 1905 1752 1994 1810; x_wconf 75' lang='grc' dir='ltr'>διὰ</span> 
     </span>
    </p>
   </div>
   <div class='ocr_carea' id='block_1_24' title="bbox 331 1845 1992 1925">
    <p class='ocr_par' dir='ltr' id='par_1_24' title="bbox 331 1845 1992 1925">
     <span class='ocr_line' id='line_1_24' title="bbox 331 1845 1992 1925; baseline -0.006 -17"><span class='ocrx_word' id='word_1_168' title='bbox 331 1853 431 1922; x_wconf 78' lang='grc' dir='ltr'>τὴν</span> <span class='ocrx_word' id='word_1_169' title='bbox 480 1854 619 1923; x_wconf 81' lang='grc' dir='ltr'>ζέσιν</span> <span class='ocrx_word' id='word_1_170' title='bbox 668 1856 766 1907; x_wconf 90' lang='grc' dir='ltr'>τοῦ</span> <span class='ocrx_word' id='word_1_171' title='bbox 812 1849 1157 1925; x_wconf 81' lang='grc' dir='ltr'>Πνεύματος⁶</span> <span class='ocrx_word' id='word_1_172' title='bbox 1207 1853 1368 1905; x_wconf 88' lang='grc' dir='ltr'>τοῦτο</span> <span class='ocrx_word' id='word_1_173' title='bbox 1414 1846 1514 1925; x_wconf 75' lang='grc' dir='ltr'>γὰρ</span> <span class='ocrx_word' id='word_1_174' title='bbox 1544 1848 1607 1902; x_wconf 87' lang='grc' dir='ltr'>τὸ</span> <span class='ocrx_word' id='word_1_175' title='bbox 1643 1845 1992 1920; x_wconf 84' lang='grc' dir='ltr'>μαιμάσσειν,</span> 
     </span>
    </p>
   </div>
   <div class='ocr_carea' id='block_1_25' title="bbox 335 1933 1985 2019">
    <p class='ocr_par' dir='ltr' id='par_1_25' title="bbox 335 1933 1985 2019">
     <span class='ocr_line' id='line_1_25' title="bbox 335 1933 1985 2019; baseline -0.005 -22"><span class='ocrx_word' id='word_1_176' title='bbox 335 1942 448 1998; x_wconf 80' lang='grc' dir='ltr'>οἷον</span> <span class='ocrx_word' id='word_1_177' title='bbox 496 1940 777 2019; x_wconf 76' lang='grc' dir='ltr'>προθυμία</span> <span class='ocrx_word' id='word_1_178' title='bbox 828 1962 913 2004; x_wconf 90' lang='grc' dir='ltr'>τις</span> <span class='ocrx_word' id='word_1_179' title='bbox 963 1941 1120 2014; x_wconf 79' lang='grc' dir='ltr'>θυμῷ</span> <span class='ocrx_word' id='word_1_180' title='bbox 1169 1935 1487 2016; x_wconf 88' lang='grc' dir='ltr'>σύγκρατος.</span> <span class='ocrx_word' id='word_1_181' title='bbox 1528 1935 1593 1991; x_wconf 77' lang='grc' dir='ltr'>Εἰ</span> <span class='ocrx_word' id='word_1_182' title='bbox 1645 1934 1703 1991; x_wconf 71' lang='grc' dir='ltr'>δὲ</span> <span class='ocrx_word' id='word_1_183' title='bbox 1732 1933 1821 1990; x_wconf 82' lang='grc' dir='ltr'>καί</span> <span class='ocrx_word' id='word_1_184' title='bbox 1877 1938 1985 1989; x_wconf 90' lang='grc' dir='ltr'>τῶν</span> 
     </span>
    </p>
   </div>
   <div class='ocr_carea' id='block_1_26' title="bbox 335 2024 1992 2106">
    <p class='ocr_par' dir='ltr' id='par_1_26' title="bbox 335 2024 1992 2106">
     <span class='ocr_line' id='line_1_26' title="bbox 335 2024 1992 2106; baseline -0.004 -20"><span class='ocrx_word' id='word_1_185' title='bbox 335 2036 662 2106; x_wconf 79' lang='grc' dir='ltr'>σωματικῶν</span> <span class='ocrx_word' id='word_1_186' title='bbox 720 2027 860 2086; x_wconf 73' lang='grc' dir='ltr'>ἔστιν</span> <span class='ocrx_word' id='word_1_187' title='bbox 920 2030 952 2084; x_wconf 81' lang='grc' dir='ltr'>ἂ</span> <span class='ocrx_word' id='word_1_188' title='bbox 999 2024 1272 2103; x_wconf 77' lang='grc' dir='ltr'>λαμϐάνοι</span> <span class='ocrx_word' id='word_1_189' title='bbox 1312 2049 1395 2090; x_wconf 89' lang='grc' dir='ltr'>τις</span> <span class='ocrx_word' id='word_1_190' title='bbox 1429 2025 1797 2101; x_wconf 71' lang='grc' dir='ltr'>αἰσθητηρίων</span> <span class='ocrx_word' id='word_1_191' title='bbox 1856 2027 1992 2096; x_wconf 86' lang='grc'>(70),</span> 
     </span>
    </p>
   </div>
   <div class='ocr_carea' id='block_1_27' title="bbox 337 2112 1991 2196">
    <p class='ocr_par' dir='ltr' id='par_1_27' title="bbox 337 2112 1991 2196">
     <span class='ocr_line' id='line_1_27' title="bbox 337 2112 1991 2196; baseline -0.007 -19"><span class='ocrx_word' id='word_1_192' title='bbox 337 2121 436 2177; x_wconf 79' lang='grc' dir='ltr'>οὐκ</span> <span class='ocrx_word' id='word_1_193' title='bbox 466 2122 570 2177; x_wconf 83' lang='grc' dir='ltr'>ἀπὸ</span> <span class='ocrx_word' id='word_1_194' title='bbox 621 2125 826 2176; x_wconf 88' lang='grc' dir='ltr'>σκοποῦ</span> <span class='ocrx_word' id='word_1_195' title='bbox 877 2117 1112 2194; x_wconf 74' lang='grc' dir='ltr'>λήψεται</span> <span class='ocrx_word' id='word_1_196' title='bbox 1138 2138 1150 2152; x_wconf 87' lang='grc'><strong>·</strong></span> <span class='ocrx_word' id='word_1_197' title='bbox 1195 2117 1288 2172; x_wconf 86' lang='grc' dir='ltr'>καὶ</span> <span class='ocrx_word' id='word_1_198' title='bbox 1339 2114 1662 2196; x_wconf 79' lang='grc' dir='ltr'>ὀφθαλμῶν,</span> <span class='ocrx_word' id='word_1_199' title='bbox 1694 2115 1784 2170; x_wconf 85' lang='grc' dir='ltr'>καὶ</span> <span class='ocrx_word' id='word_1_200' title='bbox 1816 2112 1991 2182; x_wconf 76' lang='grc' dir='ltr'>ὢτων,</span> 
     </span>
    </p>
   </div>
   <div class='ocr_carea' id='block_1_28' title="bbox 336 2203 1994 2286">
    <p class='ocr_par' dir='ltr' id='par_1_28' title="bbox 336 2203 1994 2286">
     <span class='ocr_line' id='line_1_28' title="bbox 336 2203 1994 2286; baseline -0.005 -20"><span class='ocrx_word' id='word_1_201' title='bbox 336 2211 399 2266; x_wconf 83' lang='grc' dir='ltr'>ού</span> <span class='ocrx_word' id='word_1_202' title='bbox 463 2211 622 2284; x_wconf 85' lang='grc' dir='ltr'>μόνον</span> <span class='ocrx_word' id='word_1_203' title='bbox 677 2209 997 2286; x_wconf 71' lang='grc' dir='ltr'>ἀχθομένων</span> <span class='ocrx_word' id='word_1_204' title='bbox 1055 2212 1176 2270; x_wconf 83' lang='grc' dir='ltr'>τοῖς</span> <span class='ocrx_word' id='word_1_205' title='bbox 1224 2207 1438 2284; x_wconf 82' lang='grc' dir='ltr'>χείροσι</span> <span class='ocrx_word' id='word_1_206' title='bbox 1496 2204 1586 2261; x_wconf 86' lang='grc' dir='ltr'>καὶ</span> <span class='ocrx_word' id='word_1_207' title='bbox 1635 2205 1864 2277; x_wconf 84' lang='grc' dir='ltr'>θεάμασι</span> <span class='ocrx_word' id='word_1_208' title='bbox 1905 2203 1994 2258; x_wconf 79' lang='grc' dir='ltr'>καὶ</span> 
     </span>
    </p>
   </div>
   <div class='ocr_carea' id='block_1_29' title="bbox 335 2291 1992 2374">
    <p class='ocr_par' dir='ltr' id='par_1_29' title="bbox 335 2291 1992 2374">
     <span class='ocr_line' id='line_1_29' title="bbox 335 2291 1992 2374; baseline -0.005 -18"><span class='ocrx_word' id='word_1_209' title='bbox 335 2301 691 2374; x_wconf 78' lang='grc' dir='ltr'>ἀκούσμασιν,</span> <span class='ocrx_word' id='word_1_210' title='bbox 726 2297 872 2356; x_wconf 81' lang='grc' dir='ltr'>ἀλλὰ</span> <span class='ocrx_word' id='word_1_211' title='bbox 900 2299 990 2354; x_wconf 86' lang='grc' dir='ltr'>καὶ</span> <span class='ocrx_word' id='word_1_212' title='bbox 1032 2298 1100 2354; x_wconf 80' lang='grc' dir='ltr'>τὰ</span> <span class='ocrx_word' id='word_1_213' title='bbox 1141 2296 1342 2373; x_wconf 82' lang='grc' dir='ltr'>βελτίω</span> <span class='ocrx_word' id='word_1_214' title='bbox 1388 2295 1696 2351; x_wconf 85' lang='grc' dir='ltr'>ποθούντων</span> <span class='ocrx_word' id='word_1_215' title='bbox 1737 2294 1826 2349; x_wconf 76' lang='grc' dir='ltr'>καὶ</span> <span class='ocrx_word' id='word_1_216' title='bbox 1861 2291 1992 2348; x_wconf 79' lang='grc' dir='ltr'>ἰδεῖν</span> 
     </span>
    </p>
   </div>
   <div class='ocr_carea' id='block_1_30' title="bbox 334 2383 1993 2465">
    <p class='ocr_par' dir='ltr' id='par_1_30' title="bbox 334 2383 1993 2465">
     <span class='ocr_line' id='line_1_30' title="bbox 334 2383 1993 2465; baseline -0.004 -20"><span class='ocrx_word' id='word_1_217' title='bbox 334 2390 425 2446; x_wconf 85' lang='grc' dir='ltr'>καὶ</span> <span class='ocrx_word' id='word_1_218' title='bbox 456 2391 679 2446; x_wconf 80' lang='grc' dir='ltr'>ἀκοῦσαι</span> <span class='ocrx_word' id='word_1_219' title='bbox 709 2387 798 2444; x_wconf 84' lang='grc' dir='ltr'>διὰ</span> <span class='ocrx_word' id='word_1_220' title='bbox 825 2391 888 2445; x_wconf 85' lang='grc' dir='ltr'>τὸ</span> <span class='ocrx_word' id='word_1_221' title='bbox 918 2387 1322 2465; x_wconf 77' lang='grc' dir='ltr'>εὕσπλαγχνον.</span> <span class='ocrx_word' id='word_1_222' title='bbox 1376 2386 1531 2456; x_wconf 73' lang='grc' dir='ltr'>Πλὴν</span> <span class='ocrx_word' id='word_1_223' title='bbox 1563 2383 1712 2447; x_wconf 77' lang='grc' dir='ltr'>ὅπως</span> <span class='ocrx_word' id='word_1_224' title='bbox 1745 2383 1803 2439; x_wconf 77' lang='grc' dir='ltr'>ἂν</span> <span class='ocrx_word' id='word_1_225' title='bbox 1863 2390 1993 2454; x_wconf 74' lang='grc' dir='ltr'>νοῆ-</span> 
     </span>
    </p>
   </div>
   <div class='ocr_carea' id='block_1_31' title="bbox 331 2472 1993 2554">
    <p class='ocr_par' dir='ltr' id='par_1_31' title="bbox 331 2472 1993 2554">
     <span class='ocr_line' id='line_1_31' title="bbox 331 2472 1993 2554; baseline -0.005 -19"><span class='ocrx_word' id='word_1_226' title='bbox 331 2501 421 2535; x_wconf 86' lang='grc' dir='ltr'>ται</span> <span class='ocrx_word' id='word_1_227' title='bbox 448 2485 640 2551; x_wconf 89' lang='grc' dir='ltr'>ταῦτα,</span> <span class='ocrx_word' id='word_1_228' title='bbox 670 2481 697 2535; x_wconf 88' lang='grc' dir='ltr'>ὁ</span> <span class='ocrx_word' id='word_1_229' title='bbox 731 2477 938 2542; x_wconf 81' lang='grc' dir='ltr'>δίκαιος</span> <span class='ocrx_word' id='word_1_230' title='bbox 987 2478 1148 2554; x_wconf 81' lang='grc' dir='ltr'>ἀλγεῖ</span> <span class='ocrx_word' id='word_1_231' title='bbox 1191 2478 1280 2533; x_wconf 80' lang='grc' dir='ltr'>καὶ</span> <span class='ocrx_word' id='word_1_232' title='bbox 1337 2477 1652 2551; x_wconf 78' lang='grc' dir='ltr'>μαιμάσσει,</span> <span class='ocrx_word' id='word_1_233' title='bbox 1685 2473 1773 2528; x_wconf 80' lang='grc' dir='ltr'>καὶ</span> <span class='ocrx_word' id='word_1_234' title='bbox 1804 2472 1865 2528; x_wconf 83' lang='grc' dir='ltr'>ού</span> <span class='ocrx_word' id='word_1_235' title='bbox 1899 2495 1993 2547; x_wconf 89' lang='grc' dir='ltr'>με-</span> 
     </span>
    </p>
   </div>
   <div class='ocr_carea' id='block_1_32' title="bbox 331 2561 1995 2649">
    <p class='ocr_par' dir='ltr' id='par_1_32' title="bbox 331 2561 1995 2649">
     <span class='ocr_line' id='line_1_32' title="bbox 331 2561 1995 2649; baseline -0.005 -25"><span class='ocrx_word' id='word_1_236' title='bbox 331 2568 500 2646; x_wconf 89' lang='grc' dir='ltr'>τρίως</span> <span class='ocrx_word' id='word_1_237' title='bbox 560 2569 707 2649; x_wconf 81' lang='grc' dir='ltr'>φέρει</span> <span class='ocrx_word' id='word_1_238' title='bbox 763 2569 832 2625; x_wconf 79' lang='grc' dir='ltr'>τὰ</span> <span class='ocrx_word' id='word_1_239' title='bbox 877 2566 1023 2640; x_wconf 82' lang='grc' dir='ltr'>πάθη</span> <span class='ocrx_word' id='word_1_240' title='bbox 1075 2572 1172 2623; x_wconf 89' lang='grc' dir='ltr'>τοῦ</span> <span class='ocrx_word' id='word_1_241' title='bbox 1207 2564 1449 2644; x_wconf 75' lang='grc' dir='ltr'>Ἰσραὴλ,</span> <span class='ocrx_word' id='word_1_242' title='bbox 1492 2562 1769 2641; x_wconf 72' lang='grc' dir='ltr'>ὁποτέρως</span> <span class='ocrx_word' id='word_1_243' title='bbox 1807 2561 1995 2639; x_wconf 81' lang='grc' dir='ltr'>βούλει</span> 
     </span>
    </p>
   </div>
   <div class='ocr_carea' id='block_1_33' title="bbox 332 2654 1992 2731">
    <p class='ocr_par' dir='ltr' id='par_1_33' title="bbox 332 2654 1992 2731">
     <span class='ocr_line' id='line_1_33' title="bbox 332 2654 1992 2731; baseline -0.005 -17"><span class='ocrx_word' id='word_1_244' title='bbox 332 2664 501 2714; x_wconf 87' lang='grc' dir='ltr'>ταῦτα</span> <span class='ocrx_word' id='word_1_245' title='bbox 529 2664 667 2715; x_wconf 82' lang='grc' dir='ltr'>νοεῖν</span> <span class='ocrx_word' id='word_1_246' title='bbox 696 2679 709 2692; x_wconf 82' lang='grc'><em>’</em></span> <span class='ocrx_word' id='word_1_247' title='bbox 774 2656 880 2714; x_wconf 54' lang='lat' dir='ltr'>sifts</span> <span class='ocrx_word' id='word_1_248' title='bbox 932 2658 1001 2714; x_wconf 80' lang='grc' dir='ltr'>τὰ</span> <span class='ocrx_word' id='word_1_249' title='bbox 1055 2658 1361 2731; x_wconf 73' lang='grc' dir='ltr'>σωματικὰ,</span> <span class='ocrx_word' id='word_1_250' title='bbox 1421 2654 1510 2711; x_wconf 82' lang='grc' dir='ltr'>καὶ</span> <span class='ocrx_word' id='word_1_251' title='bbox 1540 2659 1636 2710; x_wconf 91' lang='grc' dir='ltr'>τοῦ</span> <span class='ocrx_word' id='word_1_252' title='bbox 1667 2657 1992 2726; x_wconf 79' lang='grc' dir='ltr'>σωματικῶς</span> 
     </span>
    </p>
   </div>
   <div class='ocr_carea' id='block_1_34' title="bbox 333 2743 1994 2826">
    <p class='ocr_par' dir='ltr' id='par_1_34' title="bbox 333 2743 1994 2826">
     <span class='ocr_line' id='line_1_34' title="bbox 333 2743 1994 2826; baseline -0.004 -22"><span class='ocrx_word' id='word_1_253' title='bbox 333 2750 640 2826; x_wconf 84' lang='grc' dir='ltr'>ὁρωμένου,</span> <span class='ocrx_word' id='word_1_254' title='bbox 693 2745 799 2804; x_wconf 61' lang='lat' dir='ltr'>sifts</span> <span class='ocrx_word' id='word_1_255' title='bbox 851 2750 920 2804; x_wconf 81' lang='grc' dir='ltr'>τὰ</span> <span class='ocrx_word' id='word_1_256' title='bbox 973 2747 1334 2822; x_wconf 75' lang='grc' dir='ltr'>πνευματικά,</span> <span class='ocrx_word' id='word_1_257' title='bbox 1383 2746 1474 2802; x_wconf 83' lang='grc' dir='ltr'>καὶ</span> <span class='ocrx_word' id='word_1_258' title='bbox 1531 2749 1636 2817; x_wconf 75' lang='grc' dir='ltr'>⁸τοῦ</span> <span class='ocrx_word' id='word_1_259' title='bbox 1699 2743 1994 2818; x_wconf 74' lang='grc' dir='ltr'>νοουμένου</span> 
     </span>
    </p>
   </div>
   <div class='ocr_carea' id='block_1_35' title="bbox 335 2831 1994 2914">
    <p class='ocr_par' dir='ltr' id='par_1_35' title="bbox 335 2831 1994 2914">
     <span class='ocr_line' id='line_1_35' title="bbox 335 2831 1994 2914; baseline -0.005 -18"><span class='ocrx_word' id='word_1_260' title='bbox 335 2842 454 2912; x_wconf 90' lang='grc'>(71)</span> <span class='ocrx_word' id='word_1_261' title='bbox 485 2842 886 2914; x_wconf 89' lang='grc' dir='ltr'>πνευματικῶς.</span> <span class='ocrx_word' id='word_1_262' title='bbox 922 2838 1070 2893; x_wconf 83' lang='grc' dir='ltr'>Ἐπεὶ</span> <span class='ocrx_word' id='word_1_263' title='bbox 1096 2837 1185 2892; x_wconf 85' lang='grc' dir='ltr'>καὶ</span> <span class='ocrx_word' id='word_1_264' title='bbox 1215 2838 1403 2912; x_wconf 74' lang='grc' dir='ltr'>πηγὴν</span> <span class='ocrx_word' id='word_1_265' title='bbox 1456 2832 1702 2912; x_wconf 86' lang='grc' dir='ltr'>δακρῦων</span> <span class='ocrx_word' id='word_1_266' title='bbox 1762 2834 1790 2889; x_wconf 88' lang='grc' dir='ltr'>ὁ</span> <span class='ocrx_word' id='word_1_267' title='bbox 1834 2831 1994 2896; x_wconf 81' lang='grc' dir='ltr'>αὐτὸς</span> 
     </span>
    </p>
   </div>
   <div class='ocr_carea' id='block_1_36' title="bbox 333 2922 1994 3006">
    <p class='ocr_par' dir='ltr' id='par_1_36' title="bbox 333 2922 1994 3006">
     <span class='ocr_line' id='line_1_36' title="bbox 333 2922 1994 3006; baseline -0.004 -23"><span class='ocrx_word' id='word_1_268' title='bbox 333 2931 623 3006; x_wconf 74' lang='grc' dir='ltr'>προφήτης</span> <span class='ocrx_word' id='word_1_269' title='bbox 651 2928 917 3000; x_wconf 75' lang='grc' dir='ltr'>ἐπιζητεῖ,</span> <span class='ocrx_word' id='word_1_270' title='bbox 948 2928 1039 2983; x_wconf 85' lang='grc' dir='ltr'>καὶ</span> <span class='ocrx_word' id='word_1_271' title='bbox 1071 2928 1308 3001; x_wconf 82' lang='grc' dir='ltr'>σταθμὸν</span> <span class='ocrx_word' id='word_1_272' title='bbox 1345 2922 1574 3003; x_wconf 76' lang='grc' dir='ltr'>ἔσχατον</span> <span class='ocrx_word' id='word_1_273' title='bbox 1608 2923 1876 2993; x_wconf 74' lang='grc' dir='ltr'>ἰπιποθεῖ,</span> <span class='ocrx_word' id='word_1_274' title='bbox 1903 2930 1994 2978; x_wconf 79' lang='grc' dir='ltr'>καί</span> 
     </span>
    </p>
   </div>
   <div class='ocr_carea' id='block_1_37' title="bbox 336 3012 1993 3094">
    <p class='ocr_par' dir='ltr' id='par_1_37' title="bbox 336 3012 1993 3094">
     <span class='ocr_line' id='line_1_37' title="bbox 336 3012 1993 3094; baseline -0.002 -22"><span class='ocrx_word' id='word_1_275' title='bbox 336 3017 568 3094; x_wconf 81' lang='grc' dir='ltr'>ἐρημίαν</span> <span class='ocrx_word' id='word_1_276' title='bbox 604 3018 916 3091; x_wconf 81' lang='grc' dir='ltr'>ἀσπάζεται,</span> <span class='ocrx_word' id='word_1_277' title='bbox 946 3015 1039 3072; x_wconf 59' lang='grc' dir='ltr'>*ίνα</span> <span class='ocrx_word' id='word_1_278' title='bbox 1067 3018 1276 3092; x_wconf 72' lang='grc' dir='ltr'>κενώσῃ</span> <span class='ocrx_word' id='word_1_279' title='bbox 1318 3015 1382 3071; x_wconf 85' lang='grc' dir='ltr'>τὸ</span> <span class='ocrx_word' id='word_1_280' title='bbox 1437 3014 1583 3071; x_wconf 81' lang='grc' dir='ltr'>πολὺ</span> <span class='ocrx_word' id='word_1_281' title='bbox 1628 3021 1730 3085; x_wconf 80' lang='grc' dir='ltr'>τῆς</span> <span class='ocrx_word' id='word_1_282' title='bbox 1789 3012 1993 3084; x_wconf 80' lang='grc' dir='ltr'>λύπης,</span> 
     </span>
    </p>
   </div>
   <div class='ocr_carea' id='block_1_38' title="bbox 335 3102 1993 3186">
    <p class='ocr_par' dir='ltr' id='par_1_38' title="bbox 335 3102 1993 3186">
     <span class='ocr_line' id='line_1_38' title="bbox 335 3102 1993 3186; baseline -0.002 -25"><span class='ocrx_word' id='word_1_283' title='bbox 335 3108 426 3162; x_wconf 85' lang='grc' dir='ltr'>καὶ</span> <span class='ocrx_word' id='word_1_284' title='bbox 473 3110 738 3186; x_wconf 81' lang='grc' dir='ltr'>κουφισθῇ</span> <span class='ocrx_word' id='word_1_285' title='bbox 799 3129 915 3170; x_wconf 90' lang='grc' dir='ltr'>πως</span> <span class='ocrx_word' id='word_1_286' title='bbox 972 3110 1074 3178; x_wconf 57' lang='grc' dir='ltr'>τῆς</span> <span class='ocrx_word' id='word_1_287' title='bbox 1122 3102 1271 3162; x_wconf 64' lang='grc' dir='ltr'>ἔνδον</span> <span class='ocrx_word' id='word_1_288' title='bbox 1304 3105 1553 3183; x_wconf 81' lang='grc' dir='ltr'>πληγῆς,</span> <span class='ocrx_word' id='word_1_289' title='bbox 1610 3111 1726 3170; x_wconf 82' lang='grc' dir='ltr'>καθ’</span> <span class='ocrx_word' id='word_1_290' title='bbox 1757 3103 1993 3178; x_wconf 79' lang='grc' dir='ltr'>ἡσυχίαν</span> 
     </span>
    </p>
   </div>
   <div class='ocr_carea' id='block_1_39' title="bbox 336 3194 1005 3275">
    <p class='ocr_par' dir='ltr' id='par_1_39' title="bbox 336 3194 1005 3275">
     <span class='ocr_line' id='line_1_39' title="bbox 336 3194 1005 3275; baseline 0.003 -24"><span class='ocrx_word' id='word_1_291' title='bbox 336 3197 607 3274; x_wconf 75' lang='grc' dir='ltr'>θρηνήσας</span> <span class='ocrx_word' id='word_1_292' title='bbox 636 3198 728 3252; x_wconf 85' lang='grc' dir='ltr'>τὸν</span> <span class='ocrx_word' id='word_1_293' title='bbox 763 3194 1005 3275; x_wconf 76' lang='grc' dir='ltr'>Ἰσραήλ.</span> 
     </span>
    </p>
   </div>
   <div class='ocr_carea' id='block_1_40' title="bbox 2090 949 3752 1024">
    <p class='ocr_par' dir='ltr' id='par_1_40' title="bbox 2090 949 3752 1024">
     <span class='ocr_line' id='line_1_40' title="bbox 2090 949 3752 1024; baseline 0.005 -21"><span class='ocrx_word' id='word_1_294' title='bbox 2090 950 2261 1021; x_wconf 82' lang='lat' dir='ltr'>juxta</span> <span class='ocrx_word' id='word_1_295' title='bbox 2290 949 2578 1022; x_wconf 75' lang='lat' dir='ltr'>allegoriae</span> <span class='ocrx_word' id='word_1_296' title='bbox 2610 950 2788 1024; x_wconf 84' lang='lat' dir='ltr'>leges,</span> <span class='ocrx_word' id='word_1_297' title='bbox 2818 956 3077 1007; x_wconf 79' lang='lat' dir='ltr'>ventrem</span> <span class='ocrx_word' id='word_1_298' title='bbox 3111 953 3573 1011; x_wconf 89' lang='lat' dir='ltr'>nominans.Hoc</span> <span class='ocrx_word' id='word_1_299' title='bbox 3595 956 3752 1012; x_wconf 90' lang='lat' dir='ltr'>enim</span> 
     </span>
    </p>
   </div>
   <div class='ocr_carea' id='block_1_41' title="bbox 2103 1040 3754 1118">
    <p class='ocr_par' dir='ltr' id='par_1_41' title="bbox 2103 1040 3754 1118">
     <span class='ocr_line' id='line_1_41' title="bbox 2103 1040 3754 1118; baseline 0.005 -25"><span class='ocrx_word' id='word_1_300' title='bbox 2103 1055 2276 1094; x_wconf 91' lang='lat' dir='ltr'>sensu</span> <span class='ocrx_word' id='word_1_301' title='bbox 2310 1056 2564 1111; x_wconf 80' lang='lat' dir='ltr'>persaepe</span> <span class='ocrx_word' id='word_1_302' title='bbox 2590 1040 2742 1096; x_wconf 87' lang='lat' dir='ltr'>hanc</span> <span class='ocrx_word' id='word_1_303' title='bbox 2773 1058 2972 1096; x_wconf 88' lang='lat' dir='ltr'>vocem</span> <span class='ocrx_word' id='word_1_304' title='bbox 3004 1042 3063 1097; x_wconf 92' lang='lat' dir='ltr'>in</span> <span class='ocrx_word' id='word_1_305' title='bbox 3095 1043 3415 1116; x_wconf 90' lang='lat' dir='ltr'>Scripturis</span> <span class='ocrx_word' id='word_1_306' title='bbox 3455 1049 3754 1118; x_wconf 77' lang='lat' dir='ltr'>acceptam</span> 
     </span>
    </p>
   </div>
   <div class='ocr_carea' id='block_1_42' title="bbox 2101 1129 3754 1205">
    <p class='ocr_par' dir='ltr' id='par_1_42' title="bbox 2101 1129 3754 1205">
     <span class='ocr_line' id='line_1_42' title="bbox 2101 1129 3754 1205; baseline 0.005 -22"><span class='ocrx_word' id='word_1_307' title='bbox 2101 1129 2323 1200; x_wconf 81' lang='lat' dir='ltr'>reperio</span> <span class='ocrx_word' id='word_1_308' title='bbox 2350 1155 2363 1196; x_wconf 88' lang='lat'><strong>;</strong></span> <span class='ocrx_word' id='word_1_309' title='bbox 2395 1130 2483 1185; x_wconf 87' lang='lat' dir='ltr'>vel</span> <span class='ocrx_word' id='word_1_310' title='bbox 2517 1131 2670 1201; x_wconf 92' lang='lat' dir='ltr'>quod</span> <span class='ocrx_word' id='word_1_311' title='bbox 2704 1130 2906 1188; x_wconf 88' lang='lat' dir='ltr'>abdita</span> <span class='ocrx_word' id='word_1_312' title='bbox 2935 1132 3030 1200; x_wconf 87' lang='lat' dir='ltr'>sit,</span> <span class='ocrx_word' id='word_1_313' title='bbox 3053 1136 3228 1205; x_wconf 88' lang='lat' dir='ltr'>atque</span> <span class='ocrx_word' id='word_1_314' title='bbox 3258 1132 3562 1190; x_wconf 88' lang='lat' dir='ltr'>oculorum</span> <span class='ocrx_word' id='word_1_315' title='bbox 3585 1136 3754 1191; x_wconf 87' lang='lat' dir='ltr'>obtu-</span> 
     </span>
    </p>
   </div>
   <div class='ocr_carea' id='block_1_43' title="bbox 2099 1218 3755 1291">
    <p class='ocr_par' dir='ltr' id='par_1_43' title="bbox 2099 1218 3755 1291">
     <span class='ocr_line' id='line_1_43' title="bbox 2099 1218 3755 1291; baseline 0.005 -17"><span class='ocrx_word' id='word_1_316' title='bbox 2099 1222 2222 1274; x_wconf 86' lang='lat' dir='ltr'>tum</span> <span class='ocrx_word' id='word_1_317' title='bbox 2254 1218 2439 1291; x_wconf 77' lang='lat' dir='ltr'>tugiat</span> <span class='ocrx_word' id='word_1_318' title='bbox 2469 1219 2544 1290; x_wconf 93' lang='lat' dir='ltr'>(id</span> <span class='ocrx_word' id='word_1_319' title='bbox 2577 1219 2733 1275; x_wconf 88' lang='lat' dir='ltr'>enim</span> <span class='ocrx_word' id='word_1_320' title='bbox 2765 1220 2940 1276; x_wconf 84' lang='lat' dir='ltr'>habet</span> <span class='ocrx_word' id='word_1_321' title='bbox 2962 1221 3160 1278; x_wconf 90' lang='lat' dir='ltr'>anima</span> <span class='ocrx_word' id='word_1_322' title='bbox 3181 1240 3316 1278; x_wconf 92' lang='lat' dir='ltr'>cum</span> <span class='ocrx_word' id='word_1_323' title='bbox 3365 1228 3563 1282; x_wconf 84' lang='lat' dir='ltr'>ventre</span> <span class='ocrx_word' id='word_1_324' title='bbox 3595 1241 3755 1282; x_wconf 90' lang='lat' dir='ltr'>com-</span> 
     </span>
    </p>
   </div>
   <div class='ocr_carea' id='block_1_44' title="bbox 2102 1308 3753 1386">
    <p class='ocr_par' dir='ltr' id='par_1_44' title="bbox 2102 1308 3753 1386">
     <span class='ocr_line' id='line_1_44' title="bbox 2102 1308 3753 1386; baseline 0.005 -23"><span class='ocrx_word' id='word_1_325' title='bbox 2102 1312 2322 1380; x_wconf 86' lang='lat' dir='ltr'>mune),</span> <span class='ocrx_word' id='word_1_326' title='bbox 2356 1308 2446 1364; x_wconf 87' lang='lat' dir='ltr'>vel</span> <span class='ocrx_word' id='word_1_327' title='bbox 2477 1311 2632 1380; x_wconf 91' lang='lat' dir='ltr'>quod</span> <span class='ocrx_word' id='word_1_328' title='bbox 2665 1316 2953 1366; x_wconf 86' lang='lat' dir='ltr'>sermonis</span> <span class='ocrx_word' id='word_1_329' title='bbox 3002 1311 3283 1369; x_wconf 89' lang='lat' dir='ltr'>alimenta</span> <span class='ocrx_word' id='word_1_330' title='bbox 3313 1315 3524 1385; x_wconf 85' lang='lat' dir='ltr'>capiat,</span> <span class='ocrx_word' id='word_1_331' title='bbox 3558 1318 3753 1386; x_wconf 86' lang='lat' dir='ltr'>atque,</span> 
     </span>
    </p>
   </div>
   <div class='ocr_carea' id='block_1_45' title="bbox 2102 1398 3756 1475">
    <p class='ocr_par' dir='ltr' id='par_1_45' title="bbox 2102 1398 3756 1475">
     <span class='ocr_line' id='line_1_45' title="bbox 2102 1398 3756 1475; baseline 0.004 -21"><span class='ocrx_word' id='word_1_332' title='bbox 2102 1403 2168 1454; x_wconf 92' lang='lat' dir='ltr'>ut</span> <span class='ocrx_word' id='word_1_333' title='bbox 2196 1398 2279 1454; x_wconf 93' lang='lat' dir='ltr'>sic</span> <span class='ocrx_word' id='word_1_334' title='bbox 2318 1398 2546 1471; x_wconf 77' lang='lat' dir='ltr'>loquar,</span> <span class='ocrx_word' id='word_1_335' title='bbox 2599 1399 2844 1472; x_wconf 78' lang='lat' dir='ltr'>digerat.</span> <span class='ocrx_word' id='word_1_336' title='bbox 2895 1401 3055 1465; x_wconf 87' lang='lat' dir='ltr'>Quod</span> <span class='ocrx_word' id='word_1_337' title='bbox 3106 1402 3263 1458; x_wconf 88' lang='lat' dir='ltr'>enim</span> <span class='ocrx_word' id='word_1_338' title='bbox 3313 1404 3540 1475; x_wconf 85' lang='lat' dir='ltr'>corpori</span> <span class='ocrx_word' id='word_1_339' title='bbox 3588 1404 3756 1460; x_wconf 90' lang='lat' dir='ltr'>cibus</span> 
     </span>
    </p>
   </div>
   <div class='ocr_carea' id='block_1_46' title="bbox 2101 1488 3755 1566">
    <p class='ocr_par' dir='ltr' id='par_1_46' title="bbox 2101 1488 3755 1566">
     <span class='ocr_line' id='line_1_46' title="bbox 2101 1488 3755 1566; baseline 0.004 -23"><span class='ocrx_word' id='word_1_340' title='bbox 2101 1491 2210 1555; x_wconf 88' lang='lat' dir='ltr'>est,</span> <span class='ocrx_word' id='word_1_341' title='bbox 2240 1488 2349 1544; x_wconf 86' lang='lat' dir='ltr'>hoc</span> <span class='ocrx_word' id='word_1_342' title='bbox 2399 1489 2456 1544; x_wconf 94' lang='lat' dir='ltr'>in</span> <span class='ocrx_word' id='word_1_343' title='bbox 2502 1490 2699 1544; x_wconf 90' lang='lat' dir='ltr'>animo</span> <span class='ocrx_word' id='word_1_344' title='bbox 2748 1495 2836 1546; x_wconf 88' lang='lat' dir='ltr'>est</span> <span class='ocrx_word' id='word_1_345' title='bbox 2882 1507 3095 1547; x_wconf 89' lang='lat' dir='ltr'>sermo.</span> <span class='ocrx_word' id='word_1_346' title='bbox 3132 1492 3236 1548; x_wconf 89' lang='lat' dir='ltr'>Per</span> <span class='ocrx_word' id='word_1_347' title='bbox 3283 1509 3494 1550; x_wconf 78' lang='lat' dir='ltr'>sensus</span> <span class='ocrx_word' id='word_1_348' title='bbox 3533 1499 3755 1566; x_wconf 87' lang='lat' dir='ltr'>autem,</span> 
     </span>
    </p>
   </div>
   <div class='ocr_carea' id='block_1_47' title="bbox 2103 1577 3755 1656">
    <p class='ocr_par' dir='ltr' id='par_1_47' title="bbox 2103 1577 3755 1656">
     <span class='ocr_line' id='line_1_47' title="bbox 2103 1577 3755 1656; baseline 0.005 -24"><span class='ocrx_word' id='word_1_349' title='bbox 2103 1577 2352 1635; x_wconf 79' lang='lat' dir='ltr'>fortasse</span> <span class='ocrx_word' id='word_1_350' title='bbox 2382 1577 2769 1650; x_wconf 88' lang='lat' dir='ltr'>impulsiones</span> <span class='ocrx_word' id='word_1_351' title='bbox 2795 1579 3024 1651; x_wconf 76' lang='lat' dir='ltr'>animae,</span> <span class='ocrx_word' id='word_1_352' title='bbox 3059 1580 3561 1656; x_wconf 80' lang='lat' dir='ltr'>cogitationesque</span> <span class='ocrx_word' id='word_1_353' title='bbox 3582 1583 3755 1640; x_wconf 87' lang='lat' dir='ltr'>intel-</span> 
     </span>
    </p>
   </div>
   <div class='ocr_carea' id='block_1_48' title="bbox 2102 1664 3758 1743">
    <p class='ocr_par' dir='ltr' id='par_1_48' title="bbox 2102 1664 3758 1743">
     <span class='ocr_line' id='line_1_48' title="bbox 2102 1664 3758 1743; baseline 0.005 -23"><span class='ocrx_word' id='word_1_354' title='bbox 2102 1664 2251 1739; x_wconf 86' lang='lat' dir='ltr'>ligit,</span> <span class='ocrx_word' id='word_1_355' title='bbox 2284 1682 2500 1739; x_wconf 88' lang='lat' dir='ltr'>easque</span> <span class='ocrx_word' id='word_1_356' title='bbox 2552 1667 2954 1740; x_wconf 88' lang='lat' dir='ltr'>potissimum,</span> <span class='ocrx_word' id='word_1_357' title='bbox 2987 1686 3114 1741; x_wconf 84' lang='lat' dir='ltr'>quae</span> <span class='ocrx_word' id='word_1_358' title='bbox 3159 1687 3192 1726; x_wconf 90' lang='lat' dir='ltr'>a</span> <span class='ocrx_word' id='word_1_359' title='bbox 3224 1671 3496 1729; x_wconf 86' lang='lat' dir='ltr'>sensibus</span> <span class='ocrx_word' id='word_1_360' title='bbox 3527 1671 3758 1743; x_wconf 85' lang='lat' dir='ltr'>proﬁci-</span> 
     </span>
    </p>
   </div>
   <div class='ocr_carea' id='block_1_49' title="bbox 2104 1757 3759 1834">
    <p class='ocr_par' dir='ltr' id='par_1_49' title="bbox 2104 1757 3759 1834">
     <span class='ocr_line' id='line_1_49' title="bbox 2104 1757 3759 1834; baseline 0.005 -22"><span class='ocrx_word' id='word_1_361' title='bbox 2104 1761 2369 1827; x_wconf 88' lang='lat' dir='ltr'>scuntur,</span> <span class='ocrx_word' id='word_1_362' title='bbox 2391 1758 2605 1829; x_wconf 90' lang='lat' dir='ltr'>quibus</span> <span class='ocrx_word' id='word_1_363' title='bbox 2630 1758 2835 1828; x_wconf 84' lang='lat' dir='ltr'>justus</span> <span class='ocrx_word' id='word_1_364' title='bbox 2867 1757 3207 1830; x_wconf 83' lang='lat' dir='ltr'>percellitur</span> <span class='ocrx_word' id='word_1_365' title='bbox 3227 1765 3295 1830; x_wconf 86' lang='lat' dir='ltr'>et</span> <span class='ocrx_word' id='word_1_366' title='bbox 3321 1760 3647 1834; x_wconf 84' lang='lat' dir='ltr'>incalescit,</span> <span class='ocrx_word' id='word_1_367' title='bbox 3670 1767 3759 1820; x_wconf 85' lang='lat' dir='ltr'>at-</span> 
     </span>
    </p>
   </div>
   <div class='ocr_carea' id='block_1_50' title="bbox 2104 1846 3761 1921">
    <p class='ocr_par' dir='ltr' id='par_1_50' title="bbox 2104 1846 3761 1921">
     <span class='ocr_line' id='line_1_50' title="bbox 2104 1846 3761 1921; baseline 0.005 -21"><span class='ocrx_word' id='word_1_368' title='bbox 2104 1863 2217 1918; x_wconf 89' lang='lat' dir='ltr'>que</span> <span class='ocrx_word' id='word_1_369' title='bbox 2247 1846 2472 1920; x_wconf 86' lang='lat' dir='ltr'>impetu</span> <span class='ocrx_word' id='word_1_370' title='bbox 2506 1847 2708 1915; x_wconf 79' lang='lat' dir='ltr'>fertur,</span> <span class='ocrx_word' id='word_1_371' title='bbox 2744 1864 2848 1904; x_wconf 92' lang='lat' dir='ltr'>nec</span> <span class='ocrx_word' id='word_1_372' title='bbox 2888 1848 3017 1919; x_wconf 89' lang='lat' dir='ltr'>jam</span> <span class='ocrx_word' id='word_1_373' title='bbox 3046 1865 3161 1920; x_wconf 85' lang='lat' dir='ltr'>prae</span> <span class='ocrx_word' id='word_1_374' title='bbox 3195 1849 3451 1921; x_wconf 87' lang='lat' dir='ltr'>Spiritus</span> <span class='ocrx_word' id='word_1_375' title='bbox 3491 1855 3634 1907; x_wconf 82' lang='lat' dir='ltr'>aestu</span> <span class='ocrx_word' id='word_1_376' title='bbox 3666 1867 3761 1908; x_wconf 93' lang='lat' dir='ltr'>co-</span> 
     </span>
    </p>
   </div>
   <div class='ocr_carea' id='block_1_51' title="bbox 2100 1935 3761 2013">
    <p class='ocr_par' dir='ltr' id='par_1_51' title="bbox 2100 1935 3761 2013">
     <span class='ocr_line' id='line_1_51' title="bbox 2100 1935 3761 2013; baseline 0.004 -23"><span class='ocrx_word' id='word_1_377' title='bbox 2100 1935 2287 1991; x_wconf 86' lang='lat' dir='ltr'>hiberi</span> <span class='ocrx_word' id='word_1_378' title='bbox 2317 1939 2509 2008; x_wconf 79' lang='lat' dir='ltr'>potest</span> <span class='ocrx_word' id='word_1_379' title='bbox 2535 1962 2548 2004; x_wconf 88' lang='lat'><strong>;</strong></span> <span class='ocrx_word' id='word_1_380' title='bbox 2580 1935 2690 1992; x_wconf 90' lang='lat' dir='ltr'>hoc</span> <span class='ocrx_word' id='word_1_381' title='bbox 2722 1936 2880 1992; x_wconf 92' lang='lat' dir='ltr'>enim</span> <span class='ocrx_word' id='word_1_382' title='bbox 2909 1937 3152 1992; x_wconf 83' lang='lat' dir='ltr'>verbum</span> <span class='ocrx_word' id='word_1_383' title='bbox 3202 1937 3524 2011; x_wconf 80' lang='grc' dir='ltr'>μαιμάσσειν</span> <span class='ocrx_word' id='word_1_384' title='bbox 3562 1957 3761 2013; x_wconf 88' lang='lat' dir='ltr'>prom-</span> 
     </span>
    </p>
   </div>
   <div class='ocr_carea' id='block_1_52' title="bbox 2106 2025 3809 2100">
    <p class='ocr_par' dir='ltr' id='par_1_52' title="bbox 2106 2025 3809 2100">
     <span class='ocr_line' id='line_1_52' title="bbox 2106 2025 3809 2100; baseline 0.004 -21"><span class='ocrx_word' id='word_1_385' title='bbox 2106 2025 2455 2098; x_wconf 89' lang='lat' dir='ltr'>ptitudinem</span> <span class='ocrx_word' id='word_1_386' title='bbox 2479 2027 2798 2098; x_wconf 84' lang='lat' dir='ltr'>quamdam</span> <span class='ocrx_word' id='word_1_387' title='bbox 2822 2026 3127 2082; x_wconf 86' lang='lat' dir='ltr'>iracundia</span> <span class='ocrx_word' id='word_1_388' title='bbox 3151 2029 3493 2100; x_wconf 87' lang='lat' dir='ltr'>permistam</span> <span class='ocrx_word' id='word_1_389' title='bbox 3518 2030 3759 2086; x_wconf 87' lang='lat' dir='ltr'>indicat.</span> <span class='ocrx_word' id='word_1_390' title='bbox 3799 2060 3809 2069; x_wconf 70' lang='grc' dir='ltr'><strong>ι</strong></span> 
     </span>
    </p>
   </div>
   <div class='ocr_carea' id='block_1_53' title="bbox 2105 2115 3756 2190">
    <p class='ocr_par' dir='ltr' id='par_1_53' title="bbox 2105 2115 3756 2190">
     <span class='ocr_line' id='line_1_53' title="bbox 2105 2115 3756 2190; baseline 0.004 -20"><span class='ocrx_word' id='word_1_391' title='bbox 2105 2115 2267 2181; x_wconf 86' lang='lat' dir='ltr'>Quod</span> <span class='ocrx_word' id='word_1_392' title='bbox 2302 2116 2348 2172; x_wconf 89' lang='lat' dir='ltr'>si</span> <span class='ocrx_word' id='word_1_393' title='bbox 2383 2115 2516 2187; x_wconf 91' lang='lat' dir='ltr'>quis</span> <span class='ocrx_word' id='word_1_394' title='bbox 2549 2116 2669 2172; x_wconf 69' lang='lat' dir='ltr'>haec</span> <span class='ocrx_word' id='word_1_395' title='bbox 2701 2116 2772 2172; x_wconf 87' lang='lat' dir='ltr'>ad</span> <span class='ocrx_word' id='word_1_396' title='bbox 2809 2116 2996 2186; x_wconf 87' lang='lat' dir='ltr'>ipsius</span> <span class='ocrx_word' id='word_1_397' title='bbox 3045 2116 3217 2173; x_wconf 88' lang='lat' dir='ltr'>etiam</span> <span class='ocrx_word' id='word_1_398' title='bbox 3250 2120 3512 2190; x_wconf 89' lang='lat' dir='ltr'>corporis</span> <span class='ocrx_word' id='word_1_399' title='bbox 3544 2136 3756 2176; x_wconf 86' lang='lat' dir='ltr'>sensus</span> 
     </span>
    </p>
   </div>
   <div class='ocr_carea' id='block_1_54' title="bbox 2105 2206 3758 2282">
    <p class='ocr_par' dir='ltr' id='par_1_54' title="bbox 2105 2206 3758 2282">
     <span class='ocr_line' id='line_1_54' title="bbox 2105 2206 3758 2282; baseline 0.003 -21"><span class='ocrx_word' id='word_1_400' title='bbox 2105 2206 2339 2278; x_wconf 82' lang='lat' dir='ltr'>referat,</span> <span class='ocrx_word' id='word_1_401' title='bbox 2392 2223 2424 2262; x_wconf 89' lang='lat' dir='ltr'>a</span> <span class='ocrx_word' id='word_1_402' title='bbox 2471 2224 2645 2278; x_wconf 89' lang='lat' dir='ltr'>scopo</span> <span class='ocrx_word' id='word_1_403' title='bbox 2701 2224 2815 2262; x_wconf 90' lang='lat' dir='ltr'>non</span> <span class='ocrx_word' id='word_1_404' title='bbox 2867 2207 3162 2262; x_wconf 88' lang='lat' dir='ltr'>aberrabit</span> <span class='ocrx_word' id='word_1_405' title='bbox 3213 2224 3225 2261; x_wconf 93' lang='lat'><strong>:</strong></span> <span class='ocrx_word' id='word_1_406' title='bbox 3279 2210 3758 2282; x_wconf 88' lang='lat' dir='ltr'>quandoquidem</span> 
     </span>
    </p>
   </div>
   <div class='ocr_carea' id='block_1_55' title="bbox 2104 2295 3763 2365">
    <p class='ocr_par' dir='ltr' id='par_1_55' title="bbox 2104 2295 3763 2365">
     <span class='ocr_line' id='line_1_55' title="bbox 2104 2295 3763 2365; baseline 0.001 -13"><span class='ocrx_word' id='word_1_407' title='bbox 2104 2295 2256 2352; x_wconf 91' lang='lat' dir='ltr'>oculi</span> <span class='ocrx_word' id='word_1_408' title='bbox 2288 2300 2343 2352; x_wconf 91' lang='lat' dir='ltr'>et</span> <span class='ocrx_word' id='word_1_409' title='bbox 2361 2313 2677 2365; x_wconf 86' lang='lat' dir='ltr'>aures,non</span> <span class='ocrx_word' id='word_1_410' title='bbox 2702 2297 2873 2352; x_wconf 91' lang='lat' dir='ltr'>modo</span> <span class='ocrx_word' id='word_1_411' title='bbox 2897 2297 3051 2353; x_wconf 86' lang='lat' dir='ltr'>tristi</span> <span class='ocrx_word' id='word_1_412' title='bbox 3073 2296 3200 2354; x_wconf 86' lang='lat' dir='ltr'>visu</span> <span class='ocrx_word' id='word_1_413' title='bbox 3226 2301 3281 2354; x_wconf 91' lang='lat' dir='ltr'>et</span> <span class='ocrx_word' id='word_1_414' title='bbox 3311 2299 3514 2355; x_wconf 89' lang='lat' dir='ltr'>auditu</span> <span class='ocrx_word' id='word_1_415' title='bbox 3538 2300 3763 2356; x_wconf 89' lang='lat' dir='ltr'>discru-</span> 
     </span>
    </p>
   </div>
   <div class='ocr_carea' id='block_1_56' title="bbox 2105 2385 3760 2455">
    <p class='ocr_par' dir='ltr' id='par_1_56' title="bbox 2105 2385 3760 2455">
     <span class='ocr_line' id='line_1_56' title="bbox 2105 2385 3760 2455; baseline 0.003 -15"><span class='ocrx_word' id='word_1_416' title='bbox 2105 2385 2357 2455; x_wconf 90' lang='lat' dir='ltr'>ciantur,</span> <span class='ocrx_word' id='word_1_417' title='bbox 2385 2402 2591 2442; x_wconf 91' lang='lat' dir='ltr'>verum</span> <span class='ocrx_word' id='word_1_418' title='bbox 2623 2388 2799 2441; x_wconf 88' lang='lat' dir='ltr'>etiam</span> <span class='ocrx_word' id='word_1_419' title='bbox 2834 2386 2905 2441; x_wconf 93' lang='lat' dir='ltr'>ob</span> <span class='ocrx_word' id='word_1_420' title='bbox 2938 2387 3514 2444; x_wconf 88' lang='lat' dir='ltr'>commiserationem</span> <span class='ocrx_word' id='word_1_421' title='bbox 3535 2388 3760 2445; x_wconf 69' lang='lat' dir='ltr'>laetiora</span> 
     </span>
    </p>
   </div>
   <div class='ocr_carea' id='block_1_57' title="bbox 2101 2475 3756 2551">
    <p class='ocr_par' dir='ltr' id='par_1_57' title="bbox 2101 2475 3756 2551">
     <span class='ocr_line' id='line_1_57' title="bbox 2101 2475 3756 2551; baseline 0.002 -21"><span class='ocrx_word' id='word_1_422' title='bbox 2101 2475 2296 2530; x_wconf 87' lang='lat' dir='ltr'>videre</span> <span class='ocrx_word' id='word_1_423' title='bbox 2328 2480 2507 2548; x_wconf 89' lang='lat' dir='ltr'>atque</span> <span class='ocrx_word' id='word_1_424' title='bbox 2534 2476 2737 2531; x_wconf 88' lang='lat' dir='ltr'>audire</span> <span class='ocrx_word' id='word_1_425' title='bbox 2768 2475 3213 2548; x_wconf 88' lang='lat' dir='ltr'>concupiscunt.</span> <span class='ocrx_word' id='word_1_426' title='bbox 3243 2477 3602 2551; x_wconf 91' lang='lat' dir='ltr'>Quocunque</span> <span class='ocrx_word' id='word_1_427' title='bbox 3625 2496 3756 2535; x_wconf 89' lang='lat' dir='ltr'>vero</span> 
     </span>
    </p>
   </div>
   <div class='ocr_carea' id='block_1_58' title="bbox 2105 2565 3755 2641">
    <p class='ocr_par' dir='ltr' id='par_1_58' title="bbox 2105 2565 3755 2641">
     <span class='ocr_line' id='line_1_58' title="bbox 2105 2565 3755 2641; baseline 0.001 -20"><span class='ocrx_word' id='word_1_428' title='bbox 2105 2579 2281 2621; x_wconf 90' lang='lat' dir='ltr'>sensu</span> <span class='ocrx_word' id='word_1_429' title='bbox 2313 2565 2436 2621; x_wconf 70' lang='lat' dir='ltr'>haec</span> <span class='ocrx_word' id='word_1_430' title='bbox 2465 2566 3245 2638; x_wconf 87' lang='lat' dir='ltr'>accipiantur,perspicuum</span> <span class='ocrx_word' id='word_1_431' title='bbox 3277 2572 3368 2624; x_wconf 91' lang='lat' dir='ltr'>est</span> <span class='ocrx_word' id='word_1_432' title='bbox 3399 2569 3601 2640; x_wconf 89' lang='lat' dir='ltr'>utique</span> <span class='ocrx_word' id='word_1_433' title='bbox 3625 2585 3755 2641; x_wconf 89' lang='lat' dir='ltr'>pro-</span> 
     </span>
    </p>
   </div>
   <div class='ocr_carea' id='block_1_59' title="bbox 2103 2655 3758 2730">
    <p class='ocr_par' dir='ltr' id='par_1_59' title="bbox 2103 2655 3758 2730">
     <span class='ocr_line' id='line_1_59' title="bbox 2103 2655 3758 2730; baseline 0.003 -21"><span class='ocrx_word' id='word_1_434' title='bbox 2103 2655 2342 2727; x_wconf 89' lang='lat' dir='ltr'>phetam</span> <span class='ocrx_word' id='word_1_435' title='bbox 2373 2656 2532 2728; x_wconf 84' lang='lat' dir='ltr'>gravi</span> <span class='ocrx_word' id='word_1_436' title='bbox 2565 2655 2762 2711; x_wconf 89' lang='lat' dir='ltr'>dolore</span> <span class='ocrx_word' id='word_1_437' title='bbox 2781 2655 3028 2724; x_wconf 82' lang='lat' dir='ltr'>afﬁci,et</span> <span class='ocrx_word' id='word_1_438' title='bbox 3049 2656 3496 2730; x_wconf 88' lang='lat' dir='ltr'>incitari,atque</span> <span class='ocrx_word' id='word_1_439' title='bbox 3525 2658 3758 2714; x_wconf 88' lang='lat' dir='ltr'>Israelis</span> 
     </span>
    </p>
   </div>
   <div class='ocr_carea' id='block_1_60' title="bbox 2105 2744 3756 2820">
    <p class='ocr_par' dir='ltr' id='par_1_60' title="bbox 2105 2744 3756 2820">
     <span class='ocr_line' id='line_1_60' title="bbox 2105 2744 3756 2820; baseline 0.002 -20"><span class='ocrx_word' id='word_1_440' title='bbox 2105 2744 2468 2801; x_wconf 87' lang='lat' dir='ltr'>calamitates</span> <span class='ocrx_word' id='word_1_441' title='bbox 2521 2745 2939 2802; x_wconf 87' lang='lat' dir='ltr'>molestissime</span> <span class='ocrx_word' id='word_1_442' title='bbox 2967 2747 3151 2818; x_wconf 79' lang='lat' dir='ltr'>ferre;</span> <span class='ocrx_word' id='word_1_443' title='bbox 3185 2746 3304 2802; x_wconf 84' lang='lat' dir='ltr'>sive</span> <span class='ocrx_word' id='word_1_444' title='bbox 3349 2764 3658 2820; x_wconf 88' lang='lat' dir='ltr'>corporeas</span> <span class='ocrx_word' id='word_1_445' title='bbox 3689 2747 3756 2803; x_wconf 90' lang='lat' dir='ltr'>i1-</span> 
     </span>
    </p>
   </div>
   <div class='ocr_carea' id='block_1_61' title="bbox 2102 2834 3757 2908">
    <p class='ocr_par' dir='ltr' id='par_1_61' title="bbox 2102 2834 3757 2908">
     <span class='ocr_line' id='line_1_61' title="bbox 2102 2834 3757 2908; baseline 0.002 -19"><span class='ocrx_word' id='word_1_446' title='bbox 2102 2834 2192 2891; x_wconf 86' lang='lat' dir='ltr'>las</span> <span class='ocrx_word' id='word_1_447' title='bbox 2222 2834 2539 2907; x_wconf 86' lang='lat' dir='ltr'>intelligas,</span> <span class='ocrx_word' id='word_1_448' title='bbox 2590 2836 2856 2908; x_wconf 83' lang='lat' dir='ltr'>ejusque,</span> <span class='ocrx_word' id='word_1_449' title='bbox 2888 2836 2986 2908; x_wconf 92' lang='lat' dir='ltr'>qui</span> <span class='ocrx_word' id='word_1_450' title='bbox 3037 2853 3310 2908; x_wconf 89' lang='lat' dir='ltr'>corporeo</span> <span class='ocrx_word' id='word_1_451' title='bbox 3351 2838 3522 2893; x_wconf 92' lang='lat' dir='ltr'>modo</span> <span class='ocrx_word' id='word_1_452' title='bbox 3570 2837 3757 2893; x_wconf 87' lang='lat' dir='ltr'>cerni-</span> 
     </span>
    </p>
   </div>
   <div class='ocr_carea' id='block_1_62' title="bbox 2103 2924 3757 2998">
    <p class='ocr_par' dir='ltr' id='par_1_62' title="bbox 2103 2924 3757 2998">
     <span class='ocr_line' id='line_1_62' title="bbox 2103 2924 3757 2998; baseline 0.002 -19"><span class='ocrx_word' id='word_1_453' title='bbox 2103 2927 2219 2994; x_wconf 89' lang='lat' dir='ltr'>tur,</span> <span class='ocrx_word' id='word_1_454' title='bbox 2253 2924 2371 2980; x_wconf 89' lang='lat' dir='ltr'>sive</span> <span class='ocrx_word' id='word_1_455' title='bbox 2398 2924 2758 2996; x_wconf 84' lang='lat' dir='ltr'>spirituales,</span> <span class='ocrx_word' id='word_1_456' title='bbox 2802 2927 3069 2997; x_wconf 83' lang='lat' dir='ltr'>ejusque,</span> <span class='ocrx_word' id='word_1_457' title='bbox 3105 2926 3205 2998; x_wconf 90' lang='lat' dir='ltr'>qui</span> <span class='ocrx_word' id='word_1_458' title='bbox 3256 2926 3551 2998; x_wconf 87' lang='lat' dir='ltr'>spirituali</span> <span class='ocrx_word' id='word_1_459' title='bbox 3585 2927 3757 2983; x_wconf 90' lang='lat' dir='ltr'>modo</span> 
     </span>
    </p>
   </div>
   <div class='ocr_carea' id='block_1_63' title="bbox 2105 3014 3761 3087">
    <p class='ocr_par' dir='ltr' id='par_1_63' title="bbox 2105 3014 3761 3087">
     <span class='ocr_line' id='line_1_63' title="bbox 2105 3014 3761 3087; baseline 0.002 -17"><span class='ocrx_word' id='word_1_460' title='bbox 2105 3014 2444 3087; x_wconf 89' lang='lat' dir='ltr'>percipitur.</span> <span class='ocrx_word' id='word_1_461' title='bbox 2471 3015 2617 3071; x_wconf 88' lang='lat' dir='ltr'>Nam</span> <span class='ocrx_word' id='word_1_462' title='bbox 2651 3019 2708 3071; x_wconf 88' lang='lat' dir='ltr'>et</span> <span class='ocrx_word' id='word_1_463' title='bbox 2737 3015 2852 3071; x_wconf 88' lang='lat' dir='ltr'>alio</span> <span class='ocrx_word' id='word_1_464' title='bbox 2885 3014 3010 3072; x_wconf 93' lang='lat' dir='ltr'>loco</span> <span class='ocrx_word' id='word_1_465' title='bbox 3044 3015 3434 3085; x_wconf 84' lang='lat' dir='ltr'>lacrymarum</span> <span class='ocrx_word' id='word_1_466' title='bbox 3466 3017 3685 3073; x_wconf 80' lang='lat' dir='ltr'>fontem</span> <span class='ocrx_word' id='word_1_467' title='bbox 3717 3018 3761 3052; x_wconf 70' lang='lat'>9&quot;</span> 
     </span>
    </p>
   </div>
   <div class='ocr_carea' id='block_1_64' title="bbox 2107 3101 3762 3178">
    <p class='ocr_par' dir='ltr' id='par_1_64' title="bbox 2107 3101 3762 3178">
     <span class='ocr_line' id='line_1_64' title="bbox 2107 3101 3762 3178; baseline 0.002 -20"><span class='ocrx_word' id='word_1_468' title='bbox 2107 3103 2259 3160; x_wconf 90' lang='lat' dir='ltr'>idem</span> <span class='ocrx_word' id='word_1_469' title='bbox 2293 3101 2580 3176; x_wconf 83' lang='lat' dir='ltr'>propheta</span> <span class='ocrx_word' id='word_1_470' title='bbox 2611 3105 3061 3177; x_wconf 89' lang='lat' dir='ltr'>requirit,atque</span> <span class='ocrx_word' id='word_1_471' title='bbox 3093 3110 3420 3162; x_wconf 76' lang='lat' dir='ltr'>extremum</span> <span class='ocrx_word' id='word_1_472' title='bbox 3444 3107 3762 3178; x_wconf 91' lang='lat' dir='ltr'>quemdam</span> 
     </span>
    </p>
   </div>
   <div class='ocr_carea' id='block_1_65' title="bbox 2107 3192 3766 3269">
    <p class='ocr_par' dir='ltr' id='par_1_65' title="bbox 2107 3192 3766 3269">
     <span class='ocr_line' id='line_1_65' title="bbox 2107 3192 3766 3269; baseline 0.002 -21"><span class='ocrx_word' id='word_1_473' title='bbox 2107 3209 2401 3248; x_wconf 89' lang='lat' dir='ltr'>recessum</span> <span class='ocrx_word' id='word_1_474' title='bbox 2450 3197 2700 3265; x_wconf 86' lang='lat' dir='ltr'>exoptat,</span> <span class='ocrx_word' id='word_1_475' title='bbox 2733 3192 3230 3267; x_wconf 90' lang='lat' dir='ltr'>solitudinemque</span> <span class='ocrx_word' id='word_1_476' title='bbox 3270 3195 3664 3269; x_wconf 85' lang='lat' dir='ltr'>amplectitur,</span> <span class='ocrx_word' id='word_1_477' title='bbox 3697 3201 3766 3252; x_wconf 90' lang='lat' dir='ltr'>ut</span> 
     </span>
    </p>
   </div>
   <div class='ocr_carea' id='block_1_66' title="bbox 338 3279 3764 3362">
    <p class='ocr_par' dir='ltr' id='par_1_66' title="bbox 338 3279 3764 3362">
     <span class='ocr_line' id='line_1_66' title="bbox 338 3279 3764 3362; baseline -0.001 -18"><span class='ocrx_word' id='word_1_478' title='bbox 338 3304 615 3361; x_wconf 86' lang='lat' dir='ltr'>magnam</span> <span class='ocrx_word' id='word_1_479' title='bbox 647 3287 915 3346; x_wconf 80' lang='lat' dir='ltr'>maeroris</span> <span class='ocrx_word' id='word_1_480' title='bbox 940 3287 1029 3345; x_wconf 90' lang='lat' dir='ltr'>sui</span> <span class='ocrx_word' id='word_1_481' title='bbox 1064 3291 1292 3362; x_wconf 87' lang='lat' dir='ltr'>partem</span> <span class='ocrx_word' id='word_1_482' title='bbox 1343 3285 1668 3355; x_wconf 75' lang='lat' dir='ltr'>exhauriat,</span> <span class='ocrx_word' id='word_1_483' title='bbox 1697 3290 1895 3360; x_wconf 89' lang='lat' dir='ltr'>atque,</span> <span class='ocrx_word' id='word_1_484' title='bbox 1929 3279 2315 3357; x_wconf 87' lang='lat' dir='ltr'>posteaquam</span> <span class='ocrx_word' id='word_1_485' title='bbox 2364 3283 2637 3340; x_wconf 88' lang='lat' dir='ltr'>Israelem</span> <span class='ocrx_word' id='word_1_486' title='bbox 2670 3283 2729 3338; x_wconf 90' lang='lat' dir='ltr'>in</span> <span class='ocrx_word' id='word_1_487' title='bbox 2763 3283 2995 3340; x_wconf 85' lang='lat' dir='ltr'>silentio</span> <span class='ocrx_word' id='word_1_488' title='bbox 3043 3285 3380 3357; x_wconf 89' lang='lat' dir='ltr'>deplorarit,</span> <span class='ocrx_word' id='word_1_489' title='bbox 3415 3287 3486 3342; x_wconf 89' lang='lat' dir='ltr'>ab</span> <span class='ocrx_word' id='word_1_490' title='bbox 3530 3285 3764 3344; x_wconf 86' lang='lat' dir='ltr'>interna</span> 
     </span>
    </p>
   </div>
   <div class='ocr_carea' id='block_1_67' title="bbox 338 3377 1322 3451">
    <p class='ocr_par' dir='ltr' id='par_1_67' title="bbox 338 3377 1322 3451">
     <span class='ocr_line' id='line_1_67' title="bbox 338 3377 1322 3451; baseline 0.002 -18"><span class='ocrx_word' id='word_1_491' title='bbox 338 3378 510 3451; x_wconf 85' lang='lat' dir='ltr'>plaga</span> <span class='ocrx_word' id='word_1_492' title='bbox 538 3378 969 3451; x_wconf 89' lang='lat' dir='ltr'>quodammodo</span> <span class='ocrx_word' id='word_1_493' title='bbox 997 3377 1242 3435; x_wconf 89' lang='lat' dir='ltr'>levetur.</span> <span class='ocrx_word' id='word_1_494' title='bbox 1320 3377 1322 3379; x_wconf 67' lang='grc'><em>’</em></span> 
     </span>
    </p>
   </div>
   <div class='ocr_carea' id='block_1_68' title="bbox 410 3461 2010 3540">
    <p class='ocr_par' dir='ltr' id='par_1_68' title="bbox 410 3461 1996 3540">
     <span class='ocr_line' id='line_1_68' title="bbox 410 3461 1996 3540; baseline -0.004 -18"><span class='ocrx_word' id='word_1_495' title='bbox 410 3467 486 3522; x_wconf 91' lang='lat' dir='ltr'>B&#39;.</span> <span class='ocrx_word' id='word_1_496' title='bbox 513 3467 583 3520; x_wconf 89' lang='grc' dir='ltr'>Τὸ</span> <span class='ocrx_word' id='word_1_497' title='bbox 615 3463 659 3520; x_wconf 79' lang='grc' dir='ltr'>δ’</span> <span class='ocrx_word' id='word_1_498' title='bbox 689 3467 819 3522; x_wconf 78' lang='grc' dir='ltr'>αὐτὸ</span> <span class='ocrx_word' id='word_1_499' title='bbox 848 3466 939 3521; x_wconf 85' lang='grc' dir='ltr'>καὶ</span> <span class='ocrx_word' id='word_1_500' title='bbox 970 3468 998 3521; x_wconf 89' lang='grc' dir='ltr'>ὁ</span> <span class='ocrx_word' id='word_1_501' title='bbox 1030 3467 1172 3529; x_wconf 83' lang='grc' dir='ltr'>θεῖος</span> <span class='ocrx_word' id='word_1_502' title='bbox 1206 3461 1394 3534; x_wconf 77' lang='grc' dir='ltr'>Δκϐὶδ,</span> <span class='ocrx_word' id='word_1_503' title='bbox 1435 3463 1496 3519; x_wconf 80' lang='grc' dir='ltr'>οὐ</span> <span class='ocrx_word' id='word_1_504' title='bbox 1547 3463 1739 3540; x_wconf 80' lang='grc' dir='ltr'>μικρὸν</span> <span class='ocrx_word' id='word_1_505' title='bbox 1790 3462 1996 3536; x_wconf 58' lang='grc' dir='ltr'>ἐμπρος</span> 
     </span>
    </p>
   </div>
   <div class='ocr_carea' id='block_1_69' title="bbox 2106 3461 3764 3540">
    <p class='ocr_par' dir='ltr' id='par_1_69' title="bbox 2182 3461 3764 3521">
     <span class='ocr_line' id='line_1_69' title="bbox 2182 3461 3764 3521; baseline 0.003 -5"><span class='ocrx_word' id='word_1_506' title='bbox 2182 3463 2250 3517; x_wconf 93' lang='grc' dir='ltr'>ΙΙ.</span> <span class='ocrx_word' id='word_1_507' title='bbox 2285 3461 2662 3519; x_wconf 87' lang='lat' dir='ltr'>Consimilem</span> <span class='ocrx_word' id='word_1_508' title='bbox 2695 3461 2755 3516; x_wconf 92' lang='lat' dir='ltr'>in</span> <span class='ocrx_word' id='word_1_509' title='bbox 2784 3463 3026 3519; x_wconf 90' lang='lat' dir='ltr'>modum</span> <span class='ocrx_word' id='word_1_510' title='bbox 3077 3463 3309 3518; x_wconf 91' lang='lat' dir='ltr'>divinus</span> <span class='ocrx_word' id='word_1_511' title='bbox 3357 3463 3532 3519; x_wconf 88' lang='lat' dir='ltr'>etiam</span> <span class='ocrx_word' id='word_1_512' title='bbox 3582 3463 3764 3521; x_wconf 90' lang='lat' dir='ltr'>David</span> 
     </span>
    </p>
   </div>
   <div class='ocr_carea' id='block_1_70' title="bbox 338 3547 1997 3629">
    <p class='ocr_par' dir='ltr' id='par_1_70' title="bbox 338 3547 1997 3629">
     <span class='ocr_line' id='line_1_70' title="bbox 338 3547 1997 3629; baseline -0.002 -22"><span class='ocrx_word' id='word_1_513' title='bbox 338 3566 456 3617; x_wconf 68' lang='grc' dir='ltr'>σθε)</span> <span class='ocrx_word' id='word_1_514' title='bbox 519 3552 606 3607; x_wconf 70' lang='grc' dir='ltr'>ἐπὶ</span> <span class='ocrx_word' id='word_1_515' title='bbox 664 3559 779 3616; x_wconf 87' lang='grc' dir='ltr'>τοῖς</span> <span class='ocrx_word' id='word_1_516' title='bbox 838 3555 951 3608; x_wconf 80' lang='grc' dir='ltr'>καθ’</span> <span class='ocrx_word' id='word_1_517' title='bbox 1007 3553 1193 3610; x_wconf 71' lang='grc' dir='ltr'>ἑαυτὸν</span> <span class='ocrx_word' id='word_1_518' title='bbox 1251 3552 1643 3629; x_wconf 84' lang='grc' dir='ltr'>δυσχεραίνων,</span> <span class='ocrx_word' id='word_1_519' title='bbox 1687 3551 1778 3613; x_wconf 88' lang='grc' dir='ltr'>Τίς</span> <span class='ocrx_word' id='word_1_520' title='bbox 1834 3547 1997 3604; x_wconf 83' lang='grc' dir='ltr'>δώσει</span> 
     </span>
    </p>
   </div>
   <div class='ocr_carea' id='block_1_71' title="bbox 340 3637 1994 3716">
    <p class='ocr_par' dir='ltr' id='par_1_71' title="bbox 340 3637 1994 3716">
     <span class='ocr_line' id='line_1_71' title="bbox 340 3637 1994 3716; baseline -0.001 -24"><span class='ocrx_word' id='word_1_521' title='bbox 340 3659 456 3711; x_wconf 91' lang='grc' dir='ltr'>μοι,</span> <span class='ocrx_word' id='word_1_522' title='bbox 517 3638 670 3714; x_wconf 77' lang='grc' dir='ltr'>φησὶ,</span> <span class='ocrx_word' id='word_1_523' title='bbox 723 3639 990 3716; x_wconf 80' lang='grc' dir='ltr'>πτέρογας</span> <span class='ocrx_word' id='word_1_524' title='bbox 1068 3639 1196 3694; x_wconf 83' lang='grc' dir='ltr'>ὡσεὶ</span> <span class='ocrx_word' id='word_1_525' title='bbox 1265 3645 1606 3716; x_wconf 79' lang='grc' dir='ltr'>περιστερᾶς,</span> <span class='ocrx_word' id='word_1_526' title='bbox 1686 3637 1774 3693; x_wconf 78' lang='grc' dir='ltr'>καὶ</span> <span class='ocrx_word' id='word_1_527' title='bbox 1832 3657 1994 3692; x_wconf 86' lang='grc' dir='ltr'>πετα-</span> 
     </span>
    </p>
   </div>
   <div class='ocr_carea' id='block_1_72' title="bbox 337 3727 1664 3805">
    <p class='ocr_par' dir='ltr' id='par_1_72' title="bbox 337 3727 1664 3805">
     <span class='ocr_line' id='line_1_72' title="bbox 337 3727 1664 3805; baseline 0.001 -25"><span class='ocrx_word' id='word_1_528' title='bbox 337 3728 627 3801; x_wconf 79' lang='grc' dir='ltr'>σθήσομαι,</span> <span class='ocrx_word' id='word_1_529' title='bbox 715 3728 803 3783; x_wconf 78' lang='grc' dir='ltr'>καὶ</span> <span class='ocrx_word' id='word_1_530' title='bbox 883 3727 1262 3799; x_wconf 83' lang='grc' dir='ltr'>καταπαύσω;</span> <span class='ocrx_word' id='word_1_531' title='bbox 1340 3732 1664 3805; x_wconf 74' lang='grc' dir='ltr'>Περιπερᾶς</span> 
     </span>
    </p>
   </div>
   <div class='ocr_carea' id='block_1_73' title="bbox 332 3814 1988 3895">
    <p class='ocr_par' dir='ltr' id='par_1_73' title="bbox 332 3814 1988 3895">
     <span class='ocr_line' id='line_1_73' title="bbox 332 3814 1988 3895; baseline -0.001 -24"><span class='ocrx_word' id='word_1_532' title='bbox 332 3817 621 3894; x_wconf 83' lang='grc' dir='ltr'>πτέρυγας,</span> <span class='ocrx_word' id='word_1_533' title='bbox 673 3814 777 3873; x_wconf 47' lang='lat' dir='ltr'>stite</span> <span class='ocrx_word' id='word_1_534' title='bbox 825 3817 899 3881; x_wconf 84' lang='grc' dir='ltr'>ὡς</span> <span class='ocrx_word' id='word_1_535' title='bbox 947 3817 1279 3895; x_wconf 83' lang='grc' dir='ltr'>κουφοτέρας</span> <span class='ocrx_word' id='word_1_536' title='bbox 1337 3817 1427 3873; x_wconf 88' lang='grc' dir='ltr'>καὶ</span> <span class='ocrx_word' id='word_1_537' title='bbox 1475 3818 1816 3894; x_wconf 79' lang='grc' dir='ltr'>ταχτυέραςο</span> <span class='ocrx_word' id='word_1_538' title='bbox 1872 3837 1988 3870; x_wconf 93' lang='grc' dir='ltr'>τοι-</span> 
     </span>
    </p>
   </div>
   <div class='ocr_carea' id='block_1_74' title="bbox 335 3903 1987 3983">
    <p class='ocr_par' dir='ltr' id='par_1_74' title="bbox 335 3903 1987 3983">
     <span class='ocr_line' id='line_1_74' title="bbox 335 3903 1987 3983; baseline -0.001 -22"><span class='ocrx_word' id='word_1_539' title='bbox 335 3910 491 3969; x_wconf 87' lang='grc' dir='ltr'>οῦτος</span> <span class='ocrx_word' id='word_1_540' title='bbox 522 3907 625 3983; x_wconf 75' lang='grc' dir='ltr'>γὰρ</span> <span class='ocrx_word' id='word_1_541' title='bbox 659 3905 798 3970; x_wconf 76' lang='grc' dir='ltr'>ἃπας</span> <span class='ocrx_word' id='word_1_542' title='bbox 834 3904 1044 3971; x_wconf 82' lang='grc' dir='ltr'>δίκαιος</span> <span class='ocrx_word' id='word_1_543' title='bbox 1067 3925 1079 3940; x_wconf 71' lang='grc'><strong><em>⁸</em></strong></span> <span class='ocrx_word' id='word_1_544' title='bbox 1117 3903 1222 3962; x_wconf 64' lang='grc' dir='ltr'>εἴτε</span> <span class='ocrx_word' id='word_1_545' title='bbox 1252 3908 1328 3970; x_wconf 84' lang='grc' dir='ltr'>ὡς</span> <span class='ocrx_word' id='word_1_546' title='bbox 1355 3908 1418 3963; x_wconf 87' lang='grc' dir='ltr'>τὸ</span> <span class='ocrx_word' id='word_1_547' title='bbox 1467 3911 1684 3979; x_wconf 78' lang='grc' dir='ltr'>Πνεῦμα</span> <span class='ocrx_word' id='word_1_548' title='bbox 1732 3925 1987 3981; x_wconf 89' lang='grc' dir='ltr'>σκιαγρα-</span> 
     </span>
    </p>
   </div>
   <div class='ocr_carea' id='block_1_75' title="bbox 333 3991 1991 4075">
    <p class='ocr_par' dir='ltr' id='par_1_75' title="bbox 333 3991 1991 4075">
     <span class='ocr_line' id='line_1_75' title="bbox 333 3991 1991 4075; baseline 0 -26"><span class='ocrx_word' id='word_1_549' title='bbox 333 3995 535 4074; x_wconf 87' lang='grc' dir='ltr'>φούσας</span> <span class='ocrx_word' id='word_1_550' title='bbox 567 3998 698 4070; x_wconf 82' lang='grc'>(72),</span> <span class='ocrx_word' id='word_1_551' title='bbox 748 3998 793 4069; x_wconf 85' lang='grc' dir='ltr'>ᾦ</span> <span class='ocrx_word' id='word_1_552' title='bbox 848 3991 998 4071; x_wconf 79' lang='grc' dir='ltr'>μόνῳ</span> <span class='ocrx_word' id='word_1_553' title='bbox 1043 3997 1109 4052; x_wconf 78' lang='grc' dir='ltr'>τὰ</span> <span class='ocrx_word' id='word_1_554' title='bbox 1140 3993 1285 4052; x_wconf 82' lang='grc' dir='ltr'>δεινὰ</span> <span class='ocrx_word' id='word_1_555' title='bbox 1314 3997 1604 4075; x_wconf 78' lang='grc' dir='ltr'>φεύγομεν,</span> <span class='ocrx_word' id='word_1_556' title='bbox 1631 3993 1706 4050; x_wconf 56' lang='grc' dir='ltr'>τίν’</span> <span class='ocrx_word' id='word_1_557' title='bbox 1737 3995 1810 4057; x_wconf 87' lang='grc' dir='ltr'>ὡς</span> <span class='ocrx_word' id='word_1_558' title='bbox 1856 3994 1991 4071; x_wconf 78' lang='grc' dir='ltr'>πορ-</span> 
     </span>
    </p>
   </div>
   <div class='ocr_carea' id='block_1_76' title="bbox 335 4083 1995 4163">
    <p class='ocr_par' dir='ltr' id='par_1_76' title="bbox 335 4083 1995 4163">
     <span class='ocr_line' id='line_1_76' title="bbox 335 4083 1995 4163; baseline 0.001 -24"><span class='ocrx_word' id='word_1_559' title='bbox 335 4083 560 4161; x_wconf 86' lang='grc' dir='ltr'>ῥωτάτω</span> <span class='ocrx_word' id='word_1_560' title='bbox 607 4086 824 4162; x_wconf 85' lang='grc' dir='ltr'>γένηται</span> <span class='ocrx_word' id='word_1_561' title='bbox 875 4087 980 4141; x_wconf 87' lang='grc' dir='ltr'>ἀπὸ</span> <span class='ocrx_word' id='word_1_562' title='bbox 1028 4086 1311 4163; x_wconf 84' lang='grc' dir='ltr'>παρόντων</span> <span class='ocrx_word' id='word_1_563' title='bbox 1353 4087 1466 4160; x_wconf 89' lang='grc'>(73)</span> <span class='ocrx_word' id='word_1_564' title='bbox 1519 4090 1717 4143; x_wconf 90' lang='grc' dir='ltr'>κακῶν.</span> <span class='ocrx_word' id='word_1_565' title='bbox 1769 4086 1899 4140; x_wconf 78' lang='grc' dir='ltr'>Εἶτα</span> <span class='ocrx_word' id='word_1_566' title='bbox 1930 4084 1995 4140; x_wconf 79' lang='grc' dir='ltr'>τὰ</span> 
     </span>
    </p>
   </div>
   <div class='ocr_carea' id='block_1_77' title="bbox 336 4171 1991 4254">
    <p class='ocr_par' dir='ltr' id='par_1_77' title="bbox 336 4171 1991 4254">
     <span class='ocr_line' id='line_1_77' title="bbox 336 4171 1991 4254; baseline 0.001 -27"><span class='ocrx_word' id='word_1_567' title='bbox 336 4171 388 4228; x_wconf 75' lang='grc' dir='ltr'>έν</span> <span class='ocrx_word' id='word_1_568' title='bbox 437 4179 555 4237; x_wconf 83' lang='grc' dir='ltr'>τοῖς</span> <span class='ocrx_word' id='word_1_569' title='bbox 612 4179 816 4237; x_wconf 86' lang='grc' dir='ltr'>στενοῖς</span> <span class='ocrx_word' id='word_1_570' title='bbox 872 4175 1177 4254; x_wconf 83' lang='grc' dir='ltr'>φάρμακον,</span> <span class='ocrx_word' id='word_1_571' title='bbox 1228 4179 1262 4246; x_wconf 79' lang='grc' dir='ltr'>ἡ</span> <span class='ocrx_word' id='word_1_572' title='bbox 1313 4174 1490 4238; x_wconf 78' lang='grc' dir='ltr'>ἐλπίς·</span> <span class='ocrx_word' id='word_1_573' title='bbox 1542 4172 1991 4253; x_wconf 84' lang='grc' dir='ltr'>Προσεδεχόμην,</span> 
     </span>
    </p>
   </div>
   <div class='ocr_carea' id='block_1_78' title="bbox 337 4262 1990 4341">
    <p class='ocr_par' dir='ltr' id='par_1_78' title="bbox 337 4262 1990 4341">
     <span class='ocr_line' id='line_1_78' title="bbox 337 4262 1990 4341; baseline 0.002 -25"><span class='ocrx_word' id='word_1_574' title='bbox 337 4262 494 4339; x_wconf 79' lang='grc' dir='ltr'>φησὶ,</span> <span class='ocrx_word' id='word_1_575' title='bbox 550 4265 642 4318; x_wconf 88' lang='grc' dir='ltr'>τὸν</span> <span class='ocrx_word' id='word_1_576' title='bbox 704 4264 832 4320; x_wconf 82' lang='grc' dir='ltr'>Θεὸν</span> <span class='ocrx_word' id='word_1_577' title='bbox 882 4266 973 4320; x_wconf 86' lang='grc' dir='ltr'>τὸν</span> <span class='ocrx_word' id='word_1_578' title='bbox 1034 4263 1278 4334; x_wconf 86' lang='grc' dir='ltr'>σώζοντά</span> <span class='ocrx_word' id='word_1_579' title='bbox 1330 4287 1395 4341; x_wconf 90' lang='grc' dir='ltr'>με</span> <span class='ocrx_word' id='word_1_580' title='bbox 1443 4265 1548 4320; x_wconf 82' lang='grc' dir='ltr'>ἀπὸ</span> <span class='ocrx_word' id='word_1_581' title='bbox 1622 4264 1990 4341; x_wconf 76' lang='grc' dir='ltr'>ὀλιγοψυχίας</span> 
     </span>
    </p>
   </div>
   <div class='ocr_carea' id='block_1_79' title="bbox 335 4351 1992 4430">
    <p class='ocr_par' dir='ltr' id='par_1_79' title="bbox 335 4351 1992 4430">
     <span class='ocr_line' id='line_1_79' title="bbox 335 4351 1992 4430; baseline 0.001 -23"><span class='ocrx_word' id='word_1_582' title='bbox 335 4352 424 4407; x_wconf 79' lang='grc' dir='ltr'>καὶ</span> <span class='ocrx_word' id='word_1_583' title='bbox 474 4353 580 4408; x_wconf 86' lang='grc' dir='ltr'>ἀπὸ</span> <span class='ocrx_word' id='word_1_584' title='bbox 627 4351 966 4430; x_wconf 86' lang='grc' dir='ltr'>καταιγίδος.</span> <span class='ocrx_word' id='word_1_585' title='bbox 1012 4355 1180 4430; x_wconf 88' lang='grc' dir='ltr'>’Όπερ</span> <span class='ocrx_word' id='word_1_586' title='bbox 1231 4355 1322 4410; x_wconf 84' lang='grc' dir='ltr'>οῦν</span> <span class='ocrx_word' id='word_1_587' title='bbox 1371 4356 1463 4410; x_wconf 87' lang='grc' dir='ltr'>καὶ</span> <span class='ocrx_word' id='word_1_588' title='bbox 1517 4353 1772 4430; x_wconf 71' lang='grc' dir='ltr'>ἀλλαχοῦ</span> <span class='ocrx_word' id='word_1_589' title='bbox 1820 4358 1992 4409; x_wconf 87' lang='grc' dir='ltr'>ποιῶν</span> 
     </span>
    </p>
   </div>
   <div class='ocr_carea' id='block_1_80' title="bbox 338 4440 1996 4520">
    <p class='ocr_par' dir='ltr' id='par_1_80' title="bbox 338 4440 1996 4520">
     <span class='ocr_line' id='line_1_80' title="bbox 338 4440 1996 4520; baseline 0.002 -25"><span class='ocrx_word' id='word_1_590' title='bbox 338 4440 603 4519; x_wconf 86' lang='grc' dir='ltr'>φαίνεται,</span> <span class='ocrx_word' id='word_1_591' title='bbox 660 4441 896 4520; x_wconf 82' lang='grc' dir='ltr'>τάχιστα</span> <span class='ocrx_word' id='word_1_592' title='bbox 949 4449 1028 4516; x_wconf 82' lang='grc' dir='ltr'>τῶ</span> <span class='ocrx_word' id='word_1_593' title='bbox 1085 4444 1346 4501; x_wconf 75' lang='grc' dir='ltr'>λυποῦντι</span> <span class='ocrx_word' id='word_1_594' title='bbox 1404 4442 1636 4518; x_wconf 62' lang='grc' dir='ltr'>τὸἷὶκμα</span> <span class='ocrx_word' id='word_1_595' title='bbox 1665 4445 1996 4520; x_wconf 72' lang='grc' dir='ltr'>προστιθεῖς,</span> 
     </span>
    </p>
   </div>
   <div class='ocr_carea' id='block_1_81' title="bbox 336 4529 1996 4611">
    <p class='ocr_par' dir='ltr' id='par_1_81' title="bbox 336 4529 1996 4611">
     <span class='ocr_line' id='line_1_81' title="bbox 336 4529 1996 4611; baseline 0.002 -27"><span class='ocrx_word' id='word_1_596' title='bbox 336 4529 426 4585; x_wconf 84' lang='grc' dir='ltr'>καὶ</span> <span class='ocrx_word' id='word_1_597' title='bbox 456 4531 655 4606; x_wconf 81' lang='grc' dir='ltr'>ἀγαθὸν</span> <span class='ocrx_word' id='word_1_598' title='bbox 684 4535 822 4606; x_wconf 76' lang='grc' dir='ltr'>ἡμῖν</span> <span class='ocrx_word' id='word_1_599' title='bbox 869 4532 1126 4609; x_wconf 89' lang='grc' dir='ltr'>παρέχων</span> <span class='ocrx_word' id='word_1_600' title='bbox 1158 4532 1434 4608; x_wconf 83' lang='grc' dir='ltr'>παίδευμα</span> <span class='ocrx_word' id='word_1_601' title='bbox 1475 4534 1564 4589; x_wconf 85' lang='grc' dir='ltr'>καὶ</span> <span class='ocrx_word' id='word_1_602' title='bbox 1605 4533 1756 4610; x_wconf 83' lang='grc' dir='ltr'>λόγῳ</span> <span class='ocrx_word' id='word_1_603' title='bbox 1786 4535 1875 4589; x_wconf 81' lang='grc' dir='ltr'>καὶ</span> <span class='ocrx_word' id='word_1_604' title='bbox 1909 4532 1996 4611; x_wconf 78' lang='grc' dir='ltr'>ἔρ-</span> 
     </span>
    </p>
   </div>
   <div class='ocr_carea' id='block_1_82' title="bbox 336 4619 1998 4700">
    <p class='ocr_par' dir='ltr' id='par_1_82' title="bbox 336 4619 1998 4700">
     <span class='ocr_line' id='line_1_82' title="bbox 336 4619 1998 4700; baseline 0.002 -25"><span class='ocrx_word' id='word_1_605' title='bbox 336 4641 419 4696; x_wconf 86' lang='grc' dir='ltr'>γω</span> <span class='ocrx_word' id='word_1_606' title='bbox 471 4627 572 4692; x_wconf 82' lang='grc' dir='ltr'>τῆς</span> <span class='ocrx_word' id='word_1_607' title='bbox 629 4623 765 4697; x_wconf 83' lang='grc' dir='ltr'>πρὸς</span> <span class='ocrx_word' id='word_1_608' title='bbox 814 4621 881 4677; x_wconf 76' lang='grc' dir='ltr'>τὰ</span> <span class='ocrx_word' id='word_1_609' title='bbox 933 4619 1080 4676; x_wconf 85' lang='grc' dir='ltr'>δεινᾶ</span> <span class='ocrx_word' id='word_1_610' title='bbox 1141 4621 1579 4700; x_wconf 59' lang='grc' dir='ltr'>μεγαλοψυχίας</span> <span class='ocrx_word' id='word_1_611' title='bbox 1630 4625 1998 4694; x_wconf 82' lang='grc' dir='ltr'>’Δπηνήνατο,</span> 
     </span>
    </p>
   </div>
   <div class='ocr_carea' id='block_1_83' title="bbox 337 4709 1998 4788">
    <p class='ocr_par' dir='ltr' id='par_1_83' title="bbox 337 4709 1998 4788">
     <span class='ocr_line' id='line_1_83' title="bbox 337 4709 1998 4788; baseline 0.002 -24"><span class='ocrx_word' id='word_1_612' title='bbox 337 4709 470 4787; x_wconf 85' lang='grc' dir='ltr'>φησὶ</span> <span class='ocrx_word' id='word_1_613' title='bbox 518 4713 652 4786; x_wconf 85' lang='grc'>(74),</span> <span class='ocrx_word' id='word_1_614' title='bbox 693 4711 1111 4787; x_wconf 75' lang='grc' dir='ltr'>παρακληθῆναι</span> <span class='ocrx_word' id='word_1_615' title='bbox 1162 4714 1198 4783; x_wconf 79' lang='grc' dir='ltr'>ἡ</span> <span class='ocrx_word' id='word_1_616' title='bbox 1248 4714 1400 4788; x_wconf 78' lang='grc' dir='ltr'>ψυχή</span> <span class='ocrx_word' id='word_1_617' title='bbox 1456 4733 1580 4785; x_wconf 91' lang='grc' dir='ltr'>μου,</span> <span class='ocrx_word' id='word_1_618' title='bbox 1638 4713 1794 4787; x_wconf 77' lang='grc' dir='ltr'>Ὀρᾷς</span> <span class='ocrx_word' id='word_1_619' title='bbox 1863 4711 1998 4783; x_wconf 82' lang='grc' dir='ltr'>ἀκη-</span> 
     </span>
    </p>
   </div>
   <div class='ocr_carea' id='block_1_84' title="bbox 2106 3550 3760 3622">
    <p class='ocr_par' dir='ltr' id='par_1_84' title="bbox 2106 3550 3760 3622">
     <span class='ocr_line' id='line_1_84' title="bbox 2106 3550 3760 3622; baseline 0.003 -18"><span class='ocrx_word' id='word_1_620' title='bbox 2106 3550 2265 3605; x_wconf 83' lang='lat' dir='ltr'>haud</span> <span class='ocrx_word' id='word_1_621' title='bbox 2295 3553 2472 3622; x_wconf 91' lang='lat' dir='ltr'>paulo</span> <span class='ocrx_word' id='word_1_622' title='bbox 2525 3556 2660 3606; x_wconf 88' lang='lat' dir='ltr'>ante</span> <span class='ocrx_word' id='word_1_623' title='bbox 2690 3550 3053 3607; x_wconf 87' lang='lat' dir='ltr'>calamitates</span> <span class='ocrx_word' id='word_1_624' title='bbox 3105 3569 3245 3608; x_wconf 85' lang='lat' dir='ltr'>suas</span> <span class='ocrx_word' id='word_1_625' title='bbox 3277 3553 3480 3608; x_wconf 88' lang='lat' dir='ltr'>acerbe</span> <span class='ocrx_word' id='word_1_626' title='bbox 3519 3553 3712 3608; x_wconf 86' lang='lat' dir='ltr'>ferens</span> <span class='ocrx_word' id='word_1_627' title='bbox 3746 3571 3760 3609; x_wconf 91' lang='lat'>:</span> 
     </span>
    </p>
   </div>
   <div class='ocr_carea' id='block_1_85' title="bbox 2108 3639 3765 3714">
    <p class='ocr_par' dir='ltr' id='par_1_85' title="bbox 2108 3639 3765 3714">
     <span class='ocr_line' id='line_1_85' title="bbox 2108 3639 3765 3714; baseline 0.004 -21"><span class='ocrx_word' id='word_1_628' title='bbox 2108 3640 2262 3707; x_wconf 80' lang='lat' dir='ltr'>Quis,</span> <span class='ocrx_word' id='word_1_629' title='bbox 2302 3639 2516 3710; x_wconf 87' lang='lat' dir='ltr'>inquit,</span> <span class='ocrx_word' id='word_1_630' title='bbox 2565 3639 2710 3694; x_wconf 75' lang='lat' dir='ltr'>mihi</span> <span class='ocrx_word' id='word_1_631' title='bbox 2755 3640 2904 3694; x_wconf 77' lang='lat' dir='ltr'>dabit</span> <span class='ocrx_word' id='word_1_632' title='bbox 2949 3657 3159 3711; x_wconf 77' lang='lat' dir='ltr'>pennas</span> <span class='ocrx_word' id='word_1_633' title='bbox 3209 3642 3351 3696; x_wconf 79' lang='lat' dir='ltr'>sicut</span> <span class='ocrx_word' id='word_1_634' title='bbox 3397 3643 3680 3714; x_wconf 53' lang='lat' dir='ltr'>columba,</span> <span class='ocrx_word' id='word_1_635' title='bbox 3712 3646 3765 3699; x_wconf 83' lang='lat' dir='ltr'>et</span> 
     </span>
    </p>
   </div>
   <div class='ocr_carea' id='block_1_86' title="bbox 1744 3727 3760 3803">
    <p class='ocr_par' dir='ltr' id='par_1_86' title="bbox 1744 3727 3760 3803">
     <span class='ocr_line' id='line_1_86' title="bbox 1744 3727 3760 3803; baseline 0.003 -22"><span class='ocrx_word' id='word_1_636' title='bbox 1744 3727 1990 3796; x_wconf 74' lang='grc' dir='ltr'>ἐπιζητεῖ</span> <span class='ocrx_word' id='word_1_637' title='bbox 2097 3727 2305 3795; x_wconf 83' lang='lat' dir='ltr'>volabo,</span> <span class='ocrx_word' id='word_1_638' title='bbox 2330 3735 2385 3782; x_wconf 86' lang='lat' dir='ltr'>et</span> <span class='ocrx_word' id='word_1_639' title='bbox 2413 3728 2751 3798; x_wconf 74' lang='lat' dir='ltr'>requiescam</span> <span class='ocrx_word' id='word_1_640' title='bbox 2784 3729 2869 3783; x_wconf 69' lang='lat'>98?</span> <span class='ocrx_word' id='word_1_641' title='bbox 2903 3729 3054 3784; x_wconf 78' lang='lat'>318</span> <span class='ocrx_word' id='word_1_642' title='bbox 3086 3729 3378 3785; x_wconf 82' lang='lat' dir='ltr'>Columbae</span> <span class='ocrx_word' id='word_1_643' title='bbox 3413 3734 3636 3803; x_wconf 84' lang='lat' dir='ltr'>pennas</span> <span class='ocrx_word' id='word_1_644' title='bbox 3665 3748 3760 3787; x_wconf 83' lang='lat' dir='ltr'>ex-</span> 
     </span>
    </p>
   </div>
   <div class='ocr_carea' id='block_1_87' title="bbox 2102 3815 3762 3890">
    <p class='ocr_par' dir='ltr' id='par_1_87' title="bbox 2102 3815 3762 3890">
     <span class='ocr_line' id='line_1_87' title="bbox 2102 3815 3762 3890; baseline 0.004 -19"><span class='ocrx_word' id='word_1_645' title='bbox 2102 3816 2248 3888; x_wconf 90' lang='lat' dir='ltr'>petit</span> <span class='ocrx_word' id='word_1_646' title='bbox 2295 3815 2407 3888; x_wconf 88' lang='lat' dir='ltr'>(vel</span> <span class='ocrx_word' id='word_1_647' title='bbox 2458 3818 2612 3888; x_wconf 78' lang='lat' dir='ltr'>quod</span> <span class='ocrx_word' id='word_1_648' title='bbox 2656 3816 2901 3873; x_wconf 89' lang='lat' dir='ltr'>leviores</span> <span class='ocrx_word' id='word_1_649' title='bbox 2951 3835 3017 3874; x_wconf 90' lang='lat' dir='ltr'>ac</span> <span class='ocrx_word' id='word_1_650' title='bbox 3068 3818 3386 3876; x_wconf 76' lang='lat' dir='ltr'>velociores</span> <span class='ocrx_word' id='word_1_651' title='bbox 3435 3820 3573 3890; x_wconf 89' lang='lat' dir='ltr'>sint,</span> <span class='ocrx_word' id='word_1_652' title='bbox 3625 3821 3762 3878; x_wconf 89' lang='lat' dir='ltr'>talis</span> 
     </span>
    </p>
   </div>
   <div class='ocr_carea' id='block_1_88' title="bbox 2102 3906 3761 3983">
    <p class='ocr_par' dir='ltr' id='par_1_88' title="bbox 2102 3906 3761 3983">
     <span class='ocr_line' id='line_1_88' title="bbox 2102 3906 3761 3983; baseline 0.004 -22"><span class='ocrx_word' id='word_1_653' title='bbox 2102 3907 2257 3962; x_wconf 90' lang='lat' dir='ltr'>enim</span> <span class='ocrx_word' id='word_1_654' title='bbox 2289 3910 2377 3962; x_wconf 91' lang='lat' dir='ltr'>est</span> <span class='ocrx_word' id='word_1_655' title='bbox 2409 3906 2679 3978; x_wconf 87' lang='lat' dir='ltr'>quisquis</span> <span class='ocrx_word' id='word_1_656' title='bbox 2719 3907 3018 3979; x_wconf 84' lang='lat' dir='ltr'>justitiam</span> <span class='ocrx_word' id='word_1_657' title='bbox 3053 3908 3213 3975; x_wconf 90' lang='lat' dir='ltr'>colit,</span> <span class='ocrx_word' id='word_1_658' title='bbox 3244 3909 3332 3964; x_wconf 90' lang='lat' dir='ltr'>vel</span> <span class='ocrx_word' id='word_1_659' title='bbox 3384 3911 3540 3982; x_wconf 92' lang='lat' dir='ltr'>quod</span> <span class='ocrx_word' id='word_1_660' title='bbox 3574 3911 3761 3983; x_wconf 88' lang='lat' dir='ltr'>Spiri-</span> 
     </span>
    </p>
   </div>
   <div class='ocr_carea' id='block_1_89' title="bbox 2103 3996 3766 4072">
    <p class='ocr_par' dir='ltr' id='par_1_89' title="bbox 2103 3996 3766 4072">
     <span class='ocr_line' id='line_1_89' title="bbox 2103 3996 3766 4072; baseline 0.002 -21"><span class='ocrx_word' id='word_1_661' title='bbox 2103 3999 2230 4051; x_wconf 92' lang='lat' dir='ltr'>tum</span> <span class='ocrx_word' id='word_1_662' title='bbox 2259 3996 2632 4064; x_wconf 89' lang='lat' dir='ltr'>adumbrent,</span> <span class='ocrx_word' id='word_1_663' title='bbox 2661 3996 2832 4067; x_wconf 87' lang='lat' dir='ltr'>cujus</span> <span class='ocrx_word' id='word_1_664' title='bbox 2865 3997 3043 4053; x_wconf 88' lang='lat' dir='ltr'>unius</span> <span class='ocrx_word' id='word_1_665' title='bbox 3075 3997 3292 4054; x_wconf 85' lang='lat' dir='ltr'>auxilio</span> <span class='ocrx_word' id='word_1_666' title='bbox 3325 3999 3588 4071; x_wconf 88' lang='lat' dir='ltr'>pericula</span> <span class='ocrx_word' id='word_1_667' title='bbox 3618 4001 3766 4072; x_wconf 88' lang='lat' dir='ltr'>fugi-</span> 
     </span>
    </p>
   </div>
   <div class='ocr_carea' id='block_1_90' title="bbox 2106 4085 3765 4161">
    <p class='ocr_par' dir='ltr' id='par_1_90' title="bbox 2106 4085 3765 4161">
     <span class='ocr_line' id='line_1_90' title="bbox 2106 4085 3765 4161; baseline 0.002 -20"><span class='ocrx_word' id='word_1_668' title='bbox 2106 4085 2286 4158; x_wconf 89' lang='lat' dir='ltr'>mus),</span> <span class='ocrx_word' id='word_1_669' title='bbox 2320 4089 2383 4141; x_wconf 93' lang='lat' dir='ltr'>ut</span> <span class='ocrx_word' id='word_1_670' title='bbox 2414 4102 2587 4156; x_wconf 88' lang='lat' dir='ltr'>quam</span> <span class='ocrx_word' id='word_1_671' title='bbox 2619 4085 2966 4159; x_wconf 89' lang='lat' dir='ltr'>longissime</span> <span class='ocrx_word' id='word_1_672' title='bbox 3014 4105 3076 4144; x_wconf 89' lang='lat' dir='ltr'>se</span> <span class='ocrx_word' id='word_1_673' title='bbox 3107 4106 3141 4144; x_wconf 90' lang='lat' dir='ltr'>a</span> <span class='ocrx_word' id='word_1_674' title='bbox 3169 4088 3558 4161; x_wconf 62' lang='lat' dir='ltr'>praesentibus</span> <span class='ocrx_word' id='word_1_675' title='bbox 3592 4089 3765 4146; x_wconf 88' lang='lat' dir='ltr'>malis</span> 
     </span>
    </p>
   </div>
   <div class='ocr_carea' id='block_1_91' title="bbox 2109 4175 3766 4251">
    <p class='ocr_par' dir='ltr' id='par_1_91' title="bbox 2109 4175 3766 4251">
     <span class='ocr_line' id='line_1_91' title="bbox 2109 4175 3766 4251; baseline 0.002 -20"><span class='ocrx_word' id='word_1_676' title='bbox 2109 4180 2423 4231; x_wconf 89' lang='lat' dir='ltr'>removeat.</span> <span class='ocrx_word' id='word_1_677' title='bbox 2457 4175 2732 4246; x_wconf 82' lang='lat' dir='ltr'>Sequitur</span> <span class='ocrx_word' id='word_1_678' title='bbox 2763 4176 2972 4233; x_wconf 89' lang='lat' dir='ltr'>deinde</span> <span class='ocrx_word' id='word_1_679' title='bbox 3002 4194 3156 4250; x_wconf 90' lang='lat' dir='ltr'>spes,</span> <span class='ocrx_word' id='word_1_680' title='bbox 3191 4177 3251 4233; x_wconf 90' lang='lat' dir='ltr'>in</span> <span class='ocrx_word' id='word_1_681' title='bbox 3283 4179 3554 4251; x_wconf 84' lang='lat' dir='ltr'>angustis</span> <span class='ocrx_word' id='word_1_682' title='bbox 3590 4180 3766 4235; x_wconf 88' lang='lat' dir='ltr'>rebus</span> 
     </span>
    </p>
   </div>
   <div class='ocr_carea' id='block_1_92' title="bbox 2111 4265 3768 4340">
    <p class='ocr_par' dir='ltr' id='par_1_92' title="bbox 2111 4265 3768 4340">
     <span class='ocr_line' id='line_1_92' title="bbox 2111 4265 3768 4340; baseline 0.001 -18"><span class='ocrx_word' id='word_1_683' title='bbox 2111 4265 2404 4322; x_wconf 89' lang='lat' dir='ltr'>medicina</span> <span class='ocrx_word' id='word_1_684' title='bbox 2435 4283 2447 4321; x_wconf 87' lang='lat'><strong>:</strong></span> <span class='ocrx_word' id='word_1_685' title='bbox 2481 4266 2902 4338; x_wconf 71' lang='lat' dir='ltr'>Exspectabam,</span> <span class='ocrx_word' id='word_1_686' title='bbox 2934 4266 3150 4339; x_wconf 90' lang='lat' dir='ltr'>inquit,</span> <span class='ocrx_word' id='word_1_687' title='bbox 3198 4269 3388 4338; x_wconf 88' lang='lat' dir='ltr'>Deum,</span> <span class='ocrx_word' id='word_1_688' title='bbox 3422 4271 3520 4340; x_wconf 81' lang='lat' dir='ltr'>qui</span> <span class='ocrx_word' id='word_1_689' title='bbox 3546 4269 3768 4326; x_wconf 84' lang='lat' dir='ltr'>saluum</span> 
     </span>
    </p>
   </div>
   <div class='ocr_carea' id='block_1_93' title="bbox 2111 4356 3768 4430">
    <p class='ocr_par' dir='ltr' id='par_1_93' title="bbox 2111 4356 3768 4430">
     <span class='ocr_line' id='line_1_93' title="bbox 2111 4356 3768 4430; baseline 0.002 -19"><span class='ocrx_word' id='word_1_690' title='bbox 2111 4372 2197 4412; x_wconf 81' lang='lat' dir='ltr'>me</span> <span class='ocrx_word' id='word_1_691' title='bbox 2242 4357 2375 4426; x_wconf 78' lang='lat' dir='ltr'>fecit</span> <span class='ocrx_word' id='word_1_692' title='bbox 2421 4374 2455 4412; x_wconf 88' lang='grc' dir='ltr'>α</span> <span class='ocrx_word' id='word_1_693' title='bbox 2498 4356 2976 4428; x_wconf 80' lang='lat' dir='ltr'>pusillanimz&#39;tate</span> <span class='ocrx_word' id='word_1_694' title='bbox 3021 4361 3072 4412; x_wconf 85' lang='lat' dir='ltr'>et</span> <span class='ocrx_word' id='word_1_695' title='bbox 3122 4363 3439 4430; x_wconf 80' lang='lat' dir='ltr'>tempestate</span> <span class='ocrx_word' id='word_1_696' title='bbox 3486 4359 3549 4417; x_wconf 73' lang='lat'>&#39;9.</span> <span class='ocrx_word' id='word_1_697' title='bbox 3601 4358 3768 4423; x_wconf 90' lang='lat' dir='ltr'>Quod</span> 
     </span>
    </p>
   </div>
   <div class='ocr_carea' id='block_1_94' title="bbox 2110 4445 3768 4520">
    <p class='ocr_par' dir='ltr' id='par_1_94' title="bbox 2110 4445 3768 4520">
     <span class='ocr_line' id='line_1_94' title="bbox 2110 4445 3768 4520; baseline 0.002 -18"><span class='ocrx_word' id='word_1_698' title='bbox 2110 4445 2287 4502; x_wconf 85' lang='lat' dir='ltr'>etiam</span> <span class='ocrx_word' id='word_1_699' title='bbox 2319 4446 2512 4518; x_wconf 89' lang='lat' dir='ltr'>ipsum</span> <span class='ocrx_word' id='word_1_700' title='bbox 2566 4447 2680 4504; x_wconf 88' lang='lat' dir='ltr'>alia</span> <span class='ocrx_word' id='word_1_701' title='bbox 2709 4448 2835 4504; x_wconf 93' lang='lat' dir='ltr'>loco</span> <span class='ocrx_word' id='word_1_702' title='bbox 2866 4447 3056 4504; x_wconf 87' lang='lat' dir='ltr'>facere</span> <span class='ocrx_word' id='word_1_703' title='bbox 3086 4449 3458 4520; x_wconf 88' lang='lat' dir='ltr'>perspicitur,</span> <span class='ocrx_word' id='word_1_704' title='bbox 3494 4447 3592 4505; x_wconf 89' lang='lat' dir='ltr'>ubi</span> <span class='ocrx_word' id='word_1_705' title='bbox 3631 4465 3768 4505; x_wconf 88' lang='lat' dir='ltr'>con-</span> 
     </span>
    </p>
   </div>
   <div class='ocr_carea' id='block_1_95' title="bbox 2111 4534 3768 4610">
    <p class='ocr_par' dir='ltr' id='par_1_95' title="bbox 2111 4534 3768 4610">
     <span class='ocr_line' id='line_1_95' title="bbox 2111 4534 3768 4610; baseline 0.003 -21"><span class='ocrx_word' id='word_1_706' title='bbox 2111 4534 2307 4591; x_wconf 87' lang='lat' dir='ltr'>festim</span> <span class='ocrx_word' id='word_1_707' title='bbox 2331 4534 2518 4591; x_wconf 89' lang='lat' dir='ltr'>dolori</span> <span class='ocrx_word' id='word_1_708' title='bbox 2541 4537 2867 4594; x_wconf 86' lang='lat' dir='ltr'>remedium</span> <span class='ocrx_word' id='word_1_709' title='bbox 2888 4537 3554 4610; x_wconf 87' lang='lat' dir='ltr'>adjungit,probumque</span> <span class='ocrx_word' id='word_1_710' title='bbox 3575 4539 3768 4606; x_wconf 88' lang='lat' dir='ltr'>nobis,</span> 
     </span>
    </p>
   </div>
   <div class='ocr_carea' id='block_1_96' title="bbox 2110 4625 3771 4698">
    <p class='ocr_par' dir='ltr' id='par_1_96' title="bbox 2110 4625 3771 4698">
     <span class='ocr_line' id='line_1_96' title="bbox 2110 4625 3771 4698; baseline 0.001 -18"><span class='ocrx_word' id='word_1_711' title='bbox 2110 4627 2167 4680; x_wconf 89' lang='lat' dir='ltr'>et</span> <span class='ocrx_word' id='word_1_712' title='bbox 2198 4625 2369 4679; x_wconf 91' lang='lat' dir='ltr'>verbo</span> <span class='ocrx_word' id='word_1_713' title='bbox 2401 4627 2457 4678; x_wconf 89' lang='lat' dir='ltr'>et</span> <span class='ocrx_word' id='word_1_714' title='bbox 2487 4641 2680 4696; x_wconf 86' lang='lat' dir='ltr'>opere,</span> <span class='ocrx_word' id='word_1_715' title='bbox 2702 4625 3132 4698; x_wconf 87' lang='lat' dir='ltr'>magnitudinis</span> <span class='ocrx_word' id='word_1_716' title='bbox 3165 4627 3348 4684; x_wconf 88' lang='lat' dir='ltr'>animi</span> <span class='ocrx_word' id='word_1_717' title='bbox 3375 4628 3656 4683; x_wconf 87' lang='lat' dir='ltr'>adversus</span> <span class='ocrx_word' id='word_1_718' title='bbox 3677 4644 3771 4683; x_wconf 83' lang='lat' dir='ltr'>res</span> 
     </span>
    </p>
   </div>
   <div class='ocr_carea' id='block_1_97' title="bbox 2111 4712 3769 4788">
    <p class='ocr_par' dir='ltr' id='par_1_97' title="bbox 2111 4712 3769 4788">
     <span class='ocr_line' id='line_1_97' title="bbox 2111 4712 3769 4788; baseline 0.002 -21"><span class='ocrx_word' id='word_1_719' title='bbox 2111 4729 2316 4786; x_wconf 86' lang='lat' dir='ltr'>graves</span> <span class='ocrx_word' id='word_1_720' title='bbox 2347 4716 2402 4768; x_wconf 90' lang='lat' dir='ltr'>et</span> <span class='ocrx_word' id='word_1_721' title='bbox 2433 4712 2794 4784; x_wconf 86' lang='lat' dir='ltr'>periculosas</span> <span class='ocrx_word' id='word_1_722' title='bbox 2828 4713 3254 4772; x_wconf 88' lang='lat' dir='ltr'>documentum</span> <span class='ocrx_word' id='word_1_723' title='bbox 3283 4717 3769 4788; x_wconf 75' lang='lat' dir='ltr'>praebetzlienuit,</span> 
     </span>
    </p>
   </div>
   <div class='ocr_carea' id='block_1_98' title="bbox 409 4830 2217 4901">
    <p class='ocr_par' dir='ltr' id='par_1_98' title="bbox 409 4830 2217 4901">
     <span class='ocr_line' id='line_1_98' title="bbox 409 4830 2217 4901; baseline -0.001 -13"><span class='ocrx_word' id='word_1_724' title='bbox 409 4831 453 4866; x_wconf 70' lang='lat'>9°</span> <span class='ocrx_word' id='word_1_725' title='bbox 483 4831 601 4888; x_wconf 85' lang='lat' dir='ltr'>Jer.</span> <span class='ocrx_word' id='word_1_726' title='bbox 636 4849 714 4901; x_wconf 84' lang='lat' dir='ltr'>Iv,</span> <span class='ocrx_word' id='word_1_727' title='bbox 746 4833 835 4888; x_wconf 87' lang='grc'>19.</span> <span class='ocrx_word' id='word_1_728' title='bbox 911 4833 954 4868; x_wconf 82' lang='grc'>⁹⁷</span> <span class='ocrx_word' id='word_1_729' title='bbox 985 4835 1102 4889; x_wconf 84' lang='lat' dir='ltr'>Jer.</span> <span class='ocrx_word' id='word_1_730' title='bbox 1133 4848 1212 4900; x_wconf 86' lang='lat' dir='ltr'>Ix,</span> <span class='ocrx_word' id='word_1_731' title='bbox 1243 4831 1297 4887; x_wconf 76' lang='lat' dir='ltr'>i.</span> <span class='ocrx_word' id='word_1_732' title='bbox 1373 4831 1418 4868; x_wconf 70' lang='lat'><strong>93</strong></span> <span class='ocrx_word' id='word_1_733' title='bbox 1448 4832 1602 4890; x_wconf 84' lang='lat' dir='ltr'>Psal.</span> <span class='ocrx_word' id='word_1_734' title='bbox 1637 4848 1748 4901; x_wconf 83' lang='lat' dir='ltr'><strong>LIV;</strong></span> <span class='ocrx_word' id='word_1_735' title='bbox 1778 4831 1836 4889; x_wconf 93' lang='lat'>7.</span> <span class='ocrx_word' id='word_1_736' title='bbox 1912 4832 1957 4868; x_wconf 71' lang='lat'><strong>9°</strong></span> <span class='ocrx_word' id='word_1_737' title='bbox 1985 4830 2128 4887; x_wconf 92' lang='lat' dir='ltr'>ibid.</span> <span class='ocrx_word' id='word_1_738' title='bbox 2163 4831 2217 4886; x_wconf 88' lang='lat'>9.</span> 
     </span>
    </p>
   </div>
   <div class='ocr_carea' id='block_1_99' title="bbox 411 4941 1995 5022">
    <p class='ocr_par' dir='ltr' id='par_1_99' title="bbox 411 4941 1995 5022">
     <span class='ocr_line' id='line_1_99' title="bbox 411 4941 1995 5022; baseline 0.008 -23"><span class='ocrx_word' id='word_1_739' title='bbox 563 4947 893 5018; x_wconf 81' lang='grc' dir='ltr'>Μαιμάσσιι.</span> <span class='ocrx_word' id='word_1_740' title='bbox 939 4946 1132 5022; x_wconf 76' lang='lat' dir='ltr'>schol.</span> <span class='ocrx_word' id='word_1_741' title='bbox 1170 4963 1184 5004; x_wconf 90' lang='lat'><strong>:</strong></span> <span class='ocrx_word' id='word_1_742' title='bbox 1245 4949 1420 5022; x_wconf 48' lang='lat' dir='ltr'>quasi,</span> <span class='ocrx_word' id='word_1_743' title='bbox 1469 4949 1767 5022; x_wconf 59' lang='grc' dir='ltr'>προθυμεῖ,</span> <span class='ocrx_word' id='word_1_744' title='bbox 1825 4941 1995 5019; x_wconf 77' lang='grc' dir='ltr'>πηδᾷ,</span> 
     </span>
    </p>
   </div>
   <div class='ocr_carea' id='block_1_100' title="bbox 339 5016 1924 5092">
    <p class='ocr_par' dir='ltr' id='par_1_100' title="bbox 339 5016 1924 5092">
     <span class='ocr_line' id='line_1_100' title="bbox 339 5016 1924 5092; baseline 0.002 -20"><span class='ocrx_word' id='word_1_745' title='bbox 339 5016 629 5092; x_wconf 79' lang='grc' dir='ltr'>καχλάζει,</span> <span class='ocrx_word' id='word_1_746' title='bbox 661 5016 792 5092; x_wconf 61' lang='grc' dir='ltr'>συιδ</span> <span class='ocrx_word' id='word_1_747' title='bbox 821 5021 962 5092; x_wconf 86' lang='lat' dir='ltr'>sunt</span> <span class='ocrx_word' id='word_1_748' title='bbox 990 5019 1172 5090; x_wconf 69' lang='lat' dir='ltr'>huius</span> <span class='ocrx_word' id='word_1_749' title='bbox 1200 5016 1358 5076; x_wconf 83' lang='lat' dir='ltr'>vocis</span> <span class='ocrx_word' id='word_1_750' title='bbox 1386 5016 1924 5092; x_wconf 79' lang='lat' dir='ltr'>interpretationes.</span> 
     </span>
    </p>
   </div>
   <div class='ocr_carea' id='block_1_101' title="bbox 410 5036 1924 5165">
    <p class='ocr_par' dir='ltr' id='par_1_101' title="bbox 410 5036 1924 5165">
     <span class='ocr_line' id='line_1_101' title="bbox 456 5036 1924 5092; baseline 0.001 -18"><span class='ocrx_word' id='word_1_751' title='bbox 456 5036 629 5090; x_wconf 71' lang='grc' dir='ltr'>Ααςει,</span> <span class='ocrx_word' id='word_1_752' title='bbox 661 5036 792 5092; x_wconf 68' lang='lat' dir='ltr'>qum</span> <span class='ocrx_word' id='word_1_753' title='bbox 821 5036 962 5075; x_wconf 53' lang='lat' dir='ltr'>sunt</span> <span class='ocrx_word' id='word_1_754' title='bbox 991 5036 1172 5090; x_wconf 71' lang='lat' dir='ltr'>DUJus</span> <span class='ocrx_word' id='word_1_755' title='bbox 1200 5036 1358 5076; x_wconf 79' lang='grc' dir='ltr'>νοοιε</span> <span class='ocrx_word' id='word_1_756' title='bbox 1386 5036 1924 5092; x_wconf 73' lang='lat' dir='ltr'>Interpretationel.</span> 
     </span>
     <span class='ocr_line' id='line_1_102' title="bbox 410 5036 1924 5165; baseline 0.001 -20"><span class='ocrx_word' id='word_1_757' title='bbox 560 5087 1049 5165; x_wconf 81' lang='grc' dir='ltr'>’Δποκλαιόμενος.</span> <span class='ocrx_word' id='word_1_758' title='bbox 1086 5096 1268 5165; x_wconf 80' lang='lat' dir='ltr'>Regg.</span> <span class='ocrx_word' id='word_1_759' title='bbox 1296 5092 1418 5160; x_wconf 88' lang='lat' dir='ltr'>bm,</span> <span class='ocrx_word' id='word_1_760' title='bbox 1451 5091 1553 5161; x_wconf 88' lang='lat' dir='ltr'>hu,</span> <span class='ocrx_word' id='word_1_761' title='bbox 1586 5087 1924 5147; x_wconf 79' lang='grc' dir='ltr'>ἀποκλαίων.</span> 
     </span>
    </p>
   </div>
   <div class='ocr_carea' id='block_1_102' title="bbox 411 5108 1996 5247">
    <p class='ocr_par' dir='ltr' id='par_1_102' title="bbox 411 5108 1996 5247">
     <span class='ocr_line' id='line_1_103' title="bbox 414 5108 1924 5218; baseline -0.001 -71"><span class='ocrx_word' id='word_1_762' title='bbox 414 5108 526 5165; x_wconf 67' lang='lat'>(00)</span> <span class='ocrx_word' id='word_1_763' title='bbox 560 5108 1049 5163; x_wconf 82' lang='grc' dir='ltr'>’ΔποκΛαιομενος.</span> <span class='ocrx_word' id='word_1_764' title='bbox 1086 5108 1271 5218; x_wconf 74' lang='lat' dir='ltr'>negg._</span> <span class='ocrx_word' id='word_1_765' title='bbox 1298 5108 1418 5160; x_wconf 86' lang='lat' dir='ltr'>nm,</span> <span class='ocrx_word' id='word_1_766' title='bbox 1454 5108 1553 5161; x_wconf 88' lang='lat' dir='ltr'>nu,</span> <span class='ocrx_word' id='word_1_767' title='bbox 1586 5108 1924 5174; x_wconf 73' lang='grc' dir='ltr'>αποκΛαιων.</span> 
     </span>
     <span class='ocr_line' id='line_1_104' title="bbox 411 5162 1996 5247; baseline 0.001 -30"><span class='ocrx_word' id='word_1_768' title='bbox 411 5164 522 5247; x_wconf 76' lang='grc'>(67)</span> <span class='ocrx_word' id='word_1_769' title='bbox 575 5162 959 5247; x_wconf 35' lang='grc' dir='ltr'>Κοιλίανιμέγ,</span> <span class='ocrx_word' id='word_1_770' title='bbox 1001 5169 1126 5247; x_wconf 46' lang='lat' dir='ltr'>etc..</span> <span class='ocrx_word' id='word_1_771' title='bbox 1146 5169 1204 5218; x_wconf 86' lang='grc' dir='ltr'>Βι</span> <span class='ocrx_word' id='word_1_772' title='bbox 1236 5165 1350 5246; x_wconf 76' lang='lat' dir='ltr'>lius</span> <span class='ocrx_word' id='word_1_773' title='bbox 1380 5181 1399 5247; x_wconf 80' lang='lat'>:_</span> <span class='ocrx_word' id='word_1_774' title='bbox 1429 5168 1731 5247; x_wconf 47' lang='lat' dir='ltr'>(inventus</span> <span class='ocrx_word' id='word_1_775' title='bbox 1759 5166 1996 5247; x_wconf 80' lang='lat' dir='ltr'>quidem</span> 
     </span>
    </p>
   </div>
   <div class='ocr_carea' id='block_1_103' title="bbox 343 5234 2003 5308">
    <p class='ocr_par' dir='ltr' id='par_1_103' title="bbox 343 5234 2003 5308">
     <span class='ocr_line' id='line_1_105' title="bbox 343 5234 2003 5308; baseline 0.002 -21"><span class='ocrx_word' id='word_1_776' title='bbox 343 5234 582 5292; x_wconf 89' lang='lat' dir='ltr'>nomine</span> <span class='ocrx_word' id='word_1_777' title='bbox 613 5253 782 5308; x_wconf 86' lang='lat' dir='ltr'>suam</span> <span class='ocrx_word' id='word_1_778' title='bbox 815 5234 1002 5308; x_wconf 78' lang='lat' dir='ltr'>ipsius</span> <span class='ocrx_word' id='word_1_779' title='bbox 1033 5234 1653 5308; x_wconf 83' lang='lat' dir='ltr'>animamintelligit.»</span> <span class='ocrx_word' id='word_1_780' title='bbox 1683 5234 1873 5291; x_wconf 76' lang='lat' dir='ltr'>Verba</span> <span class='ocrx_word' id='word_1_781' title='bbox 1904 5253 2003 5291; x_wconf 90' lang='lat' dir='ltr'>au-</span> 
     </span>
    </p>
   </div>
   <div class='ocr_carea' id='block_1_104' title="bbox 340 5305 2096 5382">
    <p class='ocr_par' dir='ltr' id='par_1_104' title="bbox 340 5305 2096 5382">
     <span class='ocr_line' id='line_1_106' title="bbox 340 5305 2096 5382; baseline 0.002 -22"><span class='ocrx_word' id='word_1_782' title='bbox 340 5310 483 5382; x_wconf 71' lang='lat' dir='ltr'>tem,</span> <span class='ocrx_word' id='word_1_783' title='bbox 531 5307 668 5361; x_wconf 76' lang='grc' dir='ltr'>κατὰ</span> <span class='ocrx_word' id='word_1_784' title='bbox 695 5305 1209 5382; x_wconf 52' lang='lat' dir='ltr'>tulic__1ﬁc__‘rpo1tﬁq</span> <span class='ocrx_word' id='word_1_785' title='bbox 1247 5305 1472 5382; x_wconf 78' lang='grc' dir='ltr'>νόμους,</span> <span class='ocrx_word' id='word_1_786' title='bbox 1508 5305 1732 5382; x_wconf 61' lang='lat' dir='ltr'>Jjuxta</span> <span class='ocrx_word' id='word_1_787' title='bbox 1780 5307 1997 5380; x_wconf 88' lang='lat' dir='ltr'>allego-</span> <span class='ocrx_word' id='word_1_788' title='bbox 2093 5331 2096 5334; x_wconf 69' lang='grc'><strong>’</strong></span> 
     </span>
    </p>
   </div>
   <div class='ocr_carea' id='block_1_105' title="bbox 340 5377 2001 5453">
    <p class='ocr_par' dir='ltr' id='par_1_105' title="bbox 340 5377 2001 5453">
     <span class='ocr_line' id='line_1_107' title="bbox 340 5377 2001 5453; baseline 0.002 -21"><span class='ocrx_word' id='word_1_789' title='bbox 340 5377 438 5453; x_wconf 78' lang='lat' dir='ltr'>riae</span> <span class='ocrx_word' id='word_1_790' title='bbox 469 5378 648 5453; x_wconf 85' lang='lat' dir='ltr'>leges,</span> <span class='ocrx_word' id='word_1_791' title='bbox 686 5403 715 5430; x_wconf 91' lang='lat'>»</span> <span class='ocrx_word' id='word_1_792' title='bbox 744 5379 832 5437; x_wconf 91' lang='lat' dir='ltr'>vel</span> <span class='ocrx_word' id='word_1_793' title='bbox 864 5397 898 5436; x_wconf 90' lang='lat' dir='ltr'>a</span> <span class='ocrx_word' id='word_1_794' title='bbox 926 5377 1095 5438; x_wconf 52' lang='lat' dir='ltr'>Bill&#39;io</span> <span class='ocrx_word' id='word_1_795' title='bbox 1127 5397 1242 5438; x_wconf 92' lang='lat' dir='ltr'>non</span> <span class='ocrx_word' id='word_1_796' title='bbox 1274 5377 1522 5452; x_wconf 84' lang='lat' dir='ltr'>reddita,</span> <span class='ocrx_word' id='word_1_797' title='bbox 1553 5377 1640 5437; x_wconf 81' lang='lat' dir='ltr'>vel</span> <span class='ocrx_word' id='word_1_798' title='bbox 1671 5398 1705 5437; x_wconf 89' lang='lat' dir='ltr'>a</span> <span class='ocrx_word' id='word_1_799' title='bbox 1734 5377 2001 5453; x_wconf 72' lang='lat' dir='ltr'>typogra-</span> 
     </span>
    </p>
   </div>
   <div class='ocr_carea' id='block_1_106' title="bbox 339 5449 733 5523">
    <p class='ocr_par' dir='ltr' id='par_1_106' title="bbox 339 5449 733 5523">
     <span class='ocr_line' id='line_1_108' title="bbox 339 5449 733 5523; baseline 0.01 -18"><span class='ocrx_word' id='word_1_800' title='bbox 339 5449 457 5523; x_wconf 90' lang='lat' dir='ltr'>pho</span> <span class='ocrx_word' id='word_1_801' title='bbox 490 5449 733 5523; x_wconf 74' lang='lat' dir='ltr'>omissa.</span> 
     </span>
    </p>
   </div>
   <div class='ocr_carea' id='block_1_107' title="bbox 431 5521 1268 5596">
    <p class='ocr_par' dir='ltr' id='par_1_107' title="bbox 431 5521 1268 5596">
     <span class='ocr_line' id='line_1_109' title="bbox 431 5521 1268 5596; baseline -0.001 -15"><span class='ocrx_word' id='word_1_802' title='bbox 555 5521 739 5596; x_wconf 66' lang='lat' dir='ltr'>031m.</span> <span class='ocrx_word' id='word_1_803' title='bbox 765 5525 902 5596; x_wconf 80' lang='lat' dir='ltr'>Reg.</span> <span class='ocrx_word' id='word_1_804' title='bbox 931 5523 1054 5596; x_wconf 79' lang='lat' dir='ltr'>bm,</span> <span class='ocrx_word' id='word_1_805' title='bbox 1087 5525 1268 5596; x_wconf 71' lang='grc' dir='ltr'>τοῦτο.</span> 
     </span>
    </p>
   </div>
   <div class='ocr_carea' id='block_1_108' title="bbox 431 5595 1996 5671">
    <p class='ocr_par' dir='ltr' id='par_1_108' title="bbox 431 5595 1996 5671">
     <span class='ocr_line' id='line_1_110' title="bbox 431 5595 1996 5671; baseline 0 -21"><span class='ocrx_word' id='word_1_806' title='bbox 431 5595 522 5671; x_wconf 72' lang='lat'>69)</span> <span class='ocrx_word' id='word_1_807' title='bbox 553 5596 640 5652; x_wconf 88' lang='grc' dir='ltr'>Ἐν</span> <span class='ocrx_word' id='word_1_808' title='bbox 677 5595 926 5671; x_wconf 32' lang='grc' dir='ltr'>σώματι.-</span> <span class='ocrx_word' id='word_1_809' title='bbox 945 5595 1039 5652; x_wconf 88' lang='lat' dir='ltr'>Sic</span> <span class='ocrx_word' id='word_1_810' title='bbox 1069 5595 1268 5668; x_wconf 89' lang='lat' dir='ltr'>plures</span> <span class='ocrx_word' id='word_1_811' title='bbox 1301 5595 1700 5671; x_wconf 82' lang='lat' dir='ltr'>Regg.,Coisl.</span> <span class='ocrx_word' id='word_1_812' title='bbox 1737 5597 1791 5668; x_wconf 83' lang='lat'>1,</span> <span class='ocrx_word' id='word_1_813' title='bbox 1825 5595 1923 5654; x_wconf 92' lang='lat' dir='ltr'>Or.</span> <span class='ocrx_word' id='word_1_814' title='bbox 1940 5595 1996 5666; x_wconf 91' lang='lat'>2,</span> 
     </span>
    </p>
   </div>
   <div class='ocr_carea' id='block_1_109' title="bbox 339 5667 952 5727">
    <p class='ocr_par' dir='ltr' id='par_1_109' title="bbox 339 5667 952 5727">
     <span class='ocr_line' id='line_1_111' title="bbox 339 5667 952 5727; baseline -0.002 -3"><span class='ocrx_word' id='word_1_815' title='bbox 339 5669 453 5726; x_wconf 81' lang='lat' dir='ltr'>etc.</span> <span class='ocrx_word' id='word_1_816' title='bbox 485 5667 655 5727; x_wconf 86' lang='lat' dir='ltr'>Deest</span> <span class='ocrx_word' id='word_1_817' title='bbox 687 5668 738 5723; x_wconf 73' lang='lat' dir='ltr'>tv</span> <span class='ocrx_word' id='word_1_818' title='bbox 771 5669 831 5724; x_wconf 90' lang='lat' dir='ltr'>in</span> <span class='ocrx_word' id='word_1_819' title='bbox 861 5667 952 5723; x_wconf 90' lang='lat' dir='ltr'>ed.</span> 
     </span>
    </p>
   </div>
   <div class='ocr_carea' id='block_1_110' title="bbox 413 5733 2001 5816">
    <p class='ocr_par' dir='ltr' id='par_1_110' title="bbox 413 5733 2001 5816">
     <span class='ocr_line' id='line_1_112' title="bbox 413 5733 2001 5816; baseline 0 -21"><span class='ocrx_word' id='word_1_820' title='bbox 413 5739 527 5816; x_wconf 86' lang='lat'>(70)</span> <span class='ocrx_word' id='word_1_821' title='bbox 552 5739 618 5797; x_wconf 72' lang='lat' dir='ltr'>Et</span> <span class='ocrx_word' id='word_1_822' title='bbox 649 5737 707 5798; x_wconf 63' lang='grc' dir='ltr'>δὲ</span> <span class='ocrx_word' id='word_1_823' title='bbox 750 5738 842 5797; x_wconf 81' lang='grc' dir='ltr'>καῖ</span> <span class='ocrx_word' id='word_1_824' title='bbox 868 5741 975 5797; x_wconf 83' lang='grc' dir='ltr'>τῶν</span> <span class='ocrx_word' id='word_1_825' title='bbox 1005 5741 1333 5814; x_wconf 84' lang='grc' dir='ltr'>σωματικῶν</span> <span class='ocrx_word' id='word_1_826' title='bbox 1378 5734 1518 5798; x_wconf 64' lang='grc' dir='ltr'>ἔστιν</span> <span class='ocrx_word' id='word_1_827' title='bbox 1553 5737 1586 5795; x_wconf 79' lang='grc' dir='ltr'>ἃ</span> <span class='ocrx_word' id='word_1_828' title='bbox 1615 5733 1887 5816; x_wconf 75' lang='grc' dir='ltr'>λαμϐάνοι</span> <span class='ocrx_word' id='word_1_829' title='bbox 1915 5757 2001 5803; x_wconf 84' lang='grc' dir='ltr'>τις</span> 
     </span>
    </p>
   </div>
   <div class='ocr_carea' id='block_1_111' title="bbox 2109 4942 3770 5021">
    <p class='ocr_par' dir='ltr' id='par_1_111' title="bbox 2109 4942 3770 5021">
     <span class='ocr_line' id='line_1_113' title="bbox 2109 4942 3770 5021; baseline 0.006 -24"><span class='ocrx_word' id='word_1_830' title='bbox 2109 4942 2497 5021; x_wconf 56' lang='grc' dir='ltr'>αἰσθητηρίων.</span> <span class='ocrx_word' id='word_1_831' title='bbox 2534 4947 2628 5021; x_wconf 92' lang='lat' dir='ltr'>_Sic</span> <span class='ocrx_word' id='word_1_832' title='bbox 2673 4947 2887 5021; x_wconf 82' lang='lat' dir='ltr'>Regg.,_</span> <span class='ocrx_word' id='word_1_833' title='bbox 2924 4964 2980 5021; x_wconf 48' lang='lat'>9,,</span> <span class='ocrx_word' id='word_1_834' title='bbox 3030 4948 3304 5021; x_wconf 78' lang='lat' dir='ltr'>bm,_tres</span> <span class='ocrx_word' id='word_1_835' title='bbox 3352 4948 3537 5018; x_wconf 90' lang='lat' dir='ltr'>Colb.,</span> <span class='ocrx_word' id='word_1_836' title='bbox 3585 4949 3680 5005; x_wconf 90' lang='lat' dir='ltr'>Or.</span> <span class='ocrx_word' id='word_1_837' title='bbox 3712 4952 3770 5007; x_wconf 87' lang='lat'>2.</span> 
     </span>
    </p>
   </div>
   <div class='ocr_carea' id='block_1_112' title="bbox 2108 5015 3771 5094">
    <p class='ocr_par' dir='ltr' id='par_1_112' title="bbox 2108 5015 3771 5094">
     <span class='ocr_line' id='line_1_114' title="bbox 2108 5015 3771 5094; baseline 0.001 -20"><span class='ocrx_word' id='word_1_838' title='bbox 2108 5019 2264 5094; x_wconf 84' lang='lat' dir='ltr'>P_ar.,</span> <span class='ocrx_word' id='word_1_839' title='bbox 2296 5015 2355 5074; x_wconf 69' lang='lat' dir='ltr'>et</span> <span class='ocrx_word' id='word_1_840' title='bbox 2381 5018 2500 5094; x_wconf 67' lang='lat' dir='ltr'>J68.</span> <span class='ocrx_word' id='word_1_841' title='bbox 2523 5019 2598 5094; x_wconf 83' lang='lat' dir='ltr'>_In</span> <span class='ocrx_word' id='word_1_842' title='bbox 2648 5015 2828 5094; x_wconf 57' lang='lat' dir='ltr'>edit:</span> <span class='ocrx_word' id='word_1_843' title='bbox 2845 5018 2891 5073; x_wconf 82' lang='grc' dir='ltr'>εί</span> <span class='ocrx_word' id='word_1_844' title='bbox 2921 5015 3110 5094; x_wconf 44' lang='grc' dir='ltr'>’ὁὶ-καὶ</span> <span class='ocrx_word' id='word_1_845' title='bbox 3139 5015 3262 5094; x_wconf 50' lang='lat' dir='ltr'>tiri</span> <span class='ocrx_word' id='word_1_846' title='bbox 3285 5022 3394 5074; x_wconf 90' lang='grc' dir='ltr'>τῶν</span> <span class='ocrx_word' id='word_1_847' title='bbox 3444 5015 3771 5094; x_wconf 65' lang='grc' dir='ltr'>σωματικῶν</span> 
     </span>
    </p>
   </div>
   <div class='ocr_carea' id='block_1_113' title="bbox 2110 5085 3772 5179">
    <p class='ocr_par' dir='ltr' id='par_1_113' title="bbox 2110 5085 3772 5179">
     <span class='ocr_line' id='line_1_115' title="bbox 2110 5085 3772 5179; baseline 0.003 -37"><span class='ocrx_word' id='word_1_848' title='bbox 2110 5085 2475 5179; x_wconf 60' lang='grc' dir='ltr'>αἰσθητηρίων</span> <span class='ocrx_word' id='word_1_849' title='bbox 2507 5085 2804 5179; x_wconf 41' lang='grc' dir='ltr'>λαμϐάνοι</span> <span class='ocrx_word' id='word_1_850' title='bbox 2833 5112 2937 5153; x_wconf 87' lang='grc' dir='ltr'>τις.</span> <span class='ocrx_word' id='word_1_851' title='bbox 2989 5092 3288 5160; x_wconf 83' lang='lat' dir='ltr'>Nonnulli,</span> <span class='ocrx_word' id='word_1_852' title='bbox 3325 5110 3428 5165; x_wconf 91' lang='lat' dir='ltr'>pro</span> <span class='ocrx_word' id='word_1_853' title='bbox 3474 5085 3772 5167; x_wconf 70' lang='grc' dir='ltr'>λαμϐάνοι,</span> 
     </span>
    </p>
   </div>
   <div class='ocr_carea' id='block_1_114' title="bbox 2111 5161 3257 5308">
    <p class='ocr_par' dir='ltr' id='par_1_114' title="bbox 2111 5161 3257 5308">
     <span class='ocr_line' id='line_1_116' title="bbox 2111 5161 2676 5233; baseline 0 -15"><span class='ocrx_word' id='word_1_854' title='bbox 2111 5161 2354 5229; x_wconf 72' lang='lat' dir='ltr'>habent,</span> <span class='ocrx_word' id='word_1_855' title='bbox 2386 5161 2676 5233; x_wconf 69' lang='grc' dir='ltr'>λαμϐάνει.</span> 
     </span>
     <span class='ocr_line' id='line_1_117' title="bbox 2183 5234 3257 5308; baseline 0.002 -20"><span class='ocrx_word' id='word_1_856' title='bbox 2183 5235 2292 5308; x_wconf 76' lang='grc'>(71)</span> <span class='ocrx_word' id='word_1_857' title='bbox 2327 5234 2663 5304; x_wconf 72' lang='grc' dir='ltr'>Νοουμένου.</span> <span class='ocrx_word' id='word_1_858' title='bbox 2700 5235 2838 5308; x_wconf 78' lang='lat' dir='ltr'>Reg.</span> <span class='ocrx_word' id='word_1_859' title='bbox 2875 5234 3257 5308; x_wconf 75' lang='grc' dir='ltr'>θ.,ὁρωμένου.</span> 
     </span>
    </p>
   </div>
   <div class='ocr_carea' id='block_1_115' title="bbox 2183 5235 3774 5386">
    <p class='ocr_par' dir='ltr' id='par_1_115' title="bbox 2183 5235 3774 5386">
     <span class='ocr_line' id='line_1_118' title="bbox 2206 5235 3257 5308; baseline 0.002 -20"><span class='ocrx_word' id='word_1_860' title='bbox 2206 5236 2292 5294; x_wconf 76' lang='grc'>71)</span> <span class='ocrx_word' id='word_1_861' title='bbox 2327 5235 2663 5304; x_wconf 72' lang='grc' dir='ltr'>Νοουμένου.</span> <span class='ocrx_word' id='word_1_862' title='bbox 2700 5235 2838 5307; x_wconf 82' lang='lat' dir='ltr'>Reg.</span> <span class='ocrx_word' id='word_1_863' title='bbox 2875 5254 2927 5304; x_wconf 84' lang='lat' dir='ltr'>a,</span> <span class='ocrx_word' id='word_1_864' title='bbox 2954 5235 3257 5308; x_wconf 79' lang='grc' dir='ltr'>ὁρωμένου.</span> 
     </span>
     <span class='ocr_line' id='line_1_119' title="bbox 2183 5235 3774 5386; baseline 0.003 -27"><span class='ocrx_word' id='word_1_865' title='bbox 2183 5235 2295 5379; x_wconf 77' lang='grc'>(72)</span> <span class='ocrx_word' id='word_1_866' title='bbox 2363 5306 2838 5383; x_wconf 78' lang='grc' dir='ltr'>Σκιαγραφούσας.</span> <span class='ocrx_word' id='word_1_867' title='bbox 2911 5307 3149 5379; x_wconf 80' lang='lat' dir='ltr'>Regius,</span> <span class='ocrx_word' id='word_1_868' title='bbox 3215 5309 3340 5377; x_wconf 90' lang='lat' dir='ltr'>bm,</span> <span class='ocrx_word' id='word_1_869' title='bbox 3407 5307 3774 5386; x_wconf 85' lang='grc' dir='ltr'>σκιαγραφού-</span> 
     </span>
    </p>
   </div>
   <div class='ocr_carea' id='block_1_116' title="bbox 2114 5398 3776 5525">
    <p class='ocr_par' dir='ltr' id='par_1_116' title="bbox 2114 5398 3776 5525">
     <span class='ocr_line' id='line_1_120' title="bbox 2114 5398 3776 5525; baseline 0.031 -1"><span class='ocrx_word' id='word_1_870' title='bbox 2114 5398 2465 5525; x_wconf 35' lang='grc' dir='ltr'>έηῗ73),ᾋπὸ</span> <span class='ocrx_word' id='word_1_871' title='bbox 2517 5447 2818 5525; x_wconf 55' lang='grc' dir='ltr'>πᾳρόντςυνε</span> <span class='ocrx_word' id='word_1_872' title='bbox 2878 5453 3047 5525; x_wconf 51' lang='lat' dir='ltr'>De?”</span> <span class='ocrx_word' id='word_1_873' title='bbox 3103 5447 3208 5504; x_wconf 70' lang='grc' dir='ltr'>ἀπό</span> <span class='ocrx_word' id='word_1_874' title='bbox 3265 5450 3325 5506; x_wconf 72' lang='lat' dir='ltr'>in</span> <span class='ocrx_word' id='word_1_875' title='bbox 3387 5451 3567 5525; x_wconf 50' lang='grc' dir='ltr'>Μεθ’</span> <span class='ocrx_word' id='word_1_876' title='bbox 3628 5470 3662 5508; x_wconf 65' lang='lat' dir='ltr'><strong>a</strong></span> <span class='ocrx_word' id='word_1_877' title='bbox 3718 5456 3776 5508; x_wconf 65' lang='lat' dir='ltr'>et</span> 
     </span>
    </p>
   </div>
   <div class='ocr_carea' id='block_1_117' title="bbox 2109 5519 3773 5605">
    <p class='ocr_par' dir='ltr' id='par_1_117' title="bbox 2109 5519 3773 5605">
     <span class='ocr_line' id='line_1_121' title="bbox 2109 5519 3773 5605; baseline 0.001 -27"><span class='ocrx_word' id='word_1_878' title='bbox 2109 5519 2397 5605; x_wconf 31' lang='lat' dir='ltr'>limaAlii,</span> <span class='ocrx_word' id='word_1_879' title='bbox 2451 5519 2683 5578; x_wconf 76' lang='lat' dir='ltr'>sublato</span> <span class='ocrx_word' id='word_1_880' title='bbox 2715 5519 2841 5593; x_wconf 84' lang='grc' dir='ltr'>ἀπό,</span> <span class='ocrx_word' id='word_1_881' title='bbox 2878 5522 3114 5590; x_wconf 85' lang='lat' dir='ltr'>habent,</span> <span class='ocrx_word' id='word_1_882' title='bbox 3165 5525 3275 5577; x_wconf 88' lang='grc' dir='ltr'>τῶν</span> <span class='ocrx_word' id='word_1_883' title='bbox 3307 5519 3593 5598; x_wconf 63' lang='grc' dir='ltr'>παρόντων</span> <span class='ocrx_word' id='word_1_884' title='bbox 3629 5526 3773 5593; x_wconf 89' lang='lat' dir='ltr'>[me-</span> 
     </span>
    </p>
   </div>
   <div class='ocr_carea' id='block_1_118' title="bbox 2112 5595 3772 5741">
    <p class='ocr_par' dir='ltr' id='par_1_118' title="bbox 2112 5595 3772 5741">
     <span class='ocr_line' id='line_1_122' title="bbox 2112 5595 3772 5741; baseline -0.011 -4"><span class='ocrx_word' id='word_1_885' title='bbox 2112 5595 2299 5741; x_wconf 52' lang='lat' dir='ltr'>l_m(s7]’;)</span> <span class='ocrx_word' id='word_1_886' title='bbox 2330 5664 2692 5741; x_wconf 56' lang='lat' dir='ltr'>&#39;Aﬁuzrivato,</span> <span class='ocrx_word' id='word_1_887' title='bbox 2725 5662 2880 5741; x_wconf 63' lang='grc' dir='ltr'>φησί.</span> <span class='ocrx_word' id='word_1_888' title='bbox 2936 5666 3030 5741; x_wconf 79' lang='lat' dir='ltr'>Sic</span> <span class='ocrx_word' id='word_1_889' title='bbox 3062 5664 3259 5738; x_wconf 89' lang='lat' dir='ltr'>plures</span> <span class='ocrx_word' id='word_1_890' title='bbox 3290 5667 3468 5741; x_wconf 85' lang='lat' dir='ltr'>Regg.</span> <span class='ocrx_word' id='word_1_891' title='bbox 3502 5671 3560 5724; x_wconf 87' lang='lat' dir='ltr'>et</span> <span class='ocrx_word' id='word_1_892' title='bbox 3589 5665 3772 5736; x_wconf 88' lang='lat' dir='ltr'>Colb.,</span> 
     </span>
    </p>
   </div>
   <div class='ocr_carea' id='block_1_119' title="bbox 2112 5737 3025 5815">
    <p class='ocr_par' dir='ltr' id='par_1_119' title="bbox 2112 5737 3025 5815">
     <span class='ocr_line' id='line_1_123' title="bbox 2112 5737 3025 5815; baseline -0.002 -17"><span class='ocrx_word' id='word_1_893' title='bbox 2112 5737 2209 5798; x_wconf 69' lang='lat' dir='ltr'>or.</span> <span class='ocrx_word' id='word_1_894' title='bbox 2238 5737 2294 5812; x_wconf 82' lang='lat'>2,</span> <span class='ocrx_word' id='word_1_895' title='bbox 2329 5741 2439 5794; x_wconf 84' lang='lat' dir='ltr'>etc.</span> <span class='ocrx_word' id='word_1_896' title='bbox 2472 5737 2645 5796; x_wconf 88' lang='lat' dir='ltr'>Deest</span> <span class='ocrx_word' id='word_1_897' title='bbox 2675 5737 2809 5815; x_wconf 71' lang='grc' dir='ltr'>φησι</span> <span class='ocrx_word' id='word_1_898' title='bbox 2839 5737 2903 5796; x_wconf 89' lang='lat' dir='ltr'>in</span> <span class='ocrx_word' id='word_1_899' title='bbox 2933 5739 3025 5796; x_wconf 90' lang='lat' dir='ltr'>ed.</span> 
     </span>
    </p>
   </div>
  </div>
