4090 6424
388 396 506 468 9'6"?

1635 401 1702 460 S.
1750 396 2124 459 GREGORII
2174 397 2572 460 THEOLOGI

3681 407 3792 470 968

385 541 599 612 inquit,
629 537 906 596 consolari
949 537 1141 592 anima
1186 551 1310 591 mea
1341 537 1383 589 ί.
1424 533 1685 589 Andisne
1729 531 2023 588 anxietati:

2156 527 2273 592 ’δίας
2307 529 2525 607 ῥήματα
2555 533 2675 605 (75)
2701 531 2790 586 καὶ
2835 531 3235 609 ἀπογνώσεως;
3286 532 3408 607 Ἆρ’
3455 531 3551 588 οὐκ
3596 531 3788 604 ἔδεισας

386 635 445 687 et
474 627 902 702 desperationis
930 627 1109 683 verba
1128 627 1155 681 ?
1184 627 1337 681 Num
1369 624 1500 696 quis
1533 629 1589 680 te
1607 621 1847 678 Davidis
1867 637 2051 678 causa

383 723 563 778 timur
591 719 826 790 invasit,
878 717 1046 790 quasi
1080 715 1393 772 incurabili
1444 714 1648 769 morbo
1702 709 2047 768 laboraret?

386 812 536 878 Quid
569 811 656 867 ais
676 809 704 865 ?
732 809 859 864 Non
890 806 1154 862 admittis
1186 803 1644 860 consolationem
1669 807 1691 858 Ρ
1715 802 1904 874 Negas
1936 800 2045 856 tibi

386 901 580 958 solatii
610 914 774 972 spem
825 897 1006 952 ullam
1040 893 1417 966 superstitem
1464 909 1594 948 esse
1613 892 1640 946 ?
1670 889 1908 948 Nihilne
1936 889 2043 946 tibi

384 987 764 1048 medebitur?
795 987 919 1042 Non
972 1001 1186 1052 sermo,
1219 1000 1334 1039 non
1367 981 1616 1052 amicus,
1653 998 1766 1037 non
1802 981 2040 1053 propin-

384 1098 558 1153 quus,
593 1096 708 1135 non
763 1075 1037 1143 monitor,
1073 1092 1187 1130 non
1237 1072 1454 1129 doloris
1503 1071 1728 1128 socium
1780 1087 1841 1127 se
1889 1087 2036 1142 prae-

382 1172 548 1238 bens,
583 1186 697 1224 non
729 1184 822 1223 res
854 1183 994 1222 suas
1025 1164 1300 1220 adversas
1333 1179 1656 1234 exponens,
1690 1177 1804 1216 non
1845 1165 2038 1216 vetera

381 1273 1005 1323 commemorans,non
1038 1252 1348 1327 praesentia
1378 1268 1513 1307 cum
1546 1250 1662 1307 illis
1686 1266 2035 1322 comparans

376 1353 550 1421 atque
598 1347 935 1417 ostendens,
969 1361 1146 1417 quam
1196 1341 1367 1398 multi
1420 1341 1692 1396 homines
1740 1339 1915 1395 etiam
1967 1356 2035 1395 ex

374 1438 762 1495 atrocioribus
820 1435 994 1492 malis
1069 1432 1361 1490 evaserint
1405 1431 1432 1485 ?
1490 1431 1715 1487 Siccine
1774 1432 2034 1502 projecta

375 1533 533 1600 sunt,
578 1527 951 1592 interierunt,
1004 1523 1238 1579 concisa
1287 1525 1430 1577 sunt
1477 1521 1675 1576 omnia
1715 1519 1742 1574 ?
1807 1519 2032 1575 Siccine

370 1636 506 1692 spes
537 1617 734 1673 omnis
782 1614 1001 1688 periit?
1030 1613 1144 1668 Nec
1176 1611 1497 1683 quidquam
1531 1609 1690 1665 aliud
1736 1614 2028 1681 superest,

369 1725 549 1781 quam
581 1711 649 1762 ut
688 1707 951 1776 jacentes
1002 1707 1058 1758 et
1104 1700 1301 1774 supini
1351 1700 1527 1756 ﬁnem
1574 1701 2032 1770 exspectemus?

368 1799 500 1854 Haec
529 1811 786 1868 magnus
835 1791 934 1849 ille
967 1792 1164 1859 David,
1201 1791 1300 1862 qui
1349 1788 1568 1861 alioqui
1600 1789 1662 1844 in
1694 1787 2024 1844 tribulatio-

2161 621 2238 682 ὡς
2269 621 2391 696 περὶ
2426 621 2786 696 ἀθεραπεύτου
2815 627 2912 676 τοῦ
2957 615 3160 690 Δαϐίδ;
3204 620 3264 675 Τί
3312 618 3528 696 λέγεις;
3565 624 3635 680 Οὐ
3665 623 3790 703 δέχῃ

2157 708 2544 786 παράκλησιν;
2597 708 2913 780 ἀπελπίζεις
2969 709 3353 787 παραμυθίαν,
3422 709 3594 775 οὐδεὶς
3648 726 3788 792 θερα-

2154 801 2340 856 πεύσει
2371 803 2485 875 (76)
2536 822 2630 871 σε;
2678 801 2740 857 οὐ
2792 801 2980 877 λόγος,
3023 801 3086 856 οὗ
3118 801 3300 879 φίλος,
3335 802 3396 857 οὗ
3428 806 3697 880 συγγενὴς,
3726 807 3782 862 οὗ

2152 887 2568 966 συμϐουλεύων,
2627 893 2688 948 οὐ
2745 892 3051 969 συναλγῶν,
3107 893 3169 949 οὐ
3227 893 3294 949 τὰ
3344 896 3460 950 καθ’
3508 896 3680 952 ἑαυτὸν
3707 896 3779 953 δι-

2152 983 2476 1059 ηγούμενος,
2527 983 2588 1037 οὐ
2639 983 2707 1038 τὸ.
2747 983 2954 1060 ἀρχαῖα
3000 982 3191 1059 λέγων,
3240 984 3301 1039 ού
3357 985 3423 1039 τὰ
3451 989 3539 1039 νῦν
3565 1007 3776 1062 παρατι-

2148 1071 2278 1141 θεὶς,
2313 1072 2430 1127 ὅσοι
2461 1073 2550 1128 καὶ
2590 1072 2695 1128 ἀπὸ
2747 1072 3149 1150 χαλεπωτέρων
3205 1077 3382 1128 κακῶν
3435 1071 3770 1147 διεσώθησαν;

2148 1161 2437 1238 Ἐῤῥιπται
2485 1164 2691 1234 πάντα;
2745 1160 2994 1238 οἷ’χεται;
3047 1165 3471 1239 περικέκοπται;
3537 1165 3767 1222 ἀπόλωλε

2144 1257 2290 1307 πᾶσα
2333 1251 2528 1322 έλπίς;
2573 1259 2782 1318 κεῖσθαι
2838 1251 2919 1308 δεῖ
2974 1253 3160 1326 μόνον,
3207 1255 3270 1308 τὸ
3316 1254 3474 1315 τέλος
3503 1252 3762 1330 ἐκδεχομέ-

2143 1361 2306 1412 νους;
2341 1347 2516 1398 Ταῦτα
2546 1345 2573 1398 ὁ
2609 1344 2770 1418 μέγας
2802 1339 2992 1414 Δαϐὶδ,
3025 1344 3052 1397 ὁ
3085 1343 3136 1398 ἐν
3188 1341 3405 1418 θλίψεσι
3455 1343 3762 1418 πλατυνόμε-

2142 1452 2232 1494 νος
2259 1451 2272 1463 ⁸
2308 1434 2336 1487 6
2365 1432 2454 1487 καὶ
2493 1440 2646 1496 σκιᾶς
2701 1432 2930 1498 θανάτου
2979 1431 3290 1502 κυκλούσης
3343 1433 3478 1507 μετὰ
3521 1438 3610 1488 τοῦ
3654 1438 3771 1488 Θεοῦ

2141 1521 2675 1596 κατεξανιστάμενος.
2723 1522 2782 1576 Τί
2835 1523 2925 1576 οὗν
2979 1521 3089 1598 ἐγὼ
3160 1523 3336 1594 πάθω,
3401 1523 3429 1577 6
3497 1522 3700 1597 μικρὸς,
3751 1523 3775 1576 6

2139 1610 2390 1681 ἀσθενὴς,
2448 1613 2476 1666 6
2527 1615 2736 1687 γήϊνος,
2789 1613 2815 1667 6
2852 1613 2928 1685 μή
2961 1616 3221 1674 τοσοῦτος
3253 1612 3331 1684 τῷ
3361 1611 3654 1685 πνεύματι;
3687 1619 3777 1665 Δα-

2140 1694 2228 1754 ϐἱδ
2263 1700 2498 1776 ἷλιγγιᾷ,
2557 1701 2646 1755 καὶ
2678 1702 2760 1764 τίς
2819 1703 3085 1772 σώζεται;
3136 1701 3263 1756 Τίνα
3316 1703 3561 1776 βοήθειαν
3612 1701 3781 1777 εὕροι-

2141 1810 2200 1861 μι
2248 1791 2355 1862 (77)
2405 1792 2755 1863 κακοπαθῶν,
2814 1791 2848 1859 ἣ
2901 1790 3023 1845 τίνα
3070 1790 3444 1868 παράκλησιν;
3503 1791 3636 1867 πρὸς
3664 1789 3782 1844 τίνα

372 1887 549 1945 nibus
601 1884 888 1940 dilatatur
912 1883 970 1951 ²;
1003 1883 1123 1954 qui,
1156 1878 1244 1936 vel
1275 1879 1486 1934 mortis
1512 1879 1724 1934 umbra
1770 1877 2023 1934 circum-

2140 1879 2426 1957 καταφύγω
2495 1879 3049 1956 στενοχωρούμενος;
3114 1879 3489 1954 ’Δποκρίνεταί
3543 1901 3624 1934 σοι
3683 1889 3780 1934 Δα-

2148 1963 2235 1986 ρηδ
2293 1969 2305 1986 ρ
2415 1971 2425 1986 1
2583 1972 2606 1986 Λ
2860 1971 2872 1986 \
2999 1972 3012 1986 σι
3140 1971 3153 1986 \
3300 1969 3312 1986 I
3382 1971 3393 1986 I
3717 1973 3742 1982 -

372 1978 540 2033 fusus
579 1975 621 2045 3,
685 1973 783 2030 Dei
839 1977 1038 2028 tamen
1088 1987 1195 2042 ope
1246 1969 1515 2037 obnixus,
1563 1969 1840 2023 adversus
1897 1983 2025 2022 eam

371 2065 652 2137 exsurgit.
709 2062 999 2127 Quidnam
1032 2061 1210 2132 igitur
1258 2075 1352 2115 me
1403 2059 1588 2113 facere
1640 2075 1745 2129 par
1793 2063 1900 2124 est,
1934 2071 2028 2111 me

369 2172 611 2228 parvum
659 2158 716 2209 et
761 2151 1135 2218 imbecillem,
1195 2166 1289 2204 me
1331 2153 1654 2212 terrenum,
1714 2164 1818 2202 nec
1864 2151 2029 2202 tanta

367 2246 611 2318 spiritus
643 2242 921 2300 facultate
953 2239 1308 2313 praeditum?
1340 2238 1518 2294 David
1569 2241 1800 2305 astuat,
1835 2253 2028 2309 neque

364 2334 541 2390 habet
571 2351 686 2404 quo
727 2349 789 2389 se
817 2335 1023 2401 vertat,
1058 2335 1117 2386 et
1158 2330 1291 2403 quis
1344 2330 1542 2384 salvus
1593 2345 1722 2384 esse
1769 2327 2028 2399 poterit?

365 2427 500 2490 Quae
529 2440 622 2480 res
652 2422 798 2478 mihi
843 2419 1157 2489 laboranti,
1208 2418 1295 2475 vel
1347 2418 1639 2486 subsidio,
1673 2416 1760 2472 vel
1815 2416 2024 2474 solatio

367 2512 566 2568 futura
595 2510 820 2568 est?Ad
853 2526 1028 2584 quem
1052 2510 1112 2564 in
1136 2507 1440 2580 angustias
1472 2507 1742 2562 redactus
1765 2505 2027 2579 fugiam?

368 2601 497 2658 Tibi
528 2617 876 2674 responsum
901 2599 1117 2672 praebet
1135 2598 1598 2669 David,magnus
1622 2596 1716 2652 ille
1740 2595 2023 2665 medicus,

369 2709 435 2748 ac
466 2691 654 2748 malos
683 2691 856 2746 etiam
888 2689 1134 2761 spiritus
1168 2705 1266 2759 per
1288 2687 1570 2759 Spiritum
1599 2685 1660 2741 in
1691 2687 1820 2758 ipso
1854 2686 2027 2741 habi-

367 2788 589 2839 tantem
620 2781 932 2836 incantans
963 2778 1093 2833 ‘.Ad
1123 2793 1300 2849 quem
1332 2776 1636 2847 confugies
1665 2790 1733 2830 ex
1763 2791 1856 2829 me
1879 2774 2026 2830 scire

367 2872 556 2946 cupis,
591 2888 696 2927 nec
725 2887 829 2943 per
858 2875 912 2924 te
942 2869 1069 2941 ipse
1098 2865 1379 2939 intelligis
1399 2867 1426 2921 ?
1457 2865 1597 2930 Quis
1628 2869 1738 2933 est,
1772 2864 1873 2937 qui
1903 2863 2026 2921 lan-

362 2962 574 3034 guidas
606 2977 819 3016 manus
873 2958 1130 3028 roborat,
1163 2960 1220 3013 et
1270 2973 1462 3028 genua
1492 2954 1781 3011 dissoluta
1811 2955 2021 3010 conﬁr-

363 3055 489 3106 mat
517 3051 557 3122 ⁵,
591 3054 649 3105 et
676 3066 780 3121 per
831 3049 1027 3120 ignem
1061 3046 1249 3115 ducit,
1283 3050 1338 3100 et
1368 3062 1471 3118 per
1519 3062 1733 3118 aquam
1769 3043 2022 3100 salutem

364 3140 582 3196 affert?
613 3137 792 3206 Nihil,
844 3137 1059 3208 inquit,
1092 3135 1386 3191 instructa
1415 3135 1539 3190 acie
1582 3151 1729 3206 opus
1761 3139 1870 3200 est,
1903 3151 2020 3188 non

365 3228 566 3297 armis,
600 3245 718 3284 non
751 3225 1090 3298 sagittariis,
1126 3241 1241 3280 non
1273 3224 1596 3296 equitibus,
1637 3240 1753 3278 non
1786 3223 2022 3278 consul-

2147 1963 2235 2022 ϐἰδ
2287 1969 2314 2023 6
2367 1971 2533 2045 μέγας
2582 1971 2934 2046 Θεραπευτὴς,
2993 1972 3020 2025 6
3067 1971 3156 2024 καὶ
3187 1969 3506 2043 πνεύμάτων
3537 1973 3780 2045 πονηρῶν

2137 2056 2452 2129 κατεπᾴδων
2513 2057 2601 2113 διὰ
2654 2064 2750 2114 τοῦ
2801 2060 2852 2114 ἐν
2903 2059 3048 2132 αὐτῷ
3100 2059 3430 2133 Πνεύματος.
3483 2059 3624 2136 Πρὸς
3671 2058 3785 2112 τίνα

2137 2148 2437 2226 καταφεύξῃ
2486 2151 2596 2222 (78)
2649 2152 2778 2225 παρ’
2825 2148 2960 2222 ἐμοῦ
3010 2147 3195 2224 βούλει
3250 2154 3463 2223 μαθεῖν,
3519 2148 3672 2210 αὐτὸς
3730 2145 3785 2202 δὲ

2139 2238 2239 2293 οὐκ
2287 2237 2605 2308 ἐπίστασαι;
2654 2239 2746 2301 Τίς
2796 2240 2823 2293 ὁ
2866 2239 2961 2301 τὰς
3011 2239 3338 2315 παρειμένας
3392 2238 3648 2315 ἐνισχύων
3676 2241 3786 2313 χεῖ-

2140 2349 2256 2403 ρας,
2307 2327 2395 2382 καὶ
2447 2327 2646 2404 γόνατα
2694 2326 3118 2406 παραλελυμένα
3165 2328 3494 2405 παρακαλῶν
3541 2332 3671 2404 (79),
3701 2327 3785 2383 καὶ

2143 2415 2166 2434 ἢ
2207 2419 2219 2436 κ
2367 2419 2380 2436 \
2457 2415 2480 2432 ν
2730 2417 2743 2436 \
2831 2420 2840 2436 ι
3056 2421 3066 2439 ς
3102 2419 3126 2438 υ
3439 2417 3492 2437 ’Ν
3660 2424 3681 2434 σ-

2140 2437 2229 2472 οια
2249 2439 2419 2494 πυρος
2452 2439 2621 2493 αγων,
2653 2439 2741 2472 και
2775 2424 2963 2488 σωζων
2998 2416 3050 2473 δι
3100 2417 3328 2489 υδατος;
3384 2421 3549 2474 Ουὸὲν
3601 2416 3680 2474 δει
3706 2439 3784 2473 σοι

2137 2509 2503 2583 παρατάξεως,
2538 2509 2718 2585 φησὶν,
2767 2508 2876 2583 οὐχ
2917 2507 3126 2581 ὅπλων,
3177 2509 3238 2564 οὗ
3283 2509 3541 2580 τοξοτῶν,
3576 2508 3790 2584 06x11!-

2136 2596 2302 2668 πέων,
2335 2597 2396 2652 οὐ
2429 2593 2779 2671 συμϐούλων,
2812 2597 2874 2652 οὐ
2920 2598 3119 2672 φίλων,
3181 2598 3278 2653 οὐκ
3327 2598 3638 2675 ἐπικουρίας
3695 2600 3787 2667 τῆς

2137 2683 2352 2759 ἔξωθεν.
2412 2694 2602 2764 Ἔχεις
2654 2687 2706 2743 ἰν
2750 2693 2958 2760 σεαυτῷ
3003 2689 3101 2758 τήν
3157 2687 3500 2765 συμμαχίαν,
3548 2690 3608 2753 ἣν
3639 2688 3788 2763 κάγὼ

2134 2777 2225 2832 καὶ
2278 2783 2383 2840 πᾶς
2431 2776 2460 2832 ὅ
2513 2777 2870 2854 βουλόμενος.
2925 2776 3160 2848 Θελῆσαι
3212 2775 3294 2833 δεῖ
3335 2778 3522 2852 μόνον,
3555 2778 3790 2855 ὁρμῆσαι

2139 2866 2322 2940 μόνον.
2373 2866 2564 2944 Ἐγγὺς
2613 2869 2646 2938 ἡ
2689 2865 3054 2944 παρακλησις,
3097 2867 3147 2922 ἐν
3178 2872 3259 2940 τῷ
3293 2867 3523 2942 στόματί
3555 2889 3671 2938 σου,
3700 2866 3787 2923 καὶ

2133 2956 2184 3012 ἐν
2229 2960 2299 3031 τῇ
2349 2956 2511 3033 καρίᾳ
2587 2977 2722 3011 σου’
2774 2958 3083 3030 Ἐμνήσθην
3134 2962 3232 3012 τοῦ
3282 2962 3436 3030 Θεοῦ,
3491 2957 3644 3036 φησὶ,
3700 2959 3786 3012 καὶ

2134 3045 2455 3124 εὐφράνθην.
2500 3046 2559 3100 Τί
2621 3049 2846 3120 μνήμης
2898 3045 3279 3123 ἑτοιμότερος
3349 3050 3636 3120 Μνήσθητι
3701 3045 3787 3102 καὶ

2134 3134 2218 3203 σὺ,
2250 3136 2339 3190 καὶ
2389 3137 2713 3214 εὐφράνθη-δ.
2763 3137 2826 3190 Ὠ
2867 3141 2963 3191 τοῦ
3023 3137 3348 3212 εὖποριστου
3378 3140 3480 3207 τῆς
3512 3137 3784 3213 ἷατρείαςί

2133 3225 2177 3279 ὣ
2235 3230 2332 3279 τοῦ
2378 3225 2584 3301 τάχους
2631 3229 2728 3295 τῆς
2779 3226 3099 3302 Θεραπείαςὲ
3153 3224 3196 3281 ὣ
3242 3231 3338 3281 τοῦ
3372 3227 3639 3303 μεγέθους
3694 3229 3789 3296 τῆς

364 3318 616 3387 toribus,
648 3334 765 3372 non
812 3316 1041 3382 amicis,
1075 3333 1191 3370 non
1221 3318 1460 3369 externo
1505 3312 1791 3369 subsidio.
1839 3313 2014 3368 Auxi-

2140 3312 2369 3390 Ξωρεᾶςέ
2421 3315 2498 3372 Οὐ
2555 3315 2792 3388 κοιμίζει
2853 3316 3017 3388 μόνον
3075 3316 3437 3392 ὀλιγοψνχίαν
3488 3317 3578 3373 καὶ
3611 3314 3786 3387 λύπην

364 3409 539 3466 liares
569 3407 768 3480 copias
798 3405 858 3460 in
889 3405 1075 3477 teipso
1107 3404 1312 3471 habes,
1345 3407 1572 3476 quae,et
1600 3402 1728 3470 tibi,
1761 3406 1819 3457 et
1851 3403 2018 3470 mihi,

365 3505 423 3554 et
453 3497 638 3555 cuivis
671 3497 729 3551 in
778 3499 1053 3568 promptu
1086 3498 1244 3549 sunt.
1294 3492 1454 3549 Velle
1482 3497 1715 3548 tantum
1768 3496 2018 3564 oportet,

2134 3405 2530 3477 μνημονευθεῖς
2580 3406 2607 3459 6
2657 3408 2768 3480 (80)
2818 3406 2972 3476 Θεὸς,
3022 3403 3168 3463 ἀλλὰ
3213 3406 3301 3462 καὶ
3335 3405 3673 3485 εὐφροσύνην
3707 3405 3788 3482 έρ-

2129 3491 2368 3569 γάζεται.

361 3589 661 3660 animique
691 3587 976 3658 impetum
1009 3585 1235 3640 aﬂ‘erre.
1270 3585 1331 3639 In
1365 3583 1693 3656 propinquo
1725 3586 1814 3638 est
1862 3584 2205 3655 consolatio,
2236 3585 2296 3640 in
2329 3603 2427 3642 ore
2475 3590 2597 3654 tuo,
2630 3591 2687 3642 et
2714 3585 2774 3642 in
2806 3588 2978 3643 corde
3031 3591 3148 3646 tuo.
3186 3591 3398 3644 Memor
3423 3591 3517 3660 fui
3546 3589 3667 3654 Dei,
3697 3587 3782 3641 in-

357 3680 506 3751 quit,
539 3681 588 3734 et
617 3677 909 3734 delectatus
955 3693 1076 3730 sum
1104 3676 1146 3729 ⁶.
1180 3675 1328 3740 Quid
1362 3673 1646 3729 memoria
1673 3674 1935 3746 paratius
1957 3674 1984 3727 ?
2008 3675 2160 3730 319
2195 3676 2280 3730 Tu
2315 3693 2549 3748 quoque
2601 3693 2827 3732 memor
2856 3682 2998 3746 esto,
3027 3682 3086 3733 et
3133 3677 3442 3734 delectare.
3479 3677 3523 3733 Ο
3555 3677 3780 3733 facilem

354 3767 746 3824 medicinam!
781 3766 826 3821 Ο
854 3764 1101 3821 celerem
1132 3763 1378 3819 curandi
1409 3763 1694 3818 rationem
1724 3765 1734 3818 ε
1770 3763 1813 3818 Ο
1847 3763 2145 3834 ingentem
2176 3764 2443 3820 beneficii
2477 3765 2986 3838 magnitudinem!
3018 3767 3141 3822 Non
3176 3767 3348 3822 modo
3377 3767 3565 3822 animi
3598 3766 3782 3821 imbe-

355 3857 658 3913 cillitatem
691 3855 1150 3927 mmstitiamque
1181 3853 1346 3908 sedat
1374 3852 1476 3907 Dei
1508 3852 1848 3921 recordatio,
1882 3853 1984 3908 sed
2014 3856 2071 3908 et
2093 3853 2536 3910 delectationem
2567 3855 2740 3926 parit.

434 3945 640 4002 III.Vis
671 3945 788 4001 alia
815 3944 1057 4016 insuper
1077 3943 1287 3999 divinae
1307 3959 1445 4014 erga
1474 3942 1804 3998 humanum
1827 3958 2015 4014 genus

359 4035 780 4094 benevolentiae
810 4032 1149 4090 testimonia
1178 4032 1497 4103 producam
1518 4029 1547 4084 ‘I
1574 4031 2015 4101 Si,inquit,con-

359 4144 548 4184 versus
577 4126 651 4182 ad
703 4126 1009 4181 Dominum
1054 4122 1402 4193 ingemueris,
1435 4129 1564 4176 tunc
1609 4120 1794 4175 salvus
1833 4121 1944 4176 eris
1971 4122 2012 4175 τ.

358 4218 681 4283 Videtisne,
716 4213 1220 4287 quemadmodum
1267 4210 1428 4266 salus
1459 4226 1594 4265 cum
1627 4209 1847 4281 gemitu
1878 4227 2013 4265 con-

348 4306 560 4376 juncta
590 4305 715 4361 sit?
745 4305 817 4360 Et
864 4302 1055 4357 adhuc
1087 4305 1142 4355 te
1192 4299 1469 4370 loquente
1522 4299 1672 4354 dicet
1707 4316 1719 4354 :
1753 4301 1886 4354 Ecce
1916 4299 2014 4354 ad-

354 4412 480 4450 sum
507 4395 528 4428 ⁸
553 4413 566 4462 ;
601 4396 660 4448 et
688 4393 964 4464 loquetur
991 4390 1201 4446 animae
1234 4394 1376 4444 tuae:
1410 4388 1574 4444 Salus
1603 4396 1698 4443 tua
1725 4405 1822 4458 ego
1850 4406 1974 4444 sum
1993 4390 2014 4425 ⁰

354 4482 516 4538 Nihil
549 4483 701 4538 inter
751 4480 1094 4554 petitionem
1143 4482 1200 4535 et
1247 4478 1720 4550 impetrationem
1767 4479 2012 4535 interce-

358 4572 483 4642 dit;
518 4590 634 4629 non
666 4588 898 4643 aurum,
931 4587 1045 4626 non
1079 4574 1408 4642 argentum,
1446 4585 1559 4624 non
1606 4567 1925 4641 splendidae
1957 4573 2014 4626 et

356 4663 580 4720 eximiis
611 4679 880 4736 gemmae,
901 4679 1012 4718 non
1046 4665 1254 4717 caetera
1284 4658 1501 4732 quibus
1531 4657 1828 4716 hominem
1853 4676 2013 4715 men-

355 4757 442 4810 tes
474 4755 546 4810 ad
589 4753 891 4810 lenitatem
922 4755 979 4808 et
1009 4750 1383 4808 clementiam
1413 4749 1816 4806 inﬂectuntur.
1852 4751 2011 4806 Post-

354 4860 535 4917 quam
577 4844 723 4901 dixit
768 4841 1120 4916 Sophonias,
1175 4844 1456 4913 tanquam
1509 4855 1578 4894 ex
1629 4840 1728 4896 Dei
1776 4840 1908 4896 irati
1958 4844 2015 4896 et

424 5027 442 5062 ί
473 5023 622 5081 Psal.
657 5039 841 5090 LxxVI,
875 5023 927 5081 3.
1005 5023 1027 5057 ²
1059 5021 1211 5078 Psal.
1263 5037 1337 5090 1v,
1369 5020 1423 5074 2.
1503 5020 1522 5053 ³
1555 5019 1708 5090 Psal,
1757 5037 1896 5089 xxu,
1929 5022 1984 5077 4.

352 5094 465 5152 Isa.
497 5113 628 5166 xxx,
663 5098 751 5152 15.
826 5097 847 5132 ⁸
879 5097 990 5152 lsa.
1023 5111 1185 5166 Lvm,
1214 5093 1268 5148 9.
1346 5093 1367 5126 ⁸
1399 5091 1549 5147 Psal.
1582 5109 1771 5161 xxxxv,
1802 5093 1854 5147 3.

431 5280 543 5353 (75)
575 5278 839 5352 Ῥήματα.
873 5281 964 5337 Sic
997 5281 1135 5353 Reg.
1168 5278 1272 5334 hu.
1319 5277 1419 5332 Or.
1449 5276 1504 5345 2,
1538 5276 1693 5343 Par.,
1725 5276 1869 5347 Jes.,
1902 5281 2013 5335 etc.

360 5353 535 5408 Deest
567 5354 622 5407 in
658 5354 750 5407 ed.

430 5425 540 5498 (76)
601 5419 947 5498 Θεραπεύσει.
1008 5427 1146 5497 Reg.
1205 5439 1259 5488 8.,
1319 5425 1376 5476 et
1430 5424 1549 5476 tres
1622 5419 1804 5489 Colb.,
1866 5419 2016 5494 Θερα-

357 5493 527 5550 πεύει.

425 5569 538 5639 (77)
571 5564 831 5640 Εῧροιμι.
883 5567 1022 5640 Reg.
1056 5567 1118 5633 h,
1169 5564 1416 5622 Colbert.
1461 5566 1520 5632 2,
1552 5563 1710 5620 Orat.
1743 5566 1796 5635 2,
1841 5561 2010 5640 εὕρω-

363 5657 529 5795 iiii-8)
564 5701 906 5795 Κατὲᾕιὶξῃέ
951 5708 1338 5795 δίρῖῃεῖεᾋᾳ,
1371 5711 1429 5764 et
1476 5705 1649 5765 Coisl.
1704 5708 1754 5764 1.
1803 5707 1870 5766 In
1915 5710 2010 5768 ed.

346 5774 602 5858 aliisque
631 5774 908 5851 pluribus
937 5780 1109 5838 codd.
1144 5774 1329 5835 deest.

2043 4707 2091 4772 D

2195 3944 2267 4001 1".
2296 3940 2492 4000 Βούλει
2525 3943 2612 3998 καὶ
2644 3942 2830 3998 ἄλλων
2877 3943 3100 3999 ἀκοῦσαι
3151 3942 3567 4023 φιλανθρωπίας
3599 3941 3780 4020 ῥημά-

2122 4051 2267 4102 των;
2339 4034 2463 4089 Ἐὰν
2539 4032 2906 4112 ἐπιστραφεὶς,
2995 4034 3147 4112 φησὶ,
3223 4034 3359 4110 πρὸς
3419 4035 3620 4111 Κύριον
3674 4033 3780 4107 (81)

2125 4122 2395 4196 στενάξῃς,
2447 4122 2570 4177 τότε
2636 4125 2874 4196 σωθήσῃ.
2941 4128 3127 4200 Ὁρᾶτε
3174 4128 3252 4195 τῷ
3327 4129 3617 4200 στεναγμῷ
3689 4121 3784 4189 τὴν

2126 4212 2397 4286 σωτηρίαν
2476 4212 2934 4288 συνεζευγμένην;
3006 4211 3104 4266 Καὶ
3171 4209 3248 4268 ἔτι
3307 4209 3616 4274 λαλοῦντός
3671 4231 3781 4279 σου,

2124 4301 2268 4376 ἐρεῖ·
2328 4299 2469 4358 Ἰδοὺ
2519 4300 2768 4377 πάρειμι·
2830 4301 2919 4357 καὶ
2966 4301 3246 4378 φθέγξεται
3295 4299 3365 4375 τῇ
3428 4304 3587 4378 ψυχῇ
3644 4320 3736 4354 σου
3769 4316 3784 4332 ⁸

2126 4389 2379 4462 Σωτηρία
2428 4411 2523 4444 σου
2575 4390 2688 4464 εἰμὶ
2735 4390 2863 4466 ἐγώ.
2926 4389 3088 4446 Οὐδὲν
3143 4389 3303 4464 μέσον
3361 4397 3464 4461 τῆς
3515 4389 3780 4462 αῗτήσεως

2121 4479 2212 4535 καὶ
2243 4486 2341 4549 τῆς
2375 4479 2692 4553 έπιτεύξεως
2715 4501 2728 4514 ⁸
2782 4479 2844 4535 οὐ
2905 4481 3132 4557 χρυσὸς,
3162 4479 3260 4535 οὐκ
3289 4477 3549 4556 ἄργυρος,
3584 4478 3647 4535 οὐ
3696 4476 3778 4532 λί-

2121 4570 2205 4624 θοι
2252 4574 2359 4624 τῶν
2417 4566 2686 4648 διαφανῶν
2746 4570 2835 4625 καὶ
2887 4571 3111 4645 τιμίων,
3161 4569 3270 4646 οὐχ
3317 4569 3469 4632 ὅσοις
3501 4567 3779 4645 ἅνθρωποι

2120 4659 2457 4734 κᾶμπτονται
2504 4661 2640 4734 πρὸς
2665 4661 2728 4715 τὸ
2775 4661 3000 4737 ἥμερον.
3047 4662 3206 4715 Ὅταν
3260 4659 3384 4734 simil
3432 4661 3547 4734 (82)
3603 4665 3782 4735 Σοφο-

2121 4749 2258 4820 νίας,
2293 4749 2370 4811 ὡς
2398 4747 2544 4825 παρᾶ
2573 4753 2670 4804 τοῦ
2700 4753 2836 4804 Θευῦ
2867 4748 3040 4826 λέγων
3074 4748 3420 4825 ὠργισμένου
3479 4748 3574 4804 καὶ
3619 4745 3782 4823 χαλε-

2122 4838 2428 4896 παίνοντος.
2484 4838 2849 4915 Ἐξερημώσω
2911 4838 3006 4901 τὰς
3072 4836 3231 4900 ὁδοὺς
3297 4838 3472 4894 αὐτῶν
3547 4837 3610 4893 τὸ
3685 4832 3782 4891 πά·-

2064 5021 2085 5056 t
2113 5026 2138 5076 Ι
2169 5022 2310 5095 Reg.
2360 5038 2476 5089 XVI,
2519 5021 2612 5077 23.
2688 5021 2710 5058 ⁵
2740 5023 2853 5078 Isa.
2903 5039 3070 5092 xxxv,
3103 5022 3155 5078 3.
3231 5022 3254 5060 °
3297 5019 3450 5079 Psal.
3504 5037 3694 5092 Lxxv1,
3723 5017 3773 5074 4.

2197 5278 2310 5351 (79)
2344 5275 2708 5350 Παρακαλῶν.
2749 5301 2778 5330 ‹‹
2812 5278 3179 5351 Consolatur,
3216 5304 3240 5332 ς›
3271 5280 3428 5351 quod
3458 5278 3672 5335 durius
3699 5269 3774 5328 vi-

2126 5352 2297 5407 detur
2329 5352 2397 5405 ad
2434 5351 2860 5422 metaphoram.

2196 5425 2308 5498 (βο)
2339 5423 2394 5475 '0
2427 5423 2600 5498 Deest
2632 5424 2690 5480 in
2722 5429 2902 5498 Ress-
2936 5425 3144 5498 διεδω-

2194 5491 2307 5565 (81)
2339 5491 2484 5568 Πρὸς
2515 5493 2737 5568 Κύριον.
2773 5491 3008 5553 ΙιῖἾλΧΧ
3038 5498 3220 5554 deest.

2189 5563 2493 5642 (82)_"Q1:av
2546 5563 2690 5642 ιῖᾖτῃ,
2740 5580 2846 5624 etc.
2898 5569 3131 5637 Billius,
3169 5590 3195 5622 ι
3227 5572 3544 5642 postquam
3594 5564 3780 5642 iratus

2123 5639 2574 5725 atquein‘fensus
2595 5640 2771 5725 Deus“
2772 5657 2874 5713 per
2892 5639 3249 5725 Sophoniam
3273 5642 3356 5724 sic
3377 5639 3616 5725 locutus
3637 5641 3782 5725 est.»

2120 5710 2228 5766 Hic
2257 5710 2424 5770 nulla
2451 5711 2678 5771 ratione
2730 5710 2993 5786 Gregorii
3025 5714 3293 5788 phrasim
3324 5710 3571 5771 invertit
3599 5710 3786 5767 inter-

2164 5797 2279 5840 ΓΕΒ.
