4090 6414
349 427 468 491 969

1247 418 1540 483 ORATIO
1585 417 1776 482 XVII.
1813 418 2022 478 —AD
2069 417 2298 479 CIVES
2344 419 2922 482 NAZIANZENOS.

3656 422 3776 481 970

353 560 552 633 ράπαν,
624 559 724 611 τοῦ
785 555 860 627 μή
925 551 1209 609 διοδεύειν.
1277 551 1562 624 Ἐξέλιπον
1623 551 1738 622 (83)
1799 549 1854 604 αἱ
1906 547 2004 603 πό-

2125 549 2486 622 indignantis
2544 569 2795 624 persona
2851 552 3102 623 loquens
3125 553 3168 588 ιο
3200 571 3213 608 :
3248 553 3473 607 Penitus
3529 553 3775 614 desertas

352 647 467 708 λεις
528 645 700 700 αὐτῶν
764 641 854 698 διὰ
917 644 979 697 τὸ
1045 644 1120 715 μὴ
1180 643 1466 715 ὑπάρχειν,
1541 636 1684 712 μηδὲ
1739 642 2010 693 κατοικεῖ-

350 738 507 790 σθαι·
562 734 686 789 ὅταν
739 731 1011 806 ἆπειλήσῃ
1059 732 1126 786 τὰ
1182 726 1610 807 φρικωδέστατα,
1663 727 1787 782 ὅταν
1844 747 2006 782 κατα-

351 820 495 898 ϐάλῃ
527 828 594 897 τῇ
628 821 830 895 ἀθυμίᾳ
859 824 994 893 (84),
1029 819 1153 874 δτπον
1205 819 1364 895 ζόφον
1413 816 1707 893 ἐργάσηται
1755 818 1868 889 (85)
1918 813 2007 869 διὰ

350 919 450 982 τῆς
501 909 754 981 ἀπειλῆς,
809 909 963 971 εὐθὺς
1012 907 1199 982 ἐπάγει
1245 907 1335 961 καὶ
1381 907 1444 961 τὸ
1491 912 1591 974 τῆς
1628 904 2003 980 χρηστοτέρας

351 999 580 1062 ἐλπίδος
612 1005 751 1078 φῶς,
782 999 869 1054 καὶ
902 997 1191 1053 ἀνακτᾶταί
1223 999 1334 1070 (86)
1369 1016 1435 1068 με
1473 993 1690 1056 τούτοις
1739 999 1857 1055 τοῖς
1911 993 2004 1068 ῥή-

354 1109 530 1163 μασι·
589 1088 739 1158 Πλὴν
785 1091 946 1144 εἶπα·
996 1083 1262 1142 Φοὸεἷσθέ
1316 1106 1400 1158 με,
1462 1083 1551 1138 καὶ
1607 1081 1824 1156 δέξασθε
1884 1103 2005 1136 παι-

351 1178 516 1250 δέίαν,
567 1181 656 1234 καὶ
707 1178 768 1232 οὐ
822 1179 897 1250 μὴ
952 1174 1373 1252 έξολοθρευθῆτε
1441 1173 1491 1244 ἐξ
1551 1171 1849 1251 ὀφθαλμῶν
1909 1171 2002 1226 αὐ-

348 1276 448 1338 τῆς
474 1291 486 1303 ·
519 1269 608 1323 καὶ
640 1265 716 1323 ἔτι
750 1263 1126 1344 φαιδροτέροις
1177 1264 1370 1340 μικρὸν
1416 1263 1624 1338 προϊὼν
1667 1263 1755 1316 καὶ
1807 1257 1999 1337 φιλαν-

350 1358 740 1434 θρωποτέροις*
792 1357 879 1410 Ἐν
933 1360 1013 1426 τῷ
1067 1359 1242 1428 καιρῷ
1316 1351 1503 1424 ἐκείνῳ
1574 1352 1685 1426 ὲρεῖ
1760 1349 1998 1422 Κύριος⁸

350 1448 564 1522 Θάρσει,
643 1446 810 1517 Σιὼν,
891 1446 964 1516 μὴ
1044 1442 1413 1517 παρείσθωσαν
1486 1441 1540 1494 αἱ
1618 1439 1799 1514 χεῖρές
1881 1459 1998 1510 σου,

350 1535 548 1610 Κύριος
593 1535 620 1589 6
669 1533 800 1596 Θεός
854 1553 950 1588 σου
1001 1532 1052 1586 ἐν
1099 1531 1206 1601 σοὶ,
1258 1529 1475 1592 δυνθνὸς
1534 1529 1700 1583 σῶσαί
1750 1530 1862 1601 (87)
1920 1545 1996 1581 σε·

347 1624 434 1679 καὶ
509 1624 687 1694 ἐπάξει
764 1621 851 1676 ἐπὶ
925 1623 981 1675 σὲ
1049 1620 1406 1698 εὐφροσύνην,
1482 1617 1571 1672 καὶ
1631 1621 1826 1672 καινιεῖ
1883 1618 1998 1690 (88)

347 1734 404 1766 σε
470 1711 522 1766 ἐν
576 1715 643 1785 τῇ
701 1710 972 1786 ἀγαπήσει
1036 1708 1220 1780 αὐτοῦ,
1279 1708 1368 1762 καὶ
1428 1706 1634 1776 συνάξει
1688 1704 1815 1767 τοὺς
1875 1725 1998 1758 συν-

344 1800 762 1878 τετριμμένους,
847 1800 937 1853 καὶ
1028 1799 1186 1852 σώσει
1288 1796 1414 1859 τοὺς
1521 1794 1996 1868 ἑκπεπιεσμένους,

2113 641 2318 708 faciam
2347 642 2466 695 vias
2492 657 2705 707 eorum,
2749 645 2812 696 ut
2841 658 2953 696 non
2975 644 3046 697 sit
3067 643 3167 713 qui
3193 641 3569 713 ingrediatur.
3606 643 3772 709 Defe-

2112 731 2307 782 cerunt
2332 730 2578 786 civitates
2607 745 2822 796 eorum,
2863 742 2922 785 eo
2963 730 3109 801 quad
3137 730 3336 786 nullus
3384 732 3644 800 supersit,
3679 745 3777 785 nec

2114 817 2540 885 inhabitentur;
2567 824 2879 891 postquam
2912 819 3290 875 acerbissima
3311 834 3557 891 quaeque
3594 819 3778 874 mina-

2113 911 2213 962 tus
2244 911 2350 977 est,
2384 912 2695 979 postquam
2750 924 2984 964 summo
3051 924 3297 963 mmrore
3357 906 3585 962 animos
3639 924 3774 962 con-

2112 997 2414 1064 sternavit,
2445 1013 2512 1053 ac
2543 997 2836 1053 minarum
2872 997 3183 1069 caliginem
3233 996 3463 1066 offudit,
3494 993 3618 1067 spei
3652 1012 3770 1051 me-

2112 1083 2274 1141 lioris
2302 1084 2500 1141 lumen
2531 1087 2732 1142 statim
2758 1086 3005 1152 inducit,
3027 1100 3234 1156 meque
3267 1084 3609 1155 hujusmodi
3650 1101 3774 1140 ora-

2110 1172 2268 1228 tione
2299 1179 2523 1230 recreat
2577 1180 2633 1230 et
2657 1175 2882 1231 reﬁcit:
2925 1177 3306 1230 Verumtamen
3327 1174 3451 1228 dixi
3487 1191 3499 1229 :
3564 1176 3775 1230 Timete

2111 1278 2215 1325 me,
2247 1273 2303 1318 et
2331 1265 2558 1333 accipite
2590 1265 2977 1334 disciplinam,
3024 1273 3075 1318 et
3105 1280 3216 1318 non
3270 1263 3666 1334 disperdemini
3712 1263 3777 1319 de

2109 1352 2282 1406 oculis
2333 1353 2537 1422 ejus“.
2599 1352 3028 1424 Aliquantoque
3098 1352 3342 1407 ulterius
3397 1368 3774 1423 progressus,

2111 1439 2434 1496 laetioribus
2465 1442 2657 1497 adhuc
2714 1441 3282 1512 humanioribusque
3328 1440 3519 1496 verbis
3564 1441 3772 1530 utitur,

2112 1530 2172 1583 In
2201 1533 2440 1600 tempore
2497 1530 2600 1585 illo
2629 1531 2770 1586 dicet
2819 1533 3092 1586 Dominus
3132 1547 3151 1584 :
3192 1533 3338 1586 Bono
3369 1532 3565 1585 animo
3610 1532 3722 1584 esto
3757 1547 3770 1586 :

2107 1617 2255 1681 Sion,
2283 1635 2350 1674 ne
2381 1621 2738 1688 languescant
2764 1637 2962 1674 manus
2995 1628 3118 1675 tuae.
3152 1620 3416 1675 Dominus
3465 1620 3606 1674 Deus
3645 1623 3775 1674 tuus

2111 1708 2170 1761 in
2203 1711 2252 1762 te
2281 1713 2380 1773 est,
2413 1709 2510 1779 qui
2535 1712 2585 1763 te
2612 1709 2825 1763 salvam
2853 1710 3033 1779 facere
3075 1711 3280 1779 potest:
3311 1711 3361 1762 et
3409 1706 3631 1762 inducet
3678 1723 3769 1762 su-

2108 1812 2207 1864 per
2236 1804 2288 1852 te
2311 1797 2735 1865 iucunditatem.
2761 1806 2814 1853 et
2844 1797 3130 1853 innovabit
3189 1805 3240 1851 te
3266 1813 3367 1868 per
3424 1795 3772 1852 dilectionem

347 1891 436 1946 xui
519 1889 644 1944 τοὺς
723 1890 1080 1961 ἀπωσμένους
1159 1884 1467 1956 εἷσδέξεται.
1551 1889 1727 1939 Ταῦτα
1801 1884 1888 1938 καὶ
1946 1884 1998 1938 οἱ

2125 1902 2281 1954 ruam,
2313 1890 2368 1942 et
2423 1889 2687 1943 contrito:
2745 1886 2990 1956 colliget,
3025 1889 3075 1942 et
3105 1902 3384 1957 oppressos
3414 1885 3670 1952 servabit,
3721 1892 3774 1942 et

350 1980 492 2054 ἅγιοι
525 1978 614 2032 καὶ
647 1979 698 2032 o't
739 1977 1004 2052 λογισμοὶ
1039 1976 1353 2052 βούλονται,
1403 1973 1490 2028 καὶ
1525 1975 1552 2028 6
1604 1973 1736 2045 έμὸς
1785 1973 1999 2026 ἀπαιτεῖ

351 2065 537 2142 λόγος.
575 2065 750 2123 Ἀλλὰ
782 2064 995 2139 δέξασθε
1029 2065 1229 2136 λόγους
1263 2065 1599 2141 φρονήσεως,
1632 2061 1706 2123 ὥς
1738 2064 1846 2134 (89)
1893 2083 1998 2138 φη-

351 2177 431 2209 σιν
486 2158 512 2209 ὁ
555 2157 697 2216 θεῖος
751 2154 1045 2226 Σολομὼν,
1094 2151 1186 2207 ’ἱνα
1239 2155 1315 2225 μὴ
1360 2151 1683 2223 ἐμπεσόντες
1715 2150 1790 2212 εἷς
1823 2155 1998 2208 κακῶν

358 2245 517 2317 βάθος
555 2244 1004 2320 καταφρονήσητε
1054 2245 1186 2314 (90),
1239 2238 1381 2313 μηδέ
1426 2241 1528 2294 ὑπὸ
1557 2247 1658 2309 τῆς
1694 2237 1828 2301 ἰδίας
1863 2240 2002 2311 ἀμα-

351 2332 464 2393 θίας
493 2334 607 2406 (91)
642 2329 856 2405 μᾶλλον
886 2330 920 2399 ἢ
952 2337 1054 2400 τῆς
1092 2327 1433 2404 κατεχούσης
1474 2326 1790 2403 δυσχερείας
1840 2348 2002 2382 κατα-

349 2428 578 2496 ποθῆτε.

423 2600 494 2655 Δ’.
572 2596 782 2660 Κύκλος
857 2596 938 2660 τίς
1021 2595 1185 2670 ἐστιν,
1256 2593 1504 2674 ἀδελφοὶ,
1564 2599 1670 2650 τῶν
1733 2593 2002 2671 ἀνθρωπί-

347 2708 450 2742 νων
481 2690 596 2761 (92)
644 2687 1008 2762 πραγμάτων,
1060 2686 1151 2740 καὶ
1200 2683 1442 2740 παιδεύει
1485 2683 1574 2740 διὰ
1605 2689 1712 2740 τῶν
1748 2683 2000 2739 ἐναντίων

351 2779 501 2850 ἡμᾶς
550 2779 578 2831 ὁ
620 2777 790 2840 Θεόςο
842 2775 1024 2852 ὥσπερ
1082 2779 1443 2846 συνεστήσατο
1489 2776 1557 2830 τὰ
1604 2774 1777 2830 πάντα
1825 2779 2003 2850 σοφῶς

351 2867 441 2919 καὶ
491 2862 803 2934 συνέδησεν,
853 2864 995 2918 οὕτω
1040 2869 1219 2941 σοφῶς
1251 2864 1313 2918 τὸ
1343 2869 1446 2918 πᾶν
1480 2861 1738 2935 διεξάγων
1791 2861 1878 2916 καὶ
1911 2883 2003 2915 κυ-

352 2948 556 3028 ϐερνῶν
589 2959 705 3014 τοῖς
735 2953 1039 3030 ἀνεφίκτοις
1071 2955 1183 3026 (93)
1225 2952 1390 3007 αὐτοῦ
1438 2953 1527 3006 καὶ
1579 2951 2003 3027 ἀνεξιχνιάστοις

353 3041 633 3115 κρίμασιν,
683 3040 734 3095 ἐν
797 3038 856 3095 δὲ
913 3047 1026 3102 τοῖς
1076 3046 1204 3095 πᾶσι
1236 3039 1325 3094 καὶ
1357 3041 1423 3095 τὰ
1474 3042 1736 3114 ἡμέτερα.
1770 3040 2004 3094 Κίνεῖται

353 3131 455 3207 γὰρ
505 3132 636 3203 (94),
683 3127 757 3184 'iv'
804 3129 977 3192 οὕτως
1029 3127 1164 3184 εἷ’πω
1215 3131 1275 3183 τὸ
1313 3136 1416 3184 πᾶν
1449 3130 1570 3205 περὶ
1601 3131 1691 3184 τὸν
1726 3130 2003 3201 ἀκίνητον,

354 3219 443 3274 καὶ
477 3219 787 3288 σαλεύεται,
819 3218 974 3294 λόγῳ
1009 3219 1100 3291 μὲν
1136 3217 1393 3292 οὐδαμῶς
1599 3219 1651 3291 (ὁ
1700 3220 1800 3294 γὰρ
1849 3218 2006 3279 αὐτὸς

356 3308 408 3364 ἰν
441 3315 599 3364 πᾶσιν
634 3308 800 3371 ἑστὼς
831 3308 921 3364 καὶ
950 3308 1226 3379 ἀκίνητος,
1256 3308 1352 3362 κᾶν
1409 3305 1672 3386 διαφεύγῃ
1718 3309 1816 3377 τὴν
1864 3310 2002 3380 ἡμε-

353 3398 508 3474 τέραν
563 3400 832 3454 ἀσθένειαν
891 3400 1050 3472 (96]),
1099 3403 1214 3460 τοῖς
1265 3394 1323 3452 δὲ
1371 3399 1486 3452 καθ’
1537 3396 1762 3467 ἑκάστην
1796 3397 2007 3472 ἡμέραν

363 3487 638 3541 ἀπαντῶσί
689 3508 749 3541 τε
799 3486 889 3541 καὶ
937 3485 1360 3558 συμπίπτουσιν.
1409 3485 1507 3540 Καὶ
1558 3487 1718 3539 τοῦτό
1759 3484 1870 3539 ἐστι
1921 3483 2009 3539 δό-

353 3596 470 3650 γμα
550 3578 682 3628 Θεοῦ
763 3573 995 3628 παλαιόν
1069 3596 1128 3628 τε
1203 3573 1293 3627 xui
1353 3575 1574 3647 πάγιον,
1633 3573 1824 3635 σκότος
1876 3575 2008 3628 εἶναι

355 3662 676 3738 ἀποκρυφήν
727 3663 890 3716 αὐτοῦ
935 3662 1041 3737 πρὸ
1088 3666 1196 3715 τῶν
1234 3661 1518 3735 ἡμετέρων
1565 3659 1864 3737 ὀφθαλμῶν
1895 3662 2006 3734 (97)

353 3752 656 3826 κεχυμένον
685 3770 697 3781 ·
743 3751 833 3805 καὶ
880 3750 948 3805 τὰ
992 3749 1176 3804 πολλά
1219 3751 1294 3821 μὴ
1328 3751 1657 3825 καθορᾶσθαι
1686 3757 1785 3818 τῆς
1843 3748 2008 3806 αὐτοῦ

359 3837 704 3912 διοικήσεως,
764 3838 911 3908 πλὴν
970 3839 1094 3894 ὅσον
1151 3839 1202 3893 ἐν
1263 3836 1529 3911 ἀμυδροῖς
1586 3837 1864 3913 αἰνίγμασι
1918 3840 2008 3894 καὶ

359 3931 727 4008 φαντάσμασιν
753 3949 765 3961 ·
819 3929 925 3984 εἶ’τε
971 3929 1060 3983 τὸν
1106 3933 1271 4005 τῦφον
1302 3931 1463 4001 ἡμῶν
1496 3925 1908 4000 συστέλλοντος,
1939 3929 2008 3983 ἶν’

359 4016 590 4092 εἰδῶμεν
640 4020 702 4074 τὸ
755 4015 922 4092 μηδὲν
975 4012 1120 4080 ὄντες
1161 4019 1296 4091 πρὸς
1340 4018 1440 4086 τὴν
1494 4015 1756 4087 ἀληθινὴν
1817 4018 2004 4092 σοφίαν

358 4107 447 4162 καὶ
479 4108 723 4181 πρώτην,
759 4106 905 4162 ἀλλὰ
935 4108 1071 4181 πρὸς
1105 4106 1261 4161 αὐτὸν
1293 4106 1534 4180 νεύωμεν
1575 4106 1762 4179 μόνον,
1795 4107 1884 4161 καὶ
1919 4112 2009 4180 ζη-

355 4201 536 4270 τῶμεν
587 4195 668 4252 ἀεὶ
711 4202 828 4259 ταῖς
877 4196 1074 4252 ἐκεῖθεν
1130 4196 1318 4271 αὐγαῖς
1367 4195 1814 4273 ἐναστράπτεσθαι
1843 4217 1854 4229 ·
1903 4194 2008 4252 εἴτε

358 4282 447 4341 διὰ
491 4293 591 4356 τῆς
640 4284 957 4359 ἀνωμαλίας
1003 4290 1112 4340 τῶν
1163 4285 1458 4361 ὁρωμένων
1491 4285 1580 4340 καὶ
1612 4286 2004 4363 περιτρεπομέ-

353 4397 460 4430 νων
524 4378 846 4452 μετάγοντος
900 4379 1048 4449 ἡμᾶς
1111 4374 1200 4430 ἐπὶ
1257 4376 1323 4430 τὰ
1381 4375 1587 4432 ἑστῶτα
1629 4376 1718 4430 καὶ
1755 4378 2006 4448 μένοντα.

355 4464 508 4534 Πλὴν
563 4463 716 4519 οὐδὲν
759 4463 1038 4535 ἀκίνητον,
1089 4465 1220 4537 ὅπερ
1275 4461 1428 4541 ἔφην,
1460 4463 1586 4520 οὐδὲ
1617 4463 1850 4538 ὁμαλὸν,
1884 4464 2009 4522 οὐδὲ

354 4551 636 4629 αὔταρκες,
684 4549 809 4606 οὐδὲ
853 4551 927 4612 εἷς
978 4550 1136 4613 τέλος
1187 4546 1405 4624 ὅμοιον,
1453 4554 1576 4608 οὔτε
1619 4553 1682 4607 τὸ
1731 4553 2004 4627 εὐθυμεῖν,

2109 1975 2303 2044 eiectos
2333 1975 2580 2032 admittet
2603 1979 2665 2031 η.
2698 1976 2827 2031 Haec
2855 1976 3044 2032 sancti
3080 1975 3208 2045 viri,
3245 1977 3364 2031 haec
3391 1976 3644 2030 rationes
3670 1991 3771 2029 vo-

2109 2063 2258 2131 lunt,
2288 2063 2408 2120 haec
2442 2082 2568 2120 mea
2601 2064 2860 2136 postulat
2890 2065 3094 2120 oratio.
3123 2064 3234 2119 Vos
3259 2070 3458 2120 autem
3485 2063 3769 2130 suscipite

2112 2169 2414 2208 sermones
2445 2154 2787 2224 prudentiae,
2813 2159 2878 2208 ut
2907 2160 2998 2209 est
3018 2155 3173 2226 apud
3205 2153 3576 2208 Salomonem
3603 2156 3666 2219 ‘3,
3695 2166 3767 2206 ne

2111 2243 2346 2296 tandem
2381 2243 2437 2296 in
2470 2245 2826 2314 profundum
2882 2242 3172 2297 malorum
3207 2242 3485 2313 prolapsi,
3513 2248 3770 2296 contem-

2114 2331 2288 2399 natis,
2323 2335 2498 2403 atque
2530 2332 2601 2387 ab
2631 2332 2925 2403 imperitia
2945 2335 3139 2386 vestra
3161 2331 3357 2402 potius
3381 2347 3558 2401 quam
3582 2347 3615 2385 a
3643 2345 3768 2384 mo-

2112 2419 2282 2476 lestia
2312 2424 2370 2476 et
2422 2420 2792 2487 difﬁcultate,
2823 2419 2884 2475 in
2919 2437 3038 2493 qua
3066 2436 3224 2476 nunc
3256 2418 3420 2484 estis,
3454 2419 3768 2475 absorbea-

2115 2509 2282 2564 mini.

2188 2598 2279 2654 1V.
2314 2599 2426 2655 Res
2457 2599 2751 2664 humanae,
2771 2598 2934 2655 velut
2953 2599 3111 2655 orbis
3135 2599 3396 2670 quidam,
3437 2596 3774 2666 volvuntur,

2115 2686 2346 2754 fratres,
2399 2705 2465 2743 ac
2496 2688 2650 2743 Deus
2683 2704 2781 2759 per
2814 2688 3105 2743 contraria
3148 2704 3253 2742 nos
3312 2686 3504 2742 erudit
3537 2704 3549 2742 :
3582 2691 3646 2741 ut
3679 2703 3772 2742 sa-

2115 2776 2339 2847 pienter
2397 2777 2597 2832 omnia
2649 2776 3095 2850 coagmentavit,
3159 2781 3215 2830 et
3290 2777 3460 2846 quasi
3520 2774 3775 2831 vinculis

2115 2866 2406 2931 astrinxit,
2457 2865 2508 2920 si
2567 2883 2681 2921 non
2714 2867 2928 2922 minori
2978 2866 3288 2938 sapientia,
3347 2864 3666 2920 inaccessis
3717 2869 3776 2919 et

2114 2955 2598 3011 inscrutabilibus
2622 2956 2776 3011 320
2798 2955 3063 3026 judiciis,
3089 2961 3213 3009 tum
3240 2955 3542 3010 univesam
3567 2970 3765 3008 rerum

2117 3045 2474 3111 machinam,
2497 3051 2624 3099 tum
2659 3061 2752 3100 res
2778 3061 3012 3116 quoque
3035 3051 3266 3099 nostras
3295 3044 3440 3115 regit
3461 3062 3526 3098 ac
3558 3043 3769 3114 guber-

2119 3140 2237 3188 nat.
2274 3135 2538 3189 Movetur
2563 3134 2742 3198 enim,
2777 3139 2841 3188 ut
2871 3135 2955 3188 sic
2988 3134 3203 3196 dicam,
3237 3149 3301 3188 ac
3361 3137 3602 3187 ﬂuctuat
3633 3131 3765 3186 uni-

2120 3223 2368 3279 versitas
2428 3240 2624 3278 rerum
2685 3224 2840 3278 circa
2895 3221 3285 3284 immobilem,
3329 3222 3484 3276 haud
3529 3222 3768 3293 quidem

2122 3317 2410 3385 quantum
2444 3313 2515 3367 ad
2575 3313 2859 3368 rationem
2895 3315 3053 3381 (nam
3109 3328 3176 3367 ea
3230 3311 3360 3382 ipsa
3391 3311 3544 3365 inter
3573 3309 3774 3364 omnia

2120 3400 2292 3457 ﬁrma
2323 3406 2380 3456 et
2410 3400 2734 3457 immobilis
2784 3404 2919 3467 stat,
2952 3400 3181 3456 etiamsi
3221 3405 3480 3455 nostram
3516 3399 3770 3454 inﬁrmi-

2119 3494 2299 3546 tatem
2334 3494 2512 3560 atque
2542 3490 2874 3545 animorum
2905 3489 3325 3544 hebetudinem
3357 3488 3643 3559 elfugiat),
3676 3505 3771 3543 ve-

2122 3595 2251 3633 rum
2285 3583 2573 3648 quantum
2634 3578 2703 3632 ad
2763 3594 2830 3632 ea
2877 3595 3002 3647 quae
3061 3576 3312 3647 singulis
3346 3576 3550 3630 diebus
3603 3577 3773 3631 nobis

2120 3671 2440 3720 occurrunt
2468 3670 2524 3720 et
2553 3665 2848 3719 eveniunt.
2881 3668 3069 3734 Atque
3103 3665 3208 3718 hoc
3263 3667 3429 3718 vetus
3474 3664 3774 3735 ﬁxumque

2120 3753 2220 3809 Dei
2250 3755 2551 3808 decretum
2583 3758 2692 3818 est,
2727 3754 2998 3807 tenebras
3031 3751 3218 3807 oculis
3251 3752 3466 3806 nostris
3511 3753 3776 3824 undique

2120 3842 2359 3909 aliusue,
2421 3841 2608 3912 ipsius
2667 3840 2979 3896 latibulum
3044 3857 3219 3896 esse:
3259 3841 3671 3912 permultaque
3712 3842 3773 3896 in

2118 3932 2308 4003 ipsius
2338 3929 2760 4002 gubernatione
2809 3931 2955 3985 hanc
3014 3929 3297 3984 rationem
3355 3930 3588 3998 habere,
3653 3935 3779 3986 uta

2121 4021 2308 4087 nobis,
2337 4019 2450 4074 nisi
2483 4018 2541 4073 in
2593 4018 2860 4074 obscuris
2890 4017 3301 4089 aenigmatibus
3332 4035 3398 4072 ac
3428 4017 3604 4073 veluti
3639 4034 3774 4090 spe-

2120 4110 2257 4166 ctris
2281 4108 2530 4182 perspici
2556 4112 2883 4181 nequeant;
2909 4107 3030 4162 sive
3051 4108 3160 4163 hac
3183 4107 3405 4162 ratione
3431 4108 3647 4162 fastum
3675 4125 3775 4164 no-

2122 4202 2309 4255 strum
2343 4203 2400 4254 et
2429 4197 2824 4271 arrogantiam
2856 4212 3120 4252 coercere
3150 4197 3308 4262 velit,
3368 4199 3431 4249 ut
3480 4195 3774 4268 intelliga-

2124 4304 2254 4344 mus
2283 4305 2389 4344 nos
2431 4287 2576 4343 nihil
2610 4304 2758 4355 esse,
2793 4287 2841 4342 si
2876 4303 3009 4343 cum
3046 4286 3235 4358 prima
3295 4285 3393 4341 illa
3421 4289 3475 4341 et
3508 4301 3643 4342 vera
3674 4303 3767 4343 sa-

2121 4378 2341 4450 pientis
2353 4379 2752 4447 conferamur;
2770 4393 3018 4450 eamque
3035 4378 3107 4432 ob
3127 4395 3250 4433 rem
3275 4377 3344 4432 ad
3370 4376 3564 4448 ipsum
3587 4394 3772 4433 unum

2117 4470 2454 4537 tendamus,
2472 4485 2576 4523 nec
2600 4469 2927 4539 quidquam
2951 4467 3110 4522 aliud
3129 4485 3482 4539 quaeramus,
3509 4484 3687 4538 quam
3712 4471 3779 4524 ut
3827 4457 3831 4462 ’

2120 4557 2614 4628 promanantibus
2642 4555 2805 4611 illinc
2836 4556 3018 4611 radiis
3049 4556 3469 4612 collustremur
3491 4575 3505 4619 ς
3531 4557 3650 4612 sive
3677 4573 3780 4628 per

354 4641 477 4698 οὕτε
506 4643 568 4697 τὸ
617 4641 864 4713 ἀθυμεῖν,
916 4637 978 4693 οὐ
1025 4637 1292 4708 πλοῦτος,
1343 4639 1406 4694 οὐ
1447 4639 1625 4711 πενία,
1659 4641 1720 4695 οὐ
1753 4639 2007 4714 δύναμνς,

2125 4661 2324 4700 earum
2357 4660 2578 4710 rerum,
2612 4660 2738 4714 quas
2760 4644 2948 4699 oculis
2981 4649 3325 4712 cernuntur,
3351 4661 3416 4699 ac
3433 4645 3780 4700 conversoni

428 4803 470 4842 ¹ο
499 4802 755 4874 Sophon.
788 4818 873 4869 ιιι,
904 4801 960 4857 6.
993 4801 1034 4836 “
1069 4799 1214 4856 ibid.
1245 4800 1300 4855 7.
1336 4800 1381 4836 ¹²
1410 4800 1555 4856 ibid.
1588 4801 1657 4856 i6
1689 4817 1776 4873 sq.
1804 4803 1848 4836 1⁸
1881 4802 2044 4858 Prov.
2081 4821 2120 4872 1,
2152 4804 2205 4858 3.

432 4961 546 5032 (83)
576 4957 886 5030 Ἐζέλιπον,
917 4965 1028 5016 etc.
1088 4959 1333 5015 Billius:
1370 4981 1413 5032 «ν
1449 4964 1775 5031 Postquam
1827 4961 2014 5019 iratus

361 5037 533 5102 atque
565 5032 834 5088 infensus
857 5039 1008 5088 Usus
1031 5048 1135 5103 per
1160 5031 1520 5103 Sophoniam
1547 5033 1631 5088 sic
1648 5032 1880 5090 locutus
1903 5039 2012 5090 est.

362 5123 391 5152 «
423 5103 529 5158 Hic
560 5103 723 5159 nulla
753 5105 978 5161 ratione
1009 5103 1272 5175 Gregorii
1293 5103 1555 5175 phrasim
1579 5104 1819 5161 invertit
1840 5106 2016 5163 inter-

402 5191 512 5230 P03.

360 5192 546 5318 missi)
679 5244 901 5318 ἀθυμίᾳ.
939 5249 1002 5302 In
1035 5245 1488 5318 pluribus,_tuic
1521 5244 1794 5318 ἀθυμίαις.

434 5314 545 5385 (85)
579 5314 928 5439 Ἐργάσῄται.
966 5314 1272 5385 Οο-ωὺθΐηί
1317 5315 1602 5392 εἰργάσατο
1629 5314 2011 5391 [perperam].

434 5390 544 5439 {8m
573 5389 668 5439 Ἀν
709 5407 920 5439 κταται.
959 5390 1098 5439 Reg-
1122 5389 1226 5439 hu-
1255 5394 1351 5439 ΟΡ.
1384 5392 1438 5439 2-
1472 5388 1570 5439 ἀνα
1602 5391 1868 5439 καλεῖται-

430 5390 544 5459 (86)
573 5388 920 5442 Ἀνάκτᾶται.
958 5390 1098 5461 Reg.
1122 5389 1226 5456 hu,
1255 5388 1440 5461 0132',
1472 5388 1570 5443 ἀνα
1602 5388 1868 5446 καλεῖται.

436 5462 546 5532 (87)
580 5463 781 5516 Σιῖιται.
844 5462 984 5532 Reg.
1020 5460 1123 5532 hiu,
1159 5461 1253 5516 Or.
1287 5464 1340 5532 2,
1376 5460 1558 5516 σώσει.

431 5532 541 5598 (88)
576 5535 797 5585 Καινιεῖ.
833 5531 1015 5597 ΟΡξ2,
1049 5531 1366 5587 ἀνακαινιεῖ.

433 5604 543 5676 (89)
576 5605 692 5662 Ὣς.
729 5603 903 5676 Deest
931 5604 992 5658 in
1026 5605 1199 5676 Regg.
1237 5623 1291 5672 a,
1324 5606 1445 5670 bm,
1479 5604 1573 5659 Or.
1607 5608 1661 5669 2,
1697 5613 1805 5659 etc.

435 5623 543 5672 (ου)
602 5623 692 5662 δίς.
729 5623 903 5658 ueesr,
932 5623 992 5658 1n
1026 5623 1099 5659 ne
1145 5623 1199 5676 g.
1237 5623 1291 5672 a,
1324 5623 1445 5670 Dm,
1479 5623 1573 5659 ur.
1607 5623 1661 5669 κ,
1697 5623 1805 5659 etc.

577 5675 1069 5751 Xutufppovﬂqme.
1095 5623 1275 5751 ἔρεζε.
1303 5677 1561 5751 bm_,__hu,
1618 5677 2014 5751 xutucppovﬂte.

432 5743 546 5816 (91)
577 5743 858 5818 Ἀμασίας.
913 5743 1335 5818 ϐοωὺοῗ.”βοεῐ
1379 5747 1566 5804 Eliam
1599 5743 1853 5820 praefert,
1885 5746 2014 5800 ἀθυ-

644 5875 910 5938 Persen.
941 5875 1053 5938 Gs.
1097 5874 1341 5939 XXXV.

2129 4960 2660 5046 plusyi‘molestia,
2696 4961 2879 5046 animi
2913 4961 3176 5046 dejectio.
3213 4986 3243 5014 »

2341 5033 2745 5111 Ἄνθρωπίνων.
2806 5036 2868 5090 In
2901 5033 3276 5111 quibusdam,
3311 5035 3616 5111 ἡμετέρων.

2196 5104 2839 5179 (93)ξ1ῗοῖς’ἀνεφικτοις,
2881 5104 2992 5179 etc.
3052 5107 3289 5163 Billius:
3351 5104 3377 5157 (⁷(
3418 5104 3782 5166 ω’ἱυειοοεεα

2125 5184 2266 5254 sunt
2294 5177 2745 5254 ’illiusjudicia,
2767 5178 3124 5251 minimeque
3149 5179 3412 5237 humana
3442 5187 3635 5237 mente
3657 5198 3786 5254 per-

2124 5250 2400 5320 vestigari
2431 5257 2698 5320 possunt,
2735 5273 2763 5300 ››
2797 5255 2906 5305 etc.

2345 5322 2582 5398 Κινεῖται
2615 5321 2738 5398 γοξο.
2770 5320 3244 5398 Inﬂquib‘usdam,
3277 5326 3504 5375 κινεῖται
3541 5323 3635 5398 μὲν
3659 5324 3782 5398 γάρ,

2196 5395 2310 5467 (95)
2341 5389 2638 5467 Οὐδαμῶς.’
2661 5389 2785 5467 Duo
2835 5389 3072 5467 Coislin.
3107 5389 3352 5467 addunt,
3383 5389 3581 5465 τῷκαθ’

2344 5462 2612 5539 Δια-φεύγῃ
2667 5463 2773 5539 τὴν
2822 5462 3117 5539 ἡμετέραν,
3178 5462 3476 5524 domum},
3537 5469 3599 5524 In
3633 5462 3782 5539 "qui-

2124 5533 2397 5611 busdam,
2432 5533 2684 5611 δἰαφῖςγῃ.
2737 5533 2910 5611 Coisl.
2937 5533 3273 5611 1,αῗ’σθησιν,
3315 5562 3332 5586 ι
3371 5556 3612 5611 sensum
3646 5533 3779 5594 οόδ-

2127 5613 2284 5662 trum
2316 5609 2593 5678 effugiat;
2630 5629 2657 5656 »
2692 5624 2817 5678 quis
2850 5609 3044 5678 forsan
3079 5610 3335 5678 genuina
3359 5616 3450 5665 est
3477 5610 3668 5666 lectio.

2195 5680 2311 5754 (97)
2343 5676 2589 5754 11536:“:th
2623 5676 2906 5754 ἡμετέρων
2958 5676 3280 5754 ὀφθαλμῶνἴ
3331 5682 3425 5737 Sic
3483 5683 3620 5754 Reg.
3655 5680 3776 5736 bm.

2128 5751 2188 5805 In
2222 5752 2341 5820 ed.,
2372 5748 2480 5824 πρὸ
2507 5753 2615 5804 τῶν
2642 5748 2938 5826 ὀφθαλμῶν
2969 5748 3076 5804 τῶν
3117 5748 3421 5824 ἡμετέρων.

3420 5880 3491 5940 31
