4090 6462
366 428 479 487 971

1627 423 1693 483 S.
1742 420 2113 485 GREGORII
2164 422 2561 488 THEOLOGI

3687 434 3801 495 972

366 560 643 629 subjectae
673 562 832 623 sunt,
882 556 1368 623 inconstantiam,
1421 557 1490 611 ad
1526 570 1591 610 ea
1624 572 1750 627 quae
1794 556 2023 611 stabilia

2144 555 2243 611 οὐκ
2289 557 2554 629 ἀσθένεια,
2614 558 2675 612 οὐ
2730 558 3080 629 ταπεινότης,
3141 559 3203 615 οὐ
3268 559 3572 635 δυναστεία,
3625 564 3688 618 οὐ
3747 566 3801 619 τὸ

369 655 427 705 et
460 653 675 705 aeterna
705 652 864 719 sunt,
898 663 1187 702 revocare.
1222 649 1503 703 Caeterum
1538 644 1684 701 nihil
1710 645 2027 701 immotum

370 744 481 811 est,
509 738 880 805 utdiximus,
913 737 1057 792 nihil
1104 737 1348 809 planum
1402 741 1458 792 et
1515 735 1820 807 aequabile,
1853 742 2030 808 atque

369 832 429 886 in
458 831 633 886 ﬁnem
666 846 850 901 usque
883 828 997 883 sibi
1021 828 1232 893 simile,
1273 845 1385 882 non
1408 826 1699 895 hilaritas,
1737 843 1851 881 non
1887 843 2029 881 moe-

372 921 557 991 stitia,
592 937 706 975 non
767 936 925 990 opes,
987 935 1102 973 non
1137 920 1472 989 paupertas,
1505 933 1623 971 non
1695 915 1871 981 vires,
1912 932 2028 970 non

368 1006 1305 1075 inﬁrmitas,nonhumilitas,non
1332 1006 1610 1077 potentia,
1636 1022 1750 1059 non
1774 1022 2029 1076 praesens

368 1102 624 1171 tempus,
653 1115 765 1153 non
799 1097 1086 1164 futurum,
1120 1112 1235 1150 non
1270 1112 1361 1149 res
1396 1100 1765 1159 nostrae,non
1802 1093 2023 1159 alienas,

369 1205 485 1243 non
518 1204 783 1260 parvum,
845 1203 960 1241 non
1021 1190 1238 1256 majus,
1298 1200 1404 1239 nec
1436 1183 1691 1254 denique
1733 1183 2023 1254 quidquid

366 1277 557 1332 dicere
590 1276 887 1348 quispiam
920 1275 1129 1346 possit.
1189 1275 1379 1343 Atque
1421 1273 1526 1327 hoc
1569 1288 1755 1326 unum
1801 1271 2028 1343 aequale

365 1364 795 1438 inaequabilitas
825 1365 1021 1433 habet,
1059 1379 1271 1435 nempe
1301 1362 1357 1415 in
1394 1362 1671 1416 omnibus
1700 1362 1874 1415 rebus
1900 1377 2027 1415 mu-

362 1457 665 1511 tationem.
700 1454 911 1510 Omnia
939 1453 1096 1509 enim
1132 1452 1299 1508 facile
1356 1452 1414 1506 in
1475 1452 1676 1507 orbem
1732 1450 2020 1517 feruntur,

2142 646 2334 720 παρὸν,
2388 645 2449 700 οὐ
2496 648 2557 701 τὸ
2614 645 2843 719 μέλλον,
2894 646 2955 702 οἱ)
2988 648 3051 703 τὸ
3083 649 3371 725 ἡμέτερον,
3407 651 3469 704 οὐ
3518 652 3580 706 τὸ
3626 652 3798 708 ἀλλό-

2140 754 2309 808 τριον,
2346 736 2407 789 οὐ
2443 738 2657 812 μικρὸν,
2692 737 2753 792 οὐ
2790 743 2997 810 μεῖζον,
3023 738 3128 815 οὐχ
3161 738 3190 793 ὅ
3214 762 3264 793 τι
3300 741 3357 794 ἂν
3389 741 3533 795 εἶ’ποι
3565 763 3670 803 τις.
3706 745 3801 798 Καὶ

2138 829 2298 878 τοῦτο
2333 823 2504 894 ἴσονὴ
2538 826 2788 892 ἀνισότης
2829 825 2966 902 ἔχει,
3013 829 3111 896 τὴν
3167 830 3291 903 περὶ
3345 830 3519 883 πάντα
3576 827 3805 903 μεταϐο-

2142 911 2266 983 λήν.
2329 919 2644 990 Περιχωρεῖ
2700 917 2805 991 γὰρ
2844 917 2912 970 τὰ
2942 917 3114 971 πάντα
3147 914 3372 991 ῥᾳδίως,
3422 918 3511 972 καὶ
3550 940 3803 995 μεταχω-

2141 1007 2243 1073 ρεῖ,
2293 1003 2383 1057 καὶ
2430 1004 2863 1059 ἀντικαθίσταται
2890 1024 2901 1037 ·
2956 1006 3029 1067 ὡς
3080 1004 3269 1081 αὔραις
3301 1009 3431 1061 εἶναι
3466 1006 3678 1079 μᾶλλον
3712 1031 3797 1063 πι-

2138 1091 2342 1146 στεύειν
2387 1092 2477 1146 καὶ
2521 1093 2808 1168 γράμμασι
2863 1096 2979 1157 τοῖς
3027 1097 3144 1149 καθ’
3187 1094 3406 1160 ὕδατος,
3437 1098 3473 1166 ἢ
3504 1098 3795 1172 ἀνθρώπων

2139 1180 2426 1255 εὐημερίᾳ.
2478 1182 2577 1237 Καὶ
2626 1182 2818 1260 φθόνος
2875 1184 2969 1256 μὶν
3029 1183 3350 1259 εὐπραξίαν,
3416 1187 3695 1263 συμφορὰν
3753 1185 3803 1242 δὲ

2136 1266 2289 1332 ἔλεος
2341 1268 2592 1339 ἵστησιν·
2646 1274 2736 1326 καὶ
2785 1278 2947 1327 τοῦτο
3004 1278 3205 1352 σοφῶς,
3256 1274 3392 1330 κατά
3443 1296 3503 1350 γε
3545 1274 3639 1330 τὸν
3671 1272 3791 1349 ἐμόν

2137 1357 2319 1435 λόγον,
2352 1361 2439 1413 καὶ
2473 1362 2808 1435 θαυμασίως,
2836 1359 2929 1416 είνα
2980 1364 3119 1435 μήτε
3165 1363 3227 1417 τὸ
3277 1362 3459 1439 ἀλγεῖν
3512 1365 3789 1439 ἀπαραμύ-

2137 1450 2301 1519 Θητον
2334 1448 2390 1523 ᾖ,
2428 1452 2567 1523 μήτε
2594 1451 2657 1505 τὸ
2688 1448 2743 1505 εὖ
2776 1453 3026 1527 πράττειν
3058 1449 3544 1527 ἀπαιδαγώγητον.

361 1550 537 1618 atque
569 1545 628 1599 in
660 1546 960 1600 diversum
994 1544 1270 1614 migrant,
1304 1541 1536 1612 sibique
1566 1539 1815 1594 invicem
1851 1540 2275 1606 adversantur;
2311 1544 2376 1595 ut
2400 1542 2586 1597 ventis
2612 1542 2818 1612 tutius,
2870 1546 2973 1597 aut
3024 1542 3232 1598 litteris
3281 1544 3339 1597 in
3371 1560 3524 1614 aqua
3562 1544 3795 1614 scriptis

361 1634 507 1690 ﬁdes
532 1634 734 1690 haberi
768 1650 938 1705 posse
968 1632 1253 1687 videatur.
1289 1630 1470 1701 quue
1503 1645 1631 1684 meo
1664 1627 1902 1700 quidem
1924 1628 2151 1699 judicio
2184 1630 2484 1701 sapienter
2521 1635 2577 1685 et
2608 1630 2976 1698 admiranda,
3028 1648 3101 1687 ne
3149 1630 3237 1687 vel
3289 1633 3613 1689 adversitas
3645 1633 3797 1689 sola-

363 1723 469 1791 tio,
501 1724 589 1779 vel
623 1723 979 1796 prosperitas
1013 1722 1175 1777 freno
1208 1724 1265 1774 et
1295 1718 1611 1790 disciplina
1641 1722 1856 1773 careat.

438 1812 504 1866 V.
544 1813 868 1867 Prudenter
896 1827 1031 1866 vero
1064 1809 1148 1863 illi
1183 1808 1429 1874 faciunt,
1463 1808 1565 1878 qui
1596 1806 2023 1862 calamitatibui

2215 1807 2288 1861 E'.
2326 1804 2629 1883 Σωφρόνων
2680 1803 2736 1860 δὲ
2781 1804 3011 1879 ἀνδρῶν,
3066 1804 3256 1867 οἵτινες
3305 1804 3650 1862 παιδεύονται
3679 1814 3799 1870 ταῖς

363 1902 812 1967 erudiuntur,ao
825 1900 966 1955 dum
980 1898 1503 1967 illis,velutaurum
1522 1896 2035 1967 igne,purgantur,

367 1991 707 2046 Davidicum
743 1990 888 2044 illud
924 1989 981 2042 in
1014 2004 1112 2043 ore
1146 1987 1403 2042 habent:
1442 1990 1659 2040 Bonum
1693 1986 1850 2051 mihi,
1902 1985 2035 2055 quia

364 2081 682 2136 humiliasu'
708 2095 814 2145 me,
848 2081 907 2133 ut
938 2078 1156 2132 discam
1163 2076 1606 2146 justiﬁcationes
1634 2079 1759 2129 tuas
1782 2074 1842 2128 1‘.
1869 2072 2033 2137 Quod

364 2169 636 2225 videlicet
693 2186 760 2224 ea
820 2182 912 2222 res
944 2165 1442 2237 iustiﬁcationum
1507 2163 1600 2218 Dei
1636 2162 2032 2235 cognitionem

358 2260 569 2330 pariat.
603 2258 820 2329 quique
854 2261 1089 2311 Petrum
1112 2254 1449 2323 imitantur,
1480 2252 1801 2308 Salvatoris
1834 2268 2028 2323 opem,

361 2364 495 2403 cum
521 2349 645 2417 jam
680 2362 824 2417 pene
856 2344 1300 2416 mergeretur“,
1324 2341 1764 2414 implorantem:
1801 2342 1898 2412 qui
1932 2341 2028 2395 de-

361 2437 537 2507 nique
570 2436 641 2491 0h
671 2436 931 2490 dolorem
964 2435 1034 2489 ad
1070 2434 1253 2488 Deum
1290 2449 1419 2487 sese
1445 2431 1632 2502 magis
1666 2432 2026 2502 adjungunt,

363 2528 511 2582 82]
550 2543 614 2581 ac
647 2526 1065 2580 beneﬁciorum
1094 2523 1361 2578 omnium
1418 2525 1717 2575 auctorem
1753 2538 1853 2591 per
1878 2519 2028 2573 afﬂi-

365 2616 617 2672 ctionem
634 2614 743 2669 sibi
767 2613 1103 2668 conciliant.
1129 2611 1626 2681 Quandoquidem
1651 2627 1803 2679 aegra
1832 2609 2031 2664 anima

368 2704 483 2760 Deo
519 2702 851 2775 propinqua
880 2708 1006 2761 est:
1043 2718 1109 2756 ac
1160 2701 1409 2771 penuria
1467 2700 1596 2769 ipsa
1627 2699 1824 2766 el‘flcit,
1862 2705 1924 2753 ut
1953 2700 2024 2753 ad

368 2794 576 2862 Deum,
613 2794 707 2862 qui
729 2791 1016 2863 largiendi
1040 2795 1388 2861 potestatem
1410 2789 1603 2852 habet,
1629 2788 2026 2859 nosmetipsos

369 2881 882 2952 conferamus,qui
915 2880 1135 2951 alioqui
1159 2879 1412 2933 fortasse
1437 2878 1510 2932 ob
1533 2878 1778 2931 eﬁ‘usam
1812 2876 2024 2932 libera-

371 2972 592 3028 litatem
637 2970 1053 3026 contemnitur.
1110 2968 1410 3033 Quocirca.
1474 2966 1702 3036 fratres,
1738 2965 2023 3021 oculosin

369 3060 580 3117 coelum
612 3066 835 3115 erectos
867 3058 1213 3125 habeamus,
1247 3056 1304 3110 in
1341 3056 1500 3111 omni
1556 3059 1817 3126 tempore
1849 3059 2026 3126 atquo

368 3150 529 3205 omni
561 3151 803 3205 adverso
836 3164 1033 3203 rerum
1066 3150 1271 3201 eventu
1304 3147 1518 3200 bonam
1554 3161 1715 3215 spem
1748 3145 2017 3215 praefera-

367 3255 719 3310 mus,neque
750 3237 834 3292 vel
868 3238 925 3291 in
957 3236 1251 3309 prosperis
1302 3235 1478 3288 rebus
1508 3235 1803 3303 timorem,
1838 3232 1925 3289 vel
1956 3235 2015 3289 in

365 3328 625 3384 adversis
659 3345 823 3400 spem
884 3326 1253 3397 abjiciamus.
1314 3326 1597 3379 Memores
1649 3322 1859 3388 simus,
1892 3328 2017 3378 tum

364 3422 733 3490 tempestatis
766 3418 823 3471 in
854 3415 1300 3486 tranquillitate,
1363 3418 1489 3467 tum
1522 3414 1932 3483 gubernatoris
1959 3413 2017 3467 in

359 3498 832 3581 tempestatemec
852 3508 906 3560 in
925 3502 1698 3573 afﬂictionibusfraugamur
1716 3502 1929 3556 animis
1953 3519 2019 3557 ac

370 3601 770 3665 debilitemur,
795 3612 900 3650 nec
942 3594 1246 3664 improbos
1305 3608 1504 3647 servos
1563 3591 1887 3655 imitemur,
1917 3594 2019 3663 qui

364 3689 719 3745 confitentur
732 3686 970 3757 quidem
991 3683 1234 3738 Domino
1249 3698 1383 3736 cum
1402 3680 1689 3736 benefacit
1702 3680 2019 3748 eis,verum

364 3778 554 3834 eidem
588 3774 923 3847 corripienti
958 3788 1327 3843 nequaquam
1362 3771 1486 3842 pari
1520 3769 1715 3824 studio
1738 3774 1791 3823 et
1812 3768 2017 3824 volun-

363 3871 486 3923 tate
511 3867 951 3937 adjunguntur:
985 3866 1337 3918 cumtamen
1359 3859 1657 3915 interdum
1683 3859 1930 3925 accidat,
1957 3861 2023 3913 ut

2145 1900 2472 1971 συμφοραῖς,
2531 1895 2619 1948 καὶ
2673 1896 2748 1956 ὡς
2815 1896 3017 1970 χρυσὸς
3068 1897 3199 1971 πυρὶ
3256 1896 3641 1972 καθαιρόμενοι
3692 1900 3803 1971 (98)

2148 1984 2438 2056 λέγουσιν·
2499 1983 2729 2057 Ἀγαθόν
2783 2004 2895 2056 μοι,
2947 1982 3029 2039 ὅτι
3081 1984 3446 2047 ἐταπείνωσάς
3505 2007 3592 2059 με,
3654 1986 3801 2048 ὅπως

2144 2070 2204 2125 ἂν
2264 2072 2416 2143 μάθω
2464 2074 2532 2127 τὰ
2588 2071 2933 2145 δικαιώματά
2990 2095 3087 2128 σου
3373 2075 3448 2137 ὡς
3512 2076 3802 2144 τικτούσης

2140 2167 2240 2230 τῆς
2304 2163 2680 2223 ταπεινώσεως
2727 2163 2789 2217 τὸ
2833 2166 3117 2237 γινώσκειν
3164 2164 3229 2217 τὰ
3278 2161 3639 2237 δικαιώματα.
3702 2164 3799 2218 Καὶ

2138 2250 2201 2304 τὸ
2248 2249 2345 2305 τοὺ
2392 2250 2599 2325 Πέτρου
2656 2250 2970 2327 ,πάσχουσιν
3033 2255 3126 2324 (1),
3179 2252 3638 2326 ἐπικαλεσαμένου
3691 2254 3790 2322 τὴν

2142 2340 2413 2416 σωτηρίαν
2449 2339 2499 2394 ἐν
2534 2344 2610 2411 τῷ
2640 2339 2863 2412 μέλλειν
2892 2339 3246 2405 καταδύεσθαι
3275 2362 3286 2373 ·
3349 2342 3437 2396 καὶ
3482 2341 3693 2416 μᾶλλόν
3740 2364 3791 2397 τι

2140 2434 2538 2505 προσχωροῦσι
2562 2434 2676 2501 Θεῷ
2697 2432 2775 2502 (2)
2808 2426 2896 2484 διὰ
2925 2430 2986 2484 τὸ
3017 2428 3224 2506 ἀλγεῖν,
3256 2431 3345 2485 καὶ
3375 2431 3465 2486 τὸν
3501 2430 3792 2507 εὐεργέτην

2140 2517 2461 2573 οἶκειούνται
2514 2524 2589 2589 (3)
2644 2516 2732 2572 διὰ
2778 2522 2875 2587 τῆς
2927 2518 3189 2593 θλίψεως.
3247 2519 3465 2590 Ἐπειδή
3517 2523 3791 2593 κάμνουσα

2139 2612 2292 2683 ψυχὴ
2350 2609 2508 2685 ἐγγύς
2565 2609 2674 2664 ἐστι
2724 2616 2879 2683 Θεοῦ,
2912 2612 3001 2665 καὶ
3028 2612 3092 2665 τὸ
3124 2611 3348 2686 χρῄζειν
3382 2614 3458 2684 (4)
3490 2610 3796 2689 ἐπιστρέφει

2138 2700 2274 2771 πρὸς
2331 2698 2420 2751 τὸν
2466 2696 2651 2753 δοῦναι
2702 2697 3023 2771 δυνάμενον,
3073 2704 3150 2772 τῷ
3199 2701 3419 2778 ἀφθόνῳ
3459 2704 3557 2769 τῆς
3588 2699 3796 2776 δωρεᾶς

2136 2785 2306 2861 τυχὸν
2383 2788 2472 2840 καὶ
2538 2788 3064 2864 καταφρονούμενον.
3113 2790 3209 2844 Διά
3255 2794 3417 2844 τοῦτο
3468 2787 3578 2843 ἅνω
3625 2792 3794 2844 νεύω-

2142 2896 2235 2947 μεν
2296 2880 2393 2949 (5),
2456 2873 2705 2954 ἀδελφοὶ,
2763 2876 2813 2930 ἐν
2873 2878 3033 2931 παντὶ
3091 2882 3265 2953 καιρῷ
3334 2878 3424 2933 καὶ
3480 2880 3789 2953 περιστάσει

2135 2962 2278 3037 πάσῃ
2325 2960 2735 3040 προϐαλώμεθα
2783 2967 2860 3039 (6)
2919 2967 3017 3034 τὴν
3071 2964 3246 3034 καλὴν
3305 2965 3522 3040 ὲλπιδα,
3570 2969 3708 3041 μήτε
3740 2966 3793 3022 ἐν

2134 3058 2253 3114 ταῖς
2296 3052 2576 3126 εὐθυμίαις
2610 3050 2983 3129 ἀποϐάΛωμεν
3038 3055 3129 3110 τὸν
3163 3051 3350 3131 φόϐον,
3408 3059 3545 3129 μήτε
3576 3055 3626 3111 ἐν
3672 3062 3789 3120 τοῖς

2136 3140 2410 3218 λυπηροῖς
2439 3144 2502 3197 τὸ
2551 3139 2759 3199 εὔελπι.
2791 3146 3133 3217 Μνησθῶμεν
3165 3146 3257 3199 καὶ
3299 3145 3350 3201 ἐν
3386 3143 3537 3216 εὐδίᾳ
3566 3152 3661 3215 τῆς
3696 3147 3786 3215 ζά-

2130 3228 2255 3300 λης,
2307 3230 2395 3285 καὶ
2446 3230 2496 3285 ἐν
2548 3237 2784 3306 χειμῶνι
2831 3238 2929 3288 τοῦ
2972 3229 3341 3309 κυϐερνῆτοψ
3377 3232 3522 3289 ἀλλὰ
3556 3236 3630 3306 μή
3662 3240 3784 3297 ταῖς

2128 3320 2374 3393 θλίψεσιν
2410 3320 2820 3395 ἐκκακήσωμεν,
2859 3321 2999 3396 μηδέ
3028 3325 3313 3397 γενώμεθα
3342 3326 3415 3398 (7)
3450 3320 3641 3378 δοῦλοι
3688 3330 3783 3378 κα-

2128 3410 2239 3477 κοὶ,
2294 3409 2613 3486 ἀγαθύνοντι
2677 3412 2771 3483 μὲν
2826 3410 3323 3488 ἐξομολογούμενοι
3387 3417 3467 3484 τῷ
3521 3413 3781 3487 Δεσπότῃ,

2129 3498 2443 3554 παιδεύοντι
2494 3497 2551 3554 δὲ
2604 3502 2678 3573 μὴ
2730 3504 3183 3576 προστιθέμενον
3237 3502 3416 3557 καίτοι
3446 3502 3579 3556 ποτὶ
3608 3503 3785 3577 κρείσ-

2130 3610 2237 3643 σων
2275 3588 2479 3663 ὑγιείας
2516 3593 2589 3661 (8)
2619 3589 2787 3651 πόνος
2820 3592 2917 3663 (9),
2978 3590 3068 3645 καὶ
3101 3591 3353 3665 ὑπομονὴ
3386 3593 3501 3665 (10)
3533 3592 3788 3659 ἀνέσεως,

2128 3677 2219 3732 καί
2252 3678 2528 3752 ἐπίσκεψις
2562 3677 2841 3751 ἀμελείας,
2874 3681 2963 3734 καὶ
3013 3680 3311 3758 ἐπιστροφὴ
3357 3682 3786 3757 συγχωρήσεως.

2132 3764 2286 3823 Εἷίπω
2335 3767 2643 3841 συντόμως,
2698 3770 2838 3841 μήτε
2888 3766 2976 3823 διὰ
3022 3770 3119 3832 τὰς
3161 3771 3443 3847 συμφορὰς
3474 3769 3785 3842 πίπτωμεν,

2136 3858 2275 3929 μήτε
2307 3855 2397 3911 διὰ
2425 3859 2515 3912 τὸν
2544 3857 2704 3933 κόρον
2742 3853 3070 3933 ὑϐρίζωμεν.

364 3957 529 4012 dolor
557 3954 828 4019 sanitate,
862 3956 918 4007 et
966 3950 1248 4023 patientia
1279 3949 1628 4004 remissione
1669 3952 1844 4020 atque
1903 3946 2297 4021 indulgentia,
2360 3954 2415 4003 et
2488 3949 2750 4004 visitatio
2808 3950 3101 4022 neglectu,
3148 3956 3205 4006 et
3254 3949 3564 4021 castigatio
3622 3948 3794 4004 venia

366 4045 575 4101 melior
595 4044 672 4100 sit
701 4047 758 4098 et
783 4040 1187 4114 praestabilior.
1222 4043 1431 4110 Atque,
1466 4043 1530 4093 ut
1556 4054 1677 4093 rem
1706 4036 1765 4091 in
1798 4054 1983 4109 pauca
2013 4038 2331 4106 conferam,
2378 4038 2464 4093 sic
2496 4054 2602 4095 nos
2634 4038 3037 4107 instituamus,
3096 4044 3162 4095 ut
3228 4056 3331 4095 nec
3362 4046 3600 4111 preptor
3629 4039 3788 4093 cala-

361 4136 596 4191 mitates
625 4132 1029 4198 concidamus,
1061 4145 1167 4184 nec
1200 4132 1435 4200 propter
1465 4128 1838 4182 saturitatem
1872 4126 2188 4183 insolentia
2216 4128 2549 4183 efferamur.

437 4224 531 4278 V1.
564 4221 1000 4278 Submittamus
1034 4236 1161 4285 nos,
1197 4224 1321 4271 tum
1356 4216 1487 4281 Deo,
1543 4220 1671 4269 tum
1723 4214 1823 4269 alii
1855 4215 2008 4285 aliis,
2040 4219 2087 4282 D

361 4317 491 4369 tum
524 4311 596 4366 iis
627 4309 729 4381 qui
761 4308 1076 4379 imperium
1131 4304 1193 4359 in
1252 4312 1409 4359 terra
1466 4308 1712 4374 gerunt:
1748 4304 1861 4359 Deo
1885 4305 2014 4375 qui-

360 4402 517 4467 dem,
550 4398 831 4455 omnibus
878 4397 949 4450 de
980 4394 1196 4450 causis
1228 4393 1328 4447 alii
1355 4397 1549 4447 autem
1578 4392 1729 4459 aliis,
1781 4398 2018 4464 propter

432 4582 478 4617 ¹⁴
512 4576 660 4635 Psal.
694 4594 889 4645 cxvm,
919 4575 1010 4629 74.
1047 4573 1091 4610 1⁵
1119 4572 1323 4629 Matth.
1355 4588 1469 4641 xw,
1505 4572 1593 4627 30.

429 4770 541 4843 (98)
571 4766 991 4843 Καθαιρόμενοι.
1054 4764 1147 4821 Sic
1207 4761 1381 4818 Coisl.
1418 4764 1468 4831 1,
1504 4763 1739 4834 aliique.
1802 4763 1866 4818 In
1899 4764 2018 4829 ed.,

357 4839 768 4931 καθαιρόμεναιζ

433 4902 778 4998 (ρεῖοξως,
819 4908 910 4998 δινῇ
968 4908 1131 4998 μάψ
1329 4902 1675 4977 δικαιώματά
1922 4906 2016 4962 δίο

360 4978 610 5049 Οοίειξ1,
644 4987 699 5051 2,
734 4990 841 5040 etc.
869 4978 1093 5036 Desunt
1116 4979 1177 5032 in
1209 4978 1301 5032 ed.

432 5058 511 5129 (1)
544 5048 875 5129 Πάσχουσιν.
910 5053 999 5108 Sic
1030 5052 1213 5123 Regg.
1284 5066 1338 5113 a,
1374 5050 1493 5111 bm,
1530 5048 1703 5104 Cois].
1753 5049 1807 5117 3,
1867 5049 2013 5117 Jes.,

361 5126 469 5184 etC.
494 5126 569 5182 ‘ln
602 5126 719 5199 ed.,
750 5126 1056 5199 πάσχωσιν.

428 5202 506 5272 (2)
538 5197 636 5252 Καὶ
657 5191 901 5281 ,μᾶλλόῖ
933 5217 983 5250 τι
1043 5194 1432 5319 προσχίωροῦσι
1492 5193 1627 5280 eaq).
1690 5191 1783 5246 Sic
1833 5192 2013 5275 Regg.

447 5271 747 5319 hu_Cmsl-
782 5270 1007 5319 3-.les.-
1063 5273 1175 5319 etc.
1240 5282 1275 5317 n
1333 5264 1448 5319 ed..
1505 5281 1593 5315 και
1643 5280 2013 5319 ποοογωβωσι

357 5264 747 5338 α,Ἰ]ὐ,(]οἱέΙ·
782 5273 834 5339 3,
865 5270 1007 5339 Jes.,
1063 5264 1275 5322 etc.’ln
1333 5264 1448 5331 ed.,
1505 5264 1593 5315 καὶ
1643 5266 2014 5337 προσχωρῶσι

360 5339 630 5410 μᾶλλόντι
666 5341 802 5410 Θεῷ.

422 5415 500 5485 ς3)
527 5404 888 5485 Οἷκειοῦνται.
922 5412 1011 5466 Sic.
1046 5410 1222 5480 Regg.
1261 5407 1360 5474 hu,
1418 5404 1593 5459 Cois].
1628 5408 1681 5473 2,
1715 5405 1858 5473 308.,
1892 5412 2005 5462 ctc.

350 5484 419 5536 In
454 5483 568 5548 ed.,
597 5483 927 5536 οἰκειῶνται.

387 5556 497 5629 ~(4)
529 5554 599 5607 Τὸ
645 5552 899 5628 χρῄζειν.
935 5554 1015 5605 lla
1061 5554 1200 5623 Reg.
1239 5567 1291 5615 a,
1330 5550 1447 5611 lim,
1481 5547 1623 5616 Jes.,
1660 5554 1767 5603 etc.
1804 5554 1863 5603 ln
1898 5550 2011 5616 ed.,

387 5641 425 5674 ω
456 5623 704 5674 γοήῖειν.

342 5638 425 5691 τῳ
456 5638 704 5691 χρῄζειν.

437 5694 494 5751 5)
524 5694 671 5751 Ἀνω
704 5694 971 5751 νεύωμεν.
1006 5701 1141 5751 Περ.
1179 5694 1300 5751 bm,
1333 5694 1693 5751 ἀνανεύωμεν.

410 5630 971 5828 ἓῦξρίλζῗιῗσνεύωμεν.
1006 5701 1141 5764 Reg.
1179 5694 1300 5758 hm,
1333 5687 1586 5759 ἆνανεύωι

431 5760 484 5824 δ)
520 5761 963 5828 Προϐαλώμεθα.
993 5767 1132 5828 Reg.
1168 5765 1291 5828 bm,
1338 5756 1586 5828 προϐαλλ

431 5756 484 5824 6)
520 5756 963 5835 Προϐαλώμεθα.
993 5756 1132 5837 Reg.
1168 5756 1293 5832 bm,
1338 5756 1806 5835 προϐαλλώμεθα,
1842 5786 1869 5815 (ι
1908 5765 2011 5820 bo-

2193 4216 2254 4283 ζ’.
2314 4216 2769 4289 Ὑποτασσώμεθα
2842 4217 2931 4271 καὶ
3002 4221 3119 4289 Θεῷ
3192 4216 3281 4272 καὶ
3354 4213 3665 4286 ἀλλήλοις,
3699 4216 3794 4268 καὶ

2125 4310 2245 4358 τοῖς
2278 4303 2365 4357 ἐπὶ
2397 4306 2502 4378 γῆς
2533 4304 2799 4379 ἄρχουσιν
2828 4324 2840 4336 '
2875 4311 2990 4378 Θεῷ
3020 4304 3109 4359 διὰ
3150 4304 3343 4372 πάντα,
3396 4302 3486 4358 διὰ
3532 4305 3631 4372 τήν
3665 4301 3795 4381 φιλ-

2126 4390 2386 4470 αδελφίαν
2434 4391 2734 4466 ἀλλήλοις,
2768 4392 2837 4448 δι’
2882 4395 3123 4466 εὐταξίαν
3170 4399 3289 4456 τοῖς
3337 4392 3599 4470 ἄρχουσιν
3630 4411 3641 4424 ·
3700 4391 3797 4446 καὶ

2132 4780 2269 4818 nam
2303 4778 2469 4833 spem
2502 4764 2901 4833 praeferamus.
2930 4788 2957 4815 »
2981 4768 3113 4831 Qua
3136 4767 3312 4822 verba
3332 4763 3670 4830 ostendunt,
3690 4778 3791 4815 vo-

2131 4852 2225 4891 ces
2258 4834 2387 4902 has,
2422 4834 2728 4909 περιστάσει
2780 4837 2947 4909 πάσῃ,
2979 4855 3096 4893 non
3154 4841 3226 4895 de
3260 4858 3289 4888 ‹‹
3320 4836 3783 4909 opibusetpau-

2132 4912 2375 4981 pertate,
2409 4929 2436 4956 η
2471 4905 2546 4981 de
2573 4930 2601 4955 ‹‹
2635 4907 2822 4981 gloria
2843 4905 3269 4981 etignominia,
3307 4931 3335 4958 »
3360 4905 3433 4963 ut
3453 4905 3777 4981 vultElias,

2131 4976 2229 5034 sed
2266 4981 2336 5032 de
2368 5001 2395 5027 «
2430 4976 2738 5049 quibusvis
2770 4976 3007 5037 casibus
3041 4976 3322 5048 adversis,
3361 5002 3388 5029 ››
3420 4995 3547 5033 esse
3576 4976 3789 5031 intelli-

2129 5052 2370 5125 gendas.
2393 5048 2484 5103 Sic
2503 5053 2657 5125 apud
2672 5051 3158 5125 Chrysostomum
3173 5055 3447 5125 frequens
3470 5048 3783 5125 haecphra:

2128 5118 2230 5199 sis,
2252 5126 2369 5199 τοῖς
2388 5125 2501 5180 τοῖς
2598 5118 2932 5199 πειστάσεσιν
2955 5125 3073 5179 οὖσι
3100 5118 3482 5199 παρίστασθαι,
3532 5143 3559 5169 ‹‹
3589 5118 3660 5175 iis
3679 5118 3783 5190 qui

2129 5194 2388 5269 adversis
2418 5195 2659 5269 casibus
2668 5198 3099 5269 conﬂictantur
3127 5194 3339 5269 praesto
3371 5210 3519 5250 esse.
3555 5214 3581 5241 ››

2199 5268 2275 5343 (ἶ)
2306 5263 2629 5343 ρενώμεθαᾷ
2646 5267 2783 5343 Reg,
2814 5269 2960 5343 bm.,
2995 5263 3295 5343 γινώμεθα.

2304 5336 2560 5425 ’Ξγιείαῆ
2597 5336 2753 5425 Reg.~
2771 5341 2891 5425 hm,
2928 5336 3104 5425 ὑγείας

2198 5411 2275 5480 (9)
2314 5409 2501 5483 Πόνος.
2542 5411 2609 5483 In
2638 5409 2929 5483 pluribus,
2962 5409 3143 5477 νόσος,
3181 5433 3207 5461 ‹‹
3242 5409 3505 5483 morbus.
3529 5427 3571 5483 3)

2200 5476 2310 5551 tW)
2332 5476 2699 5551 ὙπομονήῘα
2732 5476 3025 5539 Malorum
3061 5476 3392 5547 tolerantia,
3410 5476 3728 5551 patientia.
3761 5494 3791 5526 ι

2126 5552 2265 5628 Reg.
2294 5548 2634 5628 'meCoisl.
2670 5556 2729 5620 2,
2761 5560 2819 5609 et
2845 5556 2965 5626 Jes,
3000 5555 3337 5628 ὑπόμνησις.
3513 5548 3798 5628 Videam}?

2126 5620 2339 5698 legisse
2369 5624 2577 5698 Billius
2608 5630 2667 5679 et
2695 5620 3149 5698 (Leuvenklaius,
3184 5620 3285 5698 qui
3317 5622 3593 5690 reddunt,
3622 5640 3653 5670 «
3684 5620 3793 5674 ad-

2128 5696 2393 5762 monitio,
2428 5696 2810 5752 submonitio.
2850 5721 2871 5748 ιε
