4090 6448
397 477 516 540 973

1283 469 1575 531 ORATIO
1618 463 2032 530 XVll.—AD
2077 461 2305 526 CIVES
2353 461 2935 528 NAZIANZENOS.

3696 473 3819 534 974

397 608 643 680 τοσούτῳ
696 605 936 681 μᾶλλον,
981 604 1194 678 ὅσῳπερ
1258 603 1318 657 ἂν
1381 603 1510 656 ῶσιν
1560 601 1903 676 ἡμερώτεροι
1962 598 2095 678 καὶ,

2194 597 2469 654 ιιιειιὶῐιιῐὶε
2503 599 2720 667 foedus;
2740 601 3104 673 principibus
3127 603 3399 675 denique,
3417 611 3650 677 propter
3668 608 3824 662 ordi-

399 697 763 775 χρηστότεροι
815 697 951 769 (11).
1012 694 1191 748 Δεινὸν
1263 691 1550 746 ἐπιείκειαν
1615 688 1917 758 δαπανῆσαι
1977 691 2055 758 τῷ

401 792 620 862 συνεχεῖ
648 793 746 855 τῆς
796 784 1145 860 συγγνώμης,
1190 780 1280 837 ’ίνα
1313 783 1387 854 μὴ
1420 781 1635 850 καὶτῆς
1665 778 1880 834 ἐκείνων
1929 797 2057 850 τρα-

403 876 644 951 χύτητος
706 875 819 945 (12)
882 872 1035 927 αὐτοὶ
1094 869 1242 933 δίκας
1319 870 1728 941 ἀπαιτηθῶμεν,
1804 864 2054 942 γαλήνην

403 963 670 1037 πνεύματι
723 961 1000 1027 λύσαντες,
1050 961 1139 1015 καὶ
1191 958 1329 1037 φωτὶ
1391 959 1551 1036 ζόφον
1595 956 1908 1032 ἔπάγοντες,
1969 951 2056 1009 καί

411 1052 590 1126 μέλιτι
636 1050 1061 1127 καταμιγνύντες
1120 1051 1390 1124 ἀψινθιον.
1449 1050 1601 1102 Ἐστι
1648 1048 1738 1101 καὶ
1787 1045 1942 1106 οὗτος
1983 1044 2057 1106 εἷς

405 1146 513 1196 τῶν
545 1140 827 1217 ἡμετέρων
868 1141 1074 1213 νόμων,
1133 1139 1223 1194 καὶ
1272 1138 1432 1200 οὗτος
1481 1141 1585 1192 τῶν
1634 1135 2062 1207 ἐπαινουμένων,

408 1232 498 1285 καὶ
528 1229 800 1286 κάλλιστα
831 1227 1266 1304 διατεταγμένων
1317 1232 1394 1299 τῷ
1443 1225 1736 1298 Πνεύματι,
1787 1224 1852 1278 τὸ
1902 1221 2059 1278 δυνα-

407 1321 498 1374 τὸν
538 1321 670 1393 μετά
717 1323 812 1373 τοῦ
863 1316 1036 1373 καλοῦ
1082 1315 1458 1390 δοκιμάσαντι,
1491 1316 1579 1370 καὶ
1611 1315 2060 1388 νομοθετήσαντι,

411 1409 590 1485 ὥσπερ
653 1405 884 1469 δούλους
939 1407 1225 1462 ὑπακούειν
1286 1404 1593 1474 δεσπόταις,
1650 1405 1739 1458 καὶ
1806 1407 2061 1478 γυναῖκας

411 1496 655 1574 ἀνδράσι,
713 1498 802 1552 καὶ
861 1497 1042 1570 Κυρίῳ
1097 1497 1194 1564 τὴν
1259 1492 1610 1565 Ἐκκλησίαν,
1669 1492 1759 1547 καὶ
1821 1492 2063 1564 μαθητὰς

410 1587 635 1659 ποιμέσι
680 1586 770 1640 καὶ
820 1582 1170 1646 διδασκάλοις
1197 1602 1210 1616 °
1263 1583 1405 1638 οὕτω
1455 1580 1512 1636 δὲ
1558 1581 1645 1637 καὶ
1691 1583 1886 1642 πάσαις
1918 1579 2064 1650 ἐξου-

413 1674 551 1737 σίαις
585 1673 978 1749 ὑπερεχούσαις
1027 1673 1436 1744 ὑποτάσσεσθαι,
1491 1670 1552 1726 ού
1597 1670 1756 1744 μόνον
1819 1667 1908 1723 διὰ
1965 1671 2063 1738 τὴν

413 1765 598 1840 ὀργὴν,
649 1761 797 1819 ἀλλὰ
843 1764 932 1817 καὶ
997 1759 1084 1816 διὰ
1134 1763 1233 1830 τὴν
1283 1758 1614 1830 συνείδησιν,
1661 1760 1737 1821 ὡς
1785 1756 2067 1818 ὑποτελεῖς

413 1852 584 1932 φόρου
615 1851 988 1928 τυγχάνοντας
1015 1871 1027 1884 ·
1061 1850 1149 1906 καὶ
1186 1852 1262 1925 μὴ
1293 1853 1724 1910 κακοποιοῢττας
1769 1853 1942 1919 μισεῖν
1974 1847 2066 1902 τὸν

413 1930 602 2015 νόμον,
658 1939 797 2014 μηδὲ
850 1941 1129 2014 ἀναμένειν
1171 1941 1271 2008 τήν
1305 1939 1604 2014 μάχαιραν,
1635 1935 1781 1992 ἀλλά
1809 1941 1887 2006 τῷ
1914 1930 2069 2012 φόϐῳ

414 2032 840 2106 καθαιρομένους
874 2029 1200 2084 ἐπαινεῖσθαι
1237 2029 1340 2082 ὑπὸ
1368 2033 1470 2096 τῆς
1511 2026 1773 2096 ἐξουσίας.

2166 704 2300 742 nem
2333 689 2696 762 publicaeque
2726 689 3048 762 disciplinae
3089 693 3372 748 rationem
3404 719 3417 760 ;
3451 695 3626 765 idque
3658 701 3821 753 tanto

2165 777 2343 831 etiam
2381 778 2588 848 magis,
2621 783 2842 850 quanto
2878 779 3239 836 facilioribus
3274 781 3389 836 illis
3421 800 3485 838 ac
3518 784 3821 857 benignio-

2168 865 2332 921 ribus
2366 867 2608 922 utimur.
2632 868 2816 924 Grave
2839 887 2904 924 ac
2930 870 3328 942 periculosum
3351 877 3458 940 est,
3482 874 3822 945 ignoscendi

2168 955 2516 1011 assiduitate
2549 955 2923 1014 clementiam
2955 959 3284 1028 exhaurire,
3339 978 3411 1016 ne
3443 961 3663 1034 alioqui
3695 963 3823 1020 illo-

2171 1061 2302 1100 rum
2335 1045 2674 1102 acerbitatis
2706 1065 2886 1119 poenas
2913 1065 2946 1104 a
2994 1049 3166 1105 nobis
3200 1055 3568 1122 expetantur,
3628 1057 3692 1107 ut
3721 1054 3821 1124 qui

2173 1134 2360 1190 ventis
2409 1133 2654 1191 invectis
2723 1137 3211 1208 tranquillitatem
3263 1141 3704 1208 sustulerimus,
3767 1145 3825 1198 et

2171 1221 2288 1277 luci
2321 1222 2631 1294 caliginem
2664 1225 3090 1298 induxerimus,
3145 1227 3421 1299 mellique
3453 1229 3820 1286 absinthium

2173 1313 2685 1369 admiscuerimus.
2737 1318 2866 1371 Jam
2901 1333 3034 1371 vero
3095 1317 3249 1373 inter
3297 1324 3535 1375 caeteras
3610 1325 3822 1377 nostrae

2175 1401 2452 1457 doctrinae
2485 1403 2657 1473 leges,
2691 1403 2842 1459 hanc
2873 1421 3108 1477 quoque
3156 1406 3443 1462 habemus
3474 1408 3825 1480 cumprimis

2173 1489 2552 1562 laudandam,
2596 1497 2652 1548 et
2704 1509 2737 1547 a
2786 1493 3028 1565 Spiritu,
3079 1495 3178 1568 qui
3227 1496 3305 1564 id,
3364 1499 3517 1568 quod
3551 1503 3827 1569 praestare

2177 1596 2514 1651 possumus,
2539 1597 2674 1636 cum
2699 1598 2763 1636 eo
2787 1583 2939 1654 quod
2967 1582 3277 1655 pulchrum
3306 1595 3359 1641 et
3378 1586 3693 1642 honestum
3719 1595 3827 1656 est,

2177 1667 2516 1741 exploravit,
2549 1668 2794 1741 legeque
2835 1673 3047 1740 sanxit,
3101 1673 3375 1743 praeclare
3407 1677 3828 1745 constitutam;

2179 1774 2315 1828 qua,
2349 1762 2416 1813 ut
2445 1759 2596 1813 servi
2627 1759 2783 1814 heris
2818 1760 2944 1815 suis
2976 1761 3039 1829 ¹⁶,
3095 1766 3151 1817 et
3202 1779 3409 1818 uxores
3438 1763 3603 1830 viris,
3635 1769 3693 1820 et
3726 1771 3828 1820 Ec-

2180 1845 2359 1902 clesia
2388 1847 2640 1916 Christo,
2673 1853 2730 1903 et
2758 1848 3030 1920 discipuli
3063 1851 3367 1922 magistris
3399 1870 3465 1908 ac
3495 1855 3833 1925 pastoribus

2181 1936 2585 2007 obtemperare
2607 1939 2894 2008 jubentur
2918 1939 2982 2004 ίτ,
3001 1939 3082 1995 ita
3103 1940 3275 1996 nobis
3303 1942 3478 1997 etiam
3502 1945 3832 2014 praescribi-

2179 2029 2294 2093 tur,
2331 2031 2393 2080 ut
2425 2025 2873 2082 sublimioribus
2907 2028 3296 2099 potestatibus
3347 2047 3682 2102 pareamus,
3716 2051 3834 2092 non

417 2123 605 2177 solum
639 2126 876 2192 propter
924 2120 1094 2185 iram,
1156 2120 1258 2174 sed
1317 2118 1496 2173 etiam
1548 2125 1782 2188 propter
1837 2115 2256 2171 conscientiam
2317 2116 2378 2182 ‘3,
2415 2119 2478 2170 ut
2535 2116 2631 2184 qui
2683 2117 2989 2187 pendendo
3039 2117 3256 2174 tributo
3311 2121 3501 2176 simus
3559 2123 3832 2194 obnoxii;

419 2226 524 2265 nec
555 2209 1014 2276 committamus,
1049 2213 1113 2262 ut
1143 2208 1216 2262 ob
1250 2207 1469 2262 scelera
1499 2211 1702 2260 nostra
1747 2205 1934 2276 legem
1985 2204 2115 2260 odio
2163 2203 2492 2259 habeamus
2523 2204 2586 2272 ¹⁹,
2639 2221 2705 2259 ac
2747 2205 3036 2261 vindicem
3077 2206 3338 2279 gladium
3389 2217 3834 2285 exspectemus;

418 2298 558 2367 quin
583 2297 775 2368 potius
807 2296 862 2350 id
899 2312 1166 2367 agamus,
1201 2298 1266 2349 ut
1292 2310 1394 2365 per
1423 2296 1692 2349 timorem
1729 2293 1984 2364 purgati,
2016 2291 2248 2348 laudem
2286 2308 2318 2346 a
2341 2295 2628 2363 potestate
2651 2309 3106 2364 consequamur.

491 2387 558 2438 Z'.
596 2384 703 2439 Μία
731 2385 820 2437 καὶ
851 2385 885 2451 ἡ
920 2382 1055 2450 αύτή
1089 2382 1299 2454 στάθμη
1326 2399 1339 2413 ⁸
1371 2378 1516 2435 ἀλλὰ
1556 2377 1789 2434 φείδεται
1828 2380 1921 2453 μὲν
1973 2384 2070 2433 τοῦ

421 2473 607 2550 ὀρθοῦ,
657 2471 970 2547 περικόπτει
1027 2467 1085 2525 δὲ
1141 2472 1200 2524 τὸ
1250 2469 1644 2544 περιττόν.Είς
1675 2466 1834 2538 ἣλιος
1864 2487 1874 2500 ’
1928 2467 2074 2522 ἀλλὰ

421 2563 642 2640 φωτίζει
698 2562 793 2634 μὲν
837 2561 936 2629 τὴν
992 2558 1332 2636 ὑγιαίνουσαν
1381 2554 1528 2632 ὄψιν,
1581 2558 1818 2633 ὀμαυροῖ
1870 2555 1926 2611 δὲ
1972 2558 2071 2625 τὴν

421 2653 762 2716 ἀσθενοῦσαν.
831 2649 1023 2705 Βούλει
1071 2671 1121 2703 τι
1173 2648 1262 2703 καὶ
1306 2652 1414 2703 τῶν
1462 2648 1744 2723 ἡμετέρων
1777 2645 1913 2701 εἶ’πω
1945 2645 2073 2722 θαρ-

426 2741 593 2818 ρήσας
620 2760 634 2810 ;
670 2741 758 2802 Εἷς
789 2739 1018 2814 Χριστός
1046 2759 1058 2771 ·
1091 2737 1218 2793 ἀλλ’
1268 2738 1342 2800 εἷς
1387 2742 1589 2792 πτῶσιν
1624 2742 1793 2792 κεῖται
1825 2737 1915 2791 καὶ
1948 2736 2074 2790 ἀνά-

427 2851 608 2886 στασιν
659 2831 811 2904 (13)·
865 2834 1070 2884 πτῶσιν
1136 2829 1228 2900 μὲν
1283 2832 1400 2890 τοῖς
1460 2827 1728 2896 ἀπίστοις,
1788 2827 2072 2880 ἀνάστασιν

428 2917 486 2974 δὶ
527 2924 644 2981 τοῖς
694 2916 1044 2974 πιστεύουσι·
1098 2918 1186 2972 καὶ
1229 2923 1345 2979 τοῖς
1393 2918 1490 2990 μὶν
1523 2915 1633 2970 ἔστι
1686 2916 1856 2990 πέτρα
1902 2935 2077 2991 προσ-

427 3008 736 3082 κόμματος,
789 3009 880 3061 καὶ
963 3007 1133 3081 πέτρα
1208 3009 1319 3079 (14)
1398 3003 1724 3078 σκανδάλου,
1800 3003 1918 3059 ὅσοι
2000 3005 2074 3077 μὴ

428 3093 688 3172 ἔγνωσαν,
735 3093 860 3151 οὐδὲ
903 3102 1159 3167 συνῆκαν,
1212 3093 1339 3150 ἀλΛ’
1384 3095 1436 3150 έν
1496 3095 1671 3150 σκότει
1724 3092 2076 3170 διαπορεύον-

427 3207 536 3255 ται,
599 3181 705 3240 εἷ’τε
763 3182 1017 3246 εἰδώλοις
1076 3185 1488 3260 θρησκεύοντες,
1565 3181 1670 3238 εἴτε
1751 3185 1916 3260 μέχρι
1981 3187 2079 3237 τοῦ

427 3275 751 3352 γράμματος
784 3269 1193 3343 διαϐλέποντες,
1225 3273 1313 3328 καὶ
1358 3274 1486 3349 ὑπὲρ
1535 3277 1697 3329 τοῦτο
1747 3272 2078 3348 αύγασθῆναι

432 3367 572 3438 μήτε
620 3365 870 3426 θέλοντες
918 3365 1051 3438 (15),
1107 3366 1246 3437 μήτε
1294 3362 1619 3439 ἰσχύοντες·
1669 3367 1786 3425 τοῖς
1835 3360 1892 3418 δὲ
1927 3362 2079 3424 λίθος

2253 2381 2406 2437 ωσι
2437 2381 2553 2436 VIl.
2588 2381 2714 2437 Una
2746 2387 2918 2453 atque
2974 2385 3177 2440 eadem
3239 2391 3328 2442 est
3383 2387 3588 2460 regula
3623 2408 3636 2458 ;
3669 2394 3725 2445 et
3758 2395 3841 2446 ta-

2185 2488 2317 2526 men
2351 2475 2504 2526 recto
2539 2471 2745 2543 parcit,
2781 2473 2932 2544 quod
2967 2478 3162 2530 autem
3195 2476 3563 2548 superﬂuum
3607 2484 3714 2550 est,
3748 2495 3837 2534 re-

2185 2562 2360 2614 secat.
2394 2559 2557 2615 Unus
2583 2561 2784 2615 itidem
2819 2561 2905 2617 sol
2943 2580 2954 2617 :
2991 2568 3048 2618 et
3095 2567 3316 2636 tamen,
3349 2572 3416 2621 ut
3465 2567 3626 2622 sanis
3653 2569 3838 2626 oculis

2183 2646 2555 2719 splendorem
2587 2651 2775 2716 affert,
2798 2649 2879 2705 ita
2901 2668 3085 2723 aegros
3105 2658 3162 2707 et
3185 2652 3508 2710 imbecilles
3539 2657 3836 2713 obscurat.

2187 2737 2288 2791 Vis
2318 2755 2386 2792 ex
2418 2744 2620 2793 nostra
2665 2739 2930 2794 doctrina
2979 2742 3282 2812 quidpiam
3335 2746 3612 2799 audacter
3642 2747 3836 2816 prote-

2186 2843 2311 2881 ram
2341 2829 2362 2880 Ρ
2393 2826 2556 2882 Unus
2587 2833 2678 2883 est
2698 2828 2965 2884 Christus
3000 2830 3191 2885 :idem
3224 2836 3420 2887 tamen
3445 2834 3502 2888 in
3532 2835 3764 2890 ruinam
3784 2841 3840 2892 et

2186 2915 2670 2971 resurrectionem
2706 2917 2933 2988 positus
2964 2924 3053 2974 est
3079 2921 3162 2988 ³ος
3195 2920 3254 2974 in
3288 2919 3520 2977 ruinam
3557 2924 3837 2980 nimirum

2188 3005 2529 3071 incredulis,
2564 3006 2620 3060 in
2646 3008 3130 3063 resurrectionem
3162 3015 3356 3065 autem
3381 3012 3796 3069 credentibbus
3823 3029 3836 3068 :

2189 3099 2246 3149 et
2277 3093 2407 3149 aliis
2440 3094 2677 3166 quidem
2712 3100 2876 3166 petra
2905 3096 3245 3154 offensionis
3266 3105 3374 3171 est,
3406 3100 3637 3172 aclapis
3669 3118 3838 3157 scan-

2190 3182 2308 3239 dali
2339 3183 2407 3250 ’1,
2440 3183 2513 3239 iis
2545 3200 2771 3254 nempe,
2806 3185 2907 3256 qui
2940 3187 3274 3243 nescierunt
3305 3204 3494 3260 neque
3545 3189 3843 3246 intellexe-

2191 3277 2351 3340 runt,
2381 3290 2581 3328 verum
2618 3274 2677 3327 in
2716 3274 2976 3331 tenebris
3025 3275 3335 3332 ambulant
3386 3278 3468 3346 29;
3504 3279 3706 3349 quales
3758 3279 3845 3335 illi

2193 3366 2353 3429 sunt,
2388 3362 2489 3433 qui
2519 3361 2608 3417 vel
2642 3362 2814 3419 idolis
2846 3363 3074 3420 cultum
3107 3365 3411 3436 adhibent,
3446 3368 3533 3422 vel
3584 3369 3654 3423 ad
3686 3369 3840 3424 litte-

426 3455 845 3530 ἀκρογωνιαῖος,
917 3453 1007 3508 καὶ
1077 3453 1247 3529 πέτρα
1323 3452 1707 3525 ἐπαινουμένη,
1783 3451 1900 3506 ὅσοι
1957 3473 2077 3506 συν-

2194 3469 2316 3506 ram
2365 3467 2550 3522 usque
2599 3452 2883 3507 duntaxat
2933 3454 3322 3525 prospiciunt,
3378 3473 3479 3509 nec
3523 3456 3846 3526 quidquam

429 3540 754 3614 δεσμοῦνται
811 3543 891 3612 τῷ
951 3540 1127 3616 λόγῳ,
1185 3542 1274 3596 καὶ
1323 3541 1403 3595 ἐπ’
1434 3541 1602 3609 αὐτῆς
1659 3536 1951 3616 βεϐήκασιν
1987 3559 2000 3572 ·
2038 3539 2083 3594 εἷ

436 3629 625 3704 βούλει
657 3627 733 3700 δὲ,
768 3630 796 3682 ὁ
831 3629 1172 3703 μαργαρίτης
1206 3629 1431 3700 ἐκεῖνος,
1476 3630 1532 3683 δν
1573 3631 1788 3682 πάντων
1843 3631 1914 3681 ὧν
1969 3626 2083 3702 ἔχει

433 3718 650 3772 ὠνεῖται
697 3720 722 3772 ὁ
773 3716 943 3778 καλὸς
992 3716 1256 3792 ἔμπορος.
1308 3719 1497 3787 Ἡμεῖς
1541 3715 1598 3770 δὲ
1625 3717 1870 3771 τοιοῦτόν
1905 3738 1955 3770 τι
1988 3718 2086 3769 πά-

432 3826 662 3881 σχομεν,
708 3803 956 3882 ἀδελφοὶ,
1135 3807 1201 3859 τὰ
1253 3806 1455 3858 έαυτῶν
1499 3806 1904 3879 κατορθοῦντες,
1941 3803 2086 3857 ἀλλὰ

434 3897 569 3968 πρὸς
620 3898 719 3964 τὴν
767 3895 1004 3967 ἐξουσίαν
1055 3891 1532 3970 δυσχεραίνοντες⁶
1585 3892 1766 3967 ὥσπερ
1822 3893 1879 3946 ἂν
1928 3890 2082 3953 εἶ’τις

432 3985 656 4056 αἰτιῷτο
687 3987 800 4057 (16)
829 3984 920 4038 τὸν
954 3985 1295 4058 ἀγωνοθέτην
1331 3983 1404 4044 ὡς
1443 3983 1745 4058 μοχθηρὸν,
1796 3981 1956 4043 αὐτὸς
2008 3981 2088 4036 έκ-

431 4072 680 4129 παλαίων
710 4091 721 4104 ⁶
782 4074 816 4143 ἢ
873 4074 964 4128 τὸν
1018 4072 1197 4148 ἷάτρὸν
1255 4073 1328 4134 ὡς
1375 4075 1488 4146 (17)
1537 4071 1721 4143 ἀμαθῆ
1767 4072 1856 4125 καὶ
1891 4070 2083 4147 θρασὺν

431 4168 550 4225 ταῖς
579 4167 776 4236 τομαῖς
810 4162 898 4217 καὶ
927 4167 1045 4224 ταῖς
1085 4160 1301 4217 καύσεσι
1352 4161 1697 4237 κεχρημένον
1752 4162 1885 4234 (18),
1932 4161 2089 4222 αὐτὸς

433 4254 690 4328 πονήρως
721 4249 1087 4324 διακείμενος,
1137 4250 1226 4306 καὶ
1275 4255 1381 4306 τῶν
1435 4251 1847 4324 αύστηροτέρων
1898 4247 2088 4323 δεόμε-

432 4363 526 4405 νος
557 4342 880 4420 φαρμάκων,
915 4340 1095 4398 Ταῦτά
1130 4362 1223 4413 μοι
1255 4339 1392 4416 πρὸς
1440 4339 1566 4401 τοὺς
1618 4341 1960 4415 ἀρχομένους
1988 4360 2091 4393 πα-

437 4429 672 4503 ραμυθία
700 4450 757 4483 τε
788 4429 904 4500 ἃμα
932 4429 1020 4484 καὶ
1052 4429 1298 4483 νουθεσία
1323 4448 1334 4460 ·
1381 4433 1550 4482 ταῦτα
1581 4428 1607 4481 ὁ
1656 4427 1918 4503 πενιχρὸς
1967 4449 2062 4482 ποι

443 4519 548 4588 μὴν
581 4517 914 4590 καταρτίζων
944 4518 1007 4570 τὸ
1044 4517 1234 4592 μικρὸν
1269 4538 1550 4589 ποιμνιον,
1585 4517 1630 4588 ᾦ
1670 4517 1920 4592 χαίροντι
1972 4537 2093 4570 συν-

440 4606 713 4677 ευθυμεῖν,
782 4603 871 4657 καὶ
917 4605 1357 4677 σκυθρωπάζοντι
1415 4608 1528 4677 (19)
1580 4605 1933 4674 συστενάζειν,
1991 4611 2094 4666 ττὲς

441 4691 581 4766 ἰμῆς
611 4698 978 4766 ποιμαντικῆς
1013 4693 1040 4747 ὁ
1071 4695 1184 4764 (20)
1216 4693 1404 4765 νόμος.

2197 3548 2474 3610 praeterea
2506 3539 2834 3610 splendoris
2869 3541 3103 3595 haurire
3137 3543 3220 3596 vel
3270 3544 3533 3613 cupiunt,
3590 3545 3672 3597 vel
3715 3563 3846 3614 pos-

2195 3636 2335 3682 sunt
2369 3647 2382 3692 ;
2416 3629 2544 3682 aliis
2577 3635 2800 3695 contra,
2839 3630 2986 3698 lapis
3019 3631 3318 3700 angularis
3351 3633 3417 3696 2³,
3452 3641 3506 3686 et
3535 3642 3695 3704 petra
3731 3635 3848 3687 lau-

2197 3719 2350 3780 data,
2385 3716 2456 3768 iis
2492 3716 2755 3771 videlicet
2787 3719 2882 3787 qui
2915 3719 3067 3771 verbi
3094 3721 3269 3773 divini
3299 3721 3532 3775 vinculo
3556 3727 3843 3778 constrin-

2196 3811 2434 3874 guntur,
2486 3804 2657 3874 eique
2699 3805 2988 3872 insident;
3026 3812 3145 3870 aut,
3179 3808 3225 3861 si
3282 3809 3481 3873 mavis,
3527 3813 3844 3880 margarita

2197 3893 2315 3961 illa,
2351 3909 2522 3963 quam
2557 3893 2748 3948 bonus
2781 3895 3105 3963 negotiator
3134 3899 3408 3952 omnibus
3442 3901 3562 3954 suis
3600 3901 3838 3956 faculta-

2194 3983 2354 4037 tibus
2383 3988 2711 4036 emercatur
2739 3984 2803 4036 ²⁸.
2838 3985 2908 4037 At
2957 4001 3082 4047 nos,
3135 3986 3361 4053 fratres,
3397 3988 3533 4043 dum
3584 3991 3841 4047 officium

2195 4071 2308 4142 ipsi
2342 4071 2695 4138 deserentes,
2734 4071 3111 4144 magistratus
3137 4080 3478 4145 potestatem
3503 4078 3706 4148 iniquo
3727 4080 3848 4134 ani-

2200 4178 2295 4214 mo
2331 4160 2594 4228 terimus,
2648 4162 2912 4232 perinde
2944 4161 3144 4233 utique
3198 4165 3465 4235 facimus,
3521 4184 3585 4221 ac
3634 4169 3681 4222 si
3717 4169 3849 4239 quis

2200 4249 2537 4304 certaminis
2571 4251 2876 4321 praesidem
2929 4257 2992 4306 ut
3040 4253 3374 4324 improbum
3409 4264 3664 4322 accuset,
3714 4275 3851 4312 cum

2201 4340 2330 4412 ipse
2363 4341 2418 4394 in
2453 4339 2718 4411 palestrm
2754 4341 2909 4412 leges
2943 4351 3158 4412 peccet,
3191 4351 3292 4398 aut
3340 4348 3632 4401 medicum
3671 4353 3733 4402 ut
3764 4349 3854 4402 in-

2204 4429 2440 4484 doctum
2474 4435 2531 4484 et
2561 4431 2866 4500 audacem,
2900 4433 3052 4501 quod
3090 4435 3448 4490 sectionibus
3480 4441 3536 4491 et
3580 4437 3857 4492 cauteriis

2204 4523 2424 4584 utatur,
2460 4535 2593 4571 cum
2630 4519 2752 4588 ipse
2791 4521 2952 4590 gravi
3005 4523 3206 4577 morbo
3252 4524 3494 4591 laboret,
3546 4527 3857 4597 asperiori-

2205 4607 2433 4676 busque
2456 4606 2730 4660 remediis
2749 4605 3026 4678 indigeat.
3052 4613 3242 4680 Atque
3261 4611 3381 4666 haec
3404 4614 3547 4667 mihi
3566 4615 3635 4668 ad
3661 4615 3860 4669 subdi-

2126 4679 2173 4742 D
2204 4697 2314 4761 tos,
2352 4693 2564 4764 partim
2597 4695 2896 4763 monendi,
2930 4679 3509 4766 partimiconsolandi
3533 4703 3744 4773 gratia,
3774 4703 3861 4757 di-

441 4787 535 4840 cte
567 4784 688 4839 sint
713 4800 727 4838 :
753 4782 920 4855 mihi,
941 4783 1205 4854 inquam,
1239 4781 1482 4854 pauperi
1505 4783 1748 4852 pastori,
1775 4783 1874 4854 qui
1903 4799 2147 4854 parvum
2169 4782 2324 4837 hunc
2345 4797 2578 4854 gregem
2602 4798 2888 4854 compono
2926 4802 2992 4840 ac
3013 4785 3406 4855 instruo,cum
3431 4807 3545 4862 quo
3572 4793 3866 4862 gaudente

442 4873 720 4944 gaudere,
753 4876 810 4928 et
843 4877 1119 4928 mcerente
1150 4871 1554 4944 ingemiscere,
1590 4870 1902 4943 pastoralis
1935 4887 2078 4926 mea:
2108 4870 2255 4943 legis
2285 4869 2625 4943 praescripto
2649 4871 2882 4942 jubeor.

517 5033 561 5069 “
591 5032 803 5106 Ephesi
821 5050 901 5106 V1,
928 5036 960 5087 ὅ
984 5049 998 5101 ;
1022 5033 1143 5101 Col,
1177 5050 1262 5106 ιιι,
1283 5034 1372 5088 22.
1391 5105 1428 5106 7
1453 5033 1495 5106 ¹ξ²
1517 5031 1690 5089 Hebr.
1723 5049 1848 5106 run,
1881 5033 1967 5106 17,

447 5121 511 5175 ιι,
543 5105 598 5160 8.
639 5104 655 5106 “
701 5105 748 5140 ²²
775 5104 927 5162 Psal.
964 5122 1149 5174 LXXXI,
1177 5105 1232 5161 5.
1310 5106 1357 5140 ²³
1390 5104 1599 5177 Ephes.
1633 5121 1698 5170 ιι,
1722 5105 1812 5159 20.

671 5283 772 5362 Καὶ
801 5283 1190 5362 χρηστότεροι.
1217 5286 1349 5362 Hgio
1382 5286 1597 5362 desunt
1625 5284 1684 5362 ip
1717 5283 1876 5362 Reg.‘
1891 5283 2014 5362 bm:

530 5351 644 5428 (12‘)
691 5351 1092 5440 Τραχύτητος.’
1132 5358 1372 5415 Coislin.
1427 5359 1478 5426 1,
1524 5361 1582 5412 et
1639 5351 2118 5430 Ρεῐδ.,’θρασύτη-

457 5443 574 5495 τος,
608 5450 637 5477 (‹
671 5429 950 5485 ιιιιᾱειοὶεε.
983 5454 1013 5482 ))

534 5499 639 5569 (13)
681 5498 777 5552 Καὶ
846 5501 1149 5557 ἁναστάσιν.
1215 5504 1355 5575 Reg.
1425 5501 1526 5556 bm
1593 5497 1684 5553 καὶ
1750 5496 1828 5559 εἷς
1895 5497 2120 5552 ἀνάστα-

464 5587 646 5716 anili)
672 5637 867 5716 Πέτρα.
904 5643 1081 5716 Ress-
1115 5662 1172 5716 α,
1203 5647 1324 5713 bm.
1361 5641 1550 5716 λίθοςι
1574 5665 1602 5693 «
1635 5641 1809 5716 Ιαρίετ
1846 5664 1873 5716 ι)

557 5659 646 5712 14)
675 5659 777 5694 ιιετ
816 5660 867 5697 α.
907 5659 1081 5715 negg.
1115 5662 1172 5716 α,
1204 5659 1324 5713 om,
1363 5659 1538 5709 Λιθος,
1574 5665 1602 5693 ‹‹
1635 5659 1809 5712 lapis.
1846 5664 1873 5692 ››

557 5713 646 5784 15)
702 5659 856 5782 Μιξτε
909 5711 1179 5780 θέλοντες.
1265 5717 1481 5791 Regius
1539 5715 1662 5770 bm.
1732 5713 1863 5784 μήτ’
1916 5710 2128 5777 ἐθέλον-

463 5800 575 5848 τες.

2048 5033 2092 5066 ¹³
2123 5032 2290 5088 Rom.
2307 5049 2430 5100 xm,
2458 5033 2507 5088 1.

1919 5105 1967 5138 ²⁴
1997 5103 2205 5161 Matth.
2235 5121 2362 5173 xm,
2396 5105 2484 5160 46.

2589 5034 2631 5069 ¹⁷
2661 5038 2844 5090 Amos
2871 5036 3038 5107 ν,10.

3117 5037 3164 5072 ²⁰
3194 5039 3498 5110 Ιιιιο.ιι,34.
3573 5041 3617 5075 ²¹
3658 5041 3680 5097 Ι
3713 5041 3874 5099 Petr.

2299 5285 2411 5411 (l6)
2443 5283 2701 5354 Αίτιῷτο,
2734 5285 2827 5369 Sic
2869 5287 3049 5360 Regg.
3082 5305 3136 5358 ιι,
3186 5290 3310 5361 bm,
3361 5292 3535 5350 Coisl.
3588 5293 3642 5366 l,
3674 5297 3733 5349 et
3762 5297 3882 5349 tres

2299 5379 2303 5406 ι
2334 5359 2386 5411 b.
2426 5357 2486 5411 In
2521 5357 2636 5411 ed..
2669 5354 2847 5411 αἱτιω.

2229 5354 2386 5412 Colb.
2426 5357 2486 5412 In
2521 5357 2636 5422 ed.,
2669 5354 2847 5427 αίτιῷ.

2329 5430 2416 5501 17)
2446 5428 2556 5490 Ὦς.
2591 5428 2850 5501 SicReg.
2884 5428 3004 5484 bm.
3042 5435 3213 5488 Deest
3243 5435 3301 5490 in
3334 5437 3426 5494 ed.

2447 5499 2822 5580 ξεχρημὲνονῖ
2859 5505 3028 5580 Deest
3058 5505 3120 5580 in
3150 5505 3327 5580 Regg.
3363 5527 3396 5564 a
3427 5517 3479 5564 el
3515 5513 3633 5565 bm.

2331 5575 2420 5645 19)
2449 5570 2926 5698 Σκυθὲωπάζοντι.
2959 5572 3054 5630 Sic
3086 5570 3350 5649 Reggjva,
3386 5583 3501 5647 bm,
3562 5582 3678 5636 duo
3711 5576 3886 5634 Coisl.

2345 5649 2467 5698 tres
2499 5645 2592 5698 Col
2645 5685 2657 5698 .
2690 5648 2755 5698 In
2781 5645 2904 5698 ed..
2935 5645 3342 5698 σκυθρωπάζων-

2236 5647 2297 5698 et
2317 5649 2467 5719 __tr_es
2499 5645 2657 5719 Coll).
2690 5648 2755 5719 In
2781 5645 3342 5719 ed.,_cx00pw1€ail:ov.

2237 5785 2282 5843 ι,
2308 5716 2422 5788 (20)
2452 5715 2524 5770 Ὁ.
2561 5717 2652 5772 Sic
2701 5714 2874 5772 Coisl.
2911 5716 2966 5787 l,
3025 5714 3084 5776 et
3111 5714 3418 5780 tres—Golb.
3473 5721 3650 5778 Deest
3678 5719 3739 5775 in
3770 5717 3895 5774 edi-

2267 5803 2338 5843 IS.

2267 5803 2338 5844 IS.
