4090 6432
318 401 435 460 975

1564 404 1631 464 S.
1679 402 2053 466 GREGORII
2099 402 2495 468 THEOLOGI

3621 412 3736 475 97B

384 534 483 589 III.
518 533 665 603 Quid
698 538 892 591 autem
935 553 1057 606 vos,
1109 536 1402 610 principes
1445 540 1502 594 et
1537 537 1795 609 praefecti
1826 537 1852 591 ?
1880 538 1961 592 Ad

2151 538 2230 594 H'.
2258 534 2313 590 Τί
2364 535 2420 592 δὲ
2470 538 2643 613 ὑμεῖς,
2696 540 2748 594 οἱ
2793 536 3043 595 δυνάσται
3093 540 3183 595 καὶ
3230 539 3532 618 ἄρχοντεςς
3595 545 3727 617 Ἤδη

309 639 415 680 vos
445 623 604 680 enim
627 625 755 697 jam
802 629 1005 683 nostra
1034 644 1096 683 se
1127 627 1413 684 convertit
1464 627 1650 684 oratio
1678 646 1691 697 ;
1724 644 1798 684 ne
1827 626 1967 683 alio-

315 716 416 790 qui
448 717 650 790 inique
678 718 919 775 omnino
951 720 1138 775 facere
1171 720 1489 787 videamur,
1513 728 1686 791 atque
1716 719 1810 775 his
1841 719 1966 791 qui-

314 806 468 863 dem.
506 824 634 879 quae
664 807 926 879 ipsorum
956 810 1133 863 ollicii
1165 814 1325 877 sunt,
1349 809 1615 876 suadere,
1639 814 1843 865 vestras
1865 825 1968 864 au-

312 899 429 951 tem
464 895 734 968 dignitati
767 901 824 952 et
855 896 1122 968 potentias
1157 898 1380 966 cedere,
1415 898 1583 967 quasi
1614 896 1701 952 vel
1725 898 1967 969 pudore,

309 983 399 1039 vel
432 989 612 1054 metu,
637 985 838 1052 libere,
872 990 937 1041 ut
965 986 1367 1042 Christianum
1419 988 1603 1052 decet,
1660 986 1816 1057 loqui
1851 1001 1967 1040 non

310 1074 675 1142 audeamus;
710 1079 812 1131 aut
842 1074 1078 1130 illorum
1114 1076 1352 1149 quidem
1397 1074 1725 1132 commodis
1755 1092 1966 1130 consu-

308 1161 446 1233 lere,
478 1180 579 1220 vos
600 1167 797 1220 autem
829 1163 1145 1237 negligere,
1204 1182 1455 1238 quorum
1511 1182 1712 1221 curam
1745 1181 1810 1221 eo
1844 1181 1968 1221 ma-

306 1254 496 1326 jorem
529 1268 727 1327 gerere
756 1270 863 1325 par
893 1258 1001 1325 est,
1025 1255 1178 1327 quod
1202 1272 1271 1311 ea
1294 1274 1385 1313 res
1410 1254 1542 1327 plus
1571 1255 1630 1310 in
1657 1259 1968 1327 utramque

310 1347 534 1415 partem
567 1344 851 1400 momenti
899 1343 1132 1412 habeat,
1197 1347 1501 1417 majorque
1554 1345 1688 1401 inde
1743 1343 1966 1401 utilitas

309 1437 638 1504 promanet,
672 1433 723 1491 si
750 1435 1054 1506 negotium
1086 1452 1364 1508 prospere
1415 1435 1782 1491 successerit.
1819 1434 1965 1492 Con-

309 1524 561 1578 trartum
593 1522 774 1589 enim,
807 1528 934 1579 tum
966 1540 999 1579 a
1030 1524 1202 1579 nobis
1231 1524 1405 1594 absit,
1437 1529 1565 1579 tum
1602 1526 1672 1579 ab
1705 1524 1968 1579 oratione

309 1618 531 1678 nostra,
565 1613 713 1677 Quid
745 1614 928 1686 igitur
964 1614 1161 1669 dicitis
1183 1613 1210 1668 ‘2
1240 1613 1512 1685 Autquid
1536 1613 1688 1668 inter
1708 1630 1814 1668 nos
1835 1629 1968 1668 con-

308 1702 504 1756 venit?
530 1708 614 1756 An
638 1718 732 1757 me
754 1702 933 1758 libere
951 1703 1290 1775 loquentem
1314 1719 1478 1774 aequo
1501 1703 1699 1757 animo
1722 1702 1921 1757 feretis
1938 1700 1967 1756 ‘I

309 1789 456 1845 Nam
488 1807 589 1845 vos
620 1807 853 1861 quoque
882 1791 1129 1861 imperio
1162 1807 1291 1846 meo
1324 1807 1389 1845 ac
1428 1791 1608 1846 thono
1629 1789 1720 1845 lex
1747 1789 1966 1845 Christi

2078 627 2178 701 γὰρ
2229 627 2363 701 πρὸς
2414 629 2552 700 ὑμᾶς
2606 629 2631 683 ὃ
2681 627 2853 705 λόγος
2909 629 3168 702 μέτεισιν,
3212 627 3306 686 ’ίνα
3351 633 3425 704 μὴ
3494 630 3728 707 δόξωμεν

2078 715 2252 784 πάντη
2305 717 2590 792 τυγχάνειν
2641 714 2839 784 ἄνισοι,
2889 719 2977 773 καὶ
3028 723 3143 782 τοῖς
3190 720 3283 792 μὲν
3310 722 3378 775 τὰ
3410 721 3592 777 εἰκότα
3621 726 3729 795 (24)

2077 810 2382 879 παραινεῖν,
2417 806 2565 877 ὑμῶν
2617 803 2675 861 δὶ
2702 805 2771 881 τῇ
2806 803 3086 878 δυναστείᾳ
3124 816 3506 885 παραχωρεῖν,
3554 809 3727 887 ὥσπερ

2077 892 2225 949 αἰδοῖ
2264 896 2362 965 τήν
2414 896 2549 949 κατὰ
2596 898 2823 972 Χριστὸν
2871 899 3032 969 ἡμῶν
3064 897 3394 975 ἐλευθερίαν,
3426 901 3460 969 ἢ
3498 898 3602 956 δέει
3646 900 3727 956 ἐκ-

2075 982 2353 1045 κλίνοντες
2383 985 2529 1057 (22)·
2561 984 2597 1053 ἢ
2628 986 2866 1059 τῶνζῖμὲν
2912 984 3171 1056 κήδεσθαι
3209 985 3448 1060 μᾶλλον,
3501 990 3651 1062 ὑμῶν
3685 988 3727 1044 δ’

2076 1070 2323 1145 ἀμελεῖν,
2353 1072 2425 1126 ὧν
2460 1071 2548 1126 καὶ
2584 1071 2797 1145 μᾶλλον
2832 1073 3131 1151 φροντίζειν
3162 1073 3328 1146 ἄξιον,
3363 1074 3475 1149 ὅσῳ
3520 1078 3609 1130 καὶ
3658 1076 3729 1140 εἷς

2081 1160 2249 1235 μείζω
2297 1160 2531 1239 φέρουσα
2580 1164 2614 1232 ἡ
2669 1162 2811 1238 ῥοπὴ
2844 1164 3121 1240 ὁποτέρως
3153 1163 3210 1218 ἃν
3241 1160 3364 1240 ἔχῃ,
3397 1163 3485 1220 καί
3540 1165 3726 1221 πλεῖον

2074 1251 2136 1305 τὸ
2184 1251 2619 1327 κατορθούμενον
2648 1270 2660 1282 ’
2716 1253 2779 1307 τὸ
2828 1252 2930 1328 γάρ
2985 1251 3217 1308 ἐναντίον
3273 1254 3433 1325 ἀπείη
3479 1256 3611 1328 (23),
3643 1255 3728 1310 καὶ

2076 1342 2259 1414 ἡμῶν,
2309 1340 2398 1395 καὶ
2444 1345 2539 1395 τοῦ
2586 1339 2779 1415 λόγου.
2828 1342 2887 1395 Τί
2938 1342 3027 1397 οῦν
3062 1362 3229 1421 (parte;
3262 1343 3351 1398 καὶ
3382 1344 3433 1398 τί
3466 1341 3727 1417 διομολο-

2074 1429 2317 1506 γούμεθα
2364 1431 2501 1506 πρὸς
2551 1428 2874 1502 ἀλλήλους;
2922 1433 3066 1506 Ἀρα
3114 1429 3323 1505 δέξεσθε
3370 1433 3462 1487 σὺν
3519 1432 3731 1509 παρῥη-

2074 1518 2163 1590 σίᾳ
2188 1520 2279 1575 τὸν
2315 1518 2523 1594 λόγον;
2558 1519 2656 1574 Καὶ
2689 1520 2716 1573 ὁ
2762 1524 2859 1575 τοῦ
2911 1522 3142 1596 Χριστοῦ
3188 1521 3357 1593 νόμος
3411 1521 3729 1592 ὑποτίθησιν

2078 1609 2219 1681 ὑμᾶς
2246 1612 2315 1682 τῇ
2347 1608 2453 1683 ἐμῇ
2489 1606 2771 1681 δυναστείᾳ
2808 1610 2897 1663 καὶ
2946 1614 3025 1681 τῷ
3077 1608 3196 1683 ὶμῷ
3249 1612 3483 1687 βήματι.
3533 1616 3732 1685 Ἀρχο-

2079 1719 2172 1771 μεν
2206 1698 2309 1774 γὰρ
2339 1698 2427 1753 καὶ
2461 1697 2613 1754 αὐτοί
2642 1719 2653 1731 ·
2682 1701 2976 1774 προσθήσω
3010 1696 3090 1769 δὶ,
3123 1700 3205 1754 δτι
3237 1700 3325 1754 καὶ
3375 1702 3476 1769 τήν
3514 1701 3733 1774 μείζονα

2073 1787 2164 1842 καὶ
2196 1786 2524 1862 τελεωτέραν
2556 1790 2733 1863 ἀρχήν
2767 1808 2778 1820 ’
2812 1789 2845 1857 ἢ
2882 1786 2965 1843 δεῖ
2988 1790 3053 1844 τὸ
3084 1787 3295 1862 πνεῦμα
3344 1792 3460 1864 (24)
3504 1791 3730 1865 ὑποχω-

311 1879 574 1949 subjicit.
627 1881 945 1951 Imperium
994 1880 1150 1936 enim
1178 1880 1331 1936 323
1383 1897 1489 1935 nos
1539 1896 1770 1951 quoque
1814 1878 1961 1952 geri-

2081 1883 2239 1951 ρῆσαι
2286 1880 2355 1950 τῇ
2405 1876 2582 1952 σαρκὶ,
2634 1876 2723 1930 καὶ
2770 1883 2887 1939 τοῖς
2920 1876 3132 1953 γηίνοις
3160 1878 3227 1932 τὰ
3259 1878 3576 1953 ἐπουράνια.
3637 1880 3731 1933 Δε-

2081 1966 2101 1980 ..
2246 1967 2258 1980 .
2445 1966 2495 1980 ..
2586 1965 2596 1980 .
2772 1963 2845 1980 ν...
2925 1967 2945 1980 ..
3151 1962 3200 1980 ,ο
3405 1968 3429 1980 ..
3479 1972 3584 1980 .-_.
3673 1976 3699 1980 _

314 1984 484 2035 mus;
513 1969 664 2023 addo
696 1969 871 2025 etiam
918 1970 1291 2042 prsestantius
1344 1987 1408 2025 ac
1458 1970 1773 2041 perfectius
1810 1986 1821 2024 :
1856 1968 1967 2025 nisi

315 2075 448 2113 vero
480 2074 715 2129 aequum
749 2058 825 2113 sit
854 2058 1125 2130 spiritum
1151 2059 1331 2127 carni,
1365 2063 1421 2114 et
1442 2057 1698 2114 coelestia
1720 2057 1968 2115 terrenis

311 2147 536 2202 cedere.
575 2149 730 2203 Hanc
761 2147 990 2202 dicendi
1017 2147 1419 2203 libertatemin
1442 2150 1727 2221 optimam
1742 2154 1967 2219 partem

312 2235 581 2307 accipies,
615 2240 771 2292 certo
803 2239 944 2304 scio,
982 2243 1179 2310 utpote
1210 2255 1377 2293 sacra
1426 2239 1577 2293 sacri
1629 2239 1739 2292 mei
1773 2239 1967 2310 gregis

310 2325 453 2390 ovis,
474 2326 789 2398 magnique
819 2326 1078 2383 Pastoris
1098 2326 1645 2399 alumna.recteque
1669 2330 1796 2398 jam
1827 2329 1968 2383 olim

310 2430 344 2469 a
374 2414 593 2485 Spiritu
626 2414 801 2470 ducta
823 2421 879 2470 et
895 2415 1189 2482 instituta,
1216 2421 1549 2487 sancteque
1566 2421 1623 2471 et
1644 2417 1825 2472 beatae
1842 2416 1968 2472 Tri-

312 2502 515 2558 nitatis
544 2502 790 2571 lumine,
820 2520 982 2576 aeque
1012 2520 1077 2560 ac
1099 2520 1206 2559 nos
1228 2505 1362 2576 ipsi,
1388 2504 1747 2561 collustrata.
1774 2504 1973 2561 Proin-

311 2593 383 2648 de
414 2593 607 2649 brevis
642 2594 785 2649 mihi
819 2596 891 2650 ad
924 2598 982 2650 te
1013 2595 1122 2650 erit
1152 2594 1359 2650 oratio.

386 2683 479 2739 IX.
514 2682 657 2739 Cum
703 2684 933 2739 Christo
972 2684 1289 2756 imperium
1338 2684 1517 2756 geris,
1550 2700 1682 2740 cum
1738 2684 1968 2742 Christo

310 2789 530 2831 munus
563 2775 671 2830 hoc
704 2775 1112 2831 administras.
1145 2777 1230 2831 Ab
1254 2776 1352 2832 illo
1376 2776 1639 2849 gladium
1668 2776 1967 2850 accepisti,

310 2878 425 2917 non
458 2867 581 2917 tam
616 2866 679 2918 ut
702 2880 767 2919 eo
800 2864 1006 2934 utaris,
1042 2882 1221 2936 quam
1256 2871 1320 2920 ut
1352 2865 1596 2922 mineris
1626 2884 1693 2923 ac
1724 2870 1964 2924 terreas.

309 2952 496 3016 Quare
524 2951 631 3007 tibi
664 2952 982 3009 videndum
1012 2960 1123 3021 est,
1160 2960 1223 3010 ut
1253 2954 1444 3024 illum,
1468 2960 1751 3026 tanquam
1786 2957 1966 3013 dona-

310 3038 462 3094 rium
497 3042 753 3113 qoddam
799 3060 1014 3114 purum
1065 3048 1123 3099 et
1165 3044 1484 3116 integrum,
1532 3045 1605 3114 ei,
1652 3049 1754 3116 qui
1784 3047 1965 3117 dedit,

308 3145 521 3185 serves.
558 3131 756 3202 Imago
789 3131 893 3186 Dei
920 3150 982 3187 es
1020 3150 1032 3187 :
1067 3150 1265 3187 verum
1300 3134 1401 3189 Dei
1458 3151 1690 3204 quoque
1726 3134 1966 3206 imagini

306 3218 562 3288 imperas
590 3244 602 3286 ;
635 3236 762 3289 quae
794 3220 1032 3290 quidem
1068 3222 1160 3275 hic
1193 3229 1350 3276 certa
1381 3222 1821 3292 dispensatione
1850 3240 1963 3293 gu-

303 3306 607 3374 bernatur,
636 3310 707 3362 ad
741 3308 914 3364 aliam
948 3314 1145 3364 autem
1176 3315 1353 3364 vitam
1390 3311 1623 3381 migrat,
1678 3311 1749 3365 ad
1782 3327 1962 3382 quam

308 3414 514 3453 omnes
545 3414 777 3470 quoque
799 3400 1604 3471 concedemus,posteaquam
1623 3400 1680 3454 in
1707 3399 1815 3454 hoc
1836 3400 1964 3456 vitae

307 3502 560 3554 carcere,
581 3487 669 3543 vel
687 3488 898 3555 stadio,
922 3487 1011 3544 vel
1037 3488 1511 3561 praesignatione,
1535 3487 1622 3543 vel
1646 3488 1963 3544 adumbra-

307 3577 485 3644 tione,
528 3576 959 3650 aliquantisper
982 3577 1324 3635 luserimus.
1379 3578 1604 3634 Flectat
1655 3582 1709 3633 te
1740 3582 1963 3635 naturis

309 3666 564 3739 cognitio
597 3688 611 3734 ς
649 3673 877 3724 moveat
903 3674 959 3725 te
991 3670 1288 3742 exemplar
1322 3674 1490 3725 tuum
1519 3688 1532 3737 ;
1568 3670 1639 3724 ad
1690 3670 1875 3725 Deum
1906 3674 1963 3727 te

309 3756 583 3828 adjunge,
611 3775 724 3813 non
761 3759 831 3814 ad
866 3759 1070 3813 mundi
1118 3760 1481 3830 principem;
1517 3760 1588 3813 ad
1638 3759 1962 3831 benignum

307 3845 647 3918 Dominum,
673 3865 787 3903 non
814 3848 885 3903 ad
907 3849 1183 3904 acerbum
1202 3854 1539 3921 tyrannum.
1564 3848 1669 3904 Ille
1690 3849 1963 3905 homicida

310 3945 431 3991 erat
458 3937 526 3992 ab
556 3938 721 3993 initio
752 3938 818 3972 2"
852 3937 976 4008 Ille,
1010 3943 1068 3994 et
1097 3939 1286 4009 primo
1310 3938 1535 3993 homini
1567 3955 1669 4009 per
1699 3938 1964 3996 mandati

308 4027 837 4098 transgressionem
867 4029 1082 4083 vulnus
1113 4028 1343 4096 inﬂixit,
1372 4033 1429 4081 et
1460 4044 1850 4083 aerumnosam
1883 4030 1962 4084 vi-

305 4118 427 4168 tam
460 4115 696 4182 invexit,
729 4123 785 4171 et
815 4121 942 4171 tum
969 4116 1305 4178 inferendae,
1329 4122 1455 4169 tum
1488 4116 1810 4171 subeundae
1841 4135 1960 4188 pm-

305 4220 391 4256 naa
426 4202 611 4274 legem
646 4220 747 4276 per
771 4208 1069 4275 peccatum
1092 4204 1326 4258 induxit
1356 4206 1417 4257 ιθ.
1454 4204 1584 4259 Tibi
1606 4206 1959 4269 vero,homo

300 4291 426 4361 Dei,
459 4292 518 4346 in
554 4297 805 4347 mentem
838 4293 1054 4359 veniat,
1075 4292 1210 4363 quis
1239 4297 1295 4347 te
1323 4292 1571 4360 ﬁnxerit,
1602 4310 1717 4364 quo
1737 4296 1959 4352 voceris

300 4382 445 4450 quot
473 4384 811 4451 quantaque
846 4382 1085 4446 habeas,
1111 4386 1252 4452 quot
1274 4381 1616 4437 nominibus
1639 4383 1957 4441 obstrictus

298 4468 403 4534 sis,
434 4484 466 4523 a
498 4486 614 4540 quo
646 4469 955 4540 rationem,
992 4469 1203 4544 legem,
1238 4469 1555 4542 prophetas
1586 4473 1898 4544 acceperis,
1924 4491 1959 4530 a

297 4573 412 4628 quo
443 4557 552 4613 hoc
581 4557 775 4629 ipsum
808 4560 965 4631 quod
988 4559 1172 4615 Deum
1197 4561 1523 4632 cognoscis,
1547 4562 1701 4633 quod
1726 4562 1953 4619 bonain

2079 1966 2141 2040 ξῃ
2198 1967 2298 2034 τὴν
2357 1965 2681 2042 παῤῥησίαν,
2742 1963 2865 2037 οἷδ’,
2925 1967 3007 2022 ’ὁτι
3058 1962 3331 2043 πρόϐατον
3380 1968 3429 2022 εί
3632 1976 3733 2038 τῆς

2078 2054 2213 2129 ἐμῆς
2258 2055 2521 2128 ποίμνης,
2570 2062 2669 2123 τῆς
2716 2056 2865 2132 ἱερᾶς
2913 2057 3082 2131 ἱερὸν,
3134 2057 3223 2111 καὶ
3256 2056 3477 2132 θρέμμα
3508 2062 3604 2112 τοῦ
3641 2079 3734 2130 με-

2078 2144 2256 2221 γάλου
2290 2146 2554 2217 Ποιμὲνος
2586 2147 2719 2217 (26),
2751 2144 2843 2199 καί
2870 2143 3054 2207 καλῶς
3088 2142 3287 2209 ἄνωθεν
3335 2145 3583 2221 ἡγμένου
3635 2147 3736 2201 ὑπὸ

2077 2240 2174 2291 τοῦ
2229 2235 2561 2307 Πνεῦματος,
2609 2233 2700 2290 καί
2727 2236 2806 2307 τῷ
2838 2235 2977 2312 φωτὶ
3007 2242 3108 2304 τῆς
3142 2235 3294 2311 ἁγίας
3323 2236 3413 2290 καὶ
3467 2236 3739 2313 μακαρίας
3818 2286 3821 2289 .

2077 2327 2188 2398 (27)
2223 2322 2458 2399 Τριάδος
2491 2323 2699 2397 ὁμοίως
2730 2326 2866 2397 ἡμῖν
2919 2322 3365 2397 ἑλλαμτιόμενον.
3422 2326 3525 2380 Διὰ
3574 2323 3739 2380 τοῦτό

2083 2436 2176 2488 μοι
2208 2414 2297 2469 καὶ
2334 2413 2541 2490 βραχὺς
2575 2415 2603 2468 ὁ
2633 2414 2770 2489 πρὸς
2801 2414 2858 2468 σὶ
2888 2410 3056 2489 λόγος
3087 2412 3177 2468 καὶ
3227 2413 3519 2487 σύντομος.

2151 2684 2224 2738 Θ’.
2258 2682 2473 2759 Χριστῷ
2504 2678 2812 2756 συνάρχεις,
2844 2682 3062 2756 Χριστῷ
3099 2679 3187 2736 καί
3366 2679 3698 2745 συνδιοικεῖς
3727 2702 3740 2715 θ

2077 2774 2203 2849 παρ’
2254 2770 2457 2826 ἐκείνου
2507 2792 2592 2825 σοι
2638 2771 2700 2825 τὸ
2750 2770 2922 2849 ξίφος,
2972 2768 3071 2825 οὐκ
3123 2770 3201 2834 εἰς
3251 2768 3432 2848 ἔργον,
3498 2771 3629 2828 ἀλλ’
3662 2773 3738 2834 εἷς

2080 2859 2309 2931 ἀπειλήν
2339 2879 2351 2891 ’
2386 2859 2416 2914 ὅ
2444 2860 2671 2933 καθαρὸν
2706 2860 2960 2933 ἀνάθημα
3002 2863 3081 2931 τῷ
3128 2856 3387 2916 δεδωκότι
3437 2859 3742 2938 φυλάσσοι-

2077 2973 2158 3007 το.
2208 2950 2384 3005 Εἷκὼν
2436 2951 2485 3004 εἴ
2528 2954 2624 3003 τοῦ
2674 2952 2787 3023 (29)
2838 2953 2972 3005 Θεοῦ
3004 2966 3016 2982 ·
3062 2949 3152 3004 καὶ
3200 2949 3378 3005 εἰκόνα
3408 2947 3500 3005 διὰ
3546 2954 3739 3027 χειρός

2078 3042 2223 3116 ἄγεις
2275 3043 2409 3113 (30),
2461 3039 2688 3094 ἐνταῦθα
2736 3038 3236 3113 οἰκονομουμένην,
3282 3039 3370 3094 καὶ
3419 3042 3561 3115 πρὸς
3617 3040 3737 3115 βίον

2077 3128 2247 3185 ἄλλον
2322 3128 2732 3202 μεθισταμένην,
2795 3127 2872 3190 εἰς
2920 3128 2979 3182 δν
3029 3149 3224 3190 παντες
3284 3123 3737 3202 μεταϐησόμεθα,

2081 3221 2249 3294 μικρὰ
2302 3218 2578 3290 παίξαντες
2629 3217 2679 3271 ἐν
2725 3221 2801 3289 τῷ
2834 3224 2935 3287 τῆς
2970 3222 3115 3287 ζωῆς
3142 3217 3345 3289 τούτῳ,
3378 3214 3485 3272 εἷ’τε
3518 3215 3739 3291 δεσμω-

1994 3288 2039 3356 C
2074 3305 2276 3378 τηρίῳ,
2328 3301 2432 3359 εἴτε
2479 3302 2702 3377 σταδίῳ,
2750 3300 2856 3358 siit:
2926 3303 3371 3380 προχαράγματι,
3430 3303 3541 3360 sifts
3584 3307 3743 3360 σκιά-

2078 3416 2265 3467 σματι.
2296 3392 2539 3467 Τίμησον
2572 3394 2680 3463 τὴκ
2732 3391 3003 3470 συμφυίαν
3028 3411 3041 3425 ·
3093 3391 3371 3465 αἷδὲσθητι
3398 3394 3461 3448 τὸ
3496 3394 3741 3472 ἀρχέτυ-

2075 3506 2176 3540 πον
2204 3504 2215 3516 ·
2268 3488 2427 3560 γενοῦ
2479 3482 2614 3556 μετά
2660 3487 2757 3537 τοῦ
2805 3487 2963 3555 Θεοῦ,
3011 3485 3085 3556 μή
3118 3487 3214 3538 τοῦ
3243 3484 3739 3561 κοσμοκράτοροςο

2080 3574 2214 3649 μετᾶ
2258 3578 2355 3629 τοῦ
2405 3576 2653 3649 χρηστοῦ
2701 3574 2816 3647 (31)
2868 3566 3162 3643 Δεσπότου,
3227 3574 3302 3646 μὴ
3370 3577 3468 3628 τοῦ
3534 3578 3740 3650 πικροῦ

2073 3664 2357 3740 τυράννου.
2428 3664 2663 3723 Ἐκεῖνος
2732 3660 3175 3737 ἀνθρωποκτόνος
3230 3664 3296 3731 ἦν
3361 3661 3452 3716 ἀπ’
3506 3662 3736 3739 ἀρχῆς·

2074 3753 2279 3816 ἐκεῖνος
2317 3752 2404 3808 καὶ
2453 3752 2546 3807 τὸν
2597 3754 2812 3827 πρῶτον
2855 3749 3138 3826 ἄνθρωπον
3173 3748 3262 3805 διὰ
3306 3758 3406 3820 τῆς
3439 3759 3737 3827 παρακοῆς

2073 3844 2296 3917 ἔπληξε,
2346 3842 2435 3897 καὶ
2482 3842 2582 3911 τὴν
2638 3839 2940 3916 ἐπίμοχθον
3019 3841 3163 3910 ζωὴν
3231 3838 3583 3917 ἐπεισήγαγε,
3643 3840 3737 3896 καὶ

2069 3935 2132 3990 τὸ
2180 3933 2454 4005 κολάζειν,
2502 3932 2592 3985 καὶ
2637 3931 2699 3985 τὸ
2763 3928 3089 3999 κολάζεσθαι
3139 3926 3227 3984 διὰ
3290 3931 3390 3997 τὴν
3458 3931 3733 4006 ἁμαρτίαν

2072 4023 2452 4096 ἐνομοθέτησε.
2518 4020 2592 4074 Σὺ
2649 4017 2726 4091 δὲ,
2772 4020 3023 4093 ἄνθρωπε
3068 4023 3167 4073 τοῦ
3219 4022 3370 4087 Θεοῦ,
3454 4022 3739 4091 μνήσθητι

2070 4114 2217 4174 τίνος
2250 4113 2299 4166 εἴ
2326 4111 2563 4181 ποίημα,
2595 4109 2683 4163 καὶ
2716 4112 2822 4163 ποῦ
2870 4106 3039 4181 καλῇ,
3084 4106 3173 4161 καὶ
3221 4106 3361 4161 πόσα
3411 4105 3586 4182 ἔχεις,
3645 4108 3740 4163 καὶ

2070 4202 2236 4257 πόσον
2290 4197 2552 4278 ὀφείλεις,
2600 4198 2747 4273 παρὰ
2786 4195 2935 4258 τίνος
2986 4217 3070 4250 σοι
3123 4194 3314 4270 λόγος,
3364 4196 3538 4269 νόμος
3596 4198 3739 4271 (32),

2069 4293 2367 4369 προφῆται,
2420 4287 2550 4343 αὐτὸ
2598 4286 2661 4340 τὸ
2708 4282 2901 4341 εἰδέναι
2952 4285 3081 4340 Θεὸν
3140 4284 3204 4339 τὸ
3266 4284 3343 4358 μὴ
3402 4284 3737 4357 ἀπελπίζειν

2068 4382 2133 4434 τὰ
2181 4375 2627 4456 προσδοκώμενα.
2678 4374 2927 4447 Μίμησαι
2980 4372 3069 4430 διὰ
3122 4378 3288 4428 ταῦτα
3338 4378 3472 4429 Θεοῦ
3534 4393 3739 4453 φιλαν-

2069 4467 2329 4545 θρωπίαν.
2379 4471 2547 4521 Τοῦτο
2596 4461 2711 4540 ἔχει
2764 4466 2877 4539 (33)
2930 4462 3169 4537 μάλιστα
3227 4468 3369 4528 θεῖον
3415 4465 3737 4541 ἄνθρωπος,

2064 4558 2126 4613 τὸ
2172 4559 2227 4612 εὗ
2274 4562 2473 4612 ποιεῖν.
2520 4553 2732 4628 Ἔξεστί
2764 4575 2847 4608 σοι
2881 4552 3010 4608 Θεὸν
3041 4551 3285 4629 γενέσθαι
3318 4550 3489 4626 μηδὲν
3554 4555 3734 4626 πονή-

293 4649 729 4720 exspectatione
764 4648 957 4723 posita
1005 4666 1122 4705 non
1182 4650 1478 4721 desperas.
1533 4650 1815 4715 Quocirca
1844 4652 1947 4709 Dei

2081 4670 2209 4703 ravu
2238 4650 2351 4721 (34)
2375 4666 2387 4678 ·
2426 4647 2502 4719 μή
2536 4644 2677 4719 πρόῃ
2704 4644 2795 4699 τὸν
2825 4642 3011 4718 καιρὸν
3044 4649 3146 4713 τῆς
3196 4642 3465 4707 θεώσεως.

362 4792 410 4828 ³⁸
428 4791 598 4849 Joan.
631 4810 754 4861 vm,
786 4794 876 4850 44.
953 4794 999 4829 ³⁸
1020 4793 1162 4850 Gen.
1197 4811 1281 4861 ιιι,
1313 4794 1337 4848 1
1372 4783 1522 4866 sqq.‘

362 4910 474 4980 (21)
521 4910 596 4963 Τὰ
638 4908 839 4967 εἰκότα.
892 4911 1099 4966 Billius
1133 4927 1146 4965 :
1186 4932 1215 4961 «
1248 4928 1376 4982 quae
1435 4911 1495 4965 in
1568 4928 1690 4967 rem
1752 4914 1951 4970 futura

288 4981 429 5037 sint.
462 5003 491 5031 »
523 4987 632 5037 etc.

358 5020 920 5123 Υἐκκλίνοντες.
1005 5054 1146 5124 Reg.
1208 5071 1262 5119 ει,
1322 5049 1625 5119 κλίνοντες,
1695 5075 1723 5104 (ι
1767 5054 1941 5109 inﬂe-

287 5126 529 5179 ctentes.
561 5147 583 5175 ι
623 5125 825 5182 Billius
859 5144 871 5181 :
908 5149 935 5176 (ι
965 5125 1360 5180 Christianam
1411 5131 1672 5182 nostram
1704 5125 1939 5182 liberta-

284 5196 401 5249 tem
435 5195 829 5254 demittentes.
867 5223 887 5250 ι

500 5265 708 5337 Ἀπείη.
742 5268 917 5326 Cois].
956 5270 1004 5337 1,
1038 5265 1207 5321 ἀπίει.

377 5333 758 5409 ’Ίῐγδεῖτὸ
816 5333 1047 5409 πνεῦμαε
1106 5344 1213 5394 εἴη.
1277 5338 1454 5409 Cois].
1512 5340 1562 5396 1.
1622 5339 1666 5391 εἰ
1723 5336 1805 5393 δεῖ
1858 5343 1937 5409 τῷ

280 5405 547 5485 πνεύματι
581 5405 964 5483 ὑποχωρῆσαί
988 5412 1087 5478 τήν
1140 5411 1329 5482 σάρκα,
1361 5408 1449 5465 καὶ
1506 5409 1573 5463 τὰ
1627 5414 1785 5485 γήινπ
1817 5405 1937 5470 τοῖς

279 5471 643 5559 ἐπουρανίοις,
680 5471 1168 5559 (ῗΒίᾳίΙίᾷΘῐΠΙ-ρᾶΐ
1197 5471 1287 5538 est
1316 5471 1398 5537 'ut
1446 5499 1581 5538 caro
1612 5471 1780 5539 cedat
1810 5484 1935 5555 spi-

279 5552 443 5616 ritui,
476 5553 533 5607 et
558 5554 789 5606 terrena
819 5554 1182 5609 coelestibus.
1224 5577 1243 5602 »

348 5619 465 5693 (ἓξ)
494 5617 592 5693 εἴ,
610 5619 782 5693 Deest
808 5622 868 5677 in
901 5624 1038 5693 Reg.
1076 5628 1194 5680 bm.

298 5689 596 5828 θιγξξξιτεὲῧ
630 5692 873 5763 μεγάλου
906 5689 1195 5765 Ποῖμένος.
1250 5719 1271 5745 ι
1302 5697 1528 5753 Patrem
1579 5713 1756 5753 suum
1792 5718 1819 5746 υ
1849 5697 1934 5751 in-

2135 4911 2245 4980 (27)
2282 4906 2378 4980 Καὶ
2414 4906 2842 4980 μακαρίαςᾘωο
2874 4904 3167 4980 desuntin
3201 4905 3544 4977 Reg.bm,et
3576 4906 3723 4962 0r2.

2126 4977 2236 5053 (28)
2270 4979 2390 5034 Καί.
2416 4977 2595 5053 Deest
2623 4980 2683 5053 in
2713 4983 2853 5053 geg.
2888 4977 3009 5031 bm.

2123 5047 2237 5123 (29)
2269 5053 2401 5108 Τοῦ.
2434 5052 2608 5107 Deest
2640 5051 2698 5123 in
2732 5047 2913 5121 Regg.
2948 5065 3002 5115 a,
3030 5047 3153 5103 bm.

2122 5118 2236 5197 (30)
2270 5124 2368 5197 ᾼιᾲ
2404 5123 2606 5197 ,χειρός
2656 5118 2905 5195 ἄγειςῖῖ
2968 5126 3034 5174 1n
3058 5126 3271 5187 manu,
3316 5118 3375 5174 in
3429 5124 3728 5191 potestate

2051 5195 2234 5252 habes
2265 5196 2369 5250 Dei
2398 5195 2742 5266 imaginem.
2780 5216 2807 5243 ››

2122 5267 2235 5339 (31)
2269 5261 2553 5341 Χρηστοῦῗ
2580 5267 2673 5321 Sic
2705 5267 2822 5341 duo
2856 5262 3056 5341 Coisl.,
3107 5266 3228 5323 tres
3271 5262 3460 5331 Co:b.,
3510 5267 3568 5318 et
3617 5261 3714 5317 Or.

2047 5340 2100 5393 2.
2130 5335 2356 5406 'In'edi,
2389 5341 2641 5410 Χριστοῦ.
2686 5335 3063 5410 «Christum.
3097 5358 3124 5384 ››

2120 5404 2464 5535 (ῗὲἓῃΛόχος,
2496 5408 2683 5482 νόμος.
2718 5409 2814 5463 ἓίο
2846 5409 2982 5478 Reg.
3017 5406 3140 5474 bm,
3172 5410 3231 5461 et
3279 5406 3375 5462 Or.
3407 5409 3440 5462 2
3471 5429 3499 5455 ‹‹
3534 5404 3724 5461 Evan-

2086 5498 2352 5538 (MIHDD.))

2046 5497 2428 5627 ξθῶιέῗὶέοέτο
2460 5548 2597 5627 ἔχει,
2631 5556 2739 5608 etc.
2775 5572 2811 5627 «_
2856 5546 3027 5627 Nulla
3070 5563 3143 5627 re
3179 5548 3425 5621 propius
3476 5547 3715 5604 accedit

2043 5619 2220 5697 homo
2250 5627 2320 5680 ad
2351 5619 2558 5689 Deum,
2584 5619 2771 5697 quam
2795 5619 3206 5697 beneficentia.
3244 5643 3265 5697 ιι

2114 5696 2231 5767 (34)
2270 5688 2730 5770 Πονήσαντι.’δὶο
2777 5693 2895 5749 duo
2942 5690 3182 5757 Coislin.
3260 5691 3322 5753 In
3374 5692 3490 5760 θείη
3524 5688 3709 5758 ποιή-

2042 5784 2214 5825 σαντι.
