4090 6416
425 441 543 501 9'77

1310 436 1605 501 ORATIO
1650 437 2066 500 XVII.—AD
2112 436 2337 499 CIVES
2384 435 2960 497 NAZIANZENOS.

3725 406 3849 493 978'

428 572 857 628 humanitatem
890 575 945 628 et
966 570 1425 627 misericordiam
1461 570 1753 625 emulare.
1787 568 1941 624 Nihil
1973 572 2093 625 tam
2125 568 2391 623 divinum
2425 568 2597 622 homo
2630 566 2825 633 habet,
2858 581 3033 637 quam
3066 563 3487 637 benignitatem
3530 580 3595 619 ac
3624 563 3843 619 benefl-

429 661 705 717 centiam.
738 661 896 716 Licet
926 660 1032 715 tibi
1065 658 1225 714 nullo
1260 662 1456 713 labore
1493 660 1671 713 Deum
1705 658 1865 712 fieri:
1902 658 2019 712 noli
2051 657 2375 712 divinitatis
2410 657 2833 727 consequendae
2867 655 3226 709 occasionem
3280 654 3547 723 abjicere.

501 750 571 804 P'.
632 746 834 803 Ἀλλοι
891 748 1154 823 χρήματα
1208 750 1473 812 κενοῦσιν,
1540 744 1703 801 ἄλλοι
1748 744 1946 820 σάρκας
2003 749 2082 817 τῷ

2273 746 2337 801 Χ.
2371 745 2480 800 Alii
2514 762 2653 818 opes
2684 762 2823 800 suas
2856 744 3183 813 effundunt,
3218 742 3313 798 alii
3346 743 3689 797 exhaustam
3728 760 3848 797 car-

424 836 714 909 πνεύματι,
768 835 857 891 καὶ
912 840 1226 909 νεκροῦνται
1277 840 1498 911 Χριστῷ
1550 838 1682 908 (35),
1732 834 1823 888 καὶ
1872 830 2082 907 κόσμου

2198 853 2326 891 nem
2362 834 2989 906 spirituimancipant,
3043 849 3108 888 ac
3126 830 3848 904 PropterChristumemo-

421 926 707 987 παντελῶς
765 925 1191 979 ἀπανίστανται·
1246 923 1411 980 ἄλλοι
1471 926 1780 1000 καθιεροῦσι
1847 928 1961 995 Θεῷ
2018 924 2085 978 τὰ

2195 925 2452 989 riuntur,
2477 930 2654 996 atque
2683 923 2922 980 omnino
2956 940 2988 978 a
3019 922 3241 977 mundo
3270 938 3331 977 se
3364 924 3683 976 removent.
3735 920 3843 974 Alii

424 1014 676 1093 φίλτατα.
732 1013 828 1070 Καὶ
878 1015 976 1083 τὴν
1020 1009 1272 1089 Ἁϐραάμ
1320 1012 1503 1066 θυσίαν
1550 1014 1765 1075 πάντως
1805 1012 2042 1083 ἀκήκοας
2070 1033 2081 1043 ·

423 1102 481 1165 ὅς
531 1101 939 1179 προθυμότερον
1004 1100 1173 1157 ἔδωκε
1226 1101 1308 1175 τῷ
1358 1103 1474 1174 Θεῷ
1516 1104 1606 1156 τὸν
1662 1108 1954 1175 μονογενῆ,
1988 1102 2079 1155 τὸν

427 1192 485 1247 ἐκ
514 1200 611 1263 τῆς
661 1192 1010 1270 ἐπαγγελίας,
1060 1193 1149 1247 καὶ
1200 1192 1274 1255 εἷς
1327 1192 1382 1247 δν
1434 1195 1468 1261 ἡ
1521 1189 1842 1266 ἐπαγγελία,
1874 1192 1909 1260 ἢ
1969 1194 2081 1265 (36)

423 1283 569 1356 παρά
625 1286 758 1337 Θεοῦ
800 1283 862 1336 τὸ
907 1281 997 1336 ἀπ’
1050 1283 1231 1356 ἀρχῆς
1282 1279 1593 1352 ἐκομίσατο.
1650 1282 1719 1334 Σὲ
1768 1277 1825 1333 δὲ
1872 1280 2077 1334 τούτων

428 1368 580 1425 οὐδὲν
634 1370 889 1443 αἰτοῦμεν
916 1390 928 1402 ·
989 1370 1045 1424 ἓν
1099 1370 1213 1425 ἀντὶ
1245 1371 1456 1424 πάντων
1491 1369 1773 1445 εἰσένεγκε,
1805 1370 1904 1437 τὴν
1960 1367 2082 1445 φιλ-

426 1459 770 1533 ανθρωπίαν·
903 1459 1086 1535 χαίρει
1136 1459 1267 1521 Θεὸς
1330 1456 1563 1531 μᾶλλον,
1623 1459 1657 1526 ἢ
1722 1462 1876 1511 πᾶσιν
1940 1459 2080 1529 ὁμοῦ

421 1553 539 1609 τοῖς
572 1547 766 1609 ἄλλοις
792 1567 803 1581 ·
860 1545 1035 1623 δῶρον
1079 1545 1240 1619 ἴδιον,
1289 1545 1463 1623 δῶρον
1494 1546 1750 1620 ἄμωμον,
1786 1544 1959 1623 δῶρον
1991 1568 2079 1624 φι-

423 1634 679 1709 λοτιμίαν
728 1641 863 1692 Θεοῦ
920 1636 1365 1711 προκαλοόμενον
1427 1639 1556 1707 (37).
1617 1636 1786 1707 Μῖξον
1817 1640 1895 1707 τῷ
1925 1630 2079 1713 φόϐῲ

421 1726 521 1795 τήν
552 1724 839 1781 ἐπιείκειαν
867 1745 880 1758 ’
915 1726 1137 1803 κέρασον
1167 1726 1234 1801 τῇ
1265 1725 1463 1799 ἀπειλῇ
1494 1727 1591 1795 τήν
1639 1723 1852 1781 ἐλπίδα.
1888 1722 2081 1779 [Ιολλά

424 1815 514 1869 καὶ
554 1815 910 1891 χρηστότητα
956 1818 1323 1891 κατορθοῦσαν
1376 1818 1484 1887 (38)
1538 1812 1679 1886 οἶδα,
1727 1812 2075 1868 δυσωποῦσαν

427 1904 504 1965 είς
564 1903 925 1982 ὀφειλομένην
992 1901 1279 1974 ἀντίδοσιν,
1355 1903 1478 1957 ὅταν
1562 1902 1835 1978 βιάζεσθαι
1910 1902 2079 1969 παρὸν

428 1995 901 2068 συγχωρήσαντες,
953 1991 1363 2064 δυσωπήσωμεν
1423 1991 1604 2062 εὐνοίᾳ
1650 1992 1740 2045 τὸν
1821 1988 2078 2063 ἐλεούμε-

425 2102 538 2137 νον.
599 2079 780 2150 Μηδὲν
844 2081 977 2135 εἷναί
1044 2102 1102 2135 σε
1155 2080 1387 2143 πειθέτω
1442 2086 1544 2148 τῆς
1602 2080 1781 2154 ἀρχῆς
1830 2079 2074 2149 ἀνάξιον·

425 2166 595 2241 μηδὲν
630 2169 969 2223 ἀποκλειέτω
998 2170 1089 2223 τὸν
1141 2169 1320 2222 οἶκτον
1368 2168 1457 2223 καὶ
1487 2171 1585 2237 τὴν
1618 2163 1958 2242 ἡμερότητα,
1996 2171 2070 2241 μὴ

418 2258 625 2331 καιρὸς,
665 2259 738 2331 μὴ
775 2255 1064 2329 δυνάστης,
1102 2258 1178 2330 μή
1212 2252 1400 2333 φόϐος,
1440 2259 1514 2330 μὴ
1571 2257 1833 2329 μειζόνων
1888 2258 2073 2333 ἀρχῶν

419 2344 578 2407 ἐλπὶς
610 2350 742 2420 (39),
782 2349 854 2419 μὴ
893 2348 1162 2423 θρασύτης
1186 2349 1299 2422 (40)
1326 2348 1387 2401 τὸ
1418 2346 1584 2401 πλέον
1620 2345 1838 2422 ἔχουσα.
1867 2353 2069 2415 Κτῆσαι

408 2435 507 2502 τὴν
540 2432 747 2488 εῦνοιαν
784 2434 835 2490 ἐν
868 2441 984 2497 τοῖς
1017 2434 1324 2512 ἀναγκαίοις
1354 2440 1566 2513 καιροῖς
1601 2437 1732 2509 (41),
1781 2437 1879 2505 τήν
1936 2433 2065 2490 ἅνω·

410 2525 618 2598 χρῆσον
680 2528 794 2595 Θεῷ
842 2524 933 2578 τὸν
983 2520 1155 2582 ἔλεον.
1209 2522 1400 2587 Οὐδεὶς
1455 2523 1693 2600 μετέγνω
1741 2529 1847 2578 τῶν
1874 2529 1987 2597 Θεῷ
2016 2547 2068 2580 τι

406 2611 927 2687 προεισενεγκάντων
960 2616 1093 2687 (42).
1139 2613 1325 2677 Πολύς
1358 2613 1497 2669 ἐστιν
1532 2613 1606 2675 είς
1638 2611 1925 2684 ἀντίδοσιν,
1963 2616 2064 2687 μά-

407 2698 564 2755 λιστα
600 2703 695 2774 μὲν
727 2707 843 2765 τοῖς
876 2701 1075 2766 ἐκεῖθεν
1125 2704 1345 2779 ἀγαθοῖς
1377 2697 1742 2776 ἀμειϐόμενος
1774 2702 1900 2765 τοὺς
1932 2725 2064 2779 προ-

408 2785 816 2853 καταϐαλόντας
844 2813 919 2859 τι,
967 2792 1057 2846 καὶ
1107 2794 1532 2869 προχρήσαντας
1559 2811 1571 2822 ·
1607 2790 1716 2847 ἔστι
1750 2789 1808 2847 δὲ
1839 2791 1927 2847 ὅτε
1976 2793 2065 2848 καὶ

408 2886 524 2941 τοῖς
556 2878 779 2935 ἐνταῦθα
810 2882 944 2955 πρὸς
973 2881 1151 2936 πίστιν
1179 2887 1285 2935 τῶν
1322 2881 1563 2957 ὕστερον.

2195 1013 2545 1069 charissima
2593 1029 2842 1084 quisque
2901 1012 3012 1068 sibi
3061 1012 3307 1084 pignora
3336 1015 3449 1065 Deo
3480 1015 3844 1065 consecrant.

2192 1103 2303 1157 Nec
2334 1119 2464 1157 vero
2498 1102 2602 1157 tibi
2620 1102 2861 1157 Abrahae
2880 1101 3234 1157 sacrificium
3266 1099 3603 1154 inauditum
3631 1099 3841 1169 est,qui

2196 1193 2437 1247 unicum
2482 1192 2688 1257 filium,
2749 1190 3151 1261 divinitusque
3208 1188 3590 1259 promissum,
3622 1186 3741 1242 imo
3774 1187 3842 1242 ad

2194 1298 2367 1352 quem
2403 1282 2529 1353 ipsa
2554 1280 2867 1353 promissio
2898 1280 3278 1343 referebatur,
3312 1277 3426 1332 Deo
3446 1276 3728 1333 libentius
3751 1277 3846 1331 ob-

2192 1369 2326 1424 tulit
2358 1371 2422 1432 ",
2457 1386 2635 1441 quam
2671 1370 2740 1424 ab
2774 1385 2840 1423 eo
2872 1369 3128 1440 primum
3161 1368 3317 1423 824
3375 1369 3693 1438 acceperat.
3728 1363 3845 1420 Ho-

2190 1475 2323 1512 rum
2357 1458 2502 1513 nihil
2526 1463 2635 1513 ate
2667 1457 3035 1529 postulamus
3062 1473 3073 1510 :
3101 1472 3202 1526 pro
3235 1454 3511 1510 omnibus
3530 1455 3640 1510 hoc
3659 1471 3845 1509 unum

2191 1548 2352 1615 offer,
2386 1564 2597 1618 nempe
2628 1546 3078 1617 benignitatem,
3113 1560 3227 1617 qua
3254 1544 3410 1599 Deus
3437 1543 3840 1615 magis,quam

2190 1637 2419 1691 cunctis
2447 1634 2577 1691 aliis
2636 1636 2809 1691 rebus
2843 1635 2901 1689 in
2952 1651 3136 1689 unum
3194 1632 3444 1700 collatis,
3479 1633 3838 1700 delectatur;

2191 1726 2411 1779 donum
2446 1723 2770 1796 proprium,
2802 1725 3024 1779 donum
3065 1722 3225 1778 omni
3254 1721 3384 1777 labe
3435 1738 3707 1787 vacuum,
3741 1720 3841 1776 do-

2191 1830 2333 1868 num
2366 1813 2467 1869 Dei
2500 1813 2913 1868 liberalitatem
2970 1817 3027 1866 et
3068 1809 3531 1867 munificentiam
3562 1810 3838 1865 invitans.

2194 1902 2512 1957 Lenitatem
2572 1901 2782 1956 terrori
2839 1900 3138 1956 admisce:
3200 1899 3393 1954 minas
3424 1916 3527 1971 spe
3556 1902 3837 1971 tempera.

2194 1990 2379 2045 Multa
2398 1989 3012 2062 quoquehumanitate
3031 2006 3096 2044 ac
3112 1987 3473 2060 benignitate
3486 1987 3685 2060 perfici
3699 1987 3840 2056 scio,

2191 2084 2253 2133 ut
2285 2095 2411 2149 qua:
2444 2080 2513 2133 ad
2536 2079 2791 2133 debitam
2815 2078 3065 2151 gratiam
3098 2078 3457 2131 referendam
3474 2077 3696 2149 pudore
3715 2076 3841 2146 ipso

2186 2167 2537 2238 compellat;
2590 2185 2721 2222 cum
2784 2167 3050 2221 videlicet
3090 2166 3283 2221 oblata
3314 2165 3633 2220 ulciscendi
3664 2170 3839 2235 atque

2183 2257 2683 2312 animadvertendi
2715 2259 3000 2328 potestate
3032 2272 3243 2309 noxam
3295 2255 3716 2317 condonantes,
3763 2253 3836 2319 ei,

2182 2346 2272 2401 cui
2300 2346 2763 2401 misericordiam
2791 2345 3184 2417 impertimur,
3208 2342 3613 2398 benevolentia
3635 2347 3836 2397 nostra

2180 2436 2463 2507 pudorem
2497 2434 2843 2490 incutimus.
2869 2433 3025 2489 Nihil
3047 2433 3154 2487 tibi
3188 2433 3336 2487 tanti
3363 2432 3458 2499 sit,
3491 2437 3555 2487 ut
3576 2436 3836 2503 propter-

2178 2542 2247 2580 ea
2278 2525 2525 2580 inducas
2554 2524 2615 2579 in
2650 2524 2916 2579 animum
2950 2522 3173 2593 aliquid
3224 2522 3555 2589 admittere,
3589 2520 3746 2593 quod
3780 2526 3835 2575 te

2179 2614 2529 2685 magistratu
2578 2614 2886 2684 indignum
2922 2612 3148 2667 reddat.
3180 2610 3335 2665 Nihil
3368 2609 3835 2665 misericordiam

2177 2708 2235 2758 et
2290 2702 2807 2758 mansuetudinem
2865 2701 3155 2767 excludat,
3217 2716 3331 2754 non
3386 2704 3652 2771 tempus,
3716 2716 3833 2754 non

2177 2795 2472 2868 princeps,
2506 2812 2620 2850 non
2686 2800 2897 2859 metus,
2956 2810 3072 2848 non
3131 2794 3419 2863 majorum
3470 2791 3831 2863 dignitatum

2178 2901 2333 2957 spes,
2370 2902 2486 2940 non
2509 2884 2807 2940 temeritas
2838 2900 2964 2954 quae
2999 2882 3087 2937 sui
3109 2882 3265 2953 juris
3316 2880 3565 2936 nimium
3596 2880 3829 2937 retinet.

410 2971 490 3022 Ad
528 2971 857 3026 necessaria
907 2976 1176 3043 tempora
1221 2989 1488 3044 supernaa
1537 2972 1952 3028 benevolentiae
1982 2974 2087 3027 tibi
2139 2973 2475 3045 praesidium
2512 2991 2687 3045 para;
2721 2971 3184 3027 misericordiam
3222 2972 3332 3025 Deo
3362 2970 3691 3026 commoda.
3715 2970 3827 3025 Ne-

415 3059 633 3113 minem
668 3076 928 3131 unquam
961 3060 1075 3115 Deo
1119 3059 1341 3130 aliquid
1399 3060 1563 3131 prius
1622 3060 1905 3116 obtulisse
1937 3063 2231 3133 pcenituit.
2268 3068 2328 3116 In
2366 3063 2639 3118 beneficis
2672 3062 2973 3117 referendo
3006 3059 3281 3132 copiosus
3304 3064 3411 3129 est,
3445 3058 3701 3114 maxime
3731 3058 3832 3113 ille

413 3147 648 3219 quidem
683 3149 941 3204 coelestia
970 3150 1144 3215 bona,
1177 3150 1272 3215 iis,
1306 3167 1339 3204 a
1371 3150 1586 3221 quibus
1644 3150 1755 3222 ipsi
1815 3156 1948 3205 ante
1980 3151 2280 3223 quidpiam
2315 3151 2593 3207 collatum
2628 3155 2950 3222 mutuoque
2983 3151 3188 3205 datum
3223 3150 3417 3217 fuerit,
3456 3148 3779 3221 rependens
3812 3166 3826 3219 ;

408 3254 835 3311 nonnunquam
870 3243 1066 3295 autem
1098 3239 1277 3311 hujus
1309 3256 1543 3311 quoque
1574 3242 1699 3295 vitae
1733 3242 2042 3297 commoda
2074 3242 2411 3310 refundens,
2448 3246 2513 3296 ut
2543 3242 2613 3297 de
2646 3240 2859 3295 futuris
2892 3240 3064 3295 fidem
3099 3239 3291 3295 faciat.

478 3327 578 3383 IA'.
631 3332 749 3381 ’Έτι
803 3328 1018 3403 μικρὸν,
1064 3327 1154 3382 καὶ
1204 3328 1231 3381 6
1292 3326 1502 3401 κόσμος
1552 3328 1904 3405 παρέρχεται,
1967 3329 2056 3383 καὶ

2242 3330 2336 3386 XI.
2371 3330 2575 3386 Adhuc
2598 3329 2929 3399 paululum,
2963 3334 3019 3383 et
3044 3329 3304 3384 mundus
3338 3328 3699 3395 transibit,et
3718 3328 3828 3385 hoc

403 3415 436 3483 ἡ
500 3417 674 3486 σκηνὴ
751 3418 865 3490 (43)
943 3415 1289 3472 καταλύεται.
1370 3419 1922 3491 Πραγματευσώμεθα
1965 3419 2052 3472 τὸν

397 3503 623 3577 καιρόν·
683 3510 798 3565 τοῖς
852 3505 959 3578 οὐχ
1009 3505 1200 3559 ἑστῶσι
1257 3507 1324 3558 τὰ
1395 3504 1626 3577 μένοντα
1690 3506 2051 3578 ὠνησώμεθα.

397 3593 661 3653 Ἕκαστος
692 3594 853 3664 ἡμῶν
886 3593 1024 3646 ἐστιν
1060 3593 1110 3646 ἐν
1145 3592 1459 3664 ἐπιτιμίοις·
1481 3593 1568 3647 καὶ
1602 3596 1629 3647 6
1682 3599 1817 3668 χοῦς
1868 3592 2055 3647 πολλὰ

400 3681 547 3756 φέρει
580 3680 646 3734 τὰ
678 3679 995 3757 ὀφλήματα.
1031 3683 1519 3756 Συγχωρήσωμευ,
1546 3681 1639 3735 ’ίνα
1670 3685 2051 3757 συγχωρηθῶ-

407 3788 521 3841 μεν·
572 3770 816 3847 ἀφῶμεν,
871 3766 960 3823 ’ἱνα
1010 3769 1321 3840 αἷτήσωμεν
1384 3768 1590 3845 ἄφεσιν.
1649 3772 1813 3846 Ὁρᾷς
1874 3770 1924 3823 ἐν
1974 3772 2052 3842 τῷ

404 3858 725 3934 Εὐαγγελίῳ
750 3879 762 3891 '
799 3857 1213 3935 Χρεωφειλέτης
1249 3858 1519 3932 εἰσάγεται
1549 3862 1663 3932 (44)
1712 3880 1795 3920 τις
1826 3858 2050 3913 πολλῶν

402 3947 707 4020 ταλάντων,
740 3948 827 4002 καὶ
880 3947 1092 4027 ἀφίεται
1137 3951 1236 4002 τοῦ
1286 3947 1518 4022 χρέους·
1567 3948 1891 4024 προσάγεται
1950 3950 2051 4023 γὰρ

402 4037 582 4113 ἀγαθῷ
636 4034 887 4111 δεσπότῃ.
944 4036 1041 4091 Καὶ
1095 4042 1464 4113 συγχωρεῖται
1514 4036 1629 4109 μὲν,
1681 4037 1742 4091 οὐ
1776 4042 2057 4113 συγχωρεῖ

399 4122 491 4180 δέ·
530 4123 730 4188 δοῦλος
787 4124 885 4202 γάρ
940 4124 1050 4181 ἐστι
1100 4126 1189 4181 καὶ
1232 4127 1331 4196 τὴν
1379 4127 1693 4202 προαίρεσιν
1749 4130 1896 4201 (45)·
1929 4125 2053 4182 ἀλλ’

394 4216 461 4284 ἧς
511 4214 669 4292 ἔτυχε
729 4214 1139 4294 φιλανθρωπίας
1193 4215 1317 4292 περὶ
1371 4217 1433 4271 τὸ
1481 4214 1693 4290 πλεῖον,
1743 4217 1943 4287 ταύτης
1992 4216 2053 4270 οὐ

399 4302 726 4377 μεταδίδωσι
773 4309 852 4377 τῷ
903 4303 1203 4378 ὁμοδούλῳ
1250 4305 1375 4381 περὶ
1427 4306 1487 4359 τὸ
1519 4305 1767 4379 ἔλαττον,
1809 4305 1954 4379 οὐδὲ,
2008 4306 2052 4361 εἰ

398 4395 473 4464 μή
503 4415 609 4448 τινι
640 4392 817 4466 ἄλλῳ,
867 4393 945 4465 τῷ
991 4402 1093 4464 τῆς
1146 4393 1562 4471 μεγαλοψυχίας
1611 4396 1875 4470 ἑπόμενος
1923 4397 2052 4451 ὑπο-

396 4478 650 4554 δείγματι
678 4482 802 4555 περὶ
852 4483 915 4535 τὸ
962 4482 1257 4557 ἀλλότριον
1282 4503 1293 4514 ·
1344 4484 1435 4538 καὶ
1486 4486 1513 4539 6
1546 4482 1816 4554 δεσπότης
1850 4487 2052 4560 ἀγανα-

393 4574 531 4625 κτεῖ.
565 4568 663 4622 Καὶ
692 4568 755 4622 τὸ
786 4568 910 4640 ἑξῆς
939 4571 1315 4643 σιωπήσομαι·
1341 4571 1488 4639 πλὴν
1522 4573 1744 4645 ἄμεινον
1768 4578 1846 4645 τῷ
1868 4576 2049 4644 παντὶ,

468 4772 511 4806 ’⁷
539 4770 680 4828 Gen.
710 4785 849 4840 xm,
872 4771 909 4824 2
937 4786 1070 4843 sqq.
1146 4770 1190 4805 ³⁸
1213 4770 1421 4828 Matth.
1454 4787 1615 4840 xvm,
1653 4774 1725 4829 23
1756 4790 1886 4846 sqq.

2169 3420 2613 3476 tabernaculum
2661 3418 3034 3474 dissolvetur.
3069 3418 3379 3489 Temporis
3411 3418 3827 3475 commoditate

2167 3511 2236 3562 ad
2267 3515 2558 3579 quaestum
2616 3513 2889 3572 utamur;
2953 3506 3126 3560 ﬂuxis
3159 3512 3216 3559 et
3269 3505 3578 3577 fragilibus
3610 3512 3825 3561 interna

2164 3612 2525 3651 coemamus.
2561 3595 2976 3666 Unusquisque
3026 3599 3293 3649 nostrum
3352 3596 3409 3647 in
3461 3594 3825 3666 correptione

2164 3689 2287 3751 est;
2324 3702 2389 3740 ac
2422 3684 2579 3738 lutea
2631 3683 2753 3738 haec
2814 3699 3007 3736 massa
3064 3683 3388 3753 plurimum
3449 3684 3579 3738 aeris
3627 3682 3819 3738 aliena

2164 3789 2363 3827 secum
2423 3772 2781 3827 circumfert.
2843 3770 3062 3825 Alienis
3107 3787 3243 3843 ergo
3302 3773 3555 3843 peccatis
3586 3773 3817 3827 veniam

2166 3861 2397 3928 demus,
2432 3865 2495 3914 ut
2526 3860 2741 3914 nostris
2774 3860 3192 3930 impetremus;
3222 3859 3616 3927 remittamus,
3644 3865 3706 3914 ut
3735 3860 3817 3915 vi-

2164 3949 2366 4004 cissim
2392 3948 2561 4003 nobis
2580 3948 2795 4003 remitti
2822 3946 3402 4019 postulemus.Vides
3425 3948 3484 4003 in
3508 3948 3819 4021 Evangelio

2164 4038 2663 4109 quemadmodum
2686 4038 2926 4108 quidam
2950 4035 3643 4093 multorumtalentorum
3666 4039 3821 4094 debi-

2164 4132 2255 4181 tor
2286 4128 2635 4194 adducatur,
2684 4144 2748 4181 ac
2808 4126 3001 4181 debito
3032 4124 3313 4181 liberetur
3334 4126 3412 4193 '3;
3464 4127 3534 4182 ad
3598 4126 3818 4182 bonum

2166 4217 2322 4273 enim
2357 4221 2414 4271 et
2446 4216 2675 4271 facilem
2700 4216 3007 4270 dominum
3041 4220 3387 4271 accesserat.
3422 4220 3494 4270 At
3516 4232 3653 4286 non,
3686 4220 3751 4271 ut
3771 4216 3822 4272 ei

2167 4308 2431 4362 debitum
2456 4308 2772 4362 remissum
2799 4306 3007 4372 fuerat,
3027 4306 3250 4376 itaipse
3280 4322 3509 4377 quoque
3540 4306 3818 4374 remittit;

2166 4414 2302 4452 nam
2338 4396 2516 4451 animi
2553 4398 2730 4452 etiam
2756 4396 3053 4467 prOposito
3086 4411 3290 4450 servus
3322 4399 3483 4464 erat;
3518 4412 3624 4451 nec
3647 4395 3821 4450 mise-

2166 4485 2500 4553 ricordiam,
2531 4502 2711 4556 quam
2746 4485 2804 4538 in
2838 4484 3044 4555 majori
3080 4484 3334 4555 pecuniae
3366 4501 3601 4539 summa
3625 4500 3824 4540 conse-

2164 4579 2336 4630 cutus
2357 4575 2567 4639 fuerat,
2588 4574 2647 4627 in
2673 4570 3152 4643 minoripeeunia
3183 4589 3455 4629 conservo
3478 4590 3584 4629 suo
3606 4573 3822 4645 imper-

473 4972 583 5044 (35)
617 4969 852 5044 ξριστῷ.
886 4968 1063 5044 Regg.
1098 4987 1152 5037 a,
1196 4970 1315 5037 bm,
1351 4969 1467 5026 duo
1496 4970 1694 5041 Coisl.,
1727 4976 1846 5027 tres
1871 4971 2056 5039 Colb.,
2091 4974 2135 5039 Ι)
2172 4968 2365 5044 klaio:
2400 4992 2443 5044 ‹‹Δ
2461 4969 2587 5026 Non
2618 4968 2863 5044 audacia
2894 4967 3119 5044 meliori
3164 4984 3373 5044 rerum
3418 4985 3661 5028 suarum
3692 4988 3826 5030 con-

402 5038 497 5102 Or'.
528 5038 584 5109 2,
618 5038 707 5115 Si?!
728 5038 983 5115 Xpic'tdv.

474 5116 586 5187 (36)
616 5114 709 5169 Ἥ.
743 5110 920 5187 C'oisl.
956 5115 1011 5179 1,
1041 5110 1131 5180 ἥν.

616 5180 1117 5269 ,Ηρρκαλοῦμεγοψ
1155 5184 1271 5269 'Sic
1298 5186 1467 5269 ‘Reg.
1527 5185 1676 5269 bt‘n,~
1708 5190 1827 5241 tres
1870 5184 2055 5256 Colb.,

394 5255 571 5317 Coisl.
610 5260 661 5327 1,
686 5255 880 5331 ‘Or.72,
912 5255 971 5313 et
999 5257 1115 5331 Jes_.
1154 5257 1215 5312 in
1246 5256 1365 5324 ed.,
1395 5255 1804 5331 τξροκαλοῦμεν.

462 5332 577 5415 (38)
612 5330 1006 5405 Κατορθοῦσαν.
1073 5328 1253 5401 Regg.
1315 5346 1369 5397 a,
1423 5328 1541 5401 bm,
1577 5328 1735 5385 Orat.
1769 5333 1824 5395 2,
1856 5346 2057 5403 κατορ-

404 5412 587 5543 θοῗέᾧ)
636 5468 915 5555 ,Μειζόνων
979 5467 1398 5577 ἀρχῶνιξλπίς.
1462 5471 1557 5526 Sic
1614 5471 1795 5543 Regg.
1849 5488 1902 5538 a,
1936 5472 2058 5554 bin,

407 5546 523 5577 Ann
555 5543 702 5577 (‘nsnl
788 5549 843 5577 ιιι
894 5544 971 5577 nn
1148 5550 1248 5577 Διη
1295 5546 1561 5577 nanonnn‘l‘
1621 5542 1879 5577 ...ιγλυιηυ
1939 5544 2033 5577 nln

407 5546 523 5599 duo
555 5542 726 5598 Cois].
788 5549 847 5598 et
894 5544 989 5598 Or.
1016 5542 1024 5547 ’
1050 5542 1104 5613 ‘3.
1139 5542 1249 5613 Aiii
1295 5546 1582 5611 resecant,
1620 5542 1905 5613 μειζόνων,
1938 5543 2061 5607 alii,

410 5615 621 5690 ἀρχῶν.
657 5616 719 5690 In
747 5615 839 5690 ed.
875 5615 1040 5690 deest
1075 5612 1258 5674 ἐλπίς,

484 5684 597 5759 (40)
628 5686 717 5755 Μὴ
750 5684 1038 5760 θρασύτης,
1080 5692 1187 5742 etc.
1223 5710 1249 5736 α
1304 5686 1429 5760 Non
1462 5686 1761 5760 temeritas
1792 5686 1924 5760 plus
1954 5685 2064 5741 sibi

414 5757 707 5831 tribuens,
740 5757 867 5829 quas
895 5758 1138 5814 modum
1168 5759 1414 5815 excedit.
1448 5779 1476 5809 ››
1508 5757 1604 5814 Vel
1636 5775 1770 5814 cum
1794 5757 2065 5814 Leuven—

2170 5040 2391 5116 ditione
2425 5041 2592 5098 freta.
2629 5063 2656 5091 »
2689 5040 2896 5116 Billius
2926 5058 2939 5116 ς
2972 5064 2999 5090 ‹‹
3024 5040 3149 5095 Non
3169 5040 3417 5097 audacia
3446 5047 3503 5099 et
3533 5044 3821 5116 importu-

2169 5115 2323 5169 nitas
2358 5117 2586 5185 potiora
2616 5114 2814 5169 omnia
2848 5113 3091 5168 habens.
3130 5134 3157 5161 »

2239 5185 2625 5324 (41)Καιροῖς.
2661 5186 2835 5242 Deest
2892 5185 2951 5239 in
3002 5185 3139 5255 Reg.
3199 5184 3321 5253 bm,
3361 5186 3420 5241 et
3448 5186 3640 5243 tribus
3662 5186 3823 5245 Colb.

2264 5258 2352 5324 42)
2385 5256 2936 5324 Προεισενεγκάντων.
2997 5259 3174 5324 Begg.
3233 5273 3286 5324 a,
3338 5256 3456 5323 bm,
3498 5262 3555 5314 et
3611 5259 3709 5317 01‘.
3767 5260 3823 5324 2,

2264 5258 2352 5324 42)
2385 5256 2936 5333 Προεισενεγκάντων.
2997 5259 3174 5328 Begg.
3233 5273 3286 5327 8.,
3338 5256 3456 5323 bm,
3498 5262 3555 5314 et
3611 5259 3709 5317 01‘.
3767 5260 3823 5329 2,

2170 5347 2367 5402 προσεν
2376 5329 2638 5402 εγκόντων
2649 5372 2660 5384 .

2241 5350 2399 5382 ›οσενε
2435 5350 2660 5384 κοντων.

2241 5402 2356 5527 (illi?)
2394 5350 2488 5521 [30d
2522 5404 2556 5470 ἡ
2582 5402 2776 5471 σκηνή,
2811 5403 2920 5454 etc.
2956 5396 3202 5453 Billius:
3240 5422 3267 5449 ‹‹
3303 5404 3382 5455 Ac
3414 5417 3589 5457 scena
3619 5401 3828 5459 dissol-

2172 5488 2358 5527 VCIUI‘.
2395 5496 2421 5521 ν)

2242 5547 2352 5611 (44)
2388 5543 2691 5617 Εἶσάγεται.
2730 5544 2867 5617 Reg.
2902 5540 3393 5617 bm,_tres_Col_b.,
3426 5542 3523 5599 Or.
3556 5543 3611 5617 2,
3652 5563 3825 5617 προσ-

2175 5614 2380 5685 άγεται.
2424 5637 2443 5661 α
2476 5612 2705 5671 Judieio
2730 5612 2958 5669 sistitur
2979 5612 3052 5685 ad
3076 5613 3431 5667 reddendam
3465 5612 3775 5669 rationem.
3802 5641 3821 5667 ι

2246 5690 2358 5758 (/15,
2392 5688 2506 5755 Τὴν
2566 5689 2897 5760 προαίρεσιν.
2951 5682 3195 5741 Dillius:
3237 5706 3263 5737 α
3294 5686 3488 5739 Animi
3533 5685 3827 5743 inductio-

2176 5774 2269 5813 ne.
2296 5781 2325 5809 υ
