4090 6410
236 360 356 422 979

1484 364 1547 426 S.
1599 362 1975 426 GREGORII
2019 364 2417 429 THEOLOGI

3541 367 3664 431 980

231 491 399 559 titur,
434 507 561 561 nec,
596 494 644 548 si
680 493 825 548 nihi‘
853 494 1417 568 aliud,propositum
1436 497 1541 552 sih"
1571 500 1722 552 certe
1744 496 1890 552 libe-

2044 498 2379 575 ’ροεισφέρειν
2410 502 2506 553 τοῦ
2538 498 2707 554 ἐκεῖσε
2737 496 2907 573 λόγου
2940 500 3052 571 (46)
3080 499 3179 567 τὴν
3232 494 3469 562 ἐντεῦθεν
3518 517 3663 574 χρη-

239 580 376 634 ικιϊῑς
408 598 547 653 erga
569 582 716 638 alios
740 584 919 638 animi
944 585 1282 656 (ax-«emplum
1308 586 1598 658 sequitur.
1626 589 1807 654 Quam
1824 586 1897 641 ob

2009 585 2261 656 στότητα.

239 688 479 727 causam
512 673 793 728 dominus
825 674 911 730 ira
942 681 1362 731 commovetur.
1392 677 1539 732 Nam
1571 694 1696 747 quae
1729 681 1929 748 postea
1960 682 2302 748 sequuntur,
2362 679 2595 735 silentio
2654 679 2983 751 praeteribo.
3018 678 3269 733 Tantum
3305 677 3415 733 hoc
3445 678 3667 745 dicam,

239 761 675 817 conducibilius
706 764 946 819 omnino
978 780 1129 830 esse,
1160 770 1221 819 ut
1253 766 1598 836 priusquam
1631 764 1689 819 in
1724 766 1901 819 altero
1931 766 2142 821 saeculo
2173 768 2300 821 vitae
2329 769 2585 824 rationes
2616 775 2959 838 reteramus,
2994 768 3173 838 hujus
3224 767 3355 822 vitae
3404 768 3667 840 benigni-

239 860 421 912 tatem
454 853 889 924 impendamus.

325 946 475 1001 325
512 945 629 999 XII.
666 945 813 1008 Quid
847 944 930 999 ais
952 944 1150 1000 ?Num
1184 951 1239 1000 te
1272 947 1363 1000 his
1403 948 1777 1002 sermonibus
1810 963 1901 1001 ca-

257 1040 423 1107 ptum
456 1039 747 1102 tenemus,
773 1052 1024 1105 quorum
1049 1040 1103 1089 te
1136 1052 1332 1091 amore
1366 1036 1718 1091 inflammari
1756 1054 1906 1108 saepe

255 1125 562 1179 confessus
592 1140 675 1188 es,
738 1124 1143 1195 praefectorum
1177 1127 1416 1197 Optime,
1451 1131 1646 1197 atque,
1679 1127 1904 1181 utinam

256 1213 469 1269 addere
503 1212 692 1280 liceat,
750 1212 1253 1269 clementissime?
1311 1216 1462 1270 Num
1498 1216 1600 1271 tibi
1634 1221 1911 1288 praeterea

260 1303 545 1374 supplicis
578 1304 887 1374 cujusdam
919 1303 1100 1358 libelli
1134 1304 1258 1360 loco
1304 1305 1548 1361 canities
1600 1306 1720 1360 haec
1773 1307 1908 1361 offe-

258 1394 439 1447 renda
460 1392 591 1462 erit,
612 1398 785 1463 atque
808 1410 1099 1449 annorum
1122 1397 1913 1468 numerus,diuturnumque

265 1486 323 1537 et
352 1481 504 1537 labis
536 1499 740 1554 expers
773 1483 880 1538 hoc
910 1485 1326 1550 sacerdotium,
1361 1489 1513 1556 quod
1539 1486 1649 1557 ipsi
1684 1504 1915 1557 quoque

265 1571 478 1643 angeli,
516 1572 644 1642 puri
678 1571 978 1643 purissimi
1009 1573 1109 1627 Dei
1143 1574 1417 1641 cultores,
1452 1580 1735 1647 tanquam
1760 1576 1916 1647 ipso-

269 1678 400 1715 rum
457 1660 644 1715 cultui
706 1661 948 1717 minime
1006 1662 1217 1734 impar,
1252 1664 1500 1719 fortasse
1548 1665 1920 1720 veneratione

272 1754 732 1821 prosequuntur.
766 1755 915 1805 Num
952 1751 1073 1807 haec
1106 1758 1162 1807 te
1194 1754 1579 1824 permovent?
1606 1757 1691 1809 An
1726 1756 1919 1825 majus

271 1839 492 1909 aliquid
528 1840 865 1895 audendum
906 1840 1064 1895 erit?
1094 1843 1389 1898 Audacem
1425 1848 1620 1897 autem
1646 1860 1739 1897 me
1761 1842 1924 1898 dolor

270 1928 469 1985 efﬁcit.
503 1928 802 1984 Christum
818 1929 1164 1999 tibioli‘erro,
1188 1931 1266 1986 Cb
1278 1931 1402 1987 risti
1420 1949 1522 2004 pro
1544 1932 1711 1987 nobis
1733 1932 1922 1987 inani-

2090 945 2184 999 lB'.
2215 944 2275 996 Τί
2324 946 2464 1021 φήῃ
2518 945 2762 1020 ’Ἐχομὲν
2821 966 2877 999 σε
2920 949 3034 1007 τοῖς
3086 940 3279 1018 λόγοις
3326 942 3565 1012 τούτοις,
3598 946 3672 998 ῶν

2017 1032 2244 1108 ἐραστὴς
2277 1033 2409 1088 εἶναι
2441 1032 2711 1096 πολλάκις
2762 1033 3261 1109 καθωμολόγησας.
3317 1034 3361 1087 ὧ
3411 1031 3672 1089 κάλλιστε

2018 1121 2324 1197 ἀρχόντων,
2388 1121 2468 1193 εἶή
2531 1121 2588 1178 δὲ
2642 1125 2951 1199 προσθεῖναι
3004 1126 3137 1197 (47),
3186 1122 3274 1177 καὶ
3308 1124 3667 1199 ἡμερώτατε;

2018 1212 2088 1267 ’Ἠ
2122 1208 2222 1283 δεῖ,
2256 1212 2343 1265 καὶ
2374 1214 2472 1281 τήν
2503 1212 2699 1267 πολιάν
2746 1215 2856 1286 (48)
2905 1234 2987 1267 σοι
3023 1212 3222 1282 ταύτην
3256 1212 3368 1265 ἀνθ’
3398 1212 3667 1287 ἱκετηρίας

2020 1307 2404 1376 προσαγαγεῖν,
2455 1302 2544 1355 xui
2599 1304 2689 1357 τὸν
2750 1306 2855 1356 τῶν
2915 1302 3046 1355 ἑτῶν
3104 1301 3359 1375 ἀριθμὸν,
3432 1302 3520 1355 καὶ
3575 1303 3665 1369 τὴν

2028 1391 2233 1463 μακρὰν
2284 1390 2581 1465 ἱερωσύνην
2619 1393 2709 1445 καὶ
2758 1389 2986 1445 ἄσπιλον
3038 1390 3263 1459 ταύτην,
3314 1390 3374 1457 ἢν
3405 1387 3675 1444 αἰδοῦνται

2022 1480 2192 1553 τυχὸν
2241 1479 2328 1533 xui
2380 1479 2633 1555 ἄγγελοι,
2702 1484 2951 1554 καθαρῶς
3008 1500 3089 1551 τῳ
3148 1477 3518 1555 καθαρωτάτῳ
3580 1478 3677 1533 λα-

2024 1566 2324 1641 τρεύοντες,
2376 1569 2450 1631 ὡς
2509 1576 2609 1638 τῆς
2678 1570 2878 1623 ἑαυτῶν
2947 1567 3198 1644 Λατρείας
3276 1567 3443 1640 ἀξίαν.
3505 1568 3683 1622 Πείθει

2026 1661 2196 1711 ταῦτα
2218 1675 2232 1723 ;
2256 1658 2289 1725 ἢ
2320 1679 2369 1711 τι
2392 1656 2662 1730 τολμήσω
2684 1663 2867 1730 μεῖζον
2894 1660 3003 1729 (49)
3026 1676 3038 1727 ;
3062 1656 3347 1731 τολμηρὸν
3370 1654 3426 1712 δὲ
3452 1678 3517 1729 με
3538 1662 3687 1711 ποιεῖ

2026 1747 2090 1800 τὸ
2125 1744 2325 1823 ἀλγεῖν.
2360 1748 2585 1822 Χριστὸν
2620 1748 2881 1823 προσάγω
2914 1768 2996 1801 σοι
3031 1748 3164 1819 (50),
3199 1746 3288 1801 καὶ
3317 1747 3418 1815 τὴν
3443 1749 3686 1821 Χριστοῦ

2030 1835 2253 1890 κένωσιν
2312 1838 2410 1905 τὴν
2465 1836 2596 1913 ὑπξρ
2646 1838 2829 1909 ἡμῶν,
2875 1835 3061 1890 καὶτὰ
3098 1840 3195 1889 τοῦ
3224 1837 3463 1898 ἀπαθοῦς
3512 1834 3685 1904 πάθη,

2032 1924 2122 1979 καὶ
2147 1926 2237 1979 τὸν
2272 1926 2521 2002 σταυρὸν,
2554 1926 2643 1980 καὶ
2673 1926 2799 1988 τοὺς
2832 1925 3027 1999 ἥλους,
3071 1926 3150 1987 οἷς
3197 1922 3396 1995 ἐλύθην
3433 1924 3537 2001 ἐγὼ
3585 1930 3687 1993 τῆς

281 2020 523 2085 tionem,
557 2023 614 2074 et
644 2019 990 2091 impatibilis
1022 2020 1346 2092 passiones,
1380 2026 1436 2077 et
1456 2038 1711 2089 crucem,
1744 2026 1800 2079 et
1821 2021 1922 2077 cla-

2044 2012 2341 2091 ἁμαρτίας·
2398 2030 2487 2069 και
2534 2015 2596 2069 τὸ
2654 2017 2812 2088 αἷμα,
2873 2014 2962 2068 καὶ
3022 2014 3122 2083 τὴν
3198 2014 3397 2091 ταφὴν,
3451 2012 3541 2068 καὶ
3588 2014 3690 2081 τήν

280 2126 403 2178 vos,
438 2111 652 2182 quibus
674 2115 908 2183 peccato
939 2110 1168 2166 solutus
1199 2126 1354 2179 sum,
1387 2114 1444 2165 et
1473 2110 1846 2182 sanguinem,
1877 2112 1934 2165 et

280 2199 667 2272 sepulturam,
726 2204 783 2255 et
838 2199 1345 2267 resurrectionem,
1390 2204 1447 2254 et
1501 2200 1929 2265 ascensionem,

278 2295 454 2361 atque
487 2291 631 2345 adeo
664 2305 932 2345 mensam
982 2289 1154 2355 hanc,
1217 2290 1288 2345 ad
1323 2306 1502 2361 quam
1537 2288 1931 2345 communiter

272 2378 631 2445 accedimus,
664 2378 992 2451 salutisque
1024 2395 1167 2434 meae
1194 2383 1385 2451 typos,
1418 2396 1567 2449 quos
1601 2380 1803 2434 eodem
1830 2394 1929 2433 ore

271 2484 510 2539 perago,
544 2485 660 2539 quo
693 2468 842 2522 hanc
876 2469 946 2523 ad
979 2472 1037 2523 te
1096 2468 1564 2538 deprecationem
1598 2468 1762 2535 obeo,
1795 2468 1925 2533 hoc,

266 2558 536 2628 inquam,
560 2562 1000 2613 sacrosanctum
1020 2561 1197 2628 atque
1219 2558 1277 2611 in
1302 2558 1512 2613 caelum
1538 2574 1643 2611 nos
1675 2556 1928 2612 evehens

270 2648 638 2719 mysterium.

338 2736 486 2791 XIII.
521 2738 683 2802 Quod
720 2736 768 2792 si
803 2754 915 2792 non
949 2741 1189 2809 propter
1220 2754 1403 2792 unum
1450 2754 1519 2793 ex
1549 2737 1662 2803 his,
1718 2738 1923 2793 saltem

267 2830 505 2898 propter
536 2827 755 2897 omnia,
792 2829 865 2881 da
898 2827 1048 2881 hanc
1081 2831 1354 2899 gratiam,
1389 2832 1445 2882 et
1480 2828 1667 2894 nobis,
1711 2833 1768 2883 et
1822 2828 1925 2882 tibi

267 2906 401 2978 ipsi,
430 2911 487 2962 et
516 2907 853 2962 domesticae
870 2907 1142 2962 Ecclesiae
1167 2913 1300 2978 tuae,
1325 2912 1502 2980 atque
1525 2909 1659 2963 huic
1680 2909 1926 2981 pulchro

271 2995 484 3050 Christi
521 2997 693 3051 οωῐυὶ
731 3014 743 3064 ;
778 2997 848 3052 de
880 3014 995 3068 quo
1024 2998 1107 3052 ita
1126 2996 1298 3052 velim
1334 2997 1794 3063 existimes,eum
1820 3000 1926 3053 tibi

265 3084 571 3141 nobiscum
604 3085 931 3157 supplicem
954 3102 1104 3153 esse,
1128 3086 1362 3141 tametsi
1392 3086 1673 3141 obeunda:
1696 3087 1931 3159 legatio-

269 3174 363 3229 nis
398 3189 639 3229 munere
672 3173 842 3229 nobis
874 3175 1062 3241 cedat,
1098 3179 1163 3229 ut
1220 3176 1505 3244 majorem
1555 3178 1710 3247 apud
1745 3182 1819 3243 te,
1853 3178 1926 3232 ob

270 3261 581 3317 sacerdotii
614 3262 985 3334 dignitatem,
1019 3280 1137 3334 qua
1159 3280 1191 3317 a
1214 3268 1326 3319 Deo
1350 3264 1539 3318 ornati
1575 3282 1805 3331 sumus,
1830 3284 1927 3321 au-

265 3350 597 3408 ctoritatem
623 3350 917 3406 habituris
939 3369 952 3419 ;
972 3369 1043 3406 ne
1061 3352 1201 3407 illud
1217 3352 1393 3408 etiam
1414 3354 1788 3425 dicam,quod
1816 3356 1924 3409 im-

266 3440 409 3514 perii
441 3439 568 3511 lege
598 3439 962 3510 prohibetur.
993 3444 1111 3495 Hac
1142 3458 1260 3496 una
1282 3458 1340 3497 re
1362 3442 1607 3514 pulchre
1628 3444 1882 3500 vinceris
1909 3464 1921 3513 ;

267 3528 631 3601 benignitate
662 3546 768 3584 nos
801 3546 1034 3601 supera.
1069 3531 1152 3585 En
1186 3530 1315 3600 tibi,
1348 3547 1544 3586 coram
1582 3537 1712 3599 Deo,
1738 3538 1793 3588 et
1821 3551 1924 3589 an-

266 3617 435 3690 gelis,
493 3623 548 3672 et
608 3635 785 3691 regno
844 3619 1150 3685 ccclorum,
1183 3618 1463 3692 illiusque
1490 3622 1616 3676 vitae
1650 3623 1923 3693 praemiis,

267 3706 564 3779 supplices
596 3724 757 3763 meos
790 3709 987 3763 offero.
1025 3708 1218 3764 Fidem
1246 3726 1437 3767 meam
1474 3711 1711 3779 honora,
1745 3730 1923 3785 quam

272 3796 417 3851 mibi
448 3798 831 3853 commissam
866 3797 997 3853 aliis
1028 3799 1297 3854 commisi
1325 3816 1337 3855 :
1382 3800 1464 3855 ita
1496 3801 1615 3867 fiet,
1650 3808 1710 3857 ut
1738 3807 1795 3857 et
1824 3807 1927 3859 tua

341 3925 457 3995 (46)
508 3921 711 3998 Λόγου.
776 3924 939 3981 Unus
1002 3924 1237 3997 Regius,
1300 3922 1479 3996 ἇλέου,
1545 3946 1567 3975 ι
1604 3928 1932 3986 misericor-

271 3998 820 4141 ἀιῗ47)11ροσθεῖναι.
857 4066 951 4122 Or.
986 4069 1021 4121 2
1072 4067 1255 4141 addit,
1287 4068 1392 4124 ὃτι.

348 4136 457 4211 (48)
488 4136 594 4205 Τὴν
638 4136 858 4209 πολίαν,
921 4163 946 4187 ‹‹
983 4136 1280 4209 canitiem,
1313 4164 1340 4191 »
1403 4146 1513 4197 etc.
1577 4142 1678 4197 His
1735 4144 1929 4198 verbis

271 4236 299 4261 ‹‹
336 4218 559 4280 patrem
594 4228 775 4283 suum
804 4233 830 4259 »
867 4211 1091 4265 indicat
1124 4212 1463 4283 Gregorius.

368 4284 455 4351 49)
489 4283 713 4348 Μεῖζον.
748 4282 844 4337 Or.
878 4284 933 4349 2,
966 4283 1054 4335 xui
1078 4282 1284 4351 μεῖζον.

368 4284 435 4337 49
489 4284 713 4348 Μεῖζον.
748 4284 844 4337 Or.
878 4284 933 4349 2,
966 4284 1054 4335 xui
1078 4287 1284 4351 μεῖζον.

344 4284 455 4424 (50)
518 4353 785 4427 Προσάγει)
845 4372 952 4427 σοι.
1013 4355 1107 4427 Sic
1164 4358 1283 4409 tres
1314 4354 1501 4427 Colb.,
1534 4355 1709 4412 Coisl.
1747 4357 1797 4422 1,
1830 4357 1924 4411 0r.

271 4427 326 4492 2,
363 4429 471 4480 etc.
506 4424 1054 4497 Ιῐίθόη-προσάγωσι
1088 4426 1462 4551 [perperam].

347 4496 457 4551 (51)
515 4495 623 4551 Τῆν
672 4494 979 4550 ἀνάστασιν.
1040 4502 1098 4550 B1
1130 4496 1268 4551 llus.
1331 4519 1358 4547 «
1404 4515 1462 4551 re

347 4496 457 4568 (51)
515 4495 623 4563 Τὴν
672 4494 979 4550 ἀνάστασιν.
1040 4494 1268 4568 Billius,
1331 4519 1358 4547 «
1404 4494 1655 4554 r—editum
1718 4501 1787 4555 ad
1842 4498 1929 4552 vi-

278 4573 424 4623 tam.
470 4589 498 4617 ››

348 4640 460 4713 (52)
509 4637 607 4713 Kui
660 4636 787 4713 τοὺς
845 4636 1263 4713 τύπους,νοῐο.,
1328 4660 1349 4689 α
1414 4646 1471 4696 et
1524 4642 1735 4697 salutis
1790 4658 1929 4698 mese

278 4711 468 4783 typos.
501 4736 521 4764 ι
562 4711 804 4767 Nullum
867 4712 1213 4785 scrupulum
1275 4730 1506 4769 movere
1564 4716 1778 4771 debent
1813 4717 1931 4770 haec

274 4786 469 4840 verba.
504 4807 531 4835 «
564 4785 705 4856 'lypi
730 4807 758 4833 ››
784 4784 1023 4855 quidem
1055 4792 1195 4841 sunt
1226 4791 1282 4840 et
1305 4809 1331 4836 «
1359 4786 1564 4857 signa;
1600 4808 1628 4835 »
1662 4789 1761 4843 sed
1795 4812 1821 4836 ιι
1846 4788 1927 4841 si-

275 4874 393 4983 gna
420 4879 447 4907 »
474 4873 667 4912 rerum
701 4857 1100 4928 prasentium.
1140 4859 1238 4913 Hic
1260 4858 1500 4912 vocibus
1533 4859 1623 4913 usi
1656 4863 1796 4913 sunt
1825 4860 1924 4914 SS.

321 4935 496 4983 atres.
529 4933 587 4983 et
613 4950 640 4977 ‹‹
666 4929 812 4983 nihil
843 4929 1000 4983 aliud
1037 4929 1443 4983 intelligunt.»
1478 4930 1671 4983 inquit
1701 4930 1924 4983 Billius.

321 4935 496 4995 atres,
529 4933 587 4983 et
613 4950 640 4977 ‹‹
666 4929 812 4984 nihil
843 4929 1000 4984 aliud
1037 4929 1443 5001 intelligunt,»
1478 4930 1671 4999 inquit
1701 4930 1926 5000 Billius,

280 5024 304 5047 α
339 5008 779 5083 quampartem
811 5001 1174 5083 sacramenti.
1214 5019 1339 5083 quae
1371 5003 1428 5055 in
1461 5002 1929 5083 oculorumsen:

274 5089 407 5144 sum
441 5071 617 5127 cadit.
653 5095 680 5122 «
712 5072 804 5128 Sic
836 5074 893 5128 in
929 5071 1317 5143 Eucharistia,
1378 5074 1603 5144 species
1663 5074 1831 5144 panis
1873 5077 1928 5128 et

271 5143 399 5217 vini,
423 5147 563 5217 sunt
586 5145 760 5217 «Atypi
787 5167 813 5193 n
838 5162 937 5201 seu
966 5169 993 5194 ‹‹
1016 5145 1185 5216 signa
1209 5168 1236 5194 ››
1254 5143 1514 5217 corporis
1538 5150 1594 5200 et
1620 5143 1927 5216 sanguinis

271 5214 482 5289 Christi
516 5214 750 5289 realiter
806 5222 861 5272 ct
904 5214 1375 5289 substantialiter
1426 5214 1756 5289 praesentis:
1783 5217 1925 5271 Item

270 5285 381 5361 alia
411 5286 611 5361 omnia
640 5294 1010 5361 sacramenta
1032 5288 1109 5344 ila
1140 5297 1280 5346 sunt
1313 5313 1339 5339 ‹‹
1374 5285 1492 5361 η’ρὶ
1516 5311 1546 5361 ί»
1580 5289 1667 5343 vel
1696 5313 1725 5339 «
1758 5288 1927 5360 signa

274 5358 605 5433 salutis,i_ut
634 5360 968 5433 eamsimul
1001 5361 1257 5417 efﬁciant
1288 5367 1343 5415 et
1374 5358 1725 5433 significent.
1754 5382 1780 5433 ξ)

343 5428 458 5497 (53)
490 5426 553 5479 Εἰ
584 5427 671 5479 καὶ
710 5429 785 5496 μή
819 5431 886 5482 δι’
915 5428 993 5498 ἓν,
1029 5439 1139 5488 etc.
1190 5434 1391 5489 Billius
1416 5426 1495 5489 ενι(
1528 5434 1689 5497 Quod
1724 5432 1769 5487 si
1805 5431 1926 5484 haec

274 5498 510 5621 singuli:
542 5502 740 5554 minus
786 5504 937 5572 apud
972 5510 1027 5558 te
1088 5506 1300 5571 valent,
1336 5509 1393 5560 at
1444 5505 1718 5559 universa
1775 5508 1928 5558 certe

274 5584 346 5621 va
373 5586 478 5621 ean
516 5610 526 5621 .
575 5590 601 5615 ››

274 5577 526 5623 valeant.
575 5590 601 5615 ››

491 5634 618 5720 ρῦν.
640 5637 823 5720 peest
853 5642 909 5720 inn
944 5648 1119 5720 Regg.
1155 5648 1365 5720 a,7bm,
1389 5651 1445 5701 et
1475 5647 1570 5702 Or.
1603 5650 1655 5701 2.

351 5663 462 5708 (04)
493 5663 618 5690 υυν.
652 5663 823 5694 υυυδι
853 5663 909 5695 111
945 5663 1059 5718 ueg
1108 5688 1119 5700 .
1155 5664 1209 5714 a,
1244 5663 1365 5714 nm,
1389 5663 1445 5701 οι
1475 5663 1513 5702 υ

351 5711 463 5779 (55)
490 5710 698 5776 Σαυτῷ.
731 5710 825 5765 Sic
854 5712 948 5767 Or.
980 5720 1032 5772 2.
1063 5663 1133 5773 gn
1164 5719 1281 5787 ed.,
1315 5722 1513 5790 σαυτῷ.

2040 2103 2322 2159 ἀνάστασιν
2369 2107 2503 2178 (51),
2562 2105 2651 2159 xui
2698 2105 2798 2173 τήν
2850 2101 3063 2170 ἄνοδον,
3104 2103 3138 2172 ἢ
3174 2102 3263 2158 xui
3291 2104 3389 2172 τήν
3421 2104 3690 2176 τράπεζαν

2037 2193 2262 2267 ναύτην,
2358 2198 2513 2267 κοινῇ
2544 2193 2809 2270 πρόσιμεν
2836 2214 2847 2225 ·
2882 2194 2971 2248 καὶ
3003 2192 3131 2254 τοὺς
3180 2190 3383 2254 τύπους
3428 2195 3541 2265 (52)
3588 2197 3692 2260 τῆς

2039 2283 2179 2356 ἐμῆς
2226 2282 2523 2359 σωτηρίας,
2583 2283 2680 2345 οὕς
2726 2282 2829 2337 ἀπὸ
2876 2287 2973 2337 τοῦ
3022 2279 3186 2336 αὐτοῦ
3222 2280 3368 2336 τελῶ
3400 2280 3690 2352 στόματος,

2039 2373 2129 2450 ἀφ’
2186 2371 2248 2425 οὗ
2295 2377 2461 2426 ταῦτα
2510 2373 2643 2448 πρὸς
2694 2374 2751 2426 σὶ
2798 2366 3101 2447 πρεσϐεύω,
3149 2371 3250 2440 τήν
3284 2370 3429 2442 ἱερὰν
3458 2370 3547 2424 xui
3580 2370 3693 2423 ἄνω

2038 2460 2301 2538 φέρουσαν
2337 2463 2371 2530 ἡ
2383 2467 2486 2533 μᾶς
2523 2460 2907 2535 μυσταγωγίαν
2921 2502 2932 2518 .

2111 2732 2208 2785 ΙΓ’.
2244 2729 2305 2783 Ei
2337 2729 2425 2784 xui
2479 2730 2555 2802 μὴ
2608 2726 2676 2783 δι’
2723 2725 2777 2782 ἓν
2828 2729 2941 2801 (53)
2993 2727 3229 2795 τούτοιν,
3281 2723 3406 2780 ἀλλ’
3437 2724 3527 2778 οῦν
3580 2725 3693 2797 (54)

2039 2816 2126 2873 διὰ
2160 2820 2348 2886 πάντα,
2386 2815 2477 2879 δὸς
2508 2815 2595 2871 xui
2636 2820 2771 2889 ἡμῖν
2817 2814 2904 2869 καὶ
2958 2818 3165 2886 σεαυτῷ
3358 2812 3456 2880 τὴν
3506 2810 3691 2887 χάριν,

2036 2909 2124 2961 καὶ
2173 2912 2241 2980 τῇ
2292 2910 2404 2981 (56)
2462 2908 2576 2961 κατ’
2629 2906 2777 2961 οἶκόν
2827 2926 2921 2958 σου
2960 2902 3280 2974 Ἐκκλησία,
3312 2902 3511 2972 καὶτῴ
3540 2898 3694 2972 καλῷ

2035 2996 2215 3068 τούτῳ
2278 3000 2510 3071 Χριστοῦ
2572 2994 2947 3066 πληρώματι·
3001 2991 3030 3046 δ
3087 2991 3311 3064 νόμισον
3368 2992 3504 3062 ἡμῖν
3556 3009 3690 3061 συμ-

2036 3080 2373 3158 πρεσϐεύειν,
2436 3085 2479 3138 εἰ
2537 3083 2626 3139 καί
2678 3087 2812 3156 ἡμῖν
2865 3086 3192 3159 παραχωρεῖ
3232 3086 3332 3150 τῆς
3383 3073 3691 3153 πρεσϐείας,

2039 3175 2112 3237 ὡς
2162 3172 2607 3249 αἰδεσιμωτέροις
2670 3177 2780 3247 (57)
2827 3171 2916 3228 διὰ
2961 3172 3052 3227 τὸν
3088 3173 3411 3243 τιμήσαντα,
3458 3168 3548 3222 καὶ
3578 3166 3694 3240 ’ἅμα

2034 3269 2115 3336 τῷ
2161 3270 2262 3332 τῆς
2313 3264 2493 3338 ἀρχῆς
2704 3262 2861 3335 νόμῳ
2891 3261 3251 3336 κατείργεται.
3285 3261 3379 3313 Ἕν
3409 3261 3571 3313 τοῦτο
3602 3276 3695 3310 κα-

2039 3352 2152 3414 λῶς
2209 3354 2517 3423 ἡττήθητι·
2596 3352 2817 3423 νίκησον
2881 3354 3030 3423 ἡμᾶς
3091 3346 3489 3427 φιλανθρωπίᾳ.
3551 3342 3691 3401 Ἰδοὺ

2036 3442 2298 3519 προσάγω
2358 3463 2441 3496 σοι
2493 3440 2621 3502 τοὺς
2683 3440 2847 3514 ἐμοὺς
2896 3440 3083 3501 ixi-cu:
3118 3437 3353 3494 ἐναντίον
3386 3440 3541 3507 Θεοῦ,
3601 3433 3692 3489 καὶ

2034 3531 2311 3608 ἀγγέλων,
2370 3532 2461 3585 καὶ
2520 3529 2799 3607 βασιλείας
2861 3530 3129 3606 οὐρανῶν,
3189 3526 3277 3582 καὶ
3335 3532 3433 3595 τῆς
3492 3524 3690 3579 ἐκεῖθεν

2035 3620 2469 3683 ἀνταποδόσεως.
2528 3620 2778 3694 Τίμησον
2852 3620 2952 3688 τὴν
3013 3618 3150 3692 ἐμήν
3206 3616 3385 3670 πίστιν
3441 3616 3576 3687 (59),
3624 3612 3689 3682 ἦν

2036 3711 2351 3781 ἐπιστεύθην
2412 3731 2471 3765 τε
2511 3710 2601 3765 καὶ
2652 3709 2966 3765 ἐπίστευσα·
3032 3708 3105 3770 ὡς
3162 3707 3221 3761 ἂν
3268 3706 3358 3759 xui

2033 3802 2294 3874 τιμηθείη
2345 3800 2467 3873 περὶ
2526 3800 2593 3854 τὰ
2651 3800 2820 3873 μείζω
2880 3798 2968 3853 καὶ
3011 3796 3337 3871 τελεώτερα.
3387 3790 3691 3870 Κεφάλαιον

2113 3930 2225 4001 (56)
2272 3926 2368 3981 Καὶ
2399 3930 2491 3999 τῇ,
2526 3932 2635 3983 etc.
2666 3928 2759 3983 Sic
2790 3927 2983 4001 codd:
3006 3949 3043 4001 _c
3107 3919 3531 4001 et‘domesticae
3586 3918 3695 3974 Ec-

2040 3996 2229 4056 clesiae
2262 4005 2396 4075 tuae.
2434 3996 2461 4049 ›“›
2512 4002 2627 4075 Hic
2649 3999 2913 4075 praefecti
2935 4020 2965 4047 ‹‹
3000 3996 3559 4075 familiam,_»_quaa,
3586 4007 3693 4075 nu_-

2041 4090 2201 4128 mero
2234 4077 2291 4127 et
2323 4074 2556 4144 pietate,
2590 4065 2855 4127 Ecclesia
2890 4071 3153 4144 formam
3176 4065 3694 4144 ex_hibebat,signi-

2040 4146 2215 4199 ﬁcare
2246 4140 2475 4199 videtur
2500 4144 2835 4215 Gregorius,
2879 4159 2995 4197 non
3046 4140 3530 4215 («Naziansenam
3592 4140 3694 4189 Eo-

2043 4216 2307 4280 clesiam,
2343 4238 2371 4265 ››
2405 4221 2469 4269 ut
2499 4210 2667 4286 putat
2697 4210 2867 4286 Elia's:
2902 4214 3205 4286 Siquidem
3239 4213 3296 4286 i_n
3328 4210 3421 4264 his
3450 4222 3697 4286 sequen-

2040 4289 2200 4361 tibus
2258 4277 2592 4361 verbis,‘xui
2670 4282 2935 4361 tipxuh‘p
2985 4277 3188 4361 Eoo-rip
3253 4282 3490 4361 Χριστοῦ
3536 4277 3698 4361 πλη-

2043 4358 2341 4437 ρώματιμ(
2404 4358 2627 4437 et_hu_ic
2678 4353 2920 4437 pulchr?
2979 4353 3494 4437 Ght‘isti'cmtu‘i33
3570 4353 3698 4437 ipsa

2041 4425 2387 4502 designatur
2444 4425 2813 4485 Nazianiena
2867 4429 3150 4485 Ecclesia.
3212 4426 3273 4481 In
3341 4425 3539 4490 editis,
3594 4425 3694 4487 τὴν

2038 4506 2131 4569 τῇ,
2167 4508 2276 4557 etc.

2073 4525 2344 4649 ῃ(ὃὲἵῖξῼς
2402 4567 2869 4649 αἶ’δεσιμωτὲροις,
2922 4576 3031 4649 etc.
3094 4571 3218 4625 Non
3260 4567 3426 4649 haene.
3467 4562 3693 4629 Billius,

2046 4669 2071 4697 u
2106 4639 2166 4701 ut
2191 4639 2469 4715 majorem
2506 4639 2659 4715 apud
2686 4639 2759 4709 te,
2787 4663 2819 4699 a
2841 4661 2956 4715 quo
2988 4642 3207 4697 honore
3236 4639 3429 4715 affecti
3462 4651 3691 4701 sumus,

2043 4711 2444 4773 auctoritatem
2482 4711 2792 4771 habituris.
2825 4711 3145 4771 {Ascribit
3201 4711 3495 4783 siquidem
3547 4723 3691 4780 prae-

1958 4797 2006 4861 D
2039 4791 2183 4846 fecto
2213 4790 2292 4851 id,
2326 4789 2479 4860 quod
2506 4787 2818 4861 Gregorius
2852 4784 3226 4861 Deq_tribuit.

2112 4848 2461 4934 (58)Τῷ’ῖῆς
2501 4848 2723 4934 ,ἀρίῆιλ
2762 4866 2893 4934 etc.
2955 4858 3199 4934 Vetabat
3252 4853 3344 4908 lex
3400 4848 3689 4934 praetoria,

2042 4930 2125 4988 ne
2148 4956 2175 4982 ‹‹
2208 4930 2461 5005 populus
2500 4930 2808 5005 legationis
2836 4946 3108 5005 gmunere
3161 4930 3522 5005 fungeretur.
3552 4937 3695 5005 quia

2038 5022 2152 5060 non
2170 4994 2613 5074 permittebatfn
2628 5003 3123 5074 inquitElias,«ut
3139 4994 3453 5072 quisquam
3468 4994 3692 5050 ordinis

2037 5077 2129 5132 sui
2164 5074 2309 5130 fines
2340 5074 2681 5129 transiliret.
2717 5097 2743 5123 ν

2112 5149 2221 5219 (59)
2278 5146 2521 5217 Τίμησον
2579 5146 2676 5213 τήν
2736 5144 2872 5216 ἐμὴν
2930 5143 3317 5219 πίστινηθιο.
3352 5139 3690 5219 έξθΗοιιοξα

2037 5206 2216 5273 ἢάοιιί
2244 5206 2433 5274 meam
2460 5237 2472 5286 ;
2504 5206 2842 5273 secundum
2862 5234 3064 5288 quam,
3100 5206 3128 5263 >4
3151 5215 3323 5288 juxta
3352 5208 3595 5277 Eliam,t
3622 5206 3683 5258 fi-

2036 5290 2184 5346 delis
2208 5308 2272 5345 ac
2302 5307 2474 5346 verax
2502 5306 2631 5346 esse
2661 5290 2796 5345 huic
2830 5287 3044 5360 pepulo
3076 5287 3334 5342 creditus
3367 5296 3523 5345 sum,
3557 5292 3685 5333 cum

2036 5364 2287 5418 dicerem
2322 5363 2563 5417 omnino
2592 5368 2649 5417 te
2670 5362 2838 5417 nobis
2870 5362 3433 5429 obtemperaturum,
3455 5364 3691 5429 quaque

2036 5435 2150 5488 fide
2182 5435 2402 5489 credidi
2436 5441 2493 5489 te
2546 5451 2652 5489 nos
2713 5422 3147 5498 exauditurum,
3182 5434 3247 5484 ut
3276 5432 3331 5483 et
3380 5422 3487 5480 tua
3540 5422 3690 5498 fides

2036 5506 2501 5577 honoretur,qua
2541 5506 2816 5561 fiduciam
2836 5495 3177 5574 concepisti,
3202 5501 3426 5569 majora
3454 5500 3510 5549 te
3540 5495 3696 5549 bona

2037 5584 2491 5632 consecuturum
2539 5581 2801 5633 credens.
2836 5596 2861 5623 ››

2110 5650 2222 5721 (60)
2251 5650 2313 5704 Ἡ
2344 5650 2434 5718 σή.
2469 5650 2564 5705 Sic
2625 5650 2765 5721 Reg.
2801 5648 2923 5713 bm,
2957 5643 3133 5702 Coisl.
3175 5644 3197 5700 1
3243 5648 3299 5699 et
3334 5642 3388 5711 2,
3422 5638 3516 5695 0r.
3545 5638 3601 5707 2,
3634 5636 3692 5690 et

2037 5719 2166 5775 Par.
2199 5719 2373 5778 Deest
2400 5722 2461 5778 in
2492 5721 2688 5778 editis.
