4090 6446
408 398 522 459 981
1320 394 1615 455 ORATIO
1661 393 1882 456 XVIII.
1917 428 1994 437 —
2025 392 2413 456 FUNEBRIS
2458 393 2539 454 IN
2582 392 2932 453 PATREM.
3720 384 3844 448 982

408 526 465 583 δὲ
494 530 605 598 (61)
633 532 729 582 τοῦ
762 525 959 601 λόγου,
992 546 1137 601 εχεις
1170 524 1255 579 καῖ
1290 523 1449 587 αὒτὸς
1480 524 1531 579 ἐν
1575 525 1788 600 οὐρανῷ
1839 524 2023 599 Κύριον

2222 544 2410 598 uoque
2439 527 2513 592 zin
2561 527 2882 598 majoribus
2918 530 2973 579 et
3008 525 3447 595 perfectioribus
3498 523 3836 579 honoretur.

406 618 659 674 τοιούτου
687 618 881 693 τύχοις
923 619 1047 693 περὶ
1080 617 1296 670 σεαυτὸν
1329 620 1425 668 τοῦ
1457 621 1666 691 κριτοῦ,
1699 615 1919 691 οἷόσπερ
1954 618 2021 688 (6:

2220 625 2388 689 tque,
2425 622 2488 671 ut
2546 634 2660 671 uno
2713 618 2885 670 verbo
2946 634 3065 669 rem
3117 614 3489 684 complectar,
3524 613 3835 667 Dominum

411 708 470 763 ἂν
503 707 659 769 αὐτὸς
689 707 815 783 γένῃ
845 708 963 767 τοῖς
1010 704 1363 781 ἀρχομένοις.
1415 703 1688 779 Τύχοιμεν
1742 702 1798 758 δὲ
1850 704 2026 759 πάντες

2225 724 2304 761 )se
2338 724 2571 777 quoque
2604 706 2661 759 in
2686 705 2828 760 coelo
2862 705 3061 760 habes.
3088 705 3253 759 Hunc
3277 703 3381 758 tibi
3408 703 3586 757 talem
3617 719 3755 773 erga
3787 708 3840 756 te

406 800 497 853 καὶ
546 803 655 853 τῶν
710 798 949 861 ἐντεῦθεν
1001 800 1277 871 χρηστῶν,
1330 795 1417 849 καὶ
1472 800 1577 848 τῶν
1626 796 1820 849 ἐκεῖθεν
1856 796 2021 848 alveum

2221 795 2433 849 idicem
2468 793 2717 865 experiri
2748 794 3072 865 contingat,
3095 794 3328 865 qualem
3357 798 3413 847 te
3442 792 3536 847 his
3567 792 3720 847 328
3741 790 3836 861 qui

410 887 603 963 τέρων,
640 887 690 941 ἐν
726 888 943 962 Χριστῷ
976 887 1158 954 Ἰησοῦ
1196 883 1275 955 τῷ
1327 884 1509 957 Κυρίῳ
1555 887 1739 955 ἡμῶν,
1786 885 1830 954 ᾧ
1871 886 1905 952 ἡ
1940 878 2025 953 ὃόξ

2222 884 2422 955 nperio
2478 889 2578 937 tuo
2630 884 2905 949 subsunt,
2952 881 3316 954 praestiteris.
3352 881 3587 935 Utinam
3642 885 3835 935 autem

406 979 517 1052 (63)
571 976 660 1030 καὶ
720 975 781 1029 τὸ
840 977 1059 1046 κράτος,
1120 971 1163 1044 ᾢ
1212 974 1348 1045 τιμὴ
1402 972 1488 1026 καί
1549 972 1816 1047 βασιλεία,
1868 972 1957 1025 σὺν
1990 994 2017 1026 τ

2226 975 2368 1040 obis,
2396 979 2451 1027 et
2496 973 2556 1027 in
2589 972 2697 1027 hac
2729 973 2849 1026 vita
2880 971 3046 1026 mitia
3076 976 3129 1025 et
3164 972 3418 1041 benigna
3468 974 3679 1024 cuncta
3709 985 3841 1022 con-

411 1066 579 1140 Πατρῖ
610 1065 698 1119 καὶ
732 1068 809 1134 τῷ
846 1063 985 1137 ἁγίῳ
1023 1063 1312 1134 Πνεύματι,
1367 1062 1547 1137 ὣσπερ
1598 1064 1684 1129 ἣν,
1728 1064 1817 1115 καὶ
1868 1068 2026 1136 προῆε

2229 1067 2429 1133 ngant,
2457 1066 2512 1115 et
2542 1061 2602 1115 in
2635 1060 2815 1115 altero
2850 1059 3063 1115 saeculo
3094 1058 3334 1125 leviora,
3358 1059 3417 1111 in
3439 1058 3667 1113 Christo
3698 1057 3834 1111 Jesu

407 1154 496 1208 καὶ
531 1150 699 1224 ἔσται,
733 1152 822 1206 καὶ
856 1156 946 1205 νῦν
980 1154 1114 1224 (64),
1149 1150 1237 1205 καὶ
1271 1151 1345 1212 εἷς
1372 1152 1499 1212 τοὺς
1530 1150 1727 1211 αἰῶνας
1770 1154 1878 1204 τῶν
1930 1150 2022 1203 aid

2228 1151 2423 1205 omino
2451 1154 2672 1216 nostro,
2697 1149 2789 1203 cui
2813 1148 2999 1220 gloria
3028 1152 3085 1203 et
3117 1147 3451 1219 imperium,
3472 1151 3528 1202 et
3550 1146 3757 1211 honor,
3782 1150 3836 1200 et

410 1263 539 1297 νων.
579 1243 775 1314 Ἀμήν.
2178 1256 2447 1311 regnum,
2476 1256 2612 1294 cum
2645 1243 2814 1293 Patre
2844 1243 2901 1293 et
2932 1241 3131 1293 sancto
3162 1236 3405 1307 Spiritu,
3430 1235 3583 1291 sicut
3611 1241 3754 1302 erat,
3780 1244 3834 1289 et

2177 1328 2303 1395 erit,
2338 1333 2395 1383 et
2427 1345 2581 1383 nunc
2612 1333 2721 1395 est,
2756 1328 2815 1381 in
2847 1326 3061 1382 saecula
3091 1325 3459 1381 seculorum.
3492 1325 3701 1379 Amen.

482 1455 596 1527 (61)
629 1454 721 1529 At.
749 1459 919 1510 Deest
942 1455 1009 1529 in
1042 1454 1138 1529 0r.
1170 1456 1223 1509 2.
1270 1526 1281 1529 _
1434 1525 1459 1529 Ᾱ
1510 1526 1518 1529 _
1559 1524 1571 1529 α
1636 1527 1651 1529 _
1728 1527 1741 1529 Α
1912 1526 1937 1529 L

2226 1452 2359 1529 ,(63)
2558 1448 2729 1529 ⁸δόξα,
2756 1455 2886 1529 ,8ῐο-
2938 1455 3077 1522 Reg.
3111 1468 3163 1520 a,
3196 1453 3253 1505 et
3283 1450 3380 1503 Or.
3412 1449 3466 1514 2,
3518 1446 3563 1516 ᾧ
3609 1444 3826 1521 κράτος,

486 1520 594 1597 (6'2)
629 1524 884 1595 Οἴόσπερ.
914 1526 1031 1598 “Sic
1084 1527 1220 1598 Reg.
1270 1526 1391 1592 bm,
1424 1524 1597 1581 Coisl.
1629 1527 1683 1596 2,
1716 1527 1858 1591 Jes.,
1910 1526 2064 1596 Par.,

1270 1526 1391 1592 bm,
1424 1524 1597 1581 Coisl.
1629 1527 1683 1596 2,
1716 1527 1858 1591 Jes.,
1910 1526 2064 1596 Palu,
2177 1520 2323 1593 δόξα,
2343 1520 2514 1598 ’τιεξιὴν
2554 1520 2843 1598 βασιλεία.-

408 1589 516 1654 Θῐό.
548 1589 610 1653 Ii]
643 1600 758 1667 ed.,
794 1589 873 1658 οἷς
907 1595 965 1657 ες
999 1616 1119 1671 περ.
1167 1589 1199 1598 ν
1379 1589 1384 1592 ﬁ
1669 1589 1680 1596 ⁷
1851 1589 1855 1591 ’

2248 1589 2357 1669 (64)
2390 1589 2493 1651 Καὶ
2524 1589 2636 1651 vim.
2670 1597 2789 1652 Jes.
2822 1594 3006 1663 addit,
3038 1590 3127 1646 καὶ
3168 1589 3272 1661 ἀεί,
3304 1596 3361 1646 et
3392 1614 3418 1641 ‹‹
3451 1607 3700 1662 semper.
3732 1612 3758 1639 ››

1097 1850 1246 1906 ³⁰⁷
1313 1860 1869 1947 ΜΟΝΙΤΠΜ
1927 1861 2037 1946 ΙΝ
2098 1860 2712 1947 ()RATIONEi

1553 1860 1869 1947 ll'FUM
1927 1861 2037 1946 IN
2098 1860 2791 1949 ()RATIONEM
2847 1858 3168 1944 XVIII.

498 2147 546 2206 Ι.
615 2148 746 2205 Hac
803 2145 1112 2217 oratione,
1164 2168 1195 2199 »
1272 2144 1479 2223 inquit
1542 2144 1781 2219 Billius,
1863 2168 1891 2199 «
1944 2144 2217 2224 primum
2274 2145 2573 2206 Basilium
2632 2145 2931 2223 Magnum
2992 2142 3357 2223 alloquitur,
3416 2142 3832 2224 eiqueivelut

412 2231 858 2303 argumentum
919 2225 1239 2303 quoddam
1299 2226 1603 2286 orationis
1660 2223 2118 2286 subministrat.
2191 2227 2426 2287 Deinde
2497 2232 2771 2305 paternae
2844 2226 2987 2285 vitae
3067 2224 3392 2284 historiam
3452 2223 3823 2305 exordiens,

406 2306 682 2365 ostendit
738 2306 1275 2383 quemadmodum
1308 2352 1322 2379 ,
1400 2310 1767 2385 portentosa
1822 2306 2095 2385 quadam
2153 2314 2341 2386 atque
2416 2304 2612 2385 impia
2668 2306 3110 2385 superstitione
3167 2305 3452 2386 abjecta,
3519 2304 3819 2386 Christia-

408 2404 554 2445 nam
614 2386 799 2445 fidem
859 2387 1189 2465 amplexus
1244 2386 1356 2461 sit,
1413 2386 1603 2464 idque
1661 2384 1855 2446 miris
1893 2388 2093 2447 modis
2150 2384 2449 2459 exornat,
2507 2384 2580 2447 ac
2635 2384 2822 2447 simul
2878 2391 3133 2461 captata
3187 2385 3517 2445 occasione
3571 2384 3818 2445 laudem

409 2466 625 2526 matris
682 2467 982 2525 annectit.
1060 2468 1218 2526 Tum
1297 2467 1376 2527 ad
1447 2467 1750 2527 orationis
1824 2468 2179 2527 institutum
2239 2468 2528 2540 rediens,
2608 2466 2913 2527 miracula
2969 2465 3259 2544 quaedam
3346 2471 3602 2539 narrat,
3681 2483 3822 2543 quae

405 2546 466 2604 in
528 2545 700 2627 illius
756 2546 1135 2625 baptismate
1192 2547 1610 2625 contigerant.
1666 2549 1821 2607 Hinc
1879 2549 1954 2607 ad
2019 2549 2445 2627 episcopatum
2505 2547 2642 2626 ejus
2698 2547 2940 2617 transit,
2992 2547 3097 2627 ubi
3153 2546 3358 2627 varias
3414 2547 3549 2623 ejus
3592 2546 3823 2627 laudes

405 2626 843 2704 prosequitur,
926 2646 999 2687 ac
1071 2628 1367 2706 pietatem
1446 2628 1698 2706 quidem
1765 2628 1933 2687 illius
1992 2625 2073 2688 et,
2108 2625 2253 2689 ﬁdei
2310 2625 2727 2689 constantiam
2806 2646 2917 2706 per
2971 2626 3373 2685 collationem
3433 2625 3820 2704 ampliﬁcat,

405 2725 676 2784 eumque
732 2706 935 2767 obiter
1007 2714 1275 2785 purgat,
1354 2708 1521 2785 quod
1581 2708 1951 2785 imprudens
2010 2710 2168 2769 falso
2228 2710 2476 2769 cuidam
2535 2717 2597 2767 et
2654 2708 2959 2785 sacrilego
3019 2706 3461 2767 haereticorum
3538 2706 3822 2783 dogmati

405 2787 895 2866 subscripsisset.
958 2788 1099 2846 Mox
1156 2787 1436 2865 ejusdem
1517 2788 1953 2848 liberalitatem
2033 2790 2613 2866 benignitatemque
2687 2790 2751 2847 in
2832 2787 3321 2865 complectendis
3397 2786 3818 2865 pauperibus,

407 2866 751 2945 gloriaeque
809 2867 1597 2948 humanaeicontemptum
1658 2869 1937 2942 laudat;
2017 2877 2120 2941 et,
2192 2870 2568 2947 quibusdam
2650 2869 2982 2929 virtutibus
3060 2886 3170 2945 per
3244 2867 3817 2948 congeriemﬂenu-

414 2948 705 3028 meratis,
785 2947 1316 3028 ad_humililatis
1395 2949 1645 3009 laudem
1704 2949 1904 3018 redit,
1990 2968 2256 3028 eamque
2313 2951 2634 3025 eleganter
2708 2954 3072 3027 pertractat.
3134 2948 3247 3008 Cui
3300 2947 3669 3025 ignoscendi
3724 2948 3817 3028 fa-

412 3026 713 3107 cilitatem
770 3025 1130 3104 subjungit,
1189 3034 1381 3105 atque
1436 3028 1808 3107 injuriarum
1868 3025 2285 3101 oblivionem,
2345 3025 2765 3107 eximiamque
2821 3028 3280 3087 humanitatem
3334 3046 3477 3087 cum
3538 3027 3820 3107 miraﬂin

413 3105 597 3189 rebus
652 3108 943 3189 gerendis
996 3108 1372 3189 dexteritate
1428 3105 1854 3188 conjunctam.
1915 3112 2011 3171 Ita
2066 3112 2317 3171 demum
2397 3105 2695 3189 exponit,
2772 3108 3309 3186 quemadmodum
3367 3126 3508 3189 eum
3583 3106 3822 3185 duplici

410 3186 712 3247 miraculo
768 3189 933 3271 Deus
987 3186 1576 3271 celebravit,rdumi,
1629 3197 1688 3250 et
1740 3210 1869 3265 eos,
1920 3209 1957 3250 a
2005 3192 2232 3271 quibus
2279 3186 2491 3252 fuerat
2529 3191 2825 3260 offensus,
2882 3190 3034 3249 ultio
3086 3189 3308 3271 divina
3345 3188 3569 3271 statim
3607 3193 3823 3271 secuta

404 3274 495 3327 est
521 3312 545 3351 ,ξ
592 3273 655 3351 et
710 3268 1000 3351 eumdem
1059 3270 1967 3351 aimedicisicomploratum,
2024 3267 2275 3351 praeter
2329 3274 2609 3332 omnium
2672 3290 2889 3348 spem,
2946 3271 3077 3348 ipse
3137 3269 3416 3351 pristinae
3474 3267 3817 3351 valetudini

402 3348 714 3422 restituit;
768 3356 830 3432 et
867 3350 1017 3432 quia
1066 3349 1164 3409 his
1204 3351 1388 3411 rebus
1436 3348 1764 3411 hominum
1814 3348 2232 3414 sanctimonia
2278 3354 2607 3432 perspicue
2654 3352 3032 3421 declaratur,
3066 3348 3818 3432 additgqucmadmodum

405 3433 605 3488 mater
660 3430 1030 3511 gravissimo
1088 3436 1149 3491 et
1205 3432 1595 3492 atrocissimo
1659 3433 1878 3492 morbo
1939 3434 2254 3503 laborans,
2280 3430 2561 3511 irepente
2609 3433 2939 3492 sanitatem
2993 3430 3359 3511 receperit;
3398 3447 3471 3488 ac
3520 3435 3826 3507 preeterea

402 3526 678 3591 quonam
740 3509 927 3591 modo
984 3511 1116 3591 ipse
1175 3512 1526 3588 periculosa
1590 3518 1957 3590 tempestate
2008 3514 2306 3589 jactatus,
2368 3509 2698 3591 parentum
2756 3512 3068 3588 precibus,
3132 3510 3544 3570 certissimum
3586 3511 3825 3591 mortis

402 3587 1125 3671 periculum_eﬂ‘ugerit.
1178 3587 1345 3649 ’Hinc
1416 3592 1496 3650 ad
1559 3587 1939 3651 fortitudinis
1996 3587 2495 3671 constantiaque
2569 3587 2818 3651 laudem
2879 3610 2943 3649 se
3002 3593 3263 3671 confert.
3328 3589 3825 3671 Quaipluribus

401 3666 707 3745 exemplis
763 3667 1216 3750 demonstrata,
1288 3671 1483 3747 patris
1539 3672 1823 3731 encomio
1886 3672 2069 3731 finem
2129 3666 2419 3750 imponit,
2483 3678 2671 3749 atque
2730 3673 2807 3730 ad
2866 3674 3131 3729 matrem
3184 3670 3318 3747 jam
3378 3670 3551 3728 senio
3608 3669 3821 3728 confe-

401 3755 567 3806 ctam
627 3746 977 3807 orationem
1037 3746 1426 3822 convertens,
1489 3768 1627 3809 eam
1686 3752 2149 3827 elegantissime
2207 3746 2267 3812 et
2325 3746 2681 3813 doctissime
2740 3750 3121 3809 consolatur.
3176 3746 3206 3803 ἡ

483 3829 559 3888 Il.
621 3827 910 3888 Nazianzi
968 3828 1174 3889 medio
1233 3830 1478 3889 circiter
1535 3848 1701 3890 anno
1761 3833 1876 3892 374
1938 3832 2153 3891 habita
2230 3838 2322 3891 est
2398 3832 2533 3891 hac
2612 3832 2835 3890 oratio.
2903 3830 3113 3890 Mense
3182 3828 3348 3887 enim
3428 3829 3651 3889 Martio
3724 3828 3821 3887 vel

402 3908 602 3991 Aprili
657 3907 937 3991 hujusce
980 3908 1171 3983 anni,
1232 3910 1419 3988 juxta
1476 3910 1793 3991 eruditos,
1856 3912 2101 3972 obierat
2159 3913 2492 3991 Gregorius
2551 3912 2778 3991 senior.
2842 3911 2910 3969 Id
2947 3909 3158 3991 getiam
3218 3908 3538 3991 nonnullis
3596 3927 3819 3967 monu-

406 3989 632 4049 mentis
662 3988 943 4069 Aprobari
1000 3994 1224 4069 potest.
1285 3996 1373 4050 Ac
1431 3990 1635 4069 primo
1693 3992 1946 4069 quidem
2008 3998 2253 4053 constat
2290 3988 2627 4051 'mortuum
2681 3990 2813 4068 jam
2876 3989 3061 4050 fuisse
3119 3988 3486 4066 Gregorium
3548 3994 3818 4065 patrem,

400 4086 539 4127 cum
601 4067 721 4152 ad:
758 4067 1146 4152 Iconiensem
1204 4067 1829 4149 sedem—assumptus
1894 4080 1987 4132 est
2060 4072 2558 4152 Amphilochius.
2639 4067 2883 4131 Etenim
2957 4089 3083 4148 quo
3124 4076 3444 4152 tempore
3518 4069 3604 4152 is_
3649 4069 3819 4129 ordi-

401 4154 583 4231 natus
639 4148 755 4207 fuit
832 4151 1026 4211 Iconii
1103 4152 1472 4231 episcopus,
1555 4148 1890 4229 Gregorius
1948 4148 2298 4213 noster'in
2373 4154 2545 4212 luctu
2602 4152 2679 4210 de
2757 4152 3033 4229 parentis
3112 4150 3329 4209 funere
3406 4149 3816 4231 versabatur,

398 4234 466 4289 ut
521 4230 801 4311 ipsemet
839 4231 1057 4291 scribit
1114 4234 1193 4293 ad
1247 4232 1761 4311 Amphilochium
1824 4240 2063 4311 patrem
2122 4252 2133 4293 :
2201 4258 2230 4288 «
2281 4235 2371 4293 An
2428 4240 2485 4294 to
2545 4232 2821 4310 quidem.
2884 4258 2907 4285 n
2980 4231 3186 4309 inquit
3244 4232 3391 4310 (65),
3456 4254 3485 4282 ‹‹
3539 4230 3600 4288 in
3661 4247 3816 4289 moe-

398 4329 606 4393 rorem
649 4310 925 4393 ‘conjicit
979 4312 1167 4389 ﬁlius,
1230 4310 1398 4392 quod
1459 4313 1540 4373 ob
1597 4310 1891 4375 virtutem
1952 4315 2315 4393 arripiatur,
2377 4320 2438 4374 et
2496 4313 2735 4373 honore
2793 4313 3203 4373 afﬁciatur....
3270 4316 3641 4393 meantem
3693 4328 3818 4369 non

395 4389 735 4450 discruciat
787 4389 1007 4469 pater,
1068 4394 1176 4472 qui
1234 4389 1617 4472 postremam
1684 4413 1719 4455 a
1777 4396 1957 4455 nobis
2014 4389 2586 4473 peregrinationem
2644 4394 2820 4464 iniit,
2882 4413 2957 4452 ex
3016 4411 3140 4471 qua
3198 4410 3322 4473 non
3377 4390 3650 4473 jam__ad
3687 4410 3821 4473 gnos

397 4474 785 4552 revertetur,
846 4490 961 4530 nec
1018 4490 1056 4530 a
1092 4470 1293 4533 nobis
1346 4475 1822 4552 conspicietur?
1870 4500 1899 4531 »
1979 4470 2291 4536 Praeterea
2348 4477 2724 4543 Faustinus,
2786 4475 2883 4534 cui
2943 4470 3239 4533 successit
3297 4470 3819 4549 Amphilochius,

394 4549 535 4632 vita
596 4549 876 4632 functus,
925 4556 1059 4632 erat
1136 4570 1302 4611 anno
1378 4549 1519 4613 373.
1599 4555 1864 4614 Basilius
1954 4575 2229 4632 namque
2304 4556 2385 4613 ad
2461 4556 2798 4614 Eusebium
2859 4555 3365 4614 Samosatensem
3450 4552 3819 4632 episcopum

396 4628 720 4711 scribens,
799 4626 887 4687 ait
945 4628 1133 4711 (6‘6);
1210 4654 1237 4685 ‹‹
1292 4632 1572 4691 Iconium
1633 4634 1849 4693 civitas
1907 4640 1999 4693 est
2074 4626 2395 4693 Pisidiae...
2478 4637 2614 4711 lpsa
2672 4653 2784 4691 nos
2839 4634 3104 4705 invitat,
3184 4638 3254 4690 ut
3310 4650 3373 4711 se
3429 4626 3817 4700 invisamus,

400 4714 467 4768 ut
525 4707 892 4787 episcopum
950 4707 1006 4767 ei
1062 4708 1301 4789 demus.
1368 4713 1650 4772 Mortuus
1709 4719 1799 4771 est
1857 4713 2020 4771 enim
2098 4715 2452 4773 Faustinus.
2506 4707 2539 4767 3)
2621 4716 2797 4772 Hanc
2856 4720 3067 4772 autem
3129 4710 3460 4789 epistolam
3518 4712 3818 4787 scriptam

395 4807 562 4871 anno
622 4790 751 4871 3Ἳ3Δ
797 4788 1199 4871 consentiunt
1271 4791 1521 4852 eruditi.
1592 4795 1815 4854 Utrum
1889 4811 2034 4851 vero
2118 4792 2596 4871 Amphilochius
2672 4792 2957 4871 proxime
3034 4788 3333 4851 Faustino
3408 4790 3816 4871 successerit,

396 4888 477 4929 an
537 4868 1225 4951 haereticusquidam,
1285 4872 1393 4949 qui
1452 4876 1612 4933 328
1672 4872 1845 4931 brevi
1901 4868 2397 4933 defunctus—aut
2454 4868 2691 4951 pulsus
2728 4878 2855 4943 est,
2930 4871 3172 4931 medius
3229 4868 3599 4951 Faustinum
3655 4870 3820 4930 inter

398 4957 459 5011 et
512 4949 1025 5028 Amphilochium
1085 4951 1344 5025 sederit,
1410 4960 1477 5011 ut
1533 4952 1921 5013 arbitrantur
1979 4953 2297 5023 nonnulli,
2357 4949 2478 5012 non
2541 4953 2687 5013 satis
2742 4954 2959 5030 liquet.
3021 4951 3335 5028 Quidquid
3396 4949 3512 5021 sit,
3575 4956 3816 5010 certum

396 5030 1063 5112 est__Amphilochium
1138 5032 1477 5093 Iconiensis
1554 5033 1839 5093 Ecclesiae
1896 5034 2507 5094 administrationem
2567 5034 2911 5112 suscepisse
2970 5034 3332 5112 annog3’74.
3394 5030 3571 5112 Hunc
3633 5031 3818 5112 enim

392 5109 754 5192 ordinatum
841 5112 1209 5191 episcopum
1287 5113 1449 5173 datis
1525 5114 1751 5174 litteris
1827 5114 2048 5174 eodem
2126 5133 2294 5175 anno
2381 5114 2647 5174 Basilius
2726 5109 3088 5174 consolatur
3164 5110 3261 5171 his
3324 5109 3545 5192 verbis
3622 5110 3816 5192 (67),:

398 5217 427 5248 «
478 5190 1132 5274 Benedictus’Deus,
1213 5194 1322 5273 qui
1374 5192 1507 5274 sibi
1564 5196 1885 5273 placentes
1943 5195 2005 5254 in
2065 5195 2329 5274 singulis
2388 5196 2679 5255 aetatibus
2746 5194 2972 5270 elegit,
3049 5190 3498 5274 electionisque
3554 5190 3822 5253 secernit

391 5290 583 5345 vasa,
661 5269 877 5352 etghis
951 5274 1149 5333 utitur
1206 5269 1285 5334 ad
1364 5269 1777 5335 ministerium
1855 5269 2216 5337 sanctorum
2279 5294 2291 5334 :
2384 5277 2491 5352 qui
2552 5294 2715 5335 nunc
2790 5276 2977 5335 etiam
3039 5280 3098 5333 te
3156 5291 3298 5333 cum
3376 5273 3664 5349 fugeres,
3750 5278 3822 5334 ut

394 5357 594 5435 tumet
650 5350 903 5435 dixisti,
983 5372 1110 5413 non
1164 5373 1335 5435 nos,
1399 5354 1508 5414 sed
1565 5356 1956 5417 vocationem
2018 5376 2206 5435 quam
2290 5350 2418 5433 peri
2478 5376 2589 5415 nos
2667 5357 2943 5415 futuram
3004 5353 3468 5435 suspicabaﬁris,
3552 5353 3820 5413 inevita-

390 5430 624 5491 bilibus
680 5432 899 5507 gratim
958 5434 1195 5495 retibus
1253 5434 1543 5512 illigavit,
1595 5456 1668 5496 ac
1725 5437 1785 5495 in
1846 5430 2111 5495 media-nn
2175 5430 2469 5495 Pici—diam
2536 5437 2811 5502 deduxit,
2869 5442 2937 5495 ut
2994 5430 3280 5493 homines
3326 5434 3456 5492 Deo
3516 5435 3748 5511 capias,
3790 5460 3817 5488 3.

390 5517 514 5569 etc.
593 5511 746 5572 Cum
823 5531 974 5588 ergo
1052 5521 1113 5573 et
1189 5511 1605 5577 ordinationis
1679 5518 2104 5595 Amphilochii
2189 5525 2250 5575 et
2326 5517 2609 5593 Gregorii
2683 5516 2944 5575 senioris
3016 5516 3227 5577 obitus
3311 5521 3599 5592 tempora
3673 5534 3824 5573 con-

470 5638 590 5786 ξὸὃζ
618 5638 806 5722 Epist.
838 5640 930 5696 63.
2240 5648 2353 5717 (67)
2384 5646 2727 5719 Epistulﬁl.

494 5711 566 5767 66
615 5712 804 5783 Epist.
837 5711 961 5769 138.

494 5711 590 5783 se)
615 5711 804 5783 Epist.
837 5711 961 5769 138.
