4090 6422
273 360 390 423 983
1530 358 1595 419 S.
1642 356 2017 419 GREGORII
2060 355 2457 418 THEOLOGI
3584 360 3709 421 984

271 493 550 567 veniant,
610 498 801 573 atque
856 493 1024 554 illius
1080 490 1465 553 ordinationi
1520 489 1614 549 sin
1668 490 1905 573 minus,
1967 489 2147 550 istius
2202 494 2370 573 certe
2426 489 2632 550 funeri
2690 490 2942 573 affuerit
2998 490 3285 573 Basilius,
3350 509 3477 551 non
3539 492 3712 552 male

276 575 648 649 conjicitur,
698 570 1013 651 _Gregorii
1090 573 1283 651 patris
1352 572 1593 632 obitum
1658 572 1969 649 funusque
2047 576 2189 650 post
2246 570 2517 630 hiemem
2579 570 2729 630 anni
2786 572 2901 630 371
2963 572 3260 632 collocari
3316 590 3519 651 posse.
3582 575 3709 634 Nec

278 674 531 716 movere
588 654 775 715 debet
832 655 1001 732 quod
1057 654 1121 713 in
1181 654 1435 715 Menaeis
1492 652 1580 731 (p.
1642 652 1743 732 19)
1801 652 2052 728 legitur,
2113 669 2360 729 nempe,
2422 651 2723 712 Kalendis
2777 652 3063 713 Januarii
3130 674 3158 711 (ι
3205 652 3398 713 recoli
3456 671 3706 715 memo-

279 736 438 796 riam
490 735 775 812 Gregorii
834 731 1029 813 putris
1086 734 1204 792 hac
1263 733 1363 792 die
1419 733 1481 792 in
1545 731 2213 810 pace'quiescentis.»
2270 732 2595 792 lnﬁrmum
2650 752 2905 812 prorsus
2960 733 3023 792 id
3071 732 3430 810 argumenti
3480 752 3700 813 genus.

281 817 452 896 quod
511 835 588 876 ex
636 815 773 893 jam
832 816 1012 896 dictis
1068 814 1218 875 satis
1276 814 1658 874 confutatur.

361 898 469 957 III.
534 892 831 974 Superest
887 895 1095 955 adhuc
1154 903 1223 954 ut
1280 912 1473 953 unum
1532 901 1609 974 et
1649 893 1919 953 alterum
1977 892 2153 952 istius
2210 892 2511 974 orationis
2576 892 3333 974 locumndifﬁciliorem,
3388 912 3577 972 quam
3637 900 3707 955 ut

278 977 448 1038 intra
504 972 798 1037 notarum
856 975 1177 1052 angustias
1232 974 1389 1034 solvi
1449 973 1668 1052 possit,
1728 975 2150 1034 enucleemus.
2212 981 2301 1033 Ac
2370 973 2642 1050 primum
2702 972 2953 1051 quidem
3015 974 3091 1033 de
3150 973 3576 1054 Hypsistariis,
3636 976 3699 1035 in

283 1076 552 1137 quorum
611 1076 821 1118 errore
878 1057 1245 1116 versabatur
1303 1055 1638 1131 Gregorius
1690 1056 1919 1126 senior,
1975 1054 2339 1137 priusquam
2397 1054 2645 1137 Christo
2704 1073 2932 1137 nomen
2988 1055 3190 1137 daret,
3253 1055 3494 1137 aliquid
3540 1056 3704 1137 dica-

281 1133 444 1198 mus.
509 1139 672 1197 Rara
728 1137 897 1217 apud
958 1142 1193 1196 veteres
1252 1137 1784 1214 Hypsistariorum
1848 1133 2341 1217 mentioLNihil,
2386 1133 2573 1217 juxta
2621 1135 2975 1217 Suicernm,
3026 1135 3195 1217 apud
3249 1135 3693 1213 Epiphanium,

277 1214 789 1295 Augustinum,“
823 1217 1335 1287 Theodoretum,
1422 1221 1875 1276 Damascenum
1935 1221 1996 1274 et
2053 1215 2252 1287 alios,
2328 1215 2436 1292 qui
2492 1214 2643 1273 olim
2702 1216 2779 1274 de
2855 1214 3200 1275 haeresibus
3274 1216 3686 1295 scripserunt,

277 1294 530 1376 legitur.
592 1300 833 1358 Horum
892 1298 1146 1375 quidem
1208 1296 1569 1369 meminere,
1630 1303 1859 1373 prater
1916 1296 2287 1373 Gregorium
2347 1300 2628 1354 nostrum
2686 1302 2747 1355 et
2795 1298 3178 1376 VNyssenum,
3239 1294 3582 1374 Hesychius
3636 1303 3703 1357 et‘

282 1375 529 1441 Sdidas.
565 1379 797 1439 Verum
846 1378 949 1437 isti
996 1377 1155 1437 nihil
1204 1376 1476 1437 afferunt
1527 1384 1756 1455 praeter
1802 1376 2074 1436 nominis
2115 1376 2447 1447 rationem,
2490 1392 2564 1435 ac
2613 1375 3035 1454 Hypsistarios
3084 1376 3171 1437 sic
3210 1375 3413 1437 dictos
3459 1376 3697 1451 volunt,

281 1459 452 1538 quod
531 1482 560 1514 ‹‹
607 1463 963 1531 Summum,
1024 1482 1051 1514 »
1120 1476 1229 1518 seu
1300 1480 1329 1513 «
1377 1456 1757 1536 Supremum
1813 1458 2093 1517 colerent
2149 1460 2210 1538 et
2264 1456 2653 1516 invocarent.
2705 1478 2736 1512 ››
2812 1458 3129 1538 Nyssenus
3183 1474 3331 1517 vero
3386 1456 3450 1516 id
3498 1475 3703 1538 unum

280 1536 474 1599 habet
528 1538 693 1619 (68),
770 1538 941 1617 quod
996 1538 1117 1617 ipsi
1178 1537 1433 1616 quidem
1515 1561 1546 1593 «
1595 1540 1793 1599 Deum
1850 1555 1983 1597 esse
2039 1537 2529 1619 conﬁterentur,
2570 1554 2777 1619 quem
2834 1537 3269 1619 Altissimum,
3331 1537 3428 1619 vel
3482 1536 3703 1619 Omni-

281 1616 1039 1700 potentem'vocabant,’
1089 1619 1339 1700 Patrem
1396 1624 1607 1700 autem
1664 1619 1871 1696 ipsum
1909 1635 2061 1700 esse
2118 1635 2245 1700 non
2301 1616 2737 1700 admittebant.
2794 1639 2824 1700 ξ)
2922 1618 2985 1700 Si
3042 1625 3251 1678 tamen
3309 1617 3700 1700 Theologum

282 1697 641 1771 audiamus,
698 1718 776 1760 ex
833 1698 1078 1758 duabus
1131 1698 1315 1759 rebus
1374 1699 1647 1759 maxime
1703 1698 2003 1777 oppositis
2060 1697 2367 1757 conﬂatus
2427 1704 2562 1757 erat
2620 1698 3153 1775 Hypsistariorum
3212 1716 3408 1771 error,
3467 1699 3699 1777 partim

283 1780 523 1840 scilicet
581 1798 658 1839 ex
714 1779 935 1858 gentili
989 1797 1221 1851 errore,
1274 1780 1504 1857 partim
1555 1798 1632 1838 ex
1688 1779 1877 1857 legali
1932 1778 2231 1838 vanitate.
2282 1777 2657 1855 Hypsistarii
2713 1777 3021 1854 siquidem
3072 1777 3241 1837 idola
3288 1788 3351 1838 et
3396 1779 3702 1839 sacriﬁcia

281 1861 660 1938 rejicientes,
730 1882 758 1918 «
802 1860 1010 1937 ignem
1054 1883 1084 1915 »
1151 1866 1359 1919 tamen
1414 1864 1477 1919 et
1538 1859 1951 1919 «lucernas»
2014 1876 2156 1918 cum
2216 1858 2553 1936 gentilibus
2609 1858 2903 1918 colebant
2954 1880 2966 1921 :
3032 1880 3059 1913 (ι
3094 1858 3634 1919 circumcisionem
3669 1884 3698 1915 »

283 1960 432 2002 vero
490 1948 922 2018 aspernantes,
986 1963 1016 1995 «
1049 1939 1395 2002 Sabbatum
1456 1944 1518 1999 et
1564 1939 1853 2017 jejunam
1910 1938 2251 2017 quamdam
2310 1956 2347 1998 a
2404 1939 2722 1998 nonnullis
2775 1938 2928 1998 cibis
2985 1938 3429 2000 abstinentiam
3466 1962 3493 1995 »
3555 1958 3698 2000 cum

279 2021 516 2083 Judwis
573 2021 1015 2081 observabant.
1080 2021 1257 2082 Unde
1332 2019 1397 2078 hi
1455 2018 1686 2097 abjecti
1743 2028 1805 2081 et
1859 2018 2239 2097 aspernandi
2320 2018 2608 2079 homines
2688 2019 3221 2097 llypsistariorum
3295 2038 3528 2081 nomen
3584 2020 3707 2080 sibi

279 2101 665 2173 tribuebant,
724 2102 894 2180 quod
948 2100 1152 2161 solum
1218 2121 1247 2157 α
1290 2100 1690 2178 Supremum,
1729 2123 1756 2159 υ
1822 2117 1955 2171 seu,
2021 2098 2489 2180 «AAltissirnum
2538 2123 2569 2155 ››
2627 2106 3040 2177 agnoscerent
3097 2118 3168 2160 ac
3224 2105 3698 2161 venerarentur.

276 2180 709 2260 Epiphanius,
744 2178 930 2242 'licet
985 2182 1063 2241 de
1121 2180 1528 2258 Hypsistariis
1588 2180 1871 2253 nullam,
1950 2185 2017 2241 ut
2067 2178 2205 2258 jam
2264 2178 3025 2260 vidimus,rmentionem
3084 2181 3338 2253 fecerit,
3400 2181 3704 2259 quiddam

278 2259 491 2323 tamen
548 2262 677 2322 fere
732 2261 937 2321 simile
995 2262 1071 2321 de
1130 2261 1546 2340 Euphemitis,
1606 2279 1713 2321 seu
1772 2260 2185 2332 Massalianis,
2250 2267 2489 2320 narrat.
2549 2259 2652 2341 Ait
2707 2261 2872 2321 enim
2932 2260 3093 2341 (69),
3176 2285 3206 2316 ‹‹
3255 2279 3362 2322 eos
3418 2281 3495 2323 ex
3550 2280 3701 2339 gen-

284 2342 503 2403 tilibus
558 2348 770 2414 ortos,
850 2360 962 2402 nec
1017 2341 1383 2410 Judaismo.
1464 2359 1577 2401 nec
1633 2341 2110 2402 Christianismo
2168 2341 2540 2412 attendere;
2618 2340 2767 2401 deos
2824 2340 3080 2420 quidem
3136 2341 3382 2414 dicere,
3461 2342 3706 2402 nullum

278 2428 492 2483 tamen
551 2424 839 2496 adorare,
902 2422 1009 2482 sed
1069 2440 1263 2482 unum
1322 2422 1525 2481 solum
1584 2423 1893 2494 venerari,
1954 2440 2226 2499 eumque
2282 2421 2794 2500 Omnipotentem
2852 2440 3101 2482 vocare.
3148 2444 3179 2477 »
3242 2421 3433 2483 Addit
3487 2423 3700 2497 etiam,

281 2521 462 2584 «neos
516 2521 660 2563 cum
717 2503 1118 2584 lucernarum
1174 2502 1342 2584 igne,
1377 2523 1407 2559 ι)
1474 2502 1670 2581 (quod
1726 2506 2029 2584 λυχναφίαν
2089 2501 2321 2582 vocat),
2386 2526 2412 2556 α
2451 2502 3106 2584 οοηγθηῑιιεμὴδὺθιτθ.
3142 2525 3171 2558 ››
3238 2504 3386 2575 Quae
3446 2502 3702 2580 quidem

278 2583 359 2643 ab
416 2583 511 2655 iis,
574 2601 715 2661 quae
774 2583 852 2642 de
914 2604 942 2641 «ι
983 2583 1387 2661 Hypsistariis
1430 2606 1457 2637 »
1518 2587 1759 2642 veteres
1806 2581 2219 2662 scripserunt,
2280 2581 2407 2642 non
2470 2582 2738 2642 multum
2797 2581 3176 2661 discrepant.

359 2664 463 2725 IV.
528 2664 742 2724 Altera
797 2664 875 2723 de
930 2664 1173 2743 iisdem,
1210 2662 1614 2742 Hypsistariis
1672 2664 1948 2723 occurrit
2004 2663 2363 2723 difﬁcultas.
2426 2664 2653 2743 Mirum
2711 2662 2951 2724 Clerico
3010 2663 3256 2723 videtur
3315 2662 3470 2743 (70),
3531 2663 3704 2741 quod

277 2744 615 2822 Gregorius
668 2749 900 2817 noster,
958 2761 1103 2803 cum
1161 2742 1225 2803 in
1284 2743 1403 2804 hac
1458 2743 1741 2804 oratione
1798 2743 2220 2823 Hypsistarios
2271 2742 2503 2803 «idola
2538 2766 2565 2799 ι
2618 2743 2884 2805 coluisse
2940 2752 3150 2822 neget,
3212 2748 3275 2805 et
3328 2744 3699 2821 Gregorium

322 2829 521 2885 atrem
583 2848 611 2879 (ι
659 2824 723 2884 in
779 2842 1000 2884 eorum
1059 2824 1284 2884 haeresi
1338 2830 1559 2884 natum
1610 2848 1636 2879 η
1697 2823 1887 2895 dicat,
1949 2826 2222 2885 fateatur
2278 2828 2490 2883 tamen
2549 2824 2826 2893 carmine
2884 2825 3108 2902 primo,
3175 2847 3205 2879 ‹‹
3250 2842 3394 2884 eum
3453 2823 3700 2884 anima-

298 2904 431 2963 ium
479 2904 831 2964 simulacris
880 2904 1243 2982 paruisse.»
1300 2905 1371 2965 Id
1418 2904 1693 2965 Clericus
1745 2910 1911 2966 329
1957 2923 2239 2984 pugnare
2282 2904 2623 2965 existimat.
2673 2906 3010 2981 Egregium
3064 2923 3215 2964 sane
3263 2905 3415 2965 artis
3469 2904 3703 2965 critica

273 2985 646 3062 magistrum
702 2986 715 3043 l
792 2984 893 3045 cui
965 3003 1091 3045 una
1147 2990 1395 3045 tantum
1455 2985 1605 3046 nodi
1661 2985 1947 3047 solvendi
2005 2986 2165 3045 ratio
2219 2985 2568 3058 succurrit,
2647 2986 3019 3062 Gregorium
3076 2984 3312 3045 scilicet
3369 2990 3701 3059 nostrum,

275 3086 307 3120 «
358 3065 456 3125 vel
515 3064 835 3125 memorias
891 3065 1112 3143 lapsu,
1196 3065 1293 3125 vel
1351 3064 1466 3125 zeli
1528 3066 1881 3126 fervidior-is
1936 3065 2213 3143 impulsu
2273 3065 2591 3125 contraria
2642 3066 2926 3126 locutum
2985 3084 3169 3139 esse;
3246 3064 3365 3125 nisi
3421 3066 3583 3126 forte
3639 3065 3704 3125 in

268 3161 343 3205 eo
402 3146 570 3223 quod
626 3146 703 3205 de
760 3146 1135 3205 animalium
1193 3145 1379 3205 idolis
1436 3145 1632 3218 dixit,
1712 3147 1791 3205 ab
1865 3146 2211 3224 hyperbole
2290 3164 2403 3224 pro
2464 3163 2637 3205 more
2696 3165 2809 3205 suo
2867 3145 3196 3217 adhibita,
3277 3146 3706 3207 excussandus

268 3240 402 3285 esse
460 3226 834 3285 videatur.»
896 3226 1045 3295 Quis
1102 3225 1237 3286 haec
1293 3225 1606 3287 audiendo
1665 3244 1789 3286 non
1842 3225 2263 3304 indignetur?
2316 3226 2450 3296 Vel,
2502 3244 2645 3304 quae
2700 3226 2854 3287 ﬁdes
2904 3226 3215 3288 malevolo
3264 3232 3374 3288 aut
3415 3226 3706 3304 imperito

264 3304 598 3384 interpreti
655 3305 1007 3365 habenda?
1063 3306 1377 3365 Audacior
1444 3305 1553 3367 ille
1610 3324 1869 3379 censor,
1953 3307 2061 3385 qui
2118 3312 2248 3367 tam
2322 3307 2562 3385 peritus
2617 3306 2737 3366 sibi
2792 3307 3083 3379 videtur,
3163 3312 3226 3367 et
3276 3314 3408 3368 tam
3466 3313 3701 3368 temere

269 3402 460 3466 quam
518 3391 893 3464 arroganter
948 3385 1026 3446 de
1070 3385 1387 3466 Gregorio
1445 3386 1711 3464 aliisque
1768 3386 2147 3448 doctissimis
2212 3404 2284 3447 ac
2359 3386 2769 3447 sanctissimis
2842 3387 3254 3466 scriptoribus
3329 3387 3708 3465 plerumque

262 3464 550 3543 judicat,
628 3466 990 3527 nullatenus
1068 3465 1170 3525 hic
1239 3466 1523 3544 Gregorii
1580 3472 1853 3528 mentem
1910 3474 2233 3529 assecutus
2288 3473 2402 3529 est.
2468 3469 2616 3529 Haec
2673 3475 2821 3529 sunt
2878 3464 3048 3529 enim
3105 3464 3412 3547 Theologi
3467 3464 3702 3541 verba,

268 3563 467 3607 carm.
532 3549 589 3625 1,
651 3565 815 3608 vers.
879 3548 1051 3606 125:

772 3649 956 3729 Αῷτὰρ
988 3648 1073 3729 ὅγ’
1105 3648 1440 3727 ἀγριέλαιος,
1475 3651 1563 3706 ὑπ’
1592 3649 1847 3714 εἰδώλοις
1878 3653 2051 3729 πάρος
2082 3655 2147 3721 ἦν

777 3723 964 3794 Ζώωύ,
997 3723 1107 3780 etc.

880 3812 979 3868 ille
1015 3813 1251 3939 qqidem
1285 3813 1489 3886 (pater)
1524 3814 1772 3887 agrestis
1805 3815 1978 3884 oliva,
2010 3816 2121 3872 sub
2154 3815 2489 3874 simulacris
2520 3820 2692 3872 antea
2715 3820 2840 3873 erat

826 3901 1010 3939 ivens.
1040 3901 1071 3939 θ
1102 3902 1150 3939 c.

826 3901 1010 3955 ivens,
1040 3901 1150 3940 etc.

269 3982 440 4066 Nihil
513 3982 578 4066 in
654 3983 775 4043 hoc
832 3988 1131 4066 contextu
1178 3985 1266 4066 de
1324 3985 1694 4045 animalium
1771 3985 1957 4046 idolis
2034 3986 2295 4046 dictum.
2361 3986 2544 4047 Falsa
2599 3988 2769 4047 vocis
2829 3986 2982 4055 ζώων
3051 3987 3488 4066 interpretatio
3564 3986 3700 4045 Cle-

264 4064 465 4123 ricum
522 4064 585 4122 in
642 4082 917 4124 errorem
973 4064 1257 4137 induxit,
1320 4067 1468 4125 dum
1550 4090 1578 4121 «
1635 4066 2005 4127 animalium
2066 4067 2236 4127 idola
2294 4090 2321 4121 »
2398 4066 2609 4128 videre
2668 4085 2732 4127 se
2800 4066 3023 4144 putat,
3102 4064 3238 4126 ubi
3288 4068 3692 4145 Theologus,

264 4145 440 4204 nulla
492 4145 859 4209 animalium
927 4146 1244 4225 mentione
1303 4148 1490 4216 facta,
1559 4153 1801 4225 patrem
1870 4146 2055 4206 «sub
2116 4147 2467 4207 simulacris
2522 4149 2834 4208 viventem
2882 4167 2909 4197 »
2971 4148 3275 4208 exhibuit.
3339 4149 3472 4208 Vox
3526 4146 3692 4207 enim

266 4230 422 4308 ζώωγ
468 4242 605 4308 Δηςηι
665 4230 780 4297 est,
844 4230 911 4284 ut
968 4224 1316 4308 loquuntur
1372 4224 1792 4308 grammatici,
1847 4228 2160 4304 genitivus
2219 4228 2478 4305 pluralis
2531 4228 2803 4308 nominis
2862 4236 3019 4308 ζῶον,
3088 4250 3117 4286 ‹‹
3203 4228 3448 4302 nimal;
3496 4250 3526 4283 »
3590 4229 3695 4287 sed

262 4304 664 4387 participium
723 4321 998 4387 praesens
1054 4305 1236 4387 verbi
1288 4312 1410 4379 ζώω
1469 4306 1710 4387 poetice
1768 4325 1881 4385 pro
1941 4314 2071 4383 ζάω,
2137 4330 2166 4362 ‹‹
2218 4304 2393 4380 vivo,
2452 4330 2481 4362 »
2544 4307 2901 4387 Saepissime
2956 4304 3131 4369 illam
3190 4327 3452 4379 vocem,
3519 4330 3550 4363 ‹‹
3603 4308 3691 4368 vi-

260 4384 463 4443 ventis
506 4406 535 4437 »
601 4390 843 4444 tantum
879 4384 1367 4466 signiﬁcatione
1424 4384 1827 4463 gaudentem,
1885 4388 2052 4464 apud
2112 4388 2478 4461 Homerum,
2538 4384 2906 4461 Hesiodum,
2968 4390 3354 4450 Herodotum
3413 4389 3694 4466 aliosque

260 4469 632 4547 usurpatam
690 4463 1058 4547 reperimus.
1122 4465 1346 4525 Mirum
1407 4484 1557 4527 sane
1612 4467 1674 4526 id
1731 4486 1768 4527 a
1825 4463 2063 4529 Clerico
2123 4469 2509 4546 ignoratum,
2564 4470 2659 4529 vel
2720 4469 2927 4547 potius
2989 4470 3479 4531 dissimulatum.
3534 4463 3696 4530 Prte-

260 4548 453 4614 terea,
513 4543 729 4628 hac__a
766 4544 1081 4628 idolorum
1127 4567 1154 4602 »
1221 4565 1328 4628 seu
1389 4569 1416 4601 α
1463 4547 1941 4608 simulacrorum
1988 4570 2017 4603 ››
2081 4543 2233 4609 voce
2286 4555 2469 4610 utens
2530 4543 2888 4628 Gregorius,
2954 4569 3079 4610 non
3136 4552 3372 4611 idcirco
3430 4550 3691 4609 deorum

257 4632 367 4711 aut
426 4624 1194 4711 animalium-simulacra
1250 4627 1605 4711 signiﬁcare
1664 4629 1908 4711 voluit;
1976 4647 2193 4689 verum
2252 4649 2326 4691 ea
2382 4636 2629 4691 tantum
2660 4624 3035 4711 'generatim
3072 4678 3086 4701 ,
3169 4649 3311 4711 quae
3386 4630 3688 4711 supersti-

256 4704 431 4791 tiosaa
490 4705 861 4785 gentilitatis
920 4707 1200 4791 propria,
1252 4704 1381 4768 veri
1440 4710 1550 4770 Dei
1597 4710 1869 4770 cultores
1916 4727 2319 4791 summopere
2369 4704 2719 4791 respuunt;
2752 4710 3109 4789 cujusmodi
3158 4704 3413 4772 fuerunt
3464 4704 3691 4788 Riguis

253 4791 315 4846 et
352 4788 771 4871 lucernarum
806 4809 836 4842 »
891 4787 1224 4860 elementa,
1288 4806 1430 4871 qua
1485 4791 1860 4869 Hypsistarii
1917 4787 2208 4871 religiose
2257 4787 2570 4852 colebant.
2634 4793 2787 4852 Cum
2832 4787 3042 4868 igitur
3090 4793 3427 4871 Gregorius
3487 4798 3685 4871 pater,

252 4866 367 4952 etsi
430 4888 569 4952 non
644 4885 983 4947 supremo,
1053 4870 1496 4952 superstitioso
1544 4866 1801 4952 tamen
1855 4870 2025 4952 cultu
2046 4866 2072 4952 ί
2107 4872 2242 4932 haec
2316 4873 2627 4932 elementa
2683 4866 3130 4945 veneraretur,
3212 4866 3421 4952 potuit
3475 4866 3684 4933 dicere

249 4947 614 5028 'I‘heologus
673 4954 917 5028 patrem
975 4948 1090 5007 sub
1151 4949 1453 5009 «idolis»
1518 4968 1624 5009 seu
1690 4950 2177 5011 «simulacris»
2243 4953 2491 5025 vixisse,
2553 4954 2611 5013 id
2672 4958 2786 5024 est,
2859 4953 3047 5012 «sub
3105 4947 3506 5013 sensibilibus
3558 4952 3685 5013 ele-

253 5029 585 5112 mentis,»
646 5029 784 5112 Quo
839 5029 1029 5112 etiam
1088 5029 1810 5112 sensu‘intelligendum
1868 5037 1981 5101 est,
2044 5033 2214 5111 quod
2274 5033 2609 5112 Gregorius
2665 5032 2993 5111 presbyter
3046 5033 3111 5093 in
3189 5033 3318 5094 Vita
3376 5033 3683 5111 Theologi

250 5108 465 5192 scribit
501 5108 665 5192 Δ(71)
728 5128 741 5169 :
830 5129 858 5167 (ί
914 5109 1104 5192 Pater
1158 5109 1411 5192 quidem
1474 5112 1795 5189 Gregorii,
1850 5135 1879 5166 »
1959 5108 2196 5190 inquit,
2291 5137 2321 5168 «
2379 5108 2563 5174 idolis
2624 5108 2894 5185 relictis,
2977 5116 3055 5173 ad
3134 5113 3387 5192 pietatis
3444 5108 3679 5173 cultum

250 5188 583 5273 migravit;
636 5194 1008 5273 etexcussa
1039 5190 1575 5273 Hypsistariorum
1610 5188 2095 5273 superstitione,
2130 5193 2412 5254 sincerus
2459 5194 2687 5254 divinae
2736 5195 2957 5271 gratiae
3007 5188 3352 5273 discipulus
3403 5194 3669 5254 eluxit.»

249 5269 382 5327 Non
442 5287 593 5362 ergo
651 5268 1077 5365 Theologus,.
1115 5271 1262 5330 dum
1325 5272 1403 5332 de
1461 5268 1849 5365 Hypsistario
1919 5278 2099 5365 patre
2157 5293 2508 5335 sermonem
2572 5268 2843 5365 habuit,
2912 5268 3214 5365 memoria
3277 5276 3490 5365 lapsus
3546 5279 3678 5350 est,

248 5365 378 5433 nec
424 5348 616 5409 nimio
674 5348 807 5433 zelo
863 5350 1201 5429 abreptus,
1283 5370 1397 5412 nec
1451 5348 1641 5412 etiam
1716 5348 2066 5432 hyperbole
2140 5374 2328 5431 usus,
2409 5374 2446 5415 a
2502 5374 2630 5433 qua
2687 5354 2962 5414 Clericus
3020 5354 3156 5433 ejus
3211 5348 3679 5416 excusationem

248 5427 383 5486 erui
440 5446 623 5504 posse
682 5426 947 5489 videtur.

326 5507 398 5596 V.
466 5510 566 5596 Fx.
627 5506 919 5596 hujusce
964 5510 1269 5571 orationis
1343 5516 1535 5596 textu
1595 5511 1717 5572 alia
1793 5511 2001 5596 etiarn
2060 5515 2344 5593 exsurgit
2416 5514 2803 5584 difﬁcultas;
2885 5532 2963 5573 an
3041 5514 3277 5576 scilicet
3346 5515 3681 5593 Gregorius

244 5591 427 5662 pater
488 5585 610 5641 «in
670 5585 966 5649 cubiculo
1024 5609 1158 5663 suo,
1224 5613 1251 5648 n
1316 5598 1383 5651 ut
1440 5592 1661 5652 volunt
1719 5591 2030 5665 nonnulli,
2113 5617 2143 5649 «
2192 5585 2503 5673 privatum
2566 5614 2813 5655 sacrum
2873 5595 3207 5672 peregerit.
3270 5618 3299 5654 »
3383 5585 3534 5657 Heln
3593 5596 3679 5656 sic

448 5710 546 5832 gr.
577 5711 611 5761 2
639 5717 845 5769 contra
872 5717 1132 5790 Eunom.,
1162 5725 1203 5777 t.
1237 5724 1309 5793 II,
1342 5740 1473 5797 pag.
1508 5726 1632 5781 440.

499 5792 654 5837 aeros.
690 5797 865 5847 LXXX,
898 5804 959 5847 ι).
992 5795 1119 5847 450.

2088 5726 2201 5797 (70)
2234 5728 2378 5783 Bibl.
2416 5729 2595 5795 univ.,
2628 5744 2723 5785 an.
2757 5726 2913 5798 1690,
2949 5731 3092 5785 tom.
3125 5727 3321 5797 XVIII,
3355 5747 3411 5803 p.
3434 5729 3470 5786 3
3499 5732 3556 5786 et
3581 5729 3635 5787 4.

2087 5799 2204 5847 171)
2236 5798 2407 5847 Gram
2441 5800 2641 5847 Presb-
2673 5800 2731 5847 in
2767 5799 2937 5847 Grec-
2980 5802 3113 5847 Vita,
3154 5819 3211 5847 n-
3241 5802 3294 5847 ἆ-

608 5796 654 5837 s-
690 5797 865 5851 LXXX.
897 5804 959 5861 p.
992 5795 1119 5852 450.
1344 5795 1360 5797 “
1429 5795 1437 5796 ί
2087 5795 2204 5870 (71)

2087 5795 2204 5870 (71)
2236 5798 2407 5872 Greg.
2441 5800 2642 5859 Presb.
2673 5800 2735 5859 in
2767 5795 2937 5874 Greg.
2980 5802 3119 5875 Vita,
3154 5819 3211 5860 n.
3241 5802 3293 5859 4.
