4090 6410
308 341 427 403 987

1554 342 1615 403 Β.
1668 342 2040 404 GREGORII
2091 342 2487 405 THEOLOGI

3611 345 3735 409 988

310 472 480 528 ciae?
527 472 643 529 Nos
702 474 938 545 quidem
1000 492 1115 529 non
1168 477 1291 545 jam
1352 474 1720 547 superstites,
1763 490 1965 529 verum

2088 472 2321 547 πλείστῳ
2382 474 2531 550 μέρει
2590 473 3043 549 συναπελθόντας,
3102 475 3191 530 καὶ
3242 480 3323 549 τῷ
3398 474 3552 549 τόπῳ
3629 484 3731 547 τῆς

316 563 569 617 maxime
599 580 665 617 ex
700 568 861 634 parte
910 582 1021 617 una
1118 587 1208 619 LII
1245 582 1307 620 eo
1338 566 1455 619 vita
1505 566 1757 633 functos,
1792 570 1966 636 atque

313 650 654 706 al’ﬂictionis
678 650 871 707 locum
904 652 1144 709 moleste
1166 655 1434 721 ferentes,
1460 670 1525 710 ac
1549 671 1704 709 nunc
1728 670 1968 724 praeser—

316 741 443 803 tim,
498 756 633 794 cum
687 741 901 795 scitum
944 743 1418 813 gubernatorem,
1448 748 1547 797 aut
1576 744 1705 798 vita:
1757 748 1967 798 nostras

314 829 526 895 facem,
557 828 617 883 in
676 844 874 899 quam,
908 831 1119 885 salutis
1173 830 1371 887 lumen
1428 832 1597 887 nobis
1648 849 1677 887 e
1726 831 1966 887 sublimi

314 921 729 983 ostentantem,
783 920 1098 986 intuentes,
1146 920 1568 993 dirigebamur,
1620 920 1965 987 amisimus;

316 1005 484 1060 illum
518 1012 711 1061 autem
754 1024 887 1063 cum
930 1007 1087 1063 omni
1120 1009 1351 1076 virtute,
1386 1028 1451 1065 ac
1483 1010 1757 1083 pastorali
1786 1009 1968 1063 disci-

314 1094 498 1167 plina,
533 1113 705 1166 quam
741 1097 1019 1152 diuturno
1070 1104 1328 1171 tempore
1366 1099 1696 1171 collegerat,
1732 1114 1969 1171 peregre

315 1184 663 1257 profectum,
686 1186 911 1241 dierum
944 1187 1120 1242 simul
1155 1205 1220 1243 ac
1251 1190 1572 1260 prudentia
1606 1189 1867 1259 plenum,
1891 1193 1965 1257 et,

313 1274 364 1330 si
399 1274 729 1330 Salomonis
764 1277 952 1331 verbis
995 1278 1278 1332 utendum
1308 1283 1416 1347 est,
1441 1277 1635 1349 gloriae
1670 1282 1970 1333 senectute

312 1366 689 1431 coronatum;
722 1380 959 1435 gregem
998 1366 1250 1436 denique
1280 1367 1508 1422 consilii
1562 1368 1757 1437 inopia
1803 1366 1968 1423 labo-

314 1457 541 1507 rantem
574 1458 632 1508 et
663 1460 1126 1527 consternatum,
1162 1474 1535 1528 summoque,
1565 1464 1630 1511 ut
1658 1459 1840 1523 vides,
1874 1460 1971 1513 do-

317 1541 440 1597 lore
470 1558 537 1598 ac
570 1544 851 1599 mmstitia
881 1547 1208 1601 confectum
1232 1548 1297 1611 ³⁷,
1321 1564 1435 1602 non
1460 1548 1586 1617 jam
1620 1547 1679 1600 in
1710 1546 1835 1602 loco
1867 1564 1967 1616 pa-

318 1647 471 1686 scute
503 1632 988 1703 requiescentem,
1022 1652 1126 1691 nec
1173 1636 1503 1691 refectionis
1553 1638 1732 1708 aqua“
1755 1637 1968 1691 educa-

316 1722 444 1775 tum
467 1721 533 1786 ³⁸,
567 1722 668 1776 sed
703 1722 1043 1795 praecipitia,
1077 1729 1133 1780 et
1162 1725 1531 1793 solitudines,
1556 1730 1611 1779 et
1640 1725 1967 1797 voragines,

320 1808 382 1864 in
414 1825 562 1881 quae
592 1810 965 1884 dispergatur
1001 1817 1057 1869 et
1105 1814 1373 1881 intereat,
1400 1819 1792 1887 quaerentem;
1825 1830 1968 1869 num

322 1897 503 1953 alium
539 1915 771 1972 quoque
804 1900 1075 1959 solertem
1101 1920 1167 1959 ac
1190 1904 1538 1975 prudentem
1560 1909 1853 1977 pastorem
1873 1904 1973 1959 ali-

322 1988 558 2060 quando
583 1996 1008 2047 consecuturus
1032 1992 1128 2064 sit,
1153 1992 1537 2061 difﬁdentem,
1561 1992 1706 2049 illud
1732 1993 1972 2065 quidem

322 2080 478 2133 certe
524 2082 583 2134 et
626 2079 864 2149 quidem
915 2080 1081 2137 valde
1138 2082 1250 2138 sibi
1309 2084 1781 2155 persuadentem,
1816 2083 1973 2155 quod

321 2166 567 2222 minime
612 2167 812 2240 talem,
846 2170 1110 2241 beneque
1140 2188 1341 2228 secum
1374 2173 1467 2244 agi
1516 2172 1971 2242 existimantem,

318 2255 369 2312 si
399 2272 515 2311 non
547 2256 736 2313 multo
765 2258 1120 2317 inferiorem.

398 2346 488 2401 III.
515 2347 687 2403 Porro
726 2364 859 2403 cum
894 2350 1007 2404 tria
1036 2350 1177 2419 haec,
1205 2355 1269 2407 ut
1309 2353 1448 2423 dixi,
1474 2356 1649 2424 atque
1680 2352 1876 2407 omnia
1909 2369 1978 2407 ex

322 2450 509 2505 isquo,
526 2435 632 2491 tibi
656 2436 770 2491 huc
790 2438 1061 2495 veniendi
1084 2441 1493 2497 necessitatem
1516 2441 1847 2509 attulerint,
1870 2458 1977 2496 nos

327 2524 572 2597 scilicet,
592 2530 650 2581 et
678 2541 839 2599 grex,
875 2532 931 2584 et
962 2534 1181 2601 pastor,
1223 2546 1347 2603 age,
1388 2549 1491 2604 pro
1541 2546 1607 2587 eo
1657 2530 1978 2587 curationis

322 2614 558 2687 spiritu,
585 2632 701 2688 quo
732 2618 1015 2690 praeditus
1037 2637 1121 2686 es,
1145 2638 1295 2688 eam,
1321 2639 1448 2693 quae
1476 2622 1686 2693 cuique
1713 2624 1848 2693 apta
1880 2621 1977 2689 sit,

321 2703 678 2760 medicinam
711 2707 946 2781 adhibe,
970 2727 1036 2765 ac
1076 2727 1405 2767 sermonem
1439 2728 1573 2765 cum
1597 2711 1826 2782 judicio
1858 2711 1976 2767 dis-

318 2810 491 2865 pone,
514 2812 629 2868 quo
662 2800 717 2851 te
748 2797 1045 2870 sapientiae
1089 2801 1327 2856 nomine
1370 2802 1560 2873 magis
1592 2802 1971 2856 admiremur.

322 2885 587 2950 Quonam
620 2893 811 2944 autem
836 2890 1010 2945 modo
1032 2890 1351 2961 dispones?
1381 2891 1468 2946 Ad
1501 2896 1794 2962 pastorem
1820 2892 1977 2961 quod

325 2973 551 3046 attinet,
585 2976 635 3031 si
683 2977 850 3032 illum
884 2979 956 3034 ob
987 2980 1286 3047 virtutem,
1322 2984 1387 3034 ut
1432 2997 1536 3051 par
1564 2985 1673 3044 est,
1704 2979 1976 3035 laudave-

322 3064 426 3129 ris,
461 3081 571 3120 non
603 3064 794 3121 solum
856 3072 919 3122 ut
970 3084 1114 3139 puro
1164 3085 1373 3139 puram
1407 3070 1756 3134 orationem,
1790 3070 1978 3123 instar

318 3152 582 3208 funebris
610 3154 915 3225 cujusdam
959 3156 1242 3225 muneris,
1274 3158 1527 3224 inferas;
1561 3161 1651 3212 set
1692 3161 1758 3211 ut
1798 3157 1974 3211 etiam

319 3239 451 3296 aliis
484 3241 644 3298 illius
664 3244 792 3299 vitea
816 3246 1124 3310 rationem,
1145 3250 1427 3318 tanquam
1459 3246 1694 3317 pietatis
1722 3246 1970 3301 formam
2002 3232 2046 3297 C

319 3333 378 3385 et
421 3330 907 3403 admonitionem,
942 3351 1254 3406 proponas.
1288 3335 1405 3390 Nos
1451 3352 1584 3391 vero
1636 3336 1788 3406 quod
1839 3350 1976 3405 spe-

320 3422 458 3492 ctat,
491 3420 539 3476 ei
573 3422 642 3477 de
669 3422 788 3478 vita
818 3428 876 3479 et
920 3428 1125 3493 morte,
1160 3425 1231 3481 de
1262 3425 1470 3481 animae
1504 3428 1678 3496 atque
1717 3424 1976 3497 corporis

322 3512 736 3582 conjunctione
768 3530 835 3569 ac
882 3513 1299 3585 disjunctione,
1333 3516 1403 3571 de
1433 3516 1666 3570 duobus
1714 3515 1974 3584 mundis,

321 3598 432 3655 hoc
461 3605 553 3657 est
582 3602 654 3657 de
694 3603 966 3675 praesenti
1017 3621 1082 3659 ac
1132 3609 1284 3659 ﬂuxo
1342 3610 1400 3659 et
1455 3603 1668 3676 fragili,
1700 3608 1755 3659 et
1785 3604 1855 3658 de
1886 3620 1975 3670 eo,

320 3690 423 3761 qui
455 3692 652 3747 animo
702 3697 759 3747 et
800 3698 995 3749 mente
1041 3693 1389 3767 intelligitur
1437 3710 1503 3749 ac
1554 3698 1766 3759 manet,
1794 3710 1979 3763 pauca

320 3779 701 3849 disserueris;
737 3783 1025 3855 nobisque
1056 3784 1442 3855 persuaseris,
1476 3789 1542 3839 ut
1573 3783 1815 3838 alterius
1847 3782 1976 3853 qui-

320 3869 453 3924 dem
494 3870 882 3942 imposturam
914 3878 969 3927 et
1002 3873 1498 3944 perturbationem
1548 3877 1722 3943 atquc
1776 3872 1977 3926 incon-

321 3960 622 4029 stantiam,
649 3962 803 4018 332
848 3979 934 4030 ac,
971 3962 1128 4018 velut
1172 3962 1233 4018 in
1285 3964 1481 4030 undis,
1516 3980 1753 4017 sursum
1808 3962 1979 4016 deor-

321 4066 570 4121 sumque
619 4051 1007 4122 jactationem
1051 4056 1535 4120 contemnamus;
1596 4052 1666 4107 ad
1728 4050 1977 4105 alterum

323 4142 543 4207 autem,
571 4138 672 4212 qui
706 4140 913 4195 firmus
957 4145 1014 4196 et
1062 4141 1313 4206 stabilis,
1345 4158 1410 4197 ac
1441 4140 1694 4210 divinus,
1720 4157 1977 4211 semper—

324 4243 438 4300 que
486 4229 580 4285 eui
629 4228 843 4285 similis
891 4235 999 4298 est,
1033 4234 1207 4302 atque
1239 4231 1398 4286 omni
1432 4230 1867 4301 perturbatione
1922 4234 1980 4284 et

322 4317 666 4374 confusione
697 4323 883 4385 vacat,
912 4323 1065 4375 totos
1096 4336 1201 4375 nos
1246 4320 1663 4391 adjungamus.
1697 4319 1791 4373 Sic
1820 4320 1977 4374 enim

320 4406 503 4479 ii,qui
536 4407 673 4463 hinc
722 4408 886 4479 prius
916 4409 1291 4477 excesserint,
1324 4408 1520 4465 minus
1548 4408 1718 4465 nobis
1772 4425 1977 4463 moero-

319 4495 402 4551 rie
431 4495 763 4565 attulerint;
797 4498 914 4553 imo
960 4498 1134 4553 etiam
1168 4498 1370 4554 laetitia
1418 4516 1524 4554 nos
1574 4498 1893 4567 affecerint,
1929 4498 1978 4553 si

2077 564 2367 625 κακώσεως
2419 561 2902 639 δυσχεραίνοντες·
2962 564 3049 619 καὶ
3108 569 3200 618 νῦν
3264 563 3518 638 μάλιστα,
3572 567 3735 636 ἡνίκα

2076 653 2166 706 τὸν
2221 651 2563 725 ἐπιστήμονα
2617 648 2973 728 κυϐερνήτην,
3031 654 3066 723 ἢ
3124 652 3215 709 τὰν
3279 651 3580 729 λαμπτῆρα
3629 662 3731 726 τῆς

2082 748 2224 811 ζωῆς
2308 744 2467 815 ἡμῶν
2542 738 3025 817 ἀποϐεϐλήκαμεν,
3101 744 3237 818 πρὸς
3309 743 3365 798 δν
3427 745 3731 814 ἀπηυθυνό-

2082 842 2216 904 μεθα
2287 834 2399 904 (79)
2474 831 2783 906 βλέποντες,
2844 835 3045 897 ἄνωθεν
3104 835 3239 906 ἡμῖν
3296 834 3395 901 τήν
3457 834 3730 910 σωτηρίαν

2078 920 2447 994 πυρσεύοντα·
2512 920 2714 976 έκεῖνον
2778 924 2912 994 μετὰ
2968 927 3063 977 τοῖ’)
3121 921 3294 978 καλοῦ
3352 924 3551 985 παντὸς
3602 921 3729 993 έκδη

2083 1012 2348 1082 μγίσαντα,
2398 1011 2487 1063 καὶ
2539 1012 2715 1079 πάσης
2773 1018 2872 1081 τῆς
2928 1014 3295 1084 ποιμαντικῆς
3354 1009 3617 1081 εὐταξίας,
3669 1013 3745 1081 ἦν.

2078 1099 2263 1175 χρόνῳ
2316 1104 2505 1175 μακρῷ
2554 1098 2890 1172 συνελέξατο,
2941 1100 3162 1177 πλήρης
3210 1102 3433 1176 ἡμερῶν
3484 1121 3538 1153 τε
3592 1102 3730 1173 ὁμοῦ

2077 1189 2165 1241 καὶ
2200 1191 2539 1265 φρονήσεως,
2571 1189 2660 1244 καὶ
2690 1191 2769 1262 τῴ
2815 1198 2915 1260 τῆς
2963 1192 3289 1265 καυχήσεως
3330 1191 3497 1264 γήρᾳ,
3556 1189 3595 1244 εί
3648 1187 3728 1245 δεῖ

2078 1278 2138 1332 τὸ
2168 1282 2263 1332 τοῦ
2292 1277 2658 1351 Σολομῶντος
2694 1280 2885 1349 εἰπεῖν,
2931 1279 3364 1357 στεφανούμενος
3412 1281 3547 1351 (80).
3594 1278 3721 1332 Ποί-

2084 1390 2235 1440 μνιον
2298 1369 2677 1444 ἠπορημένον,
2757 1369 2847 1423 καὶ
2915 1372 3027 1443 (81)
3085 1364 3590 1441 καταϐεϐλημένον,
3643 1367 3730 1422 καὶ

2081 1457 2207 1531 ὁρᾷς
2239 1455 2371 1526 ὅσης
2400 1463 2567 1533 γέμον
2597 1458 2827 1531 ἀθυμίας
2858 1458 2948 1513 καὶ
2981 1458 3274 1536 κατηφείας
3302 1478 3314 1491 '
3351 1457 3451 1512 οὐκ
3481 1452 3556 1511 ἔτι
3579 1456 3733 1529 τόπῳ

2078 1545 2259 1620 χλόης
2302 1545 2766 1620 έναναπαυόμενον
2828 1551 2961 1622 (82),
3018 1546 3142 1603 οιῖδὶ
3190 1545 3341 1602 ὕδατι
3385 1547 3736 1607 ἀναπαύσεως

2080 1634 2512 1713 έκτρεφόμενον·
2564 1642 2757 1707 ζητοῦν
2801 1636 3100 1713 κρημνοὺς,
3160 1636 3250 1692 καὶ
3319 1635 3576 1713 έρημίας,
3645 1634 3737 1688 καὶ

2084 1722 2347 1801 βάραθρα,
2402 1728 2518 1781 καθ’
2581 1729 2654 1780 ὧν
2707 1730 3066 1802 σπαρήσεται,
3105 1726 3194 1781 καῖ
3261 1723 3685 1803 διαφθαρήσεται
3721 1742 3735 1755 ·

2079 1812 2337 1869 ἀπιστοῦν
2381 1813 2434 1869 εἷ’
2465 1836 2597 1871 ποτε
2644 1816 2732 1871 καὶ
2800 1814 2980 1871 ἄλλου
3027 1816 3293 1890 ποιμένος
3341 1818 3562 1869 συνετοῦ
3615 1811 3731 1867 ἑπι-

2076 1904 2335 1974 τεύξεται,
2398 1900 2482 1958 ὅτι
2543 1905 2635 1978 μὲν
2695 1904 2757 1959 ού
2806 1905 3081 1978 τοιούτου,
3129 1903 3219 1959 καί
3272 1902 3394 1959 λίαν
3439 1902 3737 1975 πεπεισμέ·

2080 2014 2193 2064 νον,
2248 1994 2469 2069 ἀγαπῶν
2527 1996 2641 2069 (83)
2692 1992 2761 2049 δι’
2812 1994 2893 2068 ἂν,
2952 1992 3041 2049 καί
3092 1994 3137 2050 εί
3172 1995 3249 2068 μὴ
3281 1991 3571 2071 παραπολὺ
3620 1992 3741 2067 χεί-

2085 2103 2263 2160 ρονος.

2158 2353 2227 2407 Γ’.
2261 2356 2437 2427 Τριῶν
2499 2349 2556 2406 δὶ
2614 2351 2808 2423 ὄντων,
2868 2350 3000 2429 ὅπερ
3032 2348 3190 2429 ἔφην,
3224 2350 3257 2407 ἃ
3286 2372 3369 2406 σοι
3399 2351 3497 2420 τήν
3529 2370 3741 2425 παρουσ-

2087 2440 2202 2495 σίαν
2265 2440 2556 2516 ἀναγκαίαν
2614 2446 2783 2509 ποιεῖ,
2841 2442 2932 2496 καὶ
2980 2441 3195 2497 πάντων
3261 2440 3311 2511 ἐξ
3362 2438 3508 2510 ἴσης,
3553 2442 3739 2512 ἡμῶν,

2086 2535 2182 2585 τοῦ
2238 2532 2524 2605 ποιμένος,
2586 2538 2687 2601 τῆς
2737 2531 3018 2605 ποίμνης⁶
3065 2531 3213 2608 φέρε,
3264 2530 3399 2585 κατὰ
3444 2529 3505 2584 τὸ
3552 2527 3603 2584 έν
3654 2528 3742 2583 σοὶ

2087 2624 2301 2693 πνεῦμα
2347 2627 2449 2689 τῆς
2508 2619 2815 2695 θεραπείας,
2876 2618 3082 2683 ἀπόδος
3134 2618 3341 2692 ἑκάστῳ
3396 2618 3459 2674 τὸ
3499 2617 3742 2696 πρόσφο-

2088 2730 2203 2785 ρον,
2263 2707 2351 2763 καῖ
2409 2704 2772 2782 οἰκονόμησον
2833 2707 2884 2762 ἐν
2939 2707 3111 2782 κρίσει
3168 2708 3260 2761 τὸν
3319 2706 3504 2781 λόγον,
3566 2704 3648 2759 ίνα
3686 2725 3746 2759 σε

2085 2797 2174 2852 καὶ
2227 2797 2438 2871 μᾶλλον
2489 2805 2587 2867 τῆς
2639 2797 2830 2875 σοφίας
2892 2796 3274 2869 θαυμάσωμεν.
3349 2795 3742 2866 Οἶκονομήσεις

2087 2886 2144 2942 δὲ
2175 2893 2333 2957 πῶς;
2394 2889 2499 2944 Τὸν
2566 2888 2659 2960 μὶν
2721 2886 2997 2949 ἐπαινέσας
3054 2890 3154 2955 τῆς
3202 2886 3397 2961 ἀρετῆς
3436 2884 3503 2939 τὰ
3533 2882 3733 2950 εἰκότα,

2086 2978 2148 3032 οὑ
2185 2979 2344 3051 μόνον
2400 2974 2473 3030 ’ίν’
2522 2976 2766 3054 ἐντάφιον
2816 2980 2895 3047 τῷ
2938 2978 3158 3051 καθαρῷ
3199 2974 3427 3049 καθαρὸν
3461 2968 3737 3031 ἐπιϐάλως

2082 3067 2173 3120 τὸν
2229 3066 2415 3141 λόγον,
2470 3064 2596 3121 ἀλλ’
2639 3063 2731 3119 ’ίνα
2769 3064 2859 3119 καὶ
2888 3070 3005 3126 τοῖς
3038 3062 3232 3125 ἄλλοις
3264 3057 3534 3123 εὐσεϐείας
3562 3080 3734 3137 χαρα-

2084 3160 2280 3229 κτῆρα,
2320 3156 2420 3223 τὴν
2480 3153 2684 3209 ἐκείνου
2740 3151 3006 3229 προθείης
3053 3152 3332 3208 πολιτείαν
3380 3172 3440 3208 τε
3481 3149 3569 3205 καὶ
3600 3169 3735 3226 παρ-

2086 3244 2285 3297 αίνεσιν
2335 3245 2468 3317 (84).
2519 3244 2678 3316 Ἡμῖν
2735 3240 2793 3297 δὲ
2841 3241 2964 3318 περὶ
3019 3247 3166 3311 ζωῆς
3196 3241 3285 3296 καὶ
3336 3240 3564 3295 θανάτου
3604 3240 3737 3315 βρα-

2086 3332 2189 3408 χέα
2246 3331 2644 3410 φιλοσοφήσας,
2701 3331 2790 3386 καὶ
2849 3338 2950 3403 τῆς
3004 3331 3141 3386 κατὰ
3194 3335 3352 3404 σῶμα
3404 3330 3495 3385 καὶ
3553 3329 3737 3403 ψυχὴν

2088 3422 2334 3497 συζυγίας
2382 3424 2470 3477 καὶ
2530 3420 2868 3495 διαζεύξεως,
2927 3421 3017 3476 καὶ
3066 3425 3172 3475 τῶν
3218 3417 3313 3475 δύο
3344 3418 3590 3493 κόσμων,
3642 3420 3740 3472 τοῦ

2085 3534 2143 3567 τε
2200 3512 2466 3588 παρόντος
2540 3511 2629 3566 γαὶ
2688 3510 2795 3587 οὐχ
2848 3511 3101 3583 ἑστῶτος,
3156 3510 3245 3565 καὶ
3298 3514 3395 3565 τοῦ
3445 3506 3741 3581 νοουμένου

2086 3602 2175 3657 καὶ
2239 3602 2534 3675 μένοντος·
2588 3603 2677 3656 καὶ
2726 3600 2935 3670 πείσας,
2987 3605 3084 3655 τοῦ
3136 3600 3229 3673 μὲν
3278 3602 3621 3675 περιφρονεῖν
3678 3595 3742 3651 τὸ

2088 3690 2393 3764 ἀπατηλὸν,
2447 3692 2537 3745 καὶ
2591 3689 2843 3759 ἄτακτον,
2888 3691 2977 3745 καὶ
3032 3687 3344 3762 ἀνώμαλον,
3404 3687 3517 3756 καὶ,
3558 3685 3739 3761 ὥσπερ

2088 3782 2138 3835 ἐν
2195 3780 2453 3853 κύμασιν,
2508 3782 2619 3835 ἄνω
2677 3781 2767 3835 καὶ
2825 3780 2972 3834 κάτω
3031 3778 3191 3856 φέρον
3250 3798 3308 3832 τε
3356 3777 3444 3834 καὶ
3503 3775 3739 3855 φερόμε-

2088 3892 2176 3924 νον
2210 3873 2357 3939 (85)·
2406 3874 2505 3924 τοῦ
2551 3867 2609 3924 δὲ
2654 3867 3032 3944 προστίθεσθαι
3080 3872 3160 3939 τῷ
3208 3866 3408 3943 παγίῳ,
3467 3866 3558 3921 καὶ
3617 3884 3740 3920 στα-

2090 3959 2250 4031 θερῷ,
2306 3959 2395 4014 καὶ
2444 3957 2687 4029 θεοειδεῖ,
2738 3959 2827 4013 καὶ
2871 3956 3130 4019 ὡσαύτως
3178 3955 3381 4033 ἔχοντι,
3426 3956 3515 4011 καὶ
3564 3953 3742 4024 πάσης

2090 4048 2359 4122 ἐλευθέρῳ
2413 4056 2663 4125 ταραχῆς
2714 4048 2805 4103 καὶ
2881 4047 3221 4124 συγχύσεως.
3284 4045 3442 4103 Οὕτω
3517 4043 3617 4121 γὰρ
3684 4042 3743 4098 ἂν

2088 4139 2253 4207 ἦττον
2311 4139 2495 4210 ἀνιῷεν
2556 4140 2705 4211 ἡμᾶς
2764 4138 2817 4192 οἱ
2860 4135 3409 4214 προεκδημήσαντες·
3462 4133 3608 4190 ἀλλὰ
3654 4133 3744 4188 καὶ

2089 4226 2295 4299 ἥδοιεν,
2357 4227 2402 4281 εἷ
2461 4224 2667 4282 ἐνθένδε
2724 4225 2947 4303 ἀπάγων
3010 4230 3125 4301 (86)
3172 4229 3319 4299 ἡμᾶς
3358 4225 3386 4279 ὁ
3418 4222 3605 4300 λόγος,
3636 4219 3746 4276 ἅτω

2086 4316 2287 4387 τιθείη,
2346 4315 2434 4370 καὶ
2491 4316 2552 4369 τὸ
2612 4317 2781 4393 παρὸν
2826 4314 2989 4386 ἀηδὲς
3024 4315 3422 4391 ἐναποκρύπνοι
3478 4317 3558 4385 τῷ
3619 4309 3748 4384 μέλ-

2090 4404 2263 4475 λοντι,
2323 4404 2411 4459 καὶ
2471 4404 2671 4472 πείθοι,
2730 4403 2812 4460 δτι
2870 4405 2960 4459 καὶ
3030 4404 3183 4460 αὐτοὶ
3257 4404 3406 4479 παρᾶ
3472 4400 3744 4470 Δεσπότην

2090 4495 2288 4568 ἀγαθὸν
2362 4493 2707 4569 ἐπειγόμεθα,
2789 4494 2879 4549 καὶ
2953 4493 3183 4569 βελτίων
3244 4494 3280 4561 ἢ
3340 4491 3590 4547 κατοικία
3642 4496 3742 4557 τῆς

320 4601 430 4641 nos
456 4585 640 4642 oratio
664 4586 801 4642 hinc
822 4588 1108 4643 abductos
1139 4605 1378 4644 sursum
1403 4588 1664 4658 collocet,
1689 4592 1862 4659 atque
1898 4588 1973 4655 id,

2088 4583 2376 4658 παροικίας
2403 4602 2414 4615 ·
2448 4584 2538 4637 καὶ
2569 4579 2702 4659 ὅπερ
2735 4583 2845 4638 ἐστὶ
2875 4589 2992 4645 τοῖς
3039 4582 3266 4638 πλέουσι
3317 4579 3491 4653 λιμὴν
3542 4576 3740 4643 εὔδιος,

317 4675 472 4744 quod
506 4676 562 4729 in
599 4676 872 4747 praesenti
905 4677 1219 4732 molestum
1252 4681 1361 4739 est,
1385 4677 1445 4731 in
1478 4677 1659 4732 futuri
1686 4682 1981 4747 exspecta-

316 4763 475 4820 tione
505 4764 780 4835 occultet,
803 4766 1091 4836 nobisque
1118 4766 1263 4821 illud
1289 4767 1659 4837 persuadeat,
1680 4767 1831 4836 quod
1866 4766 1977 4837 ipsi

316 4869 552 4926 quoque
598 4854 669 4910 ad
716 4855 936 4911 bonum
991 4856 1307 4911 Dominum
1364 4872 1767 4928 properemus,
1801 4860 1980 4925 atque

382 4986 425 5022 ³⁷
458 4988 621 5045 Prov.
653 5004 770 5061 xvr,
798 4989 887 5044 31.
964 4986 1011 5023 ⁸⁸
1041 4988 1193 5045 Psal.
1226 5005 1369 5057 xxu,
1400 4992 1455 5044 2.

386 5129 498 5204 (7_9)
543 5129 1015 5204 ’Δπηυθυνόμεθα.
1067 5132 1163 5188 Sic
1221 5132 1361 5204 Reg.
1411 5148 1463 5186 c.
1516 5133 1579 5186 In
1637 5131 1755 5199 ed.,
1811 5128 1975 5183 ἀπευ-

314 5199 439 5253 θυνὸ
449 5211 605 5271 μεθα.

529 5271 990 5351 ἓεεφανούμενος.
1026 5279 1253 5351 Βεεᾉᾶ,
1288 5270 1740 5351 στεφανούμενον,

384 5273 496 5413 (80)
530 5273 990 5347 Στεφανούμενος.
1026 5279 1163 5349 Reg.
1201 5292 1253 5342 a,
1288 5273 1740 5351 στεφανούμενον.

409 5344 499 5416 81)
528 5343 932 5425 ’Πςπορημένομ
964 5346 1075 5402 καί.
1105 5370 1132 5397 ‹‹
1165 5347 1420 5425 Gregem
1459 5351 1689 5425 pastore
1724 5346 1974 5425 destituf

318 5419 469 5539 tuin,
496 5436 523 5465 »
555 5420 663 5539 cato.
714 5418 805 5471 Sic
857 5418 995 5491 Reg.
1028 5438 1083 5488 a,
1135 5424 1251 5474 tres
1290 5418 1463 5475 'Colb.
1499 5423 1555 5475 et
1584 5418 1678 5474 Or.
1715 5420 1764 5473 1.
1800 5418 1975 5473 Deest

318 5504 383 5538 κα
439 5503 499 5539 ιη
530 5502 559 5539 e
611 5528 622 5538 .

316 5502 406 5539 και
439 5503 499 5540 ID
530 5502 622 5540 ea.

388 5559 501 5646 (82)
553 5556 1065 5629 Ἐναναπαυόμενον.
1129 5562 1223 5617 Sic
1281 5563 1377 5617 Or.
1441 5564 1490 5615 1.
1554 5562 1617 5615 In
1679 5561 1794 5628 ed.,
1855 5558 1971 5614 ἐνα-

316 5646 456 5681 παυο
510 5646 559 5681 εν
570 5646 649 5679 ον.

394 5648 507 5768 (Βὲ)
536 5699 649 5768 Ἀγι

394 5697 505 5771 (83)
536 5697 814 5771 Ἀγαπῶν.
847 5697 1022 5757 Coisl.
1054 5705 1107 5771 1,
1140 5706 1197 5759 et
1226 5704 1355 5763 Par.
1382 5702 1638 5780 ἀγαπῴη.

2086 4677 2248 4727 τοῦτο
2306 4677 2423 4735 τοῖς
2484 4671 2709 4727 ἐνταῦθα
2765 4674 3194 4747 χειμαζομένοις
3261 4672 3296 4739 ἡ
3356 4670 3527 4724 ἐκεῖσε
3576 4667 3742 4739 μετά-

2090 4782 2270 4823 στασις
2320 4762 2409 4817 καὶ
2464 4762 2753 4835 ματάθεσις
2802 4764 2914 4834 (87)
2941 4780 2953 4792 ’
3011 4762 3046 4830 ἢ
3080 4759 3258 4835 ὥσπερ
3291 4759 3343 4815 οἱ
3377 4758 3582 4834 μακρὰν
3616 4753 3739 4810 ὁδὸν

2088 4848 2618 4927 προκαταλύσαντες,
2666 4855 2774 4906 τῶν
2835 4848 3272 4927 ὁδοιπορούντων
3323 4847 3413 4908 καὶ
3471 4844 3745 4922 μοχθούν-

2159 5131 2272 5203 (84)
2304 5128 2647 5204 Παραίνεσιν.
2682 5129 2858 5188 Coisl.
2913 5132 2966 5198 1,
3016 5126 3352 5204 προαίρεσιν,
3403 5151 3430 5178 ‹‹
3483 5124 3741 5199 proposi-

2089 5207 2478 5348 ιυίὲέῖΦέρον
2509 5293 2569 5327 τε
2597 5270 2687 5327 καὶ
2718 5267 3030 5351 φερόμενον.
3062 5296 3091 5325 ‹‹
3123 5273 3248 5338 Qua
3294 5272 3444 5328 ferat
3490 5274 3548 5327 et
3594 5268 3741 5324 lera—

2300 5414 2583 5493 ‘.A7_':riywv._
2608 5417 2749 5489 Reg.
2786 5433 2848 5493 ει,
2873 5414 3196 5493 ἀπαγαγώνἶ
3214 5488 3245 5493 Δ-
3549 5487 3558 5493 _
3611 5481 3645 5493 __

2177 5419 2247 5472 86
2300 5419 2573 5491 Ἀπάγων.
2608 5419 2749 5489 Reg.
2786 5433 2838 5484 a,
2873 5419 3193 5489 ἀπαγαγών.
3634 5481 3645 5493 _

2153 5419 2268 5561 (87)
2290 5489 2726 5564 ,Καὶᾼμετάθισις
2759 5511 2789 5539 ‹‹
2809 5489 2880 5544 Et
2902 5488 3309 5564 transpositio,
3333 5487 3744 5564 permutatio,»

2083 5553 2345 5691 Desisttin
2394 5553 2532 5634 Reg.
2567 5579 2621 5618 a.
2654 5563 2777 5616 Vox
2826 5577 2967 5616 sane
3020 5553 3352 5632 superﬂua,"
3373 5573 3479 5613 nec
3510 5574 3540 5611 a
3575 5553 3744 5610 Billio

2083 5650 2144 5690 re
2232 5650 2248 5689 1
2280 5651 2332 5690 a.
