4090 6408
293 386 413 448 989

1206 381 1497 443 ORATIO
1540 379 1759 443 XVIII.
1798 408 1869 423 -
1899 378 2291 443 FUNEBRIS
2337 380 2417 441 IN
2463 381 2809 445 PATREM.

3594 380 3714 443 990

292 519 402 572 τῶν
437 513 515 570 ἔτι
548 512 711 590 ῥᾴους
736 513 826 567 καὶ
858 512 1192 587 ἀπονώτεροι
1219 530 1232 544 ο
1280 509 1452 573 οὕτως
1503 511 1553 565 οἱ
1604 512 1714 584 (88)
1764 507 1940 565 έπιτυ-
1978 562 1985 578 Α

2082 512 2345 569 labitatio
2379 515 2845 587 peregrinatione
2878 514 3083 571 melior
3113 518 3170 571 et
3207 512 3573 586 praestantior
3602 513 3710 577 sit;

296 604 490 681 χόντες
520 608 616 658 τοῦ
648 603 759 659 ἐκεῖ
788 601 1191 674 καταλύμεεος,
1220 605 1326 655 τῶν
1361 597 1436 655 ἔτι
1476 608 1576 670 τήν
1610 599 1833 655 σκολιὰν
1861 599 1951 653 xui

294 692 599 770 κρημνώδη
632 697 728 747 τοῦ
764 691 883 768 βίου
914 690 1110 746 τούτου
1140 691 1447 764 τεμνόντων
1496 687 1642 761 ὁδὸν,
1694 687 1951 761 ἀμείνους

298 783 389 839 καὶ
420 782 781 855 ἀνεκτότεροι.

2063 602 2339 673 quodque
2371 604 2783 676 navigantibus
2820 604 3175 676 tranquillus
3219 608 3421 676 portus
3463 609 3571 670 est,
3605 603 3713 656 hoc

2062 688 2159 755 iis,
2191 691 2289 760 qui
2322 692 2500 761 hujus
2532 694 2659 748 vitze
2693 695 2965 765 procellis
2997 694 3309 766 agitantur,
3340 692 3608 764 migratio
3641 691 3713 746 ad

2064 779 2306 834 alteram
2337 781 2513 836 vitam
2548 783 2791 838 exsistat
2824 800 2836 840 :
2871 788 2971 839 aut
3005 784 3180 839 etiam
3214 782 3712 854 quemadmodum

300 874 401 946 qui
432 873 675 945 longum
718 873 828 927 iter
874 870 1097 943 priores
1129 870 1523 937 confecerunt,
1557 870 1756 923 minus
1787 866 2153 922 difficultatis
2186 885 2251 923 ac
2283 869 2562 926 molestiae
2594 871 2831 939 habent,
2865 889 3041 944 quam
3074 872 3175 943 qui
3230 871 3423 927 adhuc
3470 869 3581 925 iter
3628 870 3713 925 fa-

301 963 483 1028 ciunt,
519 966 690 1032 atque
718 959 779 1015 in
812 960 1009 1014 labore
1037 963 1370 1025 versantur;
1406 959 1486 1013 ita
1532 956 1887 1012 tolerabilior
1935 960 1991 1010 et
2038 956 2244 1011 melior
2273 974 2473 1014 eorum
2504 960 2760 1015 conditio
2793 962 2889 1027 sit,
2924 962 3023 1033 qui
3071 962 3142 1016 ad
3198 960 3343 1015 illud
3394 958 3713 1031 hospitium

293 1052 421 1122 jam
458 1052 861 1121 pervenerunt,
897 1064 1075 1119 quam
1108 1047 1206 1119 qui
1239 1049 1546 1102 sinuosum
1581 1046 1772 1101 adhuc
1803 1050 1859 1100 et
1890 1062 2144 1116 praeceps
2177 1047 2354 1117 hujus
2386 1047 2517 1103 vitae
2546 1047 2655 1103 iter
2686 1049 3064 1104 emetiuntur.

379 1138 449 1192 Δ’.
498 1138 673 1207 Ἠμᾶς
726 1136 818 1208 μὲν
869 1134 1011 1189 οὕτω
1068 1136 1472 1210 παραμυθήσῃ·
1542 1135 1640 1202 τήν
1710 1132 1951 1205 ποίμνην

305 1223 361 1279 δὲ
394 1229 547 1293 πῶς,
600 1229 820 1299 Πρῶτον
876 1224 970 1296 μὲν
1019 1224 1119 1291 τήν
1172 1224 1268 1292 σὴν
1310 1222 1689 1297 ὑποσχόμενος
1741 1221 1955 1276 ἐπιστα-

306 1314 423 1368 σίαν
482 1314 569 1368 xui
628 1313 945 1389 ἡγεμονίαν,
1005 1312 1066 1366 οὗ
1123 1318 1255 1366 πᾶσι
1310 1312 1476 1366 καλὸν
1539 1312 1641 1365 ὑπὸ
1697 1311 1793 1373 τὰς
1834 1310 1958 1365 πτέ-

312 1424 477 1477 ρυγας
548 1401 929 1470 ἀναπαύεσθαι,
987 1402 1074 1455 καὶ
1142 1402 1203 1455 οὗ
1282 1398 1525 1474 διψῶμεν
1598 1407 1699 1469 τῆς
1774 1405 1959 1474 φωνῆς

314 1491 548 1564 μᾶλλον,
598 1491 633 1560 ἢ
679 1494 859 1566 πηγῆς
901 1498 1001 1559 τῆς
1048 1491 1436 1563 καθαρωτάτης
1468 1490 1519 1543 οἱ
1552 1487 1695 1563 δίψει
1728 1490 1962 1561 κάμνον-

308 1601 416 1642 τες.
472 1580 725 1653 Δεύτερον
768 1578 825 1633 δὲ
865 1580 1077 1649 πείσας,
1126 1580 1202 1641 ὡς
1261 1576 1385 1633 οὐδὲ
1432 1583 1520 1633 νῦν
1557 1581 1705 1651 ἡμᾶς
1764 1576 1964 1632 ἀπολέ-

313 1668 502 1723 λοιπεν
553 1670 580 1723 ὁ
630 1670 848 1741 Ποιμὴν
890 1670 918 1722 ὁ
963 1667 1153 1739 καλὸς,
1205 1669 1233 1723 ὁ
1279 1668 1447 1731 τιθεὶς
1486 1669 1585 1736 τὴν
1616 1668 1801 1741 ψυχὴν
1836 1667 1966 1742 ὑπὶρ

2141 1135 2229 1189 IV.
2265 1141 2345 1190 Ac
2377 1154 2481 1192 nos
2513 1138 2749 1208 quidem
2783 1140 2853 1194 ad
2895 1138 3051 1194 hunc
3098 1138 3336 1193 modum
3369 1136 3715 1193 consolabe-

2067 1224 2167 1278 ris.
2200 1230 2463 1289 Quonam
2498 1230 2692 1281 autem
2728 1232 2893 1297 pacto
2927 1227 3207 1300 gregem?
3242 1226 3501 1280 Primum
3535 1226 3584 1281 si
3614 1241 3715 1281 cu-

2068 1330 2194 1368 ram
2226 1318 2389 1368 tuam
2428 1320 2484 1370 et
2528 1316 2771 1371 ductum
2806 1317 3121 1383 tuum,hoo
3162 1321 3268 1382 est,
3294 1316 3422 1385 ejus
3453 1313 3580 1383 viri,
3615 1315 3725 1369 sub

2069 1404 2243 1473 cujus
2300 1404 2509 1474 pennis
2560 1406 2927 1476 requiescere
2976 1406 3249 1460 omnibus
3296 1402 3611 1476 pulchrum
3663 1419 3727 1458 ac

2073 1491 2416 1563 przeclarum
2442 1498 2549 1557 est,
2578 1498 2634 1547 et
2656 1495 2827 1564 cujus
2853 1510 3051 1549 vocem
3076 1493 3265 1564 magis
3288 1491 3523 1547 sitimus
3548 1507 3726 1561 quam

2074 1581 2426 1652 purissimos
2478 1583 2684 1652 fontes,
2720 1582 2779 1650 ii,
2816 1582 2917 1654 qui
2965 1583 3056 1638 siti
3094 1582 3382 1650 laborant,
3416 1597 3529 1635 non
3562 1581 3728 1635 defu-

2075 1672 2277 1723 turum
2310 1669 2640 1741 pollicearis
2675 1714 2687 1727 .
2727 1671 2939 1727 Deinde
2972 1671 3017 1727 si
3054 1688 3160 1726 nos
3195 1687 3259 1726 eo
3306 1668 3637 1727 adduxeris.
3668 1672 3735 1723 ut

310 1762 418 1811 τῶν
467 1752 799 1833 προϐάτων’
856 1754 1000 1812 ἀλλὰ
1049 1757 1137 1811 καὶ
1198 1758 1450 1833 πάρεστι,
1510 1755 1600 1810 καὶ
1666 1754 1966 1827 ποιμαίνει,

2082 1758 2150 1813 ab
2182 1758 2280 1814 illo
2314 1760 2465 1815 bono
2498 1760 2753 1827 Pastore,
2776 1760 2877 1831 qui
2908 1778 3011 1831 pro
3038 1761 3243 1815 ovibus
3276 1759 3535 1814 animam
3560 1774 3729 1814 suam

312 1844 402 1898 xui
462 1841 671 1920 ὁδηγεῖ,
732 1843 819 1899 καὶ
869 1844 1239 1919 γινώσκειτὰ
1298 1841 1437 1910 ’ίδια,
1503 1842 1592 1897 καὶ
1650 1844 1971 1919 γινώσκεται

316 1932 420 1988 ὐπὸ
502 1937 607 1987 τῶν
689 1931 837 1988 ἰδίων
874 1952 889 1968 ·
966 1938 1294 2006 σωματικῶς
1359 1934 1453 2002 μὲν
1515 1931 1618 2006 οὐχ
1670 1932 1971 2008 ὁρώμενος,

322 2025 705 2095 πνευματικῶς
754 2019 811 2077 δὲ
862 2022 1278 2097 συγγινόμενος,
1323 2020 1413 2076 xui
1453 2018 1825 2096 προπολεμῶν
1874 2027 1975 2091 τῆς

324 2111 567 2185 ποίμνης
620 2112 757 2166 κατὰ
802 2116 906 2165 τῶν
948 2108 1153 2179 λύκων,
1194 2110 1283 2163 καὶ
1316 2107 1494 2164 οὐδενί
1522 2114 1827 2185 συγχωρῶν
1888 2107 1977 2164 διὰ

320 2203 418 2269 τῆς
482 2198 654 2270 αὐλῆς
697 2195 1072 2276 ὐπερϐαίνοντι
1120 2199 1423 2274 λῃστρικῶς
1488 2219 1546 2253 τε
1594 2200 1683 2253 καὶ
1752 2194 1973 2254 ἐπιϐού-

324 2286 459 2355 λως,
510 2288 627 2363 ξένη
678 2290 831 2367 φωνῆ
881 2288 1195 2363 κατασύρειν
1246 2288 1335 2342 xui
1397 2285 1739 2343 διακλέπτειν
1794 2290 1974 2363 ψυχὰς

320 2381 388 2449 τῇ
439 2375 668 2449 ἀληθείᾳ
714 2377 897 2439 καλῶς
944 2376 1206 2453 ἡγμένας.
1279 2375 1548 2449 Πείθομαι
1598 2373 1666 2446 δ’,
1739 2374 1823 2431 ὅτι
1883 2378 1972 2431 xui

319 2470 387 2539 τῇ
443 2462 701 2542 πρεσϐείᾳ
748 2471 838 2521 νῦν
889 2466 1125 2539 μᾶλλον,
1168 2468 1202 2535 ἢ
1237 2465 1499 2542 πρότερον
1528 2470 1595 2539 τῇ
1631 2464 1971 2539 διδασκαλίᾳ,

320 2554 432 2627 ὅσῳ
478 2555 567 2610 καὶ
623 2554 833 2629 μᾶλλον
886 2555 1079 2632 ἐγγίζει
1130 2557 1267 2627 Θεῷ,
1314 2555 1409 2616 τὰς
1440 2556 1751 2628 σωματικὰς
1808 2552 1973 2618 πέδας

320 2644 765 2718 ἀποσεισάμενος,
819 2645 904 2700 καὶ
954 2652 1055 2714 τῆς
1104 2644 1471 2714 ἐπιθολούσης
1518 2644 1611 2699 τὸν
1659 2649 1788 2698 vei»)
1819 2642 1971 2706 ἰλύος

321 2733 748 2811 ἀπηλλαγμένος
809 2732 897 2788 καὶ
966 2738 1157 2809 γυμνῷ
1231 2733 1435 2809 γυμνὸς
1495 2733 1835 2809 ἐντυγχάνων
1894 2738 1972 2806 τῷ

320 2824 524 2897 πρώτῳ
589 2823 679 2878 καὶ
737 2822 1106 2899 καθαρωτάτῳ
1173 2825 1275 2892 νοῒ,
1344 2823 1544 2894 τάξεως
1609 2824 1698 2877 καὶ
1756 2823 1969 2900 παρῥη-

322 2911 437 2973 σίας
488 2912 806 2987 ἀγγελικῆς,
860 2911 907 2965 εἷ’
959 2914 1034 2985 μὴ
1067 2910 1349 2987 τολμηρὸν
1372 2916 1534 2967 τοῦτο
1567 2912 1755 2985 εἰπεῖν,
1788 2912 1971 2983 ἀξιού-

325 3020 501 3072 μενος.
553 3005 731 3055 Ταῦτα
782 3000 874 3072 μὲν
909 3000 999 3055 οὗν
1036 3003 1142 3072 (89)
1174 3000 1333 3062 αὐτὸς
1367 2999 1643 3071 διαθήσεις
1672 3001 1760 3056 καὶ
1814 3001 1971 3078 φιλο-

320 3091 577 3166 σοφήσεις
627 3088 846 3162 ἄμεινον
895 3090 930 3158 ἢ
982 3090 1055 3151 ὡς
1106 3089 1164 3143 ἃν
1219 3090 1379 3151 αὐτὸς
1424 3088 1830 3166 παραδείξαιμι,
1880 3093 1971 3147 καὶ

320 3148 486 3254 λόγου
537 3148 759 3251 δυνάμει
812 3148 1273 3251 καὶῐπνεύματος.
1306 3148 1420 3237 Ἵνα
1452 3148 1513 3234 δὲ⁸
1543 3181 1618 3253 μὴ
1653 3148 1722 3235 δι’
1747 3148 1969 3257 ’ἄγνοιαν
2003 3148 2047 3214 C

315 3271 422 3322 τῶν
484 3268 689 3323 ἐκείνου
748 3265 931 3323 καλῶν
983 3266 1275 3344 παραπολὺ
1330 3271 1429 3337 τῆς
1485 3268 1633 3340 ἀξίας
1704 3271 1732 3325 ὁ
1808 3269 1974 3345 λόγος

318 3356 623 3430 έλαττωθῇ,
680 3358 889 3433 βραχέα
930 3365 1028 3427 τῆς
1073 3357 1365 3436 εὐφημίας,
1417 3357 1469 3429 ἐξ
1527 3360 1599 3413 ὧν
1647 3358 1808 3422 αὐτὸς
1850 3382 1972 3415 συν-

317 3446 608 3519 επίσταμαι
676 3451 755 3517 τῷ
820 3445 1140 3518 ἀπελθόντι,
1210 3449 1604 3524 σκιαγραφήσω
1670 3450 1804 3521 (90),
1882 3450 1970 3503 xui

315 3533 668 3609 προχαράξω,
718 3535 808 3587 καὶ
856 3532 1165 3606 παραδώσω
1206 3556 1317 3603 σοι,
1350 3540 1426 3606 τῷ
1456 3535 1610 3607 καλῷ
1653 3540 1760 3591 τῶν
1791 3537 1972 3591 τοιού-

313 3643 421 3677 των
472 3626 687 3699 γραφεῖ,
737 3628 835 3690 τῆς
879 3621 1075 3696 ἀρετῆς
1132 3629 1231 3691 τῆς
1282 3622 1481 3677 ἐκείνου
1512 3626 1573 3677 τὸ
1604 3622 1811 3686 κάλλος
1866 3625 1967 3679 ἀπ-

316 3705 641 3787 ακριϐῶσαι,
664 3709 752 3763 καὶ
802 3706 1135 3783 παραδοῦναι
1180 3716 1297 3772 ταῖς
1328 3712 1540 3766 πάντων
1575 3712 1763 3774 ἀκοαῖς
1791 3734 1849 3768 τε
1879 3713 1968 3768 καὶ

318 3798 599 3862 διανοίαις.

2085 1847 2283 1919 posuit
2304 1850 2368 1916 '9,
2394 1866 2500 1904 nos
2534 1865 2604 1903 ne
2627 1867 2782 1927 nunc
2805 1850 3043 1922 quidem
3068 1849 3300 1905 relictos
3328 1865 3456 1905 esse
3476 1848 3735 1904 confida-

2086 1953 2249 2004 mus;
2286 1937 2427 2009 quin
2482 1938 2678 2009 potius
2736 1955 2892 2007 eum,
2918 1943 2975 1994 et
3028 1940 3255 2004 adesse,
3278 1941 3335 1994 et
3391 1952 3649 2010 pascere,
3681 1939 3738 1991 et

2084 2026 2391 2096 deducere,
2410 2031 2468 2082 et
2495 2044 2629 2083 oves
2662 2045 2803 2083 suas
2833 2044 3203 2100 cognoscere,
3224 2032 3280 2082 et
3311 2044 3345 2082 a
3374 2026 3501 2083 suis
3531 2041 3739 2098 cogno-

2084 2113 2189 2182 sci,
2224 2132 2338 2171 non
2377 2115 2543 2171 illum
2596 2116 2832 2188 quidem
2869 2134 3142 2189 corporeo
3175 2117 3348 2171 modo
3395 2130 3524 2171 sese
3566 2131 3736 2187 spec—

2086 2204 2329 2259 tandum
2382 2206 2762 2277 praebentem,
2804 2207 2905 2262 sed
2959 2206 3325 2277 spiritualem
3378 2205 3437 2260 in
3492 2205 3735 2260 modum

2086 2293 2394 2349 nobiscum
2426 2300 2777 2361 versantem,
2811 2311 2877 2351 ac
2908 2312 3010 2367 pro
3042 2311 3215 2367 grege
3252 2295 3534 2350 adversus
3565 2293 3738 2365 lupos

2084 2388 2468 2453 pugnantem,
2502 2400 2605 2439 nec
2652 2399 3034 2455 quemquam,
3068 2383 3408 2455 praedonum
3459 2399 3641 2447 more,
3673 2398 3739 2437 ac

2082 2488 2185 2542 per
2214 2472 2483 2543 insidias,
2516 2472 2747 2528 caulam
2779 2473 3093 2538 transilire,
3124 2478 3300 2543 atque
3330 2472 3559 2527 animas
3588 2471 3739 2527 veri-

2083 2564 2198 2615 tate
2240 2566 2393 2616 recte
2440 2561 2740 2617 institutas
2792 2563 3094 2633 peregrina
3135 2578 3272 2617 voce
3314 2561 3642 2617 distrahere
3671 2576 3739 2616 ac

2084 2650 2388 2721 subripere
2444 2652 2756 2707 sinentem.
2790 2651 2905 2706 Nec
2950 2651 3155 2706 dubito
3209 2651 3350 2723 quin
3410 2650 3518 2705 hoc
3578 2664 3737 2705 nunc

2084 2755 2317 2809 quoque
2349 2743 2511 2794 tanto
2547 2740 2736 2811 magis
2768 2740 3175 2811 deprecatione
3208 2757 3335 2805 sua,
3360 2755 3537 2810 quam
3571 2737 3735 2809 prius

2083 2828 2368 2895 doctrina,
2394 2835 2645 2900 praestet,
2680 2835 2897 2901 quanto
2944 2845 3099 2884 nunc
3130 2829 3317 2899 magis
3364 2827 3477 2883 Deo
3526 2844 3737 2899 appro-

2082 2918 2349 2988 pinquat,
2387 2922 2450 2972 ut
2480 2919 2580 2989 qui
2627 2934 2935 2989 corporeas
2966 2918 3278 2990 compedes
3308 2916 3647 2982 excusserit,
3671 2932 3738 2969 ac

2082 3004 2221 3060 limo
2252 3005 2351 3060 illo
2386 3008 2601 3061 mentis
2634 3006 2948 3076 puritatem
2983 3006 3296 3071 inliciente,
3324 3004 3607 3059 liberatus
3638 3002 3735 3070 sit,

2082 3095 2397 3165 nudusque
2428 3111 2560 3149 cum
2613 3096 2771 3150 nuda
2821 3095 3082 3166 principe
3114 3099 3169 3149 et
3200 3093 3513 3165 purissima
3544 3098 3740 3147 mente

2081 3188 2365 3252 versetur,
2398 3182 2647 3255 angelici
2697 3183 2919 3240 ordinis
2965 3184 3310 3255 dignitatem
3361 3187 3417 3237 et
3460 3181 3733 3237 fiduciam

2081 3272 2217 3341 (nisi
2261 3273 2365 3328 hoc
2398 3274 2557 3328 dictu
2603 3274 2794 3329 audax
2824 3274 2932 3343 est)
2957 3278 3325 3328 consecutus.
3362 3277 3440 3327 Ac
3491 3276 3555 3326 tu
3606 3270 3736 3342 qui.

2080 3364 2213 3418 dem
2257 3379 2357 3433 pro
2408 3379 2475 3417 ea
2530 3362 2821 3417 sermonis
2877 3367 2934 3417 et
2990 3362 3231 3433 spiritus
3284 3360 3581 3423 facultate,
3618 3374 3738 3430 qua

2080 3450 2285 3522 polles,
2319 3451 2539 3505 rectius
2571 3452 2695 3523 ipse
2728 3468 2829 3523 per
2866 3456 2942 3519 te,
2979 3468 3156 3522 quam
3190 3450 3294 3505 tibi
3338 3466 3442 3521 ego
3474 3448 3737 3503 indicare

2078 3540 2324 3610 possim,
2351 3540 2671 3595 constitues
2694 3557 2759 3594 ac
2784 3539 3311 3611 philosophaberis.
3334 3538 3415 3593 Ne
3440 3544 3637 3592 autem
3662 3539 3735 3593 ob

2077 3627 2363 3682 virtutum
2433 3627 2593 3681 illius
2650 3627 3078 3697 ignorationem
3131 3626 3313 3681 oratio
3368 3627 3521 3682 833
3582 3625 3738 3681 infra

2079 3716 2425 3786 dignitatem
2458 3716 2627 3788 longe
2668 3715 2973 3779 subsistat,
3006 3717 3211 3770 breves
3243 3715 3529 3785 quasdam
3563 3731 3737 3769 enco-

2079 3804 2182 3858 mii
2242 3809 2457 3873 partes,
2509 3821 2576 3858 ex
2631 3803 2860 3875 iis,quee
2918 3804 2977 3857 in
3037 3805 3311 3858 defuncto
3369 3803 3599 3875 agnovi,
3632 3805 3733 3858 de-

315 3890 567 3957 lineabo,
602 3894 772 3961 atque
803 3890 1191 3958 adumbraho,
1224 3908 1289 3946 ac
1319 3890 1423 3945 tibi
1456 3891 1642 3963 perito
1674 3891 2015 3963 hujusmodi
2044 3909 2237 3948 rerum
2274 3894 2503 3964 pictori,
2534 3893 2770 3948 virtutis
2819 3891 2976 3947 illius
3025 3892 3524 3965 pulchritudinem
3559 3908 3737 3947 accu-

316 3980 503 4035 ratius
535 3979 964 4052 expoliendam,
997 3984 1173 4051 atque
1203 3980 1468 4035 omnium
1500 3980 1839 4036 mortalium
1865 3982 2109 4038 auribus
2140 3987 2197 4037 et
2226 3982 2440 4037 animis
2469 3982 2836 4049 tradendam,
2869 3982 3041 4037 dabo.

388 4069 461 4123 E'.
515 4069 750 4129 Ἐκεῖνος
799 4066 978 4122 τοίνυν
1026 4064 1134 4141 (⁹ίνα
1179 4065 1437 4145 πατρίδα,
1486 4068 1575 4122 καὶ
1626 4070 1804 4146 γένος,
1874 4068 1965 4125 καὶ

315 4158 575 4230 σώματος
638 4156 857 4235 εὐφυΐαν
939 4158 1071 4231 (91),
1138 4157 1229 4212 καὶ
1302 4158 1400 4227 τὴν
1480 4154 1668 4229 ἔξωθεν
1738 4161 1965 4237 περιφά-

311 4268 478 4319 νειαν,
508 4248 598 4301 καὶ
649 4244 828 4302 τᾶλλα
877 4246 959 4309 οἶς
1012 4248 1148 4324 μέγα
1195 4251 1479 4326 φρονοῦσιν
1520 4250 1817 4323 ἄνθρωποι,
1848 4254 1965 4311 τοῖς

312 4340 418 4391 τῶν
470 4335 762 4412 ἐγκωμίων
809 4335 1005 4410 νόμοις
1054 4336 1266 4414 παρεὶς,
1319 4336 1378 4392 ἐκ
1416 4342 1524 4393 τῶν
1566 4340 1701 4412 ἡμῖν
1730 4340 1962 4415 πρώτων

2153 4075 2217 4126 V.
2253 4071 2351 4125 llle
2383 4071 2563 4144 igitur
2592 4077 2680 4139 (ut
2710 4073 2983 4143 patriam,
3018 4088 3222 4143 genus,
3254 4070 3515 4142 corporis
3544 4072 3731 4138 dotes,

2077 4165 2379 4217 externum
2440 4160 2835 4233 splendorem,
2870 4166 2927 4216 et
2974 4160 3110 4227 alia,
3152 4161 3225 4216 ob
3276 4178 3401 4233 qua:
3462 4159 3734 4217 homines

2079 4251 2389 4324 magniﬁce
2443 4252 2514 4306 de
2560 4268 2621 4307 se
2671 4252 2955 4319 sentiunt,
2988 4252 3059 4306 ad
3116 4251 3515 4307 encomiorum
3576 4249 3734 4322 leges

2078 4343 2406 4411 remittam,
2464 4344 2639 4413 atque
2694 4342 2765 4397 ab
2820 4341 2944 4413 his,
3006 4358 3132 4414 qua:
3190 4342 3360 4396 nobis
3419 4340 3611 4411 prima
3680 4344 3737 4395 et

308 4426 398 4479 xui
453 4425 799 4480 οἰκειοτάτων
849 4423 1142 4516 ἀρξωμαι),
1206 4426 1361 4501 ῥίζης
1411 4427 1623 4516 ἆγένετο
1672 4427 1967 4503 βλάστημα

2082 4432 2332 4487 maxime
2381 4431 2615 4502 propria
2672 4436 2831 4498 sunt,
2878 4431 3115 4487 initium
3156 4432 3388 4501 ducam)
3423 4448 3491 4485 ex
3543 4430 3737 4485 radice

313 4513 412 4568 οὐκ
461 4514 765 4581 έπαινετῆς,
818 4511 944 4567 οὐδὲ
992 4514 1219 4590 εὐφυοῦς
1270 4515 1346 4577 εἰς
1398 4512 1667 4571 εὐσέϐειαν
1719 4517 1803 4591 (οὐ
1863 4518 1967 4592 γὰρ

313 4602 648 4677 αἰσχύνομαι
696 4604 814 4662 τοῖς
862 4601 1127 4674 πρώτοις,
1176 4608 1296 4664 τοῖς
1341 4602 1676 4667 τελευταίοις
1706 4606 1965 4682 θαρρῶν),

312 4688 437 4746 οὐδὲ
468 4689 539 4759 ,έν
584 4693 663 4760 τῷ
711 4686 851 4760 οἷ’κῳ
898 4693 995 4742 τοῦ
1043 4694 1174 4743 Θεοῦ
1218 4695 1642 4768 πεφυτευμένης,
1676 4691 1823 4749 ἀλλὰ
1877 4693 1967 4747 xui

315 4780 436 4835 λίαν
497 4778 703 4833 ἀτόπου
777 4776 867 4831 καὶ
934 4775 1245 4832 ἀλλοκότου
1324 4782 1458 4853 (92),
1528 4780 1587 4835 ἐκ
1644 4778 1791 4835 δυοῖν
1849 4787 1964 4836 τοῖν

314 4866 718 4924 έναντιωτάτοιν
784 4866 1248 4943 συγκεκραμένης,
1332 4868 1666 4940 Ἑλληνικῆς
1716 4892 1775 4926 τε
1830 4870 1969 4926 πλά-

310 4979 429 5030 νης,
479 4957 567 5012 xui
618 4961 851 5030 νομικῆς
899 4955 1209 5033 τερατείας·
1262 4957 1335 5011 ὧν
1389 4959 1709 5033 ἀμφοτέρων
1758 4961 1825 5015 τὰ
1855 4961 1969 5034 (93)

316 5048 451 5123 μέρη
513 5046 719 5125 φυγὼν,
780 5044 840 5100 ἐκ
900 5049 1076 5121 μερῶν
1128 5045 1404 5117 συνετέθη.
1452 5054 1562 5118 Τῆς
1615 5048 1708 5123 μὶν
1761 5050 1863 5127 γὰρ
1902 5048 1971 5105 τὰ

311 5133 515 5191 εἷ’δωλα
572 5135 661 5191 καὶ
717 5135 809 5197 τὰς
868 5133 1053 5200 θυσίας
1108 5134 1584 5211 ἀποπεμπόμενοι,
1643 5142 1850 5212 τιμῶσι
1904 5138 1968 5194 τὸ

376 5281 423 5316 ³⁸
450 5281 619 5337 Joan.
651 5297 709 5345 x,
744 5280 833 5334 11.

378 5420 486 5493 (88)
521 5419 604 5493 φὶ.
638 5421 732 5475 Sic
768 5421 905 5493 Reg.
939 5438 993 5487 a,
1026 5428 1082 5477 et
1112 5420 1207 5478 0r.
1238 5422 1288 5476 1.
1322 5422 1495 5478 Deest
1524 5423 1584 5479 in
1618 5425 1709 5479 ed.

379 5488 487 5566 (89)
520 5488 646 5547 Οὗν.
683 5488 937 5566 Deest'in
972 5493 1150 5566 Regg.
1187 5511 1238 5561 a,
1278 5495 1397 5561 bm,
1429 5500 1486 5549 et
1516 5494 1610 5550 Or.
1647 5497 1697 5550 1.

380 5562 493 5639 (90)
526 5565 948 5639 Σκιαγραφήσω.
984 5562 1084 5620 Sic
1100 5562 1294 5639 'Regg.
1329 5583 1383 5634 8.,
1416 5566 1534 5622 bm.
1571 5568 1629 5621 In
1660 5568 1778 5634 ed.,
1809 5586 1964 5621 σκιο-

309 5652 795 5781 γρῗὲῧσὲώματος
854 5702 1097 5784 εὐφυίαν,
1152 5730 1182 5761 ‹‹
1230 5710 1317 5769 Ad
1376 5708 1575 5769 omnia
1633 5710 1964 5770 naturalem

2078 4526 2241 4575 ortus
2273 4524 2361 4575 est
2390 4520 2634 4575 minime
2681 4520 2986 4585 laudabili,
3021 4537 3127 4576 nec
3155 4522 3226 4575 ad
3260 4520 3531 4592 pietatem
3583 4523 3737 4575 recte

2078 4614 2419 4679 comparata
2447 4608 2585 4677 (non
2633 4608 2791 4662 enim
2833 4610 3092 4680 priorum
3139 4624 3233 4663 me
3277 4610 3475 4679 pudet,
3511 4613 3733 4679 postre-

2078 4697 2193 4751 mis
2219 4696 2631 4763 conﬁdentem)
2659 4713 2671 4762 ;
2712 4712 2819 4751 nec
2849 4697 2906 4750 in
2941 4698 3114 4752 domo
3170 4698 3265 4751 Dei
3322 4697 3606 4767 plantata,
3638 4712 3733 4750 ve-

2078 4800 2209 4838 rum
2246 4783 2565 4837 admodum
2611 4783 2869 4838 absurda
2912 4788 2968 4838 et
3012 4784 3371 4856 prodigiosa,
3404 4800 3471 4837 ex
3501 4784 3732 4838 duabus

2077 4873 2253 4927 rebus
2311 4871 2566 4927 maxime
2623 4871 2951 4943 contrariis,
2985 4873 3093 4929 hoc
3141 4877 3248 4942 est,
3282 4890 3348 4928 ex
3392 4872 3594 4945 gentili
3641 4890 3732 4928 er-

2079 4978 2206 5016 rore
2238 4964 2293 5015 et
2332 4959 2504 5033 legali
2535 4961 2789 5018 vanitate
2827 4961 3105 5031 conﬂata;
3137 4978 3389 5035 quarum
3423 4962 3733 5035 utriusque

2079 5054 2273 5122 partes
2324 5052 2613 5122 quasdam
2668 5050 2920 5124 fugiens,
2952 5068 3021 5108 ex
3049 5052 3407 5124 quibusdam
3465 5051 3732 5124 partibus

2079 5139 2329 5196 conﬂata
2376 5143 2433 5195 et
2479 5140 2798 5197 constituta
2853 5145 2964 5197 est.
2994 5140 3220 5198 Etenim
3280 5141 3440 5198 illius
3491 5142 3725 5214 quidem

2074 5424 2334 5482 corporis
2364 5425 2786 5482 dexteritatem.

2146 5492 2255 5567 (92)
2284 5492 2644 5551 Ἀλλοκότου.
2674 5497 2890 5564 Gloss.,
2914 5495 3172 5569 ἐναντίας,
3206 5496 3383 5569 ξένης,
3408 5523 3435 5550 ‹‹
3460 5500 3723 5569 adversa,

2073 5570 2399 5640 peregrina.
2428 5592 2457 5619 »

2146 5639 2259 5712 (93)
2290 5640 2381 5695 Τά.
2416 5641 2589 5698 Deest
2618 5640 2677 5696 in
2708 5646 2847 5714 Reg.
2882 5640 3000 5697 bm.
