4090 6412
352 395 463 458 991

1601 401 1666 461 S.
1715 397 2090 461 GBEGORII
2133 399 2529 462 THEOLOGI

3656 388 3782 467 992

351 528 509 584 idola
551 534 610 584 et
659 529 949 585 sacriﬁcia
997 531 1348 601 reiicientes,
1384 532 1578 603 ignem
1630 535 1687 587 et
1736 531 2007 587 lucernas

2140 533 2229 604 τῦρ
2263 530 2449 585 καὶτὰ
2486 529 2696 607 λύχνα·
2742 536 2842 600 τῆς
2893 527 2951 583 δὶ
2992 529 3054 584 τὸ
3102 524 3381 587 Σάϐϐατον
3435 530 3785 609 αἰδούμενοι⁹

353 623 581 678 culmzt:
617 618 796 689 hujus
830 625 1022 675 autem
1060 621 1189 675 Sail
1224 664 1247 673 ..
1288 639 1381 675 am
1416 627 1471 677 et
1493 623 1763 693 jejunam
1798 639 2010 691 quam-

353 708 486 762 dam
524 724 558 761 a
590 708 890 763 nonnullis
942 709 1088 764 cibis
1137 710 1553 765 abstinentiam
1606 712 2007 780 observantes,

355 798 865 855 circumcisionem
894 806 1302 871 aspernantur.
1326 804 1511 873 Atque
1534 802 1789 857 humiles
1822 807 1877 857 et
1908 803 2009 859 ab-

346 888 491 961 jecti
525 888 791 945 homines
814 891 1312 962 Hypsistariorum
1347 908 1560 947 nomen
1584 894 1693 949 sibi
1718 894 2007 959 tribuunt,

357 995 423 1034 ac
479 977 584 1035 soli
618 979 1016 1051 Omnipotenti
1064 982 1499 1037 venerationem
1549 982 1849 1037 adhibent.
1893 982 2011 1037 Hoc

356 1069 457 1125 ille
491 1070 661 1124 modo
695 1086 829 1124 cum
879 1074 948 1125 ad
998 1070 1360 1142 impietatem
1412 1072 1679 1127 biformis
1726 1072 2009 1143 quodam-

359 1160 533 1215 modo
560 1164 735 1225 esset,
759 1159 1041 1229 quidnam
1065 1176 1130 1215 ex
1158 1178 1413 1231 quonam
1434 1160 1703 1216 exsistit?
1726 1161 2010 1232 Equidem

362 1251 588 1321 ignoro,
622 1265 763 1304 num
803 1248 1056 1320 gratiam
1089 1249 1271 1313 illam.
1305 1267 1339 1305 a
1370 1267 1487 1321 qua
1524 1256 1763 1306 vocatus
1795 1255 1904 1313 est,
1938 1267 2008 1304 an

356 1338 520 1395 illius
553 1338 909 1393 voluntatem
942 1338 1241 1410 animique
1274 1339 1641 1410 propositum
1674 1340 1862 1409 magis
1895 1339 2015 1393 lau-

358 1429 499 1483 dare
546 1428 813 1483 debeam.
846 1426 1153 1496 Utcunque
1206 1428 1301 1495 sit,
1354 1444 1541 1499 usque
1594 1429 1736 1483 adeo
1798 1429 2013 1483 mentis

359 1516 595 1572 oculum
638 1516 710 1570 ab
741 1515 814 1571 iis
846 1515 1038 1582 lemis,
1072 1533 1202 1587 quae
1250 1517 1362 1589 ipsi
1417 1517 1771 1583 insidebant,
1807 1534 2013 1588 repur-

359 1602 539 1676 gavit,
572 1618 640 1658 ac
686 1607 854 1658 tanta
902 1602 1193 1659 celeritate
1223 1606 1293 1658 ad
1328 1604 1630 1659 veritatem
1678 1605 1918 1672 accurit,
1950 1610 2017 1660 ut

360 1692 514 1763 quod
548 1689 801 1746 scelestis
841 1691 1029 1747 Patris
1058 1709 1122 1747 ac
1152 1708 1296 1747 vera:
1336 1692 1695 1748 haereditatis
1727 1710 1926 1763 causa,
1958 1698 2015 1747 et

360 1782 571 1847 matre,
604 1783 663 1834 et
690 1779 1093 1852 facultatibus,
1116 1781 1458 1853 aliquandiu
1490 1799 1684 1839 carere
1715 1783 2014 1838 sustinue-

357 1869 455 1940 rit,
517 1873 690 1941 atque
738 1868 891 1924 hanc
948 1869 1357 1942 ignominiam,
1389 1871 1615 1943 aequius
1673 1877 1729 1927 et
1786 1872 2016 1928 facilius

357 1975 534 2029 quam
586 1958 684 2014 alii
732 1975 1000 2015 summos
1052 1959 1325 2027 honores,
1378 1960 1598 2029 tulerit,
1652 1961 1849 2017 minus
1900 1963 2021 2031 ipse

354 2048 555 2116 mirer,
586 2047 722 2103 licet
764 2048 984 2119 alioqui
1016 2065 1108 2105 res
1140 2067 1206 2105 ea
1239 2066 1355 2105 non
1405 2068 1580 2121 parva
1629 2050 2019 2107 admiratione

354 2138 535 2209 digna
565 2136 661 2193 sit.
694 2137 839 2202 Quid
888 2137 1005 2193 ita?
1036 2139 1324 2202 Quoniam
1377 2140 1500 2195 haec
1531 2138 1716 2211 gloria
1767 2138 1850 2193 illi
1883 2156 2017 2194 cum

358 2226 563 2281 multis
594 2226 726 2281 aliis
770 2229 1105 2282 communis
1153 2233 1264 2294 est,
1298 2244 1620 2300 omnesque
1672 2245 1887 2300 magna
1917 2228 2019 2283 illa

359 2315 458 2369 Dei
482 2330 701 2385 sagena
728 2314 972 2385 includi,
997 2332 1063 2371 ac
1094 2316 1453 2387 piscatorum
1478 2317 1853 2371 sermonibus
1882 2316 2017 2372 irre-

2119 618 2207 673 xui
2239 620 2338 689 τὴν
2369 620 2491 696 περὶ
2523 621 2590 675 τὰ
2615 622 2880 697 βρώματα
2909 620 3045 675 ἐστιν
3081 618 3112 674 ἃ
3142 623 3253 695 (94)
3287 621 3779 699 μικρολογίαν,τήν

2120 712 2426 784 περιτομὴν
2504 708 2879 783 ἀτιμάζουσιν.
2932 710 3266 786 ’Υψιστάριοι
3322 717 3439 774 τοῖς
3498 721 3779 779 ταπεινοῖς

2123 796 2315 870 ὄνομα,
2366 798 2456 851 καὶ
2506 799 2532 852 6
2583 796 2978 873 Παντοκράτωρ
3026 794 3091 867 δὴ
3150 798 3314 871 μόνος
3374 799 3560 864 αὐτοῖς
3618 798 3778 858 σεϐά-

2122 908 2306 958 σμιος.
2357 886 2455 941 Καὶ
2519 886 2661 940 οὕτω
2739 883 2934 964 διφυής
2988 907 3071 949 τις
3129 886 3199 942 ὣν
3262 888 3337 950 εἷς
3392 885 3659 965 ἀσέϐειαν,
3721 892 3779 948 ἐκ

2122 975 2269 1037 τίνος
2318 974 2369 1029 τί
2422 975 2664 1051 γίνεται;
2719 976 2828 1029 Οὐκ
2877 973 3016 1046 οἶδα,
3063 975 3291 1053 πότερον
3342 979 3442 1047 τήν
3482 980 3775 1036 καλέσασαν

2124 1062 2283 1118 αὐτόν
2334 1064 2495 1140 χάριν
2548 1063 2811 1119 ἐπαινέσω
2855 1063 3046 1131 πλέον,
3095 1066 3129 1135 ἢ
3189 1068 3287 1135 τήν
3323 1065 3527 1122 ἐκείνου
3577 1070 3768 1144 προαί-

2126 1174 2290 1228 ρεσιν.
2336 1152 2490 1223 Πλήν
2544 1154 2690 1208 οὕτω
2738 1156 2829 1209 τὸν
2875 1161 2974 1224 τῆς
3029 1154 3271 1218 διανοίας
3332 1155 3607 1233 ὀφθαλμὸν
3666 1166 3767 1229 τῆς

2127 1243 2471 1317 ἐπικειμένης
2521 1247 2633 1317 (95)
2684 1242 2829 1317 αὐτῷ
2877 1243 3065 1316 λήμης
3284 1245 3627 1320 ἀνεκαθάρθη,
3677 1248 3764 1303 καὶ

2122 1332 2370 1404 τοσούτῳ
2417 1334 2575 1407 τάχει
2627 1334 2739 1405 (97)
2787 1336 2855 1405 τῇ
2910 1332 3139 1405 ἀληθείᾳ
3194 1331 3588 1410 προσέδραμεν,
3638 1336 3771 1390 ὥστε

2126 1420 2208 1475 δτι
2265 1422 2357 1493 μὲν
2408 1420 2498 1475 καὶ
2548 1422 2780 1497 μητρὸς,
2811 1422 2900 1475 καὶ
2930 1420 3115 1484 οὐσίας
3147 1421 3385 1477 ἐκπεσεῖν
3422 1422 3552 1498 ἄχρι
3609 1424 3773 1494 τινὸς,

2127 1512 2260 1586 ὑπὲρ
2288 1515 2386 1565 τοῦ
2418 1509 2528 1565 ἄνω
2561 1511 2769 1585 Πατρὸς
2808 1510 2898 1565 καὶ
2929 1518 3029 1581 τῆς
3082 1510 3350 1583 ἀληθινῆς
3396 1510 3778 1586 κληρονομίας

2124 1602 2412 1676 ἠνέσχετο,
2471 1600 2561 1654 καὶ
2624 1599 2752 1677 ῥᾷον
2793 1598 2989 1675 ἤνεγκε
3054 1602 3152 1671 τήν
3198 1601 3418 1674 ἀτιμίαν
3466 1601 3693 1673 ταύτην,
3742 1603 3776 1671 ἢ

2124 1692 2220 1752 τὰς
2292 1691 2548 1765 μεγίστας
2613 1691 2776 1763 τιμὰς
2826 1686 3022 1766 ἕτεροι,
3070 1694 3231 1745 τοῦτο
3286 1691 3379 1764 μὶν
3425 1691 3589 1761 ἦττον
3652 1692 3777 1745 θαυ-

2131 1780 2308 1853 μάζω,
2358 1778 2532 1833 καίτοι
2586 1776 2706 1833 λίαν
2754 1778 2811 1833 δν
2855 1779 3395 1853 θαυμαστόν,Διατί;
3444 1781 3562 1834 ’Ότι
3595 1782 3779 1835 κοινὸν

2128 1868 2272 1941 αὖτῷ
2299 1870 2411 1942 (98)
2444 1870 2579 1945 πρὸς
2630 1867 2875 1931 πολλοὺς
2910 1866 3113 1932 ἄλλους
3165 1870 3226 1924 τὸ
3258 1868 3611 1947 φιλοτίμημα
3644 1871 3780 1943 (99),

2129 1958 2219 2012 καὶ
2252 1958 2452 2020 πάντας
2505 1956 2632 2012 εἷ’σω
2680 1958 2923 2033 γενέσθαι
2976 1956 3058 2012 δεῖ
3102 1965 3200 2028 τῆς
3243 1955 3491 2034 μεγάλης
3521 1963 3622 2014 τοῦ
3650 1962 3785 2013 Θεοῦ

2131 2050 2393 2123 σαγήνης,
2446 2047 2535 2103 καὶ
2583 2054 2701 2110 τοῖς
2744 2052 2851 2103 τῶν
2901 2046 3100 2103 ἀλιέων
3148 2047 3335 2124 λόγοις
3369 2049 3787 2122 σαγηνευθῆναι,

2129 2137 2224 2191 κᾶν
2284 2138 2335 2191 οἱ
2397 2137 2491 2209 μὲν
2542 2137 2829 2212 πρότερον,
2883 2138 2933 2191 οἱ
2982 2134 3041 2192 δὶ
3090 2137 3309 2213 ὕστερον
3354 2142 3433 2208 τῷ
3464 2136 3789 2212 Εὐαγγιλίῳ

2128 2225 2566 2303 περιληφθῶσιν.
2612 2230 2675 2279 ’Ὀ
2708 2224 2765 2281 δὲ
2798 2225 3035 2299 μάλιστά
3068 2248 3162 2299 μοι
3190 2230 3299 2281 τῶν
3334 2224 3543 2281 ἐκείνου
3576 2224 3789 2299 θαυμά-

2133 2321 2237 2385 ζειν
2270 2313 2466 2384 ἔπεισι,
2496 2319 2658 2370 τοῦτο
2693 2315 2861 2371 εἰπεῖν
2890 2314 3203 2390 ἀναγκαῖον.

357 2403 455 2457 tiri
487 2407 753 2475 oportet;
784 2404 1020 2459 tametsi
1061 2404 1155 2459 alii
1189 2404 1384 2472 citius,
1418 2404 1516 2460 alii
1568 2405 1757 2461 serius
1789 2406 1861 2460 ab
1895 2406 2204 2479 Evangelia
2235 2406 2829 2479 comprehendantur.
2865 2406 3027 2473 Quod
3078 2412 3275 2462 autem
3326 2405 3470 2462 mihi
3501 2422 3569 2462 ex
3599 2405 3789 2478 ipsius

358 2493 535 2549 rebus
566 2492 941 2565 potissimum
974 2493 1252 2549 admirari
1284 2495 1463 2564 subit,
1498 2495 1607 2550 hoc
1639 2496 1969 2551 necessario
1996 2496 2309 2553 dicendum
2342 2501 2451 2552 est.

427 2582 519 2639 VI.
547 2581 666 2651 Ille,
690 2586 825 2639 ante
855 2583 1031 2639 etiam
1070 2600 1245 2656 quam
1280 2586 1351 2640 ad
1398 2590 1662 2641 nostram
1695 2586 1922 2641 caulam
1959 2602 2019 2642 se

359 2670 729 2744 contulisset,
762 2676 962 2728 noster
1000 2678 1143 2728 erat.
1170 2673 1359 2730 Mores
1385 2675 1541 2730 334
1572 2675 1790 2748 quippe
1820 2674 2018 2746 ipsum

357 2761 531 2820 nobis
563 2762 950 2819 asciscebant.
976 2762 1050 2819 Ut
1078 2763 1236 2819 enim
1272 2764 1438 2820 multi
1472 2781 1541 2819 ex
1572 2764 1787 2820 nostris
1820 2764 2019 2821 nobis-

359 2866 495 2908 cum
545 2869 661 2907 non
722 2857 882 2920 sunt,
908 2869 1054 2925 quos
1101 2853 1327 2909 scilicet
1358 2872 1391 2910 a
1422 2854 1723 2910 communi
1780 2870 2021 2926 corpore

358 2940 480 2997 vita
508 2944 765 2997 removet
796 2958 811 2998 :
843 2942 927 2997 sic
958 2947 1161 2998 contra
1206 2942 1376 2998 multi
1411 2948 1742 2998 exterorum
1793 2944 1864 2999 ad
1916 2960 2022 2999 nos

363 3034 651 3101 spectant,
676 3030 1015 3102 quicunque
1049 3032 1330 3087 nimirum
1361 3032 1536 3087 ﬁdem
1567 3032 1831 3088 moribus
1863 3037 2022 3087 ante-

2203 2590 2262 2653 ζ’.
2319 2589 2556 2647 Ἐκεῖνος
2614 2584 2704 2639 καὶ
2757 2584 2863 2662 πρὸ
2946 2590 3050 2654 τῆς
3125 2581 3391 2657 ημετέρας
3469 2580 3641 2654 αὐλῆς
3719 2582 3786 2652 ἦν

2129 2674 2436 2751 ἧμέτεροςο
2509 2673 2761 2729 εἰσεποίει
2836 2675 2940 2750 γὰρ
3013 2672 3171 2728 αὐτὸν
3249 2675 3385 2745 ἡμῖν
3460 2673 3488 2728 6
3558 2671 3782 2748 τρόπος.

2129 2768 2332 2839 ’Ὠσπερ
2385 2763 2485 2840 γὰρ
2544 2762 2749 2819 πολλοὶ
2825 2768 2931 2818 τῶν
2998 2761 3282 2836 ἡμετέρων
3342 2761 3404 2816 οὐ
3458 2762 3572 2836 μεθ’
3622 2762 3783 2834 ἡμῶν

2132 2853 2286 2922 εἰσιν,
2346 2853 2437 2915 οὕς
2490 2854 2516 2909 6
2570 2853 2686 2929 βίος
2737 2851 3029 2928 ἀλλοτριοῖ
3078 2856 3177 2907 τοῦ
3241 2856 3426 2907 κοινοῦ
3486 2852 3787 2924 σώματος·

2133 2940 2279 2998 οὕτω
2307 2940 2513 2997 πολλοὶ
2543 2947 2649 2997 τῶν
2683 2940 2871 3012 ἔξωθεν
2899 2941 3037 3016 πρὸς
3069 2944 3249 3013 ἡμῶν,
3299 2939 3417 2995 ὅσοι
3468 2944 3546 3011 τῷ
3592 2938 3789 3015 τρόπῳ

2131 3033 2232 3100 τὴν
2278 3031 2455 3086 πίστιν
2506 3033 2786 3110 φθάνουσι,
2844 3030 2932 3085 καὶ
2988 3028 3196 3085 δίονται
3246 3034 3343 3084 τοῦ
3379 3028 3668 3101 ὀνόματος,
3727 3029 3791 3083 τὸ

362 3122 622 3187 vertunt,
651 3134 717 3173 ac
758 3118 882 3173 solo
931 3119 1169 3174 nomine
1217 3124 1438 3186 carent,
1472 3137 1603 3175 cum
1657 3136 1780 3175 rem
1831 3121 2021 3193 ipsam

2140 3119 2292 3198 ἔργον
2345 3118 2585 3197 ἔχοντες.
2636 3120 2850 3175 Τούτων
2899 3117 2991 3174 xui
3043 3120 3070 3173 6
3104 3119 3236 3193 ἐμὸς
3292 3122 3358 3188 ἦν
3390 3118 3592 3195 πατὴρ,
3625 3116 3794 3193 πτόρ-

362 3210 623 3262 teneant.
656 3207 779 3271 Quo
809 3207 869 3261 in
901 3223 1146 3262 numero
1196 3224 1365 3264 meus
1396 3225 1630 3279 quoque
1683 3213 1848 3280 pater
1877 3213 2020 3277 erat,

370 3311 574 3351 ramus
606 3295 845 3368 quidem
887 3295 984 3352 ille
1029 3295 1277 3365 alienus,
1311 3301 1586 3354 caeterum
1616 3298 1734 3354 vita
1763 3303 1819 3354 et
1848 3299 2021 3353 mori-

366 3385 480 3441 bus
511 3386 582 3440 ad
613 3402 722 3441 nos
753 3386 1143 3457 propendens.
1166 3388 1244 3441 Ac
1267 3387 1559 3459 pudicitiae
1583 3388 1821 3460 quidem
1854 3388 2027 3443 laude

366 3474 511 3530 adeo
541 3474 837 3543 excelluit,
864 3480 928 3530 ut
958 3475 1113 3531 idem
1148 3475 1349 3543 simul,
1372 3481 1428 3531 et
1457 3476 1944 3549 amabilissimus,
1975 3483 2030 3533 et

368 3564 741 3621 castissimus
759 3568 934 3633 esset,
956 3582 1081 3637 quae
1103 3565 1218 3622 duo
1242 3566 1400 3622 haud
1420 3566 1585 3624 facile
1606 3566 1666 3623 in
1691 3586 1873 3622 unum
1898 3586 2030 3623 con-

368 3657 636 3708 currunt.
665 3652 917 3709 Justitise
966 3657 1185 3723 autem,
1212 3654 1365 3724 quod
1398 3655 1591 3727 majus
1637 3661 1695 3711 et
1736 3655 2029 3711 illustrius

370 3746 788 3814 argumentum
832 3743 1026 3798 afferri
1059 3748 1270 3816 potest,
1303 3761 1480 3817 quam
1510 3746 1685 3815 quod,
1711 3745 1767 3800 in
1800 3744 2031 3817 magnis

370 3831 708 3904 reipublicae
732 3833 1081 3889 muneribus
1100 3839 1386 3901 versatus,
1408 3850 1481 3889 ne
1511 3835 1775 3890 teruncio
1796 3834 2029 3905 quidem

370 3921 680 3977 facultates
703 3938 841 3977 suas
863 3922 1109 3987 auxerit,
1130 3924 1305 3994 idque
1323 3940 1457 3978 cum
1482 3922 1627 3979 alios
1649 3928 1909 3979 cerneret
1935 3940 2035 3993 pu-

372 4009 544 4067 blicis
566 4010 736 4067 bonis
757 4011 975 4067 Briarei
1000 4028 1235 4079 manus,
1259 4016 1325 4067 ut
1351 4012 1463 4067 dici
1488 4012 1634 4067 solet
1678 4012 2032 4083 injicientes,

375 4116 442 4157 ac
475 4099 648 4156 malis
678 4098 860 4156 lucris
909 4101 1251 4173 turgentes?
1292 4102 1387 4157 Sic
1418 4102 1572 4157 enim
1626 4118 1767 4174 opes
1816 4101 2037 4171 injuste

374 4188 652 4247 collectas
708 4206 870 4245 voco.
906 4190 1233 4246 Prudentia:
1292 4207 1461 4263 porro
1511 4208 1851 4263 quanquam
1912 4191 2036 4245 haec

376 4295 614 4351 quoque
645 4295 761 4333 non
784 4278 992 4350 exigua
1013 4279 1233 4335 indicia
1253 4284 1411 4345 sunt,
1436 4281 1604 4352 plura
1622 4285 1821 4335 tamen
1854 4279 2037 4335 oratio

375 4366 614 4440 longius
645 4384 957 4440 progressa
985 4368 1326 4425 declarabit.
1359 4370 1468 4425 Pro
1512 4369 1604 4425 his
1655 4371 1831 4425 rebus
1863 4369 2037 4424 fidem

378 4472 638 4530 quoque,
674 4460 737 4510 ut
764 4456 992 4528 opinor,
1017 4457 1241 4529 praemii
1273 4457 1397 4514 loco
1427 4458 1647 4515 retulit.
1672 4459 1736 4515 Id
1762 4475 1894 4515 vero
1925 4474 2037 4529 quo

381 4550 555 4619 pacto
613 4544 923 4618 contigerit
951 4546 1164 4618 (neque
1220 4547 1377 4603 enim
1437 4565 1531 4605 res
1590 4552 1755 4604 tanta
1805 4547 2040 4604 silentio

379 4635 785 4709 pratereunda
813 4635 946 4707 est),
980 4636 1355 4708 perspicuum
1384 4638 1689 4694 faciemus.

454 4724 571 4781 VII.
605 4724 876 4781 Divinam
916 4725 1279 4797 Scripturam
1310 4726 1601 4783 dicentem
1645 4727 1842 4783 audivi
1879 4744 1892 4782 :
1924 4728 2039 4782 Mu-

378 4815 571 4872 lierem
600 4816 800 4887 fortem
828 4815 954 4888 qui:
982 4816 1224 4870 inveniet
1244 4815 1330 4870 ‘0?
1350 4821 1431 4871 Ac
1453 4817 1675 4872 donum
1708 4816 1868 4872 istud
1900 4816 2042 4871 divi-

444 4960 491 4995 ‘°
514 4959 684 5016 Prov.
717 4968 873 5027 xxxi,
906 4957 996 5013 10.

448 5098 561 5174 (94)
591 5098 869 5174 Βρῴματα
898 5094 1038 5174 ἔστιν
1073 5097 1246 5174 &._Sic
1273 5100 1413 5174 Beg.
1438 5101 1560 5171 bm,
1582 5099 1757 5158 Coisl.
1783 5104 1837 5173 2,
1861 5102 1955 5157 Or.
1983 5102 2033 5157 1.

377 5168 654 5247 Mangosé
687 5168 746 5247 in
777 5172 973 5247 editis,
1001 5168 1249 5247 πρόϐατα
1277 5169 1332 5233 Ec
1360 5168 1499 5226 τινα.

588 5247 695 5318 Τῆς
727 5240 1098 5318 ἐπικειμένης.
1129 5247 1224 5302 0r.
1253 5247 1311 5318 ri,
1342 5250 1443 5314 τῆς
1466 5240 1881 5318 Δπερικειμένης.

592 5315 813 5389 {My-nc.
876 5314 1066 5389 Gloss,
1113 5317 1368 5389 {Avium
1426 5315 1487 5370 τὸ
1539 5314 1921 5389 συνιστάμενον
1984 5314 2035 5369 ἐν

376 5384 830 5472 τοῖςὶόθφθαλμοῖς
893 5384 1095 5472 λευκόν.
1144 5384 1281 5443 ἐστιί
1312 5384 1723 5472 «ηιῐλῇρρίίυάρ,
1748 5384 1777 5436 u
1807 5387 1865 5444 id
1926 5394 2033 5472 est,

381 5476 408 5502 α
437 5457 579 5533 tabi
618 5460 883 5525 quaedam
942 5465 1188 5533 species,
1229 5462 1380 5533 quod
1433 5457 1800 5533 lippientium
1852 5457 2034 5517 oculis

381 5527 657 5581 adhaeret.
687 5551 708 5577 ι

590 5595 776 5677 Τάχει.
807 5600 983 5677 ςρίεί.
1020 5606 1069 5669 1,
1101 5601 1313 5677 τάχιον.

472 5668 564 5739 ἓξ)
600 5664 897 5739 Αὐξῷηὸὶο
927 5676 1020 5729 op.
1056 5664 1103 5729 ι.
1138 5664 1210 5730 1i;
1229 5680 1345 5739 ed.,
1378 5670 1528 5729 αὐτό.

474 5736 565 5803 99)
600 5733 978 5811 Φιλότίμημα.
1015 5746 1155 5817 Reg.
1189 5764 1242 5816 a,
1274 5733 1593 5824 φιλότιμον.

2137 3212 2230 3273 θος
2289 3209 2606 3288 ἀλλότριος,
2672 3213 2751 3281 τῷ
2810 3211 2887 3283 (1)
2940 3209 3045 3285 βιῳ
3094 3208 3231 3285 πρὸς
3281 3210 3430 3280 ἡμᾶς
3477 3205 3790 3263 ἐπικλίνων.

2140 3298 2459 3377 Σοφροσύνῃ
2537 3298 2629 3372 μέν
2707 3319 2767 3374 γε
2834 3301 3093 3352 τοσοῦτον
3172 3294 3474 3371 διήνεγκεν,
3554 3294 3690 3350 ὥστε
3766 3298 3793 3348 ὁ

2141 3388 2299 3450 αὐτὸς
2349 3387 2754 3463 ἰρασμιώτατός
2799 3408 2859 3441 τε
2909 3388 3023 3460 ἅμα
3069 3384 3305 3463 γενέσθαι
3381 3385 3471 3440 xui
3538 3384 3793 3457 κοσμιώ-

2140 3498 2336 3541 τατος·
2409 3479 2441 3532 ἃ
2505 3476 2747 3555 χαλεπὸν
2822 3476 3103 3555 ἀμφότερα
3173 3472 3517 3551 συνδραμεῖν.
3578 3483 3792 3528 Δικαιο-

2142 3569 2303 3639 σύνης
2363 3565 2420 3622 δὲ
2471 3567 2523 3622 τί
2586 3573 2767 3640 μεῖζον
2826 3568 3115 3641 γνώρισμα
3171 3565 3260 3620 καὶ
3325 3563 3793 3641 περιφανέστερον,

2141 3658 2175 3725 ἣ
2220 3656 2305 3709 ’ὁτι
2353 3653 2634 3718 πολιτείας
2689 3654 2751 3709 οὐ
2808 3656 2875 3709 τὰ
2931 3651 3153 3728 δεύτερα
3201 3651 3475 3727 ἐσχηκὼς,
3529 3649 3655 3705 οὐδὶ
3699 3654 3798 3723 μ.ιᾷ

2144 3741 2370 3819 δραχμῇ
2420 3741 2595 3799 πλείω
2637 3744 2736 3813 τὴν
2787 3742 2969 3797 οὐσίαν
3034 3741 3305 3809 πεποίηκε
3370 3740 3617 3815 καίτοιγε
3674 3738 3799 3800 τοὺς

2144 3831 2349 3895 ἄλλους
2402 3833 2543 3909 ὁρῶν
2587 3834 2684 3894 τὰς
2734 3830 2980 3907 Βριάρεω
3029 3837 3220 3907 ’χεῖρας
3252 3824 3652 3890 ἐπιϐάλλοντας
3680 3833 3801 3890 τοῖς

2146 3920 2458 3994 δημοσίοις,
2509 3921 2599 3975 καὶ
2641 3926 2759 3982 τοῖς
2809 3925 2997 3981 κακοῖς
3062 3918 3255 3994 πόροις
3322 3916 3799 3997 φλεγμαίνονταςς

2146 4010 2289 4065 οὕτω
2344 4009 2447 4084 γὰρ
2496 4008 2601 4085 ἐγὼ
2651 4009 2805 4065 καλῶ
2848 4010 2946 4078 τὴν
2997 4005 3179 4063 ἄδικον
3241 4006 3516 4083 εὐπορίαν.
3587 4007 3800 4083 Φρονή-

2148 4121 2284 4161 σεως
2337 4096 2415 4165 δί,
2467 4099 2635 4175 μικρᾶ
2693 4100 2786 4173 μὲν
2860 4098 2983 4153 οὐδὲ
3048 4101 3214 4153 ταῦτα
3273 4095 3646 4174 γνωρίσματα,
3711 4091 3807 4166 δη-

2149 4188 2317 4244 λώσει
2362 4186 2419 4242 δὲ
2474 4187 2541 4242 τὰ
2582 4186 2757 4243 πλείω
2808 4189 3014 4263 προϊὼν
3067 4188 3093 4242 6
3126 4186 3307 4263 λόγος.
3342 4185 3557 4241 Τούτων
3590 4182 3677 4239 καὶ
3713 4206 3803 4256 μι-

2150 4279 2273 4341 σθὸν
2335 4279 2431 4350 (2),
2485 4278 2661 4350 οἶμαι,
2721 4278 2820 4347 τήν
2871 4276 3052 4332 πίστιν
3104 4276 3388 4353 ἠνέγκατο.
3442 4276 3513 4329 Τὸ
3563 4270 3621 4329 δὲ
3651 4274 3803 4336 ὃπως

2150 4364 2421 4441 (οὐδὲγὰρ
2474 4367 2618 4437 ἄξιον
2670 4372 2972 4431 σιωπᾶσθαι
3024 4372 3251 4444 πρᾶγμα
3294 4366 3599 4437 τοσοῦτον),
3648 4362 3807 4417 αὐτοί

2148 4457 2479 4531 παραστήσω
2489 4476 2581 4528 μεν

2223 4724 2291 4779 Z'.
2382 4727 2613 4777 Γυναῖκα
2702 4722 2796 4795 μὲν
2878 4719 3126 4798 ἀνδρείαν
3206 4719 3291 4783 τίς
3378 4718 3634 4797 εὑρήσεις
3711 4720 3812 4787 τῆς

2151 4811 2296 4878 θείας
2324 4808 2535 4881 ἤκουσα
2586 4809 2857 4887 λεγούσης
2908 4812 3163 4890 Γραφῆς’
3208 4809 3299 4865 καὶ
3345 4800 3409 4865 τδ
3460 4806 3632 4885 δῶρον
3691 4807 3811 4863 θεό-

2220 5100 2296 5172 (1)
2323 5102 2438 5172 Τῷ.
2470 5100 2563 5155 Sic
2597 5099 2736 5172 Reg.
2772 5098 2984 5172 bm,.et
3012 5098 3109 5154 0r.
3142 5098 3193 5172 li.
3227 5095 3403 5152 Deest
3418 5094 3503 5172 _in.
3523 5095 3613 5151 ed.

2223 5164 2547 5245 (‘2')LT6'51mv
2604 5164 2713 5224 καῗ
2755 5164 2971 5245 μισθόν,
3002 5176 3108 5245 etc.
3146 5170 3275 5245 Haec
3318 5168 3493 5223 verba
3548 5182 3660 5245 non
3716 5164 3801 5245 sic

2150 5239 2527 5317 intelligenda
2583 5239 2884 5317 sunt,'nec_
2942 5240 3300 5317 intellexisse
3340 5239 3802 5317 censendusgest

2149 5310 2482 5389 Gregorius,
2502 5316 2670 5387 quasi
2693 5310 3155 5389 quispiamullis
3179 5310 3491 5389 moralium
3518 5312 3802 5389 virtutum

2146 5383 2357 5443 offic'iis
2390 5383 2565 5443 ﬁdem
2598 5383 2808 5444 mereri
2838 5383 3055 5459 possit.
3090 5386 3189 5441 Est
3217 5384 3373 5459 enim
3404 5383 3551 5439 ﬁdes
3583 5383 3803 5459 donum

2146 5460 2268 5529 Dei,
2302 5478 2417 5515 non
2450 5476 2693 5532 operum
2744 5454 2988 5514 merces.
3024 5456 3346 5529 Improprie
3387 5460 3583 5532 tamen
3616 5454 3811 5532 potuit

2148 5552 2173 5583 α
2208 5524 2538 5588 mercedem
2575 5555 2602 5583 ››
2635 5531 2846 5598 dicere,
2881 5546 2985 5600 pro
3036 5524 3297 5601 congrua
3340 5524 3593 5601 quadam
3616 5524 3701 5582 'ad
3735 5526 3805 5580 ﬂ-

2143 5604 2275 5659 dc-m
2308 5605 2751 5675 praeparatione,
2778 5608 2834 5657 et
2863 5598 3030 5671 quasi
3066 5598 3182 5656 non
3213 5598 3634 5675 repugnantia;
3672 5614 3806 5671 quae

2144 5693 2249 5749 nec
2272 5674 2410 5749 ipsa
2440 5676 2538 5731 υθί
2563 5690 2814 5749 munere
2828 5690 3052 5749 _vacars
3081 5674 3376 5749 censenda
3401 5676 3510 5728 est.

2213 5747 2286 5819 (3)
2304 5744 2785 5824 Ἡαραστήσωμιν.
2817 5744 2915 5807 Or.
2949 5747 3002 5817 1,
3036 5745 3474 5821 παραπήσομεν.
