4090 6418
267 421 386 484 993
1178 409 1469 474 ORATIO
1515 408 1728 472 XVIII.
1761 440 1839 454 —
1870 403 2259 470 FUNEBRIS
2305 407 2383 469 IN
2433 405 2777 470 PATREM.
3565 410 3684 474 094

271 553 356 606 θεν
419 570 575 619 ειναι,
633 549 730 616 τὴν
792 545 994 621 ἀγαθὴν
1057 543 1204 618 παρὰ
1257 545 1352 596 τοῦ
1413 547 1610 614 Κυριου
1659 537 1947 613 συζυγίαν.

2065 539 2193 595 itus
2223 556 2372 608 esse,
2401 540 2738 612 bonumque
2777 540 3122 612 conjugium
3152 558 3186 598 a
3215 542 3458 600 Domino
3489 543 3684 600 conci-

271 638 618 714 ἁρμόζεσθαι.
680 636 750 690 Τὸ
809 632 855 690 δ’
919 633 1048 688 αὐτὸ
1097 634 1171 705 (4)
1218 629 1367 685 δοκεῖ
1413 630 1500 688 καὶ
1541 635 1658 690 τοῖς
1691 627 1919 714 ἔξωθεν·

2065 628 2184 683 iari.
2217 631 2341 694 Qua
2371 629 2430 682 in
2463 629 2755 684 sententia
2785 630 3006 684 externi
3038 647 3272 702 quoque
3301 638 3466 699 sunt;
3499 633 3684 704 siqui-

274 727 423 802 εἷεπερ
473 726 686 782 ἐκείνων
737 726 813 799 (5)
860 723 947 789 τὸ,
1005 720 1262 781 Γυναικὸς
1332 719 1467 791 ἀνὴρ
1535 719 1712 794 χρῆμ’
1771 713 1922 770 οὐδὲν

276 816 522 886 ληίζεται
549 812 780 869 κάλλιον
825 808 1048 878 ἐσθλῆς,
1096 806 1222 862 οὐδὶ
1270 813 1459 883 χεῖρον
1521 811 1618 874 τῆς
1668 805 1924 866 ἐναντίας.

278 907 390 961 Τοῦ
449 902 506 958 δὲ
554 902 652 956 οὐκ
699 901 838 955 ἔστιν
888 898 1076 967 εἰπεῖν,
1129 895 1273 957 ὅστις
1316 895 1450 950 κατά
1477 899 1637 949 τοῦτο
1672 891 1925 964 εὐδαιμο-

277 994 545 1068 νέστερος.
607 991 772 1064 Οἶμαι
831 986 956 1062 γάρ,
1017 982 1071 1040 εἷ’
1115 1005 1196 1047 τις
1253 983 1311 1038 έκ
1356 985 1600 1057 περάτων
1653 990 1783 1058 γῆς,
1839 981 1928 1035 καὶ

280 1082 479 1143 παντὸς
534 1080 718 1156 γένους
770 1077 1094 1152 ἀνθρώπων,
1152 1075 1250 1143 τὴν
1320 1073 1543 1149 ἀρίστην
1598 1071 1932 1144 ἁρμόσασθαι

279 1169 531 1246 συζυγίαν
606 1164 953 1236 ἐσπούδασεν,
1046 1162 1144 1217 οὐκ
1237 1163 1368 1216 εἶναι
1461 1161 1662 1231 ταύτης
1761 1159 1929 1235 εὐρεῖν

281 1257 489 1331 ἀμείνω
557 1256 646 1311 καὶ
707 1250 1145 1330 ἀρμοδιωτέραν.
1215 1250 1368 1306 Οὕτω
1427 1252 1528 1326 γὰρ
1587 1247 1795 1325 ἀνδρῶν
1844 1248 1933 1302 καὶ

279 1351 546 1422 γυναικῶν
583 1345 659 1406 εἷς
688 1341 742 1399 ἓν
777 1341 1007 1412 συνῆλθε
1035 1343 1101 1396 τὰ
1149 1342 1428 1416 κράτιστα,
1463 1337 1601 1394 ὥστε
1633 1337 1740 1414 οὐχ
1770 1341 1930 1407 ἧττον

279 1436 472 1510 ἀρετῆς
522 1437 556 1504 ἣ
622 1432 888 1507 σωμάτων
949 1431 1191 1507 γενέσθαι
1245 1429 1499 1504 συζυγίαν
1553 1430 1644 1483 τὸν
1704 1428 1878 1501 γάμον
1917 1446 1930 1458 ·

282 1525 396 1580 ἐπεὶ
444 1528 548 1578 τῶν
598 1520 784 1577 ἄλλων
833 1525 1178 1597 κρατοῦντες,
1239 1515 1504 1587 ἀλλήλων
1563 1523 1776 1593 κρατεῖν
1837 1515 1936 1571 οὐκ

281 1615 458 1690 εἶχον,
532 1611 622 1668 διὰ
698 1613 759 1667 τὸ
833 1613 933 1681 τῆς
986 1610 1185 1686 ἀρετῆς
1245 1607 1536 1684 ἰσόρροπον
1595 1607 1685 1676 καὶ
1743 1605 1936 1678 ὁμότι-

289 1724 388 1776 μον
418 1704 519 1774 (6).

2035 717 2167 772 dem
2203 717 2432 772 illorum
2467 717 2574 772 hoc
2597 723 2685 772 est
2709 735 2720 772 :
2746 719 2972 772 Nullam
2993 719 3172 789 proba
3199 736 3371 788 tmere
3400 722 3687 793 meliorem

2036 822 2154 860 rem
2181 809 2438 876 cuiquam
2467 806 2722 861 obvenire
2751 823 2922 877 posse,
2957 825 3058 863 nec
3086 825 3283 874 rursus
3312 811 3564 880 improba
3593 827 3687 882 pe-

2029 910 2228 967 ]orem.
2259 895 2375 949 Hac
2409 913 2576 965 porro
2610 896 2665 949 in
2700 913 2758 949 re
2789 897 2899 950 dici
2934 914 3050 951 non
3085 901 3272 968 potest
3301 899 3437 969 quis
3467 915 3533 958 eo
3565 899 3689 955 feli-

2040 984 2161 1039 cior
2189 984 2491 1038 exstiterit.
2515 984 2606 1038 Sic
2637 985 2792 1039 enim
2822 984 3110 1050 existimo,
3131 987 3176 1040 si
3203 987 3336 1058 quis
3359 987 3428 1041 ab
3464 987 3690 1044 ultimis

2042 1076 2333 1129 terrarum
2369 1073 2605 1140 ﬁnibus,
2635 1079 2810 1145 atque
2841 1092 2908 1129 ex
2942 1073 3210 1132 universo
3248 1075 3556 1133 hominum
3591 1095 3690 1150 ge-

2044 1182 2199 1233 nere,
2235 1164 2788 1237 praestantissimum
2841 1166 3178 1237 conjugium
3209 1168 3522 1226 conciliare
3565 1175 3693 1227 stu-

2043 1255 2290 1324 duisset,
2315 1253 2542 1309 nullum
2569 1272 2818 1326 usquam
2852 1255 2961 1310 hoc
2990 1257 3361 1325 praestantius
3381 1259 3695 1332 aptiusque

2044 1342 2284 1415 reperiri
2337 1343 2617 1414 potuisse.
2654 1344 2737 1398 lta
2791 1345 2946 1398 enim
2994 1345 3246 1400 virorum
3279 1363 3346 1402 ae
3377 1347 3694 1405 mulierum

2043 1432 2265 1502 Optima
2295 1438 2349 1486 et
2377 1431 2824 1502 praclarissima
2844 1449 3084 1503 quaeque
3111 1433 3169 1487 in
3201 1451 3384 1490 unum
3405 1437 3698 1494 conﬂuxe-

2044 1524 2197 1586 rant,
2249 1526 2314 1574 ut
2363 1522 2470 1576 hoc
2506 1521 2972 1590 matrimonium,
3017 1539 3129 1577 non
3186 1523 3384 1578 minus
3435 1526 3697 1596 virtutis,

2046 1626 2224 1681 quam
2258 1625 2590 1680 corporum,
2627 1627 2809 1665 nexus
2839 1617 3012 1665 esset.
3049 1611 3192 1668 Nam
3226 1628 3358 1667 cum
3393 1613 3540 1669 alios
3570 1615 3695 1671 vin-

2046 1703 2261 1763 cerent,
2284 1703 2479 1754 tamen
2511 1700 2583 1754 ob
2607 1698 2840 1754 virtutis
2869 1699 3260 1770 :equalitatem
3294 1705 3500 1758 neuter
3528 1703 3697 1760 alteri

2044 1785 2345 1842 victoriam
2379 1787 2600 1858 eripere
2631 1790 2875 1859 poterat.

361 1881 442 1936 H'.
476 1879 681 1952 Καὶτῷ
715 1879 807 1952 μέν
855 1875 1034 1951 ’Δδάμ
1086 1879 1121 1947 ἡ
1183 1874 1400 1940 δοθεῖσα
1442 1876 1556 1929 κατ’
1616 1873 1772 1928 αὐτὸν
1807 1874 1937 1948 βοη-

2118 1875 2264 1930 VIII.
2283 1877 2349 1930 Et
2367 1875 2604 1947 quidem
2626 1875 2876 1948 illa,qua2
2896 1877 3135 1948 Adamo,
3152 1878 3478 1949 adjumenti
3497 1897 3697 1949 causa,

290 1970 380 2032 θὸς
412 1965 622 2043 (ἐπειδὴ
672 1967 838 2022 καλὸν
889 1967 955 2036 ἦν
1006 1969 1081 2038 μῆ
1120 1966 1283 2038 μύνον
1319 1967 1458 2019 εἶναι
1487 1965 1577 2018 τὸν
1612 1963 1938 2035 ἄνθρωπον),

291 2059 406 2113 ἀντὶ
451 2061 708 2133 συνεργοῦ
753 2054 994 2128 πολεμία
1041 2055 1296 2124 κατέστη,
1353 2052 1441 2107 καὶ
1492 2051 1597 2128 οὐχ
1643 2051 1938 2126 ὁμόζυγος,

288 2145 412 2202 ἀλλ’
472 2146 740 2207 ἀντίθετος
768 2165 779 2177 ·
841 2143 1087 2218 κλέψασα
1140 2145 1231 2197 τὸν
1274 2140 1442 2217 ἄνδρα
1473 2139 1540 2195 δι’
1572 2137 1794 2210 ἡδονῆς,
1853 2137 1942 2194 καί

284 2241 364 2308 τῷ
421 2235 566 2309 ξύλῳ
625 2237 723 2304 τῆς
784 2233 1038 2307 γνώσεως
1093 2237 1189 2288 τοῦ
1240 2232 1405 2302 ξύλοῦ
1446 2238 1544 2300 τῆς
1579 2236 1721 2298 ζωῆς
1779 2227 1943 2284 ἀλλο-

286 2326 578 2396 τριώσασα.
637 2327 724 2394 Τῷ
781 2321 839 2378 δὲ
895 2322 957 2376 οὐ
1012 2323 1260 2398 συνεργὸς
1326 2320 1490 2395 μόνον
1548 2322 1582 2388 ἡ
1634 2321 1778 2394 παρὰ
1809 2323 1940 2372 θεοῦ

291 2410 504 2467 δοθεῖσα
562 2413 744 2486 (ἧττον
801 2411 902 2486 γὰρ
975 2414 1137 2465 τοῦτο
1214 2409 1565 2482 θαυμαστὸν),
1646 2405 1792 2462 ἀλλὰ
1852 2406 1941 2461 καὶ

295 2501 540 2577 ἀρχηγὸς
566 2497 939 2575 γίνεται,ἔργῳ
959 2519 1017 2554 τε
1041 2499 1130 2553 καὶ
1153 2497 1307 2573 λόγῳ
1337 2499 1475 2574 ¹πρὸς
1507 2497 1572 2551 τὰ
1601 2497 1854 2572 κράτιστα
1878 2493 1944 2550 δι’

297 2590 493 2658 ἑαυτῆς
542 2589 782 2663 ἄγουσα’
836 2586 924 2642 καὶ
973 2587 1039 2642 τὰ
1087 2588 1178 2661 μὶν
1233 2585 1377 2641 ἄλλα
1424 2589 1523 2640 τοῦ
1574 2582 1767 2662 ἀνδρὸς
1813 2605 1942 2660 κρα-

293 2680 498 2733 τεῖσθαι
555 2677 710 2750 νόμῳ
760 2677 1014 2752 συζυγίας
1062 2675 1277 2752 ἄριστον
1329 2675 1457 2730 εἶναι
1522 2675 1796 2752 κρίνουσα,
1847 2682 1945 2744 τῆς

296 2763 567 2829 εὐσεϐείας
630 2763 686 2822 δὲ
743 2765 842 2821 οὐκ
881 2765 1250 2842 αἰσχυνομένη
1302 2763 1560 2840 παρέχειν
1613 2765 1804 2833 ἑαυτὴν
1855 2764 1943 2818 καὶ

300 2854 647 2913 διδάσκαλον.
679 2857 749 2914 "0
781 2856 1069 2928 θαυμάζειν
1109 2857 1202 2929 μὲν
1238 2854 1444 2924 ἐκείνης
1468 2855 1630 2925 ἄξιον,
1654 2855 1942 2927 θαυμάζειν

299 2942 357 2999 δὲ
388 2945 554 3000 πλέον
584 2945 674 3000 τὸν
710 2944 885 3000 ἰκοντὶ
929 2945 1246 3016 ἡττώμενον
1295 2948 1390 3017 (7).
1435 2943 1643 3012 Ἐκείνη
1671 2944 1770 3019 γάρ
1810 2941 1949 2998 ἐστιν

299 3037 355 3104 ἡ,
388 3039 494 3089 τῶν
546 3032 732 3090 ἄλλων
777 3039 1041 3109 γυναικῶν
1091 3033 1285 3089 κάλλει
1331 3032 1810 3111 φιλοτιμουμένων
1857 3033 1947 3088 καὶ

302 3122 642 3197 ὑψουμένων,
676 3122 799 3178 ὅσον
829 3144 886 3177 τε
918 3123 1137 3198 φυσικὸν
1181 3123 1269 3177 καὶ
1319 3122 1441 3177 ὅσον
1489 3122 1842 3194 ἐπίπλαστον,
1891 3119 1945 3176 ἓν

299 3213 629 3286 ἐπισταμένη
681 3211 910 3284 κάλλος,
965 3211 1026 3267 τὸ
1069 3215 1166 3282 τῆς
1223 3215 1428 3288 ψυχῆς,
1469 3213 1644 3267 καὶτὸ
1673 3215 1772 3281 τῆν
1801 3210 1943 3267 Θείαν

2051 1965 2264 2020 similis
2295 1965 2380 2020 illi
2409 1967 2542 2020 data
2574 1966 2758 2020 fuerat
2797 1966 2925 2037 (nec
2954 1969 3109 2022 enim
3160 1969 3458 2026 hominem
3505 1972 3698 2028 solum

2052 2073 2180 2110 esse
2222 2056 2443 2110 bonum
2478 2057 2710 2125 erat“),
2737 2074 2836 2126 pro
2869 2057 3029 2111 socia
3076 2058 3304 2113 hostem
3337 2077 3398 2114 se
3431 2061 3696 2131 praebuit,

2055 2163 2155 2214 pro
2187 2145 2436 2215 conjuge
2465 2145 2887 2212 adversariam;
2925 2151 2985 2199 ut
3017 2164 3144 2217 quae
3171 2147 3484 2218 voluptatis
3514 2149 3703 2204 illece-

2055 2235 2157 2288 bra
2186 2234 2334 2290 335
2381 2235 2659 2288 maritum
2711 2233 2768 2287 in
2820 2236 3082 2288 fraudem
3137 2235 3451 2306 induxerit,
3485 2255 3549 2292 ac
3600 2255 3704 2310 per

2052 2321 2304 2376 scientiae
2338 2321 2558 2393 lignum
2593 2339 2627 2376 a
2657 2321 2782 2376 vitae
2814 2322 2971 2394 ligno
3004 2325 3292 2379 averterit.
3324 2325 3469 2381 Huic
3497 2332 3704 2398 contra

2053 2409 2262 2464 mulier
2292 2408 2387 2464 Dei
2419 2410 2698 2465 beneﬁcio
2729 2427 3027 2481 concessa,
3061 2429 3177 2467 non
3227 2415 3399 2469 modo
3447 2415 3706 2486 adjutrix

2053 2499 2273 2571 (minus
2294 2499 2448 2554 enim
2472 2498 2529 2553 id
2562 2498 2755 2555 laudis
2780 2503 2836 2554 et
2866 2501 3273 2558 admirationis
3294 2502 3574 2576 haberet),
3599 2506 3702 2562 sed

2053 2592 2110 2643 et
2142 2588 2280 2654 dux,
2305 2591 2359 2642 et
2389 2587 2775 2659 antesignana
2807 2588 2934 2656 fuit,
2955 2593 3156 2661 utpote
3185 2608 3314 2662 quas
3336 2608 3469 2647 eum
3502 2593 3618 2650 vita
3647 2597 3706 2650 et

2055 2694 2322 2734 sermone
2344 2677 2415 2732 ad
2441 2676 2660 2748 optima
2691 2695 2934 2750 quaeque
2965 2696 3068 2751 per
3097 2679 3351 2752 seipsam
3373 2682 3614 2755 ducens,
3639 2699 3705 2739 ac

2056 2765 2279 2822 caeteris
2303 2767 2541 2838 quidem
2571 2766 2630 2821 in
2663 2767 2858 2835 rebus,
2886 2772 2948 2822 ut
2980 2768 3338 2825 matrimonii
3368 2770 3525 2841 leges
3558 2773 3707 2828 fere-

2057 2858 2218 2924 bant,
2247 2857 2369 2911 viro
2401 2873 2506 2911 suo
2536 2874 2736 2927 parere
2768 2857 3057 2928 optimum
3089 2875 3217 2915 esse
3238 2861 3538 2930 judicans,
3571 2861 3708 2916 ﬁdei

2058 2951 2256 3002 autem
2305 2950 2362 2999 et
2412 2945 2643 3016 pietatis
2687 2946 3028 3017 magistram
3062 2965 3295 3018 quoque
3344 2966 3406 3004 se
3454 2952 3711 3020 praebere

2059 3035 2519 3106 haudquaquam
2552 3034 2800 3089 erubuit.
2827 3037 3010 3099 Quam
3038 3037 3272 3107 quidem
3306 3055 3440 3092 cum
3472 3039 3580 3093 hoc
3611 3056 3713 3095 no-

2061 3124 2218 3178 mine
2248 3123 2523 3177 admirari
2560 3141 2664 3195 par
2693 3125 2789 3190 sit,
2825 3131 2946 3178 tum
2980 3141 3113 3180 vero
3145 3127 3420 3182 maritum
3453 3127 3712 3199 amplius

2061 3213 2341 3269 admirari
2383 3214 2668 3278 convenit,
2702 3213 2802 3284 qui
2853 3219 3060 3284 sponte
3105 3215 3368 3270 cedebat.
3401 3215 3507 3272 Illa
3553 3217 3712 3272 enim

301 3302 482 3357 εἰκόνα
636 3308 939 3377 συντηρεῖν,
989 3301 1024 3370 ἢ
1098 3301 1469 3377 ἀνακαθαίρειν
1531 3302 1607 3363 εἰς
1667 3298 1893 3374 δύναμιν
1931 3320 1944 3334 ·

2065 3307 2172 3359 est.
2201 3319 2326 3374 quae
2357 3319 2490 3356 cum
2538 3302 2664 3356 alia).
2698 3301 2973 3357 mulieres
3004 3304 3076 3358 ob
3112 3304 3307 3359 formae
3338 3303 3715 3376 elegantiam,

299 3391 426 3453 τοὺς
487 3389 543 3446 δὲ
601 3390 874 3466 γραπτοὺς
1057 3391 1145 3446 καὶ
1189 3389 1487 3467 τεχνητοὺς
1518 3390 1777 3464 κόσμους,
1835 3396 1954 3453 ταῖς

304 3479 391 3535 ἐπὶ
444 3486 545 3548 τῆς
606 3481 804 3547 σκῆνῆς
853 3478 1216 3555 ἀπορρίψασα.
1268 3479 1404 3534 Μίαν
1454 3476 1509 3534 δὲ
1542 3476 1809 3550 ἀληθινὴν
1868 3479 1953 3533 εὐ-

308 3567 510 3642 γένειαν
571 3567 934 3641 γινώσκουσα,
995 3568 1095 3636 τὴν
1154 3562 1448 3638 εὐσέϐειαν,
1497 3567 1587 3621 καὶ
1644 3568 1705 3620 τὸ
1762 3565 1955 3621 εἷδέναι

308 3655 470 3720 πόθεν
526 3676 585 3710 τε
639 3654 961 3731 γεγόναμεν,
1024 3654 1113 3708 καὶ
1169 3660 1272 3708 ποῖ
1337 3657 1760 3727 καταντήσομεν.
1832 3657 1959 3709 Ἕνα

312 3743 370 3800 δὲ
417 3743 656 3800 πλοῦτον
702 3741 919 3821 ἀσφαλῆ
972 3763 1029 3798 τε
1084 3764 1174 3797 και
1223 3742 1446 3814 ἄσυλον,
1493 3744 1556 3798 τὸ
1587 3742 1956 3799 ἀποπλουτεῖν

312 3838 448 3906 Θεῷ,
505 3832 596 3888 καὶ
651 3837 768 3894 τοῖς
815 3831 1026 3902 πένησι,
1086 3831 1175 3885 καὶ
1266 3830 1501 3904 μάλιστα
1573 3837 1681 3886 τῶν
1759 3831 1818 3886 ἐκ
1870 3831 1958 3908 γέ-

310 3944 435 3984 νους
493 3924 570 3992 (9)
624 3925 745 3983 τοῖς
799 3920 1164 3991 ἀπανθήσασιν
1195 3939 1206 3953 ·
1277 3923 1358 3982 οἷς
1408 3921 1470 3975 τὸ
1531 3921 1624 3993 μὶν
1682 3922 1812 3996 ἄχρι
1859 3929 1958 3990 τῆς

311 4012 500 4088 χρείας
552 4011 824 4086 ἐπαρκεῖν,
877 4009 939 4064 οὐ
980 4008 1135 4064 λύσιν
1181 4017 1282 4080 τῆς
1332 4016 1636 4088 συμφορᾶς,
1669 4009 1794 4066 ἀλλ’
1828 4011 1961 4065 ὑπό-

317 4121 507 4174 μνησιν
591 4096 736 4174 ἔχειν
797 4098 1079 4173 ἐνόμιζεν·
1137 4100 1199 4154 τὸ
1271 4096 1328 4153 δὲ
1404 4097 1851 4176 ἐλευθεριώτερον
1907 4097 1962 4155 εὖ

309 4193 508 4258 ποιεῖν,
557 4192 722 4243 τοῦτο
771 4189 906 4242 εἶναι
963 4195 1132 4262 τιμῆς
1188 4183 1409 4264 βεϐαίας
1474 4188 1562 4242 καὶ
1620 4188 1963 4263 παραμυθίας

308 4275 674 4348 τελεωτάτης.
727 4275 832 4332 Καὶ
877 4281 983 4332 τῶν
1041 4278 1133 4349 μὲν
1184 4281 1253 4350 τῇ
1306 4275 1634 4355 οἶκωφελείᾳ
1689 4297 1964 4354 προεχού-

313 4371 444 4440 σῶν,
491 4371 599 4422 τῶν
661 4363 716 4422 δὲ
764 4370 832 4440 τῇ
885 4365 1126 4439 εὐσεϐείᾳ
1158 4366 1267 4442 (καὶ
1324 4368 1424 4443 γὰρ
1483 4365 1725 4444 χαλεπὸν
1788 4369 1967 4447 ἀμφο-

312 4457 482 4531 τέρων
535 4455 857 4528 ἐπιτυχεῖν),
919 4456 1249 4533 ἀμφοτέροις
1307 4456 1514 4519 ἆπάσας
1563 4459 1848 4527 νικήσασα,
1879 4459 1968 4512 καὶ

314 4546 393 4614 τῷ
439 4541 562 4612 περὶ
612 4540 862 4615 ἑκάτερον
913 4540 1085 4617 ἄκρῳ,
1135 4544 1226 4596 καὶ
1273 4549 1350 4615 τῷ
1403 4544 1542 4616 μόνη
1593 4546 1658 4598 τὰ
1689 4542 1784 4599 δύο
1845 4567 1966 4598 συν-

2065 3397 2186 3446 tam
2222 3389 2500 3458 nativam,
2535 3407 2712 3462 quam
2765 3391 2958 3446 fictam
3008 3397 3065 3448 et
3113 3393 3446 3463 ascititiam,
3479 3394 3722 3466 gloriari

2068 3485 2241 3550 atque
2265 3479 2481 3534 animis
2503 3479 2692 3534 efferri
2715 3483 2964 3545 soleant,
2983 3481 3111 3550 ipsa
3128 3485 3332 3537 contra
3347 3481 3499 3538 hanc
3515 3499 3719 3554 unam,

2068 3587 2195 3640 quas
2230 3569 2288 3624 in
2320 3570 2519 3624 anima
2550 3568 2859 3640 divinaque
2886 3570 3163 3641 imagine,
3197 3572 3315 3626 sive
3341 3575 3579 3643 tuenda,
3603 3574 3727 3631 sive

2072 3675 2173 3729 pro
2207 3657 2425 3711 viribus
2458 3659 2846 3728 repurganda.
2872 3658 3057 3728 posita
3086 3665 3194 3722 est,
3223 3660 3722 3732 pulchritudinem

2071 3745 2453 3817 agnoscebat;
2488 3744 2674 3815 pictos
2709 3751 2900 3799 autem
2933 3751 2989 3800 et
3019 3752 3142 3802 arte
3175 3749 3448 3818 quaesitos
3481 3755 3726 3808 ornatus

2070 3834 2140 3889 ad
2175 3833 2436 3887 scenicas
2467 3832 2850 3888 mulierculas
2882 3834 3210 3904 abjiciebat.
3235 3835 3421 3892 Unam
3457 3839 3594 3894 item
3630 3856 3728 3896 no-

2073 3921 2359 3977 bilitatem
2395 3922 2452 3975 in
2489 3920 2702 3992 pietate
2735 3922 2906 3977 sitam
2957 3940 3084 3978 esse
3137 3926 3434 3995 censebat,
3463 3932 3636 3998 atque
3663 3927 3725 3984 in

2073 4028 2160 4080 eo,
2184 4015 2250 4066 ut
2278 4011 2431 4065 unde
2462 4014 2655 4065 ortum
2708 4010 3046 4078 habuimus,
3071 4017 3129 4068 et
3160 4031 3274 4085 quo
3323 4016 3562 4071 tandem
3599 4034 3728 4089 per-

2073 4100 2299 4156 venturi
2323 4100 2532 4168 simus,
2553 4099 2976 4172 intelligamus.
2994 4100 3160 4156 Solas
3186 4103 3425 4174 insuper
3446 4104 3552 4159 has
3570 4110 3730 4162 tutas

2076 4195 2250 4262 atque
2279 4189 2350 4244 ab
2375 4189 2531 4244 omni
2568 4190 2946 4260 subreptione
2977 4190 3272 4247 immunes
3296 4209 3435 4264 opes
3457 4194 3728 4264 ducebat,

2079 4278 2359 4335 nimirum
2381 4278 2496 4333 Deo
2527 4284 2581 4332 et
2609 4279 2963 4350 pauperibus
2989 4297 3128 4350 opes
3153 4281 3472 4348 effundere,
3496 4299 3562 4338 eo
3587 4301 3730 4354 prae-

2080 4368 2282 4423 sertim
2323 4367 2799 4438 consanguineis,
2825 4368 2919 4439 qui
2979 4369 3224 4425 fortunis
3273 4370 3419 4436 suis,
3447 4375 3732 4443 tanquam

2079 4458 2218 4513 ﬂore
2267 4457 2545 4527 quodam,
2586 4457 2973 4523 excidissent;
3008 4459 3246 4528 quibus,
3287 4459 3444 4531 quod
3494 4476 3733 4516 necesse

2079 4550 2253 4608 esset,
2279 4544 2560 4598 duntaxat
2592 4544 2864 4612 praebere,
2897 4562 3011 4598 non
3046 4545 3400 4601 calamitatis
3433 4547 3734 4619 depulsio-

315 4635 562 4706 αγαγεῖν.
622 4629 781 4687 Οὖτω
831 4629 924 4703 μὶν
975 4631 1064 4684 τὸν
1117 4631 1264 4685 οἷκον
1312 4630 1638 4702 συναύξουσα
1664 4639 1784 4693 ταῖς
1845 4633 1947 4686 έαυι

2076 4649 2232 4699 nem,
2265 4630 2366 4685 sed
2401 4635 2848 4684 monumentum
2879 4647 3006 4685 esse
3042 4632 3348 4701 judicabat
3379 4648 3392 4687 ζ
3426 4631 3732 4690 liberalius

312 4721 409 4789 τῆς
469 4716 802 4793 ἐπιμελείαις
856 4719 945 4774 καὶ
1003 4717 1326 4794 περινοίαις,
1385 4720 1521 4774 κατά
1584 4719 1710 4780 τοὺς
1789 4720 1965 4774 Σολο-

319 4812 530 4883 μῶντος
580 4807 704 4884 περὶ
760 4815 861 4880 τῆς
919 4805 1168 4882 ἀνδρείας
1213 4807 1469 4881 γυναικὸς
1519 4808 1679 4884 ὅρους
1737 4809 1826 4863 καὶ
1879 4807 1966 4864 νό-

384 4956 427 4991 ⁴¹
461 4954 604 5011 Gen.
639 4972 702 5021 ιι,
735 4956 822 5012 18.

389 5095 465 5169 (4)
499 5093 661 5150 Αὐτό.
695 5095 790 5152 Sic
821 5095 960 5169 Reg.
1007 5096 1130 5167 bm,
1161 5095 1331 5152 Coisl.
1370 5097 1420 5165 1,
1454 5101 1512 5152 et
1543 5097 1638 5151 0r.
1676 5097 1724 5151 1.
1758 5096 1819 5152 In
1852 5097 1968 5162 ed.,

318 5166 499 5223 αὐτόν.

392 5241 471 5313 (5)
502 5237 825 5313 Ἐκείνωνηα
852 5238 1108 5313 Illorum,
1131 5261 1158 5288 »
1185 5239 1241 5293 id
1275 5243 1385 5308 est,
1405 5262 1439 5313 _«
1465 5240 1638 5296 unius
1671 5258 1738 5296 ex
1768 5239 1972 5311 ipsis,»

321 5309 528 5383 nempe
560 5311 814 5379 Hesiodi,
866 5311 965 5366 lib.
1002 5309 1237 5383 Operam
1284 5317 1338 5366 et
1383 5311 1625 5380 dierum,
1662 5309 1810 5368 vers.
1845 5313 1973 5382 700,

321 5382 491 5452 cujus
522 5383 642 5438 haec
673 5389 812 5438 sunt
841 5385 1016 5439 verba
1046 5382 1064 5439 7:

391 5485 468 5564 95
503 5487 598 5564 μέν
628 5489 733 5564 Υάρ
766 5509 818 5544 τι
849 5488 1100 5564 ww:
1130 5487 1266 5564 ἀνὴρ
1298 5485 1505 5564 ληίζεῖῗ
1535 5485 1758 5564 seu???

392 5560 507 5626 Τῆς
539 5558 760 5634 ἀγαθῆς,
787 5558 887 5628 τῆς
921 5558 967 5614 δ’
997 5561 1124 5616 αὖτε
1152 5558 1324 5630 κακῆς
1355 5560 1418 5615 οὐ
1450 5558 1624 5637 ῥίγιον
1659 5558 1821 5617 ἄλλο.

389 5665 546 5742 Mhi!
571 5668 722 5722 enim
749 5667 838 5722 vir
865 5668 1286 5742 ηιειίιιςίδονιίνί
1314 5673 1503 5742 potest
1528 5671 1762 5742 muliere

394 5740 566 5810 Bona,
592 5753 788 5794 rursus
815 5754 940 5798 vero
967 5741 1123 5808 mala
1150 5757 1263 5804 non
1290 5740 1489 5814 durius
1517 5741 1698 5817 aliud.

2077 4725 2269 4776 autem
2301 4723 2358 4773 et
2390 4716 2672 4787 prolixius
2704 4734 2801 4772 eos
2820 4719 3050 4787 juvare.
3074 4719 3129 4772 id
3162 4720 3400 4774 demum
3439 4721 3592 4775 firmi
3624 4722 3729 4777 ho-

2077 4807 2236 4863 noris
2258 4823 2323 4862 ac
2348 4805 2757 4878 perfectissimi
2780 4807 2974 4862 solatii
3001 4809 3294 4866 esse.Jam
3327 4825 3462 4872 cum
3489 4809 3616 4876 aliis
3646 4809 3733 4870 rei

2150 5095 2228 5165 (6)
2259 5087 2568 5168 Ἰσόῤῥοπον
2598 5095 2687 5147 καὶ
2720 5089 3011 5167 ὁμότιμον.
3045 5119 3069 5148 ιι
3099 5097 3181 5153 Ob
3213 5095 3469 5169 mquales
3499 5098 3734 5158 virtutis

2083 5167 2299 5239 lances,
2336 5167 3106 5239 p’aremqueprastantiam.
3127 5192 3158 5239 λ)

2154 5240 2231 5310 (7)
2265 5234 2479 5314 ξΕκοντῖ
2536 5234 2867 5311 ἧττώμενον.
2922 5241 3066 5308 Je8.,
3122 5234 3242 5293 ἓκον
3290 5241 3359 5312 τῇ
3416 5241 3732 5314 ἡττώμενον

2076 5309 2432 5382 [mendose].

2264 5378 2563 5456 Γρατξίεούς,
2595 5382 2740 5452 Jes,,
2770 5380 3067 5453 κρύπτούς,
3103 5406 3124 5456 ᾳ
3160 5384 3499 5456 occultos.»

2155 5449 2229 5535 (9)
2258 5449 2372 5507 Tti
2406 5449 2697 5535 ia‘yévouc‘.
2722 5449 2750 5502 ἒ‹
2784 5449 3279 5535 Consanguineos.
3311 5479 3335 5535 -_
3361 5455 3516 5535 Elias
3555 5478 3590 5535 ες
3631 5456 3735 5535 hp.

2085 5524 2275 5581 mines
2334 5524 2513 5598 nobili
2549 5531 2604 5580 et
2642 5525 2799 5598 claro
2846 5524 3062 5598 genere
3119 5533 3276 5582 ortos
3321 5527 3618 5598 intelligit.
3655 5531 3738 5584 Ita

2085 5598 2272 5670 etiam‘
2319 5597 2570 5670 Basilius
2619 5613 2631 5650 :
2685 5596 2748 5670 ἐκ⁵
2798 5596 3004 5670 γένους,
3058 5599 3300 5652 τουτέστι
3363 5596 3412 5666 ἐξ
3470 5596 3736 5670 εὐγενείας

2084 5667 2173 5721 καὶ
2216 5662 2860 5755 πλούτουηπετξτωκόῖες*
2885 5692 2912 5719 ‹‹
2946 5662 3435 5755 consanguineo-sv.
3460 5689 3488 5720 »ι
3518 5662 3578 5725 iii
3620 5675 3734 5741 est,

2088 5761 2118 5791 «
2149 5741 2250 5814 qui
2283 5758 2316 5797 a
2345 5739 2648 5798 nobilitate
2676 5746 2733 5798 et
2762 5741 2998 5802 fortuna
3027 5739 3417 5806 desciverunt.
3445 5761 3478 5798 η
