  <div class='ocr_page' id='page_1' title='image "/cluster/home/n/w/nwhite01/storage/ocr_20150623/35:no.1/coo.31924054869320/503.png"; bbox 0 0 4090 6406; ppageno 0'>
   <div class='ocr_carea' id='block_1_1' title="bbox 353 429 470 492">
    <p class='ocr_par' dir='ltr' id='par_1_1' title="bbox 353 429 470 492">
     <span class='ocr_line' id='line_1_1' title="bbox 353 429 470 492; baseline -0.017 0"><span class='ocrx_word' id='word_1_1' title='bbox 353 429 470 492; x_wconf 80' lang='lat'>995</span> 
     </span>
    </p>
   </div>
   <div class='ocr_carea' id='block_1_2' title="bbox 1596 414 2522 481">
    <p class='ocr_par' dir='ltr' id='par_1_2' title="bbox 1596 414 2522 481">
     <span class='ocr_line' id='line_1_2' title="bbox 1596 414 2522 481; baseline 0 0"><span class='ocrx_word' id='word_1_2' title='bbox 1596 422 1660 481; x_wconf 90' lang='lat' dir='ltr'>S.</span> <span class='ocrx_word' id='word_1_3' title='bbox 1710 416 2082 481; x_wconf 80' lang='lat' dir='ltr'>GREGORII</span> <span class='ocrx_word' id='word_1_4' title='bbox 2128 414 2522 481; x_wconf 82' lang='lat' dir='ltr'>THEOLOGI</span> 
     </span>
    </p>
   </div>
   <div class='ocr_carea' id='block_1_3' title="bbox 3657 424 3779 488">
    <p class='ocr_par' dir='ltr' id='par_1_3' title="bbox 3657 424 3779 488">
     <span class='ocr_line' id='line_1_3' title="bbox 3657 424 3779 488; baseline 0.008 -2"><span class='ocrx_word' id='word_1_5' title='bbox 3657 424 3779 488; x_wconf 84' lang='lat'><strong>996</strong></span> 
     </span>
    </p>
   </div>
   <div class='ocr_carea' id='block_1_4' title="bbox 352 545 2012 631">
    <p class='ocr_par' dir='ltr' id='par_1_4' title="bbox 352 549 2012 631">
     <span class='ocr_line' id='line_1_4' title="bbox 352 549 2012 631; baseline -0.009 -11"><span class='ocrx_word' id='word_1_6' title='bbox 352 561 659 621; x_wconf 83' lang='lat' dir='ltr'>familiaris</span> <span class='ocrx_word' id='word_1_7' title='bbox 684 558 963 631; x_wconf 64' lang='lat' dir='ltr'>augenda</span> <span class='ocrx_word' id='word_1_8' title='bbox 989 555 1183 622; x_wconf 84' lang='lat' dir='ltr'>laude,</span> <span class='ocrx_word' id='word_1_9' title='bbox 1208 554 1331 610; x_wconf 74' lang='lat' dir='ltr'>alize</span> <span class='ocrx_word' id='word_1_10' title='bbox 1360 553 1595 626; x_wconf 88' lang='lat' dir='ltr'>pietatis</span> <span class='ocrx_word' id='word_1_11' title='bbox 1616 552 1802 625; x_wconf 82' lang='lat' dir='ltr'>gloria</span> <span class='ocrx_word' id='word_1_12' title='bbox 1831 549 2012 608; x_wconf 82' lang='lat' dir='ltr'>excel-</span> 
     </span>
    </p>
   </div>
   <div class='ocr_carea' id='block_1_5' title="bbox 2127 545 3778 631">
    <p class='ocr_par' dir='ltr' id='par_1_5' title="bbox 2130 545 3778 629">
     <span class='ocr_line' id='line_1_5' title="bbox 2130 545 3778 629; baseline 0.005 -27"><span class='ocrx_word' id='word_1_13' title='bbox 2130 570 2287 622; x_wconf 87' lang='grc' dir='ltr'>μους,</span> <span class='ocrx_word' id='word_1_14' title='bbox 2320 549 2395 612; x_wconf 87' lang='grc' dir='ltr'>ὡς</span> <span class='ocrx_word' id='word_1_15' title='bbox 2428 545 2661 605; x_wconf 79' lang='grc' dir='ltr'>εὐσεϐεῖν</span> <span class='ocrx_word' id='word_1_16' title='bbox 2695 549 2793 604; x_wconf 84' lang='grc' dir='ltr'>οὐκ</span> <span class='ocrx_word' id='word_1_17' title='bbox 2842 547 3050 604; x_wconf 79' lang='grc' dir='ltr'>εἰδυῖα·</span> <span class='ocrx_word' id='word_1_18' title='bbox 3099 548 3243 604; x_wconf 66' lang='grc' dir='ltr'>οὕτω</span> <span class='ocrx_word' id='word_1_19' title='bbox 3291 548 3348 605; x_wconf 79' lang='grc' dir='ltr'>δὶ</span> <span class='ocrx_word' id='word_1_20' title='bbox 3405 556 3778 629; x_wconf 81' lang='grc' dir='ltr'>προσκειμένη</span> 
     </span>
    </p>
   </div>
   <div class='ocr_carea' id='block_1_6' title="bbox 351 642 2012 724">
    <p class='ocr_par' dir='ltr' id='par_1_6' title="bbox 351 642 2012 724">
     <span class='ocr_line' id='line_1_6' title="bbox 351 642 2012 724; baseline -0.009 -14"><span class='ocrx_word' id='word_1_21' title='bbox 351 653 841 724; x_wconf 87' lang='lat' dir='ltr'>lant(utrumque</span> <span class='ocrx_word' id='word_1_22' title='bbox 880 648 1035 703; x_wconf 90' lang='lat' dir='ltr'>enim</span> <span class='ocrx_word' id='word_1_23' title='bbox 1071 645 1302 715; x_wconf 86' lang='lat' dir='ltr'>assequi</span> <span class='ocrx_word' id='word_1_24' title='bbox 1338 642 1572 698; x_wconf 79' lang='lat' dir='ltr'>difficile</span> <span class='ocrx_word' id='word_1_25' title='bbox 1604 646 1736 708; x_wconf 89' lang='lat' dir='ltr'>est),</span> <span class='ocrx_word' id='word_1_26' title='bbox 1763 648 2012 712; x_wconf 87' lang='lat' dir='ltr'>utroque</span> 
     </span>
    </p>
   </div>
   <div class='ocr_carea' id='block_1_7' title="bbox 353 732 2014 805">
    <p class='ocr_par' dir='ltr' id='par_1_7' title="bbox 353 732 2014 805">
     <span class='ocr_line' id='line_1_7' title="bbox 353 732 2014 805; baseline -0.009 -6"><span class='ocrx_word' id='word_1_27' title='bbox 353 742 593 799; x_wconf 84' lang='lat' dir='ltr'>nomine</span> <span class='ocrx_word' id='word_1_28' title='bbox 611 738 885 795; x_wconf 83' lang='lat' dir='ltr'>mulieres</span> <span class='ocrx_word' id='word_1_29' title='bbox 902 753 993 792; x_wconf 90' lang='lat' dir='ltr'>om</span> <span class='ocrx_word' id='word_1_30' title='bbox 1007 753 1106 791; x_wconf 88' lang='lat' dir='ltr'>nes</span> <span class='ocrx_word' id='word_1_31' title='bbox 1125 733 1447 805; x_wconf 71' lang='lat' dir='ltr'>superavit:</span> <span class='ocrx_word' id='word_1_32' title='bbox 1469 738 1595 787; x_wconf 86' lang='lat' dir='ltr'>tum</span> <span class='ocrx_word' id='word_1_33' title='bbox 1614 732 1768 803; x_wconf 89' lang='lat' dir='ltr'>quod</span> <span class='ocrx_word' id='word_1_34' title='bbox 1790 738 2014 785; x_wconf 89' lang='lat' dir='ltr'>utrum-</span> 
     </span>
    </p>
   </div>
   <div class='ocr_carea' id='block_1_8' title="bbox 356 820 2010 905">
    <p class='ocr_par' dir='ltr' id='par_1_8' title="bbox 356 820 2010 905">
     <span class='ocr_line' id='line_1_8' title="bbox 356 820 2010 905; baseline -0.008 -18"><span class='ocrx_word' id='word_1_35' title='bbox 356 849 470 905; x_wconf 92' lang='lat' dir='ltr'>que</span> <span class='ocrx_word' id='word_1_36' title='bbox 515 830 729 885; x_wconf 82' lang='lat' dir='ltr'>horum</span> <span class='ocrx_word' id='word_1_37' title='bbox 780 828 852 882; x_wconf 89' lang='lat' dir='ltr'>ad</span> <span class='ocrx_word' id='word_1_38' title='bbox 904 839 1209 880; x_wconf 89' lang='lat' dir='ltr'>summum</span> <span class='ocrx_word' id='word_1_39' title='bbox 1260 837 1447 891; x_wconf 79' lang='lat' dir='ltr'>usque</span> <span class='ocrx_word' id='word_1_40' title='bbox 1497 820 1852 893; x_wconf 72' lang='lat' dir='ltr'>praestiterit,</span> <span class='ocrx_word' id='word_1_41' title='bbox 1884 824 2010 873; x_wconf 88' lang='lat' dir='ltr'>tum</span> 
     </span>
    </p>
   </div>
   <div class='ocr_carea' id='block_1_9' title="bbox 357 908 2011 994">
    <p class='ocr_par' dir='ltr' id='par_1_9' title="bbox 357 908 2011 994">
     <span class='ocr_line' id='line_1_9' title="bbox 357 908 2011 994; baseline -0.009 -17"><span class='ocrx_word' id='word_1_42' title='bbox 357 920 510 994; x_wconf 89' lang='lat' dir='ltr'>quod</span> <span class='ocrx_word' id='word_1_43' title='bbox 546 917 669 973; x_wconf 90' lang='lat' dir='ltr'>sola</span> <span class='ocrx_word' id='word_1_44' title='bbox 699 916 813 969; x_wconf 91' lang='lat' dir='ltr'>duo</span> <span class='ocrx_word' id='word_1_45' title='bbox 848 915 962 968; x_wconf 82' lang='lat' dir='ltr'>ista</span> <span class='ocrx_word' id='word_1_46' title='bbox 991 910 1296 982; x_wconf 82' lang='lat' dir='ltr'>complexa</span> <span class='ocrx_word' id='word_1_47' title='bbox 1327 908 1519 965; x_wconf 83' lang='lat' dir='ltr'>fuerit.</span> <span class='ocrx_word' id='word_1_48' title='bbox 1546 909 1687 963; x_wconf 85' lang='lat' dir='ltr'>Rem</span> <span class='ocrx_word' id='word_1_49' title='bbox 1718 909 1874 963; x_wconf 90' lang='lat' dir='ltr'>enim</span> <span class='ocrx_word' id='word_1_50' title='bbox 1909 909 2011 963; x_wconf 87' lang='lat' dir='ltr'>do-</span> 
     </span>
    </p>
   </div>
   <div class='ocr_carea' id='block_1_10' title="bbox 2123 638 3781 715">
    <p class='ocr_par' dir='ltr' id='par_1_10' title="bbox 2123 638 3781 715">
     <span class='ocr_line' id='line_1_10' title="bbox 2123 638 3781 715; baseline 0.005 -22"><span class='ocrx_word' id='word_1_51' title='bbox 2123 642 2239 710; x_wconf 80' lang='grc' dir='ltr'>Θεῷ</span> <span class='ocrx_word' id='word_1_52' title='bbox 2293 639 2383 693; x_wconf 83' lang='grc' dir='ltr'>καὶ</span> <span class='ocrx_word' id='word_1_53' title='bbox 2438 645 2555 702; x_wconf 91' lang='grc' dir='ltr'>τοῖς</span> <span class='ocrx_word' id='word_1_54' title='bbox 2624 640 2807 706; x_wconf 88' lang='grc' dir='ltr'>θείοις,</span> <span class='ocrx_word' id='word_1_55' title='bbox 2869 640 2944 701; x_wconf 82' lang='grc' dir='ltr'>ὡς</span> <span class='ocrx_word' id='word_1_56' title='bbox 3012 638 3287 715; x_wconf 81' lang='grc' dir='ltr'>οἰκουρίας</span> <span class='ocrx_word' id='word_1_57' title='bbox 3364 639 3623 697; x_wconf 88' lang='grc' dir='ltr'>πλεῖστον</span> <span class='ocrx_word' id='word_1_58' title='bbox 3679 646 3781 701; x_wconf 86' lang='grc' dir='ltr'>ἀπ-</span> 
     </span>
    </p>
   </div>
   <div class='ocr_carea' id='block_1_11' title="bbox 2122 726 3782 807">
    <p class='ocr_par' dir='ltr' id='par_1_11' title="bbox 2122 726 3782 807">
     <span class='ocr_line' id='line_1_11' title="bbox 2122 726 3782 807; baseline 0.005 -26"><span class='ocrx_word' id='word_1_59' title='bbox 2122 727 2322 803; x_wconf 77' lang='grc' dir='ltr'>έχουσα</span> <span class='ocrx_word' id='word_1_60' title='bbox 2345 747 2358 760; x_wconf 75' lang='grc' dir='ltr'><strong><em>ο</em></strong></span> <span class='ocrx_word' id='word_1_61' title='bbox 2420 730 2509 783; x_wconf 84' lang='grc' dir='ltr'>καὶ</span> <span class='ocrx_word' id='word_1_62' title='bbox 2559 726 2711 783; x_wconf 75' lang='grc' dir='ltr'>οὐδὶν</span> <span class='ocrx_word' id='word_1_63' title='bbox 2763 729 2865 783; x_wconf 81' lang='grc' dir='ltr'>ὑπὸ</span> <span class='ocrx_word' id='word_1_64' title='bbox 2900 731 3012 802; x_wconf 92' lang='grc'>(10)</span> <span class='ocrx_word' id='word_1_65' title='bbox 3043 733 3139 783; x_wconf 75' lang='grc' dir='ltr'>τοῦ</span> <span class='ocrx_word' id='word_1_66' title='bbox 3173 729 3358 805; x_wconf 66' lang='grc' dir='ltr'>ἑτέρου</span> <span class='ocrx_word' id='word_1_67' title='bbox 3387 728 3782 807; x_wconf 80' lang='grc' dir='ltr'>παραϐλαπτο-</span> 
     </span>
    </p>
   </div>
   <div class='ocr_carea' id='block_1_12' title="bbox 2126 816 3779 901">
    <p class='ocr_par' dir='ltr' id='par_1_12' title="bbox 2126 816 3779 901">
     <span class='ocr_line' id='line_1_12' title="bbox 2126 816 3779 901; baseline 0.005 -30"><span class='ocrx_word' id='word_1_68' title='bbox 2126 817 2261 890; x_wconf 81' lang='grc' dir='ltr'>μένη</span> <span class='ocrx_word' id='word_1_69' title='bbox 2310 819 2444 894; x_wconf 87' lang='grc' dir='ltr'>πρὸς</span> <span class='ocrx_word' id='word_1_70' title='bbox 2489 820 2732 896; x_wconf 86' lang='grc' dir='ltr'>θάτερον,</span> <span class='ocrx_word' id='word_1_71' title='bbox 2792 818 3074 895; x_wconf 70' lang='grc' dir='ltr'>ἀμφότερα</span> <span class='ocrx_word' id='word_1_72' title='bbox 3123 816 3179 873; x_wconf 68' lang='grc' dir='ltr'>δὲ</span> <span class='ocrx_word' id='word_1_73' title='bbox 3220 816 3287 873; x_wconf 84' lang='grc' dir='ltr'>δι’</span> <span class='ocrx_word' id='word_1_74' title='bbox 3317 818 3587 892; x_wconf 80' lang='grc' dir='ltr'>ἀλλήλων</span> <span class='ocrx_word' id='word_1_75' title='bbox 3646 846 3779 901; x_wconf 89' lang='grc' dir='ltr'>κρα-</span> 
     </span>
    </p>
   </div>
   <div class='ocr_carea' id='block_1_13' title="bbox 2120 907 2373 963">
    <p class='ocr_par' dir='ltr' id='par_1_13' title="bbox 2120 907 2373 963">
     <span class='ocr_line' id='line_1_13' title="bbox 2120 907 2373 963; baseline 0.012 -3"><span class='ocrx_word' id='word_1_76' title='bbox 2120 907 2373 963; x_wconf 74' lang='grc' dir='ltr'>τύνουσα.</span> 
     </span>
    </p>
   </div>
   <div class='ocr_carea' id='block_1_14' title="bbox 358 990 3776 1076">
    <p class='ocr_par' dir='ltr' id='par_1_14' title="bbox 358 990 3776 1076">
     <span class='ocr_line' id='line_1_14' title="bbox 358 990 3776 1076; baseline -0.006 -10"><span class='ocrx_word' id='word_1_77' title='bbox 358 990 662 1066; x_wconf 79' lang='lat' dir='ltr'>mesticam</span> <span class='ocrx_word' id='word_1_78' title='bbox 694 1002 989 1059; x_wconf 85' lang='lat' dir='ltr'>industria</span> <span class='ocrx_word' id='word_1_79' title='bbox 1020 1006 1078 1057; x_wconf 88' lang='lat' dir='ltr'>et</span> <span class='ocrx_word' id='word_1_80' title='bbox 1106 1000 1347 1056; x_wconf 89' lang='lat' dir='ltr'>solertia</span> <span class='ocrx_word' id='word_1_81' title='bbox 1394 1015 1521 1067; x_wconf 87' lang='lat' dir='ltr'>sua,</span> <span class='ocrx_word' id='word_1_82' title='bbox 1546 999 1719 1068; x_wconf 84' lang='lat' dir='ltr'>juxta</span> <span class='ocrx_word' id='word_1_83' title='bbox 1772 997 1928 1069; x_wconf 87' lang='lat' dir='ltr'>leges</span> <span class='ocrx_word' id='word_1_84' title='bbox 1970 995 2199 1053; x_wconf 87' lang='lat' dir='ltr'>mulieri</span> <span class='ocrx_word' id='word_1_85' title='bbox 2234 999 2364 1054; x_wconf 89' lang='lat' dir='ltr'>forti</span> <span class='ocrx_word' id='word_1_86' title='bbox 2399 1016 2432 1054; x_wconf 91' lang='lat' dir='ltr'>a</span> <span class='ocrx_word' id='word_1_87' title='bbox 2462 999 2774 1056; x_wconf 89' lang='lat' dir='ltr'>Salomone</span> <span class='ocrx_word' id='word_1_88' title='bbox 2804 990 3076 1071; x_wconf 85' lang='lat' dir='ltr'>statutas,</span> <span class='ocrx_word' id='word_1_89' title='bbox 3109 999 3191 1055; x_wconf 87' lang='lat' dir='ltr'>ita</span> <span class='ocrx_word' id='word_1_90' title='bbox 3221 999 3402 1073; x_wconf 79' lang='lat' dir='ltr'>auxit,</span> <span class='ocrx_word' id='word_1_91' title='bbox 3436 1003 3603 1074; x_wconf 90' lang='lat' dir='ltr'>quasi</span> <span class='ocrx_word' id='word_1_92' title='bbox 3650 1004 3776 1076; x_wconf 74' lang='lat' dir='ltr'>pie-</span> 
     </span>
    </p>
   </div>
   <div class='ocr_carea' id='block_1_15' title="bbox 352 1087 3769 1161">
    <p class='ocr_par' dir='ltr' id='par_1_15' title="bbox 352 1087 3769 1161">
     <span class='ocr_line' id='line_1_15' title="bbox 352 1087 3769 1161; baseline -0.002 -7"><span class='ocrx_word' id='word_1_93' title='bbox 352 1102 533 1154; x_wconf 84' lang='lat' dir='ltr'>tatem</span> <span class='ocrx_word' id='word_1_94' title='bbox 566 1094 753 1151; x_wconf 91' lang='lat' dir='ltr'>colere</span> <span class='ocrx_word' id='word_1_95' title='bbox 785 1091 1037 1148; x_wconf 85' lang='lat' dir='ltr'>nesciret</span> <span class='ocrx_word' id='word_1_96' title='bbox 1070 1105 1084 1147; x_wconf 88' lang='lat'><strong>:</strong></span> <span class='ocrx_word' id='word_1_97' title='bbox 1118 1091 1233 1146; x_wconf 92' lang='lat' dir='ltr'>Deo</span> <span class='ocrx_word' id='word_1_98' title='bbox 1264 1104 1500 1144; x_wconf 87' lang='lat' dir='ltr'>rursum</span> <span class='ocrx_word' id='word_1_99' title='bbox 1550 1104 1617 1143; x_wconf 88' lang='lat' dir='ltr'>ac</span> <span class='ocrx_word' id='word_1_100' title='bbox 1663 1087 1875 1142; x_wconf 86' lang='lat' dir='ltr'>divinis</span> <span class='ocrx_word' id='word_1_101' title='bbox 1909 1087 2084 1144; x_wconf 86' lang='lat' dir='ltr'>rebus</span> <span class='ocrx_word' id='word_1_102' title='bbox 2132 1087 2215 1143; x_wconf 79' lang='lat' dir='ltr'>ita</span> <span class='ocrx_word' id='word_1_103' title='bbox 2244 1104 2372 1144; x_wconf 89' lang='lat' dir='ltr'>sese</span> <span class='ocrx_word' id='word_1_104' title='bbox 2402 1089 2648 1157; x_wconf 83' lang='lat' dir='ltr'>addixit,</span> <span class='ocrx_word' id='word_1_105' title='bbox 2676 1093 2960 1161; x_wconf 90' lang='lat' dir='ltr'>tanquam</span> <span class='ocrx_word' id='word_1_106' title='bbox 3009 1106 3046 1145; x_wconf 91' lang='lat' dir='ltr'>a</span> <span class='ocrx_word' id='word_1_107' title='bbox 3088 1106 3283 1145; x_wconf 88' lang='lat' dir='ltr'>rerum</span> <span class='ocrx_word' id='word_1_108' title='bbox 3320 1091 3769 1148; x_wconf 89' lang='lat' dir='ltr'>domesticarum</span> 
     </span>
    </p>
   </div>
   <div class='ocr_carea' id='block_1_16' title="bbox 354 1176 3762 1261">
    <p class='ocr_par' dir='ltr' id='par_1_16' title="bbox 354 1176 3762 1261">
     <span class='ocr_line' id='line_1_16' title="bbox 354 1176 3762 1261; baseline -0.002 -18"><span class='ocrx_word' id='word_1_109' title='bbox 354 1185 762 1261; x_wconf 85' lang='lat' dir='ltr'>procuratione</span> <span class='ocrx_word' id='word_1_110' title='bbox 792 1181 1115 1254; x_wconf 89' lang='lat' dir='ltr'>plurimum</span> <span class='ocrx_word' id='word_1_111' title='bbox 1148 1180 1380 1236; x_wconf 88' lang='lat' dir='ltr'>abesset</span> <span class='ocrx_word' id='word_1_112' title='bbox 1413 1196 1425 1235; x_wconf 87' lang='lat'><strong>:</strong></span> <span class='ocrx_word' id='word_1_113' title='bbox 1460 1194 1649 1250; x_wconf 90' lang='lat' dir='ltr'>neque</span> <span class='ocrx_word' id='word_1_114' title='bbox 1681 1177 1753 1233; x_wconf 90' lang='lat' dir='ltr'>ab</span> <span class='ocrx_word' id='word_1_115' title='bbox 1785 1176 2066 1233; x_wconf 86' lang='lat' dir='ltr'>alterutro</span> <span class='ocrx_word' id='word_1_116' title='bbox 2106 1176 2319 1232; x_wconf 91' lang='lat' dir='ltr'>horum</span> <span class='ocrx_word' id='word_1_117' title='bbox 2352 1178 2677 1250; x_wconf 85' lang='lat' dir='ltr'>quidquam</span> <span class='ocrx_word' id='word_1_118' title='bbox 2716 1178 3006 1252; x_wconf 84' lang='lat' dir='ltr'>impedita</span> <span class='ocrx_word' id='word_1_119' title='bbox 3036 1183 3144 1250; x_wconf 89' lang='lat' dir='ltr'>est,</span> <span class='ocrx_word' id='word_1_120' title='bbox 3178 1179 3487 1251; x_wconf 88' lang='lat' dir='ltr'>quominus</span> <span class='ocrx_word' id='word_1_121' title='bbox 3518 1180 3762 1237; x_wconf 89' lang='lat' dir='ltr'>alterum</span> 
     </span>
    </p>
   </div>
   <div class='ocr_carea' id='block_1_17' title="bbox 351 1264 2564 1349">
    <p class='ocr_par' dir='ltr' id='par_1_17' title="bbox 351 1264 2564 1349">
     <span class='ocr_line' id='line_1_17' title="bbox 351 1264 2564 1349; baseline -0.005 -15"><span class='ocrx_word' id='word_1_122' title='bbox 351 1276 643 1349; x_wconf 80' lang='lat' dir='ltr'>impleret,</span> <span class='ocrx_word' id='word_1_123' title='bbox 674 1273 814 1345; x_wconf 91' lang='lat' dir='ltr'>quin</span> <span class='ocrx_word' id='word_1_124' title='bbox 847 1270 1044 1343; x_wconf 89' lang='lat' dir='ltr'>potius</span> <span class='ocrx_word' id='word_1_125' title='bbox 1070 1274 1389 1339; x_wconf 88' lang='lat' dir='ltr'>utrumque</span> <span class='ocrx_word' id='word_1_126' title='bbox 1418 1266 1665 1323; x_wconf 82' lang='lat' dir='ltr'>alterius</span> <span class='ocrx_word' id='word_1_127' title='bbox 1696 1283 1804 1337; x_wconf 90' lang='lat' dir='ltr'>ope</span> <span class='ocrx_word' id='word_1_128' title='bbox 1836 1264 2062 1321; x_wconf 90' lang='lat' dir='ltr'>fulcivit</span> <span class='ocrx_word' id='word_1_129' title='bbox 2091 1271 2150 1323; x_wconf 89' lang='lat' dir='ltr'>et</span> <span class='ocrx_word' id='word_1_130' title='bbox 2178 1267 2564 1323; x_wconf 84' lang='lat' dir='ltr'>conﬁrmavit.</span> 
     </span>
    </p>
   </div>
   <div class='ocr_carea' id='block_1_18' title="bbox 422 1355 2007 1429">
    <p class='ocr_par' dir='ltr' id='par_1_18' title="bbox 422 1355 2007 1429">
     <span class='ocr_line' id='line_1_18' title="bbox 422 1355 2007 1429; baseline -0.008 -8"><span class='ocrx_word' id='word_1_131' title='bbox 422 1364 513 1421; x_wconf 86' lang='lat' dir='ltr'>IX.</span> <span class='ocrx_word' id='word_1_132' title='bbox 539 1363 844 1428; x_wconf 87' lang='lat' dir='ltr'>Quodnam</span> <span class='ocrx_word' id='word_1_133' title='bbox 867 1358 1150 1416; x_wconf 86' lang='lat' dir='ltr'>orationis</span> <span class='ocrx_word' id='word_1_134' title='bbox 1182 1361 1438 1429; x_wconf 84' lang='lat' dir='ltr'>tempus,</span> <span class='ocrx_word' id='word_1_135' title='bbox 1457 1355 1660 1428; x_wconf 89' lang='lat' dir='ltr'>ecquis</span> <span class='ocrx_word' id='word_1_136' title='bbox 1694 1355 1857 1411; x_wconf 88' lang='lat' dir='ltr'>locus</span> <span class='ocrx_word' id='word_1_137' title='bbox 1879 1372 2007 1410; x_wconf 88' lang='lat' dir='ltr'>eam</span> 
     </span>
    </p>
   </div>
   <div class='ocr_carea' id='block_1_19' title="bbox 347 1444 2011 1518">
    <p class='ocr_par' dir='ltr' id='par_1_19' title="bbox 347 1444 2011 1518">
     <span class='ocr_line' id='line_1_19' title="bbox 347 1444 2011 1518; baseline -0.008 -5"><span class='ocrx_word' id='word_1_138' title='bbox 347 1454 558 1513; x_wconf 85' lang='lat' dir='ltr'>latuit?</span> <span class='ocrx_word' id='word_1_139' title='bbox 585 1450 742 1508; x_wconf 90' lang='lat' dir='ltr'>Nihil</span> <span class='ocrx_word' id='word_1_140' title='bbox 773 1450 931 1507; x_wconf 88' lang='lat' dir='ltr'>enim</span> <span class='ocrx_word' id='word_1_141' title='bbox 963 1452 1084 1504; x_wconf 91' lang='lat' dir='ltr'>toto</span> <span class='ocrx_word' id='word_1_142' title='bbox 1116 1448 1209 1503; x_wconf 91' lang='lat' dir='ltr'>die</span> <span class='ocrx_word' id='word_1_143' title='bbox 1240 1454 1383 1513; x_wconf 84' lang='lat' dir='ltr'>erat,</span> <span class='ocrx_word' id='word_1_144' title='bbox 1418 1447 1488 1501; x_wconf 89' lang='lat' dir='ltr'>ad</span> <span class='ocrx_word' id='word_1_145' title='bbox 1523 1446 1677 1518; x_wconf 90' lang='lat' dir='ltr'>quod</span> <span class='ocrx_word' id='word_1_146' title='bbox 1711 1446 1875 1517; x_wconf 90' lang='lat' dir='ltr'>prius</span> <span class='ocrx_word' id='word_1_147' title='bbox 1907 1444 2011 1500; x_wconf 91' lang='lat' dir='ltr'>im-</span> 
     </span>
    </p>
   </div>
   <div class='ocr_carea' id='block_1_20' title="bbox 352 1540 2007 1619">
    <p class='ocr_par' dir='ltr' id='par_1_20' title="bbox 352 1540 2007 1619">
     <span class='ocr_line' id='line_1_20' title="bbox 352 1540 2007 1619; baseline -0.007 -18"><span class='ocrx_word' id='word_1_148' title='bbox 352 1545 686 1619; x_wconf 86' lang='lat' dir='ltr'>pelleretur.</span> <span class='ocrx_word' id='word_1_149' title='bbox 708 1540 832 1597; x_wconf 90' lang='lat' dir='ltr'>Imo</span> <span class='ocrx_word' id='word_1_150' title='bbox 849 1555 986 1594; x_wconf 91' lang='lat' dir='ltr'>vero</span> <span class='ocrx_word' id='word_1_151' title='bbox 1010 1554 1279 1609; x_wconf 63' lang='lat' dir='ltr'>quaenam</span> <span class='ocrx_word' id='word_1_152' title='bbox 1316 1552 1577 1608; x_wconf 89' lang='lat' dir='ltr'>unquam</span> <span class='ocrx_word' id='word_1_153' title='bbox 1610 1552 1807 1606; x_wconf 86' lang='lat' dir='ltr'>parem</span> <span class='ocrx_word' id='word_1_154' title='bbox 1842 1550 2007 1604; x_wconf 87' lang='lat' dir='ltr'>spem</span> 
     </span>
    </p>
   </div>
   <div class='ocr_carea' id='block_1_21' title="bbox 351 1624 2006 1700">
    <p class='ocr_par' dir='ltr' id='par_1_21' title="bbox 351 1624 2006 1700">
     <span class='ocr_line' id='line_1_21' title="bbox 351 1624 2006 1700; baseline -0.008 -10"><span class='ocrx_word' id='word_1_155' title='bbox 351 1633 559 1690; x_wconf 85' lang='lat' dir='ltr'>habuit</span> <span class='ocrx_word' id='word_1_156' title='bbox 589 1633 730 1700; x_wconf 84' lang='lat' dir='ltr'>fore,</span> <span class='ocrx_word' id='word_1_157' title='bbox 766 1634 830 1683; x_wconf 90' lang='lat' dir='ltr'>ut</span> <span class='ocrx_word' id='word_1_158' title='bbox 860 1627 1037 1683; x_wconf 89' lang='lat' dir='ltr'>simul</span> <span class='ocrx_word' id='word_1_159' title='bbox 1088 1632 1261 1697; x_wconf 85' lang='lat' dir='ltr'>atque</span> <span class='ocrx_word' id='word_1_160' title='bbox 1306 1624 1525 1695; x_wconf 88' lang='lat' dir='ltr'>aliquid</span> <span class='ocrx_word' id='word_1_161' title='bbox 1565 1624 1852 1695; x_wconf 87' lang='lat' dir='ltr'>petiisset,</span> <span class='ocrx_word' id='word_1_162' title='bbox 1885 1628 2006 1678; x_wconf 86' lang='lat' dir='ltr'>sta-</span> 
     </span>
    </p>
   </div>
   <div class='ocr_carea' id='block_1_22' title="bbox 351 1713 2008 1794">
    <p class='ocr_par' dir='ltr' id='par_1_22' title="bbox 351 1713 2008 1794">
     <span class='ocr_line' id='line_1_22' title="bbox 351 1713 2008 1794; baseline -0.007 -16"><span class='ocrx_word' id='word_1_163' title='bbox 351 1725 483 1790; x_wconf 89' lang='lat' dir='ltr'>tim,</span> <span class='ocrx_word' id='word_1_164' title='bbox 515 1722 671 1794; x_wconf 90' lang='lat' dir='ltr'>quod</span> <span class='ocrx_word' id='word_1_165' title='bbox 717 1722 958 1791; x_wconf 85' lang='lat' dir='ltr'>peteret,</span> <span class='ocrx_word' id='word_1_166' title='bbox 983 1713 1476 1785; x_wconf 81' lang='lat' dir='ltr'>consequeretur?</span> <span class='ocrx_word' id='word_1_167' title='bbox 1505 1715 1780 1778; x_wconf 68' lang='lat' dir='ltr'>Quaenam</span> <span class='ocrx_word' id='word_1_168' title='bbox 1815 1729 2008 1767; x_wconf 91' lang='lat' dir='ltr'>sacer-</span> 
     </span>
    </p>
   </div>
   <div class='ocr_carea' id='block_1_23' title="bbox 2192 1350 3774 1431">
    <p class='ocr_par' dir='ltr' id='par_1_23' title="bbox 2192 1350 3774 1431">
     <span class='ocr_line' id='line_1_23' title="bbox 2192 1350 3774 1431; baseline 0 -20"><span class='ocrx_word' id='word_1_169' title='bbox 2192 1356 2269 1411; x_wconf 73' lang='grc' dir='ltr'>ϐ’.</span> <span class='ocrx_word' id='word_1_170' title='bbox 2328 1355 2418 1417; x_wconf 88' lang='grc' dir='ltr'>Τίς</span> <span class='ocrx_word' id='word_1_171' title='bbox 2481 1355 2575 1428; x_wconf 75' lang='grc' dir='ltr'>μὶν</span> <span class='ocrx_word' id='word_1_172' title='bbox 2636 1350 2823 1410; x_wconf 76' lang='grc' dir='ltr'>ἔλαθεν</span> <span class='ocrx_word' id='word_1_173' title='bbox 2868 1354 3100 1427; x_wconf 72' lang='grc' dir='ltr'>ἐκείνην,</span> <span class='ocrx_word' id='word_1_174' title='bbox 3162 1355 3333 1431; x_wconf 81' lang='grc' dir='ltr'>εὐχῆς</span> <span class='ocrx_word' id='word_1_175' title='bbox 3391 1357 3424 1425; x_wconf 80' lang='grc' dir='ltr'>ἢ</span> <span class='ocrx_word' id='word_1_176' title='bbox 3477 1355 3681 1431; x_wconf 78' lang='grc' dir='ltr'>καιρὸς,</span> <span class='ocrx_word' id='word_1_177' title='bbox 3737 1358 3774 1425; x_wconf 80' lang='grc' dir='ltr'>ἣ</span> 
     </span>
    </p>
   </div>
   <div class='ocr_carea' id='block_1_24' title="bbox 2117 1442 3775 1521">
    <p class='ocr_par' dir='ltr' id='par_1_24' title="bbox 2117 1442 3775 1521">
     <span class='ocr_line' id='line_1_24' title="bbox 2117 1442 3775 1521; baseline 0.001 -23"><span class='ocrx_word' id='word_1_178' title='bbox 2117 1442 2286 1505; x_wconf 84' lang='grc' dir='ltr'>τόπος</span> <span class='ocrx_word' id='word_1_179' title='bbox 2315 1471 2328 1511; x_wconf 86' lang='grc'><strong>;</strong></span> <span class='ocrx_word' id='word_1_180' title='bbox 2361 1442 2391 1498; x_wconf 79' lang='grc' dir='ltr'>ὅ</span> <span class='ocrx_word' id='word_1_181' title='bbox 2438 1446 2548 1517; x_wconf 92' lang='grc'>(11)</span> <span class='ocrx_word' id='word_1_182' title='bbox 2598 1446 2687 1499; x_wconf 78' lang='grc' dir='ltr'>καὶ</span> <span class='ocrx_word' id='word_1_183' title='bbox 2735 1449 2951 1521; x_wconf 82' lang='grc' dir='ltr'>πρῶτον</span> <span class='ocrx_word' id='word_1_184' title='bbox 2986 1447 3051 1514; x_wconf 76' lang='grc' dir='ltr'>ἦν</span> <span class='ocrx_word' id='word_1_185' title='bbox 3088 1444 3223 1519; x_wconf 82' lang='grc' dir='ltr'>αὐτῇ</span> <span class='ocrx_word' id='word_1_186' title='bbox 3255 1446 3469 1499; x_wconf 85' lang='grc' dir='ltr'>πάντων</span> <span class='ocrx_word' id='word_1_187' title='bbox 3501 1451 3601 1514; x_wconf 88' lang='grc' dir='ltr'>τῆς</span> <span class='ocrx_word' id='word_1_188' title='bbox 3633 1444 3775 1517; x_wconf 74' lang='grc' dir='ltr'>ἡμέ-</span> 
     </span>
    </p>
   </div>
   <div class='ocr_carea' id='block_1_25' title="bbox 2122 1529 3778 1609">
    <p class='ocr_par' dir='ltr' id='par_1_25' title="bbox 2122 1529 3778 1609">
     <span class='ocr_line' id='line_1_25' title="bbox 2122 1529 3778 1609; baseline -0.001 -21"><span class='ocrx_word' id='word_1_189' title='bbox 2122 1552 2216 1609; x_wconf 86' lang='grc' dir='ltr'>ρας</span> <span class='ocrx_word' id='word_1_190' title='bbox 2264 1532 2497 1605; x_wconf 76' lang='grc' dir='ltr'>κίνημα.</span> <span class='ocrx_word' id='word_1_191' title='bbox 2557 1531 2785 1589; x_wconf 82' lang='grc' dir='ltr'>Μᾶλλον</span> <span class='ocrx_word' id='word_1_192' title='bbox 2837 1532 2895 1589; x_wconf 70' lang='grc' dir='ltr'>δὲ</span> <span class='ocrx_word' id='word_1_193' title='bbox 2952 1532 3037 1596; x_wconf 91' lang='grc' dir='ltr'>τίς</span> <span class='ocrx_word' id='word_1_194' title='bbox 3082 1533 3256 1596; x_wconf 72' lang='grc' dir='ltr'>οὕτως</span> <span class='ocrx_word' id='word_1_195' title='bbox 3303 1529 3447 1609; x_wconf 76' lang='grc' dir='ltr'>ἔχειν</span> <span class='ocrx_word' id='word_1_196' title='bbox 3506 1533 3647 1605; x_wconf 74' lang='grc' dir='ltr'>ὁμοῦ</span> <span class='ocrx_word' id='word_1_197' title='bbox 3698 1537 3778 1605; x_wconf 82' lang='grc' dir='ltr'>τῷ</span> 
     </span>
    </p>
   </div>
   <div class='ocr_carea' id='block_1_26' title="bbox 2120 1619 3776 1698">
    <p class='ocr_par' dir='ltr' id='par_1_26' title="bbox 2120 1619 3776 1698">
     <span class='ocr_line' id='line_1_26' title="bbox 2120 1619 3776 1698; baseline -0.001 -22"><span class='ocrx_word' id='word_1_198' title='bbox 2120 1621 2286 1676; x_wconf 77' lang='grc' dir='ltr'>αἰτεῖν</span> <span class='ocrx_word' id='word_1_199' title='bbox 2345 1625 2455 1696; x_wconf 83' lang='grc'>(12)</span> <span class='ocrx_word' id='word_1_200' title='bbox 2510 1624 2575 1678; x_wconf 88' lang='grc' dir='ltr'>τὸ</span> <span class='ocrx_word' id='word_1_201' title='bbox 2622 1623 2945 1696; x_wconf 77' lang='grc' dir='ltr'>αἰτούμενον</span> <span class='ocrx_word' id='word_1_202' title='bbox 2996 1622 3265 1692; x_wconf 76' lang='grc' dir='ltr'>ῆλπισεν;</span> <span class='ocrx_word' id='word_1_203' title='bbox 3327 1623 3417 1685; x_wconf 81' lang='grc' dir='ltr'>Τίς</span> <span class='ocrx_word' id='word_1_204' title='bbox 3478 1619 3535 1676; x_wconf 77' lang='grc' dir='ltr'>δὶ</span> <span class='ocrx_word' id='word_1_205' title='bbox 3586 1622 3776 1698; x_wconf 78' lang='grc' dir='ltr'>ἱερέων</span> 
     </span>
    </p>
   </div>
   <div class='ocr_carea' id='block_1_27' title="bbox 2119 1708 3778 1789">
    <p class='ocr_par' dir='ltr' id='par_1_27' title="bbox 2119 1708 3778 1789">
     <span class='ocr_line' id='line_1_27' title="bbox 2119 1708 3778 1789; baseline -0.001 -24"><span class='ocrx_word' id='word_1_206' title='bbox 2119 1710 2293 1766; x_wconf 70' lang='grc' dir='ltr'>οὕτως</span> <span class='ocrx_word' id='word_1_207' title='bbox 2323 1709 2528 1785; x_wconf 72' lang='grc' dir='ltr'>ᾐδέσθη</span> <span class='ocrx_word' id='word_1_208' title='bbox 2582 1719 2745 1788; x_wconf 86' lang='grc' dir='ltr'>χεῖρα</span> <span class='ocrx_word' id='word_1_209' title='bbox 2772 1713 2861 1767; x_wconf 81' lang='grc' dir='ltr'>καὶ</span> <span class='ocrx_word' id='word_1_210' title='bbox 2894 1711 3210 1786; x_wconf 88' lang='grc' dir='ltr'>πρόσωπον,</span> <span class='ocrx_word' id='word_1_211' title='bbox 3242 1714 3275 1781; x_wconf 81' lang='grc' dir='ltr'>ἣ</span> <span class='ocrx_word' id='word_1_212' title='bbox 3303 1717 3405 1766; x_wconf 76' lang='grc' dir='ltr'>πᾶν</span> <span class='ocrx_word' id='word_1_213' title='bbox 3440 1709 3582 1773; x_wconf 79' lang='grc' dir='ltr'>εἶδος</span> <span class='ocrx_word' id='word_1_214' title='bbox 3615 1708 3778 1789; x_wconf 76' lang='grc' dir='ltr'>φιλο-</span> 
     </span>
    </p>
   </div>
   <div class='ocr_carea' id='block_1_28' title="bbox 353 1800 2012 1879">
    <p class='ocr_par' dir='ltr' id='par_1_28' title="bbox 353 1802 2012 1874">
     <span class='ocr_line' id='line_1_28' title="bbox 353 1802 2012 1874; baseline -0.008 -6"><span class='ocrx_word' id='word_1_215' title='bbox 353 1813 557 1868; x_wconf 88' lang='lat' dir='ltr'>dotum</span> <span class='ocrx_word' id='word_1_216' title='bbox 591 1824 835 1863; x_wconf 87' lang='lat' dir='ltr'>manum</span> <span class='ocrx_word' id='word_1_217' title='bbox 867 1804 1212 1874; x_wconf 87' lang='lat' dir='ltr'>vultumque</span> <span class='ocrx_word' id='word_1_218' title='bbox 1253 1803 1335 1857; x_wconf 91' lang='lat' dir='ltr'>ita</span> <span class='ocrx_word' id='word_1_219' title='bbox 1363 1802 1550 1857; x_wconf 89' lang='lat' dir='ltr'>verita</span> <span class='ocrx_word' id='word_1_220' title='bbox 1577 1804 1685 1872; x_wconf 88' lang='lat' dir='ltr'>est,</span> <span class='ocrx_word' id='word_1_221' title='bbox 1707 1806 1809 1857; x_wconf 89' lang='lat' dir='ltr'>aut</span> <span class='ocrx_word' id='word_1_222' title='bbox 1841 1816 2012 1855; x_wconf 90' lang='lat' dir='ltr'>omne</span> 
     </span>
    </p>
   </div>
   <div class='ocr_carea' id='block_1_29' title="bbox 2127 1800 3777 1879">
    <p class='ocr_par' dir='ltr' id='par_1_29' title="bbox 2127 1800 3777 1879">
     <span class='ocr_line' id='line_1_29' title="bbox 2127 1800 3777 1879; baseline -0.001 -23"><span class='ocrx_word' id='word_1_223' title='bbox 2127 1800 2309 1879; x_wconf 72' lang='grc' dir='ltr'>σοφίας</span> <span class='ocrx_word' id='word_1_224' title='bbox 2341 1801 2633 1876; x_wconf 71' lang='grc' dir='ltr'>ἐτίμησεν;</span> <span class='ocrx_word' id='word_1_225' title='bbox 2669 1802 2760 1865; x_wconf 83' lang='grc' dir='ltr'>Τίς</span> <span class='ocrx_word' id='word_1_226' title='bbox 2793 1800 2850 1858; x_wconf 62' lang='grc' dir='ltr'>δὲ</span> <span class='ocrx_word' id='word_1_227' title='bbox 2884 1800 3098 1877; x_wconf 76' lang='grc' dir='ltr'>μᾶλλον</span> <span class='ocrx_word' id='word_1_228' title='bbox 3142 1802 3416 1875; x_wconf 80' lang='grc' dir='ltr'>νηστείαις</span> <span class='ocrx_word' id='word_1_229' title='bbox 3472 1801 3565 1856; x_wconf 79' lang='grc' dir='ltr'>καὶ</span> <span class='ocrx_word' id='word_1_230' title='bbox 3614 1803 3777 1878; x_wconf 84' lang='grc' dir='ltr'>ἀγρυ-</span> 
     </span>
    </p>
   </div>
   <div class='ocr_carea' id='block_1_30' title="bbox 352 1889 2015 1974">
    <p class='ocr_par' dir='ltr' id='par_1_30' title="bbox 352 1889 2015 1974">
     <span class='ocr_line' id='line_1_30' title="bbox 352 1889 2015 1974; baseline -0.007 -18"><span class='ocrx_word' id='word_1_231' title='bbox 352 1896 738 1974; x_wconf 62' lang='lat' dir='ltr'>philosophia</span> <span class='ocrx_word' id='word_1_232' title='bbox 766 1911 955 1967; x_wconf 84' lang='lat' dir='ltr'>genus</span> <span class='ocrx_word' id='word_1_233' title='bbox 978 1891 1194 1949; x_wconf 86' lang='lat' dir='ltr'>coluit?</span> <span class='ocrx_word' id='word_1_234' title='bbox 1216 1891 1369 1946; x_wconf 75' lang='lat'>386</span> <span class='ocrx_word' id='word_1_235' title='bbox 1393 1889 1932 1961; x_wconf 81' lang='lat' dir='ltr'>Quaenamjejuniis</span> <span class='ocrx_word' id='word_1_236' title='bbox 1959 1892 2015 1944; x_wconf 79' lang='lat' dir='ltr'>et</span> 
     </span>
    </p>
   </div>
   <div class='ocr_carea' id='block_1_31' title="bbox 349 1979 2009 2060">
    <p class='ocr_par' dir='ltr' id='par_1_31' title="bbox 349 1979 2009 2060">
     <span class='ocr_line' id='line_1_31' title="bbox 349 1979 2009 2060; baseline -0.007 -16"><span class='ocrx_word' id='word_1_237' title='bbox 349 1988 568 2060; x_wconf 72' lang='lat' dir='ltr'>vigiliis</span> <span class='ocrx_word' id='word_1_238' title='bbox 588 2001 823 2043; x_wconf 89' lang='lat' dir='ltr'>carnem</span> <span class='ocrx_word' id='word_1_239' title='bbox 850 1983 1040 2055; x_wconf 89' lang='lat' dir='ltr'>magis</span> <span class='ocrx_word' id='word_1_240' title='bbox 1063 1979 1407 2050; x_wconf 89' lang='lat' dir='ltr'>attenuavit,</span> <span class='ocrx_word' id='word_1_241' title='bbox 1434 1986 1531 2034; x_wconf 86' lang='lat' dir='ltr'>aut</span> <span class='ocrx_word' id='word_1_242' title='bbox 1551 1979 1781 2034; x_wconf 88' lang='lat' dir='ltr'>diurnis</span> <span class='ocrx_word' id='word_1_243' title='bbox 1805 1996 1869 2035; x_wconf 86' lang='lat' dir='ltr'>ac</span> <span class='ocrx_word' id='word_1_244' title='bbox 1902 1996 2009 2034; x_wconf 87' lang='lat' dir='ltr'>no-</span> 
     </span>
    </p>
   </div>
   <div class='ocr_carea' id='block_1_32' title="bbox 352 2068 2011 2147">
    <p class='ocr_par' dir='ltr' id='par_1_32' title="bbox 352 2068 2011 2147">
     <span class='ocr_line' id='line_1_32' title="bbox 352 2068 2011 2147; baseline -0.007 -13"><span class='ocrx_word' id='word_1_245' title='bbox 352 2076 578 2134; x_wconf 90' lang='lat' dir='ltr'>cturnis</span> <span class='ocrx_word' id='word_1_246' title='bbox 645 2072 988 2147; x_wconf 82' lang='lat' dir='ltr'>psalmodiis</span> <span class='ocrx_word' id='word_1_247' title='bbox 1046 2068 1333 2126; x_wconf 63' lang='lat' dir='ltr'>columnae</span> <span class='ocrx_word' id='word_1_248' title='bbox 1393 2069 1579 2124; x_wconf 90' lang='lat' dir='ltr'>instar</span> <span class='ocrx_word' id='word_1_249' title='bbox 1635 2069 1748 2123; x_wconf 80' lang='lat' dir='ltr'>fixa</span> <span class='ocrx_word' id='word_1_250' title='bbox 1805 2068 2011 2125; x_wconf 85' lang='lat' dir='ltr'>stetit?</span> 
     </span>
    </p>
   </div>
   <div class='ocr_carea' id='block_1_33' title="bbox 352 2157 2011 2235">
    <p class='ocr_par' dir='ltr' id='par_1_33' title="bbox 352 2157 2011 2235">
     <span class='ocr_line' id='line_1_33' title="bbox 352 2157 2011 2235; baseline -0.005 -13"><span class='ocrx_word' id='word_1_251' title='bbox 352 2167 630 2232; x_wconf 69' lang='lat' dir='ltr'>Quisnam</span> <span class='ocrx_word' id='word_1_252' title='bbox 661 2162 1062 2235; x_wconf 87' lang='lat' dir='ltr'>virginitatem</span> <span class='ocrx_word' id='word_1_253' title='bbox 1109 2160 1331 2231; x_wconf 89' lang='lat' dir='ltr'>majore</span> <span class='ocrx_word' id='word_1_254' title='bbox 1376 2158 1434 2213; x_wconf 90' lang='lat' dir='ltr'>in</span> <span class='ocrx_word' id='word_1_255' title='bbox 1485 2157 1875 2213; x_wconf 86' lang='lat' dir='ltr'>admiratione</span> <span class='ocrx_word' id='word_1_256' title='bbox 1904 2157 2011 2213; x_wconf 83' lang='lat' dir='ltr'>ha-</span> 
     </span>
    </p>
   </div>
   <div class='ocr_carea' id='block_1_34' title="bbox 351 2247 2013 2326">
    <p class='ocr_par' dir='ltr' id='par_1_34' title="bbox 351 2247 2013 2326">
     <span class='ocr_line' id='line_1_34' title="bbox 351 2247 2013 2326; baseline -0.007 -14"><span class='ocrx_word' id='word_1_257' title='bbox 351 2256 503 2323; x_wconf 87' lang='lat' dir='ltr'>buit,</span> <span class='ocrx_word' id='word_1_258' title='bbox 535 2253 803 2326; x_wconf 84' lang='lat' dir='ltr'>quamvis</span> <span class='ocrx_word' id='word_1_259' title='bbox 835 2249 1114 2307; x_wconf 88' lang='lat' dir='ltr'>connubii</span> <span class='ocrx_word' id='word_1_260' title='bbox 1148 2247 1447 2304; x_wconf 86' lang='lat' dir='ltr'>vinculum</span> <span class='ocrx_word' id='word_1_261' title='bbox 1481 2247 1824 2303; x_wconf 84' lang='lat' dir='ltr'>sustinens?</span> <span class='ocrx_word' id='word_1_262' title='bbox 1853 2247 2013 2310; x_wconf 72' lang='lat' dir='ltr'>Quaa-</span> 
     </span>
    </p>
   </div>
   <div class='ocr_carea' id='block_1_35' title="bbox 354 2338 2012 2416">
    <p class='ocr_par' dir='ltr' id='par_1_35' title="bbox 354 2338 2012 2416">
     <span class='ocr_line' id='line_1_35' title="bbox 354 2338 2012 2416; baseline -0.006 -13"><span class='ocrx_word' id='word_1_263' title='bbox 354 2363 491 2402; x_wconf 90' lang='lat' dir='ltr'>nam</span> <span class='ocrx_word' id='word_1_264' title='bbox 551 2343 835 2416; x_wconf 86' lang='lat' dir='ltr'>orphanis</span> <span class='ocrx_word' id='word_1_265' title='bbox 893 2358 958 2396; x_wconf 89' lang='lat' dir='ltr'>ac</span> <span class='ocrx_word' id='word_1_266' title='bbox 1013 2340 1207 2395; x_wconf 86' lang='lat' dir='ltr'>viduis</span> <span class='ocrx_word' id='word_1_267' title='bbox 1266 2338 1473 2408; x_wconf 88' lang='lat' dir='ltr'>majori</span> <span class='ocrx_word' id='word_1_268' title='bbox 1536 2338 1806 2408; x_wconf 64' lang='lat' dir='ltr'>praesidio</span> <span class='ocrx_word' id='word_1_269' title='bbox 1866 2338 2012 2393; x_wconf 84' lang='lat' dir='ltr'>fuit?</span> 
     </span>
    </p>
   </div>
   <div class='ocr_carea' id='block_1_36' title="bbox 355 2426 2012 2505">
    <p class='ocr_par' dir='ltr' id='par_1_36' title="bbox 355 2426 2012 2505">
     <span class='ocr_line' id='line_1_36' title="bbox 355 2426 2012 2505; baseline -0.005 -15"><span class='ocrx_word' id='word_1_270' title='bbox 355 2437 631 2501; x_wconf 65' lang='lat' dir='ltr'>Quaenam</span> <span class='ocrx_word' id='word_1_271' title='bbox 674 2431 1011 2505; x_wconf 87' lang='lat' dir='ltr'>lugentibus</span> <span class='ocrx_word' id='word_1_272' title='bbox 1056 2428 1420 2484; x_wconf 89' lang='lat' dir='ltr'>calamitates</span> <span class='ocrx_word' id='word_1_273' title='bbox 1452 2444 1611 2497; x_wconf 69' lang='lat' dir='ltr'>aeque</span> <span class='ocrx_word' id='word_1_274' title='bbox 1641 2426 2012 2481; x_wconf 87' lang='lat' dir='ltr'>sublevavit?</span> 
     </span>
    </p>
   </div>
   <div class='ocr_carea' id='block_1_37' title="bbox 353 2517 2013 2596">
    <p class='ocr_par' dir='ltr' id='par_1_37' title="bbox 353 2517 2013 2596">
     <span class='ocr_line' id='line_1_37' title="bbox 353 2517 2013 2596; baseline -0.005 -15"><span class='ocrx_word' id='word_1_275' title='bbox 353 2530 546 2596; x_wconf 83' lang='lat' dir='ltr'>Atque</span> <span class='ocrx_word' id='word_1_276' title='bbox 597 2525 715 2579; x_wconf 65' lang='lat' dir='ltr'>haec</span> <span class='ocrx_word' id='word_1_277' title='bbox 762 2521 1027 2591; x_wconf 88' lang='lat' dir='ltr'>insuper,</span> <span class='ocrx_word' id='word_1_278' title='bbox 1066 2535 1193 2589; x_wconf 64' lang='lat' dir='ltr'>quae</span> <span class='ocrx_word' id='word_1_279' title='bbox 1246 2534 1422 2589; x_wconf 90' lang='lat' dir='ltr'>parva</span> <span class='ocrx_word' id='word_1_280' title='bbox 1471 2517 1709 2588; x_wconf 87' lang='lat' dir='ltr'>quidem</span> <span class='ocrx_word' id='word_1_281' title='bbox 1763 2518 2013 2572; x_wconf 86' lang='lat' dir='ltr'>fortasse</span> 
     </span>
    </p>
   </div>
   <div class='ocr_carea' id='block_1_38' title="bbox 352 2606 2009 2681">
    <p class='ocr_par' dir='ltr' id='par_1_38' title="bbox 352 2606 2009 2681">
     <span class='ocr_line' id='line_1_38' title="bbox 352 2606 2009 2681; baseline -0.007 -10"><span class='ocrx_word' id='word_1_282' title='bbox 352 2619 514 2677; x_wconf 86' lang='lat' dir='ltr'>sunt,</span> <span class='ocrx_word' id='word_1_283' title='bbox 544 2616 715 2681; x_wconf 89' lang='lat' dir='ltr'>atque</span> <span class='ocrx_word' id='word_1_284' title='bbox 749 2627 782 2665; x_wconf 88' lang='lat' dir='ltr'>a</span> <span class='ocrx_word' id='word_1_285' title='bbox 812 2606 1110 2664; x_wconf 90' lang='lat' dir='ltr'>nonnullis</span> <span class='ocrx_word' id='word_1_286' title='bbox 1141 2607 1316 2662; x_wconf 86' lang='lat' dir='ltr'>etiam</span> <span class='ocrx_word' id='word_1_287' title='bbox 1350 2609 1826 2671; x_wconf 85' lang='lat' dir='ltr'>contemnuntur,</span> <span class='ocrx_word' id='word_1_288' title='bbox 1852 2606 2009 2676; x_wconf 90' lang='lat' dir='ltr'>quod</span> 
     </span>
    </p>
   </div>
   <div class='ocr_carea' id='block_1_39' title="bbox 353 2694 2011 2777">
    <p class='ocr_par' dir='ltr' id='par_1_39' title="bbox 353 2694 2011 2777">
     <span class='ocr_line' id='line_1_39' title="bbox 353 2694 2011 2777; baseline -0.007 -17"><span class='ocrx_word' id='word_1_289' title='bbox 353 2703 652 2777; x_wconf 90' lang='lat' dir='ltr'>plerisque</span> <span class='ocrx_word' id='word_1_290' title='bbox 685 2716 799 2755; x_wconf 91' lang='lat' dir='ltr'>non</span> <span class='ocrx_word' id='word_1_291' title='bbox 832 2698 1000 2754; x_wconf 84' lang='lat' dir='ltr'>facile</span> <span class='ocrx_word' id='word_1_292' title='bbox 1033 2700 1268 2767; x_wconf 83' lang='lat' dir='ltr'>pateant</span> <span class='ocrx_word' id='word_1_293' title='bbox 1289 2696 1378 2766; x_wconf 86' lang='lat' dir='ltr'>(fit</span> <span class='ocrx_word' id='word_1_294' title='bbox 1408 2694 1561 2750; x_wconf 87' lang='lat' dir='ltr'>enim</span> <span class='ocrx_word' id='word_1_295' title='bbox 1600 2696 1735 2765; x_wconf 88' lang='lat' dir='ltr'>fere,</span> <span class='ocrx_word' id='word_1_296' title='bbox 1760 2700 1821 2749; x_wconf 91' lang='lat' dir='ltr'>ut</span> <span class='ocrx_word' id='word_1_297' title='bbox 1854 2694 2011 2767; x_wconf 93' lang='lat' dir='ltr'>quod</span> 
     </span>
    </p>
   </div>
   <div class='ocr_carea' id='block_1_40' title="bbox 354 2783 2015 2865">
    <p class='ocr_par' dir='ltr' id='par_1_40' title="bbox 354 2783 2015 2865">
     <span class='ocr_line' id='line_1_40' title="bbox 354 2783 2015 2865; baseline -0.006 -17"><span class='ocrx_word' id='word_1_298' title='bbox 354 2792 651 2865; x_wconf 88' lang='lat' dir='ltr'>quispiam</span> <span class='ocrx_word' id='word_1_299' title='bbox 677 2786 908 2859; x_wconf 84' lang='lat' dir='ltr'>assequi</span> <span class='ocrx_word' id='word_1_300' title='bbox 936 2804 1049 2842; x_wconf 92' lang='lat' dir='ltr'>non</span> <span class='ocrx_word' id='word_1_301' title='bbox 1076 2789 1283 2857; x_wconf 85' lang='lat' dir='ltr'>potest,</span> <span class='ocrx_word' id='word_1_302' title='bbox 1310 2783 1366 2839; x_wconf 92' lang='lat' dir='ltr'>id</span> <span class='ocrx_word' id='word_1_303' title='bbox 1394 2784 1466 2839; x_wconf 93' lang='lat' dir='ltr'>ob</span> <span class='ocrx_word' id='word_1_304' title='bbox 1500 2784 1777 2840; x_wconf 87' lang='lat' dir='ltr'>invidiam</span> <span class='ocrx_word' id='word_1_305' title='bbox 1801 2801 1873 2839; x_wconf 89' lang='lat' dir='ltr'>ne</span> <span class='ocrx_word' id='word_1_306' title='bbox 1897 2802 2015 2839; x_wconf 89' lang='lat' dir='ltr'>cre-</span> 
     </span>
    </p>
   </div>
   <div class='ocr_carea' id='block_1_41' title="bbox 354 2873 2011 2951">
    <p class='ocr_par' dir='ltr' id='par_1_41' title="bbox 354 2873 2011 2951">
     <span class='ocr_line' id='line_1_41' title="bbox 354 2873 2011 2951; baseline -0.005 -14"><span class='ocrx_word' id='word_1_307' title='bbox 354 2881 533 2938; x_wconf 88' lang='lat' dir='ltr'>dibile</span> <span class='ocrx_word' id='word_1_308' title='bbox 593 2878 828 2951; x_wconf 87' lang='lat' dir='ltr'>quidem</span> <span class='ocrx_word' id='word_1_309' title='bbox 888 2892 1018 2932; x_wconf 89' lang='lat' dir='ltr'>esse</span> <span class='ocrx_word' id='word_1_310' title='bbox 1070 2873 1276 2947; x_wconf 89' lang='lat' dir='ltr'>putet),</span> <span class='ocrx_word' id='word_1_311' title='bbox 1329 2874 1483 2945; x_wconf 91' lang='lat' dir='ltr'>apud</span> <span class='ocrx_word' id='word_1_312' title='bbox 1545 2890 1636 2929; x_wconf 89' lang='lat' dir='ltr'>me</span> <span class='ocrx_word' id='word_1_313' title='bbox 1695 2879 1889 2929; x_wconf 88' lang='lat' dir='ltr'>tamen</span> <span class='ocrx_word' id='word_1_314' title='bbox 1951 2876 2011 2929; x_wconf 92' lang='lat' dir='ltr'>in</span> 
     </span>
    </p>
   </div>
   <div class='ocr_carea' id='block_1_42' title="bbox 353 2962 2013 3044">
    <p class='ocr_par' dir='ltr' id='par_1_42' title="bbox 353 2962 2013 3044">
     <span class='ocr_line' id='line_1_42' title="bbox 353 2962 2013 3044; baseline -0.004 -18"><span class='ocrx_word' id='word_1_315' title='bbox 353 2986 567 3044; x_wconf 89' lang='lat' dir='ltr'>magno</span> <span class='ocrx_word' id='word_1_316' title='bbox 598 2966 785 3041; x_wconf 88' lang='lat' dir='ltr'>pretio</span> <span class='ocrx_word' id='word_1_317' title='bbox 818 2969 977 3029; x_wconf 90' lang='lat' dir='ltr'>sunt,</span> <span class='ocrx_word' id='word_1_318' title='bbox 1009 2963 1288 3035; x_wconf 87' lang='lat' dir='ltr'>quoniam</span> <span class='ocrx_word' id='word_1_319' title='bbox 1321 2962 1455 3018; x_wconf 86' lang='lat' dir='ltr'>ﬁdei</span> <span class='ocrx_word' id='word_1_320' title='bbox 1501 2963 1732 3019; x_wconf 85' lang='lat' dir='ltr'>inventa</span> <span class='ocrx_word' id='word_1_321' title='bbox 1762 2968 1928 3019; x_wconf 89' lang='lat' dir='ltr'>erant</span> <span class='ocrx_word' id='word_1_322' title='bbox 1955 2969 2013 3019; x_wconf 89' lang='lat' dir='ltr'>et</span> 
     </span>
    </p>
   </div>
   <div class='ocr_carea' id='block_1_43' title="bbox 2124 1890 3777 1969">
    <p class='ocr_par' dir='ltr' id='par_1_43' title="bbox 2124 1890 3777 1969">
     <span class='ocr_line' id='line_1_43' title="bbox 2124 1890 3777 1969; baseline 0.001 -23"><span class='ocrx_word' id='word_1_323' title='bbox 2124 1892 2306 1955; x_wconf 67' lang='grc' dir='ltr'>πνίπιις</span> <span class='ocrx_word' id='word_1_324' title='bbox 2335 1893 2432 1957; x_wconf 74' lang='grc' dir='ltr'>τὰς</span> <span class='ocrx_word' id='word_1_325' title='bbox 2465 1893 2664 1969; x_wconf 82' lang='grc' dir='ltr'>σάρκας</span> <span class='ocrx_word' id='word_1_326' title='bbox 2725 1894 3045 1968; x_wconf 84' lang='grc' dir='ltr'>ὑπέσπασεν,</span> <span class='ocrx_word' id='word_1_327' title='bbox 3096 1896 3129 1963; x_wconf 79' lang='grc' dir='ltr'><strong>ἢ</strong></span> <span class='ocrx_word' id='word_1_328' title='bbox 3177 1890 3529 1968; x_wconf 79' lang='grc' dir='ltr'>ψαλμῳδίαις</span> <span class='ocrx_word' id='word_1_329' title='bbox 3582 1893 3777 1962; x_wconf 69' lang='grc' dir='ltr'>ἑαυτὴν</span> 
     </span>
    </p>
   </div>
   <div class='ocr_carea' id='block_1_44' title="bbox 2120 1980 3777 2059">
    <p class='ocr_par' dir='ltr' id='par_1_44' title="bbox 2120 1980 3777 2059">
     <span class='ocr_line' id='line_1_44' title="bbox 2120 1980 3777 2059; baseline -0.001 -22"><span class='ocrx_word' id='word_1_330' title='bbox 2120 1980 2401 2053; x_wconf 76' lang='grc' dir='ltr'>ἐστήλωσε</span> <span class='ocrx_word' id='word_1_331' title='bbox 2457 1984 2570 2057; x_wconf 85' lang='grc'>(13)</span> <span class='ocrx_word' id='word_1_332' title='bbox 2628 1982 2929 2059; x_wconf 81' lang='grc' dir='ltr'>παννύχοις</span> <span class='ocrx_word' id='word_1_333' title='bbox 3001 2005 3059 2039; x_wconf 87' lang='grc' dir='ltr'>τε</span> <span class='ocrx_word' id='word_1_334' title='bbox 3116 1982 3206 2038; x_wconf 76' lang='grc' dir='ltr'>καὶ</span> <span class='ocrx_word' id='word_1_335' title='bbox 3262 1983 3637 2059; x_wconf 76' lang='grc' dir='ltr'>ἡμερησίαις;</span> <span class='ocrx_word' id='word_1_336' title='bbox 3689 1982 3777 2043; x_wconf 89' lang='grc' dir='ltr'>Τίς</span> 
     </span>
    </p>
   </div>
   <div class='ocr_carea' id='block_1_45' title="bbox 2125 2071 3771 2148">
    <p class='ocr_par' dir='ltr' id='par_1_45' title="bbox 2125 2071 3771 2148">
     <span class='ocr_line' id='line_1_45' title="bbox 2125 2071 3771 2148; baseline -0.001 -22"><span class='ocrx_word' id='word_1_337' title='bbox 2125 2072 2219 2145; x_wconf 70' lang='grc' dir='ltr'>μὲν</span> <span class='ocrx_word' id='word_1_338' title='bbox 2278 2072 2566 2146; x_wconf 75' lang='grc' dir='ltr'>παρθενίαν</span> <span class='ocrx_word' id='word_1_339' title='bbox 2626 2073 2835 2148; x_wconf 77' lang='grc' dir='ltr'>ἠγάσθη</span> <span class='ocrx_word' id='word_1_340' title='bbox 2898 2072 3088 2142; x_wconf 77' lang='grc' dir='ltr'>πλέον,</span> <span class='ocrx_word' id='word_1_341' title='bbox 3149 2071 3341 2146; x_wconf 87' lang='grc' dir='ltr'>καίπερ</span> <span class='ocrx_word' id='word_1_342' title='bbox 3420 2072 3771 2147; x_wconf 78' lang='grc' dir='ltr'>ἀνασχομένη</span> 
     </span>
    </p>
   </div>
   <div class='ocr_carea' id='block_1_46' title="bbox 2122 2156 3775 2239">
    <p class='ocr_par' dir='ltr' id='par_1_46' title="bbox 2122 2156 3775 2239">
     <span class='ocr_line' id='line_1_46' title="bbox 2122 2156 3775 2239; baseline 0 -25"><span class='ocrx_word' id='word_1_343' title='bbox 2122 2156 2355 2230; x_wconf 85' lang='grc' dir='ltr'>δέσεως;</span> <span class='ocrx_word' id='word_1_344' title='bbox 2407 2161 2498 2224; x_wconf 92' lang='grc' dir='ltr'>Τίς</span> <span class='ocrx_word' id='word_1_345' title='bbox 2552 2159 2608 2216; x_wconf 76' lang='grc' dir='ltr'>δὲ</span> <span class='ocrx_word' id='word_1_346' title='bbox 2657 2160 2903 2239; x_wconf 79' lang='grc' dir='ltr'>ὀρφανῶν</span> <span class='ocrx_word' id='word_1_347' title='bbox 2954 2162 3043 2217; x_wconf 84' lang='grc' dir='ltr'>καὶ</span> <span class='ocrx_word' id='word_1_348' title='bbox 3076 2166 3267 2237; x_wconf 81' lang='grc' dir='ltr'>χηρῶν</span> <span class='ocrx_word' id='word_1_349' title='bbox 3298 2161 3533 2234; x_wconf 83' lang='grc' dir='ltr'>ἀμείνων</span> <span class='ocrx_word' id='word_1_350' title='bbox 3564 2161 3775 2235; x_wconf 80' lang='grc' dir='ltr'>ἐγένετο</span> 
     </span>
    </p>
   </div>
   <div class='ocr_carea' id='block_1_47' title="bbox 2119 2250 3775 2329">
    <p class='ocr_par' dir='ltr' id='par_1_47' title="bbox 2119 2250 3775 2329">
     <span class='ocr_line' id='line_1_47' title="bbox 2119 2250 3775 2329; baseline 0 -25"><span class='ocrx_word' id='word_1_351' title='bbox 2119 2250 2449 2322; x_wconf 81' lang='grc' dir='ltr'>παραστάτις</span> <span class='ocrx_word' id='word_1_352' title='bbox 2506 2254 2663 2325; x_wconf 82' lang='grc'>(14);</span> <span class='ocrx_word' id='word_1_353' title='bbox 2723 2251 2805 2314; x_wconf 87' lang='grc' dir='ltr'>τίς</span> <span class='ocrx_word' id='word_1_354' title='bbox 2864 2250 2922 2306; x_wconf 73' lang='grc' dir='ltr'>δὲ</span> <span class='ocrx_word' id='word_1_355' title='bbox 2992 2255 3244 2315; x_wconf 65' lang='grc' dir='ltr'>πενθοῦσι</span> <span class='ocrx_word' id='word_1_356' title='bbox 3317 2252 3412 2314; x_wconf 78' lang='grc' dir='ltr'>τὰς</span> <span class='ocrx_word' id='word_1_357' title='bbox 3491 2253 3775 2329; x_wconf 75' lang='grc' dir='ltr'>συμφορὰς</span> 
     </span>
    </p>
   </div>
   <div class='ocr_carea' id='block_1_48' title="bbox 2120 2338 3778 2418">
    <p class='ocr_par' dir='ltr' id='par_1_48' title="bbox 2120 2338 3778 2418">
     <span class='ocr_line' id='line_1_48' title="bbox 2120 2338 3778 2418; baseline 0 -25"><span class='ocrx_word' id='word_1_358' title='bbox 2120 2338 2264 2394; x_wconf 77' lang='grc' dir='ltr'>οὕτω</span> <span class='ocrx_word' id='word_1_359' title='bbox 2323 2342 2748 2418; x_wconf 59' lang='lat' dir='ltr'>devexam-Sepias</span> <span class='ocrx_word' id='word_1_360' title='bbox 2804 2344 2954 2414; x_wconf 72' lang='lat'>(15);</span> <span class='ocrx_word' id='word_1_361' title='bbox 3014 2341 3113 2395; x_wconf 84' lang='grc' dir='ltr'>Καὶ</span> <span class='ocrx_word' id='word_1_362' title='bbox 3171 2345 3336 2394; x_wconf 79' lang='grc' dir='ltr'>ταῦτα</span> <span class='ocrx_word' id='word_1_363' title='bbox 3386 2338 3476 2411; x_wconf 74' lang='grc' dir='ltr'>δὴ,</span> <span class='ocrx_word' id='word_1_364' title='bbox 3508 2340 3574 2394; x_wconf 79' lang='grc' dir='ltr'>τὰ</span> <span class='ocrx_word' id='word_1_365' title='bbox 3610 2339 3778 2413; x_wconf 82' lang='grc' dir='ltr'>μικρᾶ</span> 
     </span>
    </p>
   </div>
   <div class='ocr_carea' id='block_1_49' title="bbox 2124 2425 3777 2505">
    <p class='ocr_par' dir='ltr' id='par_1_49' title="bbox 2124 2425 3777 2505">
     <span class='ocr_line' id='line_1_49' title="bbox 2124 2425 3777 2505; baseline 0 -22"><span class='ocrx_word' id='word_1_366' title='bbox 2124 2428 2217 2501; x_wconf 79' lang='grc' dir='ltr'>μὶν</span> <span class='ocrx_word' id='word_1_367' title='bbox 2270 2428 2421 2502; x_wconf 61' lang='grc' dir='ltr'>ἴσως,</span> <span class='ocrx_word' id='word_1_368' title='bbox 2476 2431 2644 2505; x_wconf 82' lang='grc' dir='ltr'>τυχὸν</span> <span class='ocrx_word' id='word_1_369' title='bbox 2694 2427 2749 2485; x_wconf 86' lang='grc' dir='ltr'>δέ</span> <span class='ocrx_word' id='word_1_370' title='bbox 2795 2450 2903 2484; x_wconf 90' lang='grc' dir='ltr'>τισι</span> <span class='ocrx_word' id='word_1_371' title='bbox 2951 2431 3040 2484; x_wconf 86' lang='grc' dir='ltr'>καὶ</span> <span class='ocrx_word' id='word_1_372' title='bbox 3074 2425 3460 2502; x_wconf 86' lang='grc' dir='ltr'>διαπτυόμενα,</span> <span class='ocrx_word' id='word_1_373' title='bbox 3491 2428 3571 2483; x_wconf 82' lang='grc' dir='ltr'>ὅτι</span> <span class='ocrx_word' id='word_1_374' title='bbox 3635 2427 3777 2501; x_wconf 80' lang='grc' dir='ltr'>μηδὲ</span> 
     </span>
    </p>
   </div>
   <div class='ocr_carea' id='block_1_50' title="bbox 2119 2515 3778 2597">
    <p class='ocr_par' dir='ltr' id='par_1_50' title="bbox 2119 2515 3778 2597">
     <span class='ocr_line' id='line_1_50' title="bbox 2119 2515 3778 2597; baseline -0.001 -24"><span class='ocrx_word' id='word_1_375' title='bbox 2119 2519 2353 2594; x_wconf 84' lang='grc' dir='ltr'>προσιτᾶ</span> <span class='ocrx_word' id='word_1_376' title='bbox 2384 2516 2583 2595; x_wconf 76' lang='grc' dir='ltr'>ῥᾳδίως</span> <span class='ocrx_word' id='word_1_377' title='bbox 2614 2525 2732 2582; x_wconf 87' lang='grc' dir='ltr'>τοῖς</span> <span class='ocrx_word' id='word_1_378' title='bbox 2779 2518 2991 2574; x_wconf 89' lang='grc' dir='ltr'>πλείοσι</span> <span class='ocrx_word' id='word_1_379' title='bbox 3026 2520 3108 2594; x_wconf 83' lang='grc' dir='ltr'>(τὸ</span> <span class='ocrx_word' id='word_1_380' title='bbox 3140 2520 3242 2595; x_wconf 80' lang='grc' dir='ltr'>γὰρ</span> <span class='ocrx_word' id='word_1_381' title='bbox 3275 2520 3373 2574; x_wconf 83' lang='grc' dir='ltr'>οὐκ</span> <span class='ocrx_word' id='word_1_382' title='bbox 3404 2518 3617 2597; x_wconf 75' lang='grc' dir='ltr'>ἐφικτὸν</span> <span class='ocrx_word' id='word_1_383' title='bbox 3654 2515 3778 2572; x_wconf 67' lang='grc' dir='ltr'>οὐδὲ</span> 
     </span>
    </p>
   </div>
   <div class='ocr_carea' id='block_1_51' title="bbox 2118 2607 3777 2687">
    <p class='ocr_par' dir='ltr' id='par_1_51' title="bbox 2118 2607 3777 2687">
     <span class='ocr_line' id='line_1_51' title="bbox 2118 2607 3777 2687; baseline 0.001 -27"><span class='ocrx_word' id='word_1_384' title='bbox 2118 2608 2307 2661; x_wconf 85' lang='grc' dir='ltr'>πιστόν</span> <span class='ocrx_word' id='word_1_385' title='bbox 2350 2630 2466 2671; x_wconf 87' lang='grc' dir='ltr'>πως</span> <span class='ocrx_word' id='word_1_386' title='bbox 2499 2607 2587 2663; x_wconf 80' lang='grc' dir='ltr'>διὰ</span> <span class='ocrx_word' id='word_1_387' title='bbox 2614 2630 2705 2664; x_wconf 87' lang='grc' dir='ltr'>τον</span> <span class='ocrx_word' id='word_1_388' title='bbox 2738 2608 2974 2687; x_wconf 73' lang='grc' dir='ltr'>φθόνον),</span> <span class='ocrx_word' id='word_1_389' title='bbox 3009 2608 3132 2682; x_wconf 76' lang='grc' dir='ltr'>ἐμοὶ</span> <span class='ocrx_word' id='word_1_390' title='bbox 3166 2608 3221 2663; x_wconf 75' lang='grc' dir='ltr'>δὲ</span> <span class='ocrx_word' id='word_1_391' title='bbox 3273 2609 3363 2663; x_wconf 78' lang='grc' dir='ltr'>καὶ</span> <span class='ocrx_word' id='word_1_392' title='bbox 3414 2607 3533 2663; x_wconf 81' lang='grc' dir='ltr'>λίαν</span> <span class='ocrx_word' id='word_1_393' title='bbox 3593 2608 3777 2681; x_wconf 84' lang='grc' dir='ltr'>τιμώ-</span> 
     </span>
    </p>
   </div>
   <div class='ocr_carea' id='block_1_52' title="bbox 2126 2697 3775 2773">
    <p class='ocr_par' dir='ltr' id='par_1_52' title="bbox 2126 2697 3775 2773">
     <span class='ocr_line' id='line_1_52' title="bbox 2126 2697 3775 2773; baseline -0.001 -21"><span class='ocrx_word' id='word_1_394' title='bbox 2126 2718 2278 2771; x_wconf 90' lang='grc' dir='ltr'>μενα,</span> <span class='ocrx_word' id='word_1_395' title='bbox 2323 2697 2404 2752; x_wconf 72' lang='grc' dir='ltr'>ὅτι</span> <span class='ocrx_word' id='word_1_396' title='bbox 2458 2698 2691 2761; x_wconf 80' lang='grc' dir='ltr'>πίστεως</span> <span class='ocrx_word' id='word_1_397' title='bbox 2749 2700 2815 2768; x_wconf 76' lang='grc' dir='ltr'>ἦν</span> <span class='ocrx_word' id='word_1_398' title='bbox 2879 2699 3180 2773; x_wconf 74' lang='grc' dir='ltr'>εὑρήματα,</span> <span class='ocrx_word' id='word_1_399' title='bbox 3240 2698 3330 2753; x_wconf 78' lang='grc' dir='ltr'>καὶ</span> <span class='ocrx_word' id='word_1_400' title='bbox 3399 2703 3775 2769; x_wconf 78' lang='grc' dir='ltr'>πνευματικῆς</span> 
     </span>
    </p>
   </div>
   <div class='ocr_carea' id='block_1_53' title="bbox 2125 2785 3775 2866">
    <p class='ocr_par' dir='ltr' id='par_1_53' title="bbox 2125 2785 3775 2866">
     <span class='ocr_line' id='line_1_53' title="bbox 2125 2785 3775 2866; baseline -0.001 -25"><span class='ocrx_word' id='word_1_401' title='bbox 2125 2787 2317 2855; x_wconf 84' lang='grc' dir='ltr'>ζέσεως</span> <span class='ocrx_word' id='word_1_402' title='bbox 2352 2787 2574 2865; x_wconf 69' lang='grc' dir='ltr'>έγχειρτς</span> <span class='ocrx_word' id='word_1_403' title='bbox 2588 2809 2746 2862; x_wconf 87' lang='grc' dir='ltr'>ματα.</span> <span class='ocrx_word' id='word_1_404' title='bbox 2783 2788 2911 2846; x_wconf 78' lang='grc' dir='ltr'>Οἷον</span> <span class='ocrx_word' id='word_1_405' title='bbox 2943 2788 3005 2843; x_wconf 85' lang='grc' dir='ltr'>τὸ</span> <span class='ocrx_word' id='word_1_406' title='bbox 3040 2790 3255 2862; x_wconf 77' lang='grc' dir='ltr'>μήποτε</span> <span class='ocrx_word' id='word_1_407' title='bbox 3286 2788 3471 2866; x_wconf 73' lang='grc' dir='ltr'>φωνὴν</span> <span class='ocrx_word' id='word_1_408' title='bbox 3527 2785 3691 2855; x_wconf 76' lang='grc' dir='ltr'>αὐτῆς</span> <span class='ocrx_word' id='word_1_409' title='bbox 3724 2785 3775 2839; x_wconf 79' lang='grc' dir='ltr'>ἐν</span> 
     </span>
    </p>
   </div>
   <div class='ocr_carea' id='block_1_54' title="bbox 2121 2873 3777 2954">
    <p class='ocr_par' dir='ltr' id='par_1_54' title="bbox 2121 2873 3777 2954">
     <span class='ocr_line' id='line_1_54' title="bbox 2121 2873 3777 2954; baseline -0.001 -25"><span class='ocrx_word' id='word_1_410' title='bbox 2121 2875 2291 2951; x_wconf 71' lang='grc' dir='ltr'>ἱεροῖς</span> <span class='ocrx_word' id='word_1_411' title='bbox 2326 2877 2650 2946; x_wconf 79' lang='grc' dir='ltr'>ἀκουσθῆναι</span> <span class='ocrx_word' id='word_1_412' title='bbox 2684 2875 3000 2954; x_wconf 83' lang='grc' dir='ltr'>συλλόγοις,</span> <span class='ocrx_word' id='word_1_413' title='bbox 3032 2876 3306 2947; x_wconf 80' lang='grc' dir='ltr'>ἣτόποις,</span> <span class='ocrx_word' id='word_1_414' title='bbox 3338 2873 3439 2947; x_wconf 77' lang='grc' dir='ltr'>ἔξω</span> <span class='ocrx_word' id='word_1_415' title='bbox 3468 2879 3574 2931; x_wconf 79' lang='grc' dir='ltr'>τῶν</span> <span class='ocrx_word' id='word_1_416' title='bbox 3618 2874 3777 2949; x_wconf 84' lang='grc' dir='ltr'>ἀναγ-</span> 
     </span>
    </p>
   </div>
   <div class='ocr_carea' id='block_1_55' title="bbox 2121 2964 2884 3039">
    <p class='ocr_par' dir='ltr' id='par_1_55' title="bbox 2121 2964 2884 3039">
     <span class='ocr_line' id='line_1_55' title="bbox 2121 2964 2884 3039; baseline 0.007 -21"><span class='ocrx_word' id='word_1_417' title='bbox 2121 2964 2291 3019; x_wconf 88' lang='grc' dir='ltr'>καίων</span> <span class='ocrx_word' id='word_1_418' title='bbox 2323 2968 2436 3039; x_wconf 87' lang='grc'>(16)</span> <span class='ocrx_word' id='word_1_419' title='bbox 2465 2965 2555 3020; x_wconf 81' lang='grc' dir='ltr'>καὶ</span> <span class='ocrx_word' id='word_1_420' title='bbox 2591 2970 2884 3039; x_wconf 80' lang='grc' dir='ltr'>μυστικῶν.</span> 
     </span>
    </p>
   </div>
   <div class='ocr_carea' id='block_1_56' title="bbox 350 3052 3780 3131">
    <p class='ocr_par' dir='ltr' id='par_1_56' title="bbox 350 3052 3780 3131">
     <span class='ocr_line' id='line_1_56' title="bbox 350 3052 3780 3131; baseline -0.001 -16"><span class='ocrx_word' id='word_1_421' title='bbox 350 3056 673 3131; x_wconf 84' lang='lat' dir='ltr'>spiritualis</span> <span class='ocrx_word' id='word_1_422' title='bbox 704 3054 945 3111; x_wconf 86' lang='lat' dir='ltr'>fervoris</span> <span class='ocrx_word' id='word_1_423' title='bbox 974 3059 1243 3109; x_wconf 89' lang='lat' dir='ltr'>conatus.</span> <span class='ocrx_word' id='word_1_424' title='bbox 1263 3053 1386 3117; x_wconf 89' lang='lat' dir='ltr'>Quo</span> <span class='ocrx_word' id='word_1_425' title='bbox 1417 3052 1477 3106; x_wconf 92' lang='lat' dir='ltr'>in</span> <span class='ocrx_word' id='word_1_426' title='bbox 1509 3068 1718 3123; x_wconf 90' lang='lat' dir='ltr'>genere</span> <span class='ocrx_word' id='word_1_427' title='bbox 1748 3052 1895 3106; x_wconf 92' lang='lat' dir='ltr'>illud</span> <span class='ocrx_word' id='word_1_428' title='bbox 1927 3057 2035 3122; x_wconf 90' lang='lat' dir='ltr'>est,</span> <span class='ocrx_word' id='word_1_429' title='bbox 2061 3056 2218 3126; x_wconf 92' lang='lat' dir='ltr'>quod</span> <span class='ocrx_word' id='word_1_430' title='bbox 2251 3055 2309 3111; x_wconf 90' lang='lat' dir='ltr'>in</span> <span class='ocrx_word' id='word_1_431' title='bbox 2341 3056 2526 3113; x_wconf 87' lang='lat' dir='ltr'>sacris</span> <span class='ocrx_word' id='word_1_432' title='bbox 2558 3058 2940 3114; x_wconf 85' lang='lat' dir='ltr'>conventibus</span> <span class='ocrx_word' id='word_1_433' title='bbox 2971 3061 3072 3113; x_wconf 87' lang='lat' dir='ltr'>aut</span> <span class='ocrx_word' id='word_1_434' title='bbox 3104 3056 3245 3113; x_wconf 84' lang='lat' dir='ltr'>locis</span> <span class='ocrx_word' id='word_1_435' title='bbox 3278 3072 3583 3127; x_wconf 89' lang='lat' dir='ltr'>nunquam</span> <span class='ocrx_word' id='word_1_436' title='bbox 3616 3053 3780 3110; x_wconf 87' lang='lat' dir='ltr'>illius</span> 
     </span>
    </p>
   </div>
   <div class='ocr_carea' id='block_1_57' title="bbox 345 3140 2097 3212">
    <p class='ocr_par' dir='ltr' id='par_1_57' title="bbox 345 3140 2097 3212">
     <span class='ocr_line' id='line_1_57' title="bbox 345 3140 2097 3212; baseline -0.002 -10"><span class='ocrx_word' id='word_1_437' title='bbox 345 3164 456 3203; x_wconf 83' lang='lat' dir='ltr'>vox</span> <span class='ocrx_word' id='word_1_438' title='bbox 486 3145 689 3201; x_wconf 86' lang='lat' dir='ltr'>audita</span> <span class='ocrx_word' id='word_1_439' title='bbox 718 3143 817 3209; x_wconf 85' lang='lat' dir='ltr'>sit,</span> <span class='ocrx_word' id='word_1_440' title='bbox 844 3143 892 3198; x_wconf 88' lang='lat' dir='ltr'>si</span> <span class='ocrx_word' id='word_1_441' title='bbox 924 3140 1286 3197; x_wconf 86' lang='lat' dir='ltr'>necessarias</span> <span class='ocrx_word' id='word_1_442' title='bbox 1315 3145 1371 3195; x_wconf 92' lang='lat' dir='ltr'>et</span> <span class='ocrx_word' id='word_1_443' title='bbox 1404 3141 1684 3212; x_wconf 83' lang='lat' dir='ltr'>mysticae</span> <span class='ocrx_word' id='word_1_444' title='bbox 1714 3140 2097 3211; x_wconf 77' lang='lat' dir='ltr'>excipiamus.</span> 
     </span>
    </p>
   </div>
   <div class='ocr_carea' id='block_1_58' title="bbox 421 3228 2012 3309">
    <p class='ocr_par' dir='ltr' id='par_1_58' title="bbox 421 3228 2010 3301">
     <span class='ocr_line' id='line_1_58' title="bbox 421 3228 2010 3301; baseline -0.004 -11"><span class='ocrx_word' id='word_1_445' title='bbox 421 3236 487 3290; x_wconf 87' lang='grc' dir='ltr'>Χ.</span> <span class='ocrx_word' id='word_1_446' title='bbox 520 3234 682 3298; x_wconf 84' lang='lat' dir='ltr'>Quod</span> <span class='ocrx_word' id='word_1_447' title='bbox 714 3233 764 3287; x_wconf 90' lang='lat' dir='ltr'>si</span> <span class='ocrx_word' id='word_1_448' title='bbox 795 3232 934 3286; x_wconf 91' lang='lat' dir='ltr'>olim</span> <span class='ocrx_word' id='word_1_449' title='bbox 966 3246 1246 3301; x_wconf 88' lang='lat' dir='ltr'>magnum</span> <span class='ocrx_word' id='word_1_450' title='bbox 1298 3233 1468 3299; x_wconf 86' lang='lat' dir='ltr'>atque</span> <span class='ocrx_word' id='word_1_451' title='bbox 1518 3228 1781 3300; x_wconf 86' lang='lat' dir='ltr'>amplum</span> <span class='ocrx_word' id='word_1_452' title='bbox 1838 3229 2010 3284; x_wconf 85' lang='lat' dir='ltr'>altari</span> 
     </span>
    </p>
   </div>
   <div class='ocr_carea' id='block_1_59' title="bbox 2127 3228 3780 3309">
    <p class='ocr_par' dir='ltr' id='par_1_59' title="bbox 2194 3228 3780 3309">
     <span class='ocr_line' id='line_1_59' title="bbox 2194 3228 3780 3309; baseline 0 -24"><span class='ocrx_word' id='word_1_453' title='bbox 2194 3232 2249 3286; x_wconf 81' lang='lat' dir='ltr'>l&#39;.</span> <span class='ocrx_word' id='word_1_454' title='bbox 2283 3232 2380 3286; x_wconf 85' lang='grc' dir='ltr'>Καὶ</span> <span class='ocrx_word' id='word_1_455' title='bbox 2433 3231 2481 3287; x_wconf 77' lang='grc' dir='ltr'>εἷ’</span> <span class='ocrx_word' id='word_1_456' title='bbox 2531 3231 2665 3309; x_wconf 79' lang='grc' dir='ltr'>μέγα</span> <span class='ocrx_word' id='word_1_457' title='bbox 2712 3237 2789 3305; x_wconf 78' lang='grc' dir='ltr'>τῷ</span> <span class='ocrx_word' id='word_1_458' title='bbox 2838 3232 3201 3309; x_wconf 83' lang='grc' dir='ltr'>θυσιαστηρίῳ</span> <span class='ocrx_word' id='word_1_459' title='bbox 3248 3233 3380 3286; x_wconf 67' lang='grc' dir='ltr'>ποτε</span> <span class='ocrx_word' id='word_1_460' title='bbox 3408 3232 3469 3286; x_wconf 83' lang='grc' dir='ltr'>τὸ</span> <span class='ocrx_word' id='word_1_461' title='bbox 3504 3232 3577 3305; x_wconf 82' lang='grc' dir='ltr'>μή</span> <span class='ocrx_word' id='word_1_462' title='bbox 3609 3228 3780 3285; x_wconf 66' lang='grc' dir='ltr'>πέλει</span> 
     </span>
    </p>
   </div>
   <div class='ocr_carea' id='block_1_60' title="bbox 352 3317 2011 3395">
    <p class='ocr_par' dir='ltr' id='par_1_60' title="bbox 352 3317 2011 3395">
     <span class='ocr_line' id='line_1_60' title="bbox 352 3317 2011 3395; baseline -0.003 -15"><span class='ocrx_word' id='word_1_463' title='bbox 352 3328 498 3395; x_wconf 88' lang='lat' dir='ltr'>erat,</span> <span class='ocrx_word' id='word_1_464' title='bbox 527 3323 684 3394; x_wconf 92' lang='lat' dir='ltr'>quod</span> <span class='ocrx_word' id='word_1_465' title='bbox 707 3337 885 3393; x_wconf 89' lang='lat' dir='ltr'>super</span> <span class='ocrx_word' id='word_1_466' title='bbox 904 3320 1099 3390; x_wconf 89' lang='lat' dir='ltr'>ipsum</span> <span class='ocrx_word' id='word_1_467' title='bbox 1124 3335 1228 3373; x_wconf 93' lang='lat' dir='ltr'>nec</span> <span class='ocrx_word' id='word_1_468' title='bbox 1250 3317 1474 3373; x_wconf 89' lang='lat' dir='ltr'>securis</span> <span class='ocrx_word' id='word_1_469' title='bbox 1496 3318 1880 3387; x_wconf 88' lang='lat' dir='ltr'>ascendisset,</span> <span class='ocrx_word' id='word_1_470' title='bbox 1906 3335 2011 3375; x_wconf 86' lang='lat' dir='ltr'>nec</span> 
     </span>
    </p>
   </div>
   <div class='ocr_carea' id='block_1_61' title="bbox 351 3406 2011 3478">
    <p class='ocr_par' dir='ltr' id='par_1_61' title="bbox 351 3406 2011 3478">
     <span class='ocr_line' id='line_1_61' title="bbox 351 3406 2011 3478; baseline -0.004 -9"><span class='ocrx_word' id='word_1_471' title='bbox 351 3415 479 3469; x_wconf 91' lang='lat' dir='ltr'>visa</span> <span class='ocrx_word' id='word_1_472' title='bbox 508 3428 614 3467; x_wconf 90' lang='lat' dir='ltr'>nec</span> <span class='ocrx_word' id='word_1_473' title='bbox 646 3410 847 3467; x_wconf 89' lang='lat' dir='ltr'>audita</span> <span class='ocrx_word' id='word_1_474' title='bbox 887 3409 1045 3464; x_wconf 88' lang='lat' dir='ltr'>ascia</span> <span class='ocrx_word' id='word_1_475' title='bbox 1088 3408 1302 3463; x_wconf 68' lang='lat' dir='ltr'>esset“</span> <span class='ocrx_word' id='word_1_476' title='bbox 1325 3409 1464 3478; x_wconf 87' lang='lat' dir='ltr'>(quo</span> <span class='ocrx_word' id='word_1_477' title='bbox 1496 3406 1774 3462; x_wconf 89' lang='lat' dir='ltr'>nimirum</span> <span class='ocrx_word' id='word_1_478' title='bbox 1824 3408 2011 3464; x_wconf 89' lang='lat' dir='ltr'>subli-</span> 
     </span>
    </p>
   </div>
   <div class='ocr_carea' id='block_1_62' title="bbox 356 3497 2015 3573">
    <p class='ocr_par' dir='ltr' id='par_1_62' title="bbox 356 3497 2015 3573">
     <span class='ocr_line' id='line_1_62' title="bbox 356 3497 2015 3573; baseline -0.004 -14"><span class='ocrx_word' id='word_1_479' title='bbox 356 3504 512 3559; x_wconf 89' lang='lat' dir='ltr'>mius</span> <span class='ocrx_word' id='word_1_480' title='bbox 537 3501 755 3573; x_wconf 89' lang='lat' dir='ltr'>aliquid</span> <span class='ocrx_word' id='word_1_481' title='bbox 781 3497 1248 3571; x_wconf 80' lang='lat' dir='ltr'>significabatur,</span> <span class='ocrx_word' id='word_1_482' title='bbox 1274 3513 1482 3568; x_wconf 87' lang='lat' dir='ltr'>nempe</span> <span class='ocrx_word' id='word_1_483' title='bbox 1505 3497 1767 3552; x_wconf 85' lang='lat' dir='ltr'>nativum</span> <span class='ocrx_word' id='word_1_484' title='bbox 1794 3503 1850 3553; x_wconf 90' lang='lat' dir='ltr'>et</span> <span class='ocrx_word' id='word_1_485' title='bbox 1877 3498 2015 3553; x_wconf 90' lang='lat' dir='ltr'>sim-</span> 
     </span>
    </p>
   </div>
   <div class='ocr_carea' id='block_1_63' title="bbox 354 3587 2010 3665">
    <p class='ocr_par' dir='ltr' id='par_1_63' title="bbox 354 3587 2010 3665">
     <span class='ocr_line' id='line_1_63' title="bbox 354 3587 2010 3665; baseline -0.004 -17"><span class='ocrx_word' id='word_1_486' title='bbox 354 3593 508 3665; x_wconf 84' lang='lat' dir='ltr'>plex,</span> <span class='ocrx_word' id='word_1_487' title='bbox 536 3591 796 3661; x_wconf 85' lang='lat' dir='ltr'>artisque</span> <span class='ocrx_word' id='word_1_488' title='bbox 828 3605 892 3643; x_wconf 88' lang='lat' dir='ltr'>ac</span> <span class='ocrx_word' id='word_1_489' title='bbox 926 3587 1041 3643; x_wconf 84' lang='lat' dir='ltr'>fuci</span> <span class='ocrx_word' id='word_1_490' title='bbox 1073 3603 1277 3659; x_wconf 85' lang='lat' dir='ltr'>expers</span> <span class='ocrx_word' id='word_1_491' title='bbox 1309 3603 1437 3642; x_wconf 91' lang='lat' dir='ltr'>esse</span> <span class='ocrx_word' id='word_1_492' title='bbox 1468 3587 1697 3656; x_wconf 86' lang='lat' dir='ltr'>debere,</span> <span class='ocrx_word' id='word_1_493' title='bbox 1728 3587 2010 3659; x_wconf 87' lang='lat' dir='ltr'>quidquid</span> 
     </span>
    </p>
   </div>
   <div class='ocr_carea' id='block_1_64' title="bbox 353 3676 2011 3751">
    <p class='ocr_par' dir='ltr' id='par_1_64' title="bbox 353 3676 2011 3751">
     <span class='ocr_line' id='line_1_64' title="bbox 353 3676 2011 3751; baseline -0.004 -13"><span class='ocrx_word' id='word_1_494' title='bbox 353 3683 471 3738; x_wconf 93' lang='lat' dir='ltr'>Deo</span> <span class='ocrx_word' id='word_1_495' title='bbox 502 3679 921 3751; x_wconf 75' lang='lat' dir='ltr'>consecratur),</span> <span class='ocrx_word' id='word_1_496' title='bbox 949 3695 1054 3732; x_wconf 90' lang='lat' dir='ltr'>cur</span> <span class='ocrx_word' id='word_1_497' title='bbox 1096 3694 1210 3731; x_wconf 90' lang='lat' dir='ltr'>non</span> <span class='ocrx_word' id='word_1_498' title='bbox 1261 3676 1341 3730; x_wconf 91' lang='lat' dir='ltr'>illi</span> <span class='ocrx_word' id='word_1_499' title='bbox 1395 3694 1629 3748; x_wconf 89' lang='lat' dir='ltr'>quoque</span> <span class='ocrx_word' id='word_1_500' title='bbox 1660 3677 1729 3731; x_wconf 87' lang='lat' dir='ltr'>ad</span> <span class='ocrx_word' id='word_1_501' title='bbox 1777 3677 2011 3731; x_wconf 84' lang='lat' dir='ltr'>laudern</span> 
     </span>
    </p>
   </div>
   <div class='ocr_carea' id='block_1_65' title="bbox 354 3766 2011 3843">
    <p class='ocr_par' dir='ltr' id='par_1_65' title="bbox 354 3766 2011 3843">
     <span class='ocr_line' id='line_1_65' title="bbox 354 3766 2011 3843; baseline -0.004 -16"><span class='ocrx_word' id='word_1_502' title='bbox 354 3787 635 3843; x_wconf 89' lang='lat' dir='ltr'>magnum</span> <span class='ocrx_word' id='word_1_503' title='bbox 671 3769 767 3837; x_wconf 91' lang='lat' dir='ltr'>sit,</span> <span class='ocrx_word' id='word_1_504' title='bbox 795 3768 947 3839; x_wconf 90' lang='lat' dir='ltr'>quod</span> <span class='ocrx_word' id='word_1_505' title='bbox 990 3766 1222 3823; x_wconf 89' lang='lat' dir='ltr'>silentio</span> <span class='ocrx_word' id='word_1_506' title='bbox 1268 3772 1471 3821; x_wconf 86' lang='lat' dir='ltr'>sancta</span> <span class='ocrx_word' id='word_1_507' title='bbox 1503 3766 1822 3836; x_wconf 87' lang='lat' dir='ltr'>honorarit,</span> <span class='ocrx_word' id='word_1_508' title='bbox 1858 3766 2011 3837; x_wconf 90' lang='lat' dir='ltr'>quod</span> 
     </span>
    </p>
   </div>
   <div class='ocr_carea' id='block_1_66' title="bbox 353 3856 2013 3928">
    <p class='ocr_par' dir='ltr' id='par_1_66' title="bbox 353 3856 2013 3928">
     <span class='ocr_line' id='line_1_66' title="bbox 353 3856 2013 3928; baseline -0.004 -12"><span class='ocrx_word' id='word_1_509' title='bbox 353 3860 701 3916; x_wconf 85' lang='lat' dir='ltr'>venerandae</span> <span class='ocrx_word' id='word_1_510' title='bbox 757 3874 972 3912; x_wconf 64' lang='lat' dir='ltr'>mensas</span> <span class='ocrx_word' id='word_1_511' title='bbox 1033 3874 1337 3927; x_wconf 89' lang='lat' dir='ltr'>nunquam</span> <span class='ocrx_word' id='word_1_512' title='bbox 1390 3861 1555 3928; x_wconf 85' lang='lat' dir='ltr'>terga</span> <span class='ocrx_word' id='word_1_513' title='bbox 1602 3856 1874 3920; x_wconf 86' lang='lat' dir='ltr'>obvertit,</span> <span class='ocrx_word' id='word_1_514' title='bbox 1907 3871 2013 3910; x_wconf 91' lang='lat' dir='ltr'>nec</span> 
     </span>
    </p>
   </div>
   <div class='ocr_carea' id='block_1_67' title="bbox 355 3945 2015 4019">
    <p class='ocr_par' dir='ltr' id='par_1_67' title="bbox 355 3945 2015 4019">
     <span class='ocr_line' id='line_1_67' title="bbox 355 3945 2015 4019; baseline -0.003 -14"><span class='ocrx_word' id='word_1_515' title='bbox 355 3950 415 4004; x_wconf 90' lang='lat' dir='ltr'>in</span> <span class='ocrx_word' id='word_1_516' title='bbox 449 3950 713 4005; x_wconf 90' lang='lat' dir='ltr'>divinum</span> <span class='ocrx_word' id='word_1_517' title='bbox 764 3946 1160 4019; x_wconf 88' lang='lat' dir='ltr'>pavimentum</span> <span class='ocrx_word' id='word_1_518' title='bbox 1196 3945 1525 4016; x_wconf 86' lang='lat' dir='ltr'>exspuerit;</span> <span class='ocrx_word' id='word_1_519' title='bbox 1581 3946 1735 4015; x_wconf 86' lang='lat' dir='ltr'>quod</span> <span class='ocrx_word' id='word_1_520' title='bbox 1791 3945 2015 4000; x_wconf 89' lang='lat' dir='ltr'>nullius</span> 
     </span>
    </p>
   </div>
   <div class='ocr_carea' id='block_1_68' title="bbox 356 4032 2017 4109">
    <p class='ocr_par' dir='ltr' id='par_1_68' title="bbox 356 4032 2017 4109">
     <span class='ocr_line' id='line_1_68' title="bbox 356 4032 2017 4109; baseline -0.004 -15"><span class='ocrx_word' id='word_1_521' title='bbox 356 4054 617 4108; x_wconf 82' lang='lat' dir='ltr'>unquam</span> <span class='ocrx_word' id='word_1_522' title='bbox 642 4037 878 4109; x_wconf 91' lang='lat' dir='ltr'>gentilis</span> <span class='ocrx_word' id='word_1_523' title='bbox 910 4034 1159 4097; x_wconf 64' lang='lat' dir='ltr'>feminae,</span> <span class='ocrx_word' id='word_1_524' title='bbox 1185 4034 1455 4105; x_wconf 89' lang='lat' dir='ltr'>quamvis</span> <span class='ocrx_word' id='word_1_525' title='bbox 1482 4032 1698 4102; x_wconf 88' lang='lat' dir='ltr'>alioqui</span> <span class='ocrx_word' id='word_1_526' title='bbox 1728 4033 2017 4088; x_wconf 90' lang='lat' dir='ltr'>honestis-</span> 
     </span>
    </p>
   </div>
   <div class='ocr_carea' id='block_1_69' title="bbox 356 4122 2014 4197">
    <p class='ocr_par' dir='ltr' id='par_1_69' title="bbox 356 4122 2014 4197">
     <span class='ocr_line' id='line_1_69' title="bbox 356 4122 2014 4197; baseline -0.004 -13"><span class='ocrx_word' id='word_1_527' title='bbox 356 4128 522 4184; x_wconf 70' lang='lat' dir='ltr'>simae</span> <span class='ocrx_word' id='word_1_528' title='bbox 538 4143 604 4181; x_wconf 86' lang='lat' dir='ltr'>ac</span> <span class='ocrx_word' id='word_1_529' title='bbox 624 4124 1153 4197; x_wconf 74' lang='lat' dir='ltr'>propinquissimas,</span> <span class='ocrx_word' id='word_1_530' title='bbox 1172 4123 1448 4176; x_wconf 88' lang='lat' dir='ltr'>manibus</span> <span class='ocrx_word' id='word_1_531' title='bbox 1472 4138 1711 4175; x_wconf 88' lang='lat' dir='ltr'>manum</span> <span class='ocrx_word' id='word_1_532' title='bbox 1728 4122 2014 4192; x_wconf 88' lang='lat' dir='ltr'>injecerit,</span> 
     </span>
    </p>
   </div>
   <div class='ocr_carea' id='block_1_70' title="bbox 356 4209 2017 4281">
    <p class='ocr_par' dir='ltr' id='par_1_70' title="bbox 356 4209 2017 4281">
     <span class='ocr_line' id='line_1_70' title="bbox 356 4209 2017 4281; baseline -0.004 -9"><span class='ocrx_word' id='word_1_533' title='bbox 356 4220 459 4272; x_wconf 85' lang='lat' dir='ltr'>aut</span> <span class='ocrx_word' id='word_1_534' title='bbox 485 4216 651 4271; x_wconf 89' lang='lat' dir='ltr'>labra</span> <span class='ocrx_word' id='word_1_535' title='bbox 684 4214 860 4269; x_wconf 85' lang='lat' dir='ltr'>labris</span> <span class='ocrx_word' id='word_1_536' title='bbox 892 4212 1224 4277; x_wconf 89' lang='lat' dir='ltr'>miscuerit;</span> <span class='ocrx_word' id='word_1_537' title='bbox 1259 4210 1377 4265; x_wconf 88' lang='lat' dir='ltr'>imo</span> <span class='ocrx_word' id='word_1_538' title='bbox 1409 4226 1516 4265; x_wconf 79' lang='lat' dir='ltr'>nec</span> <span class='ocrx_word' id='word_1_539' title='bbox 1546 4226 1679 4264; x_wconf 88' lang='lat' dir='ltr'>cum</span> <span class='ocrx_word' id='word_1_540' title='bbox 1712 4209 1826 4281; x_wconf 89' lang='lat' dir='ltr'>his,</span> <span class='ocrx_word' id='word_1_541' title='bbox 1852 4210 1947 4281; x_wconf 92' lang='lat' dir='ltr'>qui</span> <span class='ocrx_word' id='word_1_542' title='bbox 1983 4227 2017 4265; x_wconf 78' lang='grc' dir='ltr'>ει</span> 
     </span>
    </p>
   </div>
   <div class='ocr_carea' id='block_1_71' title="bbox 355 4296 2016 4377">
    <p class='ocr_par' dir='ltr' id='par_1_71' title="bbox 355 4296 2016 4377">
     <span class='ocr_line' id='line_1_71' title="bbox 355 4296 2016 4377; baseline -0.003 -17"><span class='ocrx_word' id='word_1_543' title='bbox 355 4305 601 4377; x_wconf 88' lang='lat' dir='ltr'>profana</span> <span class='ocrx_word' id='word_1_544' title='bbox 653 4306 711 4357; x_wconf 90' lang='lat' dir='ltr'>et</span> <span class='ocrx_word' id='word_1_545' title='bbox 766 4303 1000 4372; x_wconf 88' lang='lat' dir='ltr'>impura</span> <span class='ocrx_word' id='word_1_546' title='bbox 1055 4315 1264 4354; x_wconf 90' lang='lat' dir='ltr'>mensa</span> <span class='ocrx_word' id='word_1_547' title='bbox 1308 4296 1639 4363; x_wconf 86' lang='lat' dir='ltr'>veniebant,</span> <span class='ocrx_word' id='word_1_548' title='bbox 1680 4315 1791 4353; x_wconf 90' lang='lat' dir='ltr'>non</span> <span class='ocrx_word' id='word_1_549' title='bbox 1843 4300 2016 4355; x_wconf 89' lang='lat' dir='ltr'>modo</span> 
     </span>
    </p>
   </div>
   <div class='ocr_carea' id='block_1_72' title="bbox 357 4387 2017 4466">
    <p class='ocr_par' dir='ltr' id='par_1_72' title="bbox 357 4387 2017 4466">
     <span class='ocr_line' id='line_1_72' title="bbox 357 4387 2017 4466; baseline -0.003 -17"><span class='ocrx_word' id='word_1_550' title='bbox 357 4397 587 4466; x_wconf 90' lang='lat' dir='ltr'>sponte,</span> <span class='ocrx_word' id='word_1_551' title='bbox 612 4392 712 4447; x_wconf 90' lang='lat' dir='ltr'>sed</span> <span class='ocrx_word' id='word_1_552' title='bbox 747 4406 818 4445; x_wconf 91' lang='lat' dir='ltr'>ne</span> <span class='ocrx_word' id='word_1_553' title='bbox 839 4393 1039 4444; x_wconf 83' lang='lat' dir='ltr'>coacta</span> <span class='ocrx_word' id='word_1_554' title='bbox 1073 4388 1307 4460; x_wconf 88' lang='lat' dir='ltr'>quidem</span> <span class='ocrx_word' id='word_1_555' title='bbox 1343 4387 1427 4443; x_wconf 86' lang='lat' dir='ltr'>sal</span> <span class='ocrx_word' id='word_1_556' title='bbox 1461 4404 1772 4444; x_wconf 91' lang='lat' dir='ltr'>commune</span> <span class='ocrx_word' id='word_1_557' title='bbox 1802 4388 2017 4444; x_wconf 88' lang='lat' dir='ltr'>habue-</span> 
     </span>
    </p>
   </div>
   <div class='ocr_carea' id='block_1_73' title="bbox 358 4477 2016 4553">
    <p class='ocr_par' dir='ltr' id='par_1_73' title="bbox 358 4477 2016 4553">
     <span class='ocr_line' id='line_1_73' title="bbox 358 4477 2016 4553; baseline -0.002 -15"><span class='ocrx_word' id='word_1_558' title='bbox 358 4482 455 4549; x_wconf 87' lang='lat' dir='ltr'>rit,</span> <span class='ocrx_word' id='word_1_559' title='bbox 481 4498 585 4537; x_wconf 86' lang='lat' dir='ltr'>nec</span> <span class='ocrx_word' id='word_1_560' title='bbox 616 4481 909 4553; x_wconf 88' lang='lat' dir='ltr'>impuram</span> <span class='ocrx_word' id='word_1_561' title='bbox 959 4483 1016 4535; x_wconf 93' lang='lat' dir='ltr'>et</span> <span class='ocrx_word' id='word_1_562' title='bbox 1063 4477 1410 4549; x_wconf 87' lang='lat' dir='ltr'>sacrilegam</span> <span class='ocrx_word' id='word_1_563' title='bbox 1444 4478 1685 4533; x_wconf 90' lang='lat' dir='ltr'>domum</span> <span class='ocrx_word' id='word_1_564' title='bbox 1736 4479 2016 4535; x_wconf 87' lang='lat' dir='ltr'>adversus</span> 
     </span>
    </p>
   </div>
   <div class='ocr_carea' id='block_1_74' title="bbox 2119 3317 3776 3399">
    <p class='ocr_par' dir='ltr' id='par_1_74' title="bbox 2119 3317 3776 3399">
     <span class='ocr_line' id='line_1_74' title="bbox 2119 3317 3776 3399; baseline -0.001 -25"><span class='ocrx_word' id='word_1_565' title='bbox 2119 3340 2213 3374; x_wconf 88' lang='grc' dir='ltr'>κυν</span> <span class='ocrx_word' id='word_1_566' title='bbox 2249 3319 2332 3375; x_wconf 77' lang='grc' dir='ltr'>ἐπ’</span> <span class='ocrx_word' id='word_1_567' title='bbox 2361 3320 2491 3375; x_wconf 79' lang='grc' dir='ltr'>αὐτὸ</span> <span class='ocrx_word' id='word_1_568' title='bbox 2524 3317 2811 3391; x_wconf 78' lang='grc' dir='ltr'>ἀναϐῆναι,</span> <span class='ocrx_word' id='word_1_569' title='bbox 2857 3319 2991 3394; x_wconf 72' lang='grc' dir='ltr'>μηδὲ</span> <span class='ocrx_word' id='word_1_570' title='bbox 3045 3318 3300 3399; x_wconf 71' lang='grc' dir='ltr'>ὄφθῆναι,</span> <span class='ocrx_word' id='word_1_571' title='bbox 3361 3322 3395 3390; x_wconf 80' lang='grc' dir='ltr'><strong>ἢ</strong></span> <span class='ocrx_word' id='word_1_572' title='bbox 3453 3321 3776 3388; x_wconf 73' lang='grc' dir='ltr'>ἀκουσθῆναι</span> 
     </span>
    </p>
   </div>
   <div class='ocr_carea' id='block_1_75' title="bbox 2122 3407 3779 3489">
    <p class='ocr_par' dir='ltr' id='par_1_75' title="bbox 2122 3407 3779 3489">
     <span class='ocr_line' id='line_1_75' title="bbox 2122 3407 3779 3489; baseline -0.002 -25"><span class='ocrx_word' id='word_1_573' title='bbox 2122 3407 2474 3486; x_wconf 71' lang='grc' dir='ltr'>λαξευτήριον</span> <span class='ocrx_word' id='word_1_574' title='bbox 2524 3408 2704 3485; x_wconf 77' lang='grc' dir='ltr'>(λόγῳ</span> <span class='ocrx_word' id='word_1_575' title='bbox 2764 3410 2995 3483; x_wconf 84' lang='grc' dir='ltr'>μείζονι,</span> <span class='ocrx_word' id='word_1_576' title='bbox 3058 3411 3134 3473; x_wconf 87' lang='grc' dir='ltr'>ὡς</span> <span class='ocrx_word' id='word_1_577' title='bbox 3209 3408 3326 3465; x_wconf 80' lang='grc' dir='ltr'>δέον</span> <span class='ocrx_word' id='word_1_578' title='bbox 3400 3409 3623 3489; x_wconf 77' lang='grc' dir='ltr'>φυσικὸν</span> <span class='ocrx_word' id='word_1_579' title='bbox 3686 3408 3779 3462; x_wconf 78' lang='grc' dir='ltr'>καὶ</span> 
     </span>
    </p>
   </div>
   <div class='ocr_carea' id='block_1_76' title="bbox 2122 3495 3778 3575">
    <p class='ocr_par' dir='ltr' id='par_1_76' title="bbox 2122 3495 3778 3575">
     <span class='ocr_line' id='line_1_76' title="bbox 2122 3495 3778 3575; baseline -0.001 -23"><span class='ocrx_word' id='word_1_580' title='bbox 2122 3495 2345 3574; x_wconf 75' lang='grc' dir='ltr'>ἄτεχνον</span> <span class='ocrx_word' id='word_1_581' title='bbox 2408 3499 2535 3554; x_wconf 78' lang='grc' dir='ltr'>εἶναι</span> <span class='ocrx_word' id='word_1_582' title='bbox 2584 3505 2687 3554; x_wconf 81' lang='grc' dir='ltr'>πᾶν</span> <span class='ocrx_word' id='word_1_583' title='bbox 2719 3504 2798 3570; x_wconf 80' lang='grc' dir='ltr'>τῷ</span> <span class='ocrx_word' id='word_1_584' title='bbox 2828 3504 2944 3572; x_wconf 85' lang='grc' dir='ltr'>Θεῷ</span> <span class='ocrx_word' id='word_1_585' title='bbox 2975 3498 3437 3575; x_wconf 68' lang='grc' dir='ltr'>καθιεροῦμενον),</span> <span class='ocrx_word' id='word_1_586' title='bbox 3500 3502 3615 3558; x_wconf 81' lang='grc' dir='ltr'>πῶς</span> <span class='ocrx_word' id='word_1_587' title='bbox 3649 3495 3778 3571; x_wconf 78' lang='grc' dir='ltr'>οὐχὶ</span> 
     </span>
    </p>
   </div>
   <div class='ocr_carea' id='block_1_77' title="bbox 2120 3583 3776 3663">
    <p class='ocr_par' dir='ltr' id='par_1_77' title="bbox 2120 3583 3776 3663">
     <span class='ocr_line' id='line_1_77' title="bbox 2120 3583 3776 3663; baseline -0.001 -21"><span class='ocrx_word' id='word_1_588' title='bbox 2120 3589 2210 3642; x_wconf 79' lang='grc' dir='ltr'>καὶ</span> <span class='ocrx_word' id='word_1_589' title='bbox 2242 3589 2369 3659; x_wconf 82' lang='grc' dir='ltr'>παρ’</span> <span class='ocrx_word' id='word_1_590' title='bbox 2401 3588 2609 3659; x_wconf 72' lang='grc' dir='ltr'>ἐκείνης</span> <span class='ocrx_word' id='word_1_591' title='bbox 2646 3589 2805 3663; x_wconf 85' lang='grc' dir='ltr'>μέγα,</span> <span class='ocrx_word' id='word_1_592' title='bbox 2852 3589 2914 3643; x_wconf 85' lang='grc' dir='ltr'>τὸ</span> <span class='ocrx_word' id='word_1_593' title='bbox 2965 3592 3146 3663; x_wconf 81' lang='grc' dir='ltr'>σιωπῇ</span> <span class='ocrx_word' id='word_1_594' title='bbox 3197 3589 3451 3662; x_wconf 72' lang='grc' dir='ltr'>τιμᾶσθαι</span> <span class='ocrx_word' id='word_1_595' title='bbox 3504 3588 3570 3641; x_wconf 78' lang='grc' dir='ltr'>τὰ</span> <span class='ocrx_word' id='word_1_596' title='bbox 3628 3583 3776 3660; x_wconf 72' lang='grc' dir='ltr'>ἅγια,</span> 
     </span>
    </p>
   </div>
   <div class='ocr_carea' id='block_1_78' title="bbox 2119 3673 3777 3752">
    <p class='ocr_par' dir='ltr' id='par_1_78' title="bbox 2119 3673 3777 3752">
     <span class='ocr_line' id='line_1_78' title="bbox 2119 3673 3777 3752; baseline -0.001 -20"><span class='ocrx_word' id='word_1_597' title='bbox 2119 3677 2183 3733; x_wconf 83' lang='grc' dir='ltr'>τὸ</span> <span class='ocrx_word' id='word_1_598' title='bbox 2220 3680 2434 3749; x_wconf 78' lang='grc' dir='ltr'>μήποτε</span> <span class='ocrx_word' id='word_1_599' title='bbox 2463 3682 2607 3733; x_wconf 81' lang='grc' dir='ltr'>νῶτα</span> <span class='ocrx_word' id='word_1_600' title='bbox 2638 3676 2857 3748; x_wconf 81' lang='grc' dir='ltr'>δοθῆναι</span> <span class='ocrx_word' id='word_1_601' title='bbox 2890 3682 2957 3752; x_wconf 76' lang='grc' dir='ltr'>τῇ</span> <span class='ocrx_word' id='word_1_602' title='bbox 3011 3673 3291 3750; x_wconf 73' lang='grc' dir='ltr'>σεϐασμίῳ</span> <span class='ocrx_word' id='word_1_603' title='bbox 3350 3679 3460 3749; x_wconf 83' lang='grc'>(17)</span> <span class='ocrx_word' id='word_1_604' title='bbox 3519 3673 3777 3751; x_wconf 80' lang='grc' dir='ltr'>τραπέζῃ,</span> 
     </span>
    </p>
   </div>
   <div class='ocr_carea' id='block_1_79' title="bbox 2126 3762 3775 3839">
    <p class='ocr_par' dir='ltr' id='par_1_79' title="bbox 2126 3762 3775 3839">
     <span class='ocr_line' id='line_1_79' title="bbox 2126 3762 3775 3839; baseline -0.004 -18"><span class='ocrx_word' id='word_1_605' title='bbox 2126 3763 2269 3839; x_wconf 78' lang='grc' dir='ltr'>μηδέ</span> <span class='ocrx_word' id='word_1_606' title='bbox 2315 3770 2745 3835; x_wconf 71' lang='grc' dir='ltr'>καταπτυσθῆναι</span> <span class='ocrx_word' id='word_1_607' title='bbox 2794 3773 2935 3830; x_wconf 84' lang='grc' dir='ltr'>θεῖον</span> <span class='ocrx_word' id='word_1_608' title='bbox 2986 3764 3204 3836; x_wconf 78' lang='grc' dir='ltr'>ἔδαφος,</span> <span class='ocrx_word' id='word_1_609' title='bbox 3248 3765 3309 3819; x_wconf 68' lang='lat' dir='ltr'>Td</span> <span class='ocrx_word' id='word_1_610' title='bbox 3357 3768 3570 3836; x_wconf 64' lang='grc' dir='ltr'>μήποτε</span> <span class='ocrx_word' id='word_1_611' title='bbox 3603 3762 3775 3833; x_wconf 76' lang='grc' dir='ltr'>δεξιὰν</span> 
     </span>
    </p>
   </div>
   <div class='ocr_carea' id='block_1_80' title="bbox 2124 3850 3779 3932">
    <p class='ocr_par' dir='ltr' id='par_1_80' title="bbox 2124 3850 3779 3932">
     <span class='ocr_line' id='line_1_80' title="bbox 2124 3850 3779 3932; baseline -0.002 -23"><span class='ocrx_word' id='word_1_612' title='bbox 2124 3850 2471 3929; x_wconf 69' lang='grc' dir='ltr'>ἐμϐληθῆναι</span> <span class='ocrx_word' id='word_1_613' title='bbox 2591 3856 2755 3932; x_wconf 82' lang='grc' dir='ltr'>χείλη</span> <span class='ocrx_word' id='word_1_614' title='bbox 2814 3862 3040 3931; x_wconf 78' lang='grc' dir='ltr'>μιγῆναι</span> <span class='ocrx_word' id='word_1_615' title='bbox 3090 3855 3275 3931; x_wconf 67' lang='grc' dir='ltr'>χερσὶν</span> <span class='ocrx_word' id='word_1_616' title='bbox 3323 3852 3676 3923; x_wconf 80' lang='grc' dir='ltr'>Ἑλληνικαῖς</span> <span class='ocrx_word' id='word_1_617' title='bbox 3744 3852 3779 3916; x_wconf 79' lang='grc' dir='ltr'>ἣ</span> 
     </span>
    </p>
   </div>
   <div class='ocr_carea' id='block_1_81' title="bbox 2124 3940 3774 4020">
    <p class='ocr_par' dir='ltr' id='par_1_81' title="bbox 2124 3940 3774 4020">
     <span class='ocr_line' id='line_1_81' title="bbox 2124 3940 3774 4020; baseline -0.003 -21"><span class='ocrx_word' id='word_1_618' title='bbox 2124 3943 2336 4020; x_wconf 87' lang='grc' dir='ltr'>χείλεσι</span> <span class='ocrx_word' id='word_1_619' title='bbox 2399 3943 2540 4017; x_wconf 73' lang='grc' dir='ltr'>μηδὲ</span> <span class='ocrx_word' id='word_1_620' title='bbox 2599 3953 2698 4015; x_wconf 89' lang='grc' dir='ltr'>τῆς</span> <span class='ocrx_word' id='word_1_621' title='bbox 2739 3943 2917 4001; x_wconf 79' lang='grc' dir='ltr'>τᾶλλα</span> <span class='ocrx_word' id='word_1_622' title='bbox 2963 3943 3347 4017; x_wconf 70' lang='grc' dir='ltr'>κοσμιωτάτην,</span> <span class='ocrx_word' id='word_1_623' title='bbox 3398 3942 3655 4018; x_wconf 84' lang='grc' dir='ltr'>γυναικὸς</span> <span class='ocrx_word' id='word_1_624' title='bbox 3684 3940 3774 3995; x_wconf 86' lang='grc' dir='ltr'>καὶ</span> 
     </span>
    </p>
   </div>
   <div class='ocr_carea' id='block_1_82' title="bbox 2124 4029 3773 4107">
    <p class='ocr_par' dir='ltr' id='par_1_82' title="bbox 2124 4029 3773 4107">
     <span class='ocr_line' id='line_1_82' title="bbox 2124 4029 3773 4107; baseline -0.004 -18"><span class='ocrx_word' id='word_1_625' title='bbox 2124 4034 2503 4105; x_wconf 82' lang='grc' dir='ltr'>οἰκειοτάτης;</span> <span class='ocrx_word' id='word_1_626' title='bbox 2558 4033 2704 4089; x_wconf 81' lang='grc' dir='ltr'>ἀλλᾶ</span> <span class='ocrx_word' id='word_1_627' title='bbox 2756 4032 2896 4107; x_wconf 73' lang='grc' dir='ltr'>μηδὲ</span> <span class='ocrx_word' id='word_1_628' title='bbox 2947 4034 3093 4089; x_wconf 79' lang='grc' dir='ltr'>ἀλῶν</span> <span class='ocrx_word' id='word_1_629' title='bbox 3144 4040 3494 4105; x_wconf 76' lang='grc' dir='ltr'>κοινωνῆσαι,</span> <span class='ocrx_word' id='word_1_630' title='bbox 3561 4032 3635 4105; x_wconf 76' lang='grc' dir='ltr'>μὴ</span> <span class='ocrx_word' id='word_1_631' title='bbox 3690 4029 3773 4085; x_wconf 76' lang='grc' dir='ltr'>ὅτι</span> 
     </span>
    </p>
   </div>
   <div class='ocr_carea' id='block_1_83' title="bbox 2126 4114 3775 4197">
    <p class='ocr_par' dir='ltr' id='par_1_83' title="bbox 2126 4114 3775 4197">
     <span class='ocr_line' id='line_1_83' title="bbox 2126 4114 3775 4197; baseline -0.002 -20"><span class='ocrx_word' id='word_1_632' title='bbox 2126 4121 2365 4191; x_wconf 73' lang='grc' dir='ltr'>ἑκοῦσαν,</span> <span class='ocrx_word' id='word_1_633' title='bbox 2402 4122 2546 4179; x_wconf 78' lang='grc' dir='ltr'>άλΛὰ</span> <span class='ocrx_word' id='word_1_634' title='bbox 2580 4121 2721 4195; x_wconf 65' lang='grc' dir='ltr'>μηδὲ</span> <span class='ocrx_word' id='word_1_635' title='bbox 2752 4124 3085 4197; x_wconf 84' lang='grc' dir='ltr'>βιασθεῖσαν,</span> <span class='ocrx_word' id='word_1_636' title='bbox 3114 4128 3231 4184; x_wconf 88' lang='grc' dir='ltr'>τοῖς</span> <span class='ocrx_word' id='word_1_637' title='bbox 3265 4122 3369 4177; x_wconf 85' lang='grc' dir='ltr'>ἀπὸ</span> <span class='ocrx_word' id='word_1_638' title='bbox 3398 4128 3499 4189; x_wconf 83' lang='grc' dir='ltr'>τῆς</span> <span class='ocrx_word' id='word_1_639' title='bbox 3532 4114 3775 4195; x_wconf 76' lang='grc' dir='ltr'>βεϐήλου</span> 
     </span>
    </p>
   </div>
   <div class='ocr_carea' id='block_1_84' title="bbox 2124 4204 3777 4286">
    <p class='ocr_par' dir='ltr' id='par_1_84' title="bbox 2124 4204 3777 4286">
     <span class='ocr_line' id='line_1_84' title="bbox 2124 4204 3777 4286; baseline -0.002 -21"><span class='ocrx_word' id='word_1_640' title='bbox 2124 4211 2212 4265; x_wconf 88' lang='grc' dir='ltr'>καὶ</span> <span class='ocrx_word' id='word_1_641' title='bbox 2243 4208 2474 4285; x_wconf 80' lang='grc' dir='ltr'>ἀνάγνου</span> <span class='ocrx_word' id='word_1_642' title='bbox 2529 4210 2801 4284; x_wconf 77' lang='grc' dir='ltr'>τραπέζης</span> <span class='ocrx_word' id='word_1_643' title='bbox 2890 4209 3030 4284; x_wconf 68' lang='grc' dir='ltr'>μηδὲ</span> <span class='ocrx_word' id='word_1_644' title='bbox 3078 4212 3271 4286; x_wconf 76' lang='grc' dir='ltr'>μιαρὸν</span> <span class='ocrx_word' id='word_1_645' title='bbox 3322 4211 3468 4264; x_wconf 78' lang='grc' dir='ltr'>οἷκον</span> <span class='ocrx_word' id='word_1_646' title='bbox 3500 4210 3534 4278; x_wconf 78' lang='grc' dir='ltr'>ἣ</span> <span class='ocrx_word' id='word_1_647' title='bbox 3569 4204 3777 4277; x_wconf 71' lang='grc' dir='ltr'>παρελο-</span> 
     </span>
    </p>
   </div>
   <div class='ocr_carea' id='block_1_85' title="bbox 2126 4295 3781 4376">
    <p class='ocr_par' dir='ltr' id='par_1_85' title="bbox 2126 4295 3781 4376">
     <span class='ocr_line' id='line_1_85' title="bbox 2126 4295 3781 4376; baseline -0.001 -23"><span class='ocrx_word' id='word_1_648' title='bbox 2126 4300 2235 4354; x_wconf 83' lang='grc' dir='ltr'>θεῖν</span> <span class='ocrx_word' id='word_1_649' title='bbox 2269 4320 2421 4368; x_wconf 82' lang='grc' dir='ltr'>ποτε,</span> <span class='ocrx_word' id='word_1_650' title='bbox 2453 4301 2486 4368; x_wconf 80' lang='grc' dir='ltr'>ἢ</span> <span class='ocrx_word' id='word_1_651' title='bbox 2517 4297 2647 4354; x_wconf 78' lang='grc' dir='ltr'>ἰδεῖν</span> <span class='ocrx_word' id='word_1_652' title='bbox 2682 4300 3033 4375; x_wconf 84' lang='grc' dir='ltr'>ἆοασχέσθαι,</span> <span class='ocrx_word' id='word_1_653' title='bbox 3065 4300 3210 4376; x_wconf 83' lang='grc' dir='ltr'>παρᾶ</span> <span class='ocrx_word' id='word_1_654' title='bbox 3250 4301 3348 4368; x_wconf 70' lang='grc' dir='ltr'>τὴν</span> <span class='ocrx_word' id='word_1_655' title='bbox 3394 4304 3491 4353; x_wconf 73' lang='grc' dir='ltr'>τοῦ</span> <span class='ocrx_word' id='word_1_656' title='bbox 3540 4295 3781 4353; x_wconf 75' lang='grc' dir='ltr'>συνειδό-</span> 
     </span>
    </p>
   </div>
   <div class='ocr_carea' id='block_1_86' title="bbox 2123 4384 3784 4465">
    <p class='ocr_par' dir='ltr' id='par_1_86' title="bbox 2123 4384 3784 4465">
     <span class='ocr_line' id='line_1_86' title="bbox 2123 4384 3784 4465; baseline -0.003 -21"><span class='ocrx_word' id='word_1_657' title='bbox 2123 4410 2217 4451; x_wconf 87' lang='grc' dir='ltr'>τος</span> <span class='ocrx_word' id='word_1_658' title='bbox 2245 4389 2599 4461; x_wconf 85' lang='grc' dir='ltr'>νομοθεσίαν’</span> <span class='ocrx_word' id='word_1_659' title='bbox 2638 4387 2779 4463; x_wconf 73' lang='grc' dir='ltr'>μηδὲ</span> <span class='ocrx_word' id='word_1_660' title='bbox 2812 4387 3148 4465; x_wconf 80' lang='grc' dir='ltr'>διηγήμασιν</span> <span class='ocrx_word' id='word_1_661' title='bbox 3183 4388 3557 4458; x_wconf 73' lang='grc' dir='ltr'>Ἑλληνικοῖς,</span> <span class='ocrx_word' id='word_1_662' title='bbox 3692 4384 3784 4456; x_wconf 73' lang='grc' dir='ltr'>ᾅσ-</span> 
     </span>
    </p>
   </div>
   <div class='ocr_carea' id='block_1_87' title="bbox 2131 4476 3779 4554">
    <p class='ocr_par' dir='ltr' id='par_1_87' title="bbox 2131 4476 3779 4554">
     <span class='ocr_line' id='line_1_87' title="bbox 2131 4476 3779 4554; baseline -0.004 -21"><span class='ocrx_word' id='word_1_663' title='bbox 2131 4499 2260 4553; x_wconf 87' lang='grc' dir='ltr'>μασι</span> <span class='ocrx_word' id='word_1_664' title='bbox 2309 4484 2610 4554; x_wconf 88' lang='grc' dir='ltr'>θεατρικοῖς</span> <span class='ocrx_word' id='word_1_665' title='bbox 2666 4482 3150 4553; x_wconf 74' lang='grc' dir='ltr'>καταμολυνθῆναι</span> <span class='ocrx_word' id='word_1_666' title='bbox 3207 4481 3306 4548; x_wconf 74' lang='grc' dir='ltr'>τὴν</span> <span class='ocrx_word' id='word_1_667' title='bbox 3367 4477 3563 4548; x_wconf 76' lang='grc' dir='ltr'>ἀκοὴν,</span> <span class='ocrx_word' id='word_1_668' title='bbox 3617 4476 3779 4543; x_wconf 76' lang='grc' dir='ltr'>ἣτὴν</span> 
     </span>
    </p>
   </div>
   <div class='ocr_carea' id='block_1_88' title="bbox 358 4566 2012 4679">
    <p class='ocr_par' dir='ltr' id='par_1_88' title="bbox 358 4566 2012 4679">
     <span class='ocr_line' id='line_1_88' title="bbox 358 4566 2012 4642; baseline -0.002 -13"><span class='ocrx_word' id='word_1_669' title='bbox 358 4570 731 4630; x_wconf 65' lang='lat' dir='ltr'>conscientiae</span> <span class='ocrx_word' id='word_1_670' title='bbox 780 4568 989 4642; x_wconf 87' lang='lat' dir='ltr'>legem,</span> <span class='ocrx_word' id='word_1_671' title='bbox 1044 4571 1145 4624; x_wconf 89' lang='lat' dir='ltr'>aut</span> <span class='ocrx_word' id='word_1_672' title='bbox 1193 4566 1553 4639; x_wconf 89' lang='lat' dir='ltr'>pertransire</span> <span class='ocrx_word' id='word_1_673' title='bbox 1602 4585 1859 4639; x_wconf 91' lang='lat' dir='ltr'>unquam</span> <span class='ocrx_word' id='word_1_674' title='bbox 1919 4571 2012 4625; x_wconf 79' lang='lat' dir='ltr'>aut</span> 
     </span>
     <span class='ocr_line' id='line_1_89' title="bbox 368 4656 2012 4679; baseline 0 0"><span class='ocrx_word' id='word_1_675' title='bbox 368 4678 373 4679; x_wconf 63' lang='lat'><strong><em>,</em></strong></span> <span class='ocrx_word' id='word_1_676' title='bbox 548 4660 689 4679; x_wconf 63' lang='lat'>,&#39;____</span> <span class='ocrx_word' id='word_1_677' title='bbox 731 4657 1105 4679; x_wconf 66' lang='lat' dir='ltr'>__-_A:_.____EL-</span> <span class='ocrx_word' id='word_1_678' title='bbox 1142 4674 1244 4679; x_wconf 53' lang='grc' dir='ltr'>μ--</span> <span class='ocrx_word' id='word_1_679' title='bbox 1290 4674 1483 4679; x_wconf 55' lang='grc' dir='ltr'>..-Α-,μ</span> <span class='ocrx_word' id='word_1_680' title='bbox 1527 4661 1576 4679; x_wconf 72' lang='lat' dir='ltr'>-L</span> <span class='ocrx_word' id='word_1_681' title='bbox 1608 4656 1863 4679; x_wconf 61' lang='lat'>13-..---__</span> <span class='ocrx_word' id='word_1_682' title='bbox 1925 4673 2012 4679; x_wconf 59' lang='grc' dir='ltr'>..-ρ</span> 
     </span>
    </p>
   </div>
   <div class='ocr_carea' id='block_1_89' title="bbox 2127 4566 3784 4679">
    <p class='ocr_par' dir='ltr' id='par_1_89' title="bbox 2127 4566 3784 4679">
     <span class='ocr_line' id='line_1_90' title="bbox 2127 4566 3784 4645; baseline -0.003 -23"><span class='ocrx_word' id='word_1_683' title='bbox 2127 4566 2403 4644; x_wconf 80' lang='grc' dir='ltr'>γλῶσσαν,</span> <span class='ocrx_word' id='word_1_684' title='bbox 2453 4570 2553 4637; x_wconf 78' lang='grc' dir='ltr'>τήν</span> <span class='ocrx_word' id='word_1_685' title='bbox 2608 4570 2675 4624; x_wconf 81' lang='grc' dir='ltr'>τὰ</span> <span class='ocrx_word' id='word_1_686' title='bbox 2735 4571 2852 4625; x_wconf 86' lang='grc' dir='ltr'>θεῖα</span> <span class='ocrx_word' id='word_1_687' title='bbox 2927 4567 3233 4645; x_wconf 78' lang='grc' dir='ltr'>δεχομένην</span> <span class='ocrx_word' id='word_1_688' title='bbox 3403 4566 3784 4645; x_wconf 71' lang='grc' dir='ltr'>φθεγγομένην</span> 
     </span>
     <span class='ocr_line' id='line_1_91' title="bbox 2132 4654 3780 4679; baseline 0 0"><span class='ocrx_word' id='word_1_689' title='bbox 2132 4659 2146 4679; x_wconf 91' lang='lat' dir='ltr'><strong><em>I</em></strong></span> <span class='ocrx_word' id='word_1_690' title='bbox 2192 4655 2303 4679; x_wconf 49' lang='lat'>’5‘,</span> <span class='ocrx_word' id='word_1_691' title='bbox 2409 4659 2455 4679; x_wconf 53' lang='grc' dir='ltr'>Χ-</span> <span class='ocrx_word' id='word_1_692' title='bbox 2523 4657 2544 4679; x_wconf 65' lang='grc' dir='ltr'><strong>Ἰ</strong></span> <span class='ocrx_word' id='word_1_693' title='bbox 2590 4678 2593 4679; x_wconf 65' lang='lat'>,</span> <span class='ocrx_word' id='word_1_694' title='bbox 2644 4664 2667 4673; x_wconf 64' lang='lat'>‘-</span> <span class='ocrx_word' id='word_1_695' title='bbox 2837 4660 2847 4679; x_wconf 82' lang='grc'>1</span> <span class='ocrx_word' id='word_1_696' title='bbox 3046 4658 3061 4679; x_wconf 63' lang='grc' dir='ltr'><em>Ὶ</em></span> <span class='ocrx_word' id='word_1_697' title='bbox 3110 4658 3121 4679; x_wconf 94' lang='grc' dir='ltr'><strong><em>Ι</em></strong></span> <span class='ocrx_word' id='word_1_698' title='bbox 3166 4678 3171 4679; x_wconf 60' lang='lat'><strong><em>,</em></strong></span> <span class='ocrx_word' id='word_1_699' title='bbox 3256 4659 3305 4679; x_wconf 38' lang='lat' dir='ltr'>\A</span> <span class='ocrx_word' id='word_1_700' title='bbox 3382 4656 3446 4679; x_wconf 59' lang='lat'>,,,\</span> <span class='ocrx_word' id='word_1_701' title='bbox 3499 4654 3524 4679; x_wconf 66' lang='grc' dir='ltr'><em>υ</em></span> <span class='ocrx_word' id='word_1_702' title='bbox 3576 4654 3780 4679; x_wconf 38' lang='grc' dir='ltr'>--.Ι-..1.</span> 
     </span>
    </p>
   </div>
   <div class='ocr_carea' id='block_1_90' title="bbox 359 4656 2017 4734">
    <p class='ocr_par' dir='ltr' id='par_1_90' title="bbox 359 4656 2017 4734">
     <span class='ocr_line' id='line_1_92' title="bbox 359 4656 2017 4734; baseline -0.004 -14"><span class='ocrx_word' id='word_1_703' title='bbox 359 4660 698 4734; x_wconf 88' lang='lat' dir='ltr'>conspicere</span> <span class='ocrx_word' id='word_1_704' title='bbox 727 4657 1107 4724; x_wconf 87' lang='lat' dir='ltr'>sustinuerit;</span> <span class='ocrx_word' id='word_1_705' title='bbox 1142 4674 1247 4712; x_wconf 92' lang='lat' dir='ltr'>nec</span> <span class='ocrx_word' id='word_1_706' title='bbox 1288 4674 1490 4713; x_wconf 88' lang='lat' dir='ltr'>aurem</span> <span class='ocrx_word' id='word_1_707' title='bbox 1523 4661 1580 4712; x_wconf 93' lang='lat' dir='ltr'>et</span> <span class='ocrx_word' id='word_1_708' title='bbox 1608 4656 1892 4727; x_wconf 83' lang='lat' dir='ltr'>linguam,</span> <span class='ocrx_word' id='word_1_709' title='bbox 1925 4673 2017 4714; x_wconf 81' lang='lat' dir='ltr'>res</span> 
     </span>
    </p>
   </div>
   <div class='ocr_carea' id='block_1_91' title="bbox 360 4747 2014 4822">
    <p class='ocr_par' dir='ltr' id='par_1_91' title="bbox 360 4747 2014 4822">
     <span class='ocr_line' id='line_1_93' title="bbox 360 4747 2014 4822; baseline -0.004 -14"><span class='ocrx_word' id='word_1_710' title='bbox 360 4752 588 4808; x_wconf 89' lang='lat' dir='ltr'>divinas</span> <span class='ocrx_word' id='word_1_711' title='bbox 618 4750 831 4822; x_wconf 89' lang='lat' dir='ltr'>partim</span> <span class='ocrx_word' id='word_1_712' title='bbox 864 4747 1268 4819; x_wconf 88' lang='lat' dir='ltr'>accipientem,</span> <span class='ocrx_word' id='word_1_713' title='bbox 1304 4747 1515 4818; x_wconf 89' lang='lat' dir='ltr'>partim</span> <span class='ocrx_word' id='word_1_714' title='bbox 1551 4747 2014 4818; x_wconf 90' lang='lat' dir='ltr'>proloquentem,</span> 
     </span>
    </p>
   </div>
   <div class='ocr_carea' id='block_1_92' title="bbox 358 4835 2021 4901">
    <p class='ocr_par' dir='ltr' id='par_1_92' title="bbox 358 4835 2021 4901">
     <span class='ocr_line' id='line_1_94' title="bbox 358 4835 2021 4901; baseline -0.004 -4"><span class='ocrx_word' id='word_1_715' title='bbox 358 4840 611 4897; x_wconf 86' lang='lat' dir='ltr'>ethnicis</span> <span class='ocrx_word' id='word_1_716' title='bbox 644 4836 1099 4901; x_wconf 86' lang='lat' dir='ltr'>narrationibus,</span> <span class='ocrx_word' id='word_1_717' title='bbox 1125 4852 1191 4891; x_wconf 91' lang='lat' dir='ltr'>ac</span> <span class='ocrx_word' id='word_1_718' title='bbox 1224 4835 1524 4891; x_wconf 84' lang='lat' dir='ltr'>theatricis</span> <span class='ocrx_word' id='word_1_719' title='bbox 1550 4836 1858 4891; x_wconf 86' lang='lat' dir='ltr'>cantilenis</span> <span class='ocrx_word' id='word_1_720' title='bbox 1887 4852 2021 4891; x_wconf 89' lang='lat' dir='ltr'>con-</span> 
     </span>
    </p>
   </div>
   <div class='ocr_carea' id='block_1_93' title="bbox 356 4923 2016 5000">
    <p class='ocr_par' dir='ltr' id='par_1_93' title="bbox 356 4923 2016 5000">
     <span class='ocr_line' id='line_1_95' title="bbox 356 4923 2016 5000; baseline -0.002 -15"><span class='ocrx_word' id='word_1_721' title='bbox 356 4929 634 4987; x_wconf 87' lang='lat' dir='ltr'>taminari</span> <span class='ocrx_word' id='word_1_722' title='bbox 664 4944 840 5000; x_wconf 87' lang='lat' dir='ltr'>passa</span> <span class='ocrx_word' id='word_1_723' title='bbox 861 4927 938 4983; x_wconf 91' lang='lat' dir='ltr'>sit</span> <span class='ocrx_word' id='word_1_724' title='bbox 958 4924 1126 4998; x_wconf 89' lang='lat' dir='ltr'>(nihil</span> <span class='ocrx_word' id='word_1_725' title='bbox 1150 4924 1306 4980; x_wconf 86' lang='lat' dir='ltr'>enim</span> <span class='ocrx_word' id='word_1_726' title='bbox 1345 4924 1572 4996; x_wconf 89' lang='lat' dir='ltr'>profani</span> <span class='ocrx_word' id='word_1_727' title='bbox 1602 4923 1784 4980; x_wconf 86' lang='lat' dir='ltr'>sacris</span> <span class='ocrx_word' id='word_1_728' title='bbox 1810 4941 2016 4982; x_wconf 89' lang='lat' dir='ltr'>conve-</span> 
     </span>
    </p>
   </div>
   <div class='ocr_carea' id='block_1_94' title="bbox 431 5122 970 5191">
    <p class='ocr_par' dir='ltr' id='par_1_94' title="bbox 431 5122 970 5191">
     <span class='ocr_line' id='line_1_96' title="bbox 431 5122 970 5191; baseline -0.009 -7"><span class='ocrx_word' id='word_1_729' title='bbox 431 5126 476 5160; x_wconf 72' lang='grc' dir='ltr'>δ’</span> <span class='ocrx_word' id='word_1_730' title='bbox 504 5125 675 5183; x_wconf 89' lang='lat' dir='ltr'>Deut.</span> <span class='ocrx_word' id='word_1_731' title='bbox 706 5138 884 5191; x_wconf 82' lang='lat' dir='ltr'>xxvu,</span> <span class='ocrx_word' id='word_1_732' title='bbox 915 5122 970 5179; x_wconf 88' lang='grc'>5.</span> 
     </span>
    </p>
   </div>
   <div class='ocr_carea' id='block_1_95' title="bbox 438 5323 1103 5402">
    <p class='ocr_par' dir='ltr' id='par_1_95' title="bbox 438 5323 1103 5402">
     <span class='ocr_line' id='line_1_97' title="bbox 438 5323 1103 5402; baseline -0.005 -17"><span class='ocrx_word' id='word_1_733' title='bbox 438 5331 550 5402; x_wconf 91' lang='grc'>(10)</span> <span class='ocrx_word' id='word_1_734' title='bbox 580 5323 727 5402; x_wconf 72' lang='grc' dir='ltr'>Ὑπό.</span> <span class='ocrx_word' id='word_1_735' title='bbox 762 5330 857 5386; x_wconf 80' lang='lat' dir='ltr'>Or.</span> <span class='ocrx_word' id='word_1_736' title='bbox 894 5333 943 5395; x_wconf 85' lang='grc'>1,</span> <span class='ocrx_word' id='word_1_737' title='bbox 978 5326 1103 5383; x_wconf 84' lang='grc' dir='ltr'>ἀπό.</span> 
     </span>
    </p>
   </div>
   <div class='ocr_carea' id='block_1_96' title="bbox 438 5395 1627 5473">
    <p class='ocr_par' dir='ltr' id='par_1_96' title="bbox 438 5395 1627 5473">
     <span class='ocr_line' id='line_1_98' title="bbox 438 5395 1627 5473; baseline -0.004 -16"><span class='ocrx_word' id='word_1_738' title='bbox 438 5395 550 5473; x_wconf 77' lang='grc'>(11)</span> <span class='ocrx_word' id='word_1_739' title='bbox 575 5395 779 5473; x_wconf 80' lang='grc' dir='ltr'>Τόπος;</span> <span class='ocrx_word' id='word_1_740' title='bbox 811 5402 860 5455; x_wconf 75' lang='grc' dir='ltr'>ὃ.</span> <span class='ocrx_word' id='word_1_741' title='bbox 892 5397 1249 5473; x_wconf 16' lang='grc' dir='ltr'>,ΙειεηῗτόνοεᾳΔ</span> <span class='ocrx_word' id='word_1_742' title='bbox 1276 5396 1452 5473; x_wconf 71' lang='lat' dir='ltr'>qusl.</span> <span class='ocrx_word' id='word_1_743' title='bbox 1484 5399 1534 5464; x_wconf 91' lang='grc'>1,</span> 
     </span>
    </p>
   </div>
   <div class='ocr_carea' id='block_1_97' title="bbox 439 5469 1485 5544">
    <p class='ocr_par' dir='ltr' id='par_1_97' title="bbox 439 5469 1485 5544">
     <span class='ocr_line' id='line_1_99' title="bbox 439 5469 1485 5544; baseline -0.003 -17"><span class='ocrx_word' id='word_1_744' title='bbox 439 5469 550 5544; x_wconf 74' lang='grc'>(12)</span> <span class='ocrx_word' id='word_1_745' title='bbox 578 5475 664 5542; x_wconf 79' lang='grc' dir='ltr'>Τῷ</span> <span class='ocrx_word' id='word_1_746' title='bbox 695 5471 885 5544; x_wconf 76' lang='grc' dir='ltr'>αἰτεῖν.</span> <span class='ocrx_word' id='word_1_747' title='bbox 916 5472 1089 5528; x_wconf 79' lang='lat' dir='ltr'>Coisl.</span> <span class='ocrx_word' id='word_1_748' title='bbox 1120 5474 1170 5539; x_wconf 86' lang='grc'>1,</span> <span class='ocrx_word' id='word_1_749' title='bbox 1202 5470 1264 5525; x_wconf 86' lang='grc' dir='ltr'>τὸ</span> <span class='ocrx_word' id='word_1_750' title='bbox 1294 5469 1485 5544; x_wconf 77' lang='grc' dir='ltr'>αἰτεῖν.</span> 
     </span>
    </p>
   </div>
   <div class='ocr_carea' id='block_1_98' title="bbox 371 5495 2022 5622">
    <p class='ocr_par' dir='ltr' id='par_1_98' title="bbox 371 5495 2022 5622">
     <span class='ocr_line' id='line_1_100' title="bbox 439 5495 1485 5544; baseline -0.003 -17"><span class='ocrx_word' id='word_1_751' title='bbox 439 5495 530 5544; x_wconf 58' lang='lat' dir='ltr'>\IZ</span> <span class='ocrx_word' id='word_1_752' title='bbox 588 5495 664 5542; x_wconf 85' lang='grc' dir='ltr'>ιῳ</span> <span class='ocrx_word' id='word_1_753' title='bbox 695 5495 885 5527; x_wconf 82' lang='grc' dir='ltr'>αιτειν.</span> <span class='ocrx_word' id='word_1_754' title='bbox 916 5495 1089 5528; x_wconf 72' lang='lat' dir='ltr'>U018].</span> <span class='ocrx_word' id='word_1_755' title='bbox 1120 5495 1170 5539; x_wconf 78' lang='grc'>1,</span> <span class='ocrx_word' id='word_1_756' title='bbox 1202 5495 1264 5525; x_wconf 82' lang='grc' dir='ltr'>το</span> <span class='ocrx_word' id='word_1_757' title='bbox 1294 5495 1485 5524; x_wconf 78' lang='grc' dir='ltr'>αιτειν.</span> 
     </span>
     <span class='ocr_line' id='line_1_101' title="bbox 371 5495 2022 5622; baseline 0.002 -24"><span class='ocrx_word' id='word_1_758' title='bbox 371 5608 382 5622; x_wconf 37' lang='grc' dir='ltr'>ι</span> <span class='ocrx_word' id='word_1_759' title='bbox 442 5495 551 5614; x_wconf 74' lang='grc'>(13)</span> <span class='ocrx_word' id='word_1_760' title='bbox 582 5540 919 5622; x_wconf 64' lang='grc' dir='ltr'>Ἐστήλωσε.</span> <span class='ocrx_word' id='word_1_761' title='bbox 974 5544 1177 5599; x_wconf 90' lang='lat' dir='ltr'>Billius</span> <span class='ocrx_word' id='word_1_762' title='bbox 1228 5560 1302 5600; x_wconf 83' lang='grc'>;‹‹</span> <span class='ocrx_word' id='word_1_763' title='bbox 1350 5541 1649 5597; x_wconf 73' lang='lat' dir='ltr'>Columnae</span> <span class='ocrx_word' id='word_1_764' title='bbox 1700 5541 1887 5597; x_wconf 90' lang='lat' dir='ltr'>instar</span> <span class='ocrx_word' id='word_1_765' title='bbox 1932 5560 2022 5601; x_wconf 89' lang='lat' dir='ltr'>se-</span> 
     </span>
    </p>
   </div>
   <div class='ocr_carea' id='block_1_99' title="bbox 367 5616 857 5683">
    <p class='ocr_par' dir='ltr' id='par_1_99' title="bbox 367 5616 857 5683">
     <span class='ocr_line' id='line_1_102' title="bbox 367 5616 857 5683; baseline -0.006 -14"><span class='ocrx_word' id='word_1_766' title='bbox 367 5616 560 5683; x_wconf 78' lang='lat' dir='ltr'>ipsam</span> <span class='ocrx_word' id='word_1_767' title='bbox 594 5616 800 5669; x_wconf 82' lang='lat' dir='ltr'>afﬁxit.</span> <span class='ocrx_word' id='word_1_768' title='bbox 823 5636 857 5683; x_wconf 67' lang='grc' dir='ltr'>Δ››</span> 
     </span>
    </p>
   </div>
   <div class='ocr_carea' id='block_1_100' title="bbox 466 5681 1797 5759">
    <p class='ocr_par' dir='ltr' id='par_1_100' title="bbox 466 5681 1797 5759">
     <span class='ocr_line' id='line_1_103' title="bbox 466 5681 1797 5759; baseline -0.005 -16"><span class='ocrx_word' id='word_1_769' title='bbox 584 5681 941 5759; x_wconf 62' lang='grc' dir='ltr'>Παραστάτες.</span> <span class='ocrx_word' id='word_1_770' title='bbox 977 5688 1037 5741; x_wconf 85' lang='lat' dir='ltr'>ln</span> <span class='ocrx_word' id='word_1_771' title='bbox 1070 5685 1450 5759; x_wconf 88' lang='lat' dir='ltr'>quibusdam,</span> <span class='ocrx_word' id='word_1_772' title='bbox 1484 5682 1797 5759; x_wconf 76' lang='grc' dir='ltr'>πρόστάτις.</span> 
     </span>
    </p>
   </div>
   <div class='ocr_carea' id='block_1_101' title="bbox 469 5752 1654 5833">
    <p class='ocr_par' dir='ltr' id='par_1_101' title="bbox 469 5752 1654 5833">
     <span class='ocr_line' id='line_1_104' title="bbox 469 5752 1654 5833; baseline 0.003 -25"><span class='ocrx_word' id='word_1_773' title='bbox 469 5755 556 5825; x_wconf 87' lang='grc'>15)</span> <span class='ocrx_word' id='word_1_774' title='bbox 588 5752 1042 5832; x_wconf 73' lang='grc' dir='ltr'>Συνυπεκούφισε.</span> <span class='ocrx_word' id='word_1_775' title='bbox 1069 5752 1167 5812; x_wconf 85' lang='lat' dir='ltr'>0r.</span> <span class='ocrx_word' id='word_1_776' title='bbox 1201 5758 1253 5829; x_wconf 82' lang='lat'>1,</span> <span class='ocrx_word' id='word_1_777' title='bbox 1286 5752 1654 5833; x_wconf 61' lang='grc' dir='ltr'>συνεκούῲισε.</span> 
     </span>
    </p>
   </div>
   <div class='ocr_carea' id='block_1_102' title="bbox 3358 4654 3781 4711">
    <p class='ocr_par' dir='ltr' id='par_1_102' title="bbox 3358 4654 3781 4711">
     <span class='ocr_line' id='line_1_105' title="bbox 3358 4654 3781 4711; baseline -0.009 0"><span class='ocrx_word' id='word_1_778' title='bbox 3358 4656 3448 4711; x_wconf 82' lang='grc' dir='ltr'>καὶ</span> <span class='ocrx_word' id='word_1_779' title='bbox 3494 4654 3524 4709; x_wconf 80' lang='grc' dir='ltr'>ὅ</span> <span class='ocrx_word' id='word_1_780' title='bbox 3573 4654 3781 4709; x_wconf 82' lang='grc' dir='ltr'>τούτων</span> 
     </span>
    </p>
   </div>
   <div class='ocr_carea' id='block_1_103' title="bbox 2129 4655 3307 4736">
    <p class='ocr_par' dir='ltr' id='par_1_103' title="bbox 2129 4655 3307 4736">
     <span class='ocr_line' id='line_1_106' title="bbox 2129 4655 3307 4736; baseline -0.001 -25"><span class='ocrx_word' id='word_1_781' title='bbox 2129 4655 2305 4731; x_wconf 64' lang='grc' dir='ltr'>(οὐδὲν</span> <span class='ocrx_word' id='word_1_782' title='bbox 2362 4659 2462 4734; x_wconf 81' lang='grc' dir='ltr'>γὰρ</span> <span class='ocrx_word' id='word_1_783' title='bbox 2523 4657 2694 4735; x_wconf 73' lang='grc' dir='ltr'>ῗεροῖς</span> <span class='ocrx_word' id='word_1_784' title='bbox 2752 4660 2976 4736; x_wconf 86' lang='grc' dir='ltr'>πρέπειν</span> <span class='ocrx_word' id='word_1_785' title='bbox 3036 4658 3307 4734; x_wconf 81' lang='grc' dir='ltr'>ἀνίερον)’</span> 
     </span>
    </p>
   </div>
   <div class='ocr_carea' id='block_1_104' title="bbox 2127 4743 3783 4823">
    <p class='ocr_par' dir='ltr' id='par_1_104' title="bbox 2127 4743 3783 4823">
     <span class='ocr_line' id='line_1_107' title="bbox 2127 4743 3783 4823; baseline -0.002 -23"><span class='ocrx_word' id='word_1_786' title='bbox 2127 4748 2594 4823; x_wconf 85' lang='grc' dir='ltr'>θαυμασιώτερον,</span> <span class='ocrx_word' id='word_1_787' title='bbox 2653 4749 2716 4802; x_wconf 88' lang='grc' dir='ltr'>τὸ</span> <span class='ocrx_word' id='word_1_788' title='bbox 2761 4750 2973 4821; x_wconf 80' lang='grc' dir='ltr'>μήποτε</span> <span class='ocrx_word' id='word_1_789' title='bbox 3032 4744 3290 4803; x_wconf 74' lang='grc' dir='ltr'>τοσοῦτον</span> <span class='ocrx_word' id='word_1_790' title='bbox 3361 4743 3545 4800; x_wconf 75' lang='grc' dir='ltr'>δοῦναι</span> <span class='ocrx_word' id='word_1_791' title='bbox 3600 4743 3783 4807; x_wconf 84' lang='grc' dir='ltr'>πένθει</span> 
     </span>
    </p>
   </div>
   <div class='ocr_carea' id='block_1_105' title="bbox 2129 4832 3785 4915">
    <p class='ocr_par' dir='ltr' id='par_1_105' title="bbox 2129 4832 3785 4915">
     <span class='ocr_line' id='line_1_108' title="bbox 2129 4832 3785 4915; baseline -0.003 -25"><span class='ocrx_word' id='word_1_792' title='bbox 2129 4841 2449 4909; x_wconf 81' lang='grc' dir='ltr'>σωματικῷ,</span> <span class='ocrx_word' id='word_1_793' title='bbox 2508 4837 2747 4913; x_wconf 82' lang='grc' dir='ltr'>καίτοιγί</span> <span class='ocrx_word' id='word_1_794' title='bbox 2823 4834 3185 4915; x_wconf 82' lang='grc' dir='ltr'>διαφερόντως</span> <span class='ocrx_word' id='word_1_795' title='bbox 3243 4834 3635 4909; x_wconf 74' lang='grc' dir='ltr'>καμπτομένην</span> <span class='ocrx_word' id='word_1_796' title='bbox 3697 4832 3785 4887; x_wconf 88' lang='grc' dir='ltr'>καὶ</span> 
     </span>
    </p>
   </div>
   <div class='ocr_carea' id='block_1_106' title="bbox 2126 4919 3786 5003">
    <p class='ocr_par' dir='ltr' id='par_1_106' title="bbox 2126 4919 3786 5003">
     <span class='ocr_line' id='line_1_109' title="bbox 2126 4919 3786 5003; baseline -0.004 -22"><span class='ocrx_word' id='word_1_797' title='bbox 2126 4930 2243 4987; x_wconf 89' lang='grc' dir='ltr'>τοῖς</span> <span class='ocrx_word' id='word_1_798' title='bbox 2300 4930 2408 4980; x_wconf 80' lang='grc' dir='ltr'>τῶν</span> <span class='ocrx_word' id='word_1_799' title='bbox 2468 4924 2623 4997; x_wconf 80' lang='grc' dir='ltr'>ξένων</span> <span class='ocrx_word' id='word_1_800' title='bbox 2684 4927 2925 4997; x_wconf 83' lang='grc' dir='ltr'>πάθεσιν,</span> <span class='ocrx_word' id='word_1_801' title='bbox 2983 4925 3184 4995; x_wconf 84' lang='grc' dir='ltr'>ὥστεῆ</span> <span class='ocrx_word' id='word_1_802' title='bbox 3240 4926 3434 5003; x_wconf 83' lang='grc' dir='ltr'>γοεράν</span> <span class='ocrx_word' id='word_1_803' title='bbox 3492 4944 3625 4980; x_wconf 85' lang='grc' dir='ltr'>ποτε</span> <span class='ocrx_word' id='word_1_804' title='bbox 3679 4919 3786 4997; x_wconf 85' lang='grc' dir='ltr'>πρὸ</span> 
     </span>
    </p>
   </div>
   <div class='ocr_carea' id='block_1_107' title="bbox 2207 5329 3792 5405">
    <p class='ocr_par' dir='ltr' id='par_1_107' title="bbox 2207 5329 3792 5405">
     <span class='ocr_line' id='line_1_110' title="bbox 2207 5329 3792 5405; baseline 0 -19"><span class='ocrx_word' id='word_1_805' title='bbox 2207 5330 2316 5405; x_wconf 83' lang='grc'>(16)</span> <span class='ocrx_word' id='word_1_806' title='bbox 2346 5329 2699 5405; x_wconf 84' lang='grc' dir='ltr'>Ἀναγκαίων,</span> <span class='ocrx_word' id='word_1_807' title='bbox 2751 5338 2855 5388; x_wconf 90' lang='lat' dir='ltr'>etc.</span> <span class='ocrx_word' id='word_1_808' title='bbox 2908 5332 3075 5405; x_wconf 67' lang='lat' dir='ltr'>Pera</span> <span class='ocrx_word' id='word_1_809' title='bbox 3109 5349 3299 5405; x_wconf 5' lang='lat' dir='ltr'>voces,</span> <span class='ocrx_word' id='word_1_810' title='bbox 3333 5332 3695 5405; x_wconf 85' lang='lat' dir='ltr'>necessarias</span> <span class='ocrx_word' id='word_1_811' title='bbox 3735 5335 3792 5387; x_wconf 91' lang='lat' dir='ltr'>et</span> 
     </span>
    </p>
   </div>
   <div class='ocr_carea' id='block_1_108' title="bbox 2136 5403 3794 5488">
    <p class='ocr_par' dir='ltr' id='par_1_108' title="bbox 2136 5403 3794 5488">
     <span class='ocr_line' id='line_1_111' title="bbox 2136 5403 3794 5488; baseline 0.001 -31"><span class='ocrx_word' id='word_1_812' title='bbox 2136 5404 2440 5488; x_wconf 54' lang='lat' dir='ltr'>mystipasz</span> <span class='ocrx_word' id='word_1_813' title='bbox 2470 5403 2497 5451; x_wconf 71' lang='lat'>.&#39;</span> <span class='ocrx_word' id='word_1_814' title='bbox 2528 5419 2627 5459; x_wconf 89' lang='lat' dir='ltr'>eas</span> <span class='ocrx_word' id='word_1_815' title='bbox 2668 5404 2947 5488; x_wconf 76' lang='lat' dir='ltr'>intelligit</span> <span class='ocrx_word' id='word_1_816' title='bbox 2976 5404 3151 5488; x_wconf 66' lang='lat' dir='ltr'>Elias,</span> <span class='ocrx_word' id='word_1_817' title='bbox 3184 5404 3419 5488; x_wconf 35' lang='lat' dir='ltr'>quibus.</span> <span class='ocrx_word' id='word_1_818' title='bbox 3451 5403 3794 5488; x_wconf 33' lang='lat' dir='ltr'>plebsiteta</span> 
     </span>
    </p>
   </div>
   <div class='ocr_carea' id='block_1_109' title="bbox 2134 5474 3793 5549">
    <p class='ocr_par' dir='ltr' id='par_1_109' title="bbox 2134 5474 3793 5549">
     <span class='ocr_line' id='line_1_112' title="bbox 2134 5474 3793 5549; baseline 0.001 -18"><span class='ocrx_word' id='word_1_819' title='bbox 2134 5474 2538 5549; x_wconf 76' lang='lat' dir='ltr'>sacerdotibus</span> <span class='ocrx_word' id='word_1_820' title='bbox 2581 5474 2900 5545; x_wconf 78' lang='lat' dir='ltr'>accinebat,</span> <span class='ocrx_word' id='word_1_821' title='bbox 2933 5474 3143 5549; x_wconf 88' lang='lat' dir='ltr'>quales</span> <span class='ocrx_word' id='word_1_822' title='bbox 3168 5474 3429 5549; x_wconf 83' lang='lat' dir='ltr'>sunt,_ut</span> <span class='ocrx_word' id='word_1_823' title='bbox 3454 5474 3517 5531; x_wconf 91' lang='lat' dir='ltr'>in</span> <span class='ocrx_word' id='word_1_824' title='bbox 3570 5474 3793 5549; x_wconf 82' lang='lat' dir='ltr'>scholio</span> 
     </span>
    </p>
   </div>
   <div class='ocr_carea' id='block_1_110' title="bbox 2133 5545 3793 5620">
    <p class='ocr_par' dir='ltr' id='par_1_110' title="bbox 2133 5545 3793 5620">
     <span class='ocr_line' id='line_1_113' title="bbox 2133 5545 3793 5620; baseline 0.001 -19"><span class='ocrx_word' id='word_1_825' title='bbox 2133 5545 2371 5619; x_wconf 87' lang='lat' dir='ltr'>legitur,</span> <span class='ocrx_word' id='word_1_826' title='bbox 2402 5564 2573 5602; x_wconf 89' lang='lat' dir='ltr'>voces</span> <span class='ocrx_word' id='word_1_827' title='bbox 2608 5564 2621 5603; x_wconf 87' lang='lat'><strong>:</strong></span> <span class='ocrx_word' id='word_1_828' title='bbox 2657 5571 2686 5598; x_wconf 90' lang='grc'>‹‹</span> <span class='ocrx_word' id='word_1_829' title='bbox 2716 5550 2923 5620; x_wconf 84' lang='lat' dir='ltr'>Amen,</span> <span class='ocrx_word' id='word_1_830' title='bbox 2950 5545 3011 5604; x_wconf 80' lang='lat' dir='ltr'>et</span> <span class='ocrx_word' id='word_1_831' title='bbox 3041 5565 3173 5604; x_wconf 90' lang='lat' dir='ltr'>cum</span> <span class='ocrx_word' id='word_1_832' title='bbox 3205 5547 3428 5620; x_wconf 84' lang='lat' dir='ltr'>Spiritu</span> <span class='ocrx_word' id='word_1_833' title='bbox 3459 5554 3559 5603; x_wconf 91' lang='lat' dir='ltr'>tuo</span> <span class='ocrx_word' id='word_1_834' title='bbox 3597 5564 3610 5604; x_wconf 92' lang='lat'><strong>:</strong></span> <span class='ocrx_word' id='word_1_835' title='bbox 3641 5548 3793 5620; x_wconf 48' lang='lat' dir='ltr'>Sans</span> 
     </span>
    </p>
   </div>
   <div class='ocr_carea' id='block_1_111' title="bbox 2133 5617 3797 5691">
    <p class='ocr_par' dir='ltr' id='par_1_111' title="bbox 2133 5617 3797 5691">
     <span class='ocr_line' id='line_1_114' title="bbox 2133 5617 3797 5691; baseline -0.001 -16"><span class='ocrx_word' id='word_1_836' title='bbox 2133 5617 2286 5689; x_wconf 75' lang='lat' dir='ltr'>ctus,</span> <span class='ocrx_word' id='word_1_837' title='bbox 2319 5623 2578 5691; x_wconf 76' lang='lat' dir='ltr'>sanctus,</span> <span class='ocrx_word' id='word_1_838' title='bbox 2613 5623 2671 5674; x_wconf 90' lang='lat' dir='ltr'>et</span> <span class='ocrx_word' id='word_1_839' title='bbox 2700 5618 2919 5691; x_wconf 87' lang='lat' dir='ltr'>similia</span> <span class='ocrx_word' id='word_1_840' title='bbox 2951 5646 2965 5678; x_wconf 85' lang='lat'><strong>:</strong></span> <span class='ocrx_word' id='word_1_841' title='bbox 2992 5642 3020 5671; x_wconf 85' lang='grc'>››</span> <span class='ocrx_word' id='word_1_842' title='bbox 3053 5617 3265 5691; x_wconf 56' lang='lat' dir='ltr'>’Apvﬁv“</span> <span class='ocrx_word' id='word_1_843' title='bbox 3284 5617 3372 5672; x_wconf 82' lang='grc' dir='ltr'>καὶ</span> <span class='ocrx_word' id='word_1_844' title='bbox 3413 5622 3490 5691; x_wconf 83' lang='grc' dir='ltr'>τῷ</span> <span class='ocrx_word' id='word_1_845' title='bbox 3522 5618 3797 5691; x_wconf 80' lang='grc' dir='ltr'>Πνεύματί</span> 
     </span>
    </p>
   </div>
   <div class='ocr_carea' id='block_1_112' title="bbox 2132 5640 3425 5765">
    <p class='ocr_par' dir='ltr' id='par_1_112' title="bbox 2132 5640 3425 5765">
     <span class='ocr_line' id='line_1_115' title="bbox 2133 5640 3425 5689; baseline -0.003 -14"><span class='ocrx_word' id='word_1_846' title='bbox 2133 5640 2286 5689; x_wconf 73' lang='lat' dir='ltr'>ctus,</span> <span class='ocrx_word' id='word_1_847' title='bbox 2319 5640 2578 5686; x_wconf 69' lang='grc' dir='ltr'>εαηοιυε,</span> <span class='ocrx_word' id='word_1_848' title='bbox 2613 5640 2671 5674; x_wconf 73' lang='lat' dir='ltr'>at</span> <span class='ocrx_word' id='word_1_849' title='bbox 2700 5640 2919 5675; x_wconf 64' lang='lat' dir='ltr'>summa</span> <span class='ocrx_word' id='word_1_850' title='bbox 2951 5646 2965 5678; x_wconf 87' lang='lat'><strong>:</strong></span> <span class='ocrx_word' id='word_1_851' title='bbox 2992 5642 3020 5671; x_wconf 84' lang='grc'>›)</span> <span class='ocrx_word' id='word_1_852' title='bbox 3071 5640 3113 5673; x_wconf 71' lang='grc' dir='ltr'><strong>Α</strong></span> <span class='ocrx_word' id='word_1_853' title='bbox 3166 5640 3252 5689; x_wconf 88' lang='grc' dir='ltr'>ην·</span> <span class='ocrx_word' id='word_1_854' title='bbox 3284 5640 3372 5672; x_wconf 88' lang='grc' dir='ltr'>και</span> <span class='ocrx_word' id='word_1_855' title='bbox 3413 5640 3425 5665; x_wconf 59' lang='grc' dir='ltr'><em>η</em></span> 
     </span>
     <span class='ocr_line' id='line_1_116' title="bbox 2132 5640 3425 5765; baseline 0.002 -22"><span class='ocrx_word' id='word_1_856' title='bbox 2132 5688 2373 5765; x_wconf 13' lang='grc' dir='ltr'>σουξν-καὶ</span> <span class='ocrx_word' id='word_1_857' title='bbox 2402 5688 2489 5765; x_wconf 65' lang='grc' dir='ltr'>τρ,</span> <span class='ocrx_word' id='word_1_858' title='bbox 2517 5696 2732 5765; x_wconf 58' lang='grc' dir='ltr'>Ἄγιοςζ</span> <span class='ocrx_word' id='word_1_859' title='bbox 2765 5690 2939 5765; x_wconf 74' lang='grc' dir='ltr'>ἅγιος,</span> <span class='ocrx_word' id='word_1_860' title='bbox 2969 5691 3060 5765; x_wconf 64' lang='grc' dir='ltr'>καὶ</span> <span class='ocrx_word' id='word_1_861' title='bbox 3088 5640 3162 5765; x_wconf 59' lang='lat' dir='ltr'>1S</span> <span class='ocrx_word' id='word_1_862' title='bbox 3183 5693 3425 5746; x_wconf 76' lang='grc' dir='ltr'>τοιοῦτα.</span> 
     </span>
    </p>
   </div>
   <div class='ocr_carea' id='block_1_113' title="bbox 2205 5755 3204 5841">
    <p class='ocr_par' dir='ltr' id='par_1_113' title="bbox 2205 5755 3204 5841">
     <span class='ocr_line' id='line_1_117' title="bbox 2205 5755 3204 5841; baseline 0.004 -23"><span class='ocrx_word' id='word_1_863' title='bbox 2205 5763 2320 5835; x_wconf 88' lang='grc'>(17)</span> <span class='ocrx_word' id='word_1_864' title='bbox 2350 5755 2668 5838; x_wconf 69' lang='grc' dir='ltr'>Σεϐασμίὶμ.</span> <span class='ocrx_word' id='word_1_865' title='bbox 2700 5755 2885 5838; x_wconf 68' lang='lat' dir='ltr'>Or.&#39;1,</span> <span class='ocrx_word' id='word_1_866' title='bbox 2917 5755 3204 5841; x_wconf 75' lang='grc' dir='ltr'>σεϐασμίᾳ.</span> 
     </span>
    </p>
   </div>
  </div>
