4090 6430
352 449 472 512 997

1273 441 1565 506 ORATIO
1608 438 1930 504 XVIII.—
1957 439 2344 503 FUNEBRIS
2392 441 2466 502 IN
2517 441 2862 504 PATREM.

3659 446 3782 508 998

350 589 452 651 τῆς
487 577 842 655 εὐχαριστίας
875 577 983 650 (18)
1033 574 1264 650 ῥαγῆναι
1312 574 1495 650 φωνην
1643 569 1871 645 δάκρυον
1925 570 2048 639 έκγ

2146 573 2254 629 lire
2286 574 2633 645 statuebat);
2670 591 2796 640 nec,
2822 574 2974 645 quod
3007 573 3211 645 majori
3248 575 3620 630 admirationi
3652 592 3783 632 esse

347 675 524 726 πεσεῖν
573 667 846 744 βλεφάρου
911 669 1184 738 μυστικῶς
1243 661 1683 740 σφραγισθέντος,
1728 662 1761 728 ἦ
1811 666 2005 734 σχῆμα

348 761 608 831 πένθιμον
642 754 993 832 παραμένειν,
1027 752 1273 818 καίτοιγε
1311 750 1536 806 πολλῶν
1570 748 1843 811 πολλάκις
1877 771 2008 820 συμ-

348 848 620 904 πεσόντων
672 845 808 918 αὐτῇ
868 843 1154 915 λυπηρῶν,
1227 839 1482 916 λαμπρᾶς
1563 842 1670 912 (19)
1729 837 2007 913 παρούσης

351 937 584 1012 ἡμέρας.
621 941 821 1010 Ψυχῆς
852 935 953 1009 γὰρ
1000 934 1135 986 εἶναι
1183 929 1474 1008 θεοφιλοῦς
1529 926 1840 983 ὑποκλίνειν
1894 931 2012 987 τοῖς

354 1027 519 1087 θείοις
553 1025 688 1079 ἅπαν
719 1023 1082 1098 ἀνθρώπινον,

2117 663 2309 727 debet,
2341 680 2616 734 corporeo
2649 664 2833 718 luctui
2882 669 3114 718 tantum
3151 680 3410 735 unquam
3445 665 3783 748 indulserit,

2118 750 2254 805 licet
2281 753 2498 822 alioqui
2521 751 2608 806 vel
2631 758 3006 807 externorum
3034 753 3476 808 calamitatibus
3497 754 3782 823 majorem

2122 839 2180 893 in
2215 840 2452 894 modum
2484 846 2970 907 commoveretur,
2997 847 3061 895 ut
3083 840 3355 896 luctuosa
3375 858 3480 895 vox
3511 842 3560 896 ei
3593 841 3787 912 prius-

2125 943 2300 997 quam
2334 929 2657 999 gratiarum
2694 929 2848 984 actio
2879 935 3235 1000 erumperet,
3262 934 3361 984 aut
3391 946 3457 984 ex
3491 929 3788 1001 palpebris

2129 1014 2369 1087 mystice
2387 1017 2637 1088 signatis
2665 1017 2921 1089 lacryma
2945 1019 3286 1085 flueret,aut
3309 1035 3440 1072 cum
3463 1018 3588 1074 dies
3607 1018 3790 1074 festus

361 1117 614 1185 adesset,
649 1112 918 1185 quamvis
965 1111 1076 1183 ipsi
1131 1109 1330 1165 multas
1379 1126 1632 1181 persaepe
1684 1106 1962 1161 molestiae
1996 1104 2334 1172 acciderint,
2369 1104 2636 1176 lugubris
2667 1106 2903 1161 habitus
2937 1113 3322 1179 permaneret.
3360 1107 3471 1164 Piae
3519 1107 3675 1162 enim
3725 1125 3790 1164 ac

358 1206 474 1261 Deo
508 1204 695 1259 chara;
727 1201 935 1256 animae
968 1217 1096 1257 esse
1129 1200 1424 1264 censebat,
1459 1198 1674 1253 divinis
1701 1197 1879 1251 rebus
1909 1195 2168 1250 humana
2199 1194 2400 1250 omnia
2429 1195 2792 1251 submittere.

432 1294 536 1350 IA'.
572 1293 667 1347 Καὶ
703 1293 894 1345 σιωπῶ
923 1290 990 1344 τὰ
1018 1287 1226 1344 τούτων
1261 1286 1694 1363 ἀποῤῥητότερα,
1751 1287 1822 1338 ὧν
1884 1286 2013 1346 Θεὸς

365 1381 590 1458 μάρτυς,
649 1379 738 1434 καὶ
779 1384 891 1433 τῶν
942 1382 1148 1433 πιστῶν
1202 1379 1312 1452 (20)
1361 1373 1754 1449 θεραπαινίδων
1807 1376 1892 1435 αἷς
1951 1373 2017 1427 τὰ

357 1476 581 1525 τοιαῦτα
638 1468 931 1524 ἐπίστευσε.
981 1468 1051 1521 Τὸ
1125 1469 1228 1541 γὰρ
1302 1467 1419 1520 καθ’
1487 1466 1634 1537 ἡμᾶς
1701 1459 1833 1524 ἴσως
1891 1459 2017 1516 οὐδὲ

362 1564 586 1633 μνήμης
639 1558 914 1628 ἀξιωτέον,
961 1556 1034 1618 ὡς
1087 1554 1328 1625 ἀναξίους
1379 1559 1474 1608 τοῦ
1520 1552 1865 1613 ἐλπισθέντος
1896 1571 1907 1584 ·
1971 1551 2016 1605 εί

356 1649 574 1721 κάκείνη
608 1646 743 1721 μέγα
769 1646 832 1699 τὸ
873 1644 1213 1721 ἐπιχείρημα
1243 1646 1377 1716 (21),
1438 1642 1522 1697 ὅτι
1569 1641 1658 1696 καὶ
1717 1642 1822 1717 πρὸ
1881 1638 2021 1715 γενέ-

365 1757 502 1798 σεως
552 1738 700 1808 ἡμᾶς
749 1733 1124 1808 καθυπέσχετο
1171 1736 1250 1804 τῷ
1297 1737 1432 1804 Θεῷ,
1488 1728 1656 1803 μηδὲν
1707 1729 1767 1784 τό
1817 1727 2019 1802 μέλλον

359 1819 744 1896 εὖλαϐηθεῖσα,
794 1823 883 1877 καὶ
944 1822 1293 1897 γεννηθέντας
1353 1819 1505 1884 εὐθὺς
1581 1817 1827 1889 ἀνέθηκε.
1887 1822 2018 1872 Θεοῦ

2199 1287 2348 1341 387
2385 1287 2470 1340 XI.
2506 1294 2609 1356 Ac,
2661 1305 2786 1359 quae
2848 1288 2940 1343 his
2990 1287 3307 1344 occultiora
3365 1293 3538 1358 sunt,
3599 1293 3786 1355 taceo,

2129 1391 2379 1445 quorum
2422 1378 2588 1432 testis
2641 1383 2729 1431 est
2781 1383 2954 1443 Deus,
2989 1386 3043 1432 et
3075 1378 3322 1444 ancillae,
3350 1395 3600 1449 quarum
3653 1377 3789 1433 fidei

2121 1469 2219 1518 res
2271 1465 2614 1534 hujusmodi
2665 1467 3087 1521 committebat.
3120 1468 3265 1522 Nam
3315 1467 3481 1539 illud,
3518 1468 3671 1538 quod
3714 1467 3788 1523 ad

2131 1569 2236 1606 nos
2270 1555 2498 1623 attinet,
2536 1572 2605 1609 ne
2640 1556 3202 1610 commemoratione
3253 1556 3488 1626 quidem
3543 1561 3792 1612 fortasse

2129 1641 2374 1712 dignum
2407 1649 2516 1712 est,
2551 1649 2754 1715 utpote
2787 1645 2887 1715 qui
2923 1645 3109 1716 ipsius
3157 1645 3275 1715 spei
3331 1647 3791 1717 haudquaquam

2129 1732 2646 1802 responderimus;
2690 1749 3028 1804 quanquam
3067 1749 3316 1805 magnus
3348 1734 3460 1805 ipsi
3495 1735 3584 1788 hic
3617 1751 3798 1789 cona—

2127 1824 2224 1874 tus
2259 1819 2387 1887 fuit,
2415 1821 2570 1892 quod
2606 1838 2710 1876 nos
2753 1822 2930 1877 etiam
2967 1827 3100 1877 ante
3132 1828 3321 1878 ortum
3357 1823 3493 1890 Deo,
3531 1823 3794 1878 futurum

363 1911 421 1968 δὲ
463 1915 524 1969 τὸ
578 1915 652 1986 μὴ
706 1914 879 1982 πάντη
933 1909 1248 1988 διαμαρτεῖν
1298 1909 1466 1978 αὐτὴν
1520 1915 1619 1978 τῆς
1651 1907 1844 1982 εὐχῆς,
1881 1903 2021 1978 μηδὲ

2146 1907 2281 1962 nihil
2314 1907 2726 1976 reformidans,
2761 1910 3052 1983 promisit,
3081 1915 3255 1982 atque
3294 1913 3351 1967 in
3389 1912 3576 1968 lucem
3610 1912 3796 1969 editos

363 2003 676 2072 ἀπωσθῆναι
725 2003 788 2056 τὸ
848 2000 1200 2076 καλλιέρημα
1247 2001 1379 2073 (22).
1435 1997 1650 2052 Τούτων
1707 1997 1800 2069 μὲν
1835 1993 1926 2049 οὖν
1960 1995 2025 2049 τὰ

371 2093 463 2166 μὲν
499 2093 674 2167 παρῆν
704 2089 836 2162 ἤδη,
867 2091 932 2144 τὰ
964 2087 1020 2144 δὲ
1051 2087 1274 2163 ἔμελλε,
1323 2092 1442 2148 ταῖς
1469 2087 1604 2141 κατά
1652 2084 1813 2160 μέρος
1865 2103 2027 2158 προσ-

367 2183 560 2252 θήκαις
617 2179 904 2251 αὐξόμενα.
958 2178 1054 2233 Καὶ
1116 2178 1356 2252 καθάπερ
1411 2174 1566 2245 ἣλιος
1627 2171 1844 2244 ἣδιστον
1910 2177 2026 2233 ταῖς

370 2271 618 2330 έωθιναῖς
651 2262 1018 2343 προσϐάλλων
1070 2266 1268 2336 ἀκτῖσι,
1301 2271 1421 2326 ταῖς
1472 2258 1869 2338 μεσημϐριναῖς
1915 2262 2028 2335 θερ-

375 2357 603 2432 μότερος
630 2355 842 2410 ⁰ίστατοιι
876 2356 965 2409 καὶ
998 2353 1352 2433 φαιδρότερος
1379 2376 1391 2388 ο
1426 2353 1568 2407 οὕτω
1613 2352 1702 2407 καὶ
1753 2351 1912 2420 αὕτη,
1965 2349 2025 2402 οὐ

376 2445 544 2520 μικρὰ
590 2445 657 2499 τὰ
697 2451 795 2513 τῆς
840 2439 1108 2505 εὐσεϐείας
1169 2444 1258 2497 ἀπ’
1287 2444 1466 2516 ἀρχῆς
1501 2440 1858 2518 ὑπνιραίνουσα
1892 2440 2025 2511 (23),

371 2539 449 2606 τῷ
496 2533 793 2605 τελευταίῳ
847 2533 985 2610 φωτὶ
1043 2531 1208 2586 πλέον
1270 2531 1558 2604 ἐξέλαμψε.
1622 2529 1761 2586 Τότε
1815 2526 1859 2582 δ’
1935 2526 2025 2582 οὖν

374 2625 593 2698 κέντρον
648 2622 708 2676 οὐ
763 2622 954 2694 μικρὸν
1007 2617 1276 2682 εὐσεϐείας
1326 2617 1535 2684 οἷ’κοθεν
1587 2620 1731 2693 εἶχεν
1783 2617 1948 2685 αὐτὴν
2001 2617 2027 2670 ὁ

371 2712 826 2784 εἷσοικισάμενος,
879 2712 1078 2774 ἄνωθεν
1141 2711 1258 2783 μὲν,
1307 2709 1396 2764 καὶ
1443 2709 1501 2763 ἐκ
1549 2708 1825 2784 προγόνων
1879 2704 2032 2784 φιλό-

381 2796 500 2855 θεόν
553 2821 612 2855 τε
667 2799 757 2854 καὶ
817 2801 1200 2877 φιλοχριστον,
1243 2799 1330 2854 καὶ
1362 2803 1610 2873 πατρῷον
1644 2796 1851 2874 κλῆρον
1914 2793 2029 2850 δια-

383 2887 675 2962 δεξαμένην
726 2889 818 2944 τὸν
869 2896 968 2959 τῆς
1016 2889 1212 2963 ἀρετῆς
1241 2907 1253 2919 °
1307 2886 1434 2943 ἀλλ’
1493 2886 1593 2942 οὐκ
1642 2886 1701 2941 ἐκ
1749 2893 1848 2956 τῆς
1880 2885 2030 2961 ἀγρι-

378 2977 588 3050 ελαίου,
645 2980 821 3040 καθὼς
878 2977 1102 3046 ἐκεῖνος,
1170 2977 1621 3053 ἐγκεντρισθεῖσαν
1685 2976 1760 3038 εἷς
1835 2973 2031 3029 καλλι-

372 3065 575 3136 έλαιον,
607 3067 668 3122 οὐ
703 3067 965 3144 φέρουσαν
1002 3065 1058 3121 δὲ
1090 3067 1152 3121 τὸ
1203 3067 1541 3142 ὲτεροζυγεῖν
1597 3063 1665 3120 δι’
1720 3060 2029 3140 ὑπερϐολὴν

376 3157 647 3219 πίστεως·
713 3155 857 3211 ἀλλὰ
900 3161 1061 3211 τοῦτο
1120 3155 1277 3228 μόνον
1327 3155 1696 3234 φιλοσοφῆσαι
1750 3157 1824 3228 μὴ
1877 3153 2032 3208 δυνα-

385 3248 577 3318 μένην,
626 3245 804 3300 τᾶλλα
861 3248 1332 3322 καρτερικωτάτην
1396 3242 1554 3299 οὖσαν
1619 3249 1884 3320 γυναικῶν
1945 3244 2034 3297 καὶ

2136 1997 2332 2052 statim
2360 2000 2741 2054 consecravit.
2769 1999 2866 2055 Dei
2894 2006 3088 2055 autem
3115 2000 3461 2056 beneficium
3496 2001 3640 2057 illud
3666 2001 3797 2069 fuit,

2137 2088 2291 2157 quod
2327 2093 2454 2142 voto
2489 2105 2595 2143 suo
2637 2105 2752 2143 non
2804 2090 3043 2144 omnino
3091 2091 3386 2161 exciderit,
3425 2107 3528 2146 nec
3561 2090 3798 2146 victima

2137 2191 2224 2240 ea,
2259 2192 2436 2246 quam
2491 2177 2798 2243 obtulerat,
2854 2179 3161 2248 repudiata
3214 2180 3406 2233 fuerit.
3441 2183 3626 2249 Atque
3676 2179 3796 2234 haec

2138 2265 2400 2334 quidem,
2437 2266 2646 2334 partim
2672 2269 2798 2335 jam
2833 2268 3095 2335 aderant,
3132 2268 3341 2338 partim
3381 2269 3796 2334 adventabant,

2139 2353 2330 2406 tacitis
2364 2355 2740 2408 incrementis
2771 2355 3052 2425 paulatim
3091 2358 3486 2427 augescentia.
3513 2358 3580 2410 Et
3601 2373 3802 2428 quem-

2139 2442 2459 2496 admodum
2513 2443 2620 2505 sol,
2657 2444 2967 2499 matutinis
3019 2446 3198 2500 radiis
3231 2446 3291 2499 in
3324 2445 3523 2500 oculos
3576 2445 3800 2500 suavis-

2139 2530 2286 2586 sime
2331 2531 2621 2597 incidens,
2656 2534 2999 2588 meridianis
3032 2534 3304 2589 fervidior
3334 2540 3390 2590 et
3438 2534 3802 2606 splendidior

2141 2623 2282 2686 stat;
2320 2621 2521 2675 eodem
2576 2623 2747 2677 modo
2791 2622 2907 2688 illa,
2945 2640 3075 2678 cum
3128 2623 3282 2678 haud
3339 2641 3514 2695 parva
3563 2623 3799 2696 pietatis

2143 2709 2335 2764 officia
2368 2711 2622 2781 primum
2674 2712 3037 2768 subobscure
3091 2714 3464 2782 ostendisset,
3503 2719 3798 2785 postremo

2141 2798 2365 2854 lumine
2401 2801 2588 2872 magis
2630 2801 3023 2867 exsplenduit.
3058 2803 3208 2857 Tum
3263 2801 3444 2874 igitur
3489 2802 3646 2858 haud
3681 2801 3798 2857 exi-

2143 2905 2326 2960 guum
2355 2889 2590 2960 pietatis
2614 2891 2922 2945 stimulum
2949 2891 3105 2946 domi
3131 2891 3508 2964 habebat,qui
3535 2908 3663 2946 eam
3690 2890 3801 2947 sibi

2145 2978 2518 3032 matrimonio
2553 2980 2849 3048 junxerat,
2885 2979 3101 3050 quippe
3152 2997 3278 3051 qum
3330 2981 3679 3051 antiquitus,
3712 2987 3801 3035 at-

2145 3082 2256 3136 que
2288 3083 2321 3120 a
2353 3067 2677 3137 majoribus
2701 3069 2847 3130 suis,
2872 3068 2970 3123 Dei
3006 3073 3064 3123 et
3094 3069 3307 3124 Christi
3331 3086 3527 3124 amore
3561 3069 3802 3140 praedita

2139 3161 2317 3220 esset,
2353 3173 2417 3210 ac
2457 3157 2688 3211 virtutis
2739 3157 3135 3212 haereditatem
3167 3175 3199 3212 a
3231 3158 3500 3228 patribus
3544 3157 3800 3230 accepis-

2146 3251 2263 3309 set;
2298 3262 2411 3300 non
2446 3251 2662 3312 autem,
2697 3251 2762 3299 ut
2809 3245 2926 3313 ille,
2961 3263 3027 3301 ex
3077 3245 3329 3301 oleastro
3370 3247 3430 3301 in
3463 3245 3674 3302 olivam
3709 3247 3799 3301 in-

383 3303 786 3409 ‘dtvbp'tx’wtir‘qv
821 3303 953 3408 (211).,
1003 3303 1065 3390 τὸ
1097 3335 1145 3406 ἐξ
1196 3303 1448 3408 ἡμίσείας
1501 3303 1740 3404 ἡνῶσθαι
1788 3340 1866 3406 τῷ
1920 3337 2035 3405 Θεῷ

2147 3339 2303 3390 serta
2346 3335 2571 3401 fuisset,
2609 3350 2730 3402 nec,
2765 3341 2998 3407 propter
3042 3335 3440 3390 incredibilem
3474 3335 3792 3407 quamdam

387 3423 476 3479 διὰ
507 3425 604 3492 τὴν
633 3428 729 3478 τοῦ
760 3426 1049 3496 τμήματος
1081 3421 1470 3498 ἀλλοτρίωσιν,
1505 3421 1650 3478 ἀλλὰ
1700 3425 1774 3495 μή
1810 3443 2035 3498 προστε-

379 3514 536 3581 θῆναι
567 3517 635 3583 τῇ
669 3512 955 3585 σωματικῇ
991 3513 1245 3589 συναιρείᾳ
1273 3514 1372 3581 τῆν
1419 3510 1689 3589 συμρυίαν
1739 3517 1834 3565 τοῦ
1879 3511 2036 3565 πνεύ-

383 3620 589 3672 ματος’
648 3599 737 3653 καὶ
797 3597 884 3654 διὰ
934 3605 1101 3654 τοῦτο
1173 3600 1614 3674 προσπίπτουσαν
1665 3601 1760 3672 μὲν
1815 3606 1893 3670 τῷ
1923 3605 2037 3670 Θεῷ

378 3689 569 3751 νυκτὸς
618 3689 705 3742 καὶ
758 3689 990 3762 ἡμέρας,
1042 3689 1131 3743 καὶ
1181 3691 1307 3764 παρ’
1370 3689 1534 3743 αὐτοῦ
1593 3691 1691 3758 τὴν
1761 3688 2032 3764 σωτηρίαν

378 3781 477 3846 τῆς
537 3776 779 3856 κεφαλῆς
857 3777 1183 3850 αἰτουμένην
1245 3778 1295 3831 έν
1354 3775 1593 3840 πολλαῖς
1643 3776 1916 3846 νηστείαις
1947 3777 2036 3832 καὶ

386 3865 632 3942 δάκρυσι,
683 3865 1076 3943 προσκειμένην
1123 3864 1180 3921 δὲ
1228 3871 1305 3938 τῷ
1347 3863 1502 3942 ἀνδρὶ
1555 3862 1889 3944 φιλοπόνως,
1947 3866 2035 3920 καὶ

382 3953 750 4031 πολυτρόπως
805 3955 964 4010 αὐτὸν
1016 3955 1484 4029 ἐμπορευομένην,
1529 3953 1882 4027 ὀνειδισμοῖς,
1912 3976 2035 4009 νου-

387 4045 612 4117 θεσίαις,
653 4044 981 4120 θεραπείαις,
1030 4044 1448 4118 ἀλλοτριώσεσι,
1515 4045 1578 4099 τὸ
1631 4045 1905 4120 μέγιστον,
1959 4049 2038 4116 τῷ

386 4133 575 4207 οἰκείῳ
605 4134 816 4210 τρόπῳ,
849 4135 938 4188 καὶ
969 4139 1048 4207 τῷ
1086 4135 1401 4210 θερμοτέρῳ
1432 4133 1554 4210 περὶ
1585 4135 1684 4202 τήν
1733 4129 2037 4205 εὐλάϐειαν,

385 4225 430 4296 ᾧ
494 4221 729 4296 μάλιστα
793 4225 946 4299 ψυχὴ
995 4225 1299 4297 κάμπτεται
1357 4226 1444 4278 καὶ
1498 4223 1851 4297 μαλάσσεται,
1905 4225 2041 4299 πρὸς

387 4313 582 4387 ἀρετ-ῆν
613 4312 872 4375 ἑκουσίως
911 4314 1228 4388 βιαζομένῃ.
1277 4313 1521 4386 Ἔμελλε
1572 4310 1629 4366 δὲ
1680 4311 1781 4388 ἄρα
1822 4311 2040 4368 κοιλαί-

383 4422 492 4456 νειν
543 4405 655 4476 (25)
701 4404 800 4470 τήν
852 4404 1049 4478 πέτραν
1101 4405 1135 4472 ἡ
1186 4407 1281 4457 τοῦ
1333 4401 1526 4465 ὕδατος
1560 4401 1710 4478 ῥανὶς
1750 4402 1830 4457 ἀεὶ
1862 4402 2039 4473 πλήτ-

381 4511 569 4556 τουσα,
599 4491 689 4544 καὶ
723 4490 908 4564 χρόνῳ
942 4489 1205 4546 διανύσειν
1237 4492 1300 4545 τὸ
1350 4490 1785 4564 σπουδαζόμενον
1814 4511 1824 4522 ⁸
1879 4490 2045 4562 δηλοῖ

390 4576 448 4632 δὲ
473 4579 540 4632 τὰ
568 4576 780 4653 ἐφεξῆς.

2145 3423 2280 3478 fidei
2304 3422 2790 3494 magnitudinem,
2814 3439 2948 3477 cum
2972 3422 3210 3478 diversae
3239 3424 3536 3495 religionis
3559 3424 3797 3478 homine

2135 3513 2349 3582 jugum
2383 3513 2594 3566 ducere
2644 3511 2984 3577 sustineret;
3020 3528 3237 3577 verum,
3263 3513 3531 3582 quamvis
3578 3511 3797 3583 alioqui

2148 3598 2423 3654 mulieres
2455 3616 2657 3653 omnes
2689 3599 2978 3669 patientiae
3012 3616 3076 3653 ac
3110 3601 3466 3655 fortitudinis
3497 3600 3669 3655 laude
3700 3617 3799 3655 su-

2145 3695 2394 3758 peraret,
2429 3689 2536 3740 hoc
2579 3704 2759 3740 unum
2809 3705 2972 3758 :rquo
3007 3689 3202 3742 animo
3238 3691 3381 3744 ferre
3413 3707 3524 3744 non
3579 3695 3799 3762 posset,

2147 3793 2207 3831 se
2241 3776 2484 3829 dimidia
2517 3781 2742 3830 tantum
2777 3792 2842 3830 ex
2878 3782 3061 3848 parte,
3095 3779 3166 3832 ob
3201 3779 3476 3850 segmenti
3512 3778 3604 3834 sui
3636 3795 3798 3834 aver-

2147 3864 2394 3934 sionem,
2433 3867 2542 3919 Deo
2572 3863 2853 3935 copulari,
2881 3871 2935 3920 et
2967 3883 3082 3920 non
3115 3869 3182 3921 ad
3218 3884 3527 3938 corporum
3562 3868 3804 3937 conjun-

2146 3953 2396 4008 ctionem
2438 3953 2683 4024 spiritus
2727 3953 2900 4008 etiam
2937 3955 3212 4011 unionem
3261 3957 3532 4029 adjungi;
3571 3973 3636 4012 ac
3670 3973 3803 4028 pro-

2149 4046 2346 4114 pterea
2371 4042 2496 4096 dies
2519 4046 2837 4114 noctesque
2861 4043 2929 4098 ad
2957 4043 3057 4098 Dei
3093 4046 3264 4116 pedes
3296 4045 3603 4117 accideret,
3627 4050 3806 4116 atque

2151 4149 2252 4203 pro
2284 4131 2489 4202 capitis
2521 4132 2610 4186 sui
2645 4131 2833 4186 salute
2859 4150 2994 4188 cum
3031 4134 3232 4189 multis
3257 4135 3504 4205 jejuniis
3537 4141 3596 4190 et
3627 4135 3812 4206 lac-ry-

2151 4222 2264 4277 mis
2295 4238 2425 4277 eum
2462 4222 2814 4288 obsecraret,
2848 4226 3023 4293 atque
3053 4223 3173 4279 viro
3222 4224 3399 4279 etiam
3447 4223 3650 4280 sedulo
3683 4224 3810 4279 ins-

2149 4317 2319 4375 taret,
2369 4326 2622 4382 eumque
2661 4311 2837 4366 variis
2890 4313 3076 4368 modis
3138 4313 3351 4369 lucrari
3410 4315 3809 4382 contenderet,

2152 4401 2402 4474 probris,
2437 4401 2964 4468 admonitionibus,
3015 4404 3337 4474 obsequiis,
3383 4402 3813 4474 simultatibus,

2153 4491 2402 4561 et,quod
2429 4489 2662 4544 maximi
2689 4491 2972 4546 momenti
2995 4497 3137 4558 erat,
3159 4509 3390 4548 morum
3417 4507 3661 4549 suorum
3690 4511 3817 4564 pro-

2072 4567 2118 4629 D
2152 4579 2329 4633 bita‘te
2359 4595 2426 4633 ac
2459 4579 2705 4632 ferventi
2746 4595 2883 4650 erga
2931 4579 3202 4648 pietatem
3235 4582 3452 4648 studio,
3476 4599 3594 4652 qua
3629 4582 3817 4652 potis-

392 4667 612 4721 simum
643 4683 704 4723 re
736 4667 936 4722 anima
967 4667 1218 4724 ﬂectitur
1247 4672 1303 4722 et
1331 4667 1646 4734 emollitur,
1683 4685 1746 4722 ac
1779 4667 2104 4724 voluntarie
2134 4668 2203 4720 ad
2250 4666 2527 4720 virtutem
2574 4666 2954 4735 pertrahitur.
2991 4668 3103 4723 Nec
3137 4685 3266 4724 vero
3299 4668 3468 4724 aliter
3501 4669 3620 4723 fieri
3649 4674 3818 4739 pote-

391 4762 499 4821 rat,
535 4757 676 4828 quin
712 4756 966 4812 assiduis
997 4757 1233 4811 tandem
1265 4755 1478 4810 ictibus
1510 4761 1677 4827 gutta
1707 4756 1962 4827 lapidem
1996 4761 2313 4820 excavaret,
2348 4770 2413 4808 ac
2446 4769 2754 4824 progressu
2790 4757 3094 4825 temporis,
3127 4758 3280 4826 quod
3314 4758 3606 4823 studebat,
3633 4758 3816 4813 conﬁ-

392 4849 568 4911 ceret,
602 4847 1100 4917 quemadmodum
1133 4861 1201 4901 ex
1232 4846 1344 4915 his,
1379 4862 1506 4917 quae
1536 4845 1814 4917 deinceps
1847 4849 2195 4917 sequuntur,
2230 4843 2455 4914 liquido
2490 4842 2811 4914 apparebit.

462 4987 570 5059 (18)
601 4987 992 5064 βύχαριστίᾳς.
1045 4991 1225 5064 Regg.
1273 4989 1492 5060 plures,
1526 4993 1645 5044 tres
1676 4989 1836 5044 Colb.
1869 4993 1964 5046 Or.
1999 4990 2049 5056 1,

389 5057 1013 5137 ἇϐβῒζεύχαριστηρίου.

463 5132 576 5202 (ἶ9)
608 5132 895 5208 Λδιμιπρδὶιέ,
928 5139 1037 5190 etc.
1073 5133 1281 5189 Billius
1317 5149 1329 5187 :
1357 5156 1384 5181 ‹‹
1431 5132 1749 5204 Splendido
1779 5133 1872 5188 die
1904 5149 2046 5204 pree-

407 5209 590 5260 sente.
617 5227 646 5254 ››

472 5275 584 5347 (20)
613 5278 729 5328 Τῶν
759 5279 984 5330 πιστῶν.
1019 5277 1190 5332 Deest
1219 5275 1278 5331 in
1312 5279 1446 5347 Reg.
1481 5275 1604 5347 b_m.

488 5343 581 5423 ἓξ)
613 5347 1004 5423 Feldman-
1038 5349 1176 5423 Res-
1213 5365 1264 5414 τι,
1300 5343 1478 5423 0371,
1512 5343 1837 5423 ἐγχείρημῖιτ

488 5365 552 5398 ZI
614 5365 1004 5423 Ἐλπιχειρημα.
1039 5365 1117 5403 ηε
1166 5391 1176 5403 .
1213 5365 1264 5414 a,
1300 5365 1393 5430 UP:
1429 5365 1478 5413 1,
1512 5365 1837 5420 εγχειρημα.

484 5365 581 5496 22)
615 5368 994 5496 Καλίιέρημα.
1041 5442 1071 5470 ‹‹
1106 5365 1532 5496 gaerajltata,
1573 5435 1679 5496 a_a
1724 5415 2053 5496 xakltepéao,

397 5506 427 5536 «
459 5485 585 5557 lito,
627 5507 793 5564 sacra
824 5485 1019 5547 'fa'cio.
1043 5514 1074 5564 _»
1106 5492 1251 5564 Hinc
1308 5485 1542 5564 tholyg
1590 5489 1902 5564 Χριστιανοὶ
1927 5485 1934 5492 ’
1959 5485 2052 5564 μιν

398 5576 530 5611 ποτε
581 5559 966 5636 καλ-ληροῦσι,
1020 5562 1143 5617 ὅταν
1201 5559 1422 5636 ἑαυτοὺς
1456 5563 1557 5636 ’τῷ
1614 5559 1729 5636 θεῷ
1781 5559 2054 5636 προσαγά-

397 5649 534 5708 γῳσι
567 5629 831 5704 πνεύματι
876 5629 1342 5708 συντετριμμένῳ,
1384 5630 1472 5686 καὶ
1505 5629 2056 5708 καρδίᾳίτεταπεινω-

405 5697 552 5777 μένῃ.
587 5726 616 5754 ‹‹
650 5697 965 5762 Christiani
995 5697 1236 5777 quidem
1275 5697 1417 5763 tunc
1447 5697 1616 5761 sacra
1645 5697 1888 5776 faciunt,
1921 5723 2056 5761 cum

401 5772 627 5848 seipsos
655 5777 773 5834 Deo
803 5772 1054 5836 offeruiit
1100 5779 1314 5852 spiritu
1345 5777 1618 5848 contrito,
1652 5785 1706 5834 et
1745 5772 2057 5836 humiliato

2163 4987 2355 5043 corde.
2385 5009 2411 5036 ›)

2233 5059 2344 5139 (23)
2375 5057 2789 5135 Ὑποφαινουσα.
2833 5060 3006 5117 Coisl.
3063 5065 3116 5130 1,
3165 5061 3479 5139 ὑφαίνουσα,
3515 5085 3545 5113 (ι
3597 5062 3818 5120 texuis-

2163 5137 2352 5289 aciei)
2407 5197 2867 5274 Ἀνδρικωτάτην,
2914 5204 3094 5278 Regg.
3147 5223 3202 5274 a,
3253 5208 3372 5274 bm,
3423 5205 3598 5262 Coisl.
3634 5208 3688 5278 1,
3719 5207 3816 5265 Or.

2168 5275 2216 5327 1.
2258 5271 2662 5327 ανορειοτάτην.

2205 5317 2216 5341 ,
2258 5287 2662 5346 ανορειοτατην.

2228 5347 2342 5422 (‘25)
2394 5341 2722 5422 Κοιλαίνειν,
2788 5351 2902 5422 είιξζ
2959 5347 3169 5422 Notum
3231 5363 3319 5422 est
3375 5353 3530 5422 apud
3590 5353 3821 5422 Graecos

2166 5416 2324 5496 istiu‘d
2376 5416 2749 5496 proverbium
2795 5433 2808 5471 :
2858 5417 3376 5496 Konlatvetntétpav
3413 5416 3579 5496 ’ῥανὶς
3627 5421 3820 5483 ὕδατος

2165 5485 2502 5561 ἐνδελεχείηι
2539 5510 2566 5536 ‹‹
2611 5490 2781 5561 Aqua:
2831 5497 2996 5560 gutta
3045 5485 3292 5549 assidue
3343 5485 3602 5550 cadendo
3659 5500 3823 5550 cavat

2165 5560 2444 5632 lapidem.
2471 5582 2498 5632 ξ)
2529 5562 2642 5614 Aut
2686 5560 2839 5614 istud
2877 5563 3066 5632 etiam
3100 5565 3236 5621 huic
3268 5565 3460 5621 simile
3498 5584 3509 5621 :
3547 5564 3824 5623 Πολλαῖσς

2165 5652 2206 5686 τε
2230 5627 2431 5712 ἠγαῖς.
2470 5627 2595 5712 δρῦς
2655 5649 2843 5712 στερεα
2873 5629 3231 5706 δαμάζεταιοα
3266 5637 3538 5693 ΡΓῖΒάῑΠἪ.
3569 5652 3822 5707 quercus

2168 5702 2386 5761 crebris
2419 5702 2635 5758 ictibus
2665 5702 2837 5759 cedit.
2872 5728 2892 5755 ι
