4090 6408
336 397 456 462 999

1584 400 1649 460 S.
1699 391 2074 459 GREGORII
2119 392 2517 457 THEOLOGI

3611 397 3775 463 1000

401 532 521 589 XII.
552 532 685 588 Haec
713 532 897 606 igitur
936 532 1068 604 ipsa
1111 533 1357 603 petebat,
1380 535 1437 587 et
1466 531 1526 586 in
1559 548 1662 601 spe
1709 529 1985 596 habebat,

2173 526 2275 582 IB.
2309 526 2371 581 Ἡ
2413 526 2508 599 μὲν
2560 526 2648 580 καὶ
2699 522 2817 599 ᾔτει
2863 529 3031 581 ταῦτα
3073 525 3163 580 καὶ
3213 522 3495 596 ἤλπιζειν,
3552 529 3647 583 ἅτε
3702 532 3772 604 τῇ

336 626 400 676 ut
431 638 557 693 quae
589 622 705 676 ﬁde
752 621 1146 693 magis,quam
1192 621 1513 690 iuventute,
1539 620 1692 675 338
1728 619 1990 674 ferveret.

334 710 536 781 Neque
566 712 721 765 enim
754 710 1071 782 quisquam
1101 710 1488 780 prmsentibus
1523 710 1699 764 rebus
1731 708 1996 780 perinde,

335 804 400 854 ut
430 799 531 854 illa
561 800 737 855 rebus
765 800 820 854 in
847 815 950 871 spe
973 798 1200 870 positis,
1228 799 1587 865 conﬁdebat;
1624 814 1728 853 nec
1754 796 1994 866 mirum,

334 904 469 942 cum
493 886 701 942 divinae
732 886 1098 942 liberalitatis
1122 903 1187 942 ac
1214 887 1631 942 muniﬁcentiae
1665 885 1995 958 periculum

325 977 453 1048 jam
486 977 741 1032 fecisset.
777 976 924 1031 Huic
973 980 1169 1032 autem
1220 976 1293 1031 ad
1347 976 1600 1032 salutem
1653 978 1994 1048 adjumento

333 1070 478 1135 erat,
511 1072 637 1121 tum
680 1065 827 1121 ratio
858 1065 1011 1139 ipsa,
1043 1065 1407 1122 curationem
1459 1065 1743 1139 paulatim
1776 1064 1997 1120 admit-

331 1160 484 1224 tens,
519 1161 641 1210 tum
676 1154 1104 1211 insomniorum
1141 1155 1318 1211 etiam
1349 1155 1519 1222 visio,
1551 1173 1654 1228 per
1682 1172 1808 1227 quae
1840 1154 1995 1209 Deus

333 1245 593 1311 animum
618 1244 810 1300 salute
833 1244 1072 1317 dignam
1092 1261 1495 1317 saepenumero
1512 1246 1697 1316 juvat.
1716 1245 1995 1308 Quasnam

331 1339 528 1390 autem
552 1333 673 1389 haec
695 1333 839 1389 visio
863 1332 1026 1389 erat?
1051 1333 1153 1389 Hic
1185 1332 1327 1389 mihi
1353 1333 1793 1404 jucundissima
1812 1332 1994 1389 totius

330 1422 688 1480 narrationis
712 1438 849 1495 pars
870 1420 985 1477 sita
1005 1427 1115 1478 est.
1139 1421 1390 1477 Putabat
1415 1425 1669 1494 se,quod
1692 1428 1826 1478 ante
1848 1438 1997 1477 nun-

328 1528 502 1583 quam
555 1512 789 1579 fecerat,
816 1511 1087 1582 quamvis
1120 1528 1265 1566 uxor
1294 1512 1574 1583 frequens
1623 1512 1681 1566 in
1733 1512 1994 1567 oratione

329 1604 503 1671 esset,
527 1617 596 1656 ex
632 1598 868 1656 Davidis
901 1598 1157 1655 Psalmis
1188 1616 1313 1655 eam
1348 1605 1572 1671 partem
1604 1617 1811 1657 canere
1837 1618 1849 1657 :
1876 1602 1994 1656 Laz-

330 1697 478 1744 tatu:
508 1705 631 1743 sum
659 1689 721 1743 in
751 1688 835 1743 his
865 1702 992 1760 qua
1022 1687 1175 1743 dicta
1203 1696 1332 1743 sunt
1359 1689 1522 1757 mihi,
1548 1690 1610 1744 in
1636 1689 1859 1747 domum
1890 1690 1996 1747 Do-

328 1779 475 1833 mini
504 1778 711 1832 ibimus
730 1777 794 1829 “.
836 1778 1034 1833 Novus
1064 1782 1122 1833 et
1158 1778 1427 1834 insuetus
1460 1779 1554 1834 hic
1586 1785 1796 1836 cantus
1847 1783 1994 1848 erat,

334 1884 401 1922 ac
433 1866 794 1923 desiderium
826 1866 1004 1922 simul
1033 1883 1167 1921 cum
1198 1871 1374 1922 cantu
1442 1867 1793 1940 ingreditur.
1828 1870 1989 1936 Quod
2021 1896 2074 1966 B

329 1956 431 2011 ubi
463 1956 674 2011 mulier
710 1955 952 2024 audivit,
984 1956 1101 2011 voti
1144 1958 1269 2027 jam
1325 1974 1565 2029 compos
1620 1960 1791 2028 facta,
1825 1976 1990 2016 occa-

330 2045 559 2102 sionem
607 2046 832 2118 arripit,
867 2047 1152 2101 visionem
1187 2046 1338 2101 hanc
1388 2048 1446 2102 in
1489 2048 1994 2118 jucundissimam

327 2141 553 2206 partem
587 2152 723 2191 vera
773 2136 1113 2206 conjectura
1161 2135 1573 2207 interpretans,
1608 2138 1994 2208 beneﬁciique

331 2225 799 2297 magnitudinem
833 2225 1015 2279 animi
1046 2224 1249 2279 laetitia
1282 2224 1610 2293 declarans,
1646 2244 1712 2281 ac
1742 2228 1994 2282 salutem

328 2313 645 2386 adurgens,
680 2329 752 2368 ne
781 2314 946 2384 quid,
979 2315 1132 2385 quod
1164 2315 1451 2369 vocationi
1493 2315 1773 2382 obstaret,
1808 2316 1995 2371 inter-

328 2402 580 2469 cederet,
617 2402 1059 2474 negotiumque,
1092 2403 1152 2457 in
1203 2403 1359 2473 quod
1409 2419 1643 2458 summo
1677 2404 1871 2459 studio
1900 2403 1993 2460 in-

327 2492 665 2559 cumbebat,
707 2492 1105 2563 abrumperet.
1137 2491 1208 2547 Et
1239 2496 1415 2560 certe,
1446 2507 1580 2547 cum
1626 2509 1718 2548 res
1751 2493 1832 2548 ita
1863 2497 1991 2548 tum

326 2583 467 2635 nata
498 2579 729 2649 fuisset,
766 2584 831 2635 ut
879 2579 1212 2652 complures
1245 2581 1505 2653 episcopi
1554 2581 1803 2638 Nicaaam
1851 2599 1989 2639 con-

324 2668 653 2734 tenderent,
688 2685 803 2741 quo
837 2669 957 2723 Arii
1001 2669 1184 2724 furori
1215 2669 1593 2737 obsisterent,
1619 2688 1755 2725 cum
1788 2688 1993 2727 recens

325 2760 454 2812 orta
484 2761 639 2813 esset
672 2758 792 2813 haec
824 2758 1063 2815 haeresis
1094 2776 1222 2830 quae
1253 2760 1621 2816 divinitatem
1662 2761 1990 2832 scindebat,

325 2851 440 2901 Deo
474 2863 601 2903 sese
633 2865 699 2903 ac
733 2848 993 2903 veritatis
1041 2849 1407 2921 praeconibus
1439 2850 1638 2921 tradit,
1673 2854 1729 2905 et
1758 2851 1987 2907 deside-

325 2936 479 2991 rium
513 2937 844 3003 couﬁtetur,
875 2938 1327 3008 communisque
1359 2938 1569 2993 salutis
1601 2938 1887 2993 auxilium
1918 2939 1991 2995 ab

324 3025 399 3080 iis
432 3026 645 3093 poscit;
681 3026 833 3081 inter
863 3043 1012 3096 quos
1044 3026 1291 3096 insignis
1322 3043 1558 3098 quoque
1589 3027 1685 3082 ille
1717 3029 1991 3084 Leontius

326 3118 471 3179 erat,
506 3117 607 3184 qui
665 3118 792 3168 tum
842 3115 1215 3187 metropolim
1277 3122 1536 3170 nostram
1598 3118 1988 3186 gubernabat.

327 3202 681 3257 Miraculum
713 3208 930 3270 autem,
965 3204 1120 3273 quod
1171 3204 1264 3257 hic
1311 3220 1544 3275 quoque
1577 3205 1772 3259 divina
1801 3206 1991 3277 gratia

2106 614 2284 669 πίστει
2321 613 2689 688 μᾶλλονῆτῇ
2738 616 2954 685 νεότητι
3008 617 3217 685 ζὲουσα.
3276 617 3373 669 Καὶ
3431 617 3532 692 γὰρ
3587 616 3768 681 οὐδεὶς

2108 702 2279 766 οὕτως
2313 703 2523 780 ἐθάρρει
2556 706 2813 778 τοῖς
2862 709 3151 777 παροῦσιν,
3199 705 3275 767 ὡς
3325 705 3459 776 αὕτη
3512 712 3631 769 τοῖς
3680 707 3771 765 ἐλ-

2105 794 2363 865 πισθεῖσι,
2396 794 2556 869 πείρᾳ
2590 796 2832 867 μαθοῦσα
2862 798 2959 848 τοῦ
3008 798 3141 849 Θεοῦ
3181 794 3245 849 τὸ
3296 792 3630 873 φιλόδωρον.
3684 802 3769 870 Τῷ

2109 879 2164 936 δὲ
2196 881 2457 958 συνείργει
2494 883 2587 955 μὲν
2621 883 2757 956 πρὸς
2792 881 3063 956 σωτηρίαν
3098 881 3189 938 καὶ
3223 884 3250 938 6
3285 883 3578 958 λογισμὸς,
3632 888 3767 941 κατὰ

2112 971 2303 1044 μικρὸν
2333 972 2429 1041 τήν
2459 972 2739 1046 θεραπείαν
2772 969 3243 1047 παραδεχόμενος·
3280 972 3542 1047 συνείργει
3568 971 3625 1029 δὲ
3654 977 3765 1049 (27)

2105 1059 2195 1114 xui
2264 1060 2555 1133 ὀνειράτων
2617 1056 2760 1134 ὄψις,
2825 1059 2904 1123 οἷς
2987 1061 3251 1137 εὐεργετεῖ
3302 1059 3576 1124 πολλάκις
3635 1063 3759 1127 Θεὸς

2105 1150 2290 1224 ψυχὴν
2341 1149 2487 1220 ἀξίαν
2530 1154 2627 1204 τοῦ
2674 1150 2939 1218 σώζεσθαι
2988 1152 3124 1223 (28).
3178 1148 3356 1205 Ἀλλὰ
3401 1149 3484 1205 τίς
3534 1147 3751 1225 ﬁdit/ig;

2107 1240 2363 1293 Ἐνταῦθα
2396 1260 2487 1312 μοι
2518 1239 2608 1294 καὶ
2640 1240 2700 1293 τὸ
2748 1243 2846 1294 τοῦ
2896 1236 3241 1314 διηγήματος
3291 1237 3514 1308 ἣδιστον
3541 1260 3551 1272 ·
3594 1239 3749 1298 ’Ἐδο-

2106 1325 2207 1398 ξεν,
2255 1325 2285 1381 ὅ
2330 1328 2499 1399 μήπω
2547 1326 2837 1403 πρότερον,
2884 1327 3062 1382 καίτοι
3117 1325 3390 1389 πολλάκις
3433 1335 3535 1397 τῆς
3580 1351 3756 1404 γυναι-

2102 1416 2196 1477 κὸς
2248 1415 2596 1487 ἱκετευούσης
2653 1417 2743 1471 καὶ
2792 1414 3078 1491 δεομένης,
3130 1415 3362 1490 ψάλλειν
3415 1416 3473 1472 ἐκ
3510 1423 3617 1473 τῶν
3666 1423 3759 1475 τοῦ

2105 1503 2251 1569 θείου
2302 1501 2467 1560 Δαϐὶδ
2527 1504 2701 1560 ἐκεῖνο
2747 1506 2810 1560 τὸ
2864 1507 3068 1582 μέρος·
3133 1505 3447 1584 Εὐφράνθην
3512 1507 3598 1562 ἐπὶ
3650 1514 3765 1570 τοῖς

2106 1594 2349 1671 εἷρηκόσι
2406 1615 2532 1667 μοι·
2588 1595 2663 1657 εἷς
2713 1596 2865 1650 οἷκον
2916 1596 3118 1668 Κυρίου
3186 1594 3559 1671 πορευσόμεθα
3628 1600 3763 1671 (29).

2104 1685 2203 1739 Καὶ
2253 1686 2288 1754 ἡ
2337 1681 2636 1758 ψαλμῳδία
2688 1684 2831 1757 ξὲνη,
2880 1684 2971 1739 καὶ
3022 1685 3051 1738 6
3100 1684 3267 1747 πόθος
3307 1688 3373 1758 τῇ
3559 1707 3764 1741 συνεισ-

2105 1775 2345 1849 έρχεται.
2398 1774 2498 1829 Καὶ
2544 1774 2619 1836 ὡς
2664 1771 2893 1843 ἤκουσεν
2944 1776 2978 1843 ἡ
3028 1780 3128 1843 τῆς
3178 1773 3349 1849 εὐχῆς
3399 1772 3760 1851 ἐπιτυχοῦσα,

2103 1864 2193 1917 τὸν
2226 1865 2412 1938 καιρὸν
2466 1864 2713 1932 ἁρπάζει,
2771 1861 3176 1939 ὑποκριναμένη
3233 1885 3293 1918 τε
3334 1864 3432 1933 τὴν
3471 1858 3593 1937 ὄψιν
3623 1864 3760 1938 πρὸς

2101 1954 2164 2008 τὸ
2213 1950 2435 2022 ἣδιστον
2490 1952 2624 2025 μετὰ
2670 1960 2769 2021 τῆς
2832 1951 3091 2023 ἀληθείας
3164 1956 3296 2027 (30),
3344 1953 3431 2008 καὶ
3488 1958 3556 2027 τῇ
3616 1958 3764 2030 χαρᾷ

2105 2040 2350 2112 δηλοῦσα
2378 2048 2479 2111 τῆς
2512 2042 2813 2116 εὐεργεσίας
2842 2044 2903 2096 τὸ
2966 2043 3214 2116 μέγεθος,
3273 2042 3360 2096 καὶ
3419 2044 3517 2112 τὴν
3581 2065 3761 2114 σωτη-

2106 2131 2221 2207 ρίαν
2272 2130 2692 2206 ἐπιταχύνουσα,
2752 2133 2825 2203 μή
2877 2152 2930 2185 τι
2979 2132 3324 2206 παρεμπεσὸν
3360 2130 3628 2207 ἐμποδίσῃ
3690 2136 3759 2206 τῇ

2104 2220 2297 2291 κλήσει
2331 2223 2465 2293 (31),
2498 2220 2585 2274 καὶ
2622 2219 2759 2291 λύσῃ
2788 2221 2850 2274 τὸ
2881 2218 3338 2292 σπουδαζόμενον.
3388 2222 3486 2276 Καὶ
3537 2220 3602 2290 δὴ
3652 2224 3760 2296 (32)

2104 2305 2314 2383 συμϐὰν
2348 2314 2647 2380 τηνικαῦτα
2677 2309 2902 2372 πλείους
2934 2310 3211 2385 ἀρχιερεῖς
3253 2310 3339 2364 ἐπὶ
3387 2311 3484 2378 τὴν
3538 2311 3760 2365 Νικαίαν

2103 2397 2348 2454 σπεύδειν
2408 2402 2543 2472 (33),
2596 2396 2684 2453 'ivu
2731 2400 2868 2454 κατὰ
2911 2406 3012 2469 τῆς
3065 2398 3278 2475 Ἀρείου
3328 2403 3493 2453 στῶσι
3547 2398 3761 2472 μανίας,

2102 2485 2223 2563 ἄρτι
2253 2491 2348 2541 τοῦ
2378 2490 2547 2542 κακοῦ
2606 2486 2905 2564 φυομένου,
2959 2488 3049 2541 καὶ
3096 2488 3196 2556 τὴν
3259 2485 3489 2555 θεότητα
3526 2487 3755 2559 τέμνον-

2098 2597 2215 2646 τος,
2250 2573 2440 2631 δίδωσι
2480 2576 2574 2649 μὲν
2631 2576 2816 2631 ἑαυτὸν
2861 2576 2940 2649 τῷ
2991 2574 3111 2649 Οεῷ
3160 2575 3247 2630 καὶ
3286 2581 3403 2638 τοῖς
3434 2575 3626 2651 κήρυξι
3658 2583 3761 2646 τῆς

2100 2665 2382 2738 ἀληθείας,
2428 2665 2517 2720 καὶ
2572 2666 2663 2720 τὸν
2723 2666 2892 2730 πόθον
2953 2665 3243 2741 ὁμολογεῖ,
3302 2666 3392 2721 καὶ
3428 2672 3578 2735 ζητεῖ
3630 2673 3758 2743 παρ’

2100 2756 2276 2812 αὐτῶν
2330 2757 2430 2826 τὴν
2488 2756 2677 2825 κοινὴν
2730 2756 3025 2833 σωτηρίαν,
3086 2754 3158 2811 ὧν
3213 2756 3287 2818 εἷς
3329 2756 3578 2818 Λεόντιος
3628 2759 3690 2825 ἦν
3724 2756 3753 2810 6

2100 2848 2239 2901 πάνυ
2296 2848 2434 2919 (34),
2478 2846 2506 2899 6
2563 2845 2688 2901 τότε
2734 2849 2831 2915 τῆς
2875 2847 2993 2910 καθ’
3042 2849 3191 2919 ἡμᾶς
3246 2846 3643 2922 μητροπόλεως
3677 2845 3753 2917 ἐξ-

2100 2935 2426 3013 ηγούμενος.
2459 2937 2526 2992 "0
2578 2932 2635 2989 δὲ
2676 2935 2946 2999 κάνταῦθα
2992 2935 3136 3011 παρὰ
3181 2942 3281 3005 τῆς
3329 2935 3559 3011 χάριτος
3590 2935 3755 3005 ἀπην-

2098 3047 2231 3096 τησε
2261 3027 2461 3098 θαῦμα,
2494 3022 2701 3101 σφόδρα
2729 3025 2786 3079 ἃν
2822 3022 3071 3095 ἀδικοίην
3103 3027 3201 3094 τήν
3231 3027 3415 3101 χάριν,
3476 3024 3521 3079 εἰ
3569 3028 3752 3099 σιωπῇ

2100 3112 2438 3191 παρέλθοιμι
2464 3134 2476 3145 ·
2535 3115 2801 3189 μάρτυρες
2858 3112 2915 3169 δὲ
2964 3114 3063 3169 οὐκ
3095 3112 3277 3190 ὀλίγοι
3308 3119 3405 3169 τοῦ
3437 3116 3709 3187 θαύματος
3736 3133 3750 3146 ·

2102 3202 2415 3259 Πλανῶνταί
2469 3224 2591 3258 τινα
2646 3202 2855 3269 πλάνην
2913 3205 3279 3278 πνευματικὴν
3338 3204 3394 3257 οἱ
3450 3210 3551 3273 τῆς
3599 3203 3760 3276 ἀκρι-

333 3290 556 3346 editum
617 3291 806 3358 est,_si
860 3292 1169 3358 reticuero,
1221 3308 1495 3364 magnam
1559 3293 1813 3364 profecto
1875 3294 1988 3366 ipsi

2103 3287 2252 3354 6είας
2312 3289 2627 3347 διδάσκαλοι
2661 3294 2798 3365 (35),
2829 3293 2918 3346 καὶ
2951 3269 3313 3368 πρότοποῖἰτὸ
3347 3269 3552 3365 μέλλον
3584 3295 3618 3361 ἠ
3652 3269 3758 3367 χά-

332 3379 533 3453 gratiae
567 3379 845 3451 injuriam
895 3380 1101 3436 fecero.
1136 3380 1324 3453 Hujus
1384 3398 1557 3453 porro
1613 3386 1794 3439 testes
1852 3387 1993 3440 sunt

333 3486 449 3525 non
483 3469 671 3540 pauci.
696 3467 1013 3541 Spirituale
1045 3470 1341 3542 quoddam
1375 3477 1634 3526 erratum
1668 3473 1990 3530 accuratio-

332 3559 414 3615 ris
445 3557 769 3631 disciplina:
808 3560 1073 3631 magistri
1106 3560 1446 3629 admittunt,
1478 3561 1678 3633 idque,
1711 3564 1867 3634 quod
1900 3563 1990 3620 fu-

332 3652 531 3703 turum
562 3652 707 3716 erat,
738 3649 930 3719 gratia
976 3650 1313 3721 praesignat,
1346 3666 1413 3704 ac
1444 3651 1755 3706 sacerdotii
1802 3654 1990 3710 forma

333 3753 472 3793 cum
505 3737 797 3793 catechesi
855 3738 1158 3793 miscetur.
1194 3738 1237 3794 Ο
1287 3738 1679 3795 initiationem
1742 3742 1987 3799 minime

329 3827 758 3898 spontaneum?
788 3827 1017 3882 Etenim
1064 3827 1122 3882 in
1154 3844 1309 3899 genu
1340 3828 1683 3900 inclinatus,
1717 3830 1796 3885 ita
1827 3840 1987 3889 cate-

325 3916 521 3972 chesis
545 3916 917 3972 sermonibus
950 3916 1255 3984 imbuitur,
1281 3917 1424 3972 adeo
1448 3923 1512 3972 ut
1534 3919 1726 3989 multi,
1751 3922 1849 3990 qui
1883 3923 1985 3978 ad-

2102 3403 2207 3457 ρις,
2256 3382 2346 3437 καὶ
2404 3381 2573 3442 τύπος
2637 3381 2939 3457 ἱερωσύνης
2995 3386 3063 3456 τῇ
3123 3385 3431 3457 κατηχήσει
3486 3381 3756 3458 μίγνυται.

2100 3474 2165 3527 Ὤ
2192 3479 2295 3541 τῆς
2354 3470 2611 3527 ἀκουσίου
2673 3472 2963 3542 μυήσεωςί
3028 3472 3150 3526 Ἐπὶ
3201 3472 3302 3546 γὰρ
3363 3471 3494 3546 γόνυ
3524 3469 3755 3543 κλιθεὶς,

2099 3562 2243 3617 οὕτω
2298 3567 2411 3622 τοῖς
2489 3559 2680 3636 λόγοις
2762 3564 2859 3629 τῆς
2928 3563 3289 3637 κατηχήσεως
3358 3559 3753 3635 καταρτίζεται,

2099 3651 2237 3708 ὥστε
2266 3649 2514 3712 πολλοὺς
2544 3655 2652 3705 τῶν
2684 3650 2966 3727 παρόντων
3000 3653 3377 3729 προφητεῦσαι
3425 3650 3487 3704 τὸ
3522 3647 3752 3722 μὲλλον,

2097 3742 2159 3797 οὐ
2189 3746 2295 3796 τῶν
2352 3739 2708 3814 ὑψηλοτέρων
2771 3739 2961 3814 μόνον,
3012 3738 3157 3795 ἀλλὰ
3185 3740 3274 3794 καὶ
3302 3744 3408 3793 τῶν
3441 3737 3753 3793 ταπεινοτέ-

2096 3852 2204 3906 ρων
2258 3830 2335 3892 εἷς
2384 3829 2610 3901 σύνεσιν,
2662 3829 2760 3884 οὐκ
2808 3826 3075 3905 ἀμυδροῖς
3107 3828 3360 3902 σημείοις
3391 3827 3751 3890 πιπωθέντας

2095 3922 2231 3996 πρὸς
2260 3920 2323 3974 τὸ
2355 3917 2635 3991 ἐσόμενον.

323 4011 510 4073 erant,
544 4023 661 4061 non
692 4011 921 4061 tantum
956 4006 1175 4078 ingenii
1206 4006 1443 4062 solertia
1474 4007 1724 4080 praediti,
1757 4011 1857 4065 sed
1899 4012 2076 4071 etiam
2109 4013 2221 4086 ipsi
2257 4012 2455 4079 rudes,
2485 4010 2647 4066 haud
2692 4011 2960 4066 obscuris
2993 4010 3179 4082 signis
3212 4010 3563 4078 conﬁrmati,
3597 4009 3753 4080 quod

323 4095 590 4151 futurum
626 4098 770 4162 erat,
806 4095 1206 4167 praedicerent.

393 4183 537 4238 XIII.
572 4183 695 4238 Non
748 4182 999 4238 multum
1047 4182 1331 4255 temporis
1383 4183 1803 4258 interﬂuxerat,
1847 4205 1981 4245 cum

2164 4190 2262 4244 ΙΓ’.
2298 4187 2504 4260 Μικρὸν
2565 4187 2626 4240 τὸ
2685 4185 2736 4242 ἐν
2801 4185 2973 4259 μέσῳ,
3035 4187 3123 4240 καὶ
3181 4192 3257 4258 τῷ
3304 4186 3540 4260 θαύματι
3574 4190 3755 4258 θαῦμα

321 4271 457 4326 huic
489 4270 771 4327 miraculo
814 4271 1165 4327 miraculum
1196 4273 1349 4328 339
1385 4272 1542 4328 aliud
1585 4275 1934 4348 adjungitur
1963 4294 1978 4334 :

321 4359 482 4416 hunc
514 4363 708 4415 autem
741 4377 1073 4417 sermonem
1106 4361 1217 4433 piis
1246 4362 1492 4418 auribus
1525 4366 1978 4438 commendabo;

323 4466 459 4507 nam
491 4450 647 4522 apud
678 4452 953 4522 profanas
980 4452 1211 4509 animas
1243 4451 1390 4508 nihil
1420 4454 1648 4525 pulchri
1680 4455 1857 4512 ﬁdem
1889 4457 1983 4513 in-

394 4558 440 4597 “
466 4556 625 4615 Psal.
657 4575 807 4630 cxxx,
843 4561 892 4615 1.

388 4676 504 4821 (26)
537 4674 804 4752 Ἐθάῤῥει.
840 4679 977 4752 Reg.
1014 4698 1067 4747 a,
1100 4681 1197 4737 ΟΡ.
1232 4682 1282 4750 1,
1319 4676 1527 4753 θαρἑεῖ.

412 4750 504 4821 27)
528 4748 816 4821 ,Συνείργει
869 4750 1036 4821 μένω
1081 4750 1348 4821 συνείργει
1394 4750 1470 4809 δέ.
1506 4755 1527 4808 (

412 4750 504 4821 27)
525 4748 816 4828 ,Συνείργει
869 4748 1036 4824 μένω
1081 4748 1348 4828 συνείργει
1389 4748 1470 4809 δέ.
1506 4753 1675 4810 Coisl.
1712 4755 1765 4823 1,
1794 4759 1852 4811 et
1880 4754 1976 4811 Or.

325 4822 374 4877 Ι..
399 4819 831 4896 ’συνήργειίόια
870 4819 879 4824 ’
1232 4819 1241 4828 ’
1278 4819 1289 4828 ⁷
1752 4819 1760 4823 ’

391 4894 505 4966 (28)
536 4892 714 4962 Ἀξίαν
774 4897 870 4947 τοῦ
928 4895 1213 4963 σώζεσθαι.
1249 4918 1277 4947 ‹‹
1314 4894 1511 4968 salute
1559 4896 1819 4968 dignam.
1854 4919 1881 4947 ››
1918 4899 1974 4953 Id

321 4978 454 5039 cum
487 4968 871 5039 congruentia
908 4969 1165 5039 quadam
1210 4967 1659 5039 intelligendum
1693 4973 1809 5036 est;
1844 4968 1975 5025 nul-

321 5034 443 5110 lum
462 5034 632 5110 enim
667 5043 801 5110 ante
836 5034 1010 5094 ﬁdem
1045 5045 1234 5110 potest
1263 5056 1393 5094 esse
1408 5034 1723 5095 “meritum.

536 5109 937 5184 Πορευσόμεθα.
964 5107 1111 5184 Reg.
1146 5129 1198 5179 a,
1230 5110 1643 5181 πορευσώμεθα.

390 5178 483 5247 (30
533 5178 675 5233 Μετὰ
705 5178 805 5250 τῆς
839 5178 1117 5251 ἀληθείας
1152 5206 1180 5233 ι(
1212 5178 1355 5237 Cum
1386 5178 1650 5237 veritate.
1677 5203 1704 5229 ››

393 5184 503 5321 (31)
532 5251 751 5319 Km’pu.
813 5254 909 5309 Sic
965 5255 1139 5311 Coisl.
1176 5256 1201 5309 1
1236 5260 1293 5310 et
1337 5255 1392 5321 2,
1425 5255 1571 5320 Jes.,
1604 5258 1704 5309 etc.

355 5250 499 5372 λίῖῗὲ)
532 5251 751 5319 Κλςήσει.
813 5254 909 5309 Sic
935 5250 941 5251 ⁷
965 5255 1139 5311 Coisl.
1176 5256 1201 5309 1
1236 5260 1293 5310 et
1337 5255 1392 5322 2,
1425 5255 1571 5320 Jes.,
1604 5258 1711 5309 etc.
1767 5253 1827 5308 In
1879 5254 1971 5310 ed.

668 5394 763 5450 Sic
794 5396 934 5469 Reg.
963 5397 1082 5465 bm,
1105 5396 1282 5468 Cois],
1315 5398 1341 5451 1
1374 5400 1433 5451 et
1460 5395 1514 5467 2,
1550 5395 1645 5451 Or.
1681 5397 1730 5467 1,
1763 5400 1875 5452 etc.
1911 5398 1973 5452 In

389 5483 815 5611 ᾦῖδῗέπξύδξιν.
850 5538 939 5611 Sic
970 5539 1166 5611 plures
1198 5540 1403 5611 Regg.,
1436 5542 1492 5593 et
1521 5538 1704 5603 Colb.,
1739 5538 1915 5596 Coisl.
1943 5543 1968 5597 1

318 5605 375 5657 et
400 5606 455 5677 2,
484 5606 582 5677 Or.
618 5609 665 5677 1,
698 5608 817 5677 Jes.
855 5608 913 5663 In
947 5605 1061 5677 ed,
1094 5605 1354 5677 mus-.59“,
1390 5612 1735 5677 [mendose.]

389 5673 499 5754 (34)
532 5673 691 5754 Ἢνξὸ
717 5675 888 5754 πάνυ,
918 5687 1027 5738 etc,
1050 5673 1056 5677 ⁷
1079 5681 1251 5738 Coisl.
1286 5673 1349 5738 '1,
1372 5673 1437 5749 ἦν
1493 5682 1521 5735 ὁ
1569 5680 1691 5735 τότε
1717 5673 1970 5753 Ἡόντου,

316 5736 447 5810 ὁτῆς
476 5736 592 5802 καθ’
620 5749 653 5820 ἡ
662 5751 800 5825 μᾶς.

2092 4278 2414 4332 συνάπτεται
2443 4294 2459 4309 θ
2517 4277 2905 4348 παραθήσομαι
2963 4273 3020 4331 δὲ
3073 4276 3274 4331 πίστῶν
3318 4277 3507 4337 ἀκοαῖς
3538 4276 3627 4331 τὸν
3659 4274 3753 4330 λό-

2089 4387 2182 4442 γον
2211 4385 2223 4397 ’
2255 4368 2459 4440 ψυχαῖς
2487 4364 2592 4440 γὰρ
2630 4358 2892 4441 βεϐήλοις
2926 4363 3080 4420 οὐδὶν
3138 4370 3246 4420 τῶν
3304 4365 3484 4421 καλῶν
3550 4364 3755 4435 ἀξιόπι-

2091 4476 2238 4512 στον.
2296 4453 2548 4531 Πρόσεισι
2610 4453 2704 4527 μὶν
2753 4458 2822 4528 τῇ
2884 4451 2953 4510 δι’
3006 4452 3199 4517 ὕδατος
3253 4457 3364 4529 (36)
3397 4455 3751 4530 ἀναγεννήσει

2322 4680 2541 4755 Οἱ-τῆς
2599 4674 2877 4755 ἀκριϐείας
2936 4676 3278 4755 διδάσκαλοι.
3329 4702 3365 4755 ι(
3415 4677 3752 4755 Accuratio-

2091 4751 2177 4809 ris
2222 4752 2541 4825 disciplinae
2591 4751 2877 4825 magistri.
2905 4774 2934 4803 »
2976 4753 3204 4825 Billius,
3231 4776 3259 4800 «
3294 4753 3532 4825 sincerae
3582 4751 3754 4825 disci-

2131 4770 2173 4809 IS
2222 4770 2362 4808 uisci
2411 4770 2541 4808 unae
2591 4770 2877 4825 magism.
2905 4774 2934 4803 »
2976 4770 3204 4825 minus,
3231 4776 3259 4800 «
3294 4770 3532 4808 sincerae
3582 4770 3750 4806 GISCI-

2131 4825 2285 4882 linus.
2312 4846 2343 4878 ι
2370 4770 2552 4880 iiuxta
2607 4824 2758 4880 hanc
2810 4825 3208 4897 disciplinam,
3244 4830 3308 4881 ut
3357 4824 3534 4879 habet
3580 4822 3750 4897 scho-

2113 4897 2259 4966 ium,
2284 4920 2311 4946 ‹‹
2347 4913 2460 4952 non
2489 4912 2680 4966 genua
2708 4895 3021 4951 ﬂectebant
3050 4896 3475 4963 catechumeni,
3509 4895 3613 4950 sed
3643 4911 3746 4949 au-

2088 4985 2182 5025 res
2215 4965 2443 5024 tantum
2470 4965 2595 5024 oleo
2617 4969 3050 5039 perl'undendas
3074 4965 3753 5040 praebebantGregorius

2088 5044 2283 5095 autem
2316 5040 2530 5108 senior,
2554 5037 2766 5113 contra
2812 5040 2963 5095 hanc
3015 5037 3221 5113 legem,
3256 5057 3389 5096 cum
3423 5037 3602 5101 sacris
3630 5037 3751 5113 ini-

2086 5113 2353 5193 tiaretur,
2385 5111 2738 5193 genuflexit;
2772 5116 2829 5165 et
2852 5115 2948 5182 qui
2974 5111 3313 5193 catechistaa
3346 5126 3588 5193 munere
3623 5112 3747 5190 fun-

2086 5184 2354 5255 gebatur,
2387 5182 2526 5255 item
2563 5183 2688 5253 ipse
2730 5199 2925 5238 errore
2971 5184 3194 5255 lapsus,
3232 5202 3345 5239 non
3399 5182 3741 5245 catechesis,

2087 5254 2186 5310 sed
2235 5254 2543 5326 sacerdotii
2584 5254 2906 5326 orationem
2957 5254 3273 5326 protulit.»
3306 5255 3425 5326 Ἔτι
3480 5256 3586 5308 τῶν
3617 5270 3743 5326 xu}:

2086 5323 2568 5399 ηχουμένωνηούκ
2622 5324 2891 5399 εἰωθότων
2933 5320 3153 5399 κλίνειν
3187 5326 3253 5380 τά
3278 5397 3287 5399 ν
3317 5324 3539 5399 γόνατα,
3584 5320 3747 5399 ,ἀλλά

2088 5346 2118 5395 η
2173 5345 2416 5399 ουμενων
2471 5345 2568 5377 ουκ
2622 5345 2891 5379 ειωοοτων
2933 5345 3137 5381 κΛινειν
3187 5348 3253 5380 τα
3317 5345 3539 5399 γονατα,
3602 5345 3743 5377 αΛΛα

2088 5345 2250 5471 μόνον
2297 5398 2374 5469 τῷ
2422 5394 2592 5467 ἐλαίῳ
2641 5396 2888 5471 χρίεσθαι
2936 5397 3005 5453 τὰ
3048 5399 3182 5467 ὦτα,
3231 5397 3393 5460 αὐτὸς
3460 5396 3611 5471 παρά
3651 5394 3743 5471 τὸν

2082 5463 2251 5541 νόμον
2294 5463 2698 5545 κατηχήσεως-ξ
2715 5464 2896 5545 ἔκλινε
2954 5463 3395 5545 κατηχούμενος,
3444 5463 3548 5545 καί
3587 5463 3665 5521 ἔτι
3699 5466 3744 5545 .6

2082 5536 2754 5633 xuicnxiﬁquqft'Xuvnesic,
2788 5538 2848 5594 ού
2886 5536 3270 5618 κατηχήσεως,
3320 5540 3468 5597 ἀλλὰ
3516 5536 3745 5612 ἱερωσύ-

2082 5636 2146 5684 νη
2156 5635 2197 5689 ς,
2212 5611 2382 5689 εὖχήν
2410 5611 2689 5689 ἐποίησεν.

2153 5680 2373 5760 (36)Τῇ
2406 5682 2473 5739 δι’
2506 5680 2722 5744 ὕδατος.
2753 5684 2823 5756 τῇ
2853 5688 2949 5738 τοῦ
2982 5683 3194 5749 ὓδατος.
