4090 6408
327 427 478 488 1001

1215 418 1509 481 ORATIO
1553 416 1770 480 XVIII.
1807 453 1882 463 ——
1916 417 2306 483 FUNEBRIS
2355 422 2433 484 IN
2479 424 2825 486 PATREM.

3595 429 3754 500 1002

324 557 416 613 καὶ
453 556 782 629 Πνεύματος,
809 549 880 608 δι’
908 554 977 622 ἧς
1009 550 1392 626 ὁμολογοῦμεν
1427 555 1540 622 Θεῷ
1569 552 1664 618 τὴν
1704 556 1800 605 τοῦ
1847 553 1984 605 κατά

2101 555 2290 609 venire
2324 563 2531 626 potest.
2589 559 2667 612 Ad
2735 576 2860 613 eam
2917 560 3438 630 regenerationem,
3493 579 3621 632 quae
3656 580 3756 632 per

325 648 553 724 Χριστὸν
609 647 898 721 ἀνθρώπου
952 643 1232 720 μόρφωσίν
1284 662 1341 695 τε
1397 642 1486 695 καὶ
1537 640 1842 712 τελείωσιν,
1891 640 1980 696 καὶ

323 743 421 792 τοῦ
452 742 650 814 χοϊκοῦ
681 737 816 810 πρὸς
843 737 907 790 τὸ
936 739 1147 805 πνεῦμα
1198 731 1475 805 μετάθεσιν
1525 733 1616 786 καὶ
1661 730 1980 786 ἀνάπλασινο

323 829 412 882 καὶ
443 827 686 903 πρόσεισι
741 826 876 898 μετά
919 827 1127 898 θερμῆς
1174 830 1274 892 τῆς
1325 820 1639 894 ἐπιθυμίας,
1685 821 1775 875 καὶ
1834 820 1979 893 λαμ-

324 924 462 992 πρᾶς
495 921 591 985 τῆς
643 913 889 983 ἐλπίδος,
938 918 1018 984 τῷ
1068 912 1286 985 λουτρῷ
1333 914 1681 987 προκαθήρας
1714 914 1826 983 (37)
1859 910 1980 964 ἰαυ-

321 1006 413 1060 τὸν
466 1006 542 1066 εἷς
601 1002 853 1076 δύναμιν,
910 1002 1000 1057 καὶ
1058 1005 1213 1076 ψυχῇ
1272 1000 1361 1055 καὶ
1411 1001 1624 1072 σώματι
1655 999 1979 1074 καθαγνίσας

327 1093 524 1165 πολλῷ
559 1092 797 1166 μᾶλλον,
826 1092 860 1160 ἢ
896 1093 951 1150 οἱ
979 1091 1072 1152 τὰς
1103 1089 1313 1151 πλάκας
1352 1088 1496 1162 παρὰ
1545 1090 1816 1150 Μωϋσὲως
1866 1089 1979 1161 (38)

320 1180 564 1252 δέξασθαι
616 1178 938 1253 μέλλοντες.
989 1183 1115 1240 Τοῖς
1169 1177 1262 1250 μὶν
1318 1177 1422 1251 γὰρ
1459 1178 1656 1252 μέχρις
1691 1176 1914 1245 ἐσθῆτος
1949 1176 1976 1230 6

319 1269 606 1343 ἀγνισμὸς,
667 1268 757 1320 καὶ
816 1265 1045 1342 γαστρὸς
1099 1265 1267 1338 μικρά
1318 1263 1591 1330 στένωσις,
1646 1262 1735 1318 καὶ
1763 1284 1979 1340 σωφρο-

319 1358 448 1425 σύν-η
509 1377 590 1418 τις
652 1353 873 1430 σχὲδιος
932 1356 1046 1424 (39)
1075 1374 1086 1386 ⁸
1135 1358 1216 1424 τῷ
1275 1350 1332 1406 δὲ
1361 1359 1466 1416 πᾶς
1497 1354 1525 1408 6
1559 1353 1610 1407 ἐν
1647 1351 1794 1426 μέσῳ
1859 1352 1978 1426 βίος

320 1445 630 1520 παρασκευὴ
690 1451 790 1513 τῆς
831 1442 1162 1515 ἐλλάμψεως
1217 1445 1302 1511 ἦν,
1357 1441 1446 1495 καὶ
1489 1442 1723 1517 πρὸτῆς
1776 1442 1978 1516 καθάρ-

326 1555 462 1595 σεως
493 1532 749 1608 κάθαρσις
800 1528 1212 1608 ἀσφαλιζομένη
1262 1531 1362 1599 τήν
1421 1528 1626 1604 δωρεὰν
1659 1532 1792 1602 (40),
1820 1527 1912 1582 ’ίνα
1941 1531 1978 1598 ἡ

324 1621 607 1690 τελειότης
641 1618 706 1694 τῇ
735 1619 1066 1694 καθαρότητι
1098 1620 1380 1690 πιστευθῇ,
1410 1617 1498 1672 καὶ
1544 1618 1620 1690 μή
1668 1613 1985 1691 κινδυνεύσῃ

325 1712 386 1765 τὸ
419 1711 619 1784 ἀγαθὸν
675 1708 726 1762 ἐν
783 1707 884 1778 ἕξει
942 1707 1211 1781 τολμώσῃ
1275 1709 1409 1780 μετὰ
1453 1713 1551 1776 τῆς
1579 1704 1806 1782 χάριτος
1839 1709 1978 1779 (41).

325 1797 640 1872 Ἑξελθοντα
693 1795 749 1852 δὲ
791 1797 949 1860 αὐτὸν
997 1796 1055 1851 ἆκ
1094 1802 1192 1862 τοῦ
1241 1793 1457 1868 ὕδατος,
1513 1800 1626 1871 φὼς
1656 1794 1978 1869 περιαστρά-

325 1909 448 1943 πτει
478 1887 567 1942 καὶ
600 1884 727 1956 δόξα
773 1893 873 1956 τῆς
923 1883 1213 1952 διαθέσεως
1254 1885 1397 1956 ἀξία,
1447 1881 1558 1938 λεθ⁹
1605 1887 1670 1952 ἧς
1703 1882 1982 1957 προσῆλθε

324 1983 402 2049 τῷ
459 1975 760 2052 χαρίσματι
814 1982 914 2044 τῆς
973 1974 1238 2036 πίστεως·
1295 1969 1407 2027 ἔστι
1471 1974 1566 2044 μὲν
1625 1973 1706 2033 οἷς
1739 1972 1828 2026 καὶ
1875 1977 1982 2027 τῶν

327 2064 514 2120 ἄλλων
565 2061 852 2134 ἐπίδηλος,
910 2061 963 2118 οἳ
1018 2062 1142 2118 τότε
1185 2062 1279 2133 μὲν
1342 2065 1525 2133 σιῶπῇ
1557 2061 1620 2115 τὸ
1652 2065 1832 2132 θαῦμα
1860 2081 1983 2115 κατ-

325 2154 510 2228 ἑσχον,
566 2152 789 2222 ἐξειπεῖν
841 2152 910 2208 οὐ,
935 2149 1298 2225 θαρρήσαντες
1331 2149 1442 2219 (καὶ
1474 2149 1577 2224 γὰρ
1610 2148 1777 2202 αὐτοῦ
1814 2148 1981 2221 μόνου

324 2243 524 2313 ταύτην
584 2241 716 2296 εἶναι
764 2242 863 2308 τὴν
926 2238 1050 2312 ὀψιν
1110 2237 1335 2300 ἕκαστος
1393 2235 1576 2309 ᾤετο),
1660 2237 1852 2312 μικρὸν
1925 2235 1983 2292 δὲ

325 2331 544 2405 ὕστερον
575 2326 850 2398 ἀλλήλοις
901 2324 1162 2384 διέδωκαν
1185 2345 1198 2356 ·
1257 2331 1336 2396 τῷ
1386 2323 1444 2381 δὲ
1479 2327 1744 2399 βαπτιστῇ
1775 2326 1864 2381 καὶ
1893 2347 1983 2381 τε-

329 2420 534 2491 λειωτῇ
563 2419 673 2490 (42)
702 2420 959 2470 τοσοῦτον
1020 2415 1255 2490 ἐναργής
1308 2436 1366 2469 τε
1395 2415 1484 2469 καὶ
1513 2416 1813 2490 γνώριμος,
1845 2414 1984 2470 ὥστε

331 2504 470 2579 μηδὲ
529 2508 642 2579 (43)
699 2510 989 2579 κατασχεῖν
1048 2501 1336 2574 δυνηθῆναι
1375 2505 1437 2560 τὸ
1473 2505 1794 2577 μυστήῃιον,
1837 2502 1984 2558 ἀλλὰ

322 2600 411 2650 καὶ
458 2593 700 2667 δημοσίᾳ
731 2593 886 2668 ῥῆξαι
919 2594 1131 2668 φωνὴν,
1173 2592 1254 2662 ὅτι
1286 2593 1376 2647 τὸν
1411 2593 1602 2648 ἑαυτοῦ
1657 2595 1768 2667 (44)
1801 2591 1982 2648 διάδο-

332 2706 432 2761 χον
463 2689 542 2754 τῷ
566 2682 831 2758 πνεύματι
861 2682 1123 2758 χρίσειεν.

2095 660 2306 714 aquam
2362 651 2417 700 et
2462 646 2747 717 Spiritum
2811 648 3084 712 efﬁcitur,
3138 650 3263 718 ipse
3327 651 3573 718 accedit,
3654 666 3754 721 per

2093 749 2272 802 quam
2307 735 2690 806 hominis,qui
2728 738 3056 792 secundum
3087 737 3386 794 Christum
3419 740 3749 807 est,forma-

2093 820 2312 877 tionem
2363 828 2421 878 et
2469 825 2908 895 perfectionem,
2959 828 3296 898 terrenique
3348 827 3420 880 ad
3473 827 3749 897 spiritum

2094 910 2565 967 immutationem
2597 923 2655 968 et
2687 915 3043 968 retictionem
3093 915 3207 968 Deo
3257 916 3609 970 conﬁtemur
3642 933 3654 969 :
3689 920 3747 970 et

2092 1000 2329 1070 quidem
2364 1017 2496 1056 cum
2528 1002 2757 1068 ardenti
2785 1003 3074 1056 desiderio
3115 1010 3170 1056 et
3205 1003 3517 1073 splendida
3547 1021 3648 1074 spe
3677 1003 3748 1058 ad

2091 1089 2384 1144 lavacrum
2437 1091 2683 1153 accedit,
2730 1107 2861 1144 cum
2912 1107 2974 1145 se
3019 1107 3122 1161 pro
3173 1091 3394 1145 viribus
3426 1092 3552 1146 suis
3587 1093 3749 1162 prius

2093 1183 2422 1247 purgasset,
2457 1183 2634 1248 atque
2659 1182 2788 1232 tum
2821 1179 3038 1241 animo,
3084 1185 3210 1233 tum
3261 1196 3522 1250 corpore,
3560 1182 3746 1234 multo

2092 1266 2300 1335 magis,
2336 1282 2513 1336 quam
2546 1266 2645 1337 qui
2675 1266 2815 1321 olim
2848 1285 2881 1322 a
2914 1267 3110 1338 Moyse
3160 1266 3392 1321 tabulas
3443 1267 3742 1338 accepturi

2090 1359 2258 1408 erant
2289 1355 2888 1426 “,puriticassetJIlis
2918 1357 3072 1410 enim
3107 1372 3221 1409 non
3254 1357 3407 1410 ultra
3436 1361 3748 1423 vestem,et

2091 1443 2360 1515 exiguam
2393 1444 2608 1500 ventris
2640 1445 3236 1514 compressionem,ac
3269 1445 3500 1498 brevem
3535 1461 3743 1515 quam-

2091 1532 2226 1586 dam
2258 1533 2516 1602 corporis
2557 1534 2965 1590 castimoniam
3019 1534 3347 1604 purificatio
3397 1549 3526 1588 sese
3558 1535 3744 1603 porri-

2090 1621 2300 1692 gebat:
2338 1621 2447 1691 ipsi
2479 1630 2676 1682 autem
2711 1623 2782 1682 ad
2816 1622 3074 1678 divinam
3105 1620 3604 1676 illuminationem
3641 1639 3742 1676 su-

2091 1707 2284 1777 perior
2307 1709 2501 1764 omnis
2532 1709 2651 1764 vita
2683 1709 3025 1780 praeparatio
3057 1710 3325 1780 quaedam
3351 1715 3494 1776 erat,
3527 1715 3583 1763 et
3614 1718 3747 1765 ante

2092 1797 2502 1867 purgationem
2538 1797 2825 1868 purgatio,
2852 1813 2978 1867 quas
3013 1797 3234 1851 donum
3256 1797 3314 1850 in
3341 1803 3466 1851 tuto
3483 1803 3746 1867 poneret,

2095 1889 2159 1937 ut
2187 1886 2460 1955 perfectio
2495 1885 2733 1956 puritati
2767 1874 3602 1956 committeretur,bonumque
3636 1886 3745 1938 mi-

2091 1972 2250 2027 nime
2279 1974 2708 2043 periclitaretur
2738 1974 2794 2027 in
2847 1974 3072 2040 habitu,
3123 1975 3223 2044 qui
3275 1975 3476 2046 gratias
3528 1975 3744 2027 auxilio

2093 2061 2446 2131 praesideret.
2483 2063 2680 2134 Ipsum
2707 2071 2906 2118 autem
2936 2079 3004 2117 ex
3033 2079 3186 2132 aqua
3217 2078 3518 2134 egressum
3542 2063 3741 2116 lumen

2092 2151 2522 2224 circumt‘ulget,
2555 2158 2611 2207 et
2641 2151 2826 2223 gloria
2871 2152 2977 2206 hac
3017 2152 3199 2206 animi
3251 2152 3572 2216 affectione,
3607 2167 3741 2206 cum

2093 2258 2207 2313 que
2227 2243 2298 2297 ad
2319 2243 2447 2296 ﬁdei
2473 2243 2720 2313 gratiam
2747 2243 3205 2313 accessit,digna
3235 2259 3248 2296 ε
3284 2242 3588 2296 nonnullis
3613 2243 3741 2312 qui—

2097 2331 2230 2385 dem
2263 2331 2440 2386 etiam
2490 2330 2622 2386 aliis
2670 2331 3009 2402 conspicua,
3061 2331 3160 2402 qui
3211 2337 3339 2384 tum
3390 2330 3744 2385 miraculum

2096 2418 2238 2473 illud
2269 2421 2423 2490 apud
2457 2436 2518 2474 se
2567 2420 2967 2487 continebant,
3019 2420 3238 2474 idcirco
3287 2419 3593 2474 enuntiare
3639 2420 3748 2472 ini-

2096 2509 2254 2562 nime
2283 2510 2584 2573 audentes,
2635 2510 2788 2578 quod
2836 2510 3248 2579 unusquisque
3280 2509 3565 2562 visionem
3597 2507 3750 2562 hanc

2097 2597 2207 2651 sibi
2245 2597 2527 2656 duntaxat
2548 2597 2863 2668 contigisse
2893 2594 3356 2667 crederet,paulo
3390 2600 3522 2667 post
3551 2602 3751 2649 autem

2097 2685 2243 2739 illud
2277 2685 2432 2740 inter
2463 2702 2524 2739 se
2556 2685 3020 2739 disseminarunt
3050 2701 3064 2739 :
3100 2691 3160 2739 at
3189 2684 3377 2755 ei,qui
3413 2684 3749 2753 baptizabat

329 2782 385 2830 et
414 2774 704 2845 initiabat,
734 2775 877 2838 adeo
908 2771 1066 2838 clara
1097 2778 1151 2830 et
1183 2772 1435 2844 cognita,
1470 2777 1535 2826 ut
1565 2789 1634 2827 ne
1668 2774 2012 2845 mysterium
2047 2775 2284 2845 quidem
2319 2779 2548 2845 pectore
2583 2773 2851 2830 clausum
2885 2779 3082 2829 tenere
3115 2774 3386 2843 potuerit,
3418 2773 3520 2827 sed
3555 2772 3747 2844 palam

331 2864 666 2919 clamaverit
697 2880 759 2918 se
788 2879 1187 2934 successorem
1216 2879 1390 2931 suum
1424 2862 1640 2933 spiritu~
1671 2863 1928 2928 unxisse.

404 2952 501 3006 IA'.
549 2949 647 3016 Καὶ
695 2952 860 3016 τοῦτο
914 2946 1090 3011 οὐδεὶς
1137 2948 1452 3020 ἀπιστήσειε
1500 2953 1603 3002 τῶν
1660 2949 1978 3019 ἀκηκοότων

330 3060 390 3093 τε
435 3037 525 3093 καὶ
579 3037 1015 3112 γιγνωσκόντων,
1075 3036 1159 3096 ὅτι
1205 3043 1442 3105 Μωϋσῆς
1482 3040 1594 3110 (45)
1629 3039 1721 3111 μὲν
1753 3035 1830 3092 ἔτι
1891 3060 1984 3111 μι-

2164 2953 2308 3007 XIV.
2347 2957 2460 3009 Nec
2488 2969 2620 3008 vero
2653 2951 2945 3024 quispiam
2981 2950 3115 3032 huic
3147 2950 3226 3007 rei
3263 2951 3436 3004 Iidem
3471 2948 3750 3003 adhibere

2093 3042 2520 3107 detrectaverit,
2564 3043 2664 3113 qui
2707 3041 2917 3096 adierit
2960 3049 3017 3095 et
3065 3041 3308 3105 noverit,
3357 3039 3744 3109 quemadmo-

331 3127 460 3202 κρὸς
490 3122 561 3180 ὥν
594 3131 709 3188 τοῖς
740 3124 1002 3193 πολλοῖς,
1033 3125 1122 3182 καὶ
1158 3122 1311 3180 οὔπω
1363 3124 1528 3202 λόγου
1558 3128 1704 3189 τινὸς
1734 3127 1983 3201 ἀξιούμε-

2101 3132 2238 3186 dum
2275 3132 2659 3202 Moyses,cum
2692 3131 2847 3201 apud
2875 3129 3094 3184 multos
3117 3128 3309 3183 adhuc
3334 3144 3549 3198 parvus
3567 3131 3746 3195 esset,

330 3238 444 3286 νυς,
478 3215 536 3270 ἐκ
563 3223 663 3285 τῆς
711 3215 875 3290 βάτου
924 3215 1191 3283 καλεῖται,
1243 3214 1540 3288 καιομένης
1577 3216 1694 3288 μὲν,
1728 3217 1825 3270 οὐκ
1856 3217 1985 3272 ἀνα-

333 3303 666 3378 λισκομένης
716 3302 794 3377 δὲ,
851 3302 1064 3377 μάλλον
1113 3301 1170 3372 δὲ
1212 3309 1310 3360 τοῦ
1342 3303 1393 3359 ἐν
1426 3308 1495 3379 τῇ
1531 3306 1681 3380 βάτῳ
1722 3312 1986 3383 φανταζο-

335 3397 517 3465 μένου,
577 3394 666 3448 καὶ
723 3397 1007 3458 πιστοῦται
1065 3397 1142 3464 τῷ
1196 3393 1400 3468 πρώτῷ
1458 3393 1712 3466 θαύματι.
1746 3400 1984 3465 Μωυσῆς

331 3480 554 3548 ἐκεῖνος,
615 3482 662 3551 ᾦ
713 3479 955 3546 θάλασσα
1012 3480 1288 3553 τέμνεται,
1346 3481 1436 3536 καὶ
1468 3484 1628 3556 ἄρτος
1683 3481 1854 3550 ὕεται,
1895 3483 1987 3540 καὶ

329 3571 499 3642 πὲτρα
545 3570 802 3642 πηγάζει,
857 3567 947 3621 καὶ
1001 3569 1198 3637 στύλος
1255 3569 1428 3642 πυρὸς
1471 3570 1559 3634 καὶ
1587 3569 1818 3646 νεφέλης
1851 3568 1984 3641 ὁδη-

326 3661 503 3732 γοῦσι,
538 3661 650 3728 μετ’
681 3653 946 3724 ἅλλήλων
989 3655 1269 3727 ἱστάμενοι
1303 3659 1434 3729 (46),
1495 3658 1582 3720 καὶ
1633 3662 1835 3732 χειρῶν
1897 3654 1984 3713 ἔκ-

327 3765 480 3806 τασις
531 3744 790 3820 τρόπαιον
845 3742 1054 3814 τίστησι,
1112 3745 1202 3808 καὶ
1260 3750 1388 3815 νικᾷ
1439 3743 1653 3806 πολλὰς
1697 3745 1982 3821 μυριάδας,

261 3874 277 3882 μ
327 3835 417 3888 τὸν
477 3834 704 3908 σταυρὸν
759 3833 1189 3907 σχηματίζουσα.
1245 3833 1459 3904 ᾙσαίας
1496 3832 1571 3906 δὲ,
1616 3835 1642 3888 ὁ
1673 3842 1773 3903 τῆς
1824 3831 1985 3905 δόξης

331 3923 418 3977 καὶ
492 3928 600 3978 τῶν
675 3923 913 3999 σεραφὶμ
979 3923 1194 3991 θεατὴς,
1254 3924 1344 3978 καὶ
1405 3929 1514 3995 μετ¹
1571 3923 1772 3978 ἐκεῖνον
1823 3926 1980 4000 Ἱερε-

331 4012 478 4084 μίας,
499 4013 526 4065 6
557 4013 656 4080 τὴν
707 4009 949 4085 μεγάλην
995 4011 1110 4066 κατ’
1143 4011 1305 4083 ἐθνῶν
1335 4012 1422 4066 καὶ
1457 4013 1724 4087 βασιλέων
1759 4034 1979 4067 πιστευ-

331 4101 439 4162 θεὶς
500 4098 749 4172 δύναμιν·
807 4101 833 4155 6
892 4101 986 4173 μξν
1046 4101 1228 4171 ἀκούει
1278 4102 1421 4164 θείας
1478 4109 1685 4179 φωνῆς,
1736 4103 1822 4156 καὶ
1883 4110 1981 4172 τῆς

331 4188 662 4267 προφητείας
721 4193 799 4260 τῷ
855 4187 1079 4266 ἄνθρακι
1150 4191 1602 4266 προκαθαίρεται·
1675 4193 1702 4246 6
1764 4189 1821 4246 δὲ
1875 4192 1982 4269 πρὸ

328 4282 426 4348 τῆς
485 4280 598 4352 (47)
657 4276 999 4342 διαπλάσεως
1048 4281 1397 4356 γιγώσκεται,
1455 4281 1544 4342 καὶ
1616 4282 1722 4356 πρὸ
1789 4283 1980 4358 γεννή-

331 4389 467 4430 σεως
512 4367 808 4442 ἁγιάζεται.
861 4367 1077 4436 Παῦλος
1126 4368 1183 4424 δὲ
1231 4367 1471 4445 ὃιώκτης
1503 4369 1575 4434 ὥν
1608 4369 1705 4439 ἔτι,
1739 4371 1766 4424 ὀ
1822 4371 1985 4447 μέγας

327 4463 426 4524 τῆς
487 4434 742 4524 ἀληθείας
800 4434 1008 4531 κῆρυξ,
1045 4459 1073 4512 6
1119 4463 1226 4522 τῶν
1259 4434 1503 4524 ἐθνῶκέν
1528 4434 1706 4514 πίστει
1739 4434 1986 4515 διδάσκοι·
2013 4434 2061 4498 D

400 4599 444 4632 “
474 4597 650 4652 Exod.
685 4613 802 4662 XIX,
831 4597 957 4670 710.7
1001 4598 1046 4633 ’⁸⁵
1074 4599 1251 4655 Exod.
1286 4619 1371 4670 ιιι,
1407 4602 1458 4656 4.
1535 4603 1579 4638 ⁸⁸
1610 4604 1786 4658 Exod.
1816 4620 1931 4670 xw,
1954 4603 2044 4656 22.

328 4671 372 4705 ⁵ο
400 4669 578 4724 Exod.
610 4685 751 4736 xvn,
783 4669 874 4736 11,
906 4669 991 4725 47.
1069 4671 1113 4706 ⁸¹
1149 4671 1258 4725 Isa.
1292 4669 1370 4739 vr,
1413 4677 1456 4729 le.
1535 4673 1579 4708 ⁵³
1606 4673 1820 4730 Jerem.
1855 4691 1895 4740 ι,
1930 4674 2018 4727 10.

545 4812 923 4888 Προκαθήρας.
957 4812 1052 4888 0r.
1087 4815 1138 4879 1,
1170 4811 1536 4888 προκαθάρας.

404 4880 517 4956 (38)
553 4880 842 4956 Μωυσέως.
879 4888 970 4956 O_r.
1009 4886 1059 4956 1,
1092 4880 1348 4956 Μωσέως.

551 4955 647 5008 Καὶ
678 4953 1000 5032 σωφροσύνη
1037 4952 1128 5032 *τις
1158 4952 1398 5032 σχέδιος.
1439 4977 1465 5010 α
1496 4957 1687 5032 Brevis
1720 4959 1989 5032 quadarn

333 5033 389 5083 et
417 5028 488 5082 ad
522 5028 852 5098 tempusab
885 5029 1167 5086 uxoribus
1195 5028 1578 5100 continentia.
1610 5051 1638 5080 ››
1665 5032 1798 5100 Aut,
1839 5030 1988 5086 utin

339 5101 478 5161 Elia,
517 5117 538 5146 ι
575 5100 836 5154 castitas.
875 5121 903 5149 »

407 5170 518 5247 (40)
551 5168 995 5247 Ἀσφαλιζομρνη
1030 5171 1126 5238 τὴν
1161 5167 1598 5242 δωρεάνΒὶΙΙὶυε
1634 5189 1646 5227 :
1675 5194 1702 5222 ‹‹
1737 5173 1988 5228 ﬁrmita-

335 5247 454 5298 tem
489 5245 642 5298 dono
663 5244 944 5308 atterens.
977 5264 1005 5294 ››

405 5314 515 5384 (41)
548 5312 696 5367 Μετὰ
740 5315 843 5390 τῆς
899 5310 1169 5390 χάριτος..
1212 5312 1428 5390 B_iI_Iiu_s_
1479 5313 1641 5390 Iegit,
1695 5313 1832 5368 κατὰ
1889 5321 1990 5383 τῆς

335 5385 582 5464 χάριτος,
606 5391 674 5464 _et
703 5384 958 5464 vertit,"'«
981 5384 1046 5464 in
1078 5384 1843 5464 animi_habi_tu_3dver_sus_
1857 5405 1988 5464 gra-

335 5457 476 5529 tiam
509 5457 737 5511 audaci.
777 5479 803 5506 ιι
837 5457 933 5529 Sic
963 5459 1139 5524 etiam
1175 5457 1390 5529 legitur
1419 5457 1477 5511 in
1506 5457 1634 5513 Bas.
1668 5459 1782 5524 ed.,
1809 5457 1902 5514 os.
1939 5461 1990 5527 1,

333 5526 584 5595 aliisque
617 5528 922 5583 nonnullis
942 5526 1454 5586 codicibusiNobis
1476 5533 1674 5584 tamen
1688 5526 1995 5587 retinenda

330 5597 560 5674 videtur
588 5598 782 5669 lectio,
816 5617 944 5674 qua!
991 5601 1199 5674 habet,
1258 5599 1312 5674 ἐν
1371 5597 1473 5674 ἔξει
1529 5597 1797 5672 τολμώσῃ
1857 5601 1995 5674 μετὰ

331 5674 431 5746 τῆς
463 5667 716 5746 χάριτος,
757 5667 778 5719 ἀ
813 5667 873 5746 in
909 5667 1134 5746 habitu;
1170 5667 1502 5746 qui_gratii£
1546 5667 1993 5746 auxilio'pr'aesi-

334 5741 516 5799 deret.
544 5741 573 5793 ᾧ)
604 5741 746 5808 Quis
778 5741 939 5808 enim
969 5742 1067 5816 ille
1096 5741 1245 5806 est}:
1277 5741 1515 5818 habitus
1545 5741 1828 5817 adversus
1859 5762 1992 5822 gra-

625 5871 892 5937 Ριτιιοι..
923 5873 1036 5938 Gn.
1079 5871 1320 5938 XXXV.

2096 3237 2201 3276 nec
2232 3219 2628 3292 vulgijudicio
2661 3219 2782 3273 ulla
2803 3217 2957 3273 fama
2987 3219 3443 3283 celebraretur,e
3476 3217 3619 3270 rubo
3645 3217 3748 3286 qui

2095 3309 2338 3364 ardebat
2369 3310 2626 3379 quidem,
2661 3309 2762 3363 sed
2793 3325 2909 3363 non
2943 3309 3358 3362 assumebatur
3385 3306 3450 3368 ‘5,
3474 3304 3560 3358 vel
3590 3306 3660 3360 ab
3685 3320 3750 3360 eo

2095 3400 2313 3469 potius,
2347 3397 2445 3468 qui
2479 3398 2536 3451 in
2572 3400 2716 3452 rubo
2751 3398 3342 3468 apparebat,vocatus
3369 3395 3538 3462 sit,ac
3563 3394 3751 3464 primo

2095 3487 2193 3542 illo
2228 3487 2510 3546 miraculo
2542 3486 2923 3550 conﬁrmatus
2958 3501 2970 3538 :
3007 3485 3252 3554 Moyses,
3310 3483 3577 3551 inquam,
3631 3482 3750 3550 ille,

2095 3577 2188 3629 cui
2226 3591 2380 3636 mare
2413 3573 2703 3643 scinditur
2739 3573 2801 3637 ‘5,
2861 3572 3028 3640 panis
3079 3570 3230 3641 pluit
3257 3569 3320 3634 ‘7,
3359 3576 3520 3639 petra
3555 3575 3749 3623 scatu-

2096 3665 2170 3718 rit
2197 3663 2262 3728 ⁴⁸,
2297 3663 2356 3733 ig
2402 3664 2451 3716 is
2482 3669 2539 3714 et
2562 3661 2734 3714 nubis
2767 3660 3040 3726 columna
3071 3658 3311 3713 alternis
3338 3657 3562 3712 vicibus
3593 3663 3750 3711 stan-

2084 3747 2182 3806 "tes
2208 3752 2271 3818 ‘9,
2305 3751 2414 3804 iter
2445 3753 2917 3820 praemonstrant,
2954 3752 3010 3800 et
3047 3762 3332 3800 manuum
3384 3747 3645 3801 extensio
3677 3746 3744 3811 ⁵ο,

2095 3855 2322 3900 cracem
2375 3837 2759 3902 adumbrans,
2806 3842 3088 3906 tropaeum
3143 3835 3368 3898 statuit,
3429 3851 3496 3889 ac
3556 3832 3745 3888 multa

2101 3928 2410 3983 hominum
2443 3923 2629 3980 millia
2642 3942 2709 3980 su
2722 3923 3091 3996 perat.[saias
3110 3927 3303 3978 autem
3318 3923 3731 3994 ,ille,inquam,

2092 4015 2288 4088 gloriae
2321 4021 2377 4070 et
2401 4013 2852 4084 seraphinorum
2889 4017 3184 4082 spectator
3213 4011 3290 4076 5';
3344 4027 3409 4065 ac
3440 4016 3573 4082 post
3602 4027 3736 4064 eum

2090 4105 2398 4168 Jeremias,
2451 4102 2549 4172 qui
2602 4102 2756 4170 840
2800 4117 3074 4172 magnam
3127 4101 3406 4154 adversus
3455 4105 3656 4171 gentes
3687 4107 3741 4153 et

2092 4211 2260 4267 reges,
2306 4192 2621 4264 potentiam
2679 4190 2900 4261 accepit
2928 4189 3010 4256 ⁵²;
3043 4188 3187 4244 alter
3240 4188 3500 4243 divinam
3540 4203 3740 4242 vocem

2094 4283 2279 4349 audit,
2317 4287 2490 4353 atque
2530 4279 2874 4351 priusquam
2930 4277 3243 4350 prophetiae
3293 4293 3511 4332 munus
3550 4277 3742 4342 obeat,

2094 4388 2198 4443 per
2227 4372 2539 4440 carbonem
2575 4373 2860 4442 purgatur
2888 4357 2971 4434 ‘3';
3004 4367 3150 4421 alter
3180 4371 3311 4421 ante
3340 4366 3747 4421 formationem

2094 4460 2488 4532 cognoscitur,
2522 4464 2577 4512 et
2609 4464 2743 4530 ante
2775 4462 2968 4512 ortum
3010 4455 3411 4511 sanctiﬁcatur
3435 4455 3497 4508 5‘.
3532 4453 3751 4510 Paulus

2122 4603 2166 4636 ‘7
2197 4600 2376 4656 Exod.
2409 4615 2523 4666 xvr,
2550 4598 2600 4651 4.
2679 4598 2722 4631 ⁴⁸
2753 4597 2928 4652 Exod.
2961 4614 3099 4664 xvu,
3122 4597 3176 4652 6.
3254 4597 3299 4631 ‘9
3330 4595 3503 4652 Exod.
3536 4612 3661 4662 xm,
3692 4598 3747 4650 2.

2095 4673 2140 4707 ⁵⁸
2173 4677 2282 4727 Isa.
2317 4687 2393 4739 v1,
2424 4671 2478 4724 6.
2555 4669 2601 4702 ⁶⁴
2632 4669 2746 4723 Jer.
2781 4684 2822 4738 ι,
2851 4669 2906 4722 5.

2096 4814 2239 4868 tiam
2269 4813 2480 4878 audax,
2515 4832 2542 4860 »
2574 4809 2634 4865 in
2659 4827 2774 4883 quo
2809 4831 2838 4860 ‹‹
2870 4812 3159 4879 bonum,»
3191 4811 3247 4865 id
3275 4814 3383 4876 est,
3409 4831 3436 4860 ‹‹
3471 4807 3751 4876 baptismi

2101 4886 2432 4957 gratia,non
2467 4883 2872 4957 periclitetur?
2903 4905 2930 4933 ››

2169 4951 2392 5028 (42)’Τε.
2420 4951 2632 5027 ειὶυτῇιη
2657 4955 2750 5010 Sic
2809 4954 2947 5027 Reg.
3011 4954 3133 5009 bm.
3194 4959 3252 5008 et
3307 4951 3404 5008 Or.
3451 4953 3500 5006 1.
3537 4953 3596 5006 In
3631 4953 3751 5020 ed.,

2097 5027 2372 5099 τελειοτῇ.

2195 5101 2284 5168 43)
2316 5094 2468 5166 Μηδὲ
2525 5097 2684 5168 Regg

2197 5104 2262 5154 43
2316 5104 2468 5166 Μηδὲ
2528 5104 2699 5168 Hegg.
2739 5113 2791 5162 ει,
2828 5104 2947 5161 bm,
2980 5104 3073 5151 Ur.
3111 5104 3161 5158 1,
3199 5104 3356 5166 μήτε.

2197 5104 2286 5240 44)
2317 5171 2436 5226 Ὁτι
2468 5168 2558 5221 τὸν
2593 5168 2804 5234 ἑαυτοῦ,
2837 5168 3187 5230 etc.Billius,
3211 5190 3239 5216 «
3274 5167 3374 5220 sed
3406 5182 3538 5220 eum
3576 5181 3753 5240 quem

2101 5239 2615 5314 innungebat,sibi
2650 5241 2705 5294 in
2739 5243 3080 5314 episcopatu
3112 5254 3526 5294 successurum
3562 5239 3756 5309 palam

2102 5333 2168 5372 ac
2202 5312 2433 5386 publica
2464 5312 2822 5386 clamaverit.
2861 5333 2889 5359 »
2957 5319 2960 5322 ‘

2199 5380 2283 5458 45)
2313 5389 2571 5458 Μωυσῇς..
2606 5383 2744 5458 ﬂag.
2925 5387 2980 5436 et
3010 5381 3105 5449 Or,
3137 5381 3186 5458 1:
3220 5380 3440 5458 Μωσῇς.

2199 5388 2283 5458 45)
2313 5389 2571 5442 Μωϋσῖς.
2608 5388 2744 5453 Heg.
2771 5388 2888 5442 bm,
2925 5388 2980 5436 et
3010 5388 3105 5449 Ur,
3137 5388 3185 5434 1.
3220 5388 3440 5447 Μωσῆς.

2175 5388 2286 5530 (46)
2318 5462 2441 5510 Μετ’
2471 5427 2736 5530 αλλήλων
2769 5449 3085 5530 igninum.
3144 5451 3274 5508 Erae
3321 5451 3394 5530 ab
3442 5451 3759 5530 interprete

2103 5522 2343 5586 omissa.
2381 5551 2410 5579 «
2442 5527 2698 5580 Alternis
2730 5524 2957 5579 vicibus
2989 5529 3233 5589 stantes,
3269 5542 3296 5574 α
3327 5526 3382 5594 id
3415 5528 3525 5594 est,
3555 5545 3583 5572 «
3616 5522 3756 5584 alter

2103 5619 2168 5657 ra
2198 5603 2254 5657 in
2293 5615 2468 5656 usum
2501 5596 2636 5666 diei,
2671 5595 2854 5652 altera
2885 5594 2944 5650 in
2981 5611 3155 5650 usum
3191 5592 3404 5663 noctis,
3436 5616 3466 5646 ι)

2173 5674 2294 5747 (47)
2325 5676 2458 5742 Τῆς.
2488 5669 2582 5727 Sic
2614 5667 2755 5746 Reg.
2791 5668 2910 5739 bm,
2942 5667 3117 5727 Deest
3143 5666 3205 5754 in
3237 5667 3329 5760 ed.

2692 5139 2699 5145 .
2739 5113 2791 5162 a,
2825 5096 2947 5161 bm,
2980 5096 3073 5151 Or.
3111 5096 3161 5158 1,
3199 5093 3356 5166 μήτε.

3402 5863 3483 5929 32
