4090 6428
390 434 412 494 1
425 433 544 495 003

1631 430 1696 488 S.
1745 425 2115 488 GREGORII
2167 424 2560 487 THEOLOGI

3649 438 3803 501 1004

383 567 581 639 etiam,
610 583 881 638 magnus,
932 567 1200 638 inquam,
1260 563 1356 619 ille
1411 561 1670 618 veritatis
1731 577 1940 632 praeco,
1983 576 2002 614 ε

2117 621 2119 626 _
2152 555 2270 618 λος.
2303 557 2391 611 καὶ
2426 559 2563 636 φωτῖ
2592 558 3020 633 περιλαμπεται,
3052 559 3142 616 καί
3170 563 3421 638 γνωρίζει
3467 567 3557 620 τὸν
3609 565 3803 624 διωκό-

381 659 648 730 gentium
679 657 740 712 in
774 656 888 713 ﬁde
937 656 1239 728 magister,
1291 669 1422 708 cum
1476 651 1668 707 adhuc
1707 655 2040 721 persecutor

377 750 553 818 esset,
584 746 812 802 lumine
832 744 1331 802 circumfunditur
1359 743 1887 811 5‘,eumque,quem
1915 754 2039 810 per-

2153 667 2335 719 μενον,
2367 645 2455 700 καὶ
2475 650 2575 715 τήν
2604 646 2851 722 μεγάλην
2888 646 3160 704 διακονίαν
3191 653 3520 722 πιστεύεται,
3551 657 3642 710 καὶ
3662 658 3802 731 πλη-

2149 740 2238 809 ροῖ
2265 734 2360 789 τοῦ
2392 735 2728 811 Εὐαγγελίου
2759 743 2929 792 πᾶσαν
2963 737 3130 807 ἀκοὴν
3164 740 3254 794 καὶ
3288 739 3547 800 διάνοιαν.

376 837 754 906 sequebatur,
789 834 1108 906 cognoscit,
1141 847 1534 904 magnumque
1565 828 1962 884 ministerium
1995 825 2108 882 sibi
2139 826 2423 882 creditum
2475 827 2746 899 suscipit,
2779 833 2955 901 atque
2986 830 3252 886 omnium
3281 849 3452 890 aures
3487 839 3544 890 et
3572 836 3800 895 animos

376 924 689 998 Evangelio
722 924 948 996 implet.

445 1014 561 1070 XV.
595 1014 742 1080 Quid
775 1017 970 1069 autem
1023 1028 1228 1068 omnes
1277 1028 1376 1066 eos
1425 1021 1770 1065 enumerare
1802 1007 2031 1070 attinet,

374 1104 472 1174 qui
509 1121 543 1158 a
572 1104 687 1159 Deo
719 1103 983 1158 advocati
1016 1105 1175 1166 sunt,
1225 1099 1561 1170 talibusque
1608 1096 1910 1152 miraculis
1935 1112 2029 1151 as-

374 1191 494 1259 citi,
527 1191 804 1264 qualibus
835 1190 933 1246 ille
965 1190 1143 1245 etiam
1169 1190 1241 1244 ad
1272 1189 1407 1244 ﬁdei
1432 1187 1705 1259 pietatem
1728 1186 2033 1240 conﬁrma-

371 1284 470 1336 tus
501 1280 633 1336 est?
660 1280 776 1336 Nec
812 1297 944 1335 vero
986 1278 1128 1334 talia
1166 1278 1433 1350 quidem,
1481 1280 1722 1346 tamque
1781 1273 2028 1329 incredi-

372 1369 514 1426 bilia
544 1374 600 1426 et
645 1369 994 1425 admiranda
1034 1367 1205 1422 initia
1254 1368 1511 1436 fuerunt,
1562 1381 1665 1438 per
1711 1381 1779 1419 ea
1808 1367 2027 1428 autem,

375 1475 500 1531 quae
536 1463 740 1531 postea
769 1461 970 1514 secuta
1001 1461 1159 1523 sunt,
1196 1455 1420 1528 aliquid
1455 1471 1680 1520 eorum,
1714 1470 1841 1525 quae
1882 1469 2026 1524 prae-

372 1552 699 1613 cesserunt,
733 1548 945 1620 probro
1005 1551 1060 1602 et
1093 1547 1374 1601 dedecore
1406 1544 1615 1612 affecit,
1648 1543 2029 1614 quemadmo-

369 1636 514 1690 dum
545 1635 843 1707 quispiam
874 1634 1052 1702 exiis,
1085 1633 1186 1705 qui
1220 1633 1600 1688 hcnestarum
1634 1647 1829 1686 rerum
1862 1633 2024 1686 satu-

368 1724 602 1780 ritatem
636 1727 694 1780 et
723 1723 1025 1780 fastidium
1070 1722 1182 1777 cito
1231 1721 1592 1793 concipiunt,
1642 1737 1748 1775 nec
1777 1719 2026 1775 ulterius

2214 1005 2314 1058 lE'.
2365 1003 2424 1057 Τί
2475 1001 2556 1057 δεῖ
2605 1003 2808 1066 πάντας
2866 1006 3282 1079 ἀπαριθμεῖσθαι
3339 1007 3468 1070 τοὺς
3511 1011 3614 1065 ὑπὸ
3667 1019 3796 1070 Θεοῦ

2140 1091 2606 1166 προσ-κληθέντας,
2685 1095 2774 1148 καὶ
2831 1095 3102 1157 τοιούτοις
3158 1096 3532 1161 οἰκειωθὲντας
3591 1101 3796 1175 θαύμα-

2139 1200 2244 1249 σιν,
2305 1182 2387 1243 οἷς
2445 1186 2554 1252 (48)
2621 1182 2869 1246 κάκεῖνος
2945 1179 3249 1255 ἐϐεϐαιώθη
3310 1188 3446 1262 πρὸς
3501 1189 3602 1257 τὴν
3651 1191 3796 1246 εύσί-

2140 1265 2327 1338 6ειαν;
2390 1271 2487 1324 Κποὶ
2531 1271 2592 1325 οὐ
2649 1273 2716 1326 τὰ
2778 1273 2872 1344 μὲν
2936 1277 3128 1348 πρῶτα
3181 1279 3424 1345 τοιαῦτα,
3477 1278 3567 1333 καὶ
3616 1279 3785 1342 οὓτως

2139 1359 2336 1414 ἄπιστα
2410 1360 2500 1414 καὶ
2553 1358 2863 1437 παράδοξα,
2925 1362 3236 1438 κατῄσχυνε
3294 1361 3351 1419 δὲ
3398 1386 3451 1420 τι
3506 1371 3613 1421 τῶν
3665 1390 3789 1444 προ-

2137 1450 2505 1524 ϋπηργμένων
2563 1456 2682 1512 τοῖς
2733 1449 2979 1526 ὕστερον,
3015 1453 3091 1514 ὡς
3152 1452 3211 1506 ἂν
3267 1475 3351 1515 τις
3405 1460 3514 1510 τῶν
3565 1459 3793 1534 τάχιστα

2135 1539 2297 1613 κόρον
2329 1543 2426 1593 τοῦ
2455 1537 2630 1594 καλοῦ
2662 1537 3077 1613 λαμϐανόντων,
3113 1543 3227 1596 εἶτα
3254 1547 3353 1597 τοῦ
3385 1544 3572 1620 πρόσω
3630 1567 3792 1602 κατα-

2136 1627 2503 1704 φρονούντων,
2571 1630 2606 1698 ἣ
2671 1629 2760 1683 καὶ
2821 1630 3125 1685 παντάπασι
3170 1632 3306 1706 πρὸς
3362 1635 3547 1688 κακίαν
3596 1635 3790 1691 παλιν-

2136 1714 2509 1790 δρομούντωνο
2562 1717 2656 1771 οὐγ
2718 1714 2828 1772 ἔστι
2888 1723 3048 1773 τοῦτο
3106 1720 3312 1774 εἰπεῖν’
3355 1721 3500 1778 ἀλλὰ
3546 1725 3634 1778 καὶ
3668 1723 3788 1781 λίαν

367 1812 643 1886 progredi
672 1819 904 1877 curant,
924 1811 1014 1866 vel
1049 1811 1221 1867 etiam
1256 1812 1328 1866 ad
1359 1810 1567 1864 vitium
1600 1809 1840 1864 omnino
1873 1808 2002 1864 rela‘

2130 1810 2323 1880 saturo?)
2380 1813 2471 1861 καὶ
2527 1811 2635 1860 τῶν
2691 1807 3110 1886 προειληφότων
3168 1808 3374 1885 ἔχεται,
3435 1811 3573 1867 ὣστε
3611 1814 3791 1892 ἀμφό-

365 1903 612 1958 buntur.
641 1902 790 1970 Non,
816 1901 1084 1973 inquam,
1117 1900 1228 1955 hoc
1278 1900 1557 1970 cuiquam
1606 1898 1795 1952 dicere
1843 1897 2015 1964 licet;

362 2007 592 2060 verum,
622 1995 681 2047 et
702 1990 814 2047 sibi
840 1989 1162 2046 admodum
1209 1988 1491 2053 constitit,
1543 1992 1598 2042 et
1629 1985 1894 2058 pristinis
1923 2002 2016 2040 ve-

363 2081 557 2153 stigiis
578 2080 764 2148 haesit,
800 2081 942 2135 adeo
977 2083 1040 2134 ut
1070 2078 1221 2133 inter
1252 2094 1312 2133 se
1345 2081 1590 2146 utraque
1613 2075 1856 2147 pulchre
1880 2091 2015 2129 con-

359 2171 644 2235 venirent,
676 2185 886 2240 nempe
919 2173 977 2223 et
1006 2184 1092 2236 ea,
1127 2183 1254 2239 qua;
1287 2165 1683 2222 sacerdotium
1709 2180 2013 2235 praecesse-

360 2264 518 2327 rant,
548 2275 682 2315 cum
715 2258 830 2325 his,
855 2275 985 2330 qua}
1014 2257 1074 2312 in
1105 2256 1433 2313 sacerdotio
1467 2262 1618 2310 recte
1649 2271 1715 2309 ac
1746 2253 2016 2325 prmelare

359 2349 562 2421 gessit,
591 2353 648 2403 et
675 2364 743 2404 ea
773 2364 899 2418 quae
931 2351 1062 2418 post
1105 2351 1447 2417 susceptum
1499 2343 1893 2399 sacerdotium
1924 2359 2014 2397 se-

363 2442 499 2494 cuta
528 2441 687 2506 sunt,
721 2454 856 2492 cum
887 2436 980 2502 iis,
1025 2452 1151 2506 quzs
1197 2438 1618 2503 praecesserant
1652 2451 1664 2488 :
1699 2449 1804 2487 nec
1849 2432 2017 2486 aliter

360 2527 619 2600 incipere
651 2527 876 2594 doceat,
925 2542 1103 2597 quam
1157 2524 1452 2595 quomodo
1499 2523 1624 2593 ipse
1668 2520 1875 2587 ﬁnivit,
1910 2536 2014 2575 nec

360 2632 570 2672 rursus
616 2614 676 2670 in
726 2613 906 2669 alium
955 2613 1134 2669 ﬁnem
1181 2611 1472 2684 progredi,
1527 2626 1702 2680 quam
1762 2609 1920 2664 unde
1964 2609 2013 2663 is

357 2705 661 2761 exordium
695 2702 1366 2758 duxerat.Sacerdotium
1392 2704 1586 2755 autem
1620 2697 2012 2769 suscipit,non

355 2813 422 2853 ea
453 2796 730 2852 facilitate
761 2811 826 2851 ac
869 2793 1234 2857 confusione,
1286 2809 1412 2864 qua
1467 2807 1624 2846 nunc
1671 2791 1847 2861 viget,
1909 2790 2010 2844 sed

353 2884 636 2942 nonnullo
669 2884 977 2954 interjecto
1010 2881 1294 2954 temporis
1345 2881 1554 2953 spatio,
1579 2895 1695 2951 quo
1728 2879 2010 2933 nimirum

2128 1915 2256 1970 τερα
2287 1896 2642 1971 συναρμόζειν
2677 1895 2976 1966 ἀλλήλοις,
3007 1899 3074 1952 τά
3102 1919 3160 1953 τε
3192 1901 3297 1975 πρὸ
3334 1907 3436 1969 τῆς
3485 1902 3785 1977 ἱερωσύνης

2127 1989 2244 2046 τοῖς
2306 1984 2510 2054 ἐκείνης
2563 1985 2774 2053 καλοῖς,
2827 1985 2916 2040 καὶ
2971 1987 3037 2040 τὰ
3081 1989 3196 2060 μετ’
3245 1989 3410 2058 αὐτὴν
3441 1996 3559 2054 τοῖς
3590 1993 3786 2068 πρότε-

2131 2092 2243 2145 ρον·
2299 2073 2389 2127 καὶ
2445 2076 2582 2145 μήτε
2632 2072 2818 2136 ἄλλως
2866 2077 2980 2147 (49)
3039 2073 3289 2150 ἄρξασθαι
3344 2078 3567 2154 πρὲπειν
3622 2082 3658 2149 ἢ
3707 2083 3783 2145 ὡς

2127 2159 2461 2232 ἐτελεύτησε,
2499 2165 2637 2234 μήτε
2667 2163 2742 2224 εἷς
2776 2162 2917 2218 ἄλλο
2947 2164 3236 2239 προελθεῖν
3288 2166 3453 2230 τέλος
3477 2169 3512 2238 ἢ
3547 2169 3608 2224 οὗ
3642 2190 3780 2243 προ-

2127 2251 2326 2325 ἤρξατο
2386 2253 2519 2325 (50).
2583 2251 2893 2307 Πιστεύεται
2957 2252 3050 2326 μέν
3103 2275 3163 2329 γε
3201 2257 3299 2324 τήν
3333 2257 3656 2333 ἱερωσύνην,
3716 2259 3778 2316 οὗ

2125 2340 2261 2394 κατά
2303 2341 2402 2407 τὴν
2452 2344 2542 2393 νῦν
2583 2340 2832 2395 εὐκολίαν
2868 2342 2957 2396 καὶ
2990 2343 3225 2413 ἀταξίαν,
3286 2344 3432 2401 ἀλλὰ
3489 2349 3681 2422 μικρόν
3729 2370 3782 2405 τι

2127 2427 2418 2495 διαλιπὼν,
2451 2424 2590 2484 ὥστε
2619 2434 2686 2502 τῇ
2717 2433 2973 2506 καθάρσει
3019 2435 3378 2505 προστεθῆναι
3431 2436 3521 2490 καὶ
3558 2438 3656 2506 τὴν
3682 2443 3780 2494 τοῦ

2123 2518 2393 2594 καθαίρειν
2425 2518 2708 2595 ἐμπειρίαν
2741 2520 2830 2573 καὶ
2863 2517 3114 2594 δύναμιν,
3148 2521 3314 2598 ὅσπερ
3346 2527 3457 2598 (51)
3489 2523 3554 2594 δὴ
3603 2526 3775 2600 νόμος

2121 2605 2446 2669 ἀκολουθίας
2475 2617 2874 2682 πνκυματικῆς.
2908 2611 3058 2665 Ἐπεὶ
3090 2609 3148 2666 δὲ
3179 2613 3506 2684 πιστεύεται,
3535 2614 3702 2672 πλέον
3735 2621 3771 2688 ἡ

2123 2699 2284 2773 χάρις
2318 2695 2615 2768 δοξάζεται,
2650 2697 2830 2774 ὣσπερ
2863 2695 3033 2762 ὅντως
3083 2705 3217 2755 Θεοῦ
3269 2701 3454 2777 χάρις,
3502 2702 3625 2760 ἀλλ’
3682 2705 3782 2762 οὐκ

2121 2787 2448 2860 ἀνθρώπων,
2481 2785 2626 2859 οὐδὲ,
2661 2786 2689 2841 ὅ
2720 2809 2880 2865 φησιν
2916 2789 2943 2842 ὁ
2995 2788 3453 2861 Ἐκκλησιαστὴς,
3483 2794 3631 2868 ὁρμή
3692 2816 3778 2858 τις

2123 2876 2450 2949 αὐτόνομος,
2481 2877 2571 2930 καὶ
2604 2877 2915 2952 προαίρεσις
2944 2877 3251 2952 πνεύματος
3285 2883 3416 2955 (52).

356 2975 427 3030 ad
460 2973 552 3029 sui
582 2973 995 3046 purgationem
1040 2970 1288 3026 aliorum
1320 2985 1555 3041 quoque
1607 2969 2052 3039 purgandorum
2103 2967 2372 3038 peritiam
2406 2973 2462 3022 et
2492 2968 2830 3023 facultatem
2877 2969 3242 3041 adjungeret,
3274 2974 3775 3043 quemadmodum

354 3061 622 3118 videlicet
653 3060 981 3134 spiritualis
1034 3059 1258 3116 ordinis
1310 3060 1401 3115 lex
1451 3058 1658 3130 poscit.
1692 3058 2013 3128 Postquam
2062 3061 2254 3112 autem
2309 3059 2587 3128 suscepit,
2620 3057 2810 3127 gratia
2859 3059 3049 3129 magis
3099 3059 3444 3128 celebratur,
3480 3067 3542 3118 ut
3572 3080 3774 3122 revera

354 3149 454 3206 Dei
487 3149 695 3223 gratia,
727 3167 844 3205 non
875 3153 1073 3204 autem
1101 3148 1433 3215 hominum,
1469 3163 1574 3202 nec
1605 3151 1687 3216 ut,
1722 3146 1878 3217 quod
1912 3145 1994 3200 ait
2024 3144 2423 3214 Ecclesiastes,
2455 3147 2710 3217 impetus
2743 3147 2983 3217 quidam
3016 3147 3267 3215 solutus,
3301 3155 3356 3204 et
3388 3153 3766 3225 praesumptio

353 3237 602 3310 spiritus
627 3238 692 3292 ⁵⁸.

419 3327 567 3384 XVI.
598 3327 745 3383 Nam
777 3343 910 3382 cum
944 3325 1219 3382 silvosam
1251 3329 1309 3380 et
1340 3328 1631 3396 agrestem
1681 3323 2000 3378 Eccleriam
2033 3323 2074 3390 C

345 3417 689 3490 accepisset,
723 3432 840 3471 non
867 3414 1040 3486 longo
1072 3420 1206 3469 ante
1236 3417 1500 3485 tempore
1519 3410 1835 3484 episcopali
1859 3428 2000 3466 cura

343 3507 753 3579 gubernatam,
786 3505 886 3560 sed
920 3505 990 3559 ab
1023 3520 1139 3558 uno
1170 3506 1401 3558 tantum
1434 3519 1501 3556 ex
1522 3501 1996 3557 antecessoribus

341 3596 467 3652 suis
497 3599 859 3663 exornatam,
896 3594 1136 3666 quique,
1173 3596 1238 3647 ut
1283 3590 1652 3647 admirandis
1685 3595 1861 3661 atque
1893 3607 1994 3645 an-

337 3685 540 3757 gelicis
568 3684 831 3740 moribus
861 3687 985 3738 erat
1016 3682 1316 3754 praeditus,
1350 3681 1431 3736 ita
1463 3679 1804 3752 simplicior,
1837 3681 1987 3735 84]

338 3791 517 3845 quam
551 3774 649 3846 qui
683 3790 839 3829 nunc
871 3770 1086 3844 populo
1112 3770 1728 3842 praesunt,habebatur
1757 3786 1769 3835 ;
1803 3785 1867 3823 eo
1889 3785 1991 3823 au-

339 3868 458 3919 tem
487 3863 790 3919 celerrime
818 3861 878 3916 in
903 3860 1115 3916 ccelum
1148 3867 1477 3931 assumpto,
1509 3859 1717 3930 perdiu
1751 3873 1992 3912 rursum

331 3951 682 4025 neglectam,
733 3957 789 4007 et
826 3953 898 4007 ob
945 3950 1178 4005 antistis
1231 3949 1492 4021 inopiam
1544 3947 1818 4019 squalore
1849 3948 1991 4004 affe-

331 4046 509 4110 ctam,
553 4046 730 4113 atque
761 4041 820 4095 in
855 4055 1059 4111 vepres
1092 4039 1413 4104 redactam,
1457 4037 1714 4109 primum
1747 4036 1989 4107 quidem

334 4131 554 4187 ferinos
584 4128 890 4186 hominum
920 4144 1114 4183 mores
1137 4127 1296 4182 haud
1319 4143 1533 4198 magno
1581 4125 1810 4196 negotio
1840 4125 1993 4180 miti-

334 4221 512 4293 gavit,
545 4225 672 4276 tum
706 4219 1019 4292 pastoralis
1052 4217 1198 4273 artis
1225 4217 1620 4285 sermonibus,
1652 4222 1780 4272 tum
1811 4216 1988 4271 etiam

331 4310 489 4382 quod
521 4326 602 4377 se,
634 4309 791 4364 velut
820 4306 1188 4380 spiritualem
1241 4306 1560 4377 quamdam
1610 4310 1868 4360 statuam
1917 4305 1988 4360 ad

331 4397 566 4470 optimae
581 4398 872 4468 cujusque
890 4394 1136 4450 actionis
1150 4393 1654 4464 pulchritudinem
1669 4393 1987 4465 expolitam

331 4488 404 4543 ad
435 4486 789 4542 imitandum
806 4483 1403 4556 proponeret.Deinde
1427 4483 1485 4538 in
1519 4483 1990 4539 sacrarumlitte-

328 4591 528 4632 rarum
561 4574 1206 4642 meditatione,summa
1236 4589 1368 4628 cum
1401 4573 1583 4629 animi
1615 4573 1988 4631 contentione

323 4669 616 4734 versatus,
640 4663 909 4736 quamvis
941 4661 1130 4719 serius
1159 4663 1228 4718 ad
1263 4662 1607 4733 hujusmodi
1633 4663 1832 4719 studia
1859 4680 1990 4720 sese

326 4753 936 4825 contulisset,tantum
969 4751 1315 4808 eruditionis
1344 4752 1503 4808 brevi
1536 4751 1860 4826 collegit,ut
1882 4770 1988 4809 nec

389 4901 437 4937 ⁸⁸
466 4901 588 4956 Act.
623 4915 701 4971 IX,
734 4899 788 4954 3.
864 4897 908 4933 ⁵⁸
940 4895 1126 4952 Ecole.
1158 4913 1199 4966 1,
1233 4897 1319 4950 17.

391 5052 503 5124 (48)
535 5050 653 5112 Οἷς.
689 5050 784 5108 Or.
820 5053 872 5117 1,
905 5049 1071 5109 οἳοις.

389 5123 501 5218 (49)
532 5127 781 5218 ’Ἄλλῳῇ
992 5129 1264 5218 Montem,
1316 5123 1545 5218 ἄλλοιςῆ
1565 5123 1975 5218 ξίλ)κως.,,,ἐτὲ-

321 5195 578 5268 λεύτησεν
614 5195 837 5262 ἐκεῖνος.
873 5205 1086 5256 Verum
1121 5198 1241 5253 haec
1273 5215 1441 5253 voces
1491 5197 1706 5262 ἄλλοις,
1750 5207 1806 5256 et
1836 5199 1974 5255 ἐκεῖ·

318 5290 434 5346 νος,
478 5291 604 5346 qua:
637 5273 692 5328 in
729 5274 888 5346 nullo
920 5273 1294 5346 reperiuntur
1323 5271 1542 5343 codice,
1578 5273 1745 5327 nobis
1776 5290 1977 5346 super-

322 5342 474 5410 ﬂuae,
495 5341 751 5414 ideoque
783 5341 1110 5415 rejiciendze
1143 5341 1435 5396 videntur.

386 5423 500 5548 S593
529 5425 600 5476 "H
634 5420 701 5476 οὗ
726 5421 1271 5497 προήρξατο.ΒίΙΙίυ8
1309 5437 1323 5476 :
1358 5443 1386 5472 ‹‹
1421 5439 1598 5494 quam
1633 5427 1696 5478 ut
1726 5424 1850 5495 ipse
1882 5426 1970 5481 in-

407 5511 460 5548 m
496 5537 508 5548 .
550 5516 578 5544 »

315 5506 508 5548 ccsmt.
550 5516 578 5544 >›

357 5511 712 5644 ῗὲῗῨίὸπερ.
749 5566 929 5638 Regg.
963 5584 1015 5636 ιι,
1048 5557 1362 5636 ὺωβσπερ.
1389 5563 1596 5620 Billius
1628 5565 1856 5623 videtur
1885 5569 1969 5625 le-

315 5634 493 5709 gisse,
527 5634 708 5709 ὥσπερ
719 5678 732 5691 .

387 5707 501 5788 (5.2)
531 5708 630 5788 Κοξὶ
650 5704 980 5788 ,ἐτροαίρεετξς

531 5702 980 5786 καὶ-προαίρεσις
1019 5702 1851 5786 πνεύματος...ί‹Ριωευωρῐὶο,
1885 5714 1967 5768 af-

361 5727 501 5786 ,(ΟΖ)
531 5727 630 5762 non
670 5727 980 5782 προαιρεσις
1019 5727 1150 5760 πνευ
1199 5727 1344 5766 ατος.
1385 5729 1413 5757 ι(
1445 5727 1851 5780 rraasumptio,

313 5773 493 5835 ﬂlctio
524 5780 789 5855 spiritus.
823 5801 847 5829 ι
885 5777 981 5834 Sic
1031 5727 1198 5834 LlﬂiiL
1247 5779 1311 5832 In
1341 5777 1580 5837 Hebraeo
1611 5788 1810 5839 autem
1840 5802 1851 5839 ι

1247 5779 1311 5832 In
1341 5777 1580 5837 Hebraeo
1611 5777 1810 5839 autem
1839 5777 1968 5841 ser-

2185 3323 2287 3376 ΙΣ¹.
2342 3315 2678 3396 Παραλαϐὼν
2734 3323 2835 3398 γὰρ
2894 3323 2992 3392 τήν
3047 3324 3374 3395 Ἐκκλησίαν
3436 3325 3623 3398 ὑλώδη
3677 3329 3770 3383 καὶ

2110 3409 2632 3485 ἀπηγροικισμένην,
2684 3410 2745 3464 ού
2799 3411 3080 3487 πεῤῥωθεν
3143 3413 3236 3486 μὲν
3307 3413 3575 3490 ἐπισκοπῇ
3635 3437 3764 3472 ποι-

2112 3504 2423 3571 μανθεῖσαν,
2455 3499 2582 3554 ἀλλ’
2615 3499 2736 3554 ὅσον
2771 3500 2848 3554 ἐνὶ
2879 3505 2986 3555 τῶν
3019 3502 3123 3577 πρὸ
3175 3501 3356 3558 αὐτοῦ’
3387 3512 3758 3576 κοσμηθῆναι,

2105 3587 2195 3643 καὶ
2231 3588 2414 3663 τούτῳ
2453 3589 2736 3662 θαυμασίῳ
2789 3590 2880 3662 μὲν
2931 3590 3021 3646 καὶ
3067 3591 3348 3667 ἀγγελικῷ
3394 3593 3484 3648 τὸν
3534 3595 3762 3670 τρόπον,

2107 3674 2465 3751 ἀπλουστέρῳ
2525 3675 2582 3732 δὲ
2693 3680 2828 3733 κατὰ
2873 3681 3000 3742 τοὺς
3049 3685 3141 3734 νῦν
3173 3685 3279 3735 τῶν
3314 3680 3458 3736 λαῶν
3520 3684 3764 3758 προστά-

2103 3787 2220 3828 τας*
2253 3767 2448 3821 τούτου
2481 3765 2537 3822 δὲ
2583 3767 2815 3843 τάχιστα
2870 3767 3333 3847 προσληφθέντος,
3384 3771 3619 3827 ἐπιπολὺ
3659 3773 3765 3828 πά-

2105 3855 2191 3911 λιν
2254 3855 2656 3932 ῥᾳθυμηθεῖσάν
2697 3879 2756 3912 τε
2815 3859 2905 3913 καὶ
2955 3861 3443 3935 χερσομανήσασαν
3493 3861 3543 3932 ἐξ
3594 3862 3760 3939 ἀναρ-

2103 3945 2230 4020 χίας
2255 3964 2266 3976 ·
2300 3951 2516 4021 πρῶτον
2556 3947 2648 4020 μὶν
2676 3949 2744 4002 τὰ
2769 3945 2879 4018 ἤθη
2911 3953 3019 4002 τῶν
3067 3949 3366 4021 ἀνθρώπων
3402 3949 3463 4004 οὗ
3496 3950 3758 4026 χαλεπῶς

2104 4034 2417 4110 ἰξημὲρωσε
2465 4034 2656 4112 λόγοις
2712 4058 2771 4092 τε
2827 4044 3196 4110 ποιμαντικῆς
3248 4040 3362 4111 (53)
3419 4037 3754 4113 ἐπιστήμης,

2101 4125 2191 4178 καὶ
2222 4129 2301 4196 τῷ
2353 4127 2633 4200 προθεῖναι
2666 4128 2778 4198 (54)
2807 4127 2976 4181 τύπον
3013 4127 3223 4194 ἑαυτὸν,
3258 4125 3438 4203 ὣσπερ
3470 4127 3757 4205 ἀνδριάντα

2101 4217 2486 4287 πνευματικὸν,
2538 4216 2616 4277 είς
2658 4214 2868 4278 κάλλος
2919 4216 3270 4290 ἀπεξεσμὲνον
3317 4219 3495 4290 πάσης
3533 4219 3758 4295 ἀρίστης

2100 4303 2366 4386 πράξεως.
2418 4309 2644 4358 Ἔπειτα
2684 4311 2801 4368 τοῖς
2850 4305 3014 4367 θείοις
3063 4305 3254 4380 λόγοις
3287 4306 3552 4369 συντόνως
3587 4307 3756 4382 ἐμμε-

2101 4390 2355 4462 λετήσας,
2423 4393 2614 4466 καίπερ
2674 4393 2950 4467 ὀψιμαθὴς
3012 4400 3118 4450 τῶν
3153 4397 3415 4451 τοιούτων
3442 4399 3745 4473 τυγχάνων,

2097 4480 2365 4551 τοσαύτην
2423 4481 2571 4544 ἐντὸς
2629 4481 2818 4559 ὀλίγου
2903 4483 3106 4560 χρόνου
3165 4485 3353 4563 σοφίαν
3413 4485 3747 4556 συνελέξατο,

2100 4567 2239 4625 ὣστε
2275 4572 2342 4625 τά
2388 4592 2446 4626 τε
2477 4568 2624 4626 ἄλλα
2658 4570 2890 4645 μηδενὸς
2927 4572 3203 4628 λείπεσθαι
3233 4578 3340 4629 τῶν
3376 4572 3462 4627 ἐπὶ
3494 4571 3751 4629 πλεῖστον

2097 4660 2513 4733 πεπονηκότων,
2545 4662 2635 4716 καὶ
2667 4664 2829 4739 χάριν
2883 4661 2942 4717 ἐκ
2971 4668 3105 4719 Θεοῦ
3163 4663 3366 4733 ταύτην
3396 4658 3582 4718 λαϐεῖν
3615 4663 3755 4735 ἐξαίο

2101 4770 2276 4828 ρετον,
2347 4749 2658 4825 ὀρθονοξίας
2719 4752 2965 4828 γενέσθαι
3011 4754 3192 4828 πατὴρ
3244 4753 3334 4806 καὶ
3385 4750 3752 4816 διδάσκαλοςο

2091 5063 2283 5116 mone,
2317 5055 2418 5141 mn
2459 5057 2626 5141 pun,
2672 5071 2698 5141 α
2750 5051 3018 5141 ἀερεεῖῐὶο
3063 5050 3244 5106 venti.
3276 5070 3310 5141 3»
3343 5049 3518 5141 _Unde
3548 5047 3745 5105 Schol.

2086 5154 2190 5210 pro
2223 5133 2535 5210 προαίρεσις
2568 5135 2894 5209 πνεύματος,
2927 5139 3122 5207 habet,
3153 5137 3297 5210 νομή
3333 5135 3560 5203 ἀνέμου,
3590 5161 3618 5188 ‹‹
3652 5138 3747 5193 dé-

2085 5209 2546 5283 pastio_ven_ti,_»
2581 5217 2644 5264 ut
2674 5213 2827 5283 apud
2872 5213 3476 5283 Hebraeos.Ca3terum
3525 5214 3740 5281 Grego-

2085 5283 2213 5363 rius
2237 5281 2330 5363 hic
2363 5281 3040 5363 nihil_aliud‘in_tellex_it,
3063 5282 3188 5363 _nisi
3245 5282 3396 5363 «λιιοά
3438 5297 3738 5363 expresse-

2083 5359 2222 5408 runt
2254 5353 2764 5422 interpretes,cum
2797 5357 2916 5410 haec
2950 5355 3134 5412 Eccle.
3169 5372 3207 5423 ι,
3239 5355 3329 5418 47,
3356 5354 3531 5408 verba
3560 5353 3739 5408 inter-

2082 5425 2292 5498 pretati
2327 5430 2486 5493 sunt,
2521 5443 2730 5498 nempe
2763 5427 3107 5498 Gregorium
3139 5430 3367 5497 patrem
3400 5441 3505 5479 nec
3528 5424 3733 5498 praeci-

2082 5496 2184 5570 piti
2216 5500 2398 5578 motu,
2434 5514 2536 5552 nec
2558 5496 2716 5553 inani
2749 5496 2936 5572 gloria
2965 5496 3232 5565 ductum,
3256 5498 3326 5553 ad
3343 5496 3732 5552 sacerdotium

2082 5584 2423 5625 aCCBSSISSB.

2152 5641 2268 5709 (53)
2301 5643 2694 5709 Ποιμαντικῆς.
2736 5641 2830 5697 Sic
2862 5641 3043 5714 Regg.
3089 5659 3142 5710 a,
3194 5642 3315 5707 bm,
3351 5643 3466 5695 etc.
3519 5640 3584 5694 In
3615 5638 3733 5706 ed.,

2077 5731 2171 5765 ποι
2182 5715 2481 5781 μαντικοῖς.

2150 5784 2264 5855 (54)
2294 5786 2604 5858 Προθεῖναι.
2639 5783 2780 5858 Reg.
2813 5785 2935 5855 bm,
2967 5784 3302 5861 προσθεῖναι.
